  <div class='ocr_page' id='page_1' title='image "/cluster/home/n/w/nwhite01/storage/ocr_20150623/49:no.2:pt.1/coo.31924054869486/075.png"; bbox 0 0 3998 6424; ppageno 0'>
   <div class='ocr_carea' id='block_1_1' title="bbox 384 319 3826 385">
    <p class='ocr_par' dir='ltr' id='par_1_1' title="bbox 384 319 3826 385">
     <span class='ocr_line' id='line_1_1' title="bbox 384 319 3826 385; baseline -0.003 -1"><span class='ocrx_word' id='word_1_1' title='bbox 384 329 453 384; x_wconf 79' lang='lat'>73</span> <span class='ocrx_word' id='word_1_2' title='bbox 1172 329 1228 381; x_wconf 87' lang='lat' dir='ltr'>S.</span> <span class='ocrx_word' id='word_1_3' title='bbox 1269 320 1554 382; x_wconf 72' lang='lat' dir='ltr'>JU.\NN|S</span> <span class='ocrx_word' id='word_1_4' title='bbox 1589 325 2089 385; x_wconf 72' lang='lat' dir='ltr'>CIIRYSOSTOMI</span> <span class='ocrx_word' id='word_1_5' title='bbox 2128 323 2450 384; x_wconf 75' lang='lat' dir='ltr'>ARCH&#39;IEP.</span> <span class='ocrx_word' id='word_1_6' title='bbox 2492 319 3044 381; x_wconf 56' lang='lat' dir='ltr'>CON&#39;STANTINOP.</span> <span class='ocrx_word' id='word_1_7' title='bbox 3768 322 3826 374; x_wconf 64' lang='grc' dir='ltr'>τί</span> 
     </span>
    </p>
   </div>
   <div class='ocr_carea' id='block_1_2' title="bbox 381 441 2059 514">
    <p class='ocr_par' dir='ltr' id='par_1_2' title="bbox 381 441 2059 514">
     <span class='ocr_line' id='line_1_2' title="bbox 381 441 2059 514; baseline 0.001 -18"><span class='ocrx_word' id='word_1_8' title='bbox 381 441 630 513; x_wconf 66' lang='grc' dir='ltr'>ἠδύνατο.</span> <span class='ocrx_word' id='word_1_9' title='bbox 685 442 798 496; x_wconf 70' lang='grc' dir='ltr'>’Καὶ</span> <span class='ocrx_word' id='word_1_10' title='bbox 837 441 995 496; x_wconf 79' lang='grc' dir='ltr'>τοῦτο</span> <span class='ocrx_word' id='word_1_11' title='bbox 1037 442 1100 495; x_wconf 82' lang='grc' dir='ltr'>οὐ</span> <span class='ocrx_word' id='word_1_12' title='bbox 1151 442 1433 514; x_wconf 74' lang='grc' dir='ltr'>πόρρωθέν</span> <span class='ocrx_word' id='word_1_13' title='bbox 1470 443 1655 508; x_wconf 86' lang='grc' dir='ltr'>ποθεν,</span> <span class='ocrx_word' id='word_1_14' title='bbox 1697 445 1814 498; x_wconf 91' lang='grc' dir='ltr'>ἀλλ’</span> <span class='ocrx_word' id='word_1_15' title='bbox 1849 443 2059 498; x_wconf 81' lang='grc' dir='ltr'>οἴκοθεν</span> 
     </span>
    </p>
   </div>
   <div class='ocr_carea' id='block_1_3' title="bbox 379 529 2060 604">
    <p class='ocr_par' dir='ltr' id='par_1_3' title="bbox 379 529 2060 604">
     <span class='ocr_line' id='line_1_3' title="bbox 379 529 2060 604; baseline 0.002 -22"><span class='ocrx_word' id='word_1_16' title='bbox 379 530 474 582; x_wconf 71' lang='grc' dir='ltr'>καὶ</span> <span class='ocrx_word' id='word_1_17' title='bbox 517 530 574 593; x_wconf 77' lang='grc' dir='ltr'>ἐξ</span> <span class='ocrx_word' id='word_1_18' title='bbox 604 529 784 583; x_wconf 79' lang='grc' dir='ltr'>αὐτῶν</span> <span class='ocrx_word' id='word_1_19' title='bbox 818 531 926 583; x_wconf 87' lang='grc' dir='ltr'>τῶν</span> <span class='ocrx_word' id='word_1_20' title='bbox 971 531 1396 600; x_wconf 86' lang='grc' dir='ltr'>συμϐεϐηκότων</span> <span class='ocrx_word' id='word_1_21' title='bbox 1426 533 1556 602; x_wconf 79' lang='grc' dir='ltr'>ἡμῖν</span> <span class='ocrx_word' id='word_1_22' title='bbox 1584 535 1642 586; x_wconf 89' lang='grc' dir='ltr'>ἐν</span> <span class='ocrx_word' id='word_1_23' title='bbox 1679 533 1796 597; x_wconf 85' lang='grc' dir='ltr'>ταῖς</span> <span class='ocrx_word' id='word_1_24' title='bbox 1823 534 2060 604; x_wconf 82' lang='grc' dir='ltr'>ήμέραις</span> 
     </span>
    </p>
   </div>
   <div class='ocr_carea' id='block_1_4' title="bbox 376 619 2065 694">
    <p class='ocr_par' dir='ltr' id='par_1_4' title="bbox 376 619 2065 694">
     <span class='ocr_line' id='line_1_4' title="bbox 376 619 2065 694; baseline 0.004 -25"><span class='ocrx_word' id='word_1_25' title='bbox 376 619 604 682; x_wconf 85' lang='grc' dir='ltr'>ταύταις</span> <span class='ocrx_word' id='word_1_26' title='bbox 635 621 966 691; x_wconf 77' lang='grc' dir='ltr'>πειράσομαι</span> <span class='ocrx_word' id='word_1_27' title='bbox 994 620 1217 690; x_wconf 88' lang='grc' dir='ltr'>ποιῆσαι</span> <span class='ocrx_word' id='word_1_28' title='bbox 1248 621 1502 693; x_wconf 81' lang='grc' dir='ltr'>φανερόν.</span> <span class='ocrx_word' id='word_1_29' title='bbox 1548 621 1764 692; x_wconf 76' lang='grc' dir='ltr'>Ἐπειδὴ</span> <span class='ocrx_word' id='word_1_30' title='bbox 1798 622 1906 693; x_wconf 84' lang='grc' dir='ltr'>γὰρ</span> <span class='ocrx_word' id='word_1_31' title='bbox 1932 619 2065 694; x_wconf 81' lang='grc' dir='ltr'>ἦλθε</span> 
     </span>
    </p>
   </div>
   <div class='ocr_carea' id='block_1_5' title="bbox 379 707 2066 782">
    <p class='ocr_par' dir='ltr' id='par_1_5' title="bbox 379 707 2066 782">
     <span class='ocr_line' id='line_1_5' title="bbox 379 707 2066 782; baseline 0.002 -24"><span class='ocrx_word' id='word_1_32' title='bbox 379 707 529 777; x_wconf 70' lang='grc' dir='ltr'>παρὰ</span> <span class='ocrx_word' id='word_1_33' title='bbox 568 707 833 778; x_wconf 83' lang='grc' dir='ltr'>βασιλέως</span> <span class='ocrx_word' id='word_1_34' title='bbox 866 709 932 761; x_wconf 74' lang='grc' dir='ltr'>τὰ</span> <span class='ocrx_word' id='word_1_35' title='bbox 960 709 1263 778; x_wconf 82' lang='grc' dir='ltr'>γράμματα</span> <span class='ocrx_word' id='word_1_36' title='bbox 1296 709 1394 779; x_wconf 81' lang='grc' dir='ltr'>τὴν</span> <span class='ocrx_word' id='word_1_37' title='bbox 1438 709 1698 782; x_wconf 81' lang='grc' dir='ltr'>εἰσφορὰν</span> <span class='ocrx_word' id='word_1_38' title='bbox 1728 708 1933 780; x_wconf 88' lang='grc' dir='ltr'>ταύτην</span> <span class='ocrx_word' id='word_1_39' title='bbox 1967 710 2066 780; x_wconf 73' lang='grc' dir='ltr'>τὴν</span> 
     </span>
    </p>
   </div>
   <div class='ocr_carea' id='block_1_6' title="bbox 376 791 2065 865">
    <p class='ocr_par' dir='ltr' id='par_1_6' title="bbox 376 791 2065 865">
     <span class='ocr_line' id='line_1_6' title="bbox 376 791 2065 865; baseline 0.002 -21"><span class='ocrx_word' id='word_1_40' title='bbox 376 793 652 865; x_wconf 74' lang='grc' dir='ltr'>ἀφόρητον</span> <span class='ocrx_word' id='word_1_41' title='bbox 693 791 832 847; x_wconf 87' lang='grc' dir='ltr'>εἶναι</span> <span class='ocrx_word' id='word_1_42' title='bbox 871 793 1134 848; x_wconf 84' lang='grc' dir='ltr'>δοκοῦσαν</span> <span class='ocrx_word' id='word_1_43' title='bbox 1169 796 1458 850; x_wconf 77' lang='grc' dir='ltr'>κελεύοντα</span> <span class='ocrx_word' id='word_1_44' title='bbox 1492 795 1829 860; x_wconf 76' lang='grc' dir='ltr'>καταθεῖναι,</span> <span class='ocrx_word' id='word_1_45' title='bbox 1866 796 2065 860; x_wconf 76' lang='grc' dir='ltr'>πάντες</span> 
     </span>
    </p>
   </div>
   <div class='ocr_carea' id='block_1_7' title="bbox 377 880 2064 956">
    <p class='ocr_par' dir='ltr' id='par_1_7' title="bbox 377 880 2064 956">
     <span class='ocr_line' id='line_1_7' title="bbox 377 880 2064 956; baseline 0.004 -25"><span class='ocrx_word' id='word_1_46' title='bbox 377 880 722 945; x_wconf 75' lang='grc' dir='ltr'>ἐστασίαζον,</span> <span class='ocrx_word' id='word_1_47' title='bbox 753 880 954 945; x_wconf 90' lang='grc' dir='ltr'>πάντες</span> <span class='ocrx_word' id='word_1_48' title='bbox 993 883 1382 952; x_wconf 73' lang='grc' dir='ltr'>ἐφιλονείκουν,</span> <span class='ocrx_word' id='word_1_49' title='bbox 1426 884 1828 956; x_wconf 84' lang='grc' dir='ltr'>ἐδυσχέραινον,</span> <span class='ocrx_word' id='word_1_50' title='bbox 1857 885 2064 954; x_wconf 75' lang='grc' dir='ltr'>ἠγανά-</span> 
     </span>
    </p>
   </div>
   <div class='ocr_carea' id='block_1_8' title="bbox 376 968 2062 1040">
    <p class='ocr_par' dir='ltr' id='par_1_8' title="bbox 376 968 2062 1040">
     <span class='ocr_line' id='line_1_8' title="bbox 376 968 2062 1040; baseline 0.003 -21"><span class='ocrx_word' id='word_1_51' title='bbox 376 983 557 1032; x_wconf 88' lang='grc' dir='ltr'>κτουν,</span> <span class='ocrx_word' id='word_1_52' title='bbox 616 969 755 1039; x_wconf 82' lang='grc' dir='ltr'>πρὸς</span> <span class='ocrx_word' id='word_1_53' title='bbox 785 968 1050 1040; x_wconf 78' lang='grc' dir='ltr'>ἀλλήλους</span> <span class='ocrx_word' id='word_1_54' title='bbox 1104 972 1452 1036; x_wconf 87' lang='grc' dir='ltr'>ἀπαντῶντες</span> <span class='ocrx_word' id='word_1_55' title='bbox 1506 973 1724 1040; x_wconf 78' lang='grc' dir='ltr'>ἔλεγον·</span> <span class='ocrx_word' id='word_1_56' title='bbox 1803 971 2062 1035; x_wconf 81' lang='grc' dir='ltr'>Ἀϐίωτος</span> 
     </span>
    </p>
   </div>
   <div class='ocr_carea' id='block_1_9' title="bbox 375 1055 2061 1130">
    <p class='ocr_par' dir='ltr' id='par_1_9' title="bbox 375 1055 2061 1130">
     <span class='ocr_line' id='line_1_9' title="bbox 375 1055 2061 1130; baseline 0.004 -24"><span class='ocrx_word' id='word_1_57' title='bbox 375 1056 506 1124; x_wconf 76' lang='grc' dir='ltr'>ἡμῖν</span> <span class='ocrx_word' id='word_1_58' title='bbox 535 1066 560 1094; x_wconf 78' lang='grc' dir='ltr'>ι</span> <span class='ocrx_word' id='word_1_59' title='bbox 593 1057 621 1109; x_wconf 98' lang='lat'>6</span> <span class='ocrx_word' id='word_1_60' title='bbox 655 1055 792 1125; x_wconf 89' lang='grc' dir='ltr'>βίος,</span> <span class='ocrx_word' id='word_1_61' title='bbox 832 1057 1114 1128; x_wconf 78' lang='grc' dir='ltr'>ἀνετράπη</span> <span class='ocrx_word' id='word_1_62' title='bbox 1155 1060 1187 1129; x_wconf 86' lang='grc' dir='ltr'>ἠ</span> <span class='ocrx_word' id='word_1_63' title='bbox 1227 1058 1399 1122; x_wconf 84' lang='grc' dir='ltr'>πόλις,</span> <span class='ocrx_word' id='word_1_64' title='bbox 1439 1059 1616 1124; x_wconf 75' lang='grc' dir='ltr'>οὐδεὶς</span> <span class='ocrx_word' id='word_1_65' title='bbox 1637 1061 1932 1130; x_wconf 74' lang='grc' dir='ltr'>ὑποστῆναι</span> <span class='ocrx_word' id='word_1_66' title='bbox 1969 1059 2061 1112; x_wconf 84' lang='grc' dir='ltr'>δυ-</span> 
     </span>
    </p>
   </div>
   <div class='ocr_carea' id='block_1_10' title="bbox 373 1143 2062 1216">
    <p class='ocr_par' dir='ltr' id='par_1_10' title="bbox 373 1143 2062 1216">
     <span class='ocr_line' id='line_1_10' title="bbox 373 1143 2062 1216; baseline 0.003 -23"><span class='ocrx_word' id='word_1_67' title='bbox 373 1147 592 1212; x_wconf 76' lang='grc' dir='ltr'>νήσεται</span> <span class='ocrx_word' id='word_1_68' title='bbox 618 1143 722 1214; x_wconf 83' lang='grc' dir='ltr'>τῆς</span> <span class='ocrx_word' id='word_1_69' title='bbox 750 1147 1011 1214; x_wconf 72' lang='grc' dir='ltr'>εἰσφορᾶς</span> <span class='ocrx_word' id='word_1_70' title='bbox 1038 1145 1243 1215; x_wconf 86' lang='grc' dir='ltr'>ταύτης</span> <span class='ocrx_word' id='word_1_71' title='bbox 1280 1146 1341 1198; x_wconf 85' lang='grc' dir='ltr'>τὸ</span> <span class='ocrx_word' id='word_1_72' title='bbox 1372 1146 1632 1216; x_wconf 86' lang='grc' dir='ltr'>μέγεθος·</span> <span class='ocrx_word' id='word_1_73' title='bbox 1667 1147 1764 1200; x_wconf 77' lang='grc' dir='ltr'>καὶ</span> <span class='ocrx_word' id='word_1_74' title='bbox 1794 1145 2062 1216; x_wconf 74' lang='grc' dir='ltr'>ἤσχαλλον</span> 
     </span>
    </p>
   </div>
   <div class='ocr_carea' id='block_1_11' title="bbox 372 1226 2058 1302">
    <p class='ocr_par' dir='ltr' id='par_1_11' title="bbox 372 1226 2058 1302">
     <span class='ocr_line' id='line_1_11' title="bbox 372 1226 2058 1302; baseline 0.005 -24"><span class='ocrx_word' id='word_1_75' title='bbox 372 1226 576 1292; x_wconf 85' lang='grc' dir='ltr'>πάντες</span> <span class='ocrx_word' id='word_1_76' title='bbox 627 1229 704 1294; x_wconf 86' lang='grc' dir='ltr'>ὡς</span> <span class='ocrx_word' id='word_1_77' title='bbox 749 1231 878 1302; x_wconf 76' lang='grc' dir='ltr'>περὶ</span> <span class='ocrx_word' id='word_1_78' title='bbox 941 1231 1051 1284; x_wconf 92' lang='grc' dir='ltr'>τῶν</span> <span class='ocrx_word' id='word_1_79' title='bbox 1102 1232 1346 1302; x_wconf 83' lang='grc' dir='ltr'>ἐσχάτων</span> <span class='ocrx_word' id='word_1_80' title='bbox 1401 1233 1582 1286; x_wconf 75' lang='grc' dir='ltr'>αὐτῶν</span> <span class='ocrx_word' id='word_1_81' title='bbox 1635 1234 2058 1296; x_wconf 77' lang='grc' dir='ltr'>κινδυνεύοντες.</span> 
     </span>
    </p>
   </div>
   <div class='ocr_carea' id='block_1_12' title="bbox 374 1313 2061 1393">
    <p class='ocr_par' dir='ltr' id='par_1_12' title="bbox 374 1313 2061 1393">
     <span class='ocr_line' id='line_1_12' title="bbox 374 1313 2061 1393; baseline 0.005 -26"><span class='ocrx_word' id='word_1_82' title='bbox 374 1313 525 1368; x_wconf 80' lang='grc' dir='ltr'>Μετὰ</span> <span class='ocrx_word' id='word_1_83' title='bbox 576 1316 774 1381; x_wconf 85' lang='grc' dir='ltr'>ταῦτα,</span> <span class='ocrx_word' id='word_1_84' title='bbox 819 1319 1006 1389; x_wconf 79' lang='grc' dir='ltr'>ἐπειδὴ</span> <span class='ocrx_word' id='word_1_85' title='bbox 1042 1320 1240 1393; x_wconf 87' lang='grc' dir='ltr'>συνέϐη</span> <span class='ocrx_word' id='word_1_86' title='bbox 1285 1320 1352 1373; x_wconf 77' lang='grc' dir='ltr'>τὰ</span> <span class='ocrx_word' id='word_1_87' title='bbox 1392 1320 1752 1392; x_wconf 80' lang='grc' dir='ltr'>τολμηθέντα,</span> <span class='ocrx_word' id='word_1_88' title='bbox 1789 1322 1883 1375; x_wconf 87' lang='grc' dir='ltr'>καί</span> <span class='ocrx_word' id='word_1_89' title='bbox 1915 1338 2061 1385; x_wconf 81' lang='grc' dir='ltr'>τινες</span> 
     </span>
    </p>
   </div>
   <div class='ocr_carea' id='block_1_13' title="bbox 376 1405 2057 1480">
    <p class='ocr_par' dir='ltr' id='par_1_13' title="bbox 376 1405 2057 1480">
     <span class='ocr_line' id='line_1_13' title="bbox 376 1405 2057 1480; baseline 0.005 -25"><span class='ocrx_word' id='word_1_90' title='bbox 376 1405 567 1474; x_wconf 81' lang='grc' dir='ltr'>μιαροὶ</span> <span class='ocrx_word' id='word_1_91' title='bbox 610 1405 708 1456; x_wconf 70' lang='grc' dir='ltr'>καὶ</span> <span class='ocrx_word' id='word_1_92' title='bbox 762 1407 1074 1476; x_wconf 87' lang='grc' dir='ltr'>παμμίαροι</span> <span class='ocrx_word' id='word_1_93' title='bbox 1123 1409 1247 1471; x_wconf 82' lang='grc' dir='ltr'>τοὺς</span> <span class='ocrx_word' id='word_1_94' title='bbox 1299 1409 1496 1480; x_wconf 87' lang='grc' dir='ltr'>νόμους</span> <span class='ocrx_word' id='word_1_95' title='bbox 1550 1412 2057 1480; x_wconf 85' lang='grc' dir='ltr'>καταπατήσαντες,</span> 
     </span>
    </p>
   </div>
   <div class='ocr_carea' id='block_1_14' title="bbox 371 1483 2059 1569">
    <p class='ocr_par' dir='ltr' id='par_1_14' title="bbox 371 1483 2059 1569">
     <span class='ocr_line' id='line_1_14' title="bbox 371 1483 2059 1569; baseline 0.006 -27"><span class='ocrx_word' id='word_1_96' title='bbox 371 1492 499 1554; x_wconf 77' lang='grc' dir='ltr'>τοὺς</span> <span class='ocrx_word' id='word_1_97' title='bbox 542 1491 870 1563; x_wconf 83' lang='grc' dir='ltr'>ἀνδριάντας</span> <span class='ocrx_word' id='word_1_98' title='bbox 915 1495 1185 1561; x_wconf 81' lang='grc' dir='ltr'>καθεῖλον,</span> <span class='ocrx_word' id='word_1_99' title='bbox 1217 1498 1311 1550; x_wconf 78' lang='grc' dir='ltr'>καὶ</span> <span class='ocrx_word' id='word_1_100' title='bbox 1365 1483 1458 1550; x_wconf 83' lang='lat' dir='ltr'><em>16v</em></span> <span class='ocrx_word' id='word_1_101' title='bbox 1493 1498 1622 1569; x_wconf 78' lang='grc' dir='ltr'>περὶ</span> <span class='ocrx_word' id='word_1_102' title='bbox 1659 1499 1768 1551; x_wconf 87' lang='grc' dir='ltr'>τῶν</span> <span class='ocrx_word' id='word_1_103' title='bbox 1815 1499 2059 1568; x_wconf 74' lang='grc' dir='ltr'>ἐσχάτων</span> 
     </span>
    </p>
   </div>
   <div class='ocr_carea' id='block_1_15' title="bbox 372 1579 2059 1656">
    <p class='ocr_par' dir='ltr' id='par_1_15' title="bbox 372 1579 2059 1656">
     <span class='ocr_line' id='line_1_15' title="bbox 372 1579 2059 1656; baseline 0.007 -26"><span class='ocrx_word' id='word_1_104' title='bbox 372 1579 540 1631; x_wconf 74' lang='grc' dir='ltr'>πᾶσιν</span> <span class='ocrx_word' id='word_1_105' title='bbox 585 1581 977 1652; x_wconf 85' lang='grc' dir='ltr'>ἐπεκρέμασαν</span> <span class='ocrx_word' id='word_1_106' title='bbox 1013 1583 1277 1645; x_wconf 87' lang='grc' dir='ltr'>κίνδυνον,</span> <span class='ocrx_word' id='word_1_107' title='bbox 1340 1585 1434 1638; x_wconf 73' lang='grc' dir='ltr'>καὶ</span> <span class='ocrx_word' id='word_1_108' title='bbox 1483 1585 1578 1638; x_wconf 78' lang='grc' dir='ltr'>νῦν</span> <span class='ocrx_word' id='word_1_109' title='bbox 1626 1587 1757 1656; x_wconf 76' lang='grc' dir='ltr'>περὶ</span> <span class='ocrx_word' id='word_1_110' title='bbox 1786 1585 1888 1655; x_wconf 78' lang='grc' dir='ltr'>τῆς</span> <span class='ocrx_word' id='word_1_111' title='bbox 1912 1587 2059 1656; x_wconf 81' lang='grc' dir='ltr'>ζωῆς</span> 
     </span>
    </p>
   </div>
   <div class='ocr_carea' id='block_1_16' title="bbox 370 1662 2057 1743">
    <p class='ocr_par' dir='ltr' id='par_1_16' title="bbox 370 1662 2057 1743">
     <span class='ocr_line' id='line_1_16' title="bbox 370 1662 2057 1743; baseline 0.008 -29"><span class='ocrx_word' id='word_1_112' title='bbox 370 1662 546 1733; x_wconf 84' lang='grc' dir='ltr'>αὐτῆς</span> <span class='ocrx_word' id='word_1_113' title='bbox 580 1665 903 1737; x_wconf 75' lang='grc' dir='ltr'>δεδοίκαμεν</span> <span class='ocrx_word' id='word_1_114' title='bbox 957 1669 1363 1740; x_wconf 78' lang='grc' dir='ltr'>παροξύναντες</span> <span class='ocrx_word' id='word_1_115' title='bbox 1408 1671 1501 1724; x_wconf 82' lang='grc' dir='ltr'>τὸν</span> <span class='ocrx_word' id='word_1_116' title='bbox 1536 1672 1763 1743; x_wconf 82' lang='grc' dir='ltr'>βασιλέα</span> <span class='ocrx_word' id='word_1_117' title='bbox 1787 1692 1800 1705; x_wconf 87' lang='grc'>·</span> <span class='ocrx_word' id='word_1_118' title='bbox 1841 1674 1943 1728; x_wconf 84' lang='grc' dir='ltr'>οὐκ</span> <span class='ocrx_word' id='word_1_119' title='bbox 1976 1675 2057 1728; x_wconf 80' lang='grc' dir='ltr'>ἐτι</span> 
     </span>
    </p>
   </div>
   <div class='ocr_carea' id='block_1_17' title="bbox 369 1749 2056 1832">
    <p class='ocr_par' dir='ltr' id='par_1_17' title="bbox 369 1749 2056 1832">
     <span class='ocr_line' id='line_1_17' title="bbox 369 1749 2056 1832; baseline 0.009 -32"><span class='ocrx_word' id='word_1_120' title='bbox 369 1749 557 1803; x_wconf 80' lang='grc' dir='ltr'>λοιπὸν</span> <span class='ocrx_word' id='word_1_121' title='bbox 587 1754 733 1823; x_wconf 81' lang='grc' dir='ltr'>ἡμᾶς</span> <span class='ocrx_word' id='word_1_122' title='bbox 767 1755 800 1823; x_wconf 81' lang='grc' dir='ltr'>ἡ</span> <span class='ocrx_word' id='word_1_123' title='bbox 831 1755 941 1807; x_wconf 91' lang='grc' dir='ltr'>τῶν</span> <span class='ocrx_word' id='word_1_124' title='bbox 965 1758 1266 1828; x_wconf 84' lang='grc' dir='ltr'>χρημάτων</span> <span class='ocrx_word' id='word_1_125' title='bbox 1297 1758 1483 1813; x_wconf 77' lang='grc' dir='ltr'>δάκνει</span> <span class='ocrx_word' id='word_1_126' title='bbox 1514 1759 1708 1831; x_wconf 74' lang='grc' dir='ltr'>ζημία.</span> <span class='ocrx_word' id='word_1_127' title='bbox 1753 1761 1866 1815; x_wconf 85' lang='grc' dir='ltr'>ἀλλ’</span> <span class='ocrx_word' id='word_1_128' title='bbox 1891 1762 2056 1832; x_wconf 75' lang='grc' dir='ltr'>ἕτερα</span> 
     </span>
    </p>
   </div>
   <div class='ocr_carea' id='block_1_18' title="bbox 367 1836 2056 1918">
    <p class='ocr_par' dir='ltr' id='par_1_18' title="bbox 367 1836 2056 1918">
     <span class='ocr_line' id='line_1_18' title="bbox 367 1836 2056 1918; baseline 0.009 -31"><span class='ocrx_word' id='word_1_129' title='bbox 367 1836 482 1888; x_wconf 84' lang='grc' dir='ltr'>ἀντ’</span> <span class='ocrx_word' id='word_1_130' title='bbox 507 1837 731 1892; x_wconf 79' lang='grc' dir='ltr'>ἐκείνων</span> <span class='ocrx_word' id='word_1_131' title='bbox 746 1838 860 1912; x_wconf 79' lang='grc'>[64]</span> <span class='ocrx_word' id='word_1_132' title='bbox 898 1843 1115 1898; x_wconf 88' lang='grc' dir='ltr'>πάντων</span> <span class='ocrx_word' id='word_1_133' title='bbox 1148 1846 1330 1899; x_wconf 85' lang='grc' dir='ltr'>ἀκούω</span> <span class='ocrx_word' id='word_1_134' title='bbox 1363 1847 1628 1916; x_wconf 86' lang='grc' dir='ltr'>λεγόντων</span> <span class='ocrx_word' id='word_1_135' title='bbox 1649 1850 1664 1866; x_wconf 89' lang='grc'><strong>⁹</strong></span> <span class='ocrx_word' id='word_1_136' title='bbox 1698 1842 1924 1902; x_wconf 84' lang='grc' dir='ltr'>Λαϐέτω</span> <span class='ocrx_word' id='word_1_137' title='bbox 1956 1849 2056 1918; x_wconf 70' lang='grc' dir='ltr'>τὴν</span> 
     </span>
    </p>
   </div>
   <div class='ocr_carea' id='block_1_19' title="bbox 365 1923 2054 2007">
    <p class='ocr_par' dir='ltr' id='par_1_19' title="bbox 365 1923 2054 2007">
     <span class='ocr_line' id='line_1_19' title="bbox 365 1923 2054 2007; baseline 0.009 -33"><span class='ocrx_word' id='word_1_138' title='bbox 365 1923 560 1978; x_wconf 84' lang='grc' dir='ltr'>οὐσίαν</span> <span class='ocrx_word' id='word_1_139' title='bbox 597 1929 624 1978; x_wconf 87' lang='grc' dir='ltr'>ὁ</span> <span class='ocrx_word' id='word_1_140' title='bbox 668 1925 942 1996; x_wconf 82' lang='grc' dir='ltr'>βασιλεὺς,</span> <span class='ocrx_word' id='word_1_141' title='bbox 980 1931 1401 2005; x_wconf 85' lang='grc' dir='ltr'>ἀποστησόμεθα</span> <span class='ocrx_word' id='word_1_142' title='bbox 1451 1937 1546 1989; x_wconf 74' lang='grc' dir='ltr'>καὶ</span> <span class='ocrx_word' id='word_1_143' title='bbox 1590 1937 1702 1988; x_wconf 90' lang='grc' dir='ltr'>τῶν</span> <span class='ocrx_word' id='word_1_144' title='bbox 1741 1936 1928 2007; x_wconf 84' lang='grc' dir='ltr'>ἀγρῶν</span> <span class='ocrx_word' id='word_1_145' title='bbox 1963 1938 2054 1989; x_wconf 82' lang='grc' dir='ltr'>καὶ</span> 
     </span>
    </p>
   </div>
   <div class='ocr_carea' id='block_1_20' title="bbox 366 2007 2054 2092">
    <p class='ocr_par' dir='ltr' id='par_1_20' title="bbox 366 2007 2054 2092">
     <span class='ocr_line' id='line_1_20' title="bbox 366 2007 2054 2092; baseline 0.009 -34"><span class='ocrx_word' id='word_1_146' title='bbox 366 2007 478 2060; x_wconf 88' lang='grc' dir='ltr'>τῶν</span> <span class='ocrx_word' id='word_1_147' title='bbox 515 2010 712 2065; x_wconf 74' lang='grc' dir='ltr'>οὐσιῶν</span> <span class='ocrx_word' id='word_1_148' title='bbox 745 2013 770 2051; x_wconf 71' lang='grc' dir='ltr'>ιι</span> <span class='ocrx_word' id='word_1_149' title='bbox 809 2014 1134 2086; x_wconf 81' lang='grc' dir='ltr'>ἀγαπητῶς,</span> <span class='ocrx_word' id='word_1_150' title='bbox 1165 2020 1325 2088; x_wconf 88' lang='grc' dir='ltr'>μόνον</span> <span class='ocrx_word' id='word_1_151' title='bbox 1354 2019 1421 2073; x_wconf 81' lang='grc' dir='ltr'>ἀν</span> <span class='ocrx_word' id='word_1_152' title='bbox 1467 2020 1528 2074; x_wconf 87' lang='lat'>16</span> <span class='ocrx_word' id='word_1_153' title='bbox 1558 2021 1718 2092; x_wconf 87' lang='grc' dir='ltr'>σῶμα</span> <span class='ocrx_word' id='word_1_154' title='bbox 1741 2023 1946 2090; x_wconf 86' lang='grc' dir='ltr'>γυμνόν</span> <span class='ocrx_word' id='word_1_155' title='bbox 1972 2039 2054 2087; x_wconf 88' lang='grc' dir='ltr'>τις</span> 
     </span>
    </p>
   </div>
   <div class='ocr_carea' id='block_1_21' title="bbox 366 2101 2054 2184">
    <p class='ocr_par' dir='ltr' id='par_1_21' title="bbox 366 2101 2054 2184">
     <span class='ocr_line' id='line_1_21' title="bbox 366 2101 2054 2184; baseline 0.008 -33"><span class='ocrx_word' id='word_1_156' title='bbox 366 2101 501 2169; x_wconf 79' lang='grc' dir='ltr'>ἡμῖν</span> <span class='ocrx_word' id='word_1_157' title='bbox 547 2102 852 2175; x_wconf 65' lang='grc' dir='ltr'>ὑπόσχηται</span> <span class='ocrx_word' id='word_1_158' title='bbox 903 2106 1211 2171; x_wconf 74' lang='grc' dir='ltr'>διασώζειν.</span> <span class='ocrx_word' id='word_1_159' title='bbox 1273 2111 1484 2182; x_wconf 86' lang='grc' dir='ltr'>Ὥσπερ</span> <span class='ocrx_word' id='word_1_160' title='bbox 1533 2107 1628 2164; x_wconf 81' lang='grc' dir='ltr'>οὖν</span> <span class='ocrx_word' id='word_1_161' title='bbox 1682 2113 1811 2182; x_wconf 79' lang='grc' dir='ltr'>πρὶν</span> <span class='ocrx_word' id='word_1_162' title='bbox 1874 2113 1907 2184; x_wconf 79' lang='grc' dir='ltr'><strong>ἢ</strong></span> <span class='ocrx_word' id='word_1_163' title='bbox 1961 2113 2054 2165; x_wconf 84' lang='grc' dir='ltr'>τὸν</span> 
     </span>
    </p>
   </div>
   <div class='ocr_carea' id='block_1_22' title="bbox 366 2189 2053 2273">
    <p class='ocr_par' dir='ltr' id='par_1_22' title="bbox 366 2189 2053 2273">
     <span class='ocr_line' id='line_1_22' title="bbox 366 2189 2053 2273; baseline 0.012 -33"><span class='ocrx_word' id='word_1_164' title='bbox 366 2189 461 2241; x_wconf 81' lang='grc' dir='ltr'>τοῦ</span> <span class='ocrx_word' id='word_1_165' title='bbox 493 2189 723 2245; x_wconf 87' lang='grc' dir='ltr'>θανάτου</span> <span class='ocrx_word' id='word_1_166' title='bbox 759 2193 924 2262; x_wconf 87' lang='grc' dir='ltr'>φόϐον</span> <span class='ocrx_word' id='word_1_167' title='bbox 952 2197 1082 2266; x_wconf 88' lang='grc' dir='ltr'>ήμῖν</span> <span class='ocrx_word' id='word_1_168' title='bbox 1115 2199 1425 2268; x_wconf 77' lang='grc' dir='ltr'>ἐπιστῆναι,</span> <span class='ocrx_word' id='word_1_169' title='bbox 1461 2201 1682 2255; x_wconf 73' lang='grc' dir='ltr'>ἔδακνεν</span> <span class='ocrx_word' id='word_1_170' title='bbox 1713 2205 1863 2273; x_wconf 74' lang='grc' dir='ltr'>ἡμᾶς</span> <span class='ocrx_word' id='word_1_171' title='bbox 1893 2205 1926 2273; x_wconf 80' lang='grc' dir='ltr'><strong>ἡ</strong></span> <span class='ocrx_word' id='word_1_172' title='bbox 1955 2205 2053 2273; x_wconf 76' lang='grc' dir='ltr'>ζη-</span> 
     </span>
    </p>
   </div>
   <div class='ocr_carea' id='block_1_23' title="bbox 369 2277 2053 2362">
    <p class='ocr_par' dir='ltr' id='par_1_23' title="bbox 369 2277 2053 2362">
     <span class='ocr_line' id='line_1_23' title="bbox 369 2277 2053 2362; baseline 0.01 -33"><span class='ocrx_word' id='word_1_173' title='bbox 369 2277 470 2346; x_wconf 88' lang='grc' dir='ltr'>μία</span> <span class='ocrx_word' id='word_1_174' title='bbox 507 2278 613 2332; x_wconf 87' lang='grc' dir='ltr'>τῶν</span> <span class='ocrx_word' id='word_1_175' title='bbox 652 2283 971 2352; x_wconf 85' lang='grc' dir='ltr'>χρημάτων,</span> <span class='ocrx_word' id='word_1_176' title='bbox 998 2285 1186 2358; x_wconf 84' lang='grc' dir='ltr'>ἐπειδὴ</span> <span class='ocrx_word' id='word_1_177' title='bbox 1230 2287 1288 2339; x_wconf 81' lang='grc' dir='ltr'>δὲ</span> <span class='ocrx_word' id='word_1_178' title='bbox 1316 2288 1590 2360; x_wconf 80' lang='grc' dir='ltr'>ἐτολμήθη</span> <span class='ocrx_word' id='word_1_179' title='bbox 1641 2290 1712 2343; x_wconf 77' lang='grc' dir='ltr'>τά</span> <span class='ocrx_word' id='word_1_180' title='bbox 1758 2293 2053 2362; x_wconf 85' lang='grc' dir='ltr'>παράνομα</span> 
     </span>
    </p>
   </div>
   <div class='ocr_carea' id='block_1_24' title="bbox 361 2365 2052 2451">
    <p class='ocr_par' dir='ltr' id='par_1_24' title="bbox 361 2365 2052 2451">
     <span class='ocr_line' id='line_1_24' title="bbox 361 2365 2052 2451; baseline 0.009 -34"><span class='ocrx_word' id='word_1_181' title='bbox 361 2365 536 2420; x_wconf 72' lang='grc' dir='ltr'>ταῦτα</span> <span class='ocrx_word' id='word_1_182' title='bbox 568 2368 914 2439; x_wconf 87' lang='grc' dir='ltr'>τολμήματα,</span> <span class='ocrx_word' id='word_1_183' title='bbox 939 2371 968 2423; x_wconf 90' lang='grc' dir='ltr'>ὀ</span> <span class='ocrx_word' id='word_1_184' title='bbox 1004 2372 1098 2425; x_wconf 82' lang='grc' dir='ltr'>τοῦ</span> <span class='ocrx_word' id='word_1_185' title='bbox 1135 2373 1363 2428; x_wconf 82' lang='grc' dir='ltr'>Θανάτου</span> <span class='ocrx_word' id='word_1_186' title='bbox 1399 2376 1563 2444; x_wconf 81' lang='grc' dir='ltr'>φόϐος</span> <span class='ocrx_word' id='word_1_187' title='bbox 1595 2378 1927 2432; x_wconf 84' lang='grc' dir='ltr'>ἐπεισελθὼν</span> <span class='ocrx_word' id='word_1_188' title='bbox 1952 2381 2052 2451; x_wconf 81' lang='grc' dir='ltr'>τὴν</span> 
     </span>
    </p>
   </div>
   <div class='ocr_carea' id='block_1_25' title="bbox 361 2451 2051 2539">
    <p class='ocr_par' dir='ltr' id='par_1_25' title="bbox 361 2451 2051 2539">
     <span class='ocr_line' id='line_1_25' title="bbox 361 2451 2051 2539; baseline 0.011 -36"><span class='ocrx_word' id='word_1_189' title='bbox 361 2451 556 2522; x_wconf 78' lang='grc' dir='ltr'>ὀδύνην</span> <span class='ocrx_word' id='word_1_190' title='bbox 597 2454 699 2525; x_wconf 84' lang='grc' dir='ltr'>τῆς</span> <span class='ocrx_word' id='word_1_191' title='bbox 744 2457 949 2527; x_wconf 78' lang='grc' dir='ltr'>ζημίας</span> <span class='ocrx_word' id='word_1_192' title='bbox 996 2459 1317 2531; x_wconf 81' lang='grc' dir='ltr'>ἀπὼθησεν·</span> <span class='ocrx_word' id='word_1_193' title='bbox 1347 2462 1522 2528; x_wconf 77' lang='grc' dir='ltr'>οὕτως</span> <span class='ocrx_word' id='word_1_194' title='bbox 1552 2468 1601 2517; x_wconf 90' lang='grc' dir='ltr'>εἰ</span> <span class='ocrx_word' id='word_1_195' title='bbox 1628 2468 1658 2519; x_wconf 91' lang='lat'>6</span> <span class='ocrx_word' id='word_1_196' title='bbox 1696 2466 1794 2536; x_wconf 82' lang='grc' dir='ltr'>τῆς</span> <span class='ocrx_word' id='word_1_197' title='bbox 1823 2467 2051 2539; x_wconf 85' lang='grc' dir='ltr'>γεέννης</span> 
     </span>
    </p>
   </div>
   <div class='ocr_carea' id='block_1_26' title="bbox 363 2540 2048 2620">
    <p class='ocr_par' dir='ltr' id='par_1_26' title="bbox 363 2540 2048 2620">
     <span class='ocr_line' id='line_1_26' title="bbox 363 2540 2048 2620; baseline 0.011 -28"><span class='ocrx_word' id='word_1_198' title='bbox 363 2540 528 2608; x_wconf 75' lang='grc' dir='ltr'>φόϐος</span> <span class='ocrx_word' id='word_1_199' title='bbox 563 2546 811 2614; x_wconf 86' lang='grc' dir='ltr'>κατεῖχεν</span> <span class='ocrx_word' id='word_1_200' title='bbox 853 2546 1009 2616; x_wconf 67' lang='grc' dir='ltr'>ήμῶν</span> <span class='ocrx_word' id='word_1_201' title='bbox 1051 2547 1150 2613; x_wconf 72' lang='grc' dir='ltr'>τὰς</span> <span class='ocrx_word' id='word_1_202' title='bbox 1174 2549 1371 2620; x_wconf 76' lang='grc' dir='ltr'>ψυχὰς,</span> <span class='ocrx_word' id='word_1_203' title='bbox 1407 2553 1507 2606; x_wconf 84' lang='grc' dir='ltr'>οὐκ</span> <span class='ocrx_word' id='word_1_204' title='bbox 1537 2553 1603 2607; x_wconf 78' lang='grc' dir='ltr'>ἂν</span> <span class='ocrx_word' id='word_1_205' title='bbox 1629 2557 1660 2608; x_wconf 83' lang='lat'>6</span> <span class='ocrx_word' id='word_1_206' title='bbox 1690 2555 1783 2609; x_wconf 77' lang='grc' dir='ltr'>τοῦ</span> <span class='ocrx_word' id='word_1_207' title='bbox 1818 2555 2048 2610; x_wconf 81' lang='grc' dir='ltr'>θανάτου</span> 
     </span>
    </p>
   </div>
   <div class='ocr_carea' id='block_1_27' title="bbox 363 2627 2049 2714">
    <p class='ocr_par' dir='ltr' id='par_1_27' title="bbox 363 2627 2049 2714">
     <span class='ocr_line' id='line_1_27' title="bbox 363 2627 2049 2714; baseline 0.012 -36"><span class='ocrx_word' id='word_1_208' title='bbox 363 2627 531 2694; x_wconf 84' lang='grc' dir='ltr'>φόϐος</span> <span class='ocrx_word' id='word_1_209' title='bbox 577 2631 878 2702; x_wconf 85' lang='grc' dir='ltr'>κατέσχεν·</span> <span class='ocrx_word' id='word_1_210' title='bbox 925 2634 1042 2688; x_wconf 81' lang='grc' dir='ltr'>ἀλλ’</span> <span class='ocrx_word' id='word_1_211' title='bbox 1088 2636 1277 2710; x_wconf 84' lang='grc' dir='ltr'>ὥσπερ</span> <span class='ocrx_word' id='word_1_212' title='bbox 1311 2641 1404 2693; x_wconf 80' lang='grc' dir='ltr'>ἐπὶ</span> <span class='ocrx_word' id='word_1_213' title='bbox 1440 2640 1550 2695; x_wconf 90' lang='grc' dir='ltr'>τῶν</span> <span class='ocrx_word' id='word_1_214' title='bbox 1597 2644 1888 2714; x_wconf 82' lang='grc' dir='ltr'>σωμάτων,</span> <span class='ocrx_word' id='word_1_215' title='bbox 1919 2643 2049 2699; x_wconf 83' lang='grc' dir='ltr'>ὅταν</span> 
     </span>
    </p>
   </div>
   <div class='ocr_carea' id='block_1_28' title="bbox 359 2715 2048 2803">
    <p class='ocr_par' dir='ltr' id='par_1_28' title="bbox 359 2715 2048 2803">
     <span class='ocr_line' id='line_1_28' title="bbox 359 2715 2048 2803; baseline 0.011 -35"><span class='ocrx_word' id='word_1_216' title='bbox 359 2715 454 2769; x_wconf 89' lang='grc' dir='ltr'>δύο</span> <span class='ocrx_word' id='word_1_217' title='bbox 478 2719 629 2788; x_wconf 78' lang='grc' dir='ltr'>ἡμᾶς</span> <span class='ocrx_word' id='word_1_218' title='bbox 659 2722 1009 2792; x_wconf 85' lang='grc' dir='ltr'>κατάσχωσιν</span> <span class='ocrx_word' id='word_1_219' title='bbox 1043 2724 1247 2790; x_wconf 80' lang='grc' dir='ltr'>ὀδύναι,</span> <span class='ocrx_word' id='word_1_220' title='bbox 1273 2730 1306 2797; x_wconf 86' lang='grc' dir='ltr'>ή</span> <span class='ocrx_word' id='word_1_221' title='bbox 1344 2727 1690 2802; x_wconf 87' lang='grc' dir='ltr'>δυνατωτέρα</span> <span class='ocrx_word' id='word_1_222' title='bbox 1739 2731 1839 2803; x_wconf 78' lang='grc' dir='ltr'>τὴν</span> <span class='ocrx_word' id='word_1_223' title='bbox 1877 2748 2048 2788; x_wconf 87' lang='grc' dir='ltr'>κατα-</span> 
     </span>
    </p>
   </div>
   <div class='ocr_carea' id='block_1_29' title="bbox 358 2802 2047 2889">
    <p class='ocr_par' dir='ltr' id='par_1_29' title="bbox 358 2802 2047 2889">
     <span class='ocr_line' id='line_1_29' title="bbox 358 2802 2047 2889; baseline 0.011 -33"><span class='ocrx_word' id='word_1_224' title='bbox 358 2802 650 2876; x_wconf 87' lang='grc' dir='ltr'>δεεστέραν</span> <span class='ocrx_word' id='word_1_225' title='bbox 685 2817 708 2846; x_wconf 79' lang='grc' dir='ltr'><strong>ο</strong></span> <span class='ocrx_word' id='word_1_226' title='bbox 742 2809 1119 2880; x_wconf 76' lang='grc' dir='ltr'>ἀποκρύπτειν</span> <span class='ocrx_word' id='word_1_227' title='bbox 1143 2813 1334 2868; x_wconf 83' lang='grc' dir='ltr'>είωθεν</span> <span class='ocrx_word' id='word_1_228' title='bbox 1360 2830 1373 2843; x_wconf 92' lang='grc'>·</span> <span class='ocrx_word' id='word_1_229' title='bbox 1407 2815 1550 2870; x_wconf 74' lang='grc' dir='ltr'>οὕτω</span> <span class='ocrx_word' id='word_1_230' title='bbox 1577 2818 1670 2871; x_wconf 82' lang='grc' dir='ltr'>καὶ</span> <span class='ocrx_word' id='word_1_231' title='bbox 1701 2802 1800 2873; x_wconf 78' lang='grc' dir='ltr'>νῦν</span> <span class='ocrx_word' id='word_1_232' title='bbox 1829 2819 2047 2889; x_wconf 90' lang='grc' dir='ltr'>ἐγένετο</span> 
     </span>
    </p>
   </div>
   <div class='ocr_carea' id='block_1_30' title="bbox 359 2890 2047 2981">
    <p class='ocr_par' dir='ltr' id='par_1_30' title="bbox 359 2890 2047 2981">
     <span class='ocr_line' id='line_1_30' title="bbox 359 2890 2047 2981; baseline 0.01 -37"><span class='ocrx_word' id='word_1_233' title='bbox 359 2890 428 2946; x_wconf 80' lang='grc' dir='ltr'>ἄν</span> <span class='ocrx_word' id='word_1_234' title='bbox 447 2908 462 2923; x_wconf 89' lang='grc'>·</span> <span class='ocrx_word' id='word_1_235' title='bbox 497 2895 546 2946; x_wconf 90' lang='grc' dir='ltr'>εί</span> <span class='ocrx_word' id='word_1_236' title='bbox 585 2893 646 2946; x_wconf 82' lang='grc' dir='ltr'>τὸ</span> <span class='ocrx_word' id='word_1_237' title='bbox 683 2895 784 2968; x_wconf 85' lang='grc' dir='ltr'>τῆς</span> <span class='ocrx_word' id='word_1_238' title='bbox 824 2897 1128 2972; x_wconf 84' lang='grc' dir='ltr'>μελλούσης</span> <span class='ocrx_word' id='word_1_239' title='bbox 1155 2901 1427 2969; x_wconf 89' lang='grc' dir='ltr'>κολάσεως</span> <span class='ocrx_word' id='word_1_240' title='bbox 1455 2905 1574 2969; x_wconf 83' lang='grc' dir='ltr'>δέος</span> <span class='ocrx_word' id='word_1_241' title='bbox 1607 2905 1797 2977; x_wconf 74' lang='grc' dir='ltr'>ἔμενεν</span> <span class='ocrx_word' id='word_1_242' title='bbox 1827 2909 1920 2962; x_wconf 73' lang='grc' dir='ltr'>ἐπὶ</span> <span class='ocrx_word' id='word_1_243' title='bbox 1947 2909 2047 2981; x_wconf 87' lang='grc' dir='ltr'>τῆς</span> 
     </span>
    </p>
   </div>
   <div class='ocr_carea' id='block_1_31' title="bbox 357 2980 2044 3063">
    <p class='ocr_par' dir='ltr' id='par_1_31' title="bbox 357 2980 2044 3063">
     <span class='ocr_line' id='line_1_31' title="bbox 357 2980 2044 3063; baseline 0.012 -33"><span class='ocrx_word' id='word_1_244' title='bbox 357 2980 556 3052; x_wconf 74' lang='grc' dir='ltr'>ψυχῆς,</span> <span class='ocrx_word' id='word_1_245' title='bbox 583 2983 760 3037; x_wconf 87' lang='grc' dir='ltr'>πάντα</span> <span class='ocrx_word' id='word_1_246' title='bbox 791 2985 1131 3057; x_wconf 82' lang='grc' dir='ltr'>ἀνθρώπινον</span> <span class='ocrx_word' id='word_1_247' title='bbox 1152 2989 1436 3062; x_wconf 70' lang='grc' dir='ltr'>ἀπέκρυψε</span> <span class='ocrx_word' id='word_1_248' title='bbox 1469 2993 1651 3063; x_wconf 84' lang='grc' dir='ltr'>φόϐον.</span> <span class='ocrx_word' id='word_1_249' title='bbox 1692 2995 1853 3049; x_wconf 84' lang='grc' dir='ltr'>Ὥστε</span> <span class='ocrx_word' id='word_1_250' title='bbox 1884 2995 1939 3048; x_wconf 83' lang='grc' dir='ltr'>εί</span> <span class='ocrx_word' id='word_1_251' title='bbox 1960 2980 2044 3061; x_wconf 88' lang='grc' dir='ltr'>τις</span> 
     </span>
    </p>
   </div>
   <div class='ocr_carea' id='block_1_32' title="bbox 359 3069 2044 3157">
    <p class='ocr_par' dir='ltr' id='par_1_32' title="bbox 359 3069 2044 3157">
     <span class='ocr_line' id='line_1_32' title="bbox 359 3069 2044 3157; baseline 0.012 -37"><span class='ocrx_word' id='word_1_252' title='bbox 359 3069 651 3135; x_wconf 76' lang='grc' dir='ltr'>σπουδάζει</span> <span class='ocrx_word' id='word_1_253' title='bbox 681 3071 770 3126; x_wconf 70' lang='grc' dir='ltr'>διὰ</span> <span class='ocrx_word' id='word_1_254' title='bbox 808 3075 1011 3139; x_wconf 76' lang='grc' dir='ltr'>παντὸς</span> <span class='ocrx_word' id='word_1_255' title='bbox 1043 3078 1352 3150; x_wconf 87' lang='grc' dir='ltr'>μεμνῆσθαι</span> <span class='ocrx_word' id='word_1_256' title='bbox 1386 3081 1628 3154; x_wconf 79' lang='grc' dir='ltr'>γεέννης,</span> <span class='ocrx_word' id='word_1_257' title='bbox 1667 3086 1850 3157; x_wconf 74' lang='grc' dir='ltr'>πάσης</span> <span class='ocrx_word' id='word_1_258' title='bbox 1874 3103 2044 3140; x_wconf 87' lang='grc' dir='ltr'>κατα-</span> 
     </span>
    </p>
   </div>
   <div class='ocr_carea' id='block_1_33' title="bbox 357 3157 2042 3246">
    <p class='ocr_par' dir='ltr' id='par_1_33' title="bbox 357 3157 2042 3246">
     <span class='ocr_line' id='line_1_33' title="bbox 357 3157 2042 3246; baseline 0.012 -37"><span class='ocrx_word' id='word_1_259' title='bbox 357 3157 648 3225; x_wconf 84' lang='grc' dir='ltr'>γελάσεται</span> <span class='ocrx_word' id='word_1_260' title='bbox 672 3161 930 3235; x_wconf 79' lang='grc' dir='ltr'>τελευτῆς</span> <span class='ocrx_word' id='word_1_261' title='bbox 951 3180 965 3196; x_wconf 89' lang='grc'>·</span> <span class='ocrx_word' id='word_1_262' title='bbox 1006 3167 1100 3220; x_wconf 76' lang='grc' dir='ltr'>καὶ</span> <span class='ocrx_word' id='word_1_263' title='bbox 1145 3168 1302 3222; x_wconf 81' lang='grc' dir='ltr'>τοῦτο</span> <span class='ocrx_word' id='word_1_264' title='bbox 1334 3170 1394 3223; x_wconf 84' lang='grc' dir='ltr'>ού</span> <span class='ocrx_word' id='word_1_265' title='bbox 1439 3171 1538 3242; x_wconf 85' lang='grc' dir='ltr'>τῆς</span> <span class='ocrx_word' id='word_1_266' title='bbox 1571 3174 1852 3246; x_wconf 79' lang='grc' dir='ltr'>παρούσης</span> <span class='ocrx_word' id='word_1_267' title='bbox 1879 3176 2042 3230; x_wconf 73' lang='grc' dir='ltr'>αὑτὸν</span> 
     </span>
    </p>
   </div>
   <div class='ocr_carea' id='block_1_34' title="bbox 355 3245 2041 3334">
    <p class='ocr_par' dir='ltr' id='par_1_34' title="bbox 355 3245 2041 3334">
     <span class='ocr_line' id='line_1_34' title="bbox 355 3245 2041 3334; baseline 0.012 -38"><span class='ocrx_word' id='word_1_268' title='bbox 355 3245 656 3312; x_wconf 77' lang='grc' dir='ltr'>ἀπαλλάξει</span> <span class='ocrx_word' id='word_1_269' title='bbox 695 3250 855 3320; x_wconf 89' lang='grc' dir='ltr'>μόνον</span> <span class='ocrx_word' id='word_1_270' title='bbox 900 3253 1162 3322; x_wconf 86' lang='grc' dir='ltr'>ἀγωνίας,</span> <span class='ocrx_word' id='word_1_271' title='bbox 1213 3256 1351 3311; x_wconf 70' lang='grc' dir='ltr'>ἀλλὰ</span> <span class='ocrx_word' id='word_1_272' title='bbox 1401 3258 1664 3331; x_wconf 86' lang='grc' dir='ltr'>κάκείνης</span> <span class='ocrx_word' id='word_1_273' title='bbox 1694 3261 2041 3334; x_wconf 76' lang='grc' dir='ltr'>ἐξαιρήσεται</span> 
     </span>
    </p>
   </div>
   <div class='ocr_carea' id='block_1_35' title="bbox 354 3335 2040 3414">
    <p class='ocr_par' dir='ltr' id='par_1_35' title="bbox 354 3335 2040 3414">
     <span class='ocr_line' id='line_1_35' title="bbox 354 3335 2040 3414; baseline 0.011 -27"><span class='ocrx_word' id='word_1_274' title='bbox 354 3335 455 3406; x_wconf 85' lang='grc' dir='ltr'>τῆς</span> <span class='ocrx_word' id='word_1_275' title='bbox 492 3338 712 3408; x_wconf 84' lang='grc' dir='ltr'>φλογός.</span> <span class='ocrx_word' id='word_1_276' title='bbox 754 3340 812 3393; x_wconf 77' lang='grc'><strong>’0</strong></span> <span class='ocrx_word' id='word_1_277' title='bbox 843 3340 952 3413; x_wconf 85' lang='grc' dir='ltr'>γὰρ</span> <span class='ocrx_word' id='word_1_278' title='bbox 981 3343 1069 3397; x_wconf 82' lang='grc' dir='ltr'>διὰ</span> <span class='ocrx_word' id='word_1_279' title='bbox 1099 3345 1301 3409; x_wconf 80' lang='grc' dir='ltr'>παντὸς</span> <span class='ocrx_word' id='word_1_280' title='bbox 1343 3347 1568 3414; x_wconf 80' lang='grc' dir='ltr'>γέενναν</span> <span class='ocrx_word' id='word_1_281' title='bbox 1595 3348 1868 3414; x_wconf 84' lang='grc' dir='ltr'>δεδοικὼς,</span> <span class='ocrx_word' id='word_1_282' title='bbox 1887 3353 2040 3405; x_wconf 76' lang='grc' dir='ltr'>οὐδέ-</span> 
     </span>
    </p>
   </div>
   <div class='ocr_carea' id='block_1_36' title="bbox 355 3424 2043 3510">
    <p class='ocr_par' dir='ltr' id='par_1_36' title="bbox 355 3424 2043 3510">
     <span class='ocr_line' id='line_1_36' title="bbox 355 3424 2043 3510; baseline 0.012 -36"><span class='ocrx_word' id='word_1_283' title='bbox 355 3424 478 3476; x_wconf 85' lang='grc' dir='ltr'>ποτ’</span> <span class='ocrx_word' id='word_1_284' title='bbox 519 3427 600 3488; x_wconf 88' lang='grc' dir='ltr'>είς</span> <span class='ocrx_word' id='word_1_285' title='bbox 645 3426 706 3478; x_wconf 86' lang='grc' dir='ltr'>τὸ</span> <span class='ocrx_word' id='word_1_286' title='bbox 747 3427 848 3498; x_wconf 87' lang='grc' dir='ltr'>τῆς</span> <span class='ocrx_word' id='word_1_287' title='bbox 894 3429 1120 3502; x_wconf 76' lang='grc' dir='ltr'>γεέννης</span> <span class='ocrx_word' id='word_1_288' title='bbox 1153 3432 1474 3502; x_wconf 81' lang='grc' dir='ltr'>ἐμπεσεῖται</span> <span class='ocrx_word' id='word_1_289' title='bbox 1509 3435 1640 3508; x_wconf 78' lang='grc' dir='ltr'>πῦρ,</span> <span class='ocrx_word' id='word_1_290' title='bbox 1673 3435 1750 3508; x_wconf 80' lang='grc' dir='ltr'>τῷ</span> <span class='ocrx_word' id='word_1_291' title='bbox 1802 3438 2043 3510; x_wconf 86' lang='grc' dir='ltr'>διηνεκεῖ</span> 
     </span>
    </p>
   </div>
   <div class='ocr_carea' id='block_1_37' title="bbox 354 3511 2039 3596">
    <p class='ocr_par' dir='ltr' id='par_1_37' title="bbox 354 3511 2039 3596">
     <span class='ocr_line' id='line_1_37' title="bbox 354 3511 2039 3596; baseline 0.011 -33"><span class='ocrx_word' id='word_1_292' title='bbox 354 3511 530 3583; x_wconf 84' lang='grc' dir='ltr'>τούτῳ</span> <span class='ocrx_word' id='word_1_293' title='bbox 549 3515 1019 3587; x_wconf 66' lang='grc' dir='ltr'>σωφρονιζόμενος</span> <span class='ocrx_word' id='word_1_294' title='bbox 1045 3519 1213 3590; x_wconf 84' lang='grc' dir='ltr'>φόϐῳ.</span> <span class='ocrx_word' id='word_1_295' title='bbox 1245 3521 1374 3574; x_wconf 88' lang='grc' dir='ltr'>Δότε</span> <span class='ocrx_word' id='word_1_296' title='bbox 1407 3539 1496 3596; x_wconf 71' lang='grc' dir='ltr'>μοι</span> <span class='ocrx_word' id='word_1_297' title='bbox 1526 3525 1664 3596; x_wconf 81' lang='grc' dir='ltr'>πρὸς</span> <span class='ocrx_word' id='word_1_298' title='bbox 1688 3527 1832 3596; x_wconf 80' lang='grc' dir='ltr'>ὑμᾶς</span> <span class='ocrx_word' id='word_1_299' title='bbox 1857 3529 2039 3582; x_wconf 78' lang='grc' dir='ltr'>εὐκαί-</span> 
     </span>
    </p>
   </div>
   <div class='ocr_carea' id='block_1_38' title="bbox 355 3602 2038 3684">
    <p class='ocr_par' dir='ltr' id='par_1_38' title="bbox 355 3602 2038 3684">
     <span class='ocr_line' id='line_1_38' title="bbox 355 3602 2038 3684; baseline 0.01 -33"><span class='ocrx_word' id='word_1_300' title='bbox 355 3616 468 3669; x_wconf 83' lang='grc' dir='ltr'>ρως</span> <span class='ocrx_word' id='word_1_301' title='bbox 511 3602 687 3655; x_wconf 82' lang='grc' dir='ltr'>εἰπεῖν</span> <span class='ocrx_word' id='word_1_302' title='bbox 738 3603 868 3657; x_wconf 81' lang='grc' dir='ltr'>νῦν·</span> <span class='ocrx_word' id='word_1_303' title='bbox 916 3605 1213 3676; x_wconf 68' lang='grc' dir='ltr'>Ἀδελφοί,</span> <span class='ocrx_word' id='word_1_304' title='bbox 1254 3607 1340 3677; x_wconf 78' lang='grc' dir='ltr'>μὴ</span> <span class='ocrx_word' id='word_1_305' title='bbox 1380 3609 1589 3666; x_wconf 83' lang='grc' dir='ltr'>παιδία</span> <span class='ocrx_word' id='word_1_306' title='bbox 1619 3613 1864 3683; x_wconf 77' lang='grc' dir='ltr'>γίνεσθε</span> <span class='ocrx_word' id='word_1_307' title='bbox 1907 3617 2038 3684; x_wconf 80' lang='grc' dir='ltr'>ταῖς</span> 
     </span>
    </p>
   </div>
   <div class='ocr_carea' id='block_1_39' title="bbox 351 3686 1454 3761">
    <p class='ocr_par' dir='ltr' id='par_1_39' title="bbox 351 3686 1454 3761">
     <span class='ocr_line' id='line_1_39' title="bbox 351 3686 1454 3761; baseline 0.031 -25"><span class='ocrx_word' id='word_1_308' title='bbox 351 3686 590 3754; x_wconf 65' lang='grc' dir='ltr'>φρεσίν,</span> <span class='ocrx_word' id='word_1_309' title='bbox 621 3687 781 3744; x_wconf 69' lang='grc' dir='ltr'><em>ἀλλὰ</em></span> <span class='ocrx_word' id='word_1_310' title='bbox 808 3688 882 3759; x_wconf 71' lang='grc' dir='ltr'>τῇ</span> <span class='ocrx_word' id='word_1_311' title='bbox 916 3692 1095 3761; x_wconf 71' lang='grc' dir='ltr'><em>κακίᾳ</em></span> <span class='ocrx_word' id='word_1_312' title='bbox 1125 3693 1454 3760; x_wconf 70' lang='grc' dir='ltr'>νηπιάζετε-</span> 
     </span>
    </p>
   </div>
   <div class='ocr_carea' id='block_1_40' title="bbox 428 3769 2034 3851">
    <p class='ocr_par' dir='ltr' id='par_1_40' title="bbox 428 3769 2034 3851">
     <span class='ocr_line' id='line_1_40' title="bbox 428 3769 2034 3851; baseline 0.012 -27"><span class='ocrx_word' id='word_1_313' title='bbox 428 3769 534 3828; x_wconf 70' lang='lat' dir='ltr'><em>K111</em></span> <span class='ocrx_word' id='word_1_314' title='bbox 593 3772 700 3845; x_wconf 79' lang='grc' dir='ltr'>γάρ</span> <span class='ocrx_word' id='word_1_315' title='bbox 790 3778 1036 3832; x_wconf 87' lang='grc' dir='ltr'>παιδικὸν</span> <span class='ocrx_word' id='word_1_316' title='bbox 1076 3779 1389 3851; x_wconf 73' lang='grc' dir='ltr'>φοϐούμεθα</span> <span class='ocrx_word' id='word_1_317' title='bbox 1417 3781 1582 3851; x_wconf 75' lang='grc' dir='ltr'>φόϐον</span> <span class='ocrx_word' id='word_1_318' title='bbox 1612 3784 1837 3840; x_wconf 85' lang='grc' dir='ltr'>θάνατον</span> <span class='ocrx_word' id='word_1_319' title='bbox 1864 3788 2034 3843; x_wconf 88' lang='grc' dir='ltr'>δεδοι-</span> 
     </span>
    </p>
   </div>
   <div class='ocr_carea' id='block_1_41' title="bbox 351 3859 2034 3944">
    <p class='ocr_par' dir='ltr' id='par_1_41' title="bbox 351 3859 2034 3944">
     <span class='ocr_line' id='line_1_41' title="bbox 351 3859 2034 3944; baseline 0.012 -33"><span class='ocrx_word' id='word_1_320' title='bbox 351 3859 532 3922; x_wconf 83' lang='grc' dir='ltr'>κότες,</span> <span class='ocrx_word' id='word_1_321' title='bbox 557 3861 833 3935; x_wconf 76' lang='grc' dir='ltr'>ἁμαρτίαν</span> <span class='ocrx_word' id='word_1_322' title='bbox 858 3865 913 3920; x_wconf 89' lang='grc' dir='ltr'>δέ</span> <span class='ocrx_word' id='word_1_323' title='bbox 945 3866 1019 3938; x_wconf 82' lang='grc' dir='ltr'>μὴ</span> <span class='ocrx_word' id='word_1_324' title='bbox 1043 3867 1358 3934; x_wconf 87' lang='grc' dir='ltr'>δεδοικότες.</span> <span class='ocrx_word' id='word_1_325' title='bbox 1390 3871 1498 3924; x_wconf 79' lang='grc' dir='ltr'>Καὶ</span> <span class='ocrx_word' id='word_1_326' title='bbox 1521 3871 1630 3944; x_wconf 82' lang='grc' dir='ltr'>γάρ</span> <span class='ocrx_word' id='word_1_327' title='bbox 1650 3873 1718 3927; x_wconf 86' lang='grc' dir='ltr'>τά</span> <span class='ocrx_word' id='word_1_328' title='bbox 1746 3875 1932 3930; x_wconf 88' lang='grc' dir='ltr'>παιδία</span> <span class='ocrx_word' id='word_1_329' title='bbox 1966 3879 2034 3932; x_wconf 74' lang='grc' dir='ltr'>τά</span> 
     </span>
    </p>
   </div>
   <div class='ocr_carea' id='block_1_42' title="bbox 353 3947 2033 4029">
    <p class='ocr_par' dir='ltr' id='par_1_42' title="bbox 353 3947 2033 4029">
     <span class='ocr_line' id='line_1_42' title="bbox 353 3947 2033 4029; baseline 0.012 -30"><span class='ocrx_word' id='word_1_330' title='bbox 353 3947 527 4018; x_wconf 85' lang='grc' dir='ltr'>μικρά</span> <span class='ocrx_word' id='word_1_331' title='bbox 547 3955 863 4019; x_wconf 69' lang='grc' dir='ltr'>πρςσωπεῖα</span> <span class='ocrx_word' id='word_1_332' title='bbox 905 3955 1002 4025; x_wconf 88' lang='grc' dir='ltr'>μέν</span> <span class='ocrx_word' id='word_1_333' title='bbox 1034 3955 1261 4020; x_wconf 85' lang='grc' dir='ltr'>δέδοικε,</span> <span class='ocrx_word' id='word_1_334' title='bbox 1297 3957 1408 4029; x_wconf 76' lang='grc' dir='ltr'>πῦρ</span> <span class='ocrx_word' id='word_1_335' title='bbox 1449 3959 1493 4011; x_wconf 88' lang='grc' dir='ltr'>δ’</span> <span class='ocrx_word' id='word_1_336' title='bbox 1518 3959 1580 4011; x_wconf 78' lang='grc' dir='ltr'>οὐ</span> <span class='ocrx_word' id='word_1_337' title='bbox 1612 3960 1874 4016; x_wconf 85' lang='grc' dir='ltr'>δέδοικεν·</span> <span class='ocrx_word' id='word_1_338' title='bbox 1915 3966 2033 4019; x_wconf 78' lang='grc' dir='ltr'>ἀλλ’</span> 
     </span>
    </p>
   </div>
   <div class='ocr_carea' id='block_1_43' title="bbox 349 4035 2029 4123">
    <p class='ocr_par' dir='ltr' id='par_1_43' title="bbox 349 4035 2029 4123">
     <span class='ocr_line' id='line_1_43' title="bbox 349 4035 2029 4123; baseline 0.014 -36"><span class='ocrx_word' id='word_1_339' title='bbox 349 4035 446 4087; x_wconf 71' lang='grc' dir='ltr'>ἐὰν</span> <span class='ocrx_word' id='word_1_340' title='bbox 494 4036 873 4112; x_wconf 80' lang='grc' dir='ltr'>βασταζόμενα</span> <span class='ocrx_word' id='word_1_341' title='bbox 922 4041 1059 4113; x_wconf 80' lang='grc' dir='ltr'>τύχῃ</span> <span class='ocrx_word' id='word_1_342' title='bbox 1093 4044 1245 4115; x_wconf 80' lang='grc' dir='ltr'>ποιρά</span> <span class='ocrx_word' id='word_1_343' title='bbox 1289 4045 1511 4116; x_wconf 88' lang='grc' dir='ltr'>λυχνίαν</span> <span class='ocrx_word' id='word_1_344' title='bbox 1556 4045 1748 4118; x_wconf 88' lang='grc' dir='ltr'>λύχνον</span> <span class='ocrx_word' id='word_1_345' title='bbox 1777 4051 2029 4123; x_wconf 79' lang='grc' dir='ltr'>ἔχουσαν,</span> 
     </span>
    </p>
   </div>
   <div class='ocr_carea' id='block_1_44' title="bbox 346 4124 2028 4215">
    <p class='ocr_par' dir='ltr' id='par_1_44' title="bbox 346 4124 2028 4215">
     <span class='ocr_line' id='line_1_44' title="bbox 346 4124 2028 4215; baseline 0.011 -40"><span class='ocrx_word' id='word_1_346' title='bbox 346 4124 774 4195; x_wconf 86' lang='grc' dir='ltr'>ἀπερισκέπτως</span> <span class='ocrx_word' id='word_1_347' title='bbox 817 4128 916 4200; x_wconf 76' lang='grc' dir='ltr'>τὴν</span> <span class='ocrx_word' id='word_1_348' title='bbox 965 4132 1126 4200; x_wconf 88' lang='grc' dir='ltr'>χεῖρα</span> <span class='ocrx_word' id='word_1_349' title='bbox 1169 4131 1438 4204; x_wconf 81' lang='grc' dir='ltr'>ἐπαφίησι</span> <span class='ocrx_word' id='word_1_350' title='bbox 1485 4135 1554 4206; x_wconf 77' lang='grc' dir='ltr'>τῇ</span> <span class='ocrx_word' id='word_1_351' title='bbox 1583 4134 1774 4208; x_wconf 74' lang='grc' dir='ltr'>λυχνία</span> <span class='ocrx_word' id='word_1_352' title='bbox 1816 4140 1911 4193; x_wconf 78' lang='grc' dir='ltr'>καὶ</span> <span class='ocrx_word' id='word_1_353' title='bbox 1961 4145 2028 4215; x_wconf 81' lang='grc' dir='ltr'>τῇ</span> 
     </span>
    </p>
   </div>
   <div class='ocr_carea' id='block_1_45' title="bbox 347 4211 2032 4299">
    <p class='ocr_par' dir='ltr' id='par_1_45' title="bbox 347 4211 2032 4299">
     <span class='ocr_line' id='line_1_45' title="bbox 347 4211 2032 4299; baseline 0.004 -28"><span class='ocrx_word' id='word_1_354' title='bbox 347 4211 541 4280; x_wconf 74' lang='grc' dir='ltr'>φλογί·</span> <span class='ocrx_word' id='word_1_355' title='bbox 600 4214 691 4266; x_wconf 77' lang='grc' dir='ltr'>καὶ</span> <span class='ocrx_word' id='word_1_356' title='bbox 754 4214 815 4267; x_wconf 85' lang='grc' dir='ltr'>τὸ</span> <span class='ocrx_word' id='word_1_357' title='bbox 894 4215 992 4286; x_wconf 88' lang='grc' dir='ltr'>μέν</span> <span class='ocrx_word' id='word_1_358' title='bbox 1049 4218 1526 4291; x_wconf 80' lang='grc' dir='ltr'>εὐκαταφρόνητον</span> <span class='ocrx_word' id='word_1_359' title='bbox 1591 4222 1803 4293; x_wconf 86' lang='grc' dir='ltr'>φρίττει</span> <span class='ocrx_word' id='word_1_360' title='bbox 1863 4211 2032 4299; x_wconf 57' lang='grc' dir='ltr'>προσξ</span> 
     </span>
    </p>
   </div>
   <div class='ocr_carea' id='block_1_46' title="bbox 345 4301 2026 4390">
    <p class='ocr_par' dir='ltr' id='par_1_46' title="bbox 345 4301 2026 4390">
     <span class='ocr_line' id='line_1_46' title="bbox 345 4301 2026 4390; baseline 0.012 -40"><span class='ocrx_word' id='word_1_361' title='bbox 345 4303 564 4363; x_wconf 79' lang='grc' dir='ltr'>ωπεῖον,</span> <span class='ocrx_word' id='word_1_362' title='bbox 597 4301 658 4354; x_wconf 90' lang='lat'>16</span> <span class='ocrx_word' id='word_1_363' title='bbox 686 4301 729 4354; x_wconf 77' lang='grc' dir='ltr'>δ’</span> <span class='ocrx_word' id='word_1_364' title='bbox 757 4303 973 4374; x_wconf 89' lang='grc' dir='ltr'>ἀληθῶς</span> <span class='ocrx_word' id='word_1_365' title='bbox 1008 4306 1237 4378; x_wconf 75' lang='grc' dir='ltr'>φοϐερὸν</span> <span class='ocrx_word' id='word_1_366' title='bbox 1268 4309 1328 4362; x_wconf 78' lang='grc' dir='ltr'>οὐ</span> <span class='ocrx_word' id='word_1_367' title='bbox 1361 4308 1566 4363; x_wconf 86' lang='grc' dir='ltr'>δέδοικε</span> <span class='ocrx_word' id='word_1_368' title='bbox 1599 4311 1745 4383; x_wconf 79' lang='grc' dir='ltr'>πύρ’</span> <span class='ocrx_word' id='word_1_369' title='bbox 1778 4313 1920 4369; x_wconf 73' lang='grc' dir='ltr'>οὕτω</span> <span class='ocrx_word' id='word_1_370' title='bbox 1962 4317 2026 4390; x_wconf 80' lang='grc' dir='ltr'>δὴ</span> 
     </span>
    </p>
   </div>
   <div class='ocr_carea' id='block_1_47' title="bbox 345 4387 2027 4471">
    <p class='ocr_par' dir='ltr' id='par_1_47' title="bbox 345 4387 2027 4471">
     <span class='ocr_line' id='line_1_47' title="bbox 345 4387 2027 4471; baseline 0.014 -33"><span class='ocrx_word' id='word_1_371' title='bbox 345 4387 442 4440; x_wconf 75' lang='grc' dir='ltr'>καὶ</span> <span class='ocrx_word' id='word_1_372' title='bbox 477 4389 638 4458; x_wconf 77' lang='grc' dir='ltr'>ἡμεῖς</span> <span class='ocrx_word' id='word_1_373' title='bbox 690 4389 917 4445; x_wconf 82' lang='grc' dir='ltr'>θάνατον</span> <span class='ocrx_word' id='word_1_374' title='bbox 972 4393 1070 4462; x_wconf 88' lang='grc' dir='ltr'>μέν</span> <span class='ocrx_word' id='word_1_375' title='bbox 1115 4394 1455 4468; x_wconf 86' lang='grc' dir='ltr'>δεδοίκαμεν,</span> <span class='ocrx_word' id='word_1_376' title='bbox 1505 4399 1644 4471; x_wconf 80' lang='grc' dir='ltr'>ὅπερ</span> <span class='ocrx_word' id='word_1_377' title='bbox 1681 4402 1829 4456; x_wconf 71' lang='grc' dir='ltr'>ἐστὶν</span> <span class='ocrx_word' id='word_1_378' title='bbox 1860 4387 2027 4461; x_wconf 57' lang='grc' dir='ltr'>εὐκαλ</span> 
     </span>
    </p>
   </div>
   <div class='ocr_carea' id='block_1_48' title="bbox 343 4475 2024 4564">
    <p class='ocr_par' dir='ltr' id='par_1_48' title="bbox 343 4475 2024 4564">
     <span class='ocr_line' id='line_1_48' title="bbox 343 4475 2024 4564; baseline 0.015 -41"><span class='ocrx_word' id='word_1_379' title='bbox 343 4475 680 4544; x_wconf 80' lang='grc' dir='ltr'>ταφρόνητον</span> <span class='ocrx_word' id='word_1_380' title='bbox 729 4481 1103 4546; x_wconf 88' lang='grc' dir='ltr'>προσωπεῖον,</span> <span class='ocrx_word' id='word_1_381' title='bbox 1155 4481 1432 4553; x_wconf 85' lang='grc' dir='ltr'>ἁμαρτίαν</span> <span class='ocrx_word' id='word_1_382' title='bbox 1475 4485 1522 4538; x_wconf 82' lang='grc' dir='ltr'>δ’</span> <span class='ocrx_word' id='word_1_383' title='bbox 1574 4487 1636 4540; x_wconf 86' lang='grc' dir='ltr'>οὐ</span> <span class='ocrx_word' id='word_1_384' title='bbox 1683 4488 2024 4564; x_wconf 81' lang='grc' dir='ltr'>δεδοίκαμεν,</span> 
     </span>
    </p>
   </div>
   <div class='ocr_carea' id='block_1_49' title="bbox 342 4560 2024 4647">
    <p class='ocr_par' dir='ltr' id='par_1_49' title="bbox 342 4560 2024 4647">
     <span class='ocr_line' id='line_1_49' title="bbox 342 4560 2024 4647; baseline 0.016 -37"><span class='ocrx_word' id='word_1_385' title='bbox 342 4560 482 4631; x_wconf 79' lang='grc' dir='ltr'>ὅπερ</span> <span class='ocrx_word' id='word_1_386' title='bbox 510 4562 656 4614; x_wconf 72' lang='grc' dir='ltr'>ἐστὶν</span> <span class='ocrx_word' id='word_1_387' title='bbox 690 4562 906 4633; x_wconf 89' lang='grc' dir='ltr'>ἀληθῶς</span> <span class='ocrx_word' id='word_1_388' title='bbox 942 4566 1191 4638; x_wconf 79' lang='grc' dir='ltr'>φοϐερὸν,</span> <span class='ocrx_word' id='word_1_389' title='bbox 1233 4571 1328 4623; x_wconf 77' lang='grc' dir='ltr'>καὶ</span> <span class='ocrx_word' id='word_1_390' title='bbox 1362 4572 1531 4642; x_wconf 77' lang='grc' dir='ltr'>πυρὸς</span> <span class='ocrx_word' id='word_1_391' title='bbox 1563 4574 1720 4647; x_wconf 91' lang='grc' dir='ltr'>δίκην</span> <span class='ocrx_word' id='word_1_392' title='bbox 1747 4560 2024 4639; x_wconf 82' lang='grc' dir='ltr'>κατεσθίει</span> 
     </span>
    </p>
   </div>
   <div class='ocr_carea' id='block_1_50' title="bbox 340 4648 2023 4738">
    <p class='ocr_par' dir='ltr' id='par_1_50' title="bbox 340 4648 2023 4738">
     <span class='ocr_line' id='line_1_50' title="bbox 340 4648 2023 4738; baseline 0.016 -39"><span class='ocrx_word' id='word_1_393' title='bbox 340 4648 402 4699; x_wconf 86' lang='lat'>16</span> <span class='ocrx_word' id='word_1_394' title='bbox 437 4648 694 4713; x_wconf 88' lang='grc' dir='ltr'>συνειδός.</span> <span class='ocrx_word' id='word_1_395' title='bbox 730 4651 839 4705; x_wconf 76' lang='grc' dir='ltr'>Καὶ</span> <span class='ocrx_word' id='word_1_396' title='bbox 889 4652 1064 4708; x_wconf 76' lang='grc' dir='ltr'>ταῦτα</span> <span class='ocrx_word' id='word_1_397' title='bbox 1108 4656 1209 4710; x_wconf 78' lang='grc' dir='ltr'>οὐκ</span> <span class='ocrx_word' id='word_1_398' title='bbox 1256 4657 1365 4711; x_wconf 85' lang='grc' dir='ltr'>ἀπὸ</span> <span class='ocrx_word' id='word_1_399' title='bbox 1422 4659 1521 4730; x_wconf 86' lang='grc' dir='ltr'>τῆς</span> <span class='ocrx_word' id='word_1_400' title='bbox 1549 4661 1657 4716; x_wconf 90' lang='grc' dir='ltr'>τῶν</span> <span class='ocrx_word' id='word_1_401' title='bbox 1679 4671 2023 4738; x_wconf 89' lang='grc' dir='ltr'>πραγμάτων</span> 
     </span>
    </p>
   </div>
   <div class='ocr_carea' id='block_1_51' title="bbox 342 4735 2023 4824">
    <p class='ocr_par' dir='ltr' id='par_1_51' title="bbox 342 4735 2023 4824">
     <span class='ocr_line' id='line_1_51' title="bbox 342 4735 2023 4824; baseline 0.015 -38"><span class='ocrx_word' id='word_1_402' title='bbox 342 4735 578 4804; x_wconf 83' lang='grc' dir='ltr'>φύσεως,</span> <span class='ocrx_word' id='word_1_403' title='bbox 622 4737 738 4792; x_wconf 84' lang='grc' dir='ltr'>ἀλλ’</span> <span class='ocrx_word' id='word_1_404' title='bbox 771 4739 830 4805; x_wconf 82' lang='grc' dir='ltr'>ἐξ</span> <span class='ocrx_word' id='word_1_405' title='bbox 887 4739 1074 4802; x_wconf 82' lang='grc' dir='ltr'>ἀνοίας</span> <span class='ocrx_word' id='word_1_406' title='bbox 1133 4745 1264 4816; x_wconf 80' lang='grc' dir='ltr'>ἡμῖν</span> <span class='ocrx_word' id='word_1_407' title='bbox 1301 4747 1618 4818; x_wconf 84' lang='grc' dir='ltr'>συμϐαίνειν</span> <span class='ocrx_word' id='word_1_408' title='bbox 1664 4735 1888 4809; x_wconf 75' lang='grc' dir='ltr'>εἴωθεν·</span> <span class='ocrx_word' id='word_1_409' title='bbox 1946 4759 2023 4824; x_wconf 85' lang='grc' dir='ltr'>ῶς</span> 
     </span>
    </p>
   </div>
   <div class='ocr_carea' id='block_1_52' title="bbox 341 4823 2020 4902">
    <p class='ocr_par' dir='ltr' id='par_1_52' title="bbox 341 4823 2020 4902">
     <span class='ocr_line' id='line_1_52' title="bbox 341 4823 2020 4902; baseline 0.015 -27"><span class='ocrx_word' id='word_1_410' title='bbox 341 4824 435 4876; x_wconf 74' lang='grc' dir='ltr'>ἐὰν</span> <span class='ocrx_word' id='word_1_411' title='bbox 462 4823 826 4899; x_wconf 81' lang='grc' dir='ltr'>λογιζώμεθα,</span> <span class='ocrx_word' id='word_1_412' title='bbox 861 4830 912 4882; x_wconf 91' lang='grc' dir='ltr'>τί</span> <span class='ocrx_word' id='word_1_413' title='bbox 947 4833 1068 4884; x_wconf 85' lang='grc' dir='ltr'>ποτ’</span> <span class='ocrx_word' id='word_1_414' title='bbox 1109 4832 1226 4887; x_wconf 81' lang='grc' dir='ltr'>ἐστι</span> <span class='ocrx_word' id='word_1_415' title='bbox 1258 4834 1508 4901; x_wconf 89' lang='grc' dir='ltr'>θάνατος,</span> <span class='ocrx_word' id='word_1_416' title='bbox 1565 4839 1813 4896; x_wconf 70' lang='grc' dir='ltr'>οὐδέποτ’</span> <span class='ocrx_word' id='word_1_417' title='bbox 1857 4845 2020 4902; x_wconf 83' lang='grc' dir='ltr'>αὐτὸν</span> 
     </span>
    </p>
   </div>
   <div class='ocr_carea' id='block_1_53' title="bbox 337 4910 2019 5003">
    <p class='ocr_par' dir='ltr' id='par_1_53' title="bbox 337 4910 2019 5003">
     <span class='ocr_line' id='line_1_53' title="bbox 337 4910 2019 5003; baseline 0.015 -40"><span class='ocrx_word' id='word_1_418' title='bbox 337 4910 608 4984; x_wconf 88' lang='grc' dir='ltr'>δείσομεν.</span> <span class='ocrx_word' id='word_1_419' title='bbox 670 4915 736 4970; x_wconf 87' lang='grc' dir='ltr'>Τί</span> <span class='ocrx_word' id='word_1_420' title='bbox 797 4923 915 4972; x_wconf 88' lang='grc' dir='ltr'>ποτ’</span> <span class='ocrx_word' id='word_1_421' title='bbox 970 4916 1062 4975; x_wconf 75' lang='grc' dir='ltr'>οὖν</span> <span class='ocrx_word' id='word_1_422' title='bbox 1131 4925 1248 4976; x_wconf 86' lang='grc' dir='ltr'>ἐστι</span> <span class='ocrx_word' id='word_1_423' title='bbox 1317 4923 1580 4993; x_wconf 85' lang='grc' dir='ltr'>θάνατος;</span> <span class='ocrx_word' id='word_1_424' title='bbox 1639 4929 1816 5003; x_wconf 88' lang='grc' dir='ltr'>Ὅπερ</span> <span class='ocrx_word' id='word_1_425' title='bbox 1871 4936 2019 4991; x_wconf 76' lang='grc' dir='ltr'>ἐστὶν</span> 
     </span>
    </p>
   </div>
   <div class='ocr_carea' id='block_1_54' title="bbox 340 5001 2019 5096">
    <p class='ocr_par' dir='ltr' id='par_1_54' title="bbox 340 5001 2019 5096">
     <span class='ocr_line' id='line_1_54' title="bbox 340 5001 2019 5096; baseline 0.016 -45"><span class='ocrx_word' id='word_1_426' title='bbox 340 5001 554 5071; x_wconf 78' lang='grc' dir='ltr'>ἱμάτιον</span> <span class='ocrx_word' id='word_1_427' title='bbox 595 5004 998 5062; x_wconf 87' lang='grc' dir='ltr'>ἀποδύσασθαι·</span> <span class='ocrx_word' id='word_1_428' title='bbox 1059 5011 1311 5085; x_wconf 82' lang='grc' dir='ltr'>καθάπερ</span> <span class='ocrx_word' id='word_1_429' title='bbox 1355 5013 1466 5086; x_wconf 73' lang='grc' dir='ltr'>γάρ</span> <span class='ocrx_word' id='word_1_430' title='bbox 1503 5017 1738 5087; x_wconf 79' lang='grc' dir='ltr'>ἱμάτιον,</span> <span class='ocrx_word' id='word_1_431' title='bbox 1769 5001 1829 5074; x_wconf 83' lang='lat'>16</span> <span class='ocrx_word' id='word_1_432' title='bbox 1856 5023 2019 5096; x_wconf 88' lang='grc' dir='ltr'>σῶμα</span> 
     </span>
    </p>
   </div>
   <div class='ocr_carea' id='block_1_55' title="bbox 333 5089 2020 5181">
    <p class='ocr_par' dir='ltr' id='par_1_55' title="bbox 333 5089 2020 5181">
     <span class='ocr_line' id='line_1_55' title="bbox 333 5089 2020 5181; baseline 0.009 -41"><span class='ocrx_word' id='word_1_433' title='bbox 333 5092 398 5162; x_wconf 78' lang='grc' dir='ltr'>τῇ</span> <span class='ocrx_word' id='word_1_434' title='bbox 430 5089 575 5163; x_wconf 78' lang='grc' dir='ltr'>ψυχῇ</span> <span class='ocrx_word' id='word_1_435' title='bbox 609 5094 939 5163; x_wconf 86' lang='grc' dir='ltr'>περίκειται,</span> <span class='ocrx_word' id='word_1_436' title='bbox 973 5099 1064 5152; x_wconf 69' lang='grc' dir='ltr'>καὶ</span> <span class='ocrx_word' id='word_1_437' title='bbox 1093 5099 1250 5154; x_wconf 76' lang='grc' dir='ltr'>τοῦτο</span> <span class='ocrx_word' id='word_1_438' title='bbox 1299 5103 1439 5174; x_wconf 78' lang='grc' dir='ltr'>πρὸς</span> <span class='ocrx_word' id='word_1_439' title='bbox 1470 5104 1644 5177; x_wconf 83' lang='grc' dir='ltr'>βραχὺ</span> <span class='ocrx_word' id='word_1_440' title='bbox 1686 5107 1774 5163; x_wconf 73' lang='grc' dir='ltr'>διὰ</span> <span class='ocrx_word' id='word_1_441' title='bbox 1807 5110 1909 5181; x_wconf 72' lang='grc' dir='ltr'>τῆς</span> <span class='ocrx_word' id='word_1_442' title='bbox 1933 5131 2020 5166; x_wconf 79' lang='grc' dir='ltr'>τε-</span> 
     </span>
    </p>
   </div>
   <div class='ocr_carea' id='block_1_56' title="bbox 332 5177 2017 5266">
    <p class='ocr_par' dir='ltr' id='par_1_56' title="bbox 332 5177 2017 5266">
     <span class='ocr_line' id='line_1_56' title="bbox 332 5177 2017 5266; baseline 0.016 -36"><span class='ocrx_word' id='word_1_443' title='bbox 332 5177 529 5249; x_wconf 84' lang='grc' dir='ltr'>λευτῆς</span> <span class='ocrx_word' id='word_1_444' title='bbox 557 5181 884 5253; x_wconf 78' lang='grc' dir='ltr'>ἀποθέμενοι</span> <span class='ocrx_word' id='word_1_445' title='bbox 911 5185 1290 5260; x_wconf 82' lang='grc' dir='ltr'>λαμπρότερον</span> <span class='ocrx_word' id='word_1_446' title='bbox 1316 5192 1712 5266; x_wconf 67' lang='grc' dir='ltr'>ἀποληψόμεθα</span> <span class='ocrx_word' id='word_1_447' title='bbox 1734 5177 1918 5256; x_wconf 71' lang='grc' dir='ltr'>πάλιν.</span> <span class='ocrx_word' id='word_1_448' title='bbox 1952 5203 2017 5257; x_wconf 81' lang='grc' dir='ltr'>Τί</span> 
     </span>
    </p>
   </div>
   <div class='ocr_carea' id='block_1_57' title="bbox 332 5267 2017 5360">
    <p class='ocr_par' dir='ltr' id='par_1_57' title="bbox 332 5267 2017 5360">
     <span class='ocr_line' id='line_1_57' title="bbox 332 5267 2017 5360; baseline 0.015 -42"><span class='ocrx_word' id='word_1_449' title='bbox 332 5267 462 5320; x_wconf 79' lang='grc' dir='ltr'>ποτέ</span> <span class='ocrx_word' id='word_1_450' title='bbox 490 5271 606 5324; x_wconf 84' lang='grc' dir='ltr'>ἐστι</span> <span class='ocrx_word' id='word_1_451' title='bbox 635 5270 897 5337; x_wconf 86' lang='grc' dir='ltr'>θάνατος;</span> <span class='ocrx_word' id='word_1_452' title='bbox 963 5276 1267 5348; x_wconf 82' lang='grc' dir='ltr'>Ἀποδημία</span> <span class='ocrx_word' id='word_1_453' title='bbox 1312 5281 1671 5354; x_wconf 84' lang='grc' dir='ltr'>πρόσκαιρος,</span> <span class='ocrx_word' id='word_1_454' title='bbox 1707 5283 1876 5351; x_wconf 80' lang='grc' dir='ltr'>ὕπνος</span> <span class='ocrx_word' id='word_1_455' title='bbox 1909 5308 2017 5360; x_wconf 87' lang='grc' dir='ltr'>μα-</span> 
     </span>
    </p>
   </div>
   <div class='ocr_carea' id='block_1_58' title="bbox 330 5354 2015 5444">
    <p class='ocr_par' dir='ltr' id='par_1_58' title="bbox 330 5354 2015 5444">
     <span class='ocr_line' id='line_1_58' title="bbox 330 5354 2015 5444; baseline 0.014 -38"><span class='ocrx_word' id='word_1_456' title='bbox 330 5354 590 5426; x_wconf 85' lang='grc' dir='ltr'>κρότερος</span> <span class='ocrx_word' id='word_1_457' title='bbox 626 5358 721 5413; x_wconf 83' lang='grc' dir='ltr'>τοῦ</span> <span class='ocrx_word' id='word_1_458' title='bbox 766 5361 1059 5432; x_wconf 76' lang='grc' dir='ltr'>συνήθους·</span> <span class='ocrx_word' id='word_1_459' title='bbox 1092 5366 1232 5419; x_wconf 83' lang='grc' dir='ltr'>ὥστε</span> <span class='ocrx_word' id='word_1_460' title='bbox 1275 5370 1324 5420; x_wconf 86' lang='grc' dir='ltr'>εί</span> <span class='ocrx_word' id='word_1_461' title='bbox 1363 5370 1606 5434; x_wconf 78' lang='grc' dir='ltr'>δέδοικας</span> <span class='ocrx_word' id='word_1_462' title='bbox 1636 5371 1886 5439; x_wconf 85' lang='grc' dir='ltr'>θάνατον,</span> <span class='ocrx_word' id='word_1_463' title='bbox 1919 5394 2015 5444; x_wconf 82' lang='grc' dir='ltr'>φο-</span> 
     </span>
    </p>
   </div>
   <div class='ocr_carea' id='block_1_59' title="bbox 329 5439 2015 5530">
    <p class='ocr_par' dir='ltr' id='par_1_59' title="bbox 329 5439 2015 5530">
     <span class='ocr_line' id='line_1_59' title="bbox 329 5439 2015 5530; baseline 0.017 -39"><span class='ocrx_word' id='word_1_464' title='bbox 329 5439 427 5493; x_wconf 81' lang='grc' dir='ltr'>ϐοῦ</span> <span class='ocrx_word' id='word_1_465' title='bbox 473 5447 563 5498; x_wconf 72' lang='grc' dir='ltr'>καὶ</span> <span class='ocrx_word' id='word_1_466' title='bbox 596 5446 799 5503; x_wconf 72' lang='grc' dir='ltr'>ὕπνον·</span> <span class='ocrx_word' id='word_1_467' title='bbox 858 5452 907 5504; x_wconf 82' lang='grc' dir='ltr'>εί</span> <span class='ocrx_word' id='word_1_468' title='bbox 945 5451 1032 5506; x_wconf 70' lang='grc' dir='ltr'>διὰ</span> <span class='ocrx_word' id='word_1_469' title='bbox 1077 5455 1204 5519; x_wconf 75' lang='grc' dir='ltr'>τοὺς</span> <span class='ocrx_word' id='word_1_470' title='bbox 1250 5457 1618 5522; x_wconf 85' lang='grc' dir='ltr'>τελευτῶντας</span> <span class='ocrx_word' id='word_1_471' title='bbox 1664 5460 1870 5530; x_wconf 88' lang='grc' dir='ltr'>ἀλγεῖς,</span> <span class='ocrx_word' id='word_1_472' title='bbox 1924 5465 2015 5519; x_wconf 83' lang='grc' dir='ltr'>ἀλ-</span> 
     </span>
    </p>
   </div>
   <div class='ocr_carea' id='block_1_60' title="bbox 327 5537 2008 5617">
    <p class='ocr_par' dir='ltr' id='par_1_60' title="bbox 327 5537 2008 5617">
     <span class='ocr_line' id='line_1_60' title="bbox 327 5537 2008 5617; baseline 0.017 -38"><span class='ocrx_word' id='word_1_473' title='bbox 327 5541 497 5597; x_wconf 89' lang='grc' dir='ltr'>γησον</span> <span class='ocrx_word' id='word_1_474' title='bbox 549 5537 642 5588; x_wconf 81' lang='grc' dir='ltr'>καὶ</span> <span class='ocrx_word' id='word_1_475' title='bbox 685 5537 773 5592; x_wconf 70' lang='grc' dir='ltr'>διὰ</span> <span class='ocrx_word' id='word_1_476' title='bbox 816 5541 942 5604; x_wconf 81' lang='grc' dir='ltr'>τοὺς</span> <span class='ocrx_word' id='word_1_477' title='bbox 982 5543 1260 5608; x_wconf 86' lang='grc' dir='ltr'>ἐσθίοντας</span> <span class='ocrx_word' id='word_1_478' title='bbox 1291 5549 1385 5600; x_wconf 77' lang='grc' dir='ltr'>καὶ</span> <span class='ocrx_word' id='word_1_479' title='bbox 1417 5549 1506 5602; x_wconf 81' lang='grc' dir='ltr'>διὰ</span> <span class='ocrx_word' id='word_1_480' title='bbox 1548 5552 1676 5615; x_wconf 75' lang='grc' dir='ltr'>τοὺς</span> <span class='ocrx_word' id='word_1_481' title='bbox 1722 5553 2008 5617; x_wconf 91' lang='grc' dir='ltr'>πίνοντας·</span> 
     </span>
    </p>
   </div>
   <div class='ocr_carea' id='block_1_61' title="bbox 326 5613 2011 5712">
    <p class='ocr_par' dir='ltr' id='par_1_61' title="bbox 326 5613 2011 5712">
     <span class='ocr_line' id='line_1_61' title="bbox 326 5613 2011 5712; baseline 0.018 -45"><span class='ocrx_word' id='word_1_482' title='bbox 326 5613 516 5691; x_wconf 81' lang='grc' dir='ltr'>ὥσπερ</span> <span class='ocrx_word' id='word_1_483' title='bbox 560 5622 666 5696; x_wconf 70' lang='grc' dir='ltr'>γὰρ</span> <span class='ocrx_word' id='word_1_484' title='bbox 699 5626 856 5680; x_wconf 76' lang='grc' dir='ltr'>τούτο</span> <span class='ocrx_word' id='word_1_485' title='bbox 898 5632 1147 5698; x_wconf 70' lang='grc' dir='ltr'>φυσικὸν,</span> <span class='ocrx_word' id='word_1_486' title='bbox 1180 5633 1322 5687; x_wconf 71' lang='grc' dir='ltr'>οὕτω</span> <span class='ocrx_word' id='word_1_487' title='bbox 1351 5637 1592 5693; x_wconf 85' lang='grc' dir='ltr'>κάκεῖνο.</span> <span class='ocrx_word' id='word_1_488' title='bbox 1638 5641 1730 5712; x_wconf 80' lang='grc' dir='ltr'>Μὴ</span> <span class='ocrx_word' id='word_1_489' title='bbox 1770 5641 2011 5697; x_wconf 86' lang='grc' dir='ltr'>λυπείτω</span> 
     </span>
    </p>
   </div>
   <div class='ocr_carea' id='block_1_62' title="bbox 388 5774 2008 5862">
    <p class='ocr_par' dir='ltr' id='par_1_62' title="bbox 388 5774 2008 5862">
     <span class='ocr_line' id='line_1_62' title="bbox 388 5774 2008 5862; baseline 0.017 -41"><span class='ocrx_word' id='word_1_490' title='bbox 388 5774 558 5862; x_wconf 45' lang='grc' dir='ltr'>ξειθι</span> <span class='ocrx_word' id='word_1_491' title='bbox 567 5781 826 5862; x_wconf 50' lang='lat'><em>£13119&quot;?!</em></span> <span class='ocrx_word' id='word_1_492' title='bbox 843 5790 1460 5862; x_wconf 51' lang='lat' dir='ltr'><em>ms§.§161w10;ﬁ1{1v,1110rel</em></span> <span class='ocrx_word' id='word_1_493' title='bbox 1470 5835 1477 5842; x_wconf 95' lang='lat'>.</span> <span class='ocrx_word' id='word_1_494' title='bbox 1487 5802 1536 5844; x_wconf 86' lang='lat' dir='ltr'>el.</span> <span class='ocrx_word' id='word_1_495' title='bbox 1549 5795 1630 5862; x_wconf 50' lang='grc' dir='ltr'>ιιίὶλί</span> <span class='ocrx_word' id='word_1_496' title='bbox 1643 5797 1844 5856; x_wconf 80' lang='grc' dir='ltr'>ἀϐίωτος</span> <span class='ocrx_word' id='word_1_497' title='bbox 1853 5802 2008 5862; x_wconf 86' lang='grc' dir='ltr'>ἡμῶν.</span> 
     </span>
    </p>
   </div>
   <div class='ocr_carea' id='block_1_63' title="bbox 390 5835 2010 5926">
    <p class='ocr_par' dir='ltr' id='par_1_63' title="bbox 390 5835 2010 5926">
     <span class='ocr_line' id='line_1_63' title="bbox 390 5835 2010 5926; baseline 0.019 -43"><span class='ocrx_word' id='word_1_498' title='bbox 390 5835 420 5875; x_wconf 71' lang='lat' dir='ltr'><strong>h</strong></span> <span class='ocrx_word' id='word_1_499' title='bbox 443 5841 660 5926; x_wconf 32' lang='lat' dir='ltr'>.Kaggaw</span> <span class='ocrx_word' id='word_1_500' title='bbox 684 5835 1053 5926; x_wconf 58' lang='grc' dir='ltr'>οίκιιξινηυὶιίιιηι</span> <span class='ocrx_word' id='word_1_501' title='bbox 1077 5835 1361 5926; x_wconf 48' lang='grc' dir='ltr'>ιίῴξὶλειῖιο</span> <span class='ocrx_word' id='word_1_502' title='bbox 1377 5835 1701 5916; x_wconf 44' lang='grc' dir='ltr'>ριιειναυὶόιῆη</span> 
     </span>
    </p>
   </div>
   <div class='ocr_carea' id='block_1_64' title="bbox 330 5899 1395 5974">
    <p class='ocr_par' dir='ltr' id='par_1_64' title="bbox 330 5899 1395 5974">
     <span class='ocr_line' id='line_1_64' title="bbox 330 5899 1395 5974; baseline 0.016 -28"><span class='ocrx_word' id='word_1_503' title='bbox 330 5899 413 5974; x_wconf 57' lang='grc' dir='ltr'>υῦχ</span> <span class='ocrx_word' id='word_1_504' title='bbox 437 5900 633 5974; x_wconf 32' lang='grc' dir='ltr'>ἒξταιῦθα</span> <span class='ocrx_word' id='word_1_505' title='bbox 657 5906 762 5974; x_wconf 76' lang='grc' dir='ltr'>πρὶν</span> <span class='ocrx_word' id='word_1_506' title='bbox 785 5910 818 5974; x_wconf 28' lang='grc' dir='ltr'>ἢ.</span> <span class='ocrx_word' id='word_1_507' title='bbox 834 5899 916 5956; x_wconf 69' lang='grc' dir='ltr'>τόν</span> <span class='ocrx_word' id='word_1_508' title='bbox 943 5913 1048 5974; x_wconf 74' lang='grc' dir='ltr'>περὶ</span> <span class='ocrx_word' id='word_1_509' title='bbox 1069 5910 1153 5958; x_wconf 74' lang='grc' dir='ltr'>τού</span> <span class='ocrx_word' id='word_1_510' title='bbox 1177 5899 1395 5963; x_wconf 63' lang='grc' dir='ltr'>θανατοιοῖ</span> 
     </span>
    </p>
   </div>
   <div class='ocr_carea' id='block_1_65' title="bbox 393 5956 921 6019">
    <p class='ocr_par' dir='ltr' id='par_1_65' title="bbox 393 5956 921 6019">
     <span class='ocr_line' id='line_1_65' title="bbox 393 5956 921 6019; baseline 0.021 -14"><span class='ocrx_word' id='word_1_511' title='bbox 393 5963 413 5992; x_wconf 71' lang='grc' dir='ltr'><em>ε</em></span> <span class='ocrx_word' id='word_1_512' title='bbox 450 5956 549 6009; x_wconf 75' lang='lat' dir='ltr'>Alli</span> <span class='ocrx_word' id='word_1_513' title='bbox 570 5956 921 6019; x_wconf 69' lang='grc' dir='ltr'>ὑποδεεσῖέοαν.</span> 
     </span>
    </p>
   </div>
   <div class='ocr_carea' id='block_1_66' title="bbox 2169 438 3826 513">
    <p class='ocr_par' dir='ltr' id='par_1_66' title="bbox 2169 438 3826 513">
     <span class='ocr_line' id='line_1_66' title="bbox 2169 438 3826 513; baseline -0.002 -18"><span class='ocrx_word' id='word_1_514' title='bbox 2169 459 2226 495; x_wconf 92' lang='grc' dir='ltr'>σε</span> <span class='ocrx_word' id='word_1_515' title='bbox 2292 441 2361 495; x_wconf 68' lang='grc' dir='ltr'>τά</span> <span class='ocrx_word' id='word_1_516' title='bbox 2426 445 2527 513; x_wconf 75' lang='grc' dir='ltr'>τῆς</span> <span class='ocrx_word' id='word_1_517' title='bbox 2560 441 2800 511; x_wconf 84' lang='grc' dir='ltr'>φύσεως,</span> <span class='ocrx_word' id='word_1_518' title='bbox 2862 439 3103 492; x_wconf 82' lang='grc' dir='ltr'>λυπείτω</span> <span class='ocrx_word' id='word_1_519' title='bbox 3140 450 3198 493; x_wconf 82' lang='grc' dir='ltr'>σε</span> <span class='ocrx_word' id='word_1_520' title='bbox 3260 438 3461 509; x_wconf 74' lang='grc' dir='ltr'>μᾶλλον</span> <span class='ocrx_word' id='word_1_521' title='bbox 3510 438 3579 492; x_wconf 83' lang='grc' dir='ltr'>τὰ</span> <span class='ocrx_word' id='word_1_522' title='bbox 3616 438 3712 505; x_wconf 78' lang='grc' dir='ltr'>τῆς</span> <span class='ocrx_word' id='word_1_523' title='bbox 3743 455 3826 492; x_wconf 76' lang='grc' dir='ltr'>τιο-</span> 
     </span>
    </p>
   </div>
   <div class='ocr_carea' id='block_1_67' title="bbox 2168 525 3828 601">
    <p class='ocr_par' dir='ltr' id='par_1_67' title="bbox 2168 525 3828 601">
     <span class='ocr_line' id='line_1_67' title="bbox 2168 525 3828 601; baseline -0.002 -19"><span class='ocrx_word' id='word_1_524' title='bbox 2168 533 2339 599; x_wconf 78' lang='grc' dir='ltr'>νηρσῖς</span> <span class='ocrx_word' id='word_1_525' title='bbox 2399 530 2799 601; x_wconf 84' lang='grc' dir='ltr'>προαιρέσεως,</span> <span class='ocrx_word' id='word_1_526' title='bbox 2858 527 2994 598; x_wconf 88' lang='grc' dir='ltr'>μηδέ</span> <span class='ocrx_word' id='word_1_527' title='bbox 3031 527 3124 580; x_wconf 75' lang='grc' dir='ltr'>τὸν</span> <span class='ocrx_word' id='word_1_528' title='bbox 3161 525 3497 581; x_wconf 79' lang='grc' dir='ltr'>τελευτῶντα</span> <span class='ocrx_word' id='word_1_529' title='bbox 3554 525 3828 600; x_wconf 63' lang='grc' dir='ltr'>πενθήσεις,</span> 
     </span>
    </p>
   </div>
   <div class='ocr_carea' id='block_1_68' title="bbox 2177 616 3368 690">
    <p class='ocr_par' dir='ltr' id='par_1_68' title="bbox 2177 616 3368 690">
     <span class='ocr_line' id='line_1_68' title="bbox 2177 616 3368 690; baseline 0 -18"><span class='ocrx_word' id='word_1_530' title='bbox 2177 619 2313 672; x_wconf 80' lang='grc' dir='ltr'>ἀλλά</span> <span class='ocrx_word' id='word_1_531' title='bbox 2337 619 2603 690; x_wconf 89' lang='grc' dir='ltr'>πένθησον</span> <span class='ocrx_word' id='word_1_532' title='bbox 2631 618 2722 670; x_wconf 81' lang='lat' dir='ltr'><em>16v</em></span> <span class='ocrx_word' id='word_1_533' title='bbox 2751 619 2810 670; x_wconf 88' lang='grc' dir='ltr'>ἐν</span> <span class='ocrx_word' id='word_1_534' title='bbox 2846 617 3144 688; x_wconf 79' lang='grc' dir='ltr'>ἁμαρτίαις</span> <span class='ocrx_word' id='word_1_535' title='bbox 3167 616 3368 683; x_wconf 80' lang='grc' dir='ltr'>ζῶντα.</span> 
     </span>
    </p>
   </div>
   <div class='ocr_carea' id='block_1_69' title="bbox 2247 703 3831 776">
    <p class='ocr_par' dir='ltr' id='par_1_69' title="bbox 2247 703 3831 776">
     <span class='ocr_line' id='line_1_69' title="bbox 2247 703 3831 776; baseline 0.003 -20"><span class='ocrx_word' id='word_1_536' title='bbox 2247 703 2308 756; x_wconf 89' lang='grc' dir='ltr'>δ’.</span> <span class='ocrx_word' id='word_1_537' title='bbox 2331 703 2764 758; x_wconf 59' lang='lat' dir='ltr'><em>lio-51113511011111</em></span> <span class='ocrx_word' id='word_1_538' title='bbox 2782 704 2976 776; x_wconf 80' lang='grc' dir='ltr'>ἑτέραν</span> <span class='ocrx_word' id='word_1_539' title='bbox 3021 705 3223 769; x_wconf 84' lang='grc' dir='ltr'>αἰτίαν,</span> <span class='ocrx_word' id='word_1_540' title='bbox 3275 705 3341 758; x_wconf 84' lang='grc' dir='ltr'>δι’</span> <span class='ocrx_word' id='word_1_541' title='bbox 3375 706 3442 776; x_wconf 78' lang='grc' dir='ltr'>ῆν</span> <span class='ocrx_word' id='word_1_542' title='bbox 3487 703 3576 758; x_wconf 73' lang='grc' dir='ltr'>τὸν</span> <span class='ocrx_word' id='word_1_543' title='bbox 3625 704 3831 760; x_wconf 78' lang='grc' dir='ltr'>θάνατον</span> 
     </span>
    </p>
   </div>
   <div class='ocr_carea' id='block_1_70' title="bbox 2175 789 3832 864">
    <p class='ocr_par' dir='ltr' id='par_1_70' title="bbox 2175 789 3832 864">
     <span class='ocr_line' id='line_1_70' title="bbox 2175 789 3832 864; baseline 0.002 -20"><span class='ocrx_word' id='word_1_544' title='bbox 2175 791 2527 860; x_wconf 74' lang='grc' dir='ltr'>δεδοίκαμενς</span> <span class='ocrx_word' id='word_1_545' title='bbox 2559 790 2632 842; x_wconf 82' lang='grc' dir='ltr'><strong>Οὐ</strong></span> <span class='ocrx_word' id='word_1_546' title='bbox 2663 789 2846 861; x_wconf 76' lang='grc' dir='ltr'>ζῶμεν</span> <span class='ocrx_word' id='word_1_547' title='bbox 2885 793 3004 862; x_wconf 84' lang='grc' dir='ltr'>μετ’</span> <span class='ocrx_word' id='word_1_548' title='bbox 3036 792 3345 864; x_wconf 84' lang='grc' dir='ltr'>ἀκριϐείας,</span> <span class='ocrx_word' id='word_1_549' title='bbox 3373 793 3474 846; x_wconf 81' lang='grc' dir='ltr'>οὐκ</span> <span class='ocrx_word' id='word_1_550' title='bbox 3497 794 3686 864; x_wconf 73' lang='grc' dir='ltr'>ἔχομεν</span> <span class='ocrx_word' id='word_1_551' title='bbox 3723 813 3832 849; x_wconf 88' lang='grc' dir='ltr'>συν-</span> 
     </span>
    </p>
   </div>
   <div class='ocr_carea' id='block_1_71' title="bbox 2171 875 3831 954">
    <p class='ocr_par' dir='ltr' id='par_1_71' title="bbox 2171 875 3831 954">
     <span class='ocr_line' id='line_1_71' title="bbox 2171 875 3831 954; baseline 0.004 -23"><span class='ocrx_word' id='word_1_552' title='bbox 2171 878 2314 942; x_wconf 79' lang='grc' dir='ltr'>ειδὸς</span> <span class='ocrx_word' id='word_1_553' title='bbox 2349 877 2580 945; x_wconf 78' lang='grc' dir='ltr'>ἀγαθόν·</span> <span class='ocrx_word' id='word_1_554' title='bbox 2627 878 2704 941; x_wconf 85' lang='grc' dir='ltr'>ὡς</span> <span class='ocrx_word' id='word_1_555' title='bbox 2738 880 2788 931; x_wconf 77' lang='grc' dir='ltr'>εἰ</span> <span class='ocrx_word' id='word_1_556' title='bbox 2817 879 2978 932; x_wconf 79' lang='grc' dir='ltr'>τοῦτο</span> <span class='ocrx_word' id='word_1_557' title='bbox 3005 875 3094 951; x_wconf 79' lang='grc' dir='ltr'>ἦν,</span> <span class='ocrx_word' id='word_1_558' title='bbox 3115 880 3269 933; x_wconf 76' lang='grc' dir='ltr'>οὐδὲν</span> <span class='ocrx_word' id='word_1_559' title='bbox 3297 882 3442 951; x_wconf 84' lang='grc' dir='ltr'>ήμᾶς</span> <span class='ocrx_word' id='word_1_560' title='bbox 3475 881 3541 936; x_wconf 84' lang='grc' dir='ltr'>ἂν</span> <span class='ocrx_word' id='word_1_561' title='bbox 3563 881 3831 954; x_wconf 85' lang='grc' dir='ltr'>ἐφόϐησεν,</span> 
     </span>
    </p>
   </div>
   <div class='ocr_carea' id='block_1_72' title="bbox 2172 964 3832 1040">
    <p class='ocr_par' dir='ltr' id='par_1_72' title="bbox 2172 964 3832 1040">
     <span class='ocr_line' id='line_1_72' title="bbox 2172 964 3832 1040; baseline 0.004 -22"><span class='ocrx_word' id='word_1_562' title='bbox 2172 967 2234 1018; x_wconf 83' lang='grc' dir='ltr'>ού</span> <span class='ocrx_word' id='word_1_563' title='bbox 2267 966 2517 1029; x_wconf 84' lang='grc' dir='ltr'>θάνατος,</span> <span class='ocrx_word' id='word_1_564' title='bbox 2555 965 2618 1018; x_wconf 83' lang='grc' dir='ltr'>οὐ</span> <span class='ocrx_word' id='word_1_565' title='bbox 2649 964 2832 1036; x_wconf 86' lang='grc' dir='ltr'>λιμὸς,</span> <span class='ocrx_word' id='word_1_566' title='bbox 2855 966 2916 1019; x_wconf 77' lang='grc' dir='ltr'>οὐ</span> <span class='ocrx_word' id='word_1_567' title='bbox 2959 967 3131 1038; x_wconf 72' lang='grc' dir='ltr'>ζημία</span> <span class='ocrx_word' id='word_1_568' title='bbox 3169 967 3493 1040; x_wconf 86' lang='grc' dir='ltr'>χρημάτων,</span> <span class='ocrx_word' id='word_1_569' title='bbox 3517 970 3617 1022; x_wconf 78' lang='grc' dir='ltr'>οὐκ</span> <span class='ocrx_word' id='word_1_570' title='bbox 3646 970 3766 1024; x_wconf 83' lang='grc' dir='ltr'>ἀλλο</span> <span class='ocrx_word' id='word_1_571' title='bbox 3788 989 3832 1025; x_wconf 90' lang='grc' dir='ltr'>τι</span> 
     </span>
    </p>
   </div>
   <div class='ocr_carea' id='block_1_73' title="bbox 2173 1051 3833 1125">
    <p class='ocr_par' dir='ltr' id='par_1_73' title="bbox 2173 1051 3833 1125">
     <span class='ocr_line' id='line_1_73' title="bbox 2173 1051 3833 1125; baseline 0.004 -21"><span class='ocrx_word' id='word_1_572' title='bbox 2173 1053 2280 1105; x_wconf 89' lang='grc' dir='ltr'>τῶν</span> <span class='ocrx_word' id='word_1_573' title='bbox 2305 1051 2565 1104; x_wconf 82' lang='grc' dir='ltr'>τοιούτων</span> <span class='ocrx_word' id='word_1_574' title='bbox 2591 1051 2764 1105; x_wconf 80' lang='grc' dir='ltr'>οὐδέν.</span> <span class='ocrx_word' id='word_1_575' title='bbox 2802 1052 2905 1105; x_wconf 79' lang='grc' dir='ltr'>Τὸν</span> <span class='ocrx_word' id='word_1_576' title='bbox 2926 1052 3035 1123; x_wconf 87' lang='grc' dir='ltr'>γὰρ</span> <span class='ocrx_word' id='word_1_577' title='bbox 3068 1055 3126 1107; x_wconf 90' lang='grc' dir='ltr'>ἐν</span> <span class='ocrx_word' id='word_1_578' title='bbox 3156 1055 3324 1125; x_wconf 82' lang='grc' dir='ltr'>ἀρετῇ</span> <span class='ocrx_word' id='word_1_579' title='bbox 3352 1054 3532 1119; x_wconf 78' lang='grc' dir='ltr'>ζῶντα</span> <span class='ocrx_word' id='word_1_580' title='bbox 3561 1057 3709 1110; x_wconf 76' lang='grc' dir='ltr'>οὐδὲν</span> <span class='ocrx_word' id='word_1_581' title='bbox 3727 1063 3833 1110; x_wconf 77' lang='lat'><em>10&#39;;-</em></span> 
     </span>
    </p>
   </div>
   <div class='ocr_carea' id='block_1_74' title="bbox 2169 1139 3833 1216">
    <p class='ocr_par' dir='ltr' id='par_1_74' title="bbox 2169 1139 3833 1216">
     <span class='ocr_line' id='line_1_74' title="bbox 2169 1139 3833 1216; baseline 0.004 -24"><span class='ocrx_word' id='word_1_582' title='bbox 2169 1158 2280 1193; x_wconf 90' lang='grc' dir='ltr'>των</span> <span class='ocrx_word' id='word_1_583' title='bbox 2315 1139 2674 1211; x_wconf 67' lang='grc' dir='ltr'>παραϐλάψαι</span> <span class='ocrx_word' id='word_1_584' title='bbox 2716 1139 3024 1210; x_wconf 83' lang='grc' dir='ltr'>δυνήσεται,</span> <span class='ocrx_word' id='word_1_585' title='bbox 3061 1141 3170 1194; x_wconf 83' lang='grc' dir='ltr'>οὐδ’</span> <span class='ocrx_word' id='word_1_586' title='bbox 3215 1142 3514 1212; x_wconf 83' lang='grc' dir='ltr'>ἀφελέσθαι</span> <span class='ocrx_word' id='word_1_587' title='bbox 3563 1145 3662 1216; x_wconf 77' lang='grc' dir='ltr'>τὴν</span> <span class='ocrx_word' id='word_1_588' title='bbox 3703 1145 3833 1199; x_wconf 74' lang='grc' dir='ltr'>ἔνδον</span> 
     </span>
    </p>
   </div>
   <div class='ocr_carea' id='block_1_75' title="bbox 2172 1227 3832 1301">
    <p class='ocr_par' dir='ltr' id='par_1_75' title="bbox 2172 1227 3832 1301">
     <span class='ocr_line' id='line_1_75' title="bbox 2172 1227 3832 1301; baseline 0.005 -21"><span class='ocrx_word' id='word_1_589' title='bbox 2172 1228 2366 1299; x_wconf 83' lang='grc' dir='ltr'>ήδονήν</span> <span class='ocrx_word' id='word_1_590' title='bbox 2385 1243 2398 1257; x_wconf 95' lang='grc'>·</span> <span class='ocrx_word' id='word_1_591' title='bbox 2436 1227 2528 1281; x_wconf 80' lang='grc' dir='ltr'>τὸν</span> <span class='ocrx_word' id='word_1_592' title='bbox 2556 1229 2666 1299; x_wconf 78' lang='grc' dir='ltr'>γάρ</span> <span class='ocrx_word' id='word_1_593' title='bbox 2699 1230 2968 1298; x_wconf 85' lang='grc' dir='ltr'>χρησταῖς</span> <span class='ocrx_word' id='word_1_594' title='bbox 2996 1230 3426 1301; x_wconf 84' lang='grc' dir='ltr'>συντρεφόμενον</span> <span class='ocrx_word' id='word_1_595' title='bbox 3467 1231 3674 1286; x_wconf 89' lang='grc' dir='ltr'>ἐλπίσιν</span> <span class='ocrx_word' id='word_1_596' title='bbox 3699 1234 3832 1288; x_wconf 70' lang='grc' dir='ltr'>οὐδὲν</span> 
     </span>
    </p>
   </div>
   <div class='ocr_carea' id='block_1_76' title="bbox 2171 1314 3834 1392">
    <p class='ocr_par' dir='ltr' id='par_1_76' title="bbox 2171 1314 3834 1392">
     <span class='ocr_line' id='line_1_76' title="bbox 2171 1314 3834 1392; baseline 0.004 -26"><span class='ocrx_word' id='word_1_597' title='bbox 2171 1317 2252 1379; x_wconf 85' lang='grc' dir='ltr'>είς</span> <span class='ocrx_word' id='word_1_598' title='bbox 2279 1315 2522 1387; x_wconf 87' lang='grc' dir='ltr'>ἀθυμίαν</span> <span class='ocrx_word' id='word_1_599' title='bbox 2549 1315 2806 1385; x_wconf 88' lang='grc' dir='ltr'>ἐμϐαλεῖν</span> <span class='ocrx_word' id='word_1_600' title='bbox 2838 1314 3148 1384; x_wconf 88' lang='grc' dir='ltr'>δυνήσεται.</span> <span class='ocrx_word' id='word_1_601' title='bbox 3194 1317 3260 1369; x_wconf 88' lang='grc' dir='ltr'>Τί</span> <span class='ocrx_word' id='word_1_602' title='bbox 3303 1317 3414 1388; x_wconf 78' lang='grc' dir='ltr'>γάρ</span> <span class='ocrx_word' id='word_1_603' title='bbox 3449 1319 3730 1392; x_wconf 88' lang='grc' dir='ltr'>ἐργάσαιτό</span> <span class='ocrx_word' id='word_1_604' title='bbox 3762 1338 3834 1382; x_wconf 85' lang='grc' dir='ltr'>τις</span> 
     </span>
    </p>
   </div>
   <div class='ocr_carea' id='block_1_77' title="bbox 2170 1397 3833 1481">
    <p class='ocr_par' dir='ltr' id='par_1_77' title="bbox 2170 1397 3833 1481">
     <span class='ocr_line' id='line_1_77' title="bbox 2170 1397 3833 1481; baseline 0.004 -26"><span class='ocrx_word' id='word_1_605' title='bbox 2170 1403 2406 1466; x_wconf 79' lang='grc' dir='ltr'>τοιοῦτο,</span> <span class='ocrx_word' id='word_1_606' title='bbox 2453 1403 2522 1456; x_wconf 83' lang='grc' dir='ltr'>δι’</span> <span class='ocrx_word' id='word_1_607' title='bbox 2571 1397 2632 1457; x_wconf 69' lang='grc' dir='ltr'>οὗ</span> <span class='ocrx_word' id='word_1_608' title='bbox 2660 1403 2753 1456; x_wconf 78' lang='grc' dir='ltr'>τὸν</span> <span class='ocrx_word' id='word_1_609' title='bbox 2793 1406 3040 1473; x_wconf 89' lang='grc' dir='ltr'>γενναῖον</span> <span class='ocrx_word' id='word_1_610' title='bbox 3075 1404 3246 1475; x_wconf 85' lang='grc' dir='ltr'>ἀνδρα</span> <span class='ocrx_word' id='word_1_611' title='bbox 3277 1407 3687 1478; x_wconf 87' lang='grc' dir='ltr'>παρασκευάσει</span> <span class='ocrx_word' id='word_1_612' title='bbox 3730 1407 3833 1481; x_wconf 76' lang='lat'>[65]</span> 
     </span>
    </p>
   </div>
   <div class='ocr_carea' id='block_1_78' title="bbox 2170 1491 3834 1566">
    <p class='ocr_par' dir='ltr' id='par_1_78' title="bbox 2170 1491 3834 1566">
     <span class='ocr_line' id='line_1_78' title="bbox 2170 1491 3834 1566; baseline 0.004 -22"><span class='ocrx_word' id='word_1_613' title='bbox 2170 1491 2492 1556; x_wconf 86' lang='grc' dir='ltr'>λυπεῖσθαι;</span> <span class='ocrx_word' id='word_1_614' title='bbox 2551 1493 2807 1564; x_wconf 83' lang='grc' dir='ltr'>Χρήματ⁹</span> <span class='ocrx_word' id='word_1_615' title='bbox 2850 1494 3253 1564; x_wconf 68' lang='grc' dir='ltr'>ἀφαιρήσεται;</span> <span class='ocrx_word' id='word_1_616' title='bbox 3309 1494 3424 1548; x_wconf 88' lang='grc' dir='ltr'>ἀλλ’</span> <span class='ocrx_word' id='word_1_617' title='bbox 3463 1495 3576 1566; x_wconf 74' lang='grc' dir='ltr'>ἔχει</span> <span class='ocrx_word' id='word_1_618' title='bbox 3623 1496 3834 1551; x_wconf 76' lang='grc' dir='ltr'>πλοῦτον</span> 
     </span>
    </p>
   </div>
   <div class='ocr_carea' id='block_1_79' title="bbox 2167 1581 3832 1656">
    <p class='ocr_par' dir='ltr' id='par_1_79' title="bbox 2167 1581 3832 1656">
     <span class='ocr_line' id='line_1_79' title="bbox 2167 1581 3832 1656; baseline 0.004 -23"><span class='ocrx_word' id='word_1_619' title='bbox 2167 1581 2259 1634; x_wconf 77' lang='grc' dir='ltr'>τὸν</span> <span class='ocrx_word' id='word_1_620' title='bbox 2295 1582 2354 1634; x_wconf 92' lang='grc' dir='ltr'>ἐν</span> <span class='ocrx_word' id='word_1_621' title='bbox 2384 1584 2494 1643; x_wconf 84' lang='grc' dir='ltr'>τοῖς</span> <span class='ocrx_word' id='word_1_622' title='bbox 2525 1581 2586 1634; x_wconf 84' lang='grc' dir='ltr'>οὑ</span> <span class='ocrx_word' id='word_1_623' title='bbox 2597 1585 2797 1652; x_wconf 89' lang='grc' dir='ltr'>ρανοῖς.</span> <span class='ocrx_word' id='word_1_624' title='bbox 2845 1581 3007 1636; x_wconf 82' lang='grc' dir='ltr'>Ἀλλά</span> <span class='ocrx_word' id='word_1_625' title='bbox 3038 1584 3140 1652; x_wconf 87' lang='grc' dir='ltr'>τῆς</span> <span class='ocrx_word' id='word_1_626' title='bbox 3165 1583 3428 1656; x_wconf 88' lang='grc' dir='ltr'>πατρίδος</span> <span class='ocrx_word' id='word_1_627' title='bbox 3459 1585 3706 1651; x_wconf 89' lang='grc' dir='ltr'>ἐκϐαλεῖ;</span> <span class='ocrx_word' id='word_1_628' title='bbox 3732 1587 3832 1640; x_wconf 87' lang='grc' dir='ltr'>ἀλλ’</span> 
     </span>
    </p>
   </div>
   <div class='ocr_carea' id='block_1_80' title="bbox 2167 1669 3832 1747">
    <p class='ocr_par' dir='ltr' id='par_1_80' title="bbox 2167 1669 3832 1747">
     <span class='ocr_line' id='line_1_80' title="bbox 2167 1669 3832 1747; baseline 0.005 -26"><span class='ocrx_word' id='word_1_629' title='bbox 2167 1670 2250 1733; x_wconf 86' lang='grc' dir='ltr'>εἰς</span> <span class='ocrx_word' id='word_1_630' title='bbox 2295 1669 2397 1739; x_wconf 78' lang='grc' dir='ltr'>τὴν</span> <span class='ocrx_word' id='word_1_631' title='bbox 2427 1669 2540 1723; x_wconf 84' lang='grc' dir='ltr'>ἄνω</span> <span class='ocrx_word' id='word_1_632' title='bbox 2587 1670 2745 1724; x_wconf 75' lang='grc' dir='ltr'>⁴ιὶιόλιν</span> <span class='ocrx_word' id='word_1_633' title='bbox 2782 1671 2960 1724; x_wconf 86' lang='grc' dir='ltr'>στελεῖ</span> <span class='ocrx_word' id='word_1_634' title='bbox 3000 1670 3052 1726; x_wconf 71' lang='grc' dir='ltr'>ἀ.</span> <span class='ocrx_word' id='word_1_635' title='bbox 3103 1671 3263 1726; x_wconf 76' lang='grc' dir='ltr'>Ἀλλά</span> <span class='ocrx_word' id='word_1_636' title='bbox 3311 1673 3488 1744; x_wconf 83' lang='grc' dir='ltr'>δεσμὰ</span> <span class='ocrx_word' id='word_1_637' title='bbox 3531 1675 3832 1747; x_wconf 85' lang='grc' dir='ltr'>περιθήσει;</span> 
     </span>
    </p>
   </div>
   <div class='ocr_carea' id='block_1_81' title="bbox 2165 1757 3834 1834">
    <p class='ocr_par' dir='ltr' id='par_1_81' title="bbox 2165 1757 3834 1834">
     <span class='ocr_line' id='line_1_81' title="bbox 2165 1757 3834 1834; baseline 0.005 -25"><span class='ocrx_word' id='word_1_638' title='bbox 2165 1757 2283 1810; x_wconf 78' lang='grc' dir='ltr'>ἀλλ’</span> <span class='ocrx_word' id='word_1_639' title='bbox 2319 1757 2431 1828; x_wconf 72' lang='grc' dir='ltr'>ἔχει</span> <span class='ocrx_word' id='word_1_640' title='bbox 2477 1757 2542 1812; x_wconf 88' lang='lat'>16</span> <span class='ocrx_word' id='word_1_641' title='bbox 2578 1758 2820 1823; x_wconf 79' lang='grc' dir='ltr'>συνειδὸς</span> <span class='ocrx_word' id='word_1_642' title='bbox 2861 1759 3170 1830; x_wconf 86' lang='grc' dir='ltr'>λελυμένον,</span> <span class='ocrx_word' id='word_1_643' title='bbox 3207 1763 3302 1815; x_wconf 64' lang='grc' dir='ltr'>καὶ⁵</span> <span class='ocrx_word' id='word_1_644' title='bbox 3344 1763 3444 1834; x_wconf 86' lang='grc' dir='ltr'>τῆς</span> <span class='ocrx_word' id='word_1_645' title='bbox 3490 1763 3687 1830; x_wconf 76' lang='grc' dir='ltr'>ἔξωθεν</span> <span class='ocrx_word' id='word_1_646' title='bbox 3720 1764 3834 1818; x_wconf 72' lang='lat' dir='ltr'><em>d116-</em></span> 
     </span>
    </p>
   </div>
   <div class='ocr_carea' id='block_1_82' title="bbox 2167 1845 3831 1920">
    <p class='ocr_par' dir='ltr' id='par_1_82' title="bbox 2167 1845 3831 1920">
     <span class='ocr_line' id='line_1_82' title="bbox 2167 1845 3831 1920; baseline 0.004 -24"><span class='ocrx_word' id='word_1_647' title='bbox 2167 1861 2306 1908; x_wconf 83' lang='grc' dir='ltr'>σεως</span> <span class='ocrx_word' id='word_1_648' title='bbox 2355 1845 2455 1898; x_wconf 80' lang='grc' dir='ltr'>οὐκ</span> <span class='ocrx_word' id='word_1_649' title='bbox 2500 1845 2841 1901; x_wconf 79' lang='grc' dir='ltr'>αἰσθάνεται.</span> <span class='ocrx_word' id='word_1_650' title='bbox 2890 1846 3031 1900; x_wconf 79' lang='grc' dir='ltr'>Ἀλλ’</span> <span class='ocrx_word' id='word_1_651' title='bbox 3062 1847 3350 1920; x_wconf 80' lang='grc' dir='ltr'>ἀναιρήσει</span> <span class='ocrx_word' id='word_1_652' title='bbox 3390 1849 3452 1902; x_wconf 77' lang='grc' dir='ltr'>τὸ</span> <span class='ocrx_word' id='word_1_653' title='bbox 3498 1850 3686 1920; x_wconf 85' lang='grc' dir='ltr'>σῶμα;</span> <span class='ocrx_word' id='word_1_654' title='bbox 3729 1849 3831 1907; x_wconf 83' lang='grc' dir='ltr'>ἀλλ’</span> 
     </span>
    </p>
   </div>
   <div class='ocr_carea' id='block_1_83' title="bbox 2165 1934 3830 2012">
    <p class='ocr_par' dir='ltr' id='par_1_83' title="bbox 2165 1934 3830 2012">
     <span class='ocr_line' id='line_1_83' title="bbox 2165 1934 3830 2012; baseline 0.006 -26"><span class='ocrx_word' id='word_1_655' title='bbox 2165 1934 2533 2003; x_wconf 82' lang='grc' dir='ltr'>ἀναστήσεται</span> <span class='ocrx_word' id='word_1_656' title='bbox 2567 1935 2732 1990; x_wconf 85' lang='grc' dir='ltr'>πάλιν</span> <span class='ocrx_word' id='word_1_657' title='bbox 2754 1953 2768 1968; x_wconf 93' lang='grc'>·</span> <span class='ocrx_word' id='word_1_658' title='bbox 2807 1937 2904 1991; x_wconf 71' lang='grc' dir='ltr'>καὶ</span> <span class='ocrx_word' id='word_1_659' title='bbox 2938 1936 3193 2010; x_wconf 87' lang='grc' dir='ltr'>καθάπερ</span> <span class='ocrx_word' id='word_1_660' title='bbox 3229 1939 3258 1992; x_wconf 87' lang='grc' dir='ltr'>ὁ</span> <span class='ocrx_word' id='word_1_661' title='bbox 3289 1941 3418 2012; x_wconf 81' lang='grc' dir='ltr'>σκιᾷ</span> <span class='ocrx_word' id='word_1_662' title='bbox 3441 1942 3722 1996; x_wconf 87' lang='grc' dir='ltr'>πυκτεύων</span> <span class='ocrx_word' id='word_1_663' title='bbox 3747 1944 3830 1996; x_wconf 83' lang='grc' dir='ltr'>καὶ</span> 
     </span>
    </p>
   </div>
   <div class='ocr_carea' id='block_1_84' title="bbox 2162 2021 3830 2102">
    <p class='ocr_par' dir='ltr' id='par_1_84' title="bbox 2162 2021 3830 2102">
     <span class='ocr_line' id='line_1_84' title="bbox 2162 2021 3830 2102; baseline 0.007 -29"><span class='ocrx_word' id='word_1_664' title='bbox 2162 2021 2257 2076; x_wconf 78' lang='grc' dir='ltr'>τὸν</span> <span class='ocrx_word' id='word_1_665' title='bbox 2301 2022 2443 2094; x_wconf 86' lang='grc' dir='ltr'>ἀέρα</span> <span class='ocrx_word' id='word_1_666' title='bbox 2477 2022 2655 2095; x_wconf 85' lang='grc' dir='ltr'>δέρων</span> <span class='ocrx_word' id='word_1_667' title='bbox 2683 2024 2876 2079; x_wconf 80' lang='grc' dir='ltr'>οὐδένα</span> <span class='ocrx_word' id='word_1_668' title='bbox 2905 2025 3108 2098; x_wconf 80' lang='grc' dir='ltr'>πλῆξαι</span> <span class='ocrx_word' id='word_1_669' title='bbox 3146 2027 3461 2099; x_wconf 84' lang='grc' dir='ltr'>δυνήσεται,</span> <span class='ocrx_word' id='word_1_670' title='bbox 3509 2031 3678 2095; x_wconf 75' lang='grc' dir='ltr'>οὕτως</span> <span class='ocrx_word' id='word_1_671' title='bbox 3710 2034 3736 2084; x_wconf 84' lang='grc' dir='ltr'>ό</span> <span class='ocrx_word' id='word_1_672' title='bbox 3762 2030 3830 2102; x_wconf 86' lang='grc' dir='ltr'>τῷ</span> 
     </span>
    </p>
   </div>
   <div class='ocr_carea' id='block_1_85' title="bbox 2161 2107 3825 2190">
    <p class='ocr_par' dir='ltr' id='par_1_85' title="bbox 2161 2107 3825 2190">
     <span class='ocr_line' id='line_1_85' title="bbox 2161 2107 3825 2190; baseline 0.007 -29"><span class='ocrx_word' id='word_1_673' title='bbox 2161 2107 2358 2180; x_wconf 80' lang='grc' dir='ltr'>δικαίῳ</span> <span class='ocrx_word' id='word_1_674' title='bbox 2387 2111 2638 2182; x_wconf 71' lang='grc' dir='ltr'>πολεμῶν</span> <span class='ocrx_word' id='word_1_675' title='bbox 2670 2116 2970 2184; x_wconf 82' lang='grc' dir='ltr'>σκιαμαχεῖ</span> <span class='ocrx_word' id='word_1_676' title='bbox 3001 2114 3184 2184; x_wconf 85' lang='grc' dir='ltr'>μόνον,</span> <span class='ocrx_word' id='word_1_677' title='bbox 3215 2118 3309 2170; x_wconf 80' lang='grc' dir='ltr'>καὶ</span> <span class='ocrx_word' id='word_1_678' title='bbox 3340 2117 3440 2190; x_wconf 78' lang='grc' dir='ltr'>τὴν</span> <span class='ocrx_word' id='word_1_679' title='bbox 3477 2118 3644 2172; x_wconf 75' lang='grc' dir='ltr'>αὑτοῦ</span> <span class='ocrx_word' id='word_1_680' title='bbox 3674 2137 3825 2173; x_wconf 85' lang='grc' dir='ltr'>κατα-</span> 
     </span>
    </p>
   </div>
   <div class='ocr_carea' id='block_1_86' title="bbox 2162 2194 3828 2279">
    <p class='ocr_par' dir='ltr' id='par_1_86' title="bbox 2162 2194 3828 2279">
     <span class='ocr_line' id='line_1_86' title="bbox 2162 2194 3828 2279; baseline 0.009 -32"><span class='ocrx_word' id='word_1_681' title='bbox 2162 2194 2540 2269; x_wconf 80' lang='grc' dir='ltr'>λύειδύναμιν,</span> <span class='ocrx_word' id='word_1_682' title='bbox 2557 2200 2636 2263; x_wconf 85' lang='grc' dir='ltr'>είς</span> <span class='ocrx_word' id='word_1_683' title='bbox 2657 2201 2862 2254; x_wconf 87' lang='grc' dir='ltr'>ἐκεῖνον</span> <span class='ocrx_word' id='word_1_684' title='bbox 2879 2201 2935 2254; x_wconf 86' lang='grc' dir='ltr'>δέ</span> <span class='ocrx_word' id='word_1_685' title='bbox 2962 2203 3220 2274; x_wconf 80' lang='grc' dir='ltr'>οὐδεμίαν</span> <span class='ocrx_word' id='word_1_686' title='bbox 3255 2205 3473 2279; x_wconf 80' lang='grc' dir='ltr'>πληγὴν</span> <span class='ocrx_word' id='word_1_687' title='bbox 3499 2208 3828 2278; x_wconf 82' lang='grc' dir='ltr'>ἐναπερεῖσαι</span> 
     </span>
    </p>
   </div>
   <div class='ocr_carea' id='block_1_87' title="bbox 2159 2283 3828 2366">
    <p class='ocr_par' dir='ltr' id='par_1_87' title="bbox 2159 2283 3828 2366">
     <span class='ocr_line' id='line_1_87' title="bbox 2159 2283 3828 2366; baseline 0.01 -31"><span class='ocrx_word' id='word_1_688' title='bbox 2159 2283 2468 2356; x_wconf 81' lang='grc' dir='ltr'>δυνήσεται.</span> <span class='ocrx_word' id='word_1_689' title='bbox 2508 2287 2608 2350; x_wconf 86' lang='grc' dir='ltr'>Δός</span> <span class='ocrx_word' id='word_1_690' title='bbox 2646 2305 2736 2358; x_wconf 88' lang='grc' dir='ltr'>μοι</span> <span class='ocrx_word' id='word_1_691' title='bbox 2764 2289 2945 2343; x_wconf 91' lang='grc' dir='ltr'>τοίνυν</span> <span class='ocrx_word' id='word_1_692' title='bbox 2967 2290 3241 2362; x_wconf 75' lang='grc' dir='ltr'>θαρρῆσαι</span> <span class='ocrx_word' id='word_1_693' title='bbox 3266 2293 3396 2365; x_wconf 74' lang='grc' dir='ltr'>περὶ</span> <span class='ocrx_word' id='word_1_694' title='bbox 3431 2295 3533 2364; x_wconf 85' lang='grc' dir='ltr'>τῆς</span> <span class='ocrx_word' id='word_1_695' title='bbox 3569 2296 3828 2366; x_wconf 83' lang='grc' dir='ltr'>βασιλείας</span> 
     </span>
    </p>
   </div>
   <div class='ocr_carea' id='block_1_88' title="bbox 2159 2371 3830 2454">
    <p class='ocr_par' dir='ltr' id='par_1_88' title="bbox 2159 2371 3830 2454">
     <span class='ocr_line' id='line_1_88' title="bbox 2159 2371 3830 2454; baseline 0.01 -32"><span class='ocrx_word' id='word_1_696' title='bbox 2159 2371 2268 2425; x_wconf 90' lang='grc' dir='ltr'>τῶν</span> <span class='ocrx_word' id='word_1_697' title='bbox 2284 2373 2548 2442; x_wconf 80' lang='grc' dir='ltr'>οὐρανῶν,</span> <span class='ocrx_word' id='word_1_698' title='bbox 2572 2374 2667 2429; x_wconf 75' lang='grc' dir='ltr'>καὶ</span> <span class='ocrx_word' id='word_1_699' title='bbox 2695 2377 2744 2428; x_wconf 85' lang='grc' dir='ltr'>εί</span> <span class='ocrx_word' id='word_1_700' title='bbox 2780 2376 2982 2447; x_wconf 85' lang='grc' dir='ltr'>βούλει,</span> <span class='ocrx_word' id='word_1_701' title='bbox 3005 2380 3070 2451; x_wconf 88' lang='grc' dir='ltr'>σή</span> <span class='ocrx_word' id='word_1_702' title='bbox 3080 2382 3245 2451; x_wconf 85' lang='grc' dir='ltr'>μερόν</span> <span class='ocrx_word' id='word_1_703' title='bbox 3273 2399 3342 2449; x_wconf 90' lang='grc' dir='ltr'>με</span> <span class='ocrx_word' id='word_1_704' title='bbox 3372 2385 3830 2454; x_wconf 60' lang='grc' dir='ltr'>κατάσςαξον,καὶ</span> 
     </span>
    </p>
   </div>
   <div class='ocr_carea' id='block_1_89' title="bbox 2158 2459 3826 2542">
    <p class='ocr_par' dir='ltr' id='par_1_89' title="bbox 2158 2459 3826 2542">
     <span class='ocr_line' id='line_1_89' title="bbox 2158 2459 3826 2542; baseline 0.009 -30"><span class='ocrx_word' id='word_1_705' title='bbox 2158 2459 2319 2531; x_wconf 87' lang='grc' dir='ltr'>χάριν</span> <span class='ocrx_word' id='word_1_706' title='bbox 2337 2462 2554 2532; x_wconf 80' lang='grc' dir='ltr'>εἵσομαί</span> <span class='ocrx_word' id='word_1_707' title='bbox 2589 2478 2672 2516; x_wconf 90' lang='grc' dir='ltr'>σοι</span> <span class='ocrx_word' id='word_1_708' title='bbox 2696 2465 2795 2536; x_wconf 87' lang='grc' dir='ltr'>τῆς</span> <span class='ocrx_word' id='word_1_709' title='bbox 2824 2466 3060 2538; x_wconf 69' lang='grc' dir='ltr'>σφαγῆς,</span> <span class='ocrx_word' id='word_1_710' title='bbox 3097 2469 3179 2522; x_wconf 80' lang='grc' dir='ltr'>ὅτι</span> <span class='ocrx_word' id='word_1_711' title='bbox 3215 2487 3284 2540; x_wconf 82' lang='grc' dir='ltr'>με</span> <span class='ocrx_word' id='word_1_712' title='bbox 3314 2471 3529 2542; x_wconf 89' lang='grc' dir='ltr'>ταχέως</span> <span class='ocrx_word' id='word_1_713' title='bbox 3553 2475 3632 2537; x_wconf 86' lang='grc' dir='ltr'>είς</span> <span class='ocrx_word' id='word_1_714' title='bbox 3660 2475 3826 2527; x_wconf 85' lang='grc' dir='ltr'>ἐκεῖνα</span> 
     </span>
    </p>
   </div>
   <div class='ocr_carea' id='block_1_90' title="bbox 2158 2549 3828 2635">
    <p class='ocr_par' dir='ltr' id='par_1_90' title="bbox 2158 2549 3828 2635">
     <span class='ocr_line' id='line_1_90' title="bbox 2158 2549 3828 2635; baseline 0.01 -35"><span class='ocrx_word' id='word_1_715' title='bbox 2158 2549 2398 2620; x_wconf 83' lang='grc' dir='ltr'>πέμπεις</span> <span class='ocrx_word' id='word_1_716' title='bbox 2421 2551 2490 2604; x_wconf 90' lang='grc' dir='ltr'>τά</span> <span class='ocrx_word' id='word_1_717' title='bbox 2519 2553 2720 2621; x_wconf 86' lang='grc' dir='ltr'>ἀγαθά.</span> <span class='ocrx_word' id='word_1_718' title='bbox 2738 2555 2910 2609; x_wconf 78' lang='grc' dir='ltr'>Τοῦτο</span> <span class='ocrx_word' id='word_1_719' title='bbox 2928 2557 3037 2628; x_wconf 88' lang='grc' dir='ltr'>γάρ</span> <span class='ocrx_word' id='word_1_720' title='bbox 3082 2559 3229 2612; x_wconf 90' lang='grc' dir='ltr'>ἐστιν</span> <span class='ocrx_word' id='word_1_721' title='bbox 3250 2559 3279 2612; x_wconf 87' lang='lat'>6</span> <span class='ocrx_word' id='word_1_722' title='bbox 3298 2561 3537 2631; x_wconf 85' lang='grc' dir='ltr'>μάλιστα</span> <span class='ocrx_word' id='word_1_723' title='bbox 3565 2564 3659 2617; x_wconf 69' lang='grc' dir='ltr'>καὶ</span> <span class='ocrx_word' id='word_1_724' title='bbox 3683 2566 3828 2635; x_wconf 85' lang='grc' dir='ltr'>ήμεῖς</span> 
     </span>
    </p>
   </div>
   <div class='ocr_carea' id='block_1_91' title="bbox 2161 2635 3826 2722">
    <p class='ocr_par' dir='ltr' id='par_1_91' title="bbox 2161 2635 3826 2722">
     <span class='ocr_line' id='line_1_91' title="bbox 2161 2635 3826 2722; baseline 0.011 -36"><span class='ocrx_word' id='word_1_725' title='bbox 2161 2645 2185 2675; x_wconf 76' lang='grc' dir='ltr'><strong><em>ο</em></strong></span> <span class='ocrx_word' id='word_1_726' title='bbox 2237 2635 2566 2709; x_wconf 83' lang='grc' dir='ltr'>θρηνοῦμεν,</span> <span class='ocrx_word' id='word_1_727' title='bbox 2599 2639 2786 2711; x_wconf 68' lang='grc' dir='ltr'>φησιν,</span> <span class='ocrx_word' id='word_1_728' title='bbox 2817 2641 2898 2695; x_wconf 89' lang='grc' dir='ltr'>ὃτι</span> <span class='ocrx_word' id='word_1_729' title='bbox 2927 2643 3004 2714; x_wconf 84' lang='grc' dir='ltr'>τῷ</span> <span class='ocrx_word' id='word_1_730' title='bbox 3038 2644 3234 2716; x_wconf 89' lang='grc' dir='ltr'>πλήθει</span> <span class='ocrx_word' id='word_1_731' title='bbox 3262 2647 3373 2701; x_wconf 87' lang='grc' dir='ltr'>τῶν</span> <span class='ocrx_word' id='word_1_732' title='bbox 3399 2649 3685 2722; x_wconf 80' lang='grc' dir='ltr'>αμαρτιῶν</span> <span class='ocrx_word' id='word_1_733' title='bbox 3727 2667 3826 2703; x_wconf 87' lang='grc' dir='ltr'>κω-</span> 
     </span>
    </p>
   </div>
   <div class='ocr_carea' id='block_1_92' title="bbox 2155 2722 3826 2808">
    <p class='ocr_par' dir='ltr' id='par_1_92' title="bbox 2155 2722 3826 2808">
     <span class='ocr_line' id='line_1_92' title="bbox 2155 2722 3826 2808; baseline 0.008 -32"><span class='ocrx_word' id='word_1_734' title='bbox 2155 2722 2440 2794; x_wconf 88' lang='grc' dir='ltr'>λυόμενοι,</span> <span class='ocrx_word' id='word_1_735' title='bbox 2495 2726 2593 2798; x_wconf 87' lang='grc' dir='ltr'>τῆς</span> <span class='ocrx_word' id='word_1_736' title='bbox 2642 2728 2758 2781; x_wconf 88' lang='grc' dir='ltr'>ἐκεῖ</span> <span class='ocrx_word' id='word_1_737' title='bbox 2796 2728 3076 2801; x_wconf 82' lang='grc' dir='ltr'>βασιλείας</span> <span class='ocrx_word' id='word_1_738' title='bbox 3119 2733 3220 2787; x_wconf 76' lang='grc' dir='ltr'>οὐκ</span> <span class='ocrx_word' id='word_1_739' title='bbox 3267 2735 3826 2808; x_wconf 61' lang='lat'><em>11111105695011.0611-</em></span> 
     </span>
    </p>
   </div>
   <div class='ocr_carea' id='block_1_93' title="bbox 2153 2812 3822 2897">
    <p class='ocr_par' dir='ltr' id='par_1_93' title="bbox 2153 2812 3822 2897">
     <span class='ocr_line' id='line_1_93' title="bbox 2153 2812 3822 2897; baseline 0.009 -33"><span class='ocrx_word' id='word_1_740' title='bbox 2153 2812 2249 2866; x_wconf 78' lang='grc' dir='ltr'>οὖν</span> <span class='ocrx_word' id='word_1_741' title='bbox 2317 2813 2478 2882; x_wconf 69' lang='grc' dir='ltr'>ἀφεὶς</span> <span class='ocrx_word' id='word_1_742' title='bbox 2510 2815 2570 2868; x_wconf 88' lang='lat'>16</span> <span class='ocrx_word' id='word_1_743' title='bbox 2605 2814 2825 2888; x_wconf 87' lang='grc' dir='ltr'>θρηνεῖν</span> <span class='ocrx_word' id='word_1_744' title='bbox 2866 2819 2960 2872; x_wconf 82' lang='lat' dir='ltr'><em>16v</em></span> <span class='ocrx_word' id='word_1_745' title='bbox 2997 2820 3249 2888; x_wconf 88' lang='grc' dir='ltr'>θάνατον,</span> <span class='ocrx_word' id='word_1_746' title='bbox 3298 2823 3488 2895; x_wconf 83' lang='grc' dir='ltr'>θρήνει</span> <span class='ocrx_word' id='word_1_747' title='bbox 3528 2825 3629 2890; x_wconf 80' lang='grc' dir='ltr'>τὰς</span> <span class='ocrx_word' id='word_1_748' title='bbox 3660 2827 3822 2897; x_wconf 69' lang='grc' dir='ltr'>ἀμαρο</span> 
     </span>
    </p>
   </div>
   <div class='ocr_carea' id='block_1_94' title="bbox 2155 2901 3824 2986">
    <p class='ocr_par' dir='ltr' id='par_1_94' title="bbox 2155 2901 3824 2986">
     <span class='ocr_line' id='line_1_94' title="bbox 2155 2901 3824 2986; baseline 0.008 -32"><span class='ocrx_word' id='word_1_749' title='bbox 2155 2901 2274 2965; x_wconf 91' lang='grc' dir='ltr'>τίας</span> <span class='ocrx_word' id='word_1_750' title='bbox 2316 2917 2434 2971; x_wconf 89' lang='grc' dir='ltr'>σου,</span> <span class='ocrx_word' id='word_1_751' title='bbox 2470 2903 2557 2957; x_wconf 81' lang='grc' dir='ltr'>ἵνα</span> <span class='ocrx_word' id='word_1_752' title='bbox 2606 2905 2778 2970; x_wconf 81' lang='grc' dir='ltr'>αύτάς</span> <span class='ocrx_word' id='word_1_753' title='bbox 2809 2908 3141 2982; x_wconf 78' lang='grc' dir='ltr'>καταλύσῃς.</span> <span class='ocrx_word' id='word_1_754' title='bbox 3187 2913 3298 2967; x_wconf 78' lang='grc' dir='ltr'>Καὶ</span> <span class='ocrx_word' id='word_1_755' title='bbox 3346 2914 3456 2986; x_wconf 89' lang='grc' dir='ltr'>γάρ</span> <span class='ocrx_word' id='word_1_756' title='bbox 3487 2915 3580 2969; x_wconf 75' lang='grc' dir='ltr'>διὰ</span> <span class='ocrx_word' id='word_1_757' title='bbox 3619 2915 3824 2984; x_wconf 80' lang='grc' dir='ltr'>τοῦτοή</span> 
     </span>
    </p>
   </div>
   <div class='ocr_carea' id='block_1_95' title="bbox 2152 2991 3826 3075">
    <p class='ocr_par' dir='ltr' id='par_1_95' title="bbox 2152 2991 3826 3075">
     <span class='ocr_line' id='line_1_95' title="bbox 2152 2991 3826 3075; baseline 0.007 -30"><span class='ocrx_word' id='word_1_758' title='bbox 2152 2991 2300 3061; x_wconf 86' lang='grc' dir='ltr'>λύπη</span> <span class='ocrx_word' id='word_1_759' title='bbox 2325 2992 2640 3066; x_wconf 83' lang='grc' dir='ltr'>γεγένηται,</span> <span class='ocrx_word' id='word_1_760' title='bbox 2676 2996 2774 3067; x_wconf 82' lang='grc' dir='ltr'>οὐχ</span> <span class='ocrx_word' id='word_1_761' title='bbox 2803 2997 2890 3050; x_wconf 84' lang='grc' dir='ltr'>ἴνα</span> <span class='ocrx_word' id='word_1_762' title='bbox 2928 2998 3022 3052; x_wconf 74' lang='grc' dir='ltr'>ἐπὶ</span> <span class='ocrx_word' id='word_1_763' title='bbox 3055 2999 3230 3072; x_wconf 67' lang='grc' dir='ltr'>ζημία</span> <span class='ocrx_word' id='word_1_764' title='bbox 3275 3005 3602 3074; x_wconf 86' lang='grc' dir='ltr'>χρημάτων,</span> <span class='ocrx_word' id='word_1_765' title='bbox 3631 3005 3724 3075; x_wconf 78' lang='grc' dir='ltr'>οὐχ</span> <span class='ocrx_word' id='word_1_766' title='bbox 3748 3005 3826 3057; x_wconf 82' lang='grc' dir='ltr'>ἵνα</span> 
     </span>
    </p>
   </div>
   <div class='ocr_carea' id='block_1_96' title="bbox 2151 3080 3824 3159">
    <p class='ocr_par' dir='ltr' id='par_1_96' title="bbox 2151 3080 3824 3159">
     <span class='ocr_line' id='line_1_96' title="bbox 2151 3080 3824 3159; baseline 0.007 -25"><span class='ocrx_word' id='word_1_767' title='bbox 2151 3080 2250 3134; x_wconf 77' lang='grc' dir='ltr'>ἐπὶ</span> <span class='ocrx_word' id='word_1_768' title='bbox 2275 3080 2512 3152; x_wconf 84' lang='grc' dir='ltr'>θανάτῳ,</span> <span class='ocrx_word' id='word_1_769' title='bbox 2541 3084 2652 3137; x_wconf 73' lang='grc' dir='ltr'>οὐδ’</span> <span class='ocrx_word' id='word_1_770' title='bbox 2684 3085 2770 3138; x_wconf 79' lang='grc' dir='ltr'>ἵνα</span> <span class='ocrx_word' id='word_1_771' title='bbox 2800 3087 2887 3139; x_wconf 89' lang='grc' dir='ltr'>ἐπ’</span> <span class='ocrx_word' id='word_1_772' title='bbox 2917 3085 3062 3159; x_wconf 75' lang='grc' dir='ltr'>ἄλλῳ</span> <span class='ocrx_word' id='word_1_773' title='bbox 3090 3091 3198 3143; x_wconf 79' lang='grc' dir='ltr'>τινὶ</span> <span class='ocrx_word' id='word_1_774' title='bbox 3227 3091 3336 3144; x_wconf 85' lang='grc' dir='ltr'>τῶν</span> <span class='ocrx_word' id='word_1_775' title='bbox 3368 3093 3632 3147; x_wconf 86' lang='grc' dir='ltr'>τοιούτων</span> <span class='ocrx_word' id='word_1_776' title='bbox 3659 3092 3824 3159; x_wconf 84' lang='grc' dir='ltr'>ἀλγῶ-</span> 
     </span>
    </p>
   </div>
   <div class='ocr_carea' id='block_1_97' title="bbox 2155 3170 3820 3253">
    <p class='ocr_par' dir='ltr' id='par_1_97' title="bbox 2155 3170 3820 3253">
     <span class='ocr_line' id='line_1_97' title="bbox 2155 3170 3820 3253; baseline 0.007 -32"><span class='ocrx_word' id='word_1_777' title='bbox 2155 3185 2276 3238; x_wconf 87' lang='grc' dir='ltr'>μεν,</span> <span class='ocrx_word' id='word_1_778' title='bbox 2318 3170 2433 3224; x_wconf 78' lang='grc' dir='ltr'>ἀλλ’</span> <span class='ocrx_word' id='word_1_779' title='bbox 2464 3172 2551 3224; x_wconf 79' lang='grc' dir='ltr'>ἵνα</span> <span class='ocrx_word' id='word_1_780' title='bbox 2579 3174 2660 3236; x_wconf 89' lang='grc' dir='ltr'>είς</span> <span class='ocrx_word' id='word_1_781' title='bbox 2686 3174 2783 3245; x_wconf 78' lang='grc' dir='ltr'>τὴν</span> <span class='ocrx_word' id='word_1_782' title='bbox 2814 3174 2922 3227; x_wconf 91' lang='grc' dir='ltr'>τῶν</span> <span class='ocrx_word' id='word_1_783' title='bbox 2950 3177 3368 3250; x_wconf 82' lang='grc' dir='ltr'>ἁμαρτημάτων</span> <span class='ocrx_word' id='word_1_784' title='bbox 3392 3181 3673 3253; x_wconf 85' lang='grc' dir='ltr'>ἀναίρεσιν</span> <span class='ocrx_word' id='word_1_785' title='bbox 3697 3183 3820 3250; x_wconf 80' lang='grc' dir='ltr'>αὐτῇ</span> 
     </span>
    </p>
   </div>
   <div class='ocr_carea' id='block_1_98' title="bbox 2151 3258 3820 3340">
    <p class='ocr_par' dir='ltr' id='par_1_98' title="bbox 2151 3258 3820 3340">
     <span class='ocr_line' id='line_1_98' title="bbox 2151 3258 3820 3340; baseline 0.007 -31"><span class='ocrx_word' id='word_1_786' title='bbox 2151 3258 2578 3330; x_wconf 81' lang='grc' dir='ltr'>καταχρώμεθα.</span> <span class='ocrx_word' id='word_1_787' title='bbox 2631 3263 2740 3315; x_wconf 77' lang='grc' dir='ltr'>Καὶ</span> <span class='ocrx_word' id='word_1_788' title='bbox 2785 3263 2868 3316; x_wconf 85' lang='grc' dir='ltr'>ὅτι</span> <span class='ocrx_word' id='word_1_789' title='bbox 2910 3264 3067 3318; x_wconf 80' lang='grc' dir='ltr'>τοῦτό</span> <span class='ocrx_word' id='word_1_790' title='bbox 3111 3268 3260 3322; x_wconf 86' lang='grc' dir='ltr'>ἐστιν</span> <span class='ocrx_word' id='word_1_791' title='bbox 3290 3269 3510 3338; x_wconf 84' lang='grc' dir='ltr'>ἀληθὲς,</span> <span class='ocrx_word' id='word_1_792' title='bbox 3548 3271 3614 3324; x_wconf 83' lang='grc' dir='ltr'>ἐκ</span> <span class='ocrx_word' id='word_1_793' title='bbox 3657 3287 3820 3340; x_wconf 78' lang='grc' dir='ltr'>παραο</span> 
     </span>
    </p>
   </div>
   <div class='ocr_carea' id='block_1_99' title="bbox 2148 3344 3822 3430">
    <p class='ocr_par' dir='ltr' id='par_1_99' title="bbox 2148 3344 3822 3430">
     <span class='ocr_line' id='line_1_99' title="bbox 2148 3344 3822 3430; baseline 0.008 -33"><span class='ocrx_word' id='word_1_794' title='bbox 2148 3344 2438 3417; x_wconf 87' lang='grc' dir='ltr'>δείγματος</span> <span class='ocrx_word' id='word_1_795' title='bbox 2476 3349 2605 3420; x_wconf 86' lang='grc' dir='ltr'>ὑμῖν</span> <span class='ocrx_word' id='word_1_796' title='bbox 2646 3351 2780 3404; x_wconf 75' lang='grc' dir='ltr'>αὐτὸ</span> <span class='ocrx_word' id='word_1_797' title='bbox 2811 3355 3024 3425; x_wconf 86' lang='grc' dir='ltr'>ποιήσω</span> <span class='ocrx_word' id='word_1_798' title='bbox 3059 3356 3313 3426; x_wconf 82' lang='grc' dir='ltr'>φανερόν.</span> <span class='ocrx_word' id='word_1_799' title='bbox 3360 3357 3440 3409; x_wconf 84' lang='grc' dir='ltr'>Τά</span> <span class='ocrx_word' id='word_1_800' title='bbox 3465 3359 3733 3430; x_wconf 84' lang='grc' dir='ltr'>φάρμακα</span> <span class='ocrx_word' id='word_1_801' title='bbox 3761 3359 3822 3410; x_wconf 72' lang='grc' dir='ltr'>τὰ</span> 
     </span>
    </p>
   </div>
   <div class='ocr_carea' id='block_1_100' title="bbox 2153 3435 3822 3519">
    <p class='ocr_par' dir='ltr' id='par_1_100' title="bbox 2153 3435 3822 3519">
     <span class='ocr_line' id='line_1_100' title="bbox 2153 3435 3822 3519; baseline 0.007 -33"><span class='ocrx_word' id='word_1_802' title='bbox 2153 3435 2370 3507; x_wconf 78' lang='grc' dir='ltr'>ίατρικά</span> <span class='ocrx_word' id='word_1_803' title='bbox 2389 3436 2458 3489; x_wconf 84' lang='grc' dir='ltr'>δι’</span> <span class='ocrx_word' id='word_1_804' title='bbox 2491 3439 2676 3492; x_wconf 86' lang='grc' dir='ltr'>ἐκεῖνα</span> <span class='ocrx_word' id='word_1_805' title='bbox 2709 3441 3002 3512; x_wconf 85' lang='grc' dir='ltr'>γεγένηται</span> <span class='ocrx_word' id='word_1_806' title='bbox 3024 3443 3091 3496; x_wconf 66' lang='grc' dir='ltr'>τὰ</span> <span class='ocrx_word' id='word_1_807' title='bbox 3117 3444 3265 3517; x_wconf 83' lang='grc' dir='ltr'>πάθη</span> <span class='ocrx_word' id='word_1_808' title='bbox 3306 3444 3325 3484; x_wconf 71' lang='grc' dir='ltr'>ί</span> <span class='ocrx_word' id='word_1_809' title='bbox 3359 3447 3520 3517; x_wconf 89' lang='grc' dir='ltr'>μόνον</span> <span class='ocrx_word' id='word_1_810' title='bbox 3552 3448 3694 3519; x_wconf 83' lang='grc' dir='ltr'>ἀπερ</span> <span class='ocrx_word' id='word_1_811' title='bbox 3739 3449 3822 3499; x_wconf 85' lang='grc' dir='ltr'>ἁν-</span> 
     </span>
    </p>
   </div>
   <div class='ocr_carea' id='block_1_101' title="bbox 2148 3522 3822 3607">
    <p class='ocr_par' dir='ltr' id='par_1_101' title="bbox 2148 3522 3822 3607">
     <span class='ocr_line' id='line_1_101' title="bbox 2148 3522 3822 3607; baseline 0.008 -32"><span class='ocrx_word' id='word_1_812' title='bbox 2148 3522 2290 3577; x_wconf 88' lang='grc' dir='ltr'>ελεῖν</span> <span class='ocrx_word' id='word_1_813' title='bbox 2317 3523 2560 3591; x_wconf 86' lang='grc' dir='ltr'>δύναται,</span> <span class='ocrx_word' id='word_1_814' title='bbox 2597 3527 2657 3579; x_wconf 85' lang='grc' dir='ltr'>ού</span> <span class='ocrx_word' id='word_1_815' title='bbox 2690 3528 2758 3581; x_wconf 70' lang='grc' dir='ltr'>δι’</span> <span class='ocrx_word' id='word_1_816' title='bbox 2787 3530 2973 3584; x_wconf 90' lang='grc' dir='ltr'>ἐκεῖνα</span> <span class='ocrx_word' id='word_1_817' title='bbox 3001 3531 3071 3584; x_wconf 72' lang='grc' dir='ltr'>τά</span> <span class='ocrx_word' id='word_1_818' title='bbox 3109 3531 3279 3604; x_wconf 82' lang='grc' dir='ltr'>μηδὲν</span> <span class='ocrx_word' id='word_1_819' title='bbox 3314 3535 3672 3607; x_wconf 79' lang='grc' dir='ltr'>ῶφελούμενα</span> <span class='ocrx_word' id='word_1_820' title='bbox 3703 3539 3822 3607; x_wconf 78' lang='grc' dir='ltr'>παρ’</span> 
     </span>
    </p>
   </div>
   <div class='ocr_carea' id='block_1_102' title="bbox 2147 3607 3820 3696">
    <p class='ocr_par' dir='ltr' id='par_1_102' title="bbox 2147 3607 3820 3696">
     <span class='ocr_line' id='line_1_102' title="bbox 2147 3607 3820 3696; baseline 0.008 -33"><span class='ocrx_word' id='word_1_821' title='bbox 2147 3609 2346 3666; x_wconf 78' lang='grc' dir='ltr'>αὐτῶν.</span> <span class='ocrx_word' id='word_1_822' title='bbox 2379 3607 2504 3667; x_wconf 77' lang='grc' dir='ltr'>Οἴόν</span> <span class='ocrx_word' id='word_1_823' title='bbox 2534 3630 2587 3667; x_wconf 88' lang='grc' dir='ltr'>τι</span> <span class='ocrx_word' id='word_1_824' title='bbox 2611 3614 2786 3683; x_wconf 82' lang='grc' dir='ltr'>λέγω·</span> <span class='ocrx_word' id='word_1_825' title='bbox 2829 3617 2912 3671; x_wconf 80' lang='grc' dir='ltr'>ἔτι</span> <span class='ocrx_word' id='word_1_826' title='bbox 2941 3618 3051 3690; x_wconf 72' lang='grc' dir='ltr'>γάρ</span> <span class='ocrx_word' id='word_1_827' title='bbox 3079 3620 3414 3694; x_wconf 82' lang='grc' dir='ltr'>σαφέστερον</span> <span class='ocrx_word' id='word_1_828' title='bbox 3449 3625 3675 3696; x_wconf 84' lang='grc' dir='ltr'>ποιῆσαι</span> <span class='ocrx_word' id='word_1_829' title='bbox 3706 3624 3820 3695; x_wconf 83' lang='grc' dir='ltr'>βού-</span> 
     </span>
    </p>
   </div>
   <div class='ocr_carea' id='block_1_103' title="bbox 2146 3697 3821 3784">
    <p class='ocr_par' dir='ltr' id='par_1_103' title="bbox 2146 3697 3821 3784">
     <span class='ocr_line' id='line_1_103' title="bbox 2146 3697 3821 3784; baseline 0.01 -35"><span class='ocrx_word' id='word_1_830' title='bbox 2146 3697 2308 3769; x_wconf 89' lang='grc' dir='ltr'>λομαι</span> <span class='ocrx_word' id='word_1_831' title='bbox 2336 3699 2428 3753; x_wconf 85' lang='grc' dir='ltr'>τὸν</span> <span class='ocrx_word' id='word_1_832' title='bbox 2469 3699 2658 3770; x_wconf 90' lang='grc' dir='ltr'>λόγον·</span> <span class='ocrx_word' id='word_1_833' title='bbox 2693 3704 2754 3756; x_wconf 88' lang='grc' dir='ltr'>τὸ</span> <span class='ocrx_word' id='word_1_834' title='bbox 2785 3705 3078 3777; x_wconf 83' lang='grc' dir='ltr'>φάρμακον</span> <span class='ocrx_word' id='word_1_835' title='bbox 3106 3708 3165 3761; x_wconf 89' lang='lat'>16</span> <span class='ocrx_word' id='word_1_836' title='bbox 3203 3709 3502 3781; x_wconf 85' lang='grc' dir='ltr'>δυνάμενον</span> <span class='ocrx_word' id='word_1_837' title='bbox 3526 3713 3821 3784; x_wconf 67' lang='grc' dir='ltr'>ὀφθαλμοὺς</span> 
     </span>
    </p>
   </div>
   <div class='ocr_carea' id='block_1_104' title="bbox 2144 3786 3820 3871">
    <p class='ocr_par' dir='ltr' id='par_1_104' title="bbox 2144 3786 3820 3871">
     <span class='ocr_line' id='line_1_104' title="bbox 2144 3786 3820 3871; baseline 0.01 -33"><span class='ocrx_word' id='word_1_838' title='bbox 2144 3786 2434 3853; x_wconf 78' lang='grc' dir='ltr'>νοσοῦντας</span> <span class='ocrx_word' id='word_1_839' title='bbox 2464 3789 2697 3860; x_wconf 85' lang='grc' dir='ltr'>ὠφελεῖν</span> <span class='ocrx_word' id='word_1_840' title='bbox 2744 3793 2928 3864; x_wconf 88' lang='grc' dir='ltr'>μόνον,</span> <span class='ocrx_word' id='word_1_841' title='bbox 2959 3795 3147 3868; x_wconf 71' lang='grc' dir='ltr'>ἕτερον</span> <span class='ocrx_word' id='word_1_842' title='bbox 3190 3795 3252 3851; x_wconf 83' lang='grc' dir='ltr'>δὲ</span> <span class='ocrx_word' id='word_1_843' title='bbox 3292 3798 3461 3864; x_wconf 82' lang='grc' dir='ltr'>πάθος</span> <span class='ocrx_word' id='word_1_844' title='bbox 3509 3802 3695 3871; x_wconf 75' lang='grc' dir='ltr'>μηδὲν,</span> <span class='ocrx_word' id='word_1_845' title='bbox 3741 3801 3820 3853; x_wconf 73' lang='grc' dir='ltr'>διὰ</span> 
     </span>
    </p>
   </div>
   <div class='ocr_carea' id='block_1_105' title="bbox 2142 3873 3818 3959">
    <p class='ocr_par' dir='ltr' id='par_1_105' title="bbox 2142 3873 3818 3959">
     <span class='ocr_line' id='line_1_105' title="bbox 2142 3873 3818 3959; baseline 0.01 -32"><span class='ocrx_word' id='word_1_846' title='bbox 2142 3873 2239 3946; x_wconf 81' lang='grc' dir='ltr'>τὴν</span> <span class='ocrx_word' id='word_1_847' title='bbox 2266 3875 2376 3930; x_wconf 87' lang='grc' dir='ltr'>τῶν</span> <span class='ocrx_word' id='word_1_848' title='bbox 2421 3877 2716 3950; x_wconf 84' lang='grc' dir='ltr'>ὀφθαλμῶν</span> <span class='ocrx_word' id='word_1_849' title='bbox 2744 3881 2900 3934; x_wconf 89' lang='grc' dir='ltr'>νόσον</span> <span class='ocrx_word' id='word_1_850' title='bbox 2943 3882 3169 3947; x_wconf 87' lang='grc' dir='ltr'>δικαίως</span> <span class='ocrx_word' id='word_1_851' title='bbox 3206 3884 3274 3939; x_wconf 81' lang='grc' dir='ltr'>ἀν</span> <span class='ocrx_word' id='word_1_852' title='bbox 3303 3904 3388 3950; x_wconf 85' lang='grc' dir='ltr'>τις</span> <span class='ocrx_word' id='word_1_853' title='bbox 3419 3889 3568 3943; x_wconf 82' lang='grc' dir='ltr'>εῖποι</span> <span class='ocrx_word' id='word_1_854' title='bbox 3600 3891 3818 3959; x_wconf 85' lang='grc' dir='ltr'>γεγενῆ·</span> 
     </span>
    </p>
   </div>
   <div class='ocr_carea' id='block_1_106' title="bbox 2145 3961 3817 4046">
    <p class='ocr_par' dir='ltr' id='par_1_106' title="bbox 2145 3961 3817 4046">
     <span class='ocr_line' id='line_1_106' title="bbox 2145 3961 3817 4046; baseline 0.009 -32"><span class='ocrx_word' id='word_1_855' title='bbox 2145 3961 2268 4016; x_wconf 89' lang='grc' dir='ltr'>σθαι</span> <span class='ocrx_word' id='word_1_856' title='bbox 2317 3963 2496 4032; x_wconf 88' lang='grc' dir='ltr'>μόνον,</span> <span class='ocrx_word' id='word_1_857' title='bbox 2537 3965 2600 4018; x_wconf 83' lang='grc' dir='ltr'>οὐ</span> <span class='ocrx_word' id='word_1_858' title='bbox 2645 3965 2735 4019; x_wconf 86' lang='grc' dir='ltr'>διά</span> <span class='ocrx_word' id='word_1_859' title='bbox 2787 3969 3076 4040; x_wconf 85' lang='grc' dir='ltr'>στόμαχον,</span> <span class='ocrx_word' id='word_1_860' title='bbox 3122 3972 3183 4025; x_wconf 83' lang='grc' dir='ltr'>οὐ</span> <span class='ocrx_word' id='word_1_861' title='bbox 3228 3972 3320 4026; x_wconf 77' lang='grc' dir='ltr'>διὰ</span> <span class='ocrx_word' id='word_1_862' title='bbox 3363 3977 3577 4046; x_wconf 84' lang='grc' dir='ltr'>χεῖρας,</span> <span class='ocrx_word' id='word_1_863' title='bbox 3607 3978 3723 4030; x_wconf 80' lang='grc' dir='ltr'>οὐδὲ</span> <span class='ocrx_word' id='word_1_864' title='bbox 3757 3976 3817 4029; x_wconf 86' lang='grc' dir='ltr'>δι’</span> 
     </span>
    </p>
   </div>
   <div class='ocr_carea' id='block_1_107' title="bbox 2141 4049 3817 4132">
    <p class='ocr_par' dir='ltr' id='par_1_107' title="bbox 2141 4049 3817 4132">
     <span class='ocr_line' id='line_1_107' title="bbox 2141 4049 3817 4132; baseline 0.009 -31"><span class='ocrx_word' id='word_1_865' title='bbox 2141 4049 2328 4121; x_wconf 73' lang='grc' dir='ltr'>ἕτερόν</span> <span class='ocrx_word' id='word_1_866' title='bbox 2376 4067 2431 4104; x_wconf 89' lang='grc' dir='ltr'>τι</span> <span class='ocrx_word' id='word_1_867' title='bbox 2468 4052 2649 4122; x_wconf 87' lang='grc' dir='ltr'>μέλος.</span> <span class='ocrx_word' id='word_1_868' title='bbox 2702 4055 3123 4128; x_wconf 83' lang='grc' dir='ltr'>Μεταγάγωμεν</span> <span class='ocrx_word' id='word_1_869' title='bbox 3181 4059 3358 4113; x_wconf 89' lang='grc' dir='ltr'>τοίνυν</span> <span class='ocrx_word' id='word_1_870' title='bbox 3405 4062 3500 4114; x_wconf 79' lang='grc' dir='ltr'>τὸν</span> <span class='ocrx_word' id='word_1_871' title='bbox 3533 4063 3690 4132; x_wconf 90' lang='grc' dir='ltr'>λόγον</span> <span class='ocrx_word' id='word_1_872' title='bbox 3735 4065 3817 4116; x_wconf 74' lang='grc' dir='ltr'>ἐπὶ</span> 
     </span>
    </p>
   </div>
   <div class='ocr_carea' id='block_1_108' title="bbox 2138 4133 3815 4218">
    <p class='ocr_par' dir='ltr' id='par_1_108' title="bbox 2138 4133 3815 4218">
     <span class='ocr_line' id='line_1_108' title="bbox 2138 4133 3815 4218; baseline 0.007 -31"><span class='ocrx_word' id='word_1_873' title='bbox 2138 4133 2237 4206; x_wconf 80' lang='grc' dir='ltr'>τὴν</span> <span class='ocrx_word' id='word_1_874' title='bbox 2275 4135 2471 4207; x_wconf 87' lang='grc' dir='ltr'>λύπην,</span> <span class='ocrx_word' id='word_1_875' title='bbox 2527 4140 2623 4192; x_wconf 76' lang='grc' dir='ltr'>καὶ</span> <span class='ocrx_word' id='word_1_876' title='bbox 2650 4140 2980 4213; x_wconf 81' lang='grc' dir='ltr'>εὑρήσομεν,</span> <span class='ocrx_word' id='word_1_877' title='bbox 3020 4144 3104 4196; x_wconf 81' lang='grc' dir='ltr'>ὅτι</span> <span class='ocrx_word' id='word_1_878' title='bbox 3149 4145 3260 4199; x_wconf 87' lang='grc' dir='ltr'>τῶν</span> <span class='ocrx_word' id='word_1_879' title='bbox 3305 4146 3482 4201; x_wconf 80' lang='grc' dir='ltr'>ἄλλων</span> <span class='ocrx_word' id='word_1_880' title='bbox 3533 4155 3634 4218; x_wconf 83' lang='grc' dir='ltr'>μὲν</span> <span class='ocrx_word' id='word_1_881' title='bbox 3673 4150 3815 4203; x_wconf 73' lang='grc' dir='ltr'>οὐδὲν</span> 
     </span>
    </p>
   </div>
   <div class='ocr_carea' id='block_1_109' title="bbox 2138 4223 3812 4310">
    <p class='ocr_par' dir='ltr' id='par_1_109' title="bbox 2138 4223 3812 4310">
     <span class='ocr_line' id='line_1_109' title="bbox 2138 4223 3812 4310; baseline 0.008 -33"><span class='ocrx_word' id='word_1_882' title='bbox 2138 4223 2246 4277; x_wconf 89' lang='grc' dir='ltr'>τῶν</span> <span class='ocrx_word' id='word_1_883' title='bbox 2274 4224 2682 4295; x_wconf 86' lang='grc' dir='ltr'>συμϐαινόντων</span> <span class='ocrx_word' id='word_1_884' title='bbox 2715 4229 2847 4299; x_wconf 86' lang='grc' dir='ltr'>ἡμῖν</span> <span class='ocrx_word' id='word_1_885' title='bbox 2897 4229 3118 4300; x_wconf 77' lang='grc' dir='ltr'>ὠφελεῖ,</span> <span class='ocrx_word' id='word_1_886' title='bbox 3156 4233 3433 4304; x_wconf 83' lang='grc' dir='ltr'>ἁμαρτίαν</span> <span class='ocrx_word' id='word_1_887' title='bbox 3475 4235 3533 4288; x_wconf 86' lang='grc' dir='ltr'>δὲ</span> <span class='ocrx_word' id='word_1_888' title='bbox 3579 4237 3812 4310; x_wconf 72' lang='lat'><em>6109605-</em></span> 
     </span>
    </p>
   </div>
   <div class='ocr_carea' id='block_1_110' title="bbox 2136 4315 3812 4398">
    <p class='ocr_par' dir='ltr' id='par_1_110' title="bbox 2136 4315 3812 4398">
     <span class='ocr_line' id='line_1_110' title="bbox 2136 4315 3812 4398; baseline 0.009 -32"><span class='ocrx_word' id='word_1_889' title='bbox 2136 4330 2227 4368; x_wconf 89' lang='grc' dir='ltr'>ται</span> <span class='ocrx_word' id='word_1_890' title='bbox 2263 4315 2451 4385; x_wconf 89' lang='grc' dir='ltr'>μόνην,</span> <span class='ocrx_word' id='word_1_891' title='bbox 2475 4315 2698 4387; x_wconf 77' lang='grc' dir='ltr'>εὔδηλον</span> <span class='ocrx_word' id='word_1_892' title='bbox 2723 4319 2805 4371; x_wconf 85' lang='grc' dir='ltr'>ὄτι</span> <span class='ocrx_word' id='word_1_893' title='bbox 2831 4319 2919 4373; x_wconf 88' lang='grc' dir='ltr'>διά</span> <span class='ocrx_word' id='word_1_894' title='bbox 2938 4321 3036 4392; x_wconf 82' lang='grc' dir='ltr'>τὴν</span> <span class='ocrx_word' id='word_1_895' title='bbox 3065 4322 3268 4394; x_wconf 87' lang='grc' dir='ltr'>ταύτης</span> <span class='ocrx_word' id='word_1_896' title='bbox 3287 4324 3570 4396; x_wconf 88' lang='grc' dir='ltr'>ἀναίρεσιν</span> <span class='ocrx_word' id='word_1_897' title='bbox 3595 4329 3812 4398; x_wconf 84' lang='grc' dir='ltr'>γεγένη-</span> 
     </span>
    </p>
   </div>
   <div class='ocr_carea' id='block_1_111' title="bbox 2136 4402 3813 4484">
    <p class='ocr_par' dir='ltr' id='par_1_111' title="bbox 2136 4402 3813 4484">
     <span class='ocr_line' id='line_1_111' title="bbox 2136 4402 3813 4484; baseline 0.008 -29"><span class='ocrx_word' id='word_1_898' title='bbox 2136 4419 2225 4455; x_wconf 87' lang='grc' dir='ltr'>ται</span> <span class='ocrx_word' id='word_1_899' title='bbox 2248 4402 2430 4474; x_wconf 87' lang='grc' dir='ltr'>μόνον.</span> <span class='ocrx_word' id='word_1_900' title='bbox 2449 4405 2796 4478; x_wconf 85' lang='grc' dir='ltr'>Ἐπέλθωμεν</span> <span class='ocrx_word' id='word_1_901' title='bbox 2813 4409 2993 4462; x_wconf 87' lang='grc' dir='ltr'>τοίνυν</span> <span class='ocrx_word' id='word_1_902' title='bbox 3015 4409 3246 4465; x_wconf 71' lang='grc' dir='ltr'>ἕκαστον</span> <span class='ocrx_word' id='word_1_903' title='bbox 3268 4411 3376 4465; x_wconf 90' lang='grc' dir='ltr'>τῶν</span> <span class='ocrx_word' id='word_1_904' title='bbox 3402 4417 3813 4484; x_wconf 85' lang='grc' dir='ltr'>συμπιπτόντων</span> 
     </span>
    </p>
   </div>
   <div class='ocr_carea' id='block_1_112' title="bbox 2135 4492 3812 4575">
    <p class='ocr_par' dir='ltr' id='par_1_112' title="bbox 2135 4492 3812 4575">
     <span class='ocr_line' id='line_1_112' title="bbox 2135 4492 3812 4575; baseline 0.008 -32"><span class='ocrx_word' id='word_1_905' title='bbox 2135 4492 2265 4561; x_wconf 85' lang='grc' dir='ltr'>ἡμῖν</span> <span class='ocrx_word' id='word_1_906' title='bbox 2287 4492 2497 4558; x_wconf 88' lang='grc' dir='ltr'>δεινῶν,</span> <span class='ocrx_word' id='word_1_907' title='bbox 2529 4494 2624 4546; x_wconf 80' lang='grc' dir='ltr'>καὶ</span> <span class='ocrx_word' id='word_1_908' title='bbox 2650 4496 3021 4568; x_wconf 84' lang='grc' dir='ltr'>ἐπαγάγωμεν</span> <span class='ocrx_word' id='word_1_909' title='bbox 3055 4497 3153 4570; x_wconf 76' lang='grc' dir='ltr'>τὴν</span> <span class='ocrx_word' id='word_1_910' title='bbox 3194 4499 3454 4571; x_wconf 84' lang='grc' dir='ltr'>ἀθυμίαν,</span> <span class='ocrx_word' id='word_1_911' title='bbox 3491 4505 3590 4556; x_wconf 72' lang='grc' dir='ltr'>καὶ</span> <span class='ocrx_word' id='word_1_912' title='bbox 3623 4505 3812 4575; x_wconf 68' lang='grc' dir='ltr'>ἴδωμεν</span> 
     </span>
    </p>
   </div>
   <div class='ocr_carea' id='block_1_113' title="bbox 2132 4579 3808 4663">
    <p class='ocr_par' dir='ltr' id='par_1_113' title="bbox 2132 4579 3808 4663">
     <span class='ocr_line' id='line_1_113' title="bbox 2132 4579 3808 4663; baseline 0.008 -31"><span class='ocrx_word' id='word_1_913' title='bbox 2132 4579 2185 4632; x_wconf 90' lang='grc' dir='ltr'>τί</span> <span class='ocrx_word' id='word_1_914' title='bbox 2209 4580 2399 4652; x_wconf 85' lang='grc' dir='ltr'>κέρδος</span> <span class='ocrx_word' id='word_1_915' title='bbox 2425 4582 2536 4636; x_wconf 87' lang='grc' dir='ltr'>ἀπὸ</span> <span class='ocrx_word' id='word_1_916' title='bbox 2562 4582 2764 4655; x_wconf 87' lang='grc' dir='ltr'>ταύτης</span> <span class='ocrx_word' id='word_1_917' title='bbox 2803 4585 3033 4652; x_wconf 88' lang='grc' dir='ltr'>γίνεται.</span> <span class='ocrx_word' id='word_1_918' title='bbox 3078 4587 3389 4660; x_wconf 77' lang='grc' dir='ltr'>Ἐζημιώθη</span> <span class='ocrx_word' id='word_1_919' title='bbox 3425 4607 3509 4654; x_wconf 88' lang='grc' dir='ltr'>τις</span> <span class='ocrx_word' id='word_1_920' title='bbox 3529 4593 3808 4663; x_wconf 74' lang='grc' dir='ltr'>χρήματας</span> 
     </span>
    </p>
   </div>
   <div class='ocr_carea' id='block_1_114' title="bbox 2135 4667 3806 4744">
    <p class='ocr_par' dir='ltr' id='par_1_114' title="bbox 2135 4667 3806 4744">
     <span class='ocr_line' id='line_1_114' title="bbox 2135 4667 3806 4744; baseline 0.007 -25"><span class='ocrx_word' id='word_1_921' title='bbox 2135 4667 2398 4741; x_wconf 85' lang='grc' dir='ltr'>ἐλυπήθη,</span> <span class='ocrx_word' id='word_1_922' title='bbox 2443 4671 2503 4723; x_wconf 85' lang='grc' dir='ltr'>οὐ</span> <span class='ocrx_word' id='word_1_923' title='bbox 2539 4670 2817 4742; x_wconf 85' lang='grc' dir='ltr'>διώρθωσε</span> <span class='ocrx_word' id='word_1_924' title='bbox 2851 4673 2951 4744; x_wconf 81' lang='grc' dir='ltr'>τὴν</span> <span class='ocrx_word' id='word_1_925' title='bbox 2980 4673 3204 4744; x_wconf 81' lang='grc' dir='ltr'>ζημίαν.</span> <span class='ocrx_word' id='word_1_926' title='bbox 3257 4676 3524 4734; x_wconf 84' lang='grc' dir='ltr'>Ἀπέϐαλέ</span> <span class='ocrx_word' id='word_1_927' title='bbox 3558 4696 3642 4743; x_wconf 88' lang='grc' dir='ltr'>τις</span> <span class='ocrx_word' id='word_1_928' title='bbox 3673 4682 3806 4740; x_wconf 79' lang='grc' dir='ltr'>υἱονς</span> 
     </span>
    </p>
   </div>
   <div class='ocr_carea' id='block_1_115' title="bbox 2131 4754 3809 4832">
    <p class='ocr_par' dir='ltr' id='par_1_115' title="bbox 2131 4754 3809 4832">
     <span class='ocr_line' id='line_1_115' title="bbox 2131 4754 3809 4832; baseline 0.007 -26"><span class='ocrx_word' id='word_1_929' title='bbox 2131 4754 2390 4826; x_wconf 74' lang='grc' dir='ltr'>ἤλγησεν,</span> <span class='ocrx_word' id='word_1_930' title='bbox 2425 4757 2525 4810; x_wconf 79' lang='grc' dir='ltr'>οὐκ</span> <span class='ocrx_word' id='word_1_931' title='bbox 2563 4758 2828 4829; x_wconf 88' lang='grc' dir='ltr'>ἀνέστησε</span> <span class='ocrx_word' id='word_1_932' title='bbox 2862 4760 2953 4814; x_wconf 81' lang='grc' dir='ltr'>τὸν</span> <span class='ocrx_word' id='word_1_933' title='bbox 2990 4763 3204 4832; x_wconf 82' lang='grc' dir='ltr'>νεκρὸν,</span> <span class='ocrx_word' id='word_1_934' title='bbox 3245 4765 3365 4818; x_wconf 80' lang='grc' dir='ltr'>οὐδὲ</span> <span class='ocrx_word' id='word_1_935' title='bbox 3393 4766 3483 4819; x_wconf 80' lang='grc' dir='ltr'>τὸν</span> <span class='ocrx_word' id='word_1_936' title='bbox 3514 4767 3809 4820; x_wconf 85' lang='grc' dir='ltr'>ἀπελθόντα</span> 
     </span>
    </p>
   </div>
   <div class='ocr_carea' id='block_1_116' title="bbox 2129 4840 3806 4926">
    <p class='ocr_par' dir='ltr' id='par_1_116' title="bbox 2129 4840 3806 4926">
     <span class='ocr_line' id='line_1_116' title="bbox 2129 4840 3806 4926; baseline 0.008 -33"><span class='ocrx_word' id='word_1_937' title='bbox 2129 4840 2432 4914; x_wconf 82' lang='grc' dir='ltr'>ὠφέλησεν.</span> <span class='ocrx_word' id='word_1_938' title='bbox 2477 4845 2861 4916; x_wconf 83' lang='grc' dir='ltr'>Ἐμαστιγῶθη</span> <span class='ocrx_word' id='word_1_939' title='bbox 2886 4865 2993 4912; x_wconf 88' lang='grc' dir='ltr'>τις,</span> <span class='ocrx_word' id='word_1_940' title='bbox 3028 4850 3359 4924; x_wconf 78' lang='grc' dir='ltr'>ἐρραπίσθη,</span> <span class='ocrx_word' id='word_1_941' title='bbox 3390 4853 3656 4926; x_wconf 80' lang='grc' dir='ltr'>ὑϐρίσθη;</span> <span class='ocrx_word' id='word_1_942' title='bbox 3692 4855 3806 4906; x_wconf 81' lang='grc' dir='ltr'>ἐλυ-</span> 
     </span>
    </p>
   </div>
   <div class='ocr_carea' id='block_1_117' title="bbox 2130 4931 3806 5013">
    <p class='ocr_par' dir='ltr' id='par_1_117' title="bbox 2130 4931 3806 5013">
     <span class='ocr_line' id='line_1_117' title="bbox 2130 4931 3806 5013; baseline 0.001 -29"><span class='ocrx_word' id='word_1_943' title='bbox 2130 4931 2300 5003; x_wconf 84' lang='grc' dir='ltr'>πήθη,</span> <span class='ocrx_word' id='word_1_944' title='bbox 2335 4932 2436 5003; x_wconf 80' lang='grc' dir='ltr'>τὴν</span> <span class='ocrx_word' id='word_1_945' title='bbox 2463 4931 2620 5004; x_wconf 81' lang='grc' dir='ltr'>ὓϐριν</span> <span class='ocrx_word' id='word_1_946' title='bbox 2649 4934 2749 4987; x_wconf 84' lang='grc' dir='ltr'>ούκ</span> <span class='ocrx_word' id='word_1_947' title='bbox 2779 4935 3161 4991; x_wconf 83' lang='grc' dir='ltr'>ἀνεκαλέσατο.</span> <span class='ocrx_word' id='word_1_948' title='bbox 3195 4940 3498 5013; x_wconf 63' lang='grc' dir='ltr'>Ἀῤῥωστία</span> <span class='ocrx_word' id='word_1_949' title='bbox 3529 4960 3611 5006; x_wconf 85' lang='grc' dir='ltr'>τις</span> <span class='ocrx_word' id='word_1_950' title='bbox 3656 4960 3806 5013; x_wconf 77' lang='grc' dir='ltr'>περι-</span> 
     </span>
    </p>
   </div>
   <div class='ocr_carea' id='block_1_118' title="bbox 2129 5018 3805 5098">
    <p class='ocr_par' dir='ltr' id='par_1_118' title="bbox 2129 5018 3805 5098">
     <span class='ocr_line' id='line_1_118' title="bbox 2129 5018 3805 5098; baseline 0.007 -28"><span class='ocrx_word' id='word_1_951' title='bbox 2129 5018 2313 5084; x_wconf 89' lang='grc' dir='ltr'>έπεσε,</span> <span class='ocrx_word' id='word_1_952' title='bbox 2350 5020 2445 5073; x_wconf 75' lang='grc' dir='ltr'>καὶ</span> <span class='ocrx_word' id='word_1_953' title='bbox 2490 5019 2631 5091; x_wconf 85' lang='grc' dir='ltr'>νόσῳ</span> <span class='ocrx_word' id='word_1_954' title='bbox 2663 5022 3055 5097; x_wconf 73' lang='grc' dir='ltr'>χαλεπωτάτης</span> <span class='ocrx_word' id='word_1_955' title='bbox 3088 5026 3362 5097; x_wconf 63' lang='grc' dir='ltr'>ἠθύμησε,</span> <span class='ocrx_word' id='word_1_956' title='bbox 3397 5028 3496 5098; x_wconf 73' lang='grc' dir='ltr'>τὴν</span> <span class='ocrx_word' id='word_1_957' title='bbox 3530 5031 3684 5083; x_wconf 88' lang='grc' dir='ltr'>νόσον</span> <span class='ocrx_word' id='word_1_958' title='bbox 3711 5029 3805 5082; x_wconf 79' lang='grc' dir='ltr'>οὐκ</span> 
     </span>
    </p>
   </div>
   <div class='ocr_carea' id='block_1_119' title="bbox 2127 5107 3803 5190">
    <p class='ocr_par' dir='ltr' id='par_1_119' title="bbox 2127 5107 3803 5190">
     <span class='ocr_line' id='line_1_119' title="bbox 2127 5107 3803 5190; baseline 0.008 -32"><span class='ocrx_word' id='word_1_959' title='bbox 2127 5107 2355 5171; x_wconf 81' lang='grc' dir='ltr'>ἀνεῖλεν,</span> <span class='ocrx_word' id='word_1_960' title='bbox 2387 5108 2521 5162; x_wconf 83' lang='grc' dir='ltr'>ἀλλά</span> <span class='ocrx_word' id='word_1_961' title='bbox 2548 5111 2641 5162; x_wconf 73' lang='grc' dir='ltr'>καὶ</span> <span class='ocrx_word' id='word_1_962' title='bbox 2674 5109 3060 5184; x_wconf 86' lang='grc' dir='ltr'>χαλεπωτέραν</span> <span class='ocrx_word' id='word_1_963' title='bbox 3087 5116 3364 5186; x_wconf 87' lang='grc' dir='ltr'>ἐποίησεν.</span> <span class='ocrx_word' id='word_1_964' title='bbox 3413 5118 3574 5190; x_wconf 72' lang='grc' dir='ltr'>Ὁρᾷς</span> <span class='ocrx_word' id='word_1_965' title='bbox 3605 5120 3690 5172; x_wconf 89' lang='grc' dir='ltr'>ἐπ’</span> <span class='ocrx_word' id='word_1_966' title='bbox 3716 5119 3803 5171; x_wconf 82' lang='grc' dir='ltr'>ού-</span> 
     </span>
    </p>
   </div>
   <div class='ocr_carea' id='block_1_120' title="bbox 2125 5195 3801 5279">
    <p class='ocr_par' dir='ltr' id='par_1_120' title="bbox 2125 5195 3801 5279">
     <span class='ocr_line' id='line_1_120' title="bbox 2125 5195 3801 5279; baseline 0.007 -32"><span class='ocrx_word' id='word_1_967' title='bbox 2125 5195 2237 5248; x_wconf 70' lang='grc' dir='ltr'>δενὶ</span> <span class='ocrx_word' id='word_1_968' title='bbox 2265 5195 2468 5250; x_wconf 87' lang='grc' dir='ltr'>τούτων</span> <span class='ocrx_word' id='word_1_969' title='bbox 2497 5197 2814 5266; x_wconf 73' lang='grc' dir='ltr'>ιῦφελοῦσάν</span> <span class='ocrx_word' id='word_1_970' title='bbox 2847 5218 2898 5253; x_wconf 90' lang='grc' dir='ltr'>τι</span> <span class='ocrx_word' id='word_1_971' title='bbox 2929 5201 3025 5269; x_wconf 76' lang='grc' dir='ltr'>τὴν</span> <span class='ocrx_word' id='word_1_972' title='bbox 3053 5202 3231 5274; x_wconf 80' lang='grc' dir='ltr'>λύπην</span> <span class='ocrx_word' id='word_1_973' title='bbox 3251 5221 3265 5270; x_wconf 89' lang='grc'>;</span> <span class='ocrx_word' id='word_1_974' title='bbox 3287 5207 3540 5279; x_wconf 82' lang='grc' dir='ltr'>’Ἥμαρτέ</span> <span class='ocrx_word' id='word_1_975' title='bbox 3565 5225 3668 5273; x_wconf 81' lang='grc' dir='ltr'>τις,</span> <span class='ocrx_word' id='word_1_976' title='bbox 3690 5208 3801 5259; x_wconf 84' lang='grc' dir='ltr'>ἐλυ-</span> 
     </span>
    </p>
   </div>
   <div class='ocr_carea' id='block_1_121' title="bbox 2126 5282 3796 5366">
    <p class='ocr_par' dir='ltr' id='par_1_121' title="bbox 2126 5282 3796 5366">
     <span class='ocr_line' id='line_1_121' title="bbox 2126 5282 3796 5366; baseline 0.009 -33"><span class='ocrx_word' id='word_1_977' title='bbox 2126 5282 2272 5353; x_wconf 80' lang='grc' dir='ltr'>πήθη</span> <span class='ocrx_word' id='word_1_978' title='bbox 2295 5299 2308 5347; x_wconf 91' lang='lat'>;</span> <span class='ocrx_word' id='word_1_979' title='bbox 2337 5284 2436 5348; x_wconf 84' lang='grc' dir='ltr'>τὴν</span> <span class='ocrx_word' id='word_1_980' title='bbox 2465 5285 2743 5357; x_wconf 87' lang='grc' dir='ltr'>ἁμαρτίαν</span> <span class='ocrx_word' id='word_1_981' title='bbox 2770 5287 3114 5358; x_wconf 77' lang='grc' dir='ltr'>ἐξηφάνισεν,</span> <span class='ocrx_word' id='word_1_982' title='bbox 3132 5290 3289 5343; x_wconf 77' lang='grc' dir='ltr'>ἔλυσε</span> <span class='ocrx_word' id='word_1_983' title='bbox 3313 5292 3375 5346; x_wconf 85' lang='lat'>16</span> <span class='ocrx_word' id='word_1_984' title='bbox 3407 5295 3796 5366; x_wconf 76' lang='grc' dir='ltr'>πλημμέλημα.</span> 
     </span>
    </p>
   </div>
   <div class='ocr_carea' id='block_1_122' title="bbox 2126 5371 3793 5455">
    <p class='ocr_par' dir='ltr' id='par_1_122' title="bbox 2126 5371 3793 5455">
     <span class='ocr_line' id='line_1_122' title="bbox 2126 5371 3793 5455; baseline 0.007 -34"><span class='ocrx_word' id='word_1_985' title='bbox 2126 5371 2294 5423; x_wconf 76' lang='grc' dir='ltr'>Πόθεν</span> <span class='ocrx_word' id='word_1_986' title='bbox 2325 5372 2483 5425; x_wconf 83' lang='grc' dir='ltr'>τοῦτο</span> <span class='ocrx_word' id='word_1_987' title='bbox 2522 5373 2713 5444; x_wconf 83' lang='grc' dir='ltr'>δῆλον;</span> <span class='ocrx_word' id='word_1_988' title='bbox 2775 5377 2906 5429; x_wconf 81' lang='grc' dir='ltr'>Ἀπὸ</span> <span class='ocrx_word' id='word_1_989' title='bbox 2947 5379 3045 5450; x_wconf 82' lang='grc' dir='ltr'>τῆς</span> <span class='ocrx_word' id='word_1_990' title='bbox 3080 5379 3408 5448; x_wconf 71' lang='grc' dir='ltr'>ἀποφάσεως</span> <span class='ocrx_word' id='word_1_991' title='bbox 3440 5383 3533 5435; x_wconf 78' lang='grc' dir='ltr'>τοῦ</span> <span class='ocrx_word' id='word_1_992' title='bbox 3570 5385 3793 5455; x_wconf 84' lang='grc' dir='ltr'>Κυρίου·</span> 
     </span>
    </p>
   </div>
   <div class='ocr_carea' id='block_1_123' title="bbox 2123 5461 3797 5541">
    <p class='ocr_par' dir='ltr' id='par_1_123' title="bbox 2123 5461 3797 5541">
     <span class='ocr_line' id='line_1_123' title="bbox 2123 5461 3797 5541; baseline 0.007 -30"><span class='ocrx_word' id='word_1_993' title='bbox 2123 5461 2251 5529; x_wconf 71' lang='grc' dir='ltr'>περὶ</span> <span class='ocrx_word' id='word_1_994' title='bbox 2296 5461 2405 5532; x_wconf 78' lang='grc' dir='ltr'>γάρ</span> <span class='ocrx_word' id='word_1_995' title='bbox 2450 5479 2596 5526; x_wconf 88' lang='grc' dir='ltr'>τινος</span> <span class='ocrx_word' id='word_1_996' title='bbox 2635 5467 3019 5537; x_wconf 74' lang='grc' dir='ltr'>ἡμαρτηκότος</span> <span class='ocrx_word' id='word_1_997' title='bbox 3061 5467 3442 5541; x_wconf 88' lang='grc' dir='ltr'>διαλεγόμενος</span> <span class='ocrx_word' id='word_1_998' title='bbox 3475 5472 3660 5540; x_wconf 76' lang='grc' dir='ltr'>ἔλεγε·</span> <span class='ocrx_word' id='word_1_999' title='bbox 3721 5471 3797 5523; x_wconf 88' lang='grc' dir='ltr'>Δι’</span> 
     </span>
    </p>
   </div>
   <div class='ocr_carea' id='block_1_124' title="bbox 2121 5549 3795 5623">
    <p class='ocr_par' dir='ltr' id='par_1_124' title="bbox 2121 5549 3795 5623">
     <span class='ocr_line' id='line_1_124' title="bbox 2121 5549 3795 5623; baseline 0.006 -23"><span class='ocrx_word' id='word_1_1000' title='bbox 2121 5549 2414 5618; x_wconf 70' lang='grc' dir='ltr'>ἁμαρτίαν</span> <span class='ocrx_word' id='word_1_1001' title='bbox 2447 5552 2651 5621; x_wconf 76' lang='grc' dir='ltr'>βραχύ</span> <span class='ocrx_word' id='word_1_1002' title='bbox 2689 5571 2743 5606; x_wconf 81' lang='grc' dir='ltr'>τι</span> <span class='ocrx_word' id='word_1_1003' title='bbox 2793 5554 3075 5622; x_wconf 75' lang='grc' dir='ltr'>ἐλύπησα</span> <span class='ocrx_word' id='word_1_1004' title='bbox 3114 5557 3321 5623; x_wconf 73' lang='grc' dir='ltr'>αὐτὸν,</span> <span class='ocrx_word' id='word_1_1005' title='bbox 3367 5561 3463 5612; x_wconf 82' lang='grc' dir='ltr'>καὶ</span> <span class='ocrx_word' id='word_1_1006' title='bbox 3511 5557 3674 5614; x_wconf 76' lang='grc' dir='ltr'>εἶδον</span> <span class='ocrx_word' id='word_1_1007' title='bbox 3712 5560 3795 5612; x_wconf 83' lang='grc' dir='ltr'>ὅτι</span> 
     </span>
    </p>
   </div>
   <div class='ocr_carea' id='block_1_125' title="bbox 2120 5638 3795 5720">
    <p class='ocr_par' dir='ltr' id='par_1_125' title="bbox 2120 5638 3795 5720">
     <span class='ocr_line' id='line_1_125' title="bbox 2120 5638 3795 5720; baseline 0.008 -30"><span class='ocrx_word' id='word_1_1008' title='bbox 2120 5638 2416 5708; x_wconf 72' lang='grc' dir='ltr'>ἐλυπήθη,</span> <span class='ocrx_word' id='word_1_1009' title='bbox 2452 5642 2551 5696; x_wconf 82' lang='grc' dir='ltr'>καί</span> <span class='ocrx_word' id='word_1_1010' title='bbox 2595 5643 2889 5713; x_wconf 75' lang='grc' dir='ltr'>ἐπορεύθη</span> <span class='ocrx_word' id='word_1_1011' title='bbox 2923 5646 3208 5716; x_wconf 71' lang='grc' dir='ltr'>στυγνὸς,</span> <span class='ocrx_word' id='word_1_1012' title='bbox 3251 5648 3348 5702; x_wconf 82' lang='grc' dir='ltr'>καί</span> <span class='ocrx_word' id='word_1_1013' title='bbox 3391 5649 3653 5720; x_wconf 78' lang='grc' dir='ltr'>ἰασάμην</span> <span class='ocrx_word' id='word_1_1014' title='bbox 3698 5651 3795 5716; x_wconf 80' lang='grc' dir='ltr'>τὰς</span> 
     </span>
    </p>
   </div>
   <div class='ocr_carea' id='block_1_126' title="bbox 2181 5799 3549 5864">
    <p class='ocr_par' dir='ltr' id='par_1_126' title="bbox 2181 5799 3549 5864">
     <span class='ocr_line' id='line_1_126' title="bbox 2181 5799 3549 5864; baseline 0.009 -12"><span class='ocrx_word' id='word_1_1015' title='bbox 2181 5799 2207 5838; x_wconf 70' lang='grc' dir='ltr'><em>ά</em></span> <span class='ocrx_word' id='word_1_1016' title='bbox 2236 5805 2384 5854; x_wconf 76' lang='lat' dir='ltr'><strong>Savil.</strong></span> <span class='ocrx_word' id='word_1_1017' title='bbox 2411 5805 2584 5855; x_wconf 80' lang='grc' dir='ltr'>στελεῖ.</span> <span class='ocrx_word' id='word_1_1018' title='bbox 2618 5807 2793 5858; x_wconf 83' lang='lat' dir='ltr'>Morel.</span> <span class='ocrx_word' id='word_1_1019' title='bbox 2822 5811 2965 5864; x_wconf 77' lang='grc' dir='ltr'>τελεῖ,</span> <span class='ocrx_word' id='word_1_1020' title='bbox 2990 5813 3086 5860; x_wconf 79' lang='lat' dir='ltr'>duo</span> <span class='ocrx_word' id='word_1_1021' title='bbox 3112 5827 3225 5860; x_wconf 89' lang='lat' dir='ltr'>mss.</span> <span class='ocrx_word' id='word_1_1022' title='bbox 3249 5815 3549 5864; x_wconf 80' lang='grc' dir='ltr'>ἀποστέλλει.</span> 
     </span>
    </p>
   </div>
   <div class='ocr_carea' id='block_1_127' title="bbox 2185 5865 3680 5938">
    <p class='ocr_par' dir='ltr' id='par_1_127' title="bbox 2185 5865 3680 5938">
     <span class='ocr_line' id='line_1_127' title="bbox 2185 5865 3680 5938; baseline 0.004 -23"><span class='ocrx_word' id='word_1_1023' title='bbox 2185 5868 2209 5896; x_wconf 70' lang='grc' dir='ltr'>θ</span> <span class='ocrx_word' id='word_1_1024' title='bbox 2233 5865 2559 5938; x_wconf 35' lang='grc' dir='ltr'>ἣξγμΙκτοῦτο</span> <span class='ocrx_word' id='word_1_1025' title='bbox 2574 5870 2661 5932; x_wconf 84' lang='grc' dir='ltr'>γάρ</span> <span class='ocrx_word' id='word_1_1026' title='bbox 2685 5872 2786 5920; x_wconf 83' lang='grc' dir='ltr'>ἐστι</span> <span class='ocrx_word' id='word_1_1027' title='bbox 2812 5873 3036 5936; x_wconf 64' lang='grc' dir='ltr'>μάλιστα,</span> <span class='ocrx_word' id='word_1_1028' title='bbox 3061 5873 3201 5924; x_wconf 66' lang='grc' dir='ltr'>τοῦτο</span> <span class='ocrx_word' id='word_1_1029' title='bbox 3225 5877 3352 5924; x_wconf 86' lang='grc' dir='ltr'>ἐστιν</span> <span class='ocrx_word' id='word_1_1030' title='bbox 3382 5877 3408 5924; x_wconf 81' lang='grc' dir='ltr'>ὃ</span> <span class='ocrx_word' id='word_1_1031' title='bbox 3429 5878 3507 5925; x_wconf 82' lang='grc' dir='ltr'>καὶ</span> <span class='ocrx_word' id='word_1_1032' title='bbox 3531 5873 3680 5938; x_wconf 57' lang='grc' dir='ltr'>ἦμεῖς.</span> 
     </span>
    </p>
   </div>
   <div class='ocr_carea' id='block_1_128' title="bbox 2189 5929 2713 5991">
    <p class='ocr_par' dir='ltr' id='par_1_128' title="bbox 2189 5929 2713 5991">
     <span class='ocr_line' id='line_1_128' title="bbox 2189 5929 2713 5991; baseline 0.006 -16"><span class='ocrx_word' id='word_1_1033' title='bbox 2189 5932 2208 5969; x_wconf 74' lang='grc' dir='ltr'><em>τ</em></span> <span class='ocrx_word' id='word_1_1034' title='bbox 2237 5929 2334 5979; x_wconf 73' lang='lat' dir='ltr'>Alii</span> <span class='ocrx_word' id='word_1_1035' title='bbox 2356 5929 2415 5976; x_wconf 77' lang='grc' dir='ltr'>τὰ</span> <span class='ocrx_word' id='word_1_1036' title='bbox 2442 5929 2713 5991; x_wconf 72' lang='grc' dir='ltr'>παθήματα.</span> 
     </span>
    </p>
   </div>
  </div>
