3998 6452
189 401 246 453 73
1046 394 1049 397 ’
1088 394 1178 448 AD
1222 391 1540 448 POPULUM
1570 387 1728 444 ANTI

1856 388 2070 444 IENUM
2135 391 2365 447 IIOMIL.
2410 392 2472 447 γ.
2610 392 2616 397 ’
3362 395 3425 456 76

188 514 480 577 domesticis,
508 519 564 568 et
587 526 647 567 ex
680 510 744 563 iis
765 522 881 579 qua:
904 507 1058 562 nobis
1084 506 1392 561 acciderunt
1417 504 1500 559 his
1521 503 1727 567 diebus,

190 606 489 662 atanifestum
513 605 684 659 facere
708 601 959 677 conabor.
994 598 1279 668 Postquam
1305 599 1447 652 enim
1472 597 1542 651 ab
1570 596 1742 664 Impe-

192 708 343 752 ralorc
365 697 497 750 (lata:
517 696 845 750 suntlitterae
863 691 1119 746 tributum
1149 692 1279 754 hoc,
1301 690 1443 761 quod
1491 690 1741 743 intolera-

190 792 277 846 bile
310 804 423 845 esse
458 788 765 847 videbatur,
807 783 1051 840 conferre
1089 783 1339 852 jubentcs
1366 823 1382 847 ,
1424 795 1613 835 omnes
1652 789 1738 833 tu-

190 883 550 938 multuabantur
567 922 583 946 ,
611 895 797 935 ouutes
821 878 1254 943 contendebant,
1282 891 1425 946 aegre
1457 874 1737 938 ferebant,

189 972 563 1043 indignabantur
584 1012 598 1033 ,
642 971 787 1025 inter
813 985 874 1024 se
900 976 1246 1024 occurrentes
1267 966 1521 1021 dicebant
1544 983 1556 1018 :
1586 964 1737 1020 Haud

188 1066 335 1120 vitalis
369 1065 519 1119 nobis
558 1064 658 1117 vita
686 1104 700 1127 ,
730 1063 986 1117 subversa
1016 1061 1207 1115 civitas
1232 1069 1335 1123 est,
1364 1057 1525 1127 hujus
1554 1055 1738 1110 tributi

188 1157 572 1228 magnitudinem
602 1155 866 1210 sustinere
891 1153 1091 1223 poterit
1119 1167 1280 1207 nemo
1311 1169 1325 1206 :
1350 1160 1407 1206 et
1431 1165 1622 1205 omnes
1644 1164 1740 1203 au-

184 1250 433 1319 gebantur,
480 1256 729 1316 tauquam
773 1244 841 1299 de
879 1242 1137 1299 extremis
1177 1242 1310 1312 ipsis
1351 1241 1734 1311 periclitantes.

185 1343 283 1396 Mox
304 1357 422 1395 vero
447 1349 722 1409 postquam
751 1347 1052 1408 perpetrata
1083 1335 1415 1400 acciderunt,
1444 1341 1500 1387 et
1523 1331 1736 1402 qttidam

187 1433 344 1487 nefarii
372 1442 423 1486 et
451 1429 870 1494 sceleratissimi,
901 1429 1107 1499 legibus
1135 1427 1468 1483 conculcatis
1490 1466 1504 1490 ,
1534 1434 1739 1480 statuas

185 1524 462 1594 dejecerunt
484 1561 501 1585 ,
549 1532 603 1577 et
644 1522 833 1576 mortis
862 1520 1157 1590 periculum
1189 1517 1443 1573 omnibus
1470 1518 1739 1585 imposue—

185 1626 306 1678 runt,
334 1626 383 1669 et
406 1615 514 1685 j-nn
543 1616 609 1668 de
635 1612 749 1683 ipsa
778 1613 884 1666 vita
913 1611 1183 1678 timemus,
1213 1610 1535 1666 exacerbato
1565 1608 1738 1684 Impe-

186 1719 370 1770 ratorc;
400 1723 504 1760 nou
534 1723 630 1759 nos
653 1705 881 1775 amplius
908 1705 1254 1775 pecuniarum
1270 1702 1479 1773 jactura
1502 1701 1734 1764 mordet.

184 1799 261 1852 sed
296 1798 388 1852 alia
423 1812 519 1866 pro
562 1797 666 1849 illis
703 1810 895 1850 omnes
933 1794 1094 1850 audio
1129 1793 1369 1849 dicentes
1403 1811 1417 1847 :
1448 1792 1637 1861 Capiat
1683 1802 1737 1847 et

183 1889 497 1942 substantiam
538 1886 852 1957 Imperator,
882 1893 939 1941 et
965 1885 1108 1956 agris
1132 1894 1188 1940 et
1215 1884 1641 1954 supellectilibus
1668 1882 1734 1937 li-

186 1981 345 2033 neuter
366 1978 685 2040 carebimus,
712 1977 995 2032 dumtaxat
1021 1990 1217 2046 corpus
1243 1975 1448 2029 salvum
1479 1976 1592 2030 fore
1617 1976 1738 2044 quis

185 2072 427 2139 Spontleat.
454 2071 607 2126 Sicut
631 2071 812 2139 itaque
838 2069 1147 2140 priusquam
1176 2070 1329 2124 nobis
1357 2070 1547 2124 mortis
1576 2069 1737 2123 timor

186 2163 451 2216 immineret
474 2203 491 2231 ,
518 2175 620 2216 nos
649 2163 993 2231 pecuniarqu
1018 2160 1216 2215 mulcta
1240 2160 1550 2225 cruciabat;
1584 2167 1736 2228 post-

185 2269 314 2322 quam
353 2268 480 2309 vero
520 2252 753 2307 nefanda
801 2260 1102 2324 perpetrata
1143 2260 1308 2316 sunt,
1349 2252 1539 2306 mortis
1577 2250 1738 2304 timur

183 2345 455 2411 succedens,
473 2347 690 2401 mulcta:
704 2344 946 2400 dolorem
967 2344 1168 2413 espulit
1188 2362 1203 2399 :
1220 2343 1299 2397 sic
1322 2354 1376 2397 et
1404 2342 1450 2397 si
1476 2342 1737 2412 gehennae

185 2448 316 2492 tanor
345 2438 841 2508 comprehendisset
875 2438 1081 2492 animas
1121 2446 1332 2492 nostras
1357 2476 1372 2501 ,
1406 2452 1513 2490 non
1549 2435 1738 2490 mortis

183 2535 317 2586 timor
336 2541 680 2602 occupasset;
709 2530 803 2586 sed
827 2528 1280 2601 quemadmodum
1314 2528 1365 2582 in
1396 2527 1734 2597 corporibus,

182 2624 362 2692 quando
386 2637 481 2679 nos
506 2624 620 2679 duo
649 2623 865 2678 dolores
891 2622 1278 2692 oppresserint,
1304 2619 1613 2675 inferiorem
1639 2633 1737 2689 po-

183 2726 347 2769 tentior
382 2714 718 2770 abscondere
757 2713 1038 2768 consuevit
1078 2731 1092 2767 :
1138 2713 1216 2767 sic
1252 2720 1306 2766 et
1348 2726 1488 2767 nunc
1537 2711 1736 2766 factum

182 2817 295 2861 esset
323 2825 337 2873 ;
364 2809 406 2862 si
436 2806 603 2862 futuri
632 2808 874 2877 supplicii
900 2807 1060 2862 timor
1081 2807 1133 2861 iu
1160 2806 1338 2861 anima
1364 2810 1734 2873 remansisset,

180 2915 361 2954 omnem
404 2901 657 2956 timorem
706 2900 999 2955 humanum
1047 2900 1406 2955 obscurasset.
1462 2899 1646 2970 Itaque
1692 2901 1737 2955 si

182 2991 277 3057 quis
312 2991 565 3060 gehenme
616 3006 828 3061 semper
868 2991 1180 3046 meminisse
1226 2991 1467 3057 laboret,
1507 3002 1737 3046 mortem

181 3083 407 3139 deridebit
435 3128 448 3149 ,
479 3098 528 3140 et
563 3100 671 3140 nou
705 3084 955 3154 pra-senti
983 3093 1187 3138 tantum
1215 3083 1459 3152 angustia
1486 3082 1741 3138 liberabi-

183 3183 269 3239 tur,
298 3176 385 3231 sed
410 3188 462 3232 et
484 3179 556 3231 ab
589 3177 673 3230 illa
703 3178 914 3230 ﬂamma
937 3176 1214 3245 eripietur.
1243 3174 1342 3244 Qui
1365 3175 1509 3230 enim
1536 3174 1738 3247 gehen-

183 3281 283 3321 nam
316 3271 566 3324 continue
614 3270 803 3334 timet,
837 3283 1128 3338 numquam
1170 3268 1221 3322 in
1260 3268 1520 3338 gehennae
1564 3269 1740 3338 ignem

182 3359 379 3425 decidet,
399 3361 498 3415 hoc
520 3361 742 3416 assiduo
762 3362 1052 3431 castigatus
1074 3369 1238 3415 metu.
1261 3358 1553 3416 Concedite
1578 3375 1742 3428 nunc,

184 3460 229 3504 ut
259 3464 547 3521 opportune
577 3451 730 3506 vobis
756 3452 932 3507 dicam
967 3469 980 3504 :
1013 3451 1225 3505 Fratres
1248 3494 1264 3517 ,
1294 3468 1359 3505 ne
1382 3451 1527 3522 pueri
1553 3451 1743 3522 ejicia-

185 3542 285 3594 nn'ui
307 3542 547 3608 sensibus,
576 3543 666 3596 sed
682 3544 875 3597 malitia
900 3544 1124 3614 infantes
1147 3544 1255 3598 sitis
1274 3543 1322 3614 (l
1338 3583 1351 3596 .
1374 3543 1494 3599 Car.
1525 3544 1744 3616 14.20).

238 3633 366 3690 Mars
386 3653 474 3690 cur
500 3636 847 3703 despicienda.
866 3665 938 3678 --
958 3636 1171 3692 Etenim
1200 3636 1459 3705 puerilem
1489 3637 1741 3692 timemus

184 3741 423 3793 pavorem,
452 3737 685 3783 mortem
714 3728 983 3791 timentes,
1003 3736 1279 3797 peccatum
1308 3737 1487 3783 autem
1526 3742 1633 3782 non
1680 3727 1747 3783 ti-

182 3829 379 3876 mentes.
399 3821 559 3876 Pueri
590 3821 732 3877 enim
757 3821 908 3893 parvi
952 3821 1129 3876 larvas
1156 3822 1381 3888 timent,
1414 3819 1588 3885 ignem
1635 3837 1743 3875 non

184 3910 373 3976 timent;
401 3913 494 3967 sed
536 3913 587 3966 si
608 3912 674 3967 ad
708 3912 980 3967 lucernam
1017 3912 1196 3968 lumen
1229 3911 1513 3968 habentem
1541 3913 1741 3982 portari

181 4001 437 4071 eotttingat,
480 4003 873 4058 inconsiderate
916 4019 1130 4059 manum
1175 4004 1475 4058 immittunt
1505 4005 1735 4061 lucernae

186 4100 229 4142 et
255 4092 509 4148 (tantum:
544 4094 675 4148 dum
698 4094 1142 4149 contemnendam
1170 4094 1370 4149 larvam
1410 4095 1746 4163 horrescunt,

183 4195 285 4238 rere
308 4186 597 4241 timendum
620 4187 793 4257 ignem
827 4204 933 4241 non
966 4189 1189 4254 timent;
1221 4189 1299 4243 sic
1324 4187 1538 4257 quidem
1569 4199 1624 4244 et
1650 4204 1749 4246 uos

181 4273 397 4331 timemus
434 4288 690 4342 mortem,
714 4295 833 4348 qua:
877 4288 963 4333 est
1007 4280 1151 4333 larva
1206 4288 1513 4350 contemptu
1565 4279 1745 4352 digna,

180 4379 425 4433 peccatum
452 4386 586 4425 vero
616 4385 720 4425 non
775 4372 1025 4426 timemus
1044 4413 1058 4433 ,
1083 4372 1227 4442 quod
1257 4381 1338 4426 est
1384 4387 1510 4427 vere
1552 4374 1746 4428 timeu-

179 4459 301 4525 dum,
323 4474 374 4516 et
393 4464 531 4534 ignis
559 4478 710 4518 more
736 4464 1116 4518 conscientiam
1138 4464 1379 4519 devorat.
1403 4464 1473 4518 Et
1502 4465 1619 4519 hinc
1641 4480 1745 4521 nou

179 4565 231 4604 ex
258 4566 423 4608 rerum
474 4566 688 4621 natura,
715 4554 812 4610 sed
853 4571 920 4610 ex
964 4555 1260 4625 ignorantia
1306 4556 1461 4610 nobis
1503 4557 1748 4613 accidere

179 4656 545 4702 consueverunt
577 4646 759 4716 :quod
799 4646 844 4700 si
880 4647 1194 4717 cogitemus,
1227 4647 1353 4717 quid
1411 4648 1625 4703 tandem
1678 4650 1748 4703 sit

180 4748 331 4802 mors,
359 4753 652 4809 numquam
685 4738 853 4808 ipsam
894 4739 1223 4793 timebimus.
1257 4738 1395 4805 Quid
1434 4738 1595 4809 igitur
1626 4749 1743 4794 tau-

178 4825 280 4881 tletu
304 4845 447 4884 mors
484 4830 613 4885 est?
639 4829 871 4900 Idipsum
917 4829 1058 4901 quod
1107 4830 1481 4884 vestimentum
1521 4846 1744 4886 exuere.

179 4915 443 4991 Tamquam
466 4924 845 4979 vestimentum
871 4923 1015 4979 enim
1058 4938 1253 4992 corpus
1287 4924 1479 4977 animat
1526 4924 1748 4978 circum.

177 5008 331 5065 datum
360 5022 465 5079 est,
492 5024 546 5069 ct
569 5013 673 5068 hoc
714 5013 784 5069 ad
818 5014 983 5069 breve
1007 5022 1220 5082 tempus
1246 5029 1342 5082 per
1383 5023 1610 5070 mortem
1649 5014 1745 5069 (ιο.

180 5103 404 5167 positum,
423 5106 621 5159 clarius
638 5106 829 5160 iterum
844 5120 1197 5161 resumetnus.
1219 5107 1355 5173 Quid
1369 5107 1582 5161 tandem
1602 5122 1749 5162 mors

177 5192 657 5266 est?Peregrinatio
696 5196 763 5250 ad
795 5205 1024 5266 tempus,
1070 5212 1291 5251 somnus
1331 5209 1589 5253 consueto
1631 5199 1749 5253 lon-

179 5282 292 5349 gior.
317 5287 496 5359 Itaque
541 5290 586 5343 si
628 5299 853 5345 mortem
906 5292 1083 5356 times,
1110 5292 1238 5345 time
1281 5300 1337 5346 et
1376 5306 1623 5346 somnum
1656 5311 1668 5347 :
1702 5293 1746 5347 si

180 5387 373 5445 propter
409 5383 704 5436 morientes
750 5383 979 5451 angeris,
1012 5393 1066 5436 et
1115 5390 1335 5453 propter
1361 5383 1704 5440 comedentes
1727 5425 1744 5452 ,

182 5476 225 5520 et
251 5485 460 5540 propter
481 5474 724 5529 bibentes
750 5490 947 5545 angere
980 5492 994 5529 :
1020 5475 1161 5530 sicut
1184 5475 1327 5529 enim
1354 5474 1456 5531 hoc
1483 5479 1743 5541 naturale,

183 5560 246 5614 sic
282 5573 335 5617 et
374 5565 526 5620 illud.
549 5567 625 5622 Ne
666 5577 717 5622 te
744 5569 1003 5622 naturalia
1038 5568 1398 5637 contristent,
1428 5569 1747 5625 contristent

187 5660 229 5703 te
259 5656 430 5720 potius
449 5674 568 5726 qua:
596 5668 723 5713 sunt
765 5675 832 5714 ex
879 5660 1017 5714 mala
1065 5660 1336 5715 voluntate
1369 5678 1382 5715 :
1411 5675 1587 5731 neque
1631 5676 1747 5716 mo-

182 5739 384 5797 rientem
444 5746 603 5817 lnge,
630 5749 725 5802 sed
781 5748 832 5802 in
892 5750 1125 5818 peccatis
1171 5752 1456 5806 viventem.

244 5833 291 5883 4.
330 5834 418 5889 \‘is
459 5852 873 5893 commemorem
917 5849 971 5893 et
1018 5841 1177 5894 aliam
1224 5856 1474 5912 causam,
1525 5853 1743 5913 propter

480 5930 751 5994 PATROL.
801 5936 917 5994 (in.
961 5936 1186 5999 XLIX.

1857 520 2015 573 quam
2039 517 2266 563 mortem
2300 510 2580 567 timemus?
2606 511 2721 567 Non
2749 511 2979 568 vivimus
3001 528 3122 569 cum
3147 512 3440 582 diligentia,

1850 612 1956 651 non
2009 598 2267 656 habemus
2332 603 2717 658 conscientiam
2767 618 3002 674 puram:
3042 606 3185 676 quod
3237 607 3282 660 si
3337 606 3440 661 hoc

1846 700 2010 753 esset,
2042 688 2173 746 nihil
2215 707 2315 747 nos
2344 708 2489 748 mors
2520 694 2815 760 terruisset,
2842 710 2949 751 non
2977 695 3166 764 fames,
3197 712 3304 752 non
3346 714 3443 767 pe-

1846 783 2120 836 cuniarutn
2155 783 2385 854 jactura,
2419 801 2525 840 non
2552 786 2695 841 aliud
2734 787 2859 858 quid
2891 788 3174 858 ejusmodi.
3231 789 3289 845 In
3331 791 3444 846 vir-

1848 882 1959 927 tute
1980 876 2122 928 enim
2144 877 2412 932 viventem
2461 877 2652 933 horum
2699 879 2831 933 nihil
2859 880 3051 936 laedere
3087 884 3314 950 poterit,
3344 899 3444 939 nec

1848 966 2054 1022 interna
2111 970 2324 1038 privare
2366 971 2678 1041 voluptate:
2729 974 2885 1028 bonae
2924 974 3069 1028 enim
3124 976 3440 1031 innutritum

1844 1060 1960 1130 spei
1990 1060 2123 1115 nihil
2165 1063 2216 1113 in
2250 1061 2521 1117 tristitiam
2564 1063 2799 1133 dejicere
2847 1066 3064 1134 poterit.
3112 1066 3251 1133 Quid
3294 1067 3440 1123 enim

1844 1152 2104 1222 quispiam
2124 1153 2298 1208 facere
2327 1154 2513 1223 possit,
2541 1169 2646 1224 quo
2674 1154 2870 1210 fortem
2887 1156 3058 1211 virum
3086 1157 3139 1211 in
3171 1158 3439 1215 tristitiam

1844 1243 2134 1312 conjiciat?
2164 1243 2389 1299 Auferet
2414 1245 2703 1314 pecunias?
2728 1246 2822 1302 sed
2861 1246 3020 1302 habet
3061 1248 3113 1302 in
3143 1249 3289 1303 cadis
3313 1249 3441 1304 divi-

1846 1334 1968 1387 tias.
1998 1333 2172 1388 Patria
2191 1334 2406 1404 ejiciet?
2432 1335 2527 1390 sed
2551 1335 2603 1389 in
2634 1351 2923 1405 supernam
2946 1337 3216 1393 civitatem
3243 1340 3419 1395 mittet

1845 1422 2069 1478 Vincula
2095 1423 2342 1494 injicict?
2371 1425 2465 1479 sed
2493 1425 2653 1481 habet
2683 1427 3068 1481 conscientiam
3094 1429 3357 1494 solutam,
3384 1441 3441 1485 et

1842 1515 2171 1570 exteriorem
2200 1530 2305 1571 non
2325 1516 2492 1571 sentit
2507 1525 2774 1571 catenam.
2803 1519 2872 1571 At
2893 1517 3179 1572 interficiet
3198 1523 3439 1589 corpus?

1841 1606 1937 1660 sed
1982 1606 2175 1660 iterum
2216 1617 2504 1677 resurget:
2538 1616 2594 1662 et
2625 1606 2765 1662 sicut
2807 1607 2899 1677 qui
2946 1623 3069 1663 cum
3110 1609 3298 1664 umbra
3336 1627 3439 1682 pu-

1843 1708 1993 1766 gnat,
2027 1705 2083 1751 et
2119 1712 2300 1752 aerem
2324 1698 2596 1765 verberat,
2618 1707 2901 1768 percutere
2921 1701 3119 1768 poterit
3146 1701 3441 1758 neminem:

1842 1789 1920 1841 sic
1949 1797 2003 1841 ct
2028 1787 2264 1858 quicum
2288 1788 2437 1858 justo
2466 1799 2688 1859 pugnat,
2716 1807 2837 1845 cum
2872 1793 3057 1846 untbra
3090 1802 3295 1847 tantum
3341 1810 3440 1864 pu.

1840 1885 1986 1947 gnat,
2002 1880 2071 1932 ‘et
2096 1880 2237 1934 vires
2260 1895 2385 1935 suas
2412 1880 2675 1950 dissolvit,
2696 1868 2896 1937 nullam
2920 1883 2994 1937 illi
3024 1884 3232 1955 plagam
3258 1886 3442 1943 valens

1841 1971 2101 2042 inﬂigere.
2125 1972 2308 2043 Itaque
2333 1974 2400 2029 da
2424 1974 2551 2029 mihi
2579 1975 2647 2030 de
2674 1977 2926 2030 czelorum
2951 1993 3117 2047 regno
3146 1980 3439 2047 confidere,

1839 2073 1894 2119 et
1919 2066 1964 2119 si
1995 2065 2078 2120 vis
2102 2065 2261 2121 hodie
2286 2067 2569 2137 mejugula
2595 2085 2608 2120 :
2642 2067 2805 2122 cardis
2830 2070 3053 2138 gratiam
3079 2071 3172 2125 tibi
3204 2070 3436 2137 habebo,

1841 2158 1983 2228 quod
2012 2176 2096 2212 me
2118 2160 2366 2214 celeriter
2402 2160 2470 2214 ad
2500 2161 2587 2215 illa
2624 2162 2760 2216 bona
2800 2163 3151 2217 transmittas.
3198 2164 3312 2218 Hoc
3356 2175 3441 2219 est

1841 2251 2073 2304 maxime
2103 2251 2244 2320 quod
2284 2261 2339 2305 et
2382 2268 2482 2306 nos
2510 2253 2755 2322 lngemus
2786 2255 2827 2320 ¹,
2859 2255 3046 2323 inquit,
3072 2255 3215 2325 quod
3246 2271 3437 2324 pecca-

1844 2352 2018 2398 torum
2049 2345 2388 2400 multitudine
2417 2345 2706 2415 prohibiti,
2737 2362 2957 2418 regnum
2998 2348 3128 2402 illud
3154 2364 3259 2402 non
3292 2364 3438 2404 assc-

1842 2450 2090 2504 quetuur.
2126 2438 2288 2506 Igitur
2338 2446 2565 2492 mortem
2611 2438 2795 2508 lugere
2833 2441 3116 2505 otnittens,
3148 2440 3271 2508 lnge
3314 2456 3440 2510 pec-

1843 2536 1985 2593 eata,
2019 2537 2079 2583 ttt
2110 2528 2223 2599 ipsa
2250 2529 2454 2584 deleas.
2483 2530 2709 2601 Propter
2737 2530 2840 2586 hoc
2882 2534 3025 2586 enim
3063 2533 3275 2588 tristitia
3307 2535 3441 2588 facta

1841 2627 1948 2685 est,
1978 2633 2086 2674 non
2132 2629 2187 2674 ιιι
2225 2622 2295 2674 oh
2332 2621 2595 2690 jacturam
2655 2624 3027 2693 pecuniarum,
3057 2640 3168 2679 non
3195 2625 3263 2681 ob
3299 2641 3443 2679 mor-

1843 2719 1949 2765 tem
1975 2753 1989 2779 ,
2018 2728 2120 2766 nec
2145 2712 2215 2767 ob
2236 2713 2396 2768 ullam
2426 2713 2586 2769 aliam
2608 2730 2721 2770 rem
2750 2715 2912 2770 talem
2934 2716 3233 2779 doleamus,
3263 2716 3357 2771 sed
3383 2727 3442 2771 ut

1843 2802 1957 2872 ipsa
1980 2803 2046 2858 ad
2072 2803 2302 2859 delenda
2333 2813 2549 2860 utamur
2579 2817 2799 2876 peccata
2822 2824 2837 2872 ;
2870 2817 2925 2862 et
2950 2808 3093 2878 quod
3133 2808 3234 2862 hoc
3256 2823 3441 2869 verum

1843 2894 1932 2958 sit,
1955 2896 2203 2964 exemplo
2232 2894 2371 2951 facio
2404 2898 2766 2953 manifestum.
2805 2900 3061 2954 Remedia
3104 2900 3442 2955 medieinalia

1845 2995 2065 3055 prepter
2084 2987 2200 3041 illos
2227 2996 2432 3041 tantum
2456 2989 2674 3044 morbos
2708 2988 2846 3043 facta
2891 2999 3038 3057 sunt,
3068 3006 3205 3062 quos
3255 2992 3444 3047 tollere

1844 3087 2067 3147 queunt,
2098 3092 2202 3133 nou
2252 3088 2476 3149 propter
2502 3079 2622 3134 illos
2642 3120 2657 3143 ,
2683 3095 2816 3150 quos
2859 3082 2990 3135 nihil
3032 3082 3286 3149 adjuvare
3315 3098 3442 3152 pos-

1846 3178 1993 3224 sunt.
2026 3171 2156 3226 Puta
2189 3189 2203 3224 :
2234 3173 2409 3226 adhuc
2431 3173 2573 3226 enim
2605 3174 3025 3229 tuauifestiorem
3064 3177 3190 3230 volo
3236 3191 3444 3230 sermo-

1846 3274 1968 3315 nem
2000 3261 2227 3318 reddere
2255 3280 2269 3317 :
2304 3262 2752 3319 medicamentum
2780 3265 2966 3320 oculos
2990 3266 3214 3322 affectos
3239 3277 3443 3323 tantum

1842 3351 2031 3423 juvare
2059 3353 2265 3420 valens,
2296 3355 2503 3409 nullum
2542 3371 2671 3411 vero
2698 3356 2859 3410 alium
2906 3356 3156 3412 morbum
3180 3400 3194 3424 ,
3226 3352 3445 3429 propter

1847 3446 2129 3500 oculorum
2174 3448 2547 3517 aegritudinem
2602 3457 2805 3504 tantum
2850 3449 3044 3505 factum
3090 3466 3211 3507 esse
3266 3451 3446 3508 dicere

1848 3539 1968 3609 quis
1990 3549 2172 3610 posset
2202 3558 2216 3593 :
2247 3557 2353 3596 non
2383 3551 2604 3612 propter
2637 3543 2998 3611 stomachum,
3029 3560 3206 3615 neque
3231 3555 3449 3617 propter

1849 3646 2059 3696 tnanus,
2092 3648 2267 3703 neque
2294 3643 2511 3704 propter
2528 3635 2693 3689 ullum
2725 3636 2868 3691 aliud
2898 3636 3222 3692 membrum.
3241 3637 3443 3693 Trans-

1850 3722 2086 3777 l‘eramus
2126 3725 2290 3794 igitur
2328 3727 2627 3781 orationem
2676 3727 2743 3781 ad
2783 3728 3074 3795 tristitiam,
3105 3739 3160 3783 et
3205 3729 3446 3785 invenie-

1850 3831 1992 3882 mus,
2023 3816 2166 3886 quod
2200 3818 2251 3871 in
2282 3818 2429 3872 nullo
2458 3834 2669 3883 eorum,
2701 3835 2821 3889 qua:
2856 3821 3010 3877 nobis
3038 3822 3321 3884 accidunt,
3351 3839 3448 3878 nos

1851 3907 2089 3978 adjuvet,
2118 3918 2395 3977 peccatum
2429 3926 2558 3965 vero
2593 3912 2769 3965 solum
2795 3915 3031 3983 corrigat
3057 3929 3072 3967 :
3104 3925 3311 3969 certum
3346 3915 3444 3985 igi-

1853 4010 1940 4054 tur
1962 4017 2080 4054 cam
2104 4001 2169 4054 ad
2198 4001 2324 4055 illud
2355 4012 2560 4057 tantum
2583 4003 2935 4059 auferendum
2966 4019 3277 4060 concessam
3304 4023 3444 4061 esse.

1852 4091 2234 4149 Pcrcurramus
2264 4093 2623 4163 ingruentium
2647 4094 2804 4150 nobis
2828 4095 3093 4150 malorum
3124 4097 3403 4166 quodlibet
3427 4142 3442 4164 ,

1852 4190 1908 4237 et
1951 4182 2220 4239 triStitiam
2264 4185 2772 4253 superadducamus,
2806 4196 2860 4241 et
2894 4186 3172 4243 videamus
3206 4189 3332 4259 quid
3377 4204 3442 4241 ex

1854 4274 1955 4329 hac
1983 4275 2074 4329 fiat
2118 4276 2379 4330 utilitatis.
2415 4277 2698 4333 Mulctatus
2727 4288 2809 4333 est
2852 4279 3114 4349 quiSpiam
3162 4282 3444 4350 pecuniis?

1855 4368 2093 4421 lI‘IaL'IUIS
2113 4376 2214 4433 est,
2244 4368 2495 4423 mulctam
2524 4384 2628 4423 non
2658 4370 2980 4425 emendavit.
3015 4372 3206 4427 Filium
3228 4375 3443 4429 amisit?

1854 4459 2064 4526 doluit,
2120 4470 2389 4516 mortuum
2440 4477 2544 4516 non
2628 4463 2986 4527 resuscilavit,
3038 4481 3138 4520 nec
3191 4465 3445 4521 defuncto

1854 4548 2072 4620 proluit.
2120 4549 2444 4621 Flagellatus
2492 4561 2576 4607 est
2626 4554 2781 4622 quis,
2824 4554 2992 4623 alapis
3034 4570 3227 4624 cassus,
3254 4568 3447 4613 contu-

1855 4642 2029 4696 tneliis
2079 4640 2340 4697 affectus?
2364 4643 2556 4707 doluit,
2589 4658 2695 4698 non
2726 4647 3004 4702 resarcivit
3045 4649 3444 4705 contumeliam.

1857 4736 1909 4788 In
1964 4737 2208 4791 morbum
2258 4738 2379 4808 quis
2422 4738 2629 4805 incidit,
2662 4752 2718 4794 et
2765 4742 3137 4809 aegritudinem
3197 4744 3447 4812 gravissi-

1855 4843 1995 4881 mam
2016 4827 2041 4881 ?
2063 4827 2252 4892 defuit,
2287 4829 2656 4898 aegritudinem
2684 4846 2789 4885 non
2817 4831 3069 4899 sustulit,
3097 4833 3189 4887 sed
3220 4842 3275 4888 et
3309 4834 3447 4888 difﬁ-

1852 4923 2095 4977 ciliorem
2125 4922 2381 4978 reddidit.
2411 4923 2573 4979 Vides
2601 4926 2790 4980 horum
2826 4926 2956 4979 nulli
2994 4926 3254 4995 prodesse
3283 4928 3451 4982 tristi-

1853 5017 1981 5070 tiam
2001 5016 2027 5068 ?
2051 5016 2302 5071 Peccavit
2325 5018 2465 5086 quis,
2498 5017 2738 5071 tristatus
2757 5018 2879 5071 est?
2904 5027 3181 5088 peccatum
3211 5019 3414 5075 delevit
3432 5065 3449 5088 ,

1851 5106 2097 5161 dissolvit
2123 5108 2381 5162 debitum.
2416 5105 2567 5163 Unde
2596 5108 2695 5161 hoc
2730 5108 3111 5163 manifestum?
3129 5109 3209 5165 Es
3239 5110 3450 5168 Domini

1855 5198 2122 5253 sententia
2158 5217 2169 5251 :
2201 5199 2269 5252 de
2310 5200 2537 5268 quodam
2587 5199 2729 5254 enim
2787 5200 3136 5268 prmvaricato
3182 5201 3447 5272 loquens.

1852 5291 2059 5346 dicebat
2094 5309 2108 5344 :
2135 5289 2355 5362 Propter
2379 5300 2640 5361 peccatum
2661 5292 2920 5360 paulisper
2942 5295 3110 5364 ipsum
3135 5296 3443 5356 σωιινὲδιαυε,

1853 5394 1899 5436 et
1925 5383 2029 5435 vidi
2068 5382 2205 5452 quod
2248 5385 2478 5436 tristatus
2508 5393 2599 5448 est,
2633 5393 2678 5436 et
2706 5384 2910 5438 incessit
2948 5397 3154 5440 utrestus
3173 5427 3188 5453 ,
3214 5395 3260 5439 et
3288 5387 3451 5456 ipsius

1852 5474 1960 5526 vias
2013 5474 2209 5528 correxi
2235 5472 2396 5544 (lsai.
2440 5475 2529 5530 57.
2562 5476 2649 5529 17.
2694 5477 2820 5547 18).
2853 5477 3139 5545 Propterea
3170 5485 3226 5531 et
3253 5477 3448 5531 Paulus

1853 5564 2024 5620 dicit:
2062 5566 2188 5630 Qua!
2205 5567 2337 5621 enim
2384 5570 2659 5622 secundum
2707 5569 2870 5624 Deum
2908 5570 3119 5623 tristitia
3159 5577 3251 5629 est,
3288 5571 3439 5638 pani-

1853 5659 2063 5713 temiam
2110 5660 2164 5713 in
2206 5661 2422 5714 salutem
2461 5662 2689 5716 stabilem
2732 5671 2971 5732 operatur
3003 5662 3080 5732 (2.
3104 5662 3222 5716 Cor.
3242 5662 3294 5716 7.
3333 5662 3449 5734 10).

1915 5794 1933 5823 ¹
1966 5754 2073 5841 ξεν.
2103 5803 2117 5840 :
2143 5798 2242 5841 Hoc
2260 5798 2330 5842 est
2346 5792 2473 5845 enim
2511 5792 2738 5852 maxime,
2764 5792 2851 5842 hoc
2889 5798 2960 5842 est
2980 5793 3111 5853 quod
3134 5800 3180 5845 et
3204 5772 3288 5861 nos
3311 5774 3439 5860 lnge-

1849 5869 1972 5906 "llis.
