3998 6420
544 377 609 430 75
1263 361 1324 416 S.
1365 356 1646 415 .IOANNIS
1673 351 2148 412 CIIRYSOSTOMI
2188 349 2506 406 ARCIIIEP.
2545 349 3082 406 CONSTANTINOP.
3749 356 3809 412 76

549 491 710 563 Igitur
753 496 1030 558 postquam
1066 477 1347 536 manifeste
1375 475 1546 530 oratio
1587 469 2008 563 demonstravit,
2040 483 2139 524 ne-

548 562 654 653 que
681 578 1024 650 pecuniarum
1047 571 1322 635 mulctam,
1341 580 1516 636 neque
1542 562 1941 625 contumeliam,
1969 574 2142 628 neque

545 671 905 733 calumniam,
938 679 1108 734 neque
1161 658 1390 730 ﬂagella,
1427 671 1600 726 neque
1647 653 1916 719 morbum,
1971 664 2142 715 neque

551 776 798 829 mortem,
837 776 1006 830 neque
1033 755 1177 812 aliud
1219 749 1522 821 huiusmodi
1570 748 1828 803 res:trcire
1876 743 2142 798 tristitiam

550 872 733 931 posse,
762 854 856 910 sed
895 852 1068 907 solum
1106 847 1292 902 delere
1339 851 1638 914 peceatum.
1679 850 1730 892 et
1785 837 1849 890 ad
1904 834 2016 931 hoc.
2052 833 2146 886 tle-

546 924 865 1005 strucndum
906 943 1084 998 valere
1119 957 1132 992 :
1167 945 1374 992 certum
1422 942 1507 987 est
1553 929 1696 1001 quod
1741 935 1956 998 proiiter
2005 924 2144 976 hanc

543 1044 716 1097 solam
747 1052 967 1094 causam
989 1034 1125 1090 facta
1150 1032 1236 1086 sit.
1263 1029 1338 1085 Ne
1366 1026 1594 1096 amplius
1615 1024 1776 1094 igitur
1798 1018 2142 1090 pecuniarum

541 1134 809 1201 iacturam
839 1128 1136 1190 doleamus,
1166 1120 1261 1176 sed
1298 1134 1420 1174 cum
1469 1129 1753 1186 peccamus
1796 1122 1999 1166 tantum
2048 1107 2142 1160 do-

554 1226 800 1286 leamus;
830 1219 997 1275 multa
1022 1215 1165 1271 enint
1198 1213 1284 1267 hic
1309 1227 1374 1266 ex
1408 1209 1624 1263 tristitia
1656 1205 1874 1260 utilitas.
1924 1202 2148 1256 lluIcta-

547 1328 640 1372 ωε
665 1314 768 1370 es?
793 1328 862 1368 ne
887 1311 1108 1372 doleas;
1141 1318 1313 1375 neque
1354 1301 1495 1355 enim
1549 1297 1809 1370 proderit.
1858 1295 2096 1350 Pecca:ti
2123 1294 2147 1346 τ

555 1408 702 1473 dole,
735 1405 864 1460 utile
890 1414 1122 1471 namque
1142 1407 1257 1461 est;
1291 1405 1345 1451 et
1376 1395 1468 1448 Dei
1492 1389 1831 1464 prudentiam
1859 1388 2145 1454 etsapien-

560 1500 688 1552 tiam
719 1494 1019 1552 considera.
1047 1491 1158 1544 Duo
1200 1489 1312 1541 hzec
1357 1485 1514 1540 nobis
1570 1480 1776 1551 peperit
1825 1487 2101 1547 peccatum
2129 1518 2144 1543 ,

562 1589 834 1643 tristitiam
862 1593 918 1640 et
945 1593 1172 1638 mortem
1205 1597 1217 1632 :
1253 1577 1578 1643 Quacumque
1615 1573 1747 1626 enim
1774 1570 1856 1622 die
1897 1567 2146 1632 comedes,

561 1680 754 1746 inquit,
787 1685 947 1730 morte
989 1669 1219 1725 morieris
1237 1665 1462 1738 (σθω.
1489 1665 1575 1730 i7)
1602 1680 1616 1725 ;
1644 1670 1698 1714 et
1726 1660 1792 1713 ad
1833 1659 2112 1713 mulierem
2131 1697 2146 1722 ,

559 1771 624 1824 In
654 1766 912 1822 doloribus
940 1763 1104 1832 paries
1126 1760 1258 1830 filios
1291 1756 1511 1831 (Gen.5.
1537 1754 1642 1823 I6);
1671 1761 1725 1806 et
1753 1767 1848 1820 per
1871 1751 1982 1804 haec
2006 1757 2151 1802 utra-

551 1878 663 1930 que
685 1869 960 1931 peccatum
993 1853 1230 1918 sustulit,
1265 1860 1319 1905 et
1351 1865 1380 1902 a
1426 1848 1548 1902 filiis
1593 1853 1818 1900 matrem
1864 1842 2033 1896 dele’ri
2057 1857 2151 1894 cu-

556 1955 715 2008 ravit.
741 1950 894 2019 Quod
923 1949 1068 2003 enim
1115 1961 1236 2000 cum
1286 1942 1497 1996 tristitia
1552 1955 1696 1992 mors
1735 1944 2008 2006 peccatum
2057 1933 2152 1986 de-

559 2055 750 2107 struat,
781 2041 1118 2098 manifestum
1141 2035 1355 2106 quidem
1386 2041 1440 2085 et
1485 2047 1547 2083 cx
1596 2025 2150 2098 martyribus:mani-

561 2140 753 2194 festum
784 2137 911 2192 item
937 2149 1005 2189 ex
1046 2132 1141 2195 iis,
1173 2145 1290 2198 quae
1317 2126 1445 2180 dixit
1472 2124 1665 2178 Paulus
1703 2121 1768 2174 ad
1802 2127 2111 2188 peccatores
2134 2159 2148 2180 ,

562 2231 641 2284 sic
667 2227 914 2298 inquiens
945 2242 960 2278 :
990 2221 1116 2276 Ideo
1147 2219 1290 2273 multi
1324 2219 1375 2270 in
1405 2215 1540 2270 robis
1570 2213 1759 2282 inﬁrmi
1781 2221 1827 2264 et
1853 2209 2150 2272 imbecilles,

560 2333 606 2374 et
647 2318 901 2372 dormiunt
927 2315 1072 2368 multi
1099 2313 1176 2380 (Ι.
1206 2309 1326 2364 Cor.
1361 2309 1419 2361 ll
1474 2303 1564 2375 50)
1587 2347 1601 2368 ,
1624 2305 1745 2374 quia
1779 2317 1871 2355 vos
1903 2299 2154 2370 peccatis,

562 2413 755 2480 inquit.
775 2404 1068 2465 morimini,
1099 2413 1155 2457 ttt
1184 2411 1356 2455 morte
1389 2408 1600 2466 precatu
1633 2395 1929 2449 solvantur.
1978 2391 2158 2445 Intulit

569 2505 731 2572 igitur
784 2499 1007 2562 dicetis,
1041 2493 1102 2549 Si
1155 2493 1287 2546 enim
1339 2505 1430 2542 nos
1478 2489 1616 2556 ipsos
1653 2485 2023 2556 judicaremus,
2056 2499 2157 2535 non

566 2597 732 2660 utique
744 2591 1101 2663 jndicaremur
1129 2603 1145 2639 .'
1171 2584 1292 2638 dum
1321 2582 1620 2652 judicmnnr
1647 2590 1812 2631 autent
1839 2594 1869 2628 a
1900 2575 2121 2629 Domino
2138 2617 2154 2642 ,

566 2685 890 2749 corripiatur,
921 2689 976 2733 ut
1015 2694 1115 2731 non
1141 2691 1259 2728 cum
1306 2671 1494 2725 mundo
1541 2665 1962 2736 damnemnr(lb.
1988 2683 2034 2719 v.
2065 2666 2154 2720 51.

568 2777 681 2846 52).
715 2774 785 2828 Et
813 2775 952 2826 sicut
977 2768 1174 2824 vermis
1201 2783 1264 2819 ex
1299 2765 1438 2834 ligno
1471 2762 1726 2823 nascitur,
1749 2770 1801 2812 et
1830 2757 1954 2811 illud
1987 2757 2156 2825 rodit,

569 2877 623 2922 et
652 2867 790 2920 tinea
824 2863 998 2918 lanam
1026 2858 1279 2922 comedit,
1302 2871 1450 2908 suam
1497 2853 1564 2906 ab
1615 2853 1724 2921 ipsa
1762 2849 2022 2918 originem
2068 2847 2161 2900 Ita-

567 2960 702 3013 bons
732 2974 744 3008 :
773 2955 851 3009 sic
877 2961 933 3008 et
972 2949 1185 3006 tristitia
1213 2957 1266 3002 et
1289 2961 1434 3001 mors
1453 2945 1520 2999 de
1546 2951 1762 3012 peccato
1791 2951 1928 2995 nata:
1945 2949 2087 3004 sunt,
2108 2951 2162 2992 et

570 3059 847 3118 pet-catum
873 3046 1182 3102 absumunt.
1211 3039 1375 3110 Igitur
1396 3055 1462 3092 ne
1488 3039 1769 3091 timeamus
1799 3044 2046 3098 mortem,
2066 3033 2160 3087 sed

567 3150 842 3213 peccatum
875 3139 1158 3193 timeamus
1181 3133 1478 3197 dumtaxat,
1509 3139 1564 3185 et
1588 3138 1806 3199 promer
1838 3126 1964 3181 illud
1981 3126 2166 3180 dolea-

571 3251 708 3292 mus.
739 3234 810 3290 Et
839 3233 953 3287 hate
978 3230 1100 3286 dico
1134 3242 1240 3282 non
1285 3240 1447 3296 grave
1475 3222 1762 3294 quidquam
1807 3228 2126 3290 exspectans
2146 3258 2161 3281 ,

573 3330 733 3395 absit,
761 3326 856 3382 sed
894 3327 1142 3380 timentes
1172 3335 1269 3376 vos
1313 3319 1390 3372 sic
1433 3331 1644 3386 semper
1671 3313 1810 3367 allici
1841 3313 2066 3376 volens,
2113 3321 2166 3364 et

572 3418 771 3472 tlbristi
802 3416 973 3485 legem
1004 3429 1099 3482 per
1136 3425 1298 3480 Opera
1330 3407 1555 3477 implere
1587 3424 1600 3459 :
1634 3403 1694 3459 Si
1738 3403 1849 3472 quis
1886 3403 2019 3456 enim
2064 3417 2165 3454 non

584 3513 714 3568 tollit
741 3526 942 3565 crucem
971 3523 1139 3574 suam,
1168 3514 1214 3559 et
1236 3504 1458 3573 sequitur
1485 3517 1585 3564 me,
1614 3516 1712 3553 non
1742 3508 1812 3552 est
1839 3515 1917 3551 me
1940 3497 2124 3566 dignus
2147 3535 2162 3560 ,

573 3604 750 3674 inquit
789 3600 1000 3674 (Matth.
1029 3599 1114 3653 l0.
1161 3597 1276 3660 58).
1305 3594 1418 3648 Hoc
1465 3601 1641 3645 autem
1681 3589 1924 3652 dicebat,
1954 3603 2058 3642 non
2109 3597 2168 3641 ut

580 3699 782 3766 lignum
829 3694 1068 3748 humeris
1117 3691 1386 3750 feramus,
1432 3685 1526 3740 sed
1576 3695 1634 3740 ut
1681 3693 1905 3737 mortem
1956 3695 2168 3750 semper

575 3798 699 3844 ante
720 3787 904 3843 oculos
933 3783 1243 3845 habeamus,
1264 3781 1398 3835 sicut
1425 3787 1479 3833 et
1501 3776 1695 3832 Paulus
1716 3774 1953 3845 quotidie
1975 3775 2169 3828 morie-

579 3885 730 3937 batur
760 3880 836 3954 (Ι.
860 3876 979 3934 Cor.
1013 3877 1099 3932 13.
1133 3874 1252 3946 51),
1299 3880 1353 3926 et
1399 3881 1625 3926 mortem
1671 3868 1979 3933 deridebat,
2019 3881 2160 3935 pra:—

577 3982 893 4041 sentemque
918 3970 1080 4023 vitam
1111 3964 1516 4021 contemnebat.
1549 3961 1622 4015 Es
1653 3961 1797 4015 enim
1822 3957 1998 4021 miles,
2029 3972 2170 4010 sem-

579 4080 676 4134 per
707 4063 760 4118 iit
790 4062 906 4116 acie
925 4059 1286 4118 constitutus;
1319 4054 1473 4109 miles
1508 4066 1638 4106 vero
1676 4060 1904 4104 mortem
1936 4049 2131 4103 timens
2151 4087 2165 4111 ,

581 4169 869 4224 numquam
891 4161 1108 4207 strenue
1139 4164 1195 4203 se
1215 4154 1368 4218 geret
1396 4163 1409 4199 :
1432 4145 1516 4200 sic
1538 4143 1698 4213 igitur
1723 4155 1899 4210 neque
1916 4138 2172 4193 Christia-

581 4263 682 4304 nus
713 4247 872 4301 homo
903 4241 1137 4312 pericula
1165 4241 1382 4301 timens,
1417 4248 1666 4303 magnum
1707 4232 1832 4300 quid
1856 4239 1910 4284 et
1937 4228 2169 4284 admira-

583 4340 690 4396 bile
717 4334 1008 4400 exhibebit,
1039 4333 1150 4387 imo
1184 4329 1340 4385 facile
1369 4324 1740 4396 expugnabilis
1775 4323 1918 4386 erit;
1953 4319 2171 4388 intrepi-

582 4432 683 4486 dus
711 4437 894 4484 contra
937 4433 992 4480 et
1035 4422 1424 4492 magnanimus,
1456 4419 1846 4486 inexpugnatus
1891 4418 2072 4465 manet
2121 4421 2173 4464 et

583 4521 830 4576 invictus.
855 4515 999 4570 Sient
1030 4513 1189 4583 igitur
1215 4511 1358 4581 pueri
1389 4520 1514 4573 tres,
1547 4511 1720 4578 ignem
1748 4523 1853 4560 non
1885 4505 2168 4568 timentes,

589 4615 764 4683 ignem
786 4607 1086 4677 effugerunt
1117 4621 1130 4657 :
1165 4603 1244 4657 sic
1279 4611 1333 4656 et
1358 4617 1478 4665 nos,
1507 4600 1550 4653 si
1582 4608 1808 4653 mortem
1837 4612 1942 4652 non
1989 4597 2174 4650 timea-

588 4719 728 4768 mus,
753 4710 979 4756 mortem
1011 4695 1343 4767 effugiemus.
1375 4693 1551 4762 Ignem
1581 4703 1709 4743 vero
1736 4688 1952 4742 minime
1978 4686 2172 4741 timue-

592 4806 748 4861 runt;
778 4809 884 4848 non
924 4791 1072 4857 enim
1117 4797 1202 4843 est
1249 4785 1455 4840 crimen
1492 4780 1736 4844 incendi;
1775 4780 1867 4834 sed
1902 4788 2174 4848 peccatum

593 4895 884 4946 timuerunt
915 4903 928 4938 :
961 4883 1164 4940 crimen
1195 4877 1336 4933 enim
1378 4883 1460 4931 est
1499 4873 1828 4941 impietatem
1866 4869 2037 4938 sequi.
2069 4868 2176 4923 llos

592 4990 647 5036 ct
670 4993 770 5035 nos
799 4978 1087 5038 imitemur,
1116 4981 1172 5027 et
1196 4983 1384 5025 omnes
1424 4966 1530 5020 illis
1569 4962 1816 5018 similes:
1847 4971 1901 5016 et
1938 4976 2006 5016 ne
2041 4961 2177 5030 peri-

591 5072 709 5126 cnla
735 5071 1036 5132 timeamus,
1060 5073 1118 5120 et
1140 5061 1452 5131 effugiemus
1475 5055 1728 5128 pericula.

665 5163 722 5218 5.
765 5157 886 5213 Non
933 5173 1045 5211 sum
1089 5153 1322 5224 equidem
1365 5149 1646 5220 praplteta,
1675 5162 1832 5214 neque
1875 5144 2014 5212 ﬁlius
2059 5159 2177 5210 pro-

596 5255 757 5324 pheta:
781 5249 955 5322 (Amos
1004 5248 1056 5300 7.
1093 5245 1216 5315 l4);
1247 5244 1478 5297 futurum
1517 5251 1693 5293 tamen
1720 5235 2000 5292 manifeste
2027 5235 2174 5298 scio,

593 5355 646 5401 et
676 5355 868 5411 magna
897 5349 950 5394 et
983 5338 1123 5391 clara
1155 5350 1284 5388 voce
1321 5334 1610 5402 proclamo,
1642 5328 1782 5399 quod
1812 5329 1853 5381 si
1888 5337 2173 5388 mutentur,

592 5446 646 5492 et
695 5434 925 5503 aliquam
975 5428 1166 5482 anima:
1226 5434 1422 5480 nostra:
1474 5437 1655 5478 curam
1712 5428 2052 5490 agamus,et
2112 5416 2180 5470 ab

600 5527 938 5599 improbitate
983 5522 1302 5577 absistamus
1327 5561 1340 5584 ,
1374 5517 1505 5572 nihil
1557 5515 1837 5570 molestum
1883 5513 2089 5584 ingruet
2129 5518 2184 5564 et

603 5621 758 5673 triste
788 5635 803 5672 :
828 5627 984 5686 atque
1006 5614 1107 5668 hoc
1136 5609 1418 5666 manifeste
1445 5607 1564 5662 novi
1592 5623 1658 5660 ex
1688 5605 1778 5660 Dei
1807 5603 2111 5666 clementia,
2133 5609 2189 5656 et

608 5721 672 5756 ex
700 5705 782 5759 his
801 5722 926 5774 qua:
955 5706 1007 5757 in
1041 5703 1201 5765 virus,
1234 5711 1283 5755 et
1305 5699 1572 5762 civitates,
1603 5705 1657 5750 et
1688 5703 1875 5766 gentes
1895 5735 1908 5755 ,
1937 5703 1990 5748 et
2016 5707 2184 5761 pupu-

611 5791 691 5844 ιιι.
712 5793 937 5858 integros
959 5793 1106 5848 fecit.
1123 5792 1332 5848 Etenim
1358 5787 1706 5844 Ninivitarum
1733 5786 1936 5840 civitati
1957 5785 2185 5840 minatus

2248 478 2330 522 est
2356 467 2372 498 ¹
2400 508 2414 532 ,
2443 475 2498 522 et
2519 466 2653 521 dixit
2685 485 2698 521 :
2730 467 2908 520 Adhuc
2937 478 3036 519 tres
3062 467 3189 531 dies,
3229 476 3276 521 et
3313 465 3496 521 Nitriae
3526 467 3819 523 subusrtaur

2247 558 2392 625 (Jan.
2425 559 2477 614 5.
2501 558 2585 629 4).
2612 558 2749 624 Quid
2796 560 2982 628 igitur,
3011 558 3098 612 dic
3143 558 3309 612 mihi?
3339 558 3523 614 Ninive
3578 559 3820 616 subversa

2245 659 2356 714 est,
2385 659 2440 705 et
2465 651 2592 705 urbs
2619 652 2888 705 destructa
2931 651 3066 705 fuit?
3093 652 3289 705 Contra
3348 666 3568 722 prorsus
3609 653 3820 707 accidit.

2247 753 2302 796 t-t
2342 743 2594 808 Surrexit,
2627 753 2680 796 et
2727 743 2922 796 clarior
2960 742 3096 796 facta
3151 753 3251 805 est,
3282 753 3336 797 et
3387 753 3589 796 tantum
3633 755 3823 813 tempus

2249 833 2576 902 prteteritum
2623 833 2656 902 i',
2676 834 2788 889 sius
2815 833 3038 903 gloriam
3062 850 3165 887 non
3192 833 3456 888 desituxit
3476 876 3491 899 ,
3523 835 3616 888 sed
3650 851 3823 890 omnes

2251 940 2369 978 eam
2395 925 2728 979 celebramus
2756 925 2930 979 adhuc
2959 941 3191 995 quoque,
3224 938 3278 980 et
3306 943 3443 978 nunc
3471 925 3788 980 admiramur
3811 945 3821 979 :

2251 1019 2500 1088 quoniam
2561 1026 2743 1087 portus
2791 1018 3004 1087 quidam
3053 1019 3291 1088 optimus
3337 1034 3402 1072 ex
3455 1018 3546 1072 illo
3601 1028 3825 1087 tempore

2253 1110 2595 1178 peccantibus
2624 1110 2872 1166 omnibus
2911 1112 3138 1176 exstitit,
3169 1112 3219 1164 in
3264 1113 3689 1178 desperationem
3741 1127 3823 1165 ca-

2253 1202 2382 1256 dere
2429 1217 2535 1256 non
2586 1204 2932 1270 permittens,
2982 1205 3076 1256 sed
3122 1219 3310 1257 omnes
3360 1204 3425 1257 ad
3475 1205 3824 1274 paenitentiam

2255 1310 2486 1361 vocans,
2542 1306 2595 1350 et
2630 1311 2725 1364 per
2770 1312 2830 1350 ea
2871 1312 2990 1365 qua:
3022 1298 3166 1361 fecit,
3195 1308 3249 1350 et
3294 1312 3387 1364 per
3425 1314 3546 1366 quae
3582 1297 3670 1351 Dei
3721 1315 3828 1368 pro-

2255 1387 2539 1442 videntiam
2595 1401 2676 1442 est
2711 1399 3026 1456 assequuta,
3075 1390 3398 1457 persuadens
3443 1406 3725 1457 numquam
3768 1391 3828 1443 de

2257 1483 2465 1549 pr0pria
2490 1482 2661 1536 salute
2685 1481 2992 1550 desperare,
3019 1483 3113 1536 sed
3141 1485 3301 1535 vitam
3339 1491 3588 1550 gerentes
3617 1485 3826 1546 bonam,

2255 1582 2313 1626 et
2337 1573 2593 1640 Optimam
2636 1587 2786 1642 Spem
2819 1583 3198 1643 proponentes,
3223 1575 3290 1628 de
3321 1575 3425 1629 line
3454 1584 3718 1644 tamquam
3749 1591 3828 1644 pe-

2257 1666 2399 1718 nitus
2424 1665 2563 1718 bono
2592 1663 2770 1719 futuro
2797 1665 3089 1720 conlidere.
3118 1665 3248 1732 Quis
3284 1667 3426 1720 enim
3452 1681 3558 1720 non
3585 1667 3830 1720 excitetur

2259 1757 2470 1810 illorum
2496 1757 2802 1826 exemplum
2825 1758 3068 1821 audiens,
3102 1758 3224 1812 licet
3249 1759 3486 1811 omnium
3524 1759 3593 1812 sit
3615 1759 3827 1828 ignavis-

2255 1849 2468 1902 simus?
2498 1848 2672 1918 Elegit
2701 1849 2878 1918 itaque
2924 1849 3065 1904 Deus
3105 1849 3436 1919 prophetiam
3480 1861 3658 1920 potius
3695 1866 3828 1904 suam

2261 1939 2464 1992 irritant
2501 1939 2716 2007 cadere,
2739 1956 2898 2010 quam
2949 1941 3216 1995 civitatem
3261 1957 3516 1996 corruere
3547 1961 3562 1998 :
3589 1943 3692 1996 imo
3715 1957 3830 1996 vero

2260 2045 2432 2099 neque
2460 2031 2732 2100 pr0phetia
2759 2031 2969 2086 cecidit.
2997 2032 3053 2087 Si
3074 2034 3218 2086 enim
3250 2033 3555 2088 hominibus
3581 2033 3632 2086 iit
3662 2036 3829 2087 eadem

2261 2121 2460 2174 malitia
2493 2124 2931 2191 permanantibus
2954 2139 3059 2177 non
3091 2125 3142 2177 itt
3172 2138 3306 2194 opus
3347 2126 3612 2180 sententia
3637 2140 3831 2194 proces-

2265 2213 2443 2278 sisset,
2479 2227 2660 2286 posset
2705 2217 2826 2287 quis
2862 2218 2996 2271 lorte
3033 2217 3174 2272 dicta
3211 2219 3484 2272 criminari
3515 2235 3530 2272 :
3560 2218 3696 2288 quod
3723 2233 3832 2272 vero

2262 2313 2478 2367 mutatis
2505 2313 2654 2381 ipsis,
2687 2321 2741 2365 et
2781 2329 2808 2365 :t
2852 2312 3050 2367 malitia
3096 2311 3511 2379 desistentibus,
3534 2314 3690 2367 etiam
3715 2313 3832 2366 Deus

2261 2405 2330 2458 ab
2369 2407 2444 2459 ira
2486 2405 2769 2468 destiterit,
2804 2405 2926 2475 quis
2969 2405 3200 2473 amplius
3245 2403 3580 2474 pr0pltetiant
3629 2419 3832 2472 carpere

2264 2496 2478 2565 poterit,
2503 2504 2554 2547 et
2576 2495 2712 2548 dicta
2739 2494 3001 2548 mendacii
3019 2494 3414 2549 condemnare?
3433 2495 3642 2549 Etenim
3658 2497 3829 2563 legem,

2262 2603 2420 2656 quant
2438 2588 2506 2640 ab
2525 2587 2676 2641 initio
2706 2587 2844 2641 Deus
2873 2587 3081 2641 cunctis
3103 2585 3410 2641 hominibus
3430 2587 3604 2656 posuit
3626 2602 3715 2655 per
3732 2601 3834 2655 pro-

2269 2679 2479 2748 pitetattt
2507 2680 2749 2748 loquens,
2785 2679 2922 2733 hanc
2941 2689 2994 2732 et
3023 2687 3147 2734 tunc
3172 2679 3530 2733 conservavit.
3560 2679 3721 2747 Quam
3747 2694 3831 2732 au-

2266 2779 2372 2821 tent
2397 2769 2606 2838 legem?
2634 2769 2714 2821 Ad
2732 2786 2982 2822 summam
3022 2769 3230 2838 loquar,
3264 2769 3454 2838 inquit,
3481 2770 3550 2822 ad
3587 2779 3772 2840 gentem
3795 2780 3834 2820 et

2265 2878 2498 2932 regnum,
2527 2872 2581 2915 ut
2608 2861 2881 2927 eradicent,
2913 2873 2960 2915 et
2998 2859 3293 2928 sti/fodiam,
3315 2871 3363 2915 et
3391 2862 3601 2932 perdam
3625 2877 3644 2916 :
3666 2871 3712 2915 et
3734 2861 3832 2924 erit,

2266 2957 2310 3007 si
2351 2957 2693 3024 paenitentiam
2742 2956 2933 3026 egerint
2980 2956 3320 3018 malitiae,me
3361 2972 3561 3025 quoque
3603 2951 3832 3024 paenitebit

2265 3049 2376 3108 iraa,
2412 3063 2566 3116 quant
2605 3048 2841 3116 loquutus
2881 3049 3077 3117 fuerant
3105 3048 3274 3118 facere
3303 3045 3408 3099 illis
3433 3045 3648 3117 (Jerem.
3684 3044 3760 3099 l8.
3789 3044 3830 3097 7.

2269 3143 2345 3210 ὅ).
2373 3140 2519 3195 llanc
2549 3141 2707 3209 igitur
2738 3142 2905 3209 legem
2936 3139 3243 3194 custodiens
3266 3140 3588 3208 ptenitentes
3613 3137 3833 3199 salvavit,

2269 3246 2323 3287 et
2346 3251 2377 3287 a
2405 3234 2533 3286 vitio
2562 3231 2905 3287 discedentes
2931 3232 3000 3284 ab
3027 3233 3099 3285 ira
3130 3232 3394 3287 liberavit.
3413 3232 3646 3288 Noverat
3673 3232 3836 3287 barba—

2271 3342 2450 3379 rorum
2485 3325 2734 3378 virtutem
2756 3365 2771 3390 ,
2803 3333 2858 3378 ct
2886 3324 3006 3378 ideo
3037 3325 3352 3394 prophetam
3399 3325 3625 3394 urgebat
3655 3341 3668 3376 :
3698 3325 3768 3377 sic
3791 3330 3837 3376 et

2273 3426 2398 3472 tunc
2424 3417 2723 3486 agitabatur
2745 3417 2929 3471 civitas
2957 3417 3136 3470 audita
3164 3431 3296 3472 voce
3323 3417 3654 3486 prophetica,
3680 3414 3771 3470 sed
3793 3415 3835 3466 in

2274 3509 2422 3563 nullo
2453 3511 2576 3564 ltesa
2605 3519 2708 3572 est,
2736 3509 2864 3580 quin
2891 3525 2920 3563 a
2951 3511 3142 3564 timore
3163 3509 3362 3578 adiuta.
3397 3511 3583 3564 Timor
3607 3511 3738 3564 enim
3764 3507 3840 3562 ille

2273 3602 2497 3655 salutent
2521 3601 2749 3671 peperit,
2779 3601 3127 3654 comminatio
3163 3601 3400 3670 periculo
3445 3602 3712 3665 liberavit,
3738 3599 3840 3652 sub-

2273 3695 2534 3748 versionis
2575 3695 2838 3748 sententia
2877 3694 3278 3748 subversionem
3316 3693 3576 3748 cohibuit.
3600 3693 3644 3750 0
3670 3705 3837 3746 novam

2277 3802 2389 3841 rem
2433 3796 2488 3840 et
2518 3785 2925 3840 admirabilem!
2964 3785 3301 3842 denuntiatio
3341 3798 3572 3842 mortem
3650 3783 3840 3837 minans

2277 3880 2436 3930 vitam
2487 3879 2712 3946 peperit.
2774 3876 3052 3932 Sententia
3099 3887 3380 3948 postquam
3427 3880 3534 3934 lata
3584 3880 3841 3944 fuit,tune

2277 3967 2506 4021 invalida
2539 3965 2679 4022 facta
2707 3977 2810 4032 est,
2843 3977 3028 4021 contra
3057 3981 3217 4037 quam
3247 3967 3387 4036 apud
3417 3970 3699 4024 saeculares
3717 3965 3842 4037 judi-

2275 4077 2367 4117 ces
2397 4080 2411 4116 :
2439 4063 2577 4131 apud
2606 4063 2704 4116 hos
2727 4063 2871 4116 enim
2899 4063 2952 4117 itt
2975 4063 3209 4117 mediunt
3239 4065 3441 4133 prolata
3460 4105 3476 4128 ,
3515 4074 3626 4119 rata
3661 4062 3714 4116 fit
3737 4076 3840 4114 sen—

2280 4155 2478 4218 tentia;
2507 4155 2647 4224 apud
2691 4156 2856 4210 Deum
2881 4165 3086 4221 contra,
3119 4157 3341 4226 proferri
3386 4158 3701 4212 sententiam
3739 4165 3839 4208 eam

2280 4246 2564 4302 invalidam
2603 4248 2766 4301 facit:
2795 4249 2896 4302 nisi
2925 4249 3066 4302 eniut
3113 4248 3319 4318 prolata
3365 4248 3588 4310 fuisset.
3617 4262 3716 4302 non
3753 4243 3842 4298 uti-

2279 4353 2382 4406 que
2435 4346 2745 4406 peccatores
2798 4338 3101 4404 audissent;
3133 4338 3179 4393 si
3233 4352 3362 4394 vero
3408 4354 3516 4393 non
3557 4339 3840 4397 audisst-nt.

2281 4447 2454 4501 neque
2500 4432 2731 4501 egissent
2779 4433 3167 4500 paenitentiam,
3217 4446 3391 4502 neque
3431 4447 3642 4502 poenam
3703 4443 3842 4498 repuo

2283 4529 2487 4590 lissent,
2519 4542 2616 4581 nec
2667 4525 2888 4580 fuissent
2939 4526 3026 4580 illa
3060 4526 3288 4580 mirabili
3315 4527 3488 4584 salute
3527 4530 3694 4599 potiti.
3723 4526 3844 4590 Quo-

2283 4626 2444 4679 modo
2491 4627 2636 4680 enim
2688 4640 2793 4678 non
2850 4624 3147 4686 mirabilis,
3179 4639 3300 4678 cum
3341 4625 3508 4694 judex
3552 4620 3843 4678 sententiam

2284 4717 2497 4780 tulerit,
2536 4717 2610 4770 tei
2651 4731 2778 4768 vero
2809 4730 2903 4785 per
2947 4717 3313 4784 paenitentiam
3355 4716 3670 4770 sententiam
3694 4712 3845 4768 solve.

2285 4809 2568 4862 rint?non
2622 4808 2762 4862 enim
2820 4807 3008 4860 urbem
3067 4806 3336 4877 fugerunt,
3370 4814 3513 4862 sicut
3568 4823 3662 4862 nos
3704 4816 3843 4862 ntmt‘,

2285 4901 2379 4956 sed
2430 4909 2740 4966 manentes,
2771 4900 2938 4966 ipSant
2983 4908 3258 4954 nutantem
3288 4899 3588 4954 firmarunt.
3627 4897 3846 4964 Laqueus

2285 5005 2433 5062 erat,
2497 5005 2552 5051 et
2617 4997 2890 5050 munimen
2975 4993 3146 5064 ipsam
3217 4995 3564 5051 reddiderunt
3619 5005 3846 5056 :Voml!"

2285 5097 2483 5143 eratet
2512 5089 2889 5158 pratcipitium,
2921 5095 2976 5142 et
3019 5089 3197 5143 tutela:
3247 5090 3436 5143 turrim
3484 5088 3734 5144 fecerunt.
3756 5084 3847 5136 Au-

2289 5187 2504 5240 tlierunt
2531 5185 2672 5254 quod
2697 5183 2916 5239 atdilieia
2945 5193 3198 5238 corruent
3218 5226 3231 5245 ,
3267 5199 3440 5253 neque
3466 5184 3704 5254 fugerunt
3737 5173 3846 5230 a‘di-

2289 5278 2430 5341 llcia,
2455 5277 2547 5333 sed
2578 5287 2792 5346 peccata
2814 5276 3065 5346 fugerunt
3089 5293 3102 5331 :
3135 5291 3240 5331 non
3265 5275 3625 5332 discesserunt
3651 5269 3846 5341 ᾳυῑεψιε

2289 5374 2357 5430 de
2376 5374 2536 5428 domo
2564 5389 2681 5436 sua,
2713 5375 2850 5427 sicut
2873 5388 3014 5427 nunc
3053 5386 3170 5438 nos,
3203 5371 3297 5426 sed
3327 5370 3572 5425 discessit
3597 5367 3800 5438 quisque
3820 5372 3844 5406 η

2291 5468 2381 5520 via
2408 5481 2503 5521 sua
2530 5465 2690 5520 mala.
2735 5464 2870 5520 Nunt
2906 5464 3072 5530 enim,
3109 5463 3313 5533 inquit,
3348 5463 3486 5516 muri
3530 5461 3655 5514 iram
3707 5466 3847 5524 pepe-

2355 5608 2373 5637 ί
2393 5611 2516 5666 sar.
2536 5609 2590 5666 et
2609 5601 2804 5666 quidam
2962 5614 2976 5649 :
3009 5600 3182 5666 (frbem
3204 5595 3412 5666 minatus
3443 5601 3513 5647 est
3541 5587 3847 5666 subreﬂetef‘!

2292 5648 2802 5717 diraT'Jnihai‘c'iFé’s’
2827 5648 2973 5712 dies.
3005 5664 3080 5709 Sic
3112 5672 3310 5721 semper
3352 5659 3528 5721 lectum
3561 5664 3641 5721 est
3673 5655 3718 5700 in
3755 5648 3842 5695 L.\'\'

2293 5729 2650 5806 mterpretibta
2672 5725 2796 5778 vela
2819 5727 2986 5788 primis
3009 5718 3233 5771 t-zoelesize
3256 5720 3464 5774 saeculis.
3483 5718 3616 5782 τρεῖς,
3639 5725 3732 5775 PFO.
3751 5722 3842 5754 τίσ·

2291 5808 2559 5856 σαρακοντα
