3998 6434
200 337 260 396 75
1197 338 1286 392 AD
1324 337 1656 396 POPULUM
1696 336 2200 399 ANTIOCHENUM
2240 341 2479 399 ΠΟΜΠ..
2525 340 2589 397 ν.
3576 344 3644 399 76

203 454 356 518 ὀδοὺς
382 451 587 507 αὑτοῦ.
624 453 721 508 Διά
752 453 909 509 τοῦτο
936 453 1029 507 καί⁸
1058 453 1086 506 6
1110 452 1319 516 Παῦλος
1339 453 1441 523 εφη
1463 468 1478 483 ο
1524 453 1586 508 Ἠ
1612 453 1681 506 δὲ
1709 454 1860 506 κατὰ

201 543 333 599 θεὸν
377 544 540 610 λύπη
580 559 902 612 μετανοιαν
942 546 1031 609 εις
1076 543 1382 610 σωτηρίαν
1409 542 1860 611 ἀμεταμέλητον

199 627 601 699 κατεργάζεται.
644 630 851 684 Οὐκοῦν
883 628 1071 700 ἐπειδὴ
1095 628 1279 698 σαφῶς
1306 630 1334 682 6
1362 627 1520 697 λόγος
1549 627 1850 694 ἀπέδειξεν,

198 721 268 773 6:1
289 717 404 771 οὔτε
434 715 637 789 ζημίαν
669 721 990 789 χρημάτων,
1034 716 1148 771 οῦθ’
1194 716 1375 788 ὕϐριν,
1416 716 1527 770 οὔτ’
1569 717 1854 787 ἐπήρειαν,

197 807 305 862 οὔτε
338 808 621 878 μάστιγας,
647 806 760 860 οὒτ’
785 806 1122 880 ἀρρωστίαν,
1160 805 1284 859 οὔτε
1313 805 1560 865 θάνατον,
1585 803 1698 857 αὖτ’
1729 804 1858 859 ἀλλο

197 913 243 949 τι
264 894 361 949 τῶν
384 894 640 948 τοιούτων
667 894 1019 966 ἐπενεχθεῖσα
1051 893 1196 964 λύπη
1222 892 1514 965 διορθῶσαι
1542 892 1744 947 δύναιτ’
1768 893 1854 957 ἀν,

200 980 301 1055 [66]
340 981 450 1035 ἀλλ’
495 983 770 1054 ἁμαρτίαν
799 981 1059 1050 ἀφανίσαι
1106 980 1294 1051 μόνην,
1329 981 1425 1033 καὶ
1459 979 1667 1051 ταύτης
1710 981 1858 1033 ἐστὶν

199 1075 534 1147 ἀναιρετικὴ,
594 1074 816 1145 εὔδηλον
865 1074 948 1126 ὅτι
1006 1073 1096 1127 διὰ
1146 1073 1352 1141 ταύτην
1389 1072 1607 1141 ἐγένετο
1662 1071 1831 1142 μόνην

202 1165 392 1234 Μηκέτι
415 1160 509 1217 οὖν
530 1164 623 1216 ἐπὶ
649 1162 822 1235 ζημίᾳ
874 1179 979 1233 χρη
989 1163 1173 1232 μάτων
1203 1160 1460 1230 ἀλγῶμεν
1480 1199 1496 1219 ,
1566 1160 1683 1213 ἀλλ’
1728 1160 1860 1212 ὅταν

198 1252 600 1323 ἀμαρτάνωμεν.
629 1248 886 1321 ἀλγῶμεν
917 1250 1097 1319 μόνον.
1136 1248 1280 1301 Πολὺ
1312 1247 1421 1320 γὰρ
1453 1250 1516 1301 :6
1548 1247 1740 1318 κέρδος
1774 1249 1861 1300 έν-

195 1338 345 1393 ταῦθα
377 1337 486 1391 ἀπὸ
517 1338 616 1408 τῆς
643 1335 840 1406 λύπης.
874 1332 1255 1406 Ἔζημιώθηςς
1291 1336 1367 1406 μὴ
1394 1333 1859 1405 ἀθυμήσῃςοούδὲ

195 1426 287 1498 γάρ
311 1425 629 1495 ὠφελήσεις.
669 1424 982 1497 Ἤμαρτες;
1016 1422 1311 1494 λυπήθητι,
1340 1421 1531 1490 ὄφελος
1573 1421 1684 1494 γάρ
1705 1438 1719 1452 ’
1763 1422 1860 1476 καὶ

197 1512 366 1566 σκόπει
396 1508 611 1564 σύνεσιν
632 1508 768 1562 Θεοῦ
798 1509 894 1562 καὶ
918 1508 1130 1578 σοφίαν.
1164 1507 1271 1561 Δύο
1299 1507 1475 1562 ταῦτα
1500 1506 1689 1561 ἔτεκεν
1723 1508 1858 1578 ήμῖν

194 1601 222 1669 ή
251 1598 498 1668 ἁμαρτία,
514 1596 694 1666 λύπην
720 1596 816 1649 καὶ
842 1594 1070 1649 θάνατον
1087 1612 1102 1627 ·
1126 1588 1211 1667 ᾟ
1222 1595 1334 1665 τὰρ
1361 1594 1440 1648 ἂν
1461 1594 1651 1663 ἡμέρᾳ
1674 1595 1857 1664 φάγῃ,

195 1686 329 1755 φησὶ,
356 1683 590 1748 θανάτῳ
639 1682 915 1751 ἀποθανῇ
940 1699 954 1710 ·
1006 1682 1102 1736 καὶ
1143 1682 1279 1754 πρὸς
1317 1682 1418 1753 τὴν
1456 1685 1714 1751 γυναῖκα,
1756 1682 1862 1736 Ἐν

193 1774 391 1840 ,λύπαις
422 1772 568 1842 τέξῃ
617 1772 822 1826 τέκνα.
884 1772 997 1825 Καὶ
1042 1772 1109 1825 δι’
1136 1770 1466 1845 ἀμφοτέρων
1519 1772 1728 1827 τούτων
1759 1774 1859 1843 τὴν

195 1862 439 1933 ἁμαρτίαν
469 1861 672 1924 ἀνεῖλε,
706 1862 801 1914 καὶ⁸
825 1860 931 1914 ὑπὸ
957 1859 1066 1913 τῶν
1098 1859 1304 1913 τέκνων
1339 1861 1440 1931 τὴν
1506 1860 1720 1931 μητέρα
1759 1862 1860 1913 ἀπ-

193 1949 383 2003 ολέσθαι
412 1948 976 2019 παρεσκεύασεν.”⁹οτι
1010 1948 1118 2021 γὰρ
1141 1946 1280 2020 μετά
1308 1949 1407 2018 τῆς
1432 1947 1611 2018 λύπης
1636 1949 1732 2002 καὶ
1762 1948 1859 2002 θά-

194 2055 329 2102 νατος
366 2039 647 2110 ἁμαρτίαν
690 2039 921 2109 ἀναιρεῖ,
957 2036 1114 2107 δῆλον
1146 2037 1244 2107 μὲν
1284 2038 1380 2091 καὶ
1417 2037 1527 2090 ἀπὸ
1556 2036 1666 2090 τῶν
1716 2055 1859 2110 μαρ-

194 2125 366 2196 τύρων,
398 2126 557 2198 δῆλον
583 2127 642 2180 δὲ
691 2127 784 2180 καὶ
815 2125 876 2190 ἐξ
922 2118 998 2179 ὧν
1038 2126 1068 2177 6
1099 2124 1311 2189 Παῦλος
1343 2121 1465 2179 εἷπε
1500 2126 1637 2196 πρὸς
1677 2127 1859 2199 ἀμαρ-

192 2217 441 2280 τάνοντας,
470 2216 618 2270 οὕτω
658 2216 860 2284 λέγων’
892 2215 1194 2277 Διὰτοῦτο
1223 2216 1294 2267 ἐν
1320 2216 1464 2286 ὑμῖν
1484 2218 1707 2271 πολλοὶ
1757 2218 1855 2272 καί

193 2305 439 2371 ἀσθενεῖς
462 2304 564 2357 καὶ
595 2303 911 2371 ἄρρωστοι.
935 2303 1031 2356 καί
1064 2301 1381 2373 κοιμῶνται
1410 2305 1607 2359 ἱκανοί
1625 2321 1639 2335 ·
1666 2305 1853 2377 ἐπειδὴ

194 2394 524 2464 ἁμαρτάνετε,
549 2393 706 2463 φησὶ,
734 2391 1044 2456 τελευτᾶτε,
1075 2391 1213 2445 ὥστε
1243 2395 1309 2463 τῇ
1330 2391 1555 2464 τελευτῇ
1587 2391 1655 2446 τὰ
1675 2394 1857 2465 ἀμαρ-

192 2482 385 2551 τήματα
432 2479 812 2535 διαλύσασθαι.
868 2480 1149 2550 Ἐπήγαγε
1189 2479 1319 2550 γοῦν
1360 2480 1561 2548 λέγων·
1620 2484 1693 2536 El
1744 2483 1855 2552 γὰρ

192 2568 416 2636 ἑαυτοὺς
445 2568 845 2637 διεκρίνομεν,
870 2570 983 2623 οὐκ
1014 2568 1095 2623 ἂν
1112 2567 1484 2638 ἐκρινόμεθα,
1518 2570 1854 2637 κρινόμενοι

195 2655 253 2710 δὲ
288 2657 397 2712 ὑπὸ
453 2657 567 2712 τοῦ
597 2658 820 2726 Κυρίου
873 2657 1296 2727 παιδευόμεθα,
1345 2656 1553 2725 ἵναμὴ
1611 2657 1734 2711 σὺν
1773 2656 1855 2723 τῷ

192 2748 373 2815 κόσμῳ
398 2745 864 2816 κατακριθῶμεν.
899 2748 1007 2801 Καὶ
1036 2747 1289 2816 καθάπερ
1317 2749 1346 2800 6
1384 2746 1599 2818 σκώληξ
1622 2748 1730 2801 ἀπὸ
1759 2746 1853 2801 τοῦ

193 2833 368 2899 ξύλου·
392 2837 656 2899 τίκτεται,
691 2837 785 2890 καὶ
832 2835 1107 2890 κατεσθίει
1139 2837 1200 2893 :6
1242 2835 1420 2902 ξύλον,
1454 2836 1549 2889 καὶ
1589 2835 1688 2907 σὴς
1721 2853 1855 2889 κατ-

192 2923 339 2977 εσθίει
358 2925 417 2978 :6
448 2924 619 2996 ἔριον,
655 2924 785 2996 παρ’
807 2924 973 2979 αὐτοῦ
1001 2924 1098 2994 τὴν
1131 2925 1305 2996 ἀρχὴν
1336 2923 1475 2994 ἔχων
1495 2940 1508 2953 ⁸
1539 2922 1683 2976 οὕτω
1708 2923 1853 2995 λύπη

191 3011 269 3064 καὶ
292 3011 508 3076 θάνατος
552 3011 853 3083 ἐτέχθησαν
881 3012 989 3065 ἀπὸ
1018 3012 1117 3083 τῆς
1153 3012 1448 3083 ἁμαρτίας.
1482 3011 1577 3065 καὶ
1619 3012 1854 3080 κατέφα-

194 3114 277 3165 γον
305 3100 394 3171 τὴν
426 3100 726 3169 ἁμαρτίαν.
772 3098 862 3170 Μὴ
890 3099 1069 3152 τοίνυν
1098 3097 1393 3169 φοϐώμεθα
1423 3097 1678 3160 θάνατον,
1717 3098 1854 3151 ἀλλά

192 3183 457 3255 φοϐώμεθα
483 3186 765 3257 ἁμαρτίαν
790 3186 970 3256 μόνον,
993 3187 1087 3239 καὶ
1110 3186 1175 3238 δι’
1203 3185 1419 3257 ἐκείνην
1442 3184 1716 3256 ἀλγῶμεν.
1740 3187 1851 3240 Καὶ

190 3271 337 3326 ταῦτα
362 3274 503 3343 λέγω
538 3275 604 3327 ού
635 3273 807 3327 δεινόν
849 3291 902 3328 τι
935 3273 1271 3345 προσδοκῶν,
1325 3274 1398 3345 μὴ
1437 3273 1667 3341 γένοιτο,
1716 3272 1853 3328 ἀλλά

192 3360 531 3433 φοϐουμένους
561 3362 705 3432 ὑμᾶς
737 3360 908 3425 οὕτως
956 3363 1044 3415 ἀεὶ
1080 3361 1387 3414 διακεῖσθαι
1416 3359 1608 3423 θέλων,
1639 3363 1735 3416 καί⁸
1761 3362 1852 3416 τὸν

191 3448 270 3502 τοῦ
303 3449 534 3522 Χριστοῦ
572 3449 735 3520 νόμον
772 3449 865 3501 ἐπὶ
895 3449 1002 3501 τῶν
1025 3448 1202 3520 ἔργων
1229 3449 1471 3519 πληροῦν
1493 3466 1507 3479 ·
1570 3450 1706 3505 Ἐὰν
1741 3451 1852 3520 γάρ

192 3552 268 3603 τις
281 3538 361 3606 μὴ
384 3537 494 3606 ἄρῃ
516 3536 631 3590 τὸν
649 3535 916 3603 σταυρὸν
944 3536 1152 3598 αὑτοῦ,
1178 3536 1275 3588 καί
1304 3536 1698 3606 ἀκολουθήσῃ
1725 3556 1849 3607 μοι,

192 3628 352 3695 φησὶν,
395 3628 507 3680 οὐκ
566 3626 739 3680 ἐστιν
795 3624 941 3694 ἐμοῦ
993 3624 1186 3690 ἄξιος.
1234 3622 1406 3676 Τοῦτο
1447 3624 1492 3676 6‘
1521 3625 1710 3693 ἔλεγεν
1755 3627 1853 3699 οὐχ

192 3712 266 3765 ῐνα
284 3713 427 3778 ξύλον
447 3713 815 3785 βαστάζωμεν
842 3712 936 3766 ἐπὶ
964 3712 1073 3765 τῶν
1094 3711 1281 3782 ὤμων,
1317 3710 1430 3764 ἀλλ’
1466 3711 1551 3767 ἵνα
1578 3712 1671 3766 τὸν
1694 3713 1854 3768 θάνα-

189 3814 268 3852 τον
291 3801 371 3854 ἀεὶ
388 3803 495 3873 πρὸ
528 3802 640 3855 τῶν
671 3800 965 3872 ὀφθαλμῶν
1009 3800 1243 3871 ἔχωμεν,
1282 3799 1533 3870 καθάπερ
1563 3796 1657 3854 οὖν
1694 3802 1788 3855 καὶ
1822 3804 1851 3855 6

191 3883 376 3950 Παῦλος
404 3888 527 3941 καθ’
563 3887 775 3958 ἡμέραν
808 3886 1143 3957 ἀπέθνησκε,
1189 3886 1284 3939 καὶ
1322 3885 1592 3953 κατεγέλα
1619 3886 1719 3955 τῆς
1757 3903 1849 3939 τε·

191 3972 376 4047 λευτῆς,
400 3979 495 4031 καὶ
525 3976 623 4029 τοῦ
653 3976 916 4047 παρόντος
939 3972 1229 4047 ὑπερεώρα
1251 3973 1387 4044 βίου.
1423 3974 1533 4026 Καὶ
1556 3972 1665 4043 γὰρ
1687 3990 1852 4045 στρα-

191 4061 364 4132 τιὼτης
389 4061 457 4130 εἷ,
484 4066 584 4118 καὶ
615 4064 879 4133 διηνεκῶς
924 4063 1016 4116 ἐπὶ
1040 4063 1143 4133 τῆς
1185 4061 1546 4133 παρατάξεως
1574 4063 1811 4134 ἕστηκας
1831 4079 1848 4097 θ

193 4151 583 4223 στρατιώτηςδέ
611 4150 842 4205 θάνατον
860 4149 1134 4214 δεδοικὼς,
1165 4150 1318 4203 οὐδὲν
1345 4149 1587 4203 οὐδέποτ’
1620 4150 1851 4222 ἐργάσε-

190 4236 306 4288 ταιδ
342 4242 589 4307 γενναῖον
614 4256 629 4269 ο
683 4238 875 4309 ὥσπερ
905 4233 1000 4291 οὖν
1043 4238 1165 4290 οὐδὲ
1206 4236 1529 4309 Χριστιανὸς
1563 4236 1849 4309 ἄνθρωπος

191 4324 442 4391 κινδύνους
460 4326 799 4397 φοϐούμενος
824 4325 1119 4399 ἐργάσεταί
1137 4343 1192 4381 τι
1224 4324 1367 4396 μέγα
1392 4326 1485 4379 καὶ
1512 4324 1847 4396 θαυμαστὸν,

190 4409 305 4465 ἀλλά
342 4416 478 4486 πρὸς
529 4413 742 4478 τούτοις
782 4414 877 4468 καὶ
925 4410 1250 4485 εὐχείρωτος
1305 4411 1493 4467 ἔσται’
1538 4412 1649 4466 ἀλλ’
1680 4415 1777 4484 οὐχ
1821 4417 1850 4469 6

190 4496 433 4572 τολμητὴς
462 4502 560 4556 καὶ
584 4500 963 4573 μεγαλόφρων,
981 4501 1096 4555 ἀλλ’
1112 4500 1387 4563 ἀνάλωτος
1406 4500 1555 4571 μένει
1575 4501 1665 4554 καὶ
1689 4502 1852 4556 ἀκατο

189 4583 479 4652 αγώνιστος.
517 4587 788 4659 Καθάπερ
843 4583 938 4641 οῦν
975 4591 1025 4642 οἱ
1052 4587 1241 4651 παῖδες
1278 4588 1329 4640 οί
1369 4590 1519 4658 τρεῖς
1564 4586 1638 4658 μὴ
1680 4589 1848 4658 φοϐη-

189 4668 349 4738 θέντες
384 4676 444 4730 :6
473 4675 606 4748 πῦρ,
643 4676 843 4745 ἔφυγον
873 4675 935 4729 :6
973 4675 1116 4747 πῦρο
1145 4674 1289 4729 οὕτω
1324 4675 1420 4728 καὶ
1454 4676 1638 4745 ἡμεῖς,
1672 4675 1736 4729 ἀν
1773 4675 1848 4747 μὴ

189 4757 489 4832 φοϐηθῶμεν
529 4761 777 4825 θάνατον,
806 4761 1204 4831 διαφευξόμεθα
1231 4761 1478 4815 θάνατον.
1513 4761 1627 4815 Ούκ
1649 4763 1849 4831 ἐφοϐή-

188 4843 339 4914 θησαν
379 4848 436 4901 δὲ
482 4849 542 4903 :6
592 4849 725 4922 πῦρ,
757 4850 818 4903 ού
868 4849 977 4922 γάρ
1020 4850 1271 4921 ἔγκλημα
1314 4849 1374 4902 τὸ
1418 4849 1651 4920 καῆναι·
1711 4849 1848 4904 ἀλλά

188 4929 510 5006 ἐφοϐήθησαν
542 4937 642 5007 τὴν
687 4936 982 5007 ἁμαρτίαν,
1021 4935 1275 5006 ἔγκλημα
1312 4935 1420 5007 γάρ
1450 4936 1509 4989 :6
1552 4935 1842 5006 ἀσεϐῆσαι.

188 5016 398 5085 Τούτους
440 5025 538 5078 καὶ
577 5025 739 5095 ήμεῖς
768 5023 1103 5094 ζηλώσωμεν
1149 5024 1245 5076 καὶ
1287 5023 1413 5086 τοὺς
1458 5024 1581 5076 κατ’
1606 5024 1844 5087 ἐκείνους

208 5104 457 5175 ἅπαντας,
491 5113 585 5165 καὶ
636 5111 709 5183 μὴ
748 5111 1044 5183 φοϐώμεθα
1081 5111 1381 5174 κινδύνους,
1423 5113 1517 5165 καὶ
1556 5113 1841 5181 διαφευξόο

192 5199 313 5266 μεθα
332 5203 625 5269 κινδύνους.

248 5294 301 5340 ε’.
323 5292 439 5345 Οὐκ
464 5292 706 5362 είμίμὲν
724 5294 835 5363 γὰρ
856 5290 1190 5361 προφήτης,
1212 5289 1339 5344 οὔθ’
1357 5291 1489 5354 υίὸς
1504 5291 1835 5357 προφήτου,

188 5372 241 5423 =6
267 5375 437 5443 μέντοι
473 5379 662 5449 μέλλον
695 5379 811 5450 μετ’
845 5377 1130 5451 ἀκριϐείας
1153 5378 1472 5447 ἐπίσταμαι,
1499 5379 1595 5431 καὶ
1628 5380 1841 5453 μεγάλῃ

191 5461 271 5513 καὶ
290 5461 510 5537 λαμπρᾷ
538 5466 646 5537 βοῶ
673 5471 740 5539 τῇ
782 5470 955 5539 φωνῇ,
1001 5468 1082 5520 ὅτι
1114 5466 1163 5519 εί
1200 5463 1694 5535 μεταϐαλλοίμεθα,
1749 5469 1841 5522 καί

190 5561 294 5600 τινα
324 5551 632 5620 ἐπιμέλειαν
669 5554 769 5621 τῆς
796 5555 1077 5627 ἡμετέρας
1120 5550 1305 5623 ψυχῆς
1336 5550 1715 5621 τωιησώμεθα.
1744 5555 1841 5607 καὶ

189 5631 273 5701 τῆς
304 5640 557 5710 πονηρίας
596 5640 944 5711 ἀποστῶμεν,
971 5640 1124 5695 οὐδὲν
1160 5638 1324 5711 ἀηδὲς
1352 5638 1504 5690 ἔσται
1542 5641 1637 5693 καὶ
1669 5638 1841 5710 λυπη-

193 5719 290 5784 ρὸν.
342 5727 447 5780 Καὶ
471 5728 628 5783 τοῦτο
657 5725 776 5785 οἶδα
805 5729 993 5799 σαφῶς
1023 5729 1131 5782 ἀπὸ
1157 5727 1256 5797 τῆς
1285 5726 1378 5781 τοῦ
1405 5726 1541 5781 Θεοῦ
1568 5727 1684 5799 [67]
1722 5730 1838 5797 φιλ-

243 5864 501 5935 ξξρνίιηρι
522 5872 671 5935 311.1111
696 5873 788 5923 ὑπὸ
820 5889 906 5922 του
940 5873 1093 5929 ξύλου.

242 5924 267 5998 ξ
292 5926 417 5998 [Snus
427 5924 663 5998 δεδοικώς,
687 5935 913 5998 οὐδέποτέ
930 5924 975 5981 τι
1000 5935 1264 5997 ἐργάσεται.
1280 5933 1434 5983 Paulo
1460 5938 1567 5993 post
1585 5938 1688 5981 tres
1709 5946 1824 5981 mss.

192 5990 451 6047 φοϐούμενος
472 5994 739 6049 ἐπιδείξεταί
764 6013 809 6044 τι
834 5998 969 6055 μέγα.

1967 455 2281 527 ανθρωπίας
2307 458 2402 512 καὶ
2418 449 2601 528 ἀφ’ὧν
2624 456 2719 513 καὶ
2744 457 2825 521 εἰς
2845 457 3042 529 ἄνδρας
3068 459 3162 512 καὶ
3195 458 3378 523 πόλεις
3398 460 3495 512 καὶ
3513 460 3645 528 ἔθνη

1968 548 2061 598 καὶ
2090 545 2297 615 δήμους
2320 546 2649 617 ὁλοκλήρους
2673 546 2919 617 ἐποίησε.
2958 546 3070 599 Καὶ
3090 545 3201 615 γάρ
3223 547 3318 601 καὶ
3335 549 3402 617 τῇ
3427 547 3650 601 Νινευῖ-

1960 633 2070 686 τῶν
2092 633 2293 707 ήπείλη
2303 649 2358 685 σε
2384 633 2559 698 πόλει,
2584 632 2680 687 κα⁴ι
2704 629 2877 687 εἶπεν·
2901 634 3028 687 Ἔτι
3058 634 3214 702 τρεῖς
3239 634 3452 703 ἡμέραι
3476 645 3523 699 ε,
3546 637 3646 689 καί

1959 721 2166 776 Νινευτ
2183 722 2769 790 καταστραφήσεται.
2788 720 2853 774 Τί
2873 715 2988 782 οῦν,
3007 720 3127 774 είπέ
3148 738 3238 791 μοι
3254 738 3269 787 ;
3288 723 3648 795 κατεστράφη

1961 813 1994 881 ἡ
2011 809 2219 872 Νινευῒ,
2237 810 2332 863 καὶ
2350 810 2629 880 ἀνετράπη
2651 811 2685 879 ἡ
2703 809 2886 874 πόλις;
2903 809 3225 863 Τούναντίον
3251 810 3349 881 μέν
3363 806 3459 863 οὖν
3480 811 3648 878 ἅπαν,

1962 900 2054 953 καὶ
2075 898 2296 970 ἀνέστη,
2317 898 2411 952 καὶ
2433 897 2788 969 λαμπροτέρα
2808 897 3023 966 γέγονε,
3054 899 3147 951 καὶ
3176 897 3370 968 χρόνος
3398 899 3651 964 τοσοῦτος

1960 986 2183 1041 διελθὼν
2209 987 2310 1056 τὴν
2331 985 2490 1051 δόξαν
2521 986 2693 1056 αὐτῆς
2717 986 2819 1039 οὐκ
2845 986 3132 1055 ἠφάνισεν,
3170 985 3305 1039 ἀλλὰ
3332 988 3535 1051 πάντες
3554 988 3652 1042 αύ-

1959 1074 2059 1145 τὴν
2091 1073 2292 1144 ᾄδομεν
2320 1072 2421 1136 ἔτι,
2450 1072 2548 1126 καὶ⁵
2576 1071 2672 1125 νῦν
2701 1072 3080 1143 θαυμάζομεν,
3114 1073 3195 1125 ὅτι
3232 1072 3395 1145 λιμήν
3421 1092 3505 1139 τις
3525 1075 3651 1147 ἀρι-

1963 1177 2088 1224 στος
2130 1162 2189 1228 ἐξ
2235 1161 2445 1214 ἐκείνου
2491 1160 2585 1213 τοῦ
2628 1161 2821 1231 χρόνου
2877 1163 2989 1224 τοῖς
3025 1161 3433 1232 ἁμαρτάνουσιν
3475 1162 3651 1218 ἀπασι

1961 1250 2207 1318 γέγονεν,
2232 1249 2333 1301 οὐκ
2365 1251 2588 1319 ἀφιεῖσα
2622 1251 2701 1312 είς
2726 1249 3038 1317 ἀπόγνωσιν
3070 1252 3354 1318 ἐμπεσεῖν,
3387 1250 3525 1304 ἀλλά
3553 1269 3652 1304 κα-

1960 1337 2129 1391 λοῦσα
2154 1335 2400 1400 ἅπαντας
2423 1338 2502 1400 είς
2534 1335 2843 1406 μετάνοιαν,
2873 1336 2970 1388 καὶ
3008 1335 3075 1388 δι’
3102 1330 3177 1390 ὦν
3200 1336 3426 1408 ἔπραξε,
3459 1338 3553 1390 καὶ
3581 1338 3650 1391 δι’

1960 1417 2035 1477 ὧν
2055 1418 2340 1493 ἀπήλαυσε
2365 1423 2466 1492 τῆς
2486 1422 2581 1476 τοῦ
2611 1422 2747 1476 Θεοῦ
2776 1423 3058 1494 προνοίας,
3079 1423 3342 1477 πείθουσα
3377 1425 3651 1495 μηδέποτε

1961 1512 2060 1581 τῆς
2093 1511 2299 1573 οἰκείας
2339 1508 2739 1580 ἀπογινώσκειν
2770 1508 3069 1579 σωτηρίας.
3105 1509 3241 1562 ἀλλά
3278 1502 3390 1579 βίον
3430 1511 3651 1581 ἄριστον

1962 1598 2457 1666 ἐπιδεικνυμένους,
2508 1598 2603 1651 καὶ
2646 1598 2745 1667 τὴν
2796 1596 3008 1668 ἀγαθὴν
3043 1596 3236 1650 ἐλπίδα
3280 1598 3655 1670 προϐαλλομέ-

1963 1702 2090 1749 νους
2138 1685 2361 1757 θαρρεῖν
2411 1687 2541 1756 περὶ
2589 1683 2683 1736 τοῦ
2739 1684 2929 1746 τέλους
2990 1683 3066 1747 ώς
3118 1684 3377 1755 ἐσομένου
3434 1686 3651 1747 πάντως

1961 1773 2222 1844 χρηστοῦ.
2293 1774 2388 1837 Τίς
2434 1774 2542 1841 γὰρ
2584 1772 2685 1824 ούκ
2732 1770 2798 1824 ἂν
2844 1771 3147 1842 ἀνασταίη,
3219 1772 3280 1825 :6
3335 1774 3461 1826 κατ’
3511 1775 3655 1827 ὲκεί-

1962 1878 2083 1924 νους
2117 1860 2468 1933 παράδειγμα
2497 1858 2734 1919 ἀκούων,
2768 1856 2870 1911 κᾶν
2898 1859 3116 1913 πάντων
3145 1857 3488 1928 νωθρότατος
3518 1860 3643 1931 εἴης

1964 1949 2153 2003 Εἵλετο
2180 1948 2313 2015 γοῦν
2336 1948 2432 2018 τὴν
2456 1945 2649 2000 ἐαυτοῦ
2679 1947 2985 2017 πρόρρησιν
3006 1945 3283 1999 διαπεσεῖν
3307 1949 3338 2000 ὁ
3370 1947 3523 2011 Θεὸς,
3558 1950 3653 2003 καὶ

1965 2034 2040 2106 μὴ
2068 2034 2344 2088 διαπεσεῖν
2371 2034 2468 2105 τὴν
2502 2032 2658 2085 πόλιν
2678 2046 2689 2059 ·
2732 2031 2931 2102 μᾶλλον
2960 2032 3017 2085 δὲ
3053 2032 3175 2085 οὐδὲ
3208 2035 3516 2103 προφητεία
3569 2034 3651 2086 δι-

1962 2123 2179 2178 έπεσεν.
2198 2123 2261 2174 El
2298 2122 2393 2191 μὲν
2426 2120 2533 2192 γὰρ
2557 2120 2650 2172 ἐπὶ
2677 2118 2779 2187 τῆς
2808 2118 2978 2188 αὐτῆς
3008 2119 3275 2190 πονηρίας
3304 2120 3411 2171 τῶν
3440 2119 3652 2192 ἀνθρώ-

1963 2228 2084 2264 πων
2131 2210 2401 2280 μενόντων
2442 2207 2542 2259 ούκ
2575 2202 2736 2275 ἐξέϐη
2771 2206 2850 2267 είς
2873 2204 3032 2274 ἔργον
3057 2205 3124 2258 τά
3168 2206 3265 2277 τῆς
3296 2207 3647 2275 ἀποφάσεως,

1959 2293 2102 2368 εἶχεν
2147 2297 2277 2358 ἴσως
2313 2295 2376 2347 ἀν
2404 2310 2486 2354 τις
2515 2290 2769 2360 ἐγκαλεῖν
2792 2294 2907 2354 τοῖς
2932 2291 3245 2362 είρημένοις
3265 2309 3278 2320 ·
3314 2293 3364 2344 εί
3389 2292 3446 2345 δὲ
3483 2310 3651 2362 μετα-

1960 2382 2270 2453 ϐαλομένων
2297 2378 2497 2440 αὐτῶν,
2547 2379 2642 2431 καὶ
2674 2378 2774 2448 τῆς
2799 2378 2982 2439 αίτίας
3014 2378 3395 2441 ἀποστάντων,
3436 2379 3650 2450 ἀπέστη

1958 2471 2054 2525 καὶ
2077 2469 2177 2538 τῆς
2204 2467 2372 2538 ὀργῆς
2404 2467 2433 2518 6
2454 2465 2608 2530 Θεὸς,
2638 2465 2723 2528 τίς
2751 2464 3038 2534 δυνήσεται
3075 2462 3261 2516 λοιπὸν
3292 2464 3649 2520 ἐπιλαϐέσθαι

1956 2557 2055 2626 τῆς
2080 2553 2435 2624 προφητείας,
2466 2552 2561 2605 καὶ¹
2588 2548 2931 2617 καταγνῶναι
2953 2548 3151 2618 ψεῦδος
3179 2548 3291 2602 τῶν
3312 2551 3647 2623 είρημένωνς

1959 2646 2069 2699 Καὶ
2101 2644 2210 2715 γὰρ
2243 2642 2334 2695 τὸν
2376 2641 2558 2711 νόμον,
2593 2640 2653 2693 δν
2693 2639 2753 2705 ἐξ
2784 2638 2962 2709 ἀρχῆς
2990 2638 3185 2709 έθηκεν
3212 2639 3241 2691 6
3272 2638 3403 2703 Θεὸς
3431 2640 3519 2694 διὰ
3549 2642 3650 2697 τοῦ

1957 2735 2238 2804 προφήτου
2276 2732 2443 2787 πᾶσιν
2479 2725 2789 2799 ἀνθρώποις
2839 2726 3222 2797 διαλεγόμενος
3247 2764 3263 2789 ,
3330 2729 3518 2781 τοῦτον
3558 2731 3651 2787 καὶ

1955 2821 2077 2873 τότε
2105 2820 2413 2889 διετήρησε.
2451 2818 2547 2881 Τίς
2574 2814 2669 2870 οῦν
2700 2818 2849 2870 ἐστιν
2873 2818 2902 2868 ὁ
2923 2815 3119 2885 νόμος;
3153 2814 3345 2883 Πέρας
3371 2815 3647 2883 λαλήσω,

1958 2908 2111 2978 φησὶ,
2140 2905 2240 2959 ἐπὶ
2265 2905 2441 2971 ἔθνος
2479 2906 2577 2959 καὶ
2610 2905 2709 2958 ἐπὶ
2731 2905 3065 2968 ,Βασιλείαν
3092 2903 3199 2957 τοῦ
3233 2902 3508 2971 ἐκριζοῖ·ν
3540 2909 3649 2961 αὺ-

1955 2996 2118 3060 τοὺς,
2161 2994 2258 3048 καί
2287 2992 2735 3048 κατασκάπτειν
2759 2992 2858 3045 καὶ
2896 2992 3266 3045 ἀπολλύειν
3315 2992 3414 3044 καὶ
3454 2992 3648 3050 ἔσται,

1954 3086 2065 3138 ἐὰν
2090 3082 2561 3153 μετανοήσωσιν
2579 3081 2697 3136 ἀπὸ
2723 3080 2834 3149 τῆς
2861 3080 3094 3145 κακίας,
3111 3078 3467 3148 μετανοήσω
3486 3082 3652 3151 κάγὼ

1955 3173 2074 3227 ἀπὸ
2107 3171 2219 3242 τῆς
2241 3169 2445 3240 ὀργῆς,
2467 3166 2544 3240 ἧς
2571 3168 2853 3238 ἐλάλησα
2883 3166 3134 3235 ποιῆσαι
3159 3167 3389 3234 αὐτοῖς.
3450 3169 3652 3223 Τοῦτον

1955 3261 2134 3315 τοίνυν
2164 3260 2448 3329 φυλάττων
2477 3258 2567 3312 τὸν
2595 3258 2778 3329 νόμον,
2809 3254 3290 3328 μεταϐαλομένους
3318 3256 3515 3320 ἔσωσε,
3548 3261 3649 3314 καὶ

1957 3350 2298 3412 ἀποστάντας
2325 3350 2424 3419 τῆς
2454 3348 2650 3410 κακίας
2678 3345 2957 3418 ἀπήλλαξε
2983 3344 3083 3415 τῆς
3108 3345 3301 3416 ὀργῆς.
3354 3346 3509 3417 ᾚδει
3542 3347 3652 3401 τῶν

1960 3439 2251 3511 βαρϐάρων
2279 3439 2379 3508 τὴν
2399 3436 2621 3508 ἀρετὴν,
2638 3435 2726 3489 διὰ
2757 3432 2917 3489 τοῦτο
2944 3432 3036 3486 τὸν
3071 3436 3360 3505 προφήτην
3383 3435 3653 3507 κατήπει-

1956 3546 2081 3597 γενο
2118 3528 2261 3583 οὕτω
2293 3528 2387 3581 καὶ
2426 3527 2547 3579 τότε
2594 3524 2825 3581 ἐδονεῖτο
2871 3525 2905 3595 ἡ
2939 3522 3116 3588 πόλις,
3154 3524 3251 3594 τῆς
3300 3525 3658 3598 προφητικῆς

1956 3615 2233 3670 ἀκούουσα
2249 3616 2455 3685 φωνῆς,
2470 3613 2583 3668 ἀλλ’
2597 3613 2749 3666 οὐδὲν
2764 3611 3110 3684 παρεϐλάϐη,
3132 3611 3268 3665 ἀλλά
3285 3612 3379 3665 καὶ
3394 3611 3654 3685 ὠφελήθη

1956 3707 2109 3777 παρὰ
2147 3704 2241 3759 τοῦ
2266 3705 2455 3774 φόϐου.
2475 3704 2532 3757 '0
2555 3704 2664 3775 γάρ
2699 3702 2861 3773 φόϐος
2889 3704 3097 3765 ἐκεῖνος
3113 3702 3212 3773 τὴν
3237 3701 3514 3773 σωτηρίαν
3535 3703 3655 3757 ἔτεα

1954 3811 2081 3847 κεν·
2114 3796 2147 3864 ἡ
2178 3793 2374 3863 ἀπειλὴ
2402 3792 2494 3845 τὸν
2521 3792 2768 3845 κίνδυνον
2788 3790 3009 3844 ἔλυσεν
3057 3793 3090 3861 ἠ
3125 3791 3227 3859 τῆς
3258 3792 3657 3863 καταστροφῆς

1953 3880 2228 3948 ἀπόφασις
2241 3879 2339 3949 τὴν
2363 3877 2747 3948 καταστροφὴν
2775 3877 3025 3946 ἔστησεν.
3046 3877 3109 3928 Ὢ
3131 3875 3323 3930 καινοῦ
3350 3878 3444 3930 καὶ
3473 3894 3655 3949 παρα-

1953 3968 2103 4034 δόξου
2145 3966 2504 4037 πράγματοςο
2562 3965 2840 4031 ἀπόφασις
2883 3963 3112 4016 θάνατον
3142 3961 3461 4031 ἀπειλοῦσα,
3505 3964 3652 4036 ζωὴν

1955 4056 2159 4111 ἔτεκεν.
2180 4054 2480 4122 Ἀπόφασις
2504 4052 2641 4122 μετά
2661 4052 2722 4105 :6
2744 4049 3112 4121 ἐξενεχθῆναι,
3132 4049 3252 4102 τότε
3271 4049 3475 4122 ἄκυρος
3495 4051 3651 4119 γέγοι

1953 4161 2041 4196 νεν
2065 4142 2395 4205 ἀπεναντίας
2418 4143 2531 4206 τοῖς
2552 4139 2750 4205 ἔξωθεν
2768 4139 3079 4203 δικάζουσιν
3100 4154 3112 4163 ·
3145 4138 3238 4190 ἐπὶ
3263 4138 3362 4208 μὲν
3386 4138 3496 4211 γὰρ
3521 4140 3648 4192 τούς

1952 4248 2060 4284 των
2093 4229 2155 4283 :6
2187 4228 2585 4301 προενεχθῆναι
2619 4229 2717 4299 τὴν
2750 4226 2931 4297 ψῆφον
2957 4226 3035 4288 είς
3073 4226 3240 4297 μέσον
3274 4226 3471 4297 κυρίαν
3497 4229 3646 4279 ποιεῖ

1952 4320 2051 4390 τὴν
2072 4317 2253 4387 ψῆφον
2277 4315 2553 4385 γενέσθαι,
2581 4317 2673 4367 ἐπὶ
2702 4314 2759 4367 δέ
2786 4313 2877 4368 τοῦ
2907 4312 3043 4366 Θεοῦ
3073 4311 3383 4366 τούναντίον
3412 4313 3474 4366 :6
3509 4331 3648 4385 1:90-

1950 4406 2236 4477 ενεχθῆναι
2251 4406 2351 4475 τὴν
2364 4405 2565 4474 ψῆφον,
2589 4404 2748 4457 τοῦτό
2765 4406 2881 4457 ἐστι
2901 4405 2961 4457 :6
2979 4403 3210 4474 ποιῆσαν
3227 4404 3396 4474 αὐτὴν
3419 4406 3643 4476 ἄκυρον.

1952 4499 2015 4550 Et
2037 4496 2146 4567 γὰρ
2165 4494 2239 4566 μὴ
2257 4494 2590 4566 προηνέχθη,
2606 4494 2705 4546 οὐκ
2729 4492 2793 4546 ἂν
2809 4494 3049 4563 ἥκουσαν
3071 4495 3119 4545 οἱ
3145 4494 3528 4564 ἡμαρτηκότες
3550 4511 3562 4523 ’
3593 4498 3643 4548 εί

1949 4586 2007 4638 δὲ
2035 4585 2108 4657 μὴ
2136 4585 2397 4655 ἡκουσαν,
2422 4586 2523 4637 οὑκ
2557 4582 2623 4637 ἂν
2656 4581 3072 4654 ἀπεκρούσαντο
3094 4581 3192 4653 τὴν
3222 4584 3514 4655 τιμωρίαν,
3544 4584 3646 4638 ούκ

1948 4675 2016 4729 ἂν
2034 4675 2356 4747 ἀπήλαυσαν
2385 4674 2486 4742 τῆς
2506 4673 2812 4745 παραδόξου
2839 4672 3113 4745 σωτηρίας
3130 4672 3364 4741 ἐκείνης.
3391 4674 3514 4739 Πῶς
3535 4677 3645 4747 γὰρ

1948 4766 2009 4817 ού
2050 4761 2372 4835 παράδοξος,
2400 4764 2529 4817 ὅταν
2570 4763 2599 4815 6
2633 4763 2731 4832 μέν
2773 4761 3033 4831 δικαστὴς
3081 4761 3470 4831 ἀποφαίνηται.
3503 4766 3551 4816 οί
3586 4763 3642 4815 δὲ

1948 4853 2228 4906 κατάδικοι
2248 4852 2346 4923 τὴν
2369 4851 2642 4921 ἀπόφασιν
2666 4850 2834 4902 λύωσι
2856 4848 2944 4901 διὰ
2966 4850 3065 4919 τῆς
3099 4848 3418 4918 μετανοίας;
3445 4850 3506 4902 ού
3530 4850 3640 4922 γὰρ

1949 4940 2146 5009 ἔφυγον
2168 4942 2266 5011 τὴν
2297 4938 2449 4992 πόλιν
2484 4938 2737 5007 καθάπερ
2767 4936 2861 4988 καὶ
2887 4937 3048 5006 ἡμεῖς
3070 4934 3185 4998 νῦν,
3220 4935 3354 4990 ἀλλὰ
3382 4939 3639 5006 μένοντες

1948 5028 2202 5099 ἔστησαν.
2222 5027 2399 5096 Παγὶς
2418 5022 2505 5097 ἦν,
2529 5025 2621 5078 καὶ
2642 5026 2820 5093 τεῖχος
2845 5023 3014 5093 αὐτὴν
3029 5022 3295 5095 ἐποίησαν
3311 5041 3325 5055 ’
3360 5023 3635 5095 βάραθρον

1944 5112 2014 5186 ἦν
2048 5116 2143 5170 καὶ
2165 5117 2430 5187 κρημνὸς,
2461 5116 2554 5167 καὶ
2583 5112 2792 5183 πύργον
2822 5110 2992 5181 αὐτὴν
3028 5110 3143 5184 [68]
3175 5113 3479 5182 ἀσφαλείας
3507 5130 3638 5165 κατ-

1947 5203 2271 5255 εσκεύασαν.
2333 5202 2612 5254 ’Ἤκουσαν
2662 5200 2744 5251 ὅτι
2799 5201 3049 5252 πεσεῖται
3094 5198 3165 5252 τὰ
3201 5199 3632 5270 οἰκοδομήματα,

1945 5289 2041 5341 καὶ
2067 5290 2167 5342 οὐκ
2191 5288 2389 5357 ἔφυγον
2418 5287 2485 5338 τὰ
2509 5284 2944 5354 οίκοδομήματα,
2985 5285 3101 5338 ἀλλ’
3129 5285 3329 5353 ἔφυγον
3360 5285 3427 5337 τά
3454 5285 3635 5354 ἀμαρ-

1942 5381 2190 5449 τήματα·
2219 5376 2322 5429 οὐκ
2343 5374 2663 5442 ἀπέστησαν
2696 5373 2930 5436 ἕκαστος
2957 5372 3067 5428 ἀπὸ
3112 5374 3213 5443 τῆς
3254 5372 3432 5434 οἰκίας
3462 5373 3629 5425 αὐτοῦ

1944 5465 2197 5535 καθάπερ
2244 5465 2405 5535 ἡμεῖς
2440 5462 2561 5529 νῦν,
2601 5460 2717 5516 ἀλλ’
2767 5461 3082 5529 ἀπέστησαν
3121 5462 3355 5521 ἕκαστος
3398 5459 3508 5513 ἀπὸ
3533 5462 3633 5532 τῆς

1942 5553 2063 5607 ὀδοῦ
2104 5552 2273 5606 αὑτοῦ
2302 5551 2405 5622 τῆς
2430 5552 2695 5624 πονηρᾶς.
2749 5549 2839 5619 Μὴ
2883 5548 2993 5615 γὰρ
3024 5549 3073 5599 οί
3114 5549 3305 5615 τοῖχοι,
3335 5548 3493 5617 φησὶ,
3538 5551 3635 5620 τὴν

1943 5642 2114 5711 ὀργὴν
2175 5641 2395 5703 ἔτεκονς
2456 5642 2616 5710 ἡμεῖς
2679 5637 2841 5690 αἴτιοι
2894 5635 2990 5688 τοῦ
3054 5633 3406 5704 τραύματος,
3471 5639 3634 5706 ἡμεῖς

1941 5729 2001 5780 :6
2052 5727 2343 5799 φάρμακον
2390 5725 2911 5793 κατασκευάσωμεν.
2975 5721 3076 5773 Διά
3125 5721 3284 5774 τοῦτο
3337 5722 3399 5775 ού
3452 5722 3635 5776 τόπων

2008 5873 2027 5897 τ
2057 5870 2207 5919 Savil.
2241 5875 2294 5916 el
2318 5867 2515 5928 quidam
2554 5876 2668 5913 mss.
2708 5862 2938 5920 ἠπείλησε
2982 5863 3115 5909 πόλιν
3167 5861 3527 5923 καταστρέφειν,
3556 5858 3633 5905 καὶ

1942 5932 2086 5980 εἶπεν.
2099 5965 2131 5977 ..
2151 5932 2217 5979 ἔτι
2240 5928 2362 5991 τρεῖς
2381 5929 2570 5988 ἡμέραι.
