3998 6438
271 384 338 441 'n
504 398 516 411 ι
1080 386 1085 393 ·
1241 390 1333 445 AD
1360 390 1685 449 poruwu
1726 392 2218 454 ANTIOCHENUM
2268 379 2495 457 HOMIL.
2544 401 2606 457 v.
2746 380 2752 387 ’
2825 381 2829 389 ’
3507 409 3585 460 7s

279 501 510 555 rerum?
541 516 643 557 nos
683 503 920 559 vulneris
956 514 1203 561 auctores
1224 548 1241 574 ,
1276 522 1375 563 nos
1423 509 1871 565 medicamentum

237 632 244 639 .
284 608 666 664 pra-paremus.
685 594 970 664 Propterea
988 611 1093 650 non
1118 596 1356 654 iocorum
1373 601 1873 670 permutationibus,

282 686 375 741 sed
402 702 612 741 morum
643 689 983 744 conversioni
1010 691 1236 746 salutem
1267 692 1625 748 crediderunt.

362 779 417 833 6.
460 779 585 834 Haec
615 779 825 834 barbari
855 798 869 834 :
901 789 956 836 et
996 796 1096 838 nos
1125 799 1229 838 non
1268 784 1674 855 confundimur,
1704 802 1877 859 neque

283 884 382 923 nos
400 870 803 937 abscondimus,
830 872 1064 942 quando,
1094 873 1197 927 illis
1219 890 1395 930 mores
1415 878 1871 946 convertentibus,

287 975 405 1015 nos.
427 961 545 1016 ioca
586 972 982 1030 permutamus,
1014 970 1070 1019 et
1098 964 1365 1020 ebriorum
1399 967 1676 1022 hominum
1712 984 1875 1039 opera

286 1052 530 1119 facimus,
563 1052 1018 1124 substantiamque
1042 1050 1281 1110 nostram
1307 1058 1666 1127 exponimus?
1698 1058 1876 1114 Domi-

292 1158 392 1198 nus
422 1143 577 1197 nobis
602 1144 877 1208 irascitur,
910 1154 966 1200 et
1003 1161 1102 1200 nos
1128 1147 1261 1201 iram
1293 1148 1502 1205 solvere
1544 1150 1871 1217 omittentes,

284 1250 405 1304 qua
432 1236 487 1289 in
515 1235 678 1290 domo
707 1245 833 1291 sunt
859 1238 1305 1307 circumferimus,
1334 1250 1391 1295 et
1416 1241 1702 1297 circuimus
1728 1259 1875 1311 qua:-

283 1336 502 1393 rentes,
533 1326 621 1381 ubi
648 1328 1002 1382 substantiam
1027 1328 1390 1398 deponamus,
1422 1346 1542 1386 cum
1572 1343 1714 1388 esset
1741 1348 1878 1403 opus

283 1434 562 1490 quaerere,
612 1421 700 1477 ubi
740 1424 972 1477 animam
1017 1422 1407 1493 deponeremus
1437 1442 1451 1478 :
1483 1424 1592 1479 imo
1619 1441 1748 1480 vero
1779 1441 1878 1481 nec

285 1522 497 1583 oportet
522 1529 799 1584 quaerere,
831 1515 925 1570 sed
953 1514 1147 1571 virtute
1174 1526 1230 1571 et
1267 1517 1391 1571 vita:
1429 1518 1747 1574 rectitudine
1778 1519 1875 1589 ipsi

284 1608 628 1662 securitatem
656 1609 913 1678 prmbere.
943 1609 1126 1679 Neque
1164 1609 1308 1665 enim
1348 1609 1395 1666 si
1420 1625 1577 1666 servo
1603 1611 1878 1666 irascenti-

289 1697 389 1754 bus
417 1698 570 1754 nobis
594 1707 649 1755 et
675 1699 1066 1770 indignantibus
1085 1743 1101 1768 ,
1133 1701 1226 1757 ille
1250 1701 1507 1757 adversus
1533 1703 1665 1759 iram
1691 1719 1753 1760 se
1778 1720 1878 1760 ex-

285 1807 478 1847 cusare
503 1793 775 1859 omittens,
800 1793 855 1847 in
880 1793 1125 1849 cellulam
1155 1809 1305 1848 suam
1328 1793 1680 1860 descendens,
1717 1796 1878 1850 vesti-

287 1897 466 1942 menta
491 1895 547 1943 et
574 1902 761 1942 omnes
786 1887 1042 1958 colligens
1080 1888 1377 1943 sarcinulas
1400 1899 1454 1943 et
1492 1889 1747 1961 colligans
1766 1931 1781 1953 ,
1809 1891 1878 1943 de

287 1976 406 2048 t‘uga
457 1977 845 2041 meditaretur;
896 1976 1041 2032 hunc
1091 1977 1259 2046 ipsius
1306 1986 1672 2048 contemptmn
1725 1977 1877 2034 facile

288 2068 572 2124 ferremus.
604 2070 934 2125 Desistamus
959 2070 1117 2141 igitur
1136 2072 1204 2126 ab
1228 2071 1331 2126 hoc
1350 2072 1655 2142 importuno
1675 2073 1875 2138 studio,

285 2172 341 2217 et
380 2162 624 2218 dicamus
661 2162 887 2234 quisque
915 2164 981 2219 ad
1010 2164 1178 2218 Deum
1209 2181 1224 2218 :
1254 2163 1367 2229 Quo
1395 2164 1477 2218 ibo
1501 2182 1533 2218 a
1561 2166 1742 2236 spiritu
1768 2176 1873 2233 tuo,

286 2263 336 2308 et
361 2271 394 2307 a
420 2254 554 2323 facie
580 2263 666 2308 tua
689 2271 789 2326 quo
813 2254 1007 2327 fugiam
1035 2255 1214 2327 (Psal.
1243 2256 1365 2312 158.
1389 2257 1497 2326 7)?
1523 2258 1875 2313 Barbarorum

291 2345 680 2416 philosophiam
726 2347 993 2402 imitemur
1025 2364 1039 2400 :
1069 2347 1143 2401 illi
1182 2348 1234 2402 in
1266 2348 1483 2404 incertis
1511 2349 1874 2419 ptenitentiam

285 2445 512 2506 egerunt
542 2454 558 2488 :
601 2452 707 2490 non
736 2436 878 2492 enim
926 2437 1027 2492 hoc
1071 2437 1301 2493 habebat
1328 2440 1593 2494 sententia
1624 2456 1638 2493 :
1665 2438 1718 2496 Si
1749 2454 1877 2494 conv

286 2528 567 2583 vertamini
610 2538 665 2584 et
696 2512 1060 2599 paenitentiam
1089 2530 1279 2600 agatis,
1308 2527 1577 2585 civitatem
1608 2530 1873 2599 ﬁrmabo;

287 2619 381 2675 sed
409 2620 747 2691 simpliciter,
770 2621 950 2675 Adhuc
974 2631 1073 2676 tres
1098 2620 1227 2690 dies,
1258 2632 1304 2677 et
1326 2622 1515 2677 Ninive
1541 2622 1873 2679 subvertetur.

286 2708 423 2778 Quid
455 2710 616 2781 igitur
658 2711 779 2767 illi?
818 2711 944 2780 Quis
975 2712 1109 2767 novit
1138 2729 1204 2765 an
1246 2713 1501 2784 paenitebit
1528 2713 1691 2769 Deum
1729 2716 1873 2782 mali,

290 2802 426 2872 quod
468 2803 706 2874 loquutus
747 2812 818 2858 est
854 2804 1026 2875 facere
1064 2806 1207 2860 nobis
1237 2803 1402 2876 (Jan.
1426 2807 1479 2862 ὅ.
1505 2807 1559 2861 4.
1589 2806 1711 2877 9)?
1748 2807 1877 2876 Quis

288 2895 479 2952 novit?
520 2896 777 2951 Nesciunt
811 2897 889 2951 rei
928 2897 1125 2962 ﬁnem,
1162 2912 1261 2953 nec
1306 2897 1673 2968 paenitentiam
1703 2899 1875 2970 negli-

281 2997 417 3056 gunt
445 3003 461 3040 :
490 2987 733 3043 nesciunt
763 2987 854 3043 Dei
885 2986 1224 3060 benignitatis
1250 2989 1710 3056 consuetudinem,
1741 3002 1795 3045 et
1822 2992 1874 3046 in

283 3078 506 3133 incertis
530 3087 801 3134 mutantur
829 3097 844 3135 :
871 3095 971 3136 nec
994 3081 1136 3136 enim
1163 3080 1432 3135 habebant
1455 3081 1590 3137 alios
1612 3081 1877 3138 Ninivitas

280 3170 354 3225 ad
397 3186 533 3242 quos
574 3173 905 3242 respicerent
951 3173 1261 3244 poenitentia
1306 3183 1424 3229 acta
1467 3184 1727 3241 servatos,
1777 3191 1878 3231 nec

282 3264 575 3335 prophetas
619 3265 888 3337 legerant,
937 3280 1034 3321 nec
1062 3267 1392 3336 patriarchas
1430 3267 1743 3334 audierant,
1778 3283 1878 3324 nec

283 3356 369 3411 usi
389 3365 514 3410 sunt
538 3356 785 3425 consilio,
809 3372 914 3413 non
939 3357 1356 3414 admonitionem
1377 3360 1518 3415 nacti
1537 3369 1680 3425 sunt,
1704 3377 1879 3433 neque

278 3446 387 3503 sibi
415 3458 812 3516 persuaserant,
857 3449 1077 3504 omnino
1102 3449 1269 3505 Deum
1309 3451 1619 3521 poenitentia
1660 3454 1875 3524 placan-

277 3538 412 3593 dum
439 3553 579 3595 esse.
606 3537 792 3609 Neque
815 3540 957 3596 enim
986 3540 1090 3597 hoc
1119 3541 1350 3598 habebat
1372 3544 1716 3600 comminatio
1736 3587 1751 3613 ,
1780 3545 1875 3601 sed

278 3627 601 3683 dubitabant
639 3628 1054 3701 haerebantque,
1100 3639 1156 3686 et
1194 3640 1370 3687 tamen
1413 3649 1535 3689 cum
1565 3639 1712 3690 omni
1756 3636 1872 3691 dili-

277 3721 461 3790 gentia
490 3720 857 3790 pmnitentiam
883 3730 1125 3792 egerunt.
1171 3722 1301 3791 Quae
1345 3723 1504 3794 igitur
1542 3726 1678 3780 ratio
1723 3726 1875 3782 nobis

277 3812 407 3878 erit,
453 3826 575 3867 cum
617 3812 695 3867 illi
722 3813 969 3884 quidem,
1014 3830 1112 3869 nec
1140 3815 1280 3870 unde
1305 3815 1373 3871 de
1412 3816 1517 3871 ﬁne
1545 3817 1877 3874 conﬁderent

279 3903 581 3969 habentes,
630 3913 832 3960 tantam
877 3906 1164 3962 exhibeant
1212 3909 1560 3965 mutationem
1600 3928 1613 3964 :
1662 3918 1714 3964 tu
1743 3927 1874 3966 vero

277 3993 375 4066 qui
398 3994 468 4050 de
486 3995 666 4051 divina
686 3997 1012 4068 benignitate
1030 3998 1301 4056 conlidere
1327 4009 1497 4071 potes,
1520 4011 1573 4057 et
1593 4003 1681 4073 qui
1707 4006 1873 4059 multa

279 4085 482 4156 sapius
510 4087 733 4156 pignora
759 4087 944 4157 cepisti
970 4088 1087 4159 ejus
1112 4089 1254 4145 circa
1286 4100 1338 4144 te
1361 4106 1536 4157 curae,
1564 4104 1617 4148 et
1645 4095 1875 4164 prophe-

278 4185 367 4233 tas
394 4183 451 4233 et
473 4178 744 4248 apostolos
772 4178 987 4246 audisti,
1029 4187 1086 4235 et
1122 4194 1220 4250 per
1265 4182 1406 4251 ipsas
1446 4198 1533 4238 res
1582 4184 1872 4241 instructus

278 4285 363 4339 es,
390 4285 496 4327 nec
518 4271 586 4326 ad
613 4271 857 4326 eamdem
885 4287 1007 4328 cum
1036 4271 1166 4342 ipsis
1190 4289 1496 4329 mensuram
1516 4276 1726 4332 virtutis
1754 4294 1874 4348 per-

278 4364 469 4416 venire
515 4361 852 4417 contendas?
902 4361 1089 4432 Magna
1143 4363 1303 4434 igitur
1354 4363 1545 4420 horum
1597 4366 1870 4423 hominum

279 4451 475 4518 virtus,
505 4452 676 4506 multo
700 4461 881 4508 autem
906 4452 1078 4522 major
1101 4453 1197 4509 Dei
1221 4453 1525 4523 clementia,
1556 4467 1611 4512 et
1642 4458 1779 4514 hanc
1806 4475 1869 4514 ex

279 4543 396 4612 ipsa
443 4543 708 4598 minarum
740 4545 1102 4614 magnitudine
1130 4547 1443 4615 conspicere
1468 4548 1612 4604 licet.
1665 4550 1745 4606 0b
1773 4552 1873 4609 hoc

277 4635 426 4690 enim
472 4637 751 4692 sententiae
800 4652 903 4693 non
949 4636 1153 4693 addidit
1188 4655 1202 4693 :
1237 4637 1291 4694 Si
1334 4655 1460 4694 vero
1507 4642 1871 4710 ptenitentiam

278 4726 522 4797 egeritis,
553 4742 792 4797 parcam,
824 4737 883 4783 ut
909 4728 1236 4784 indelinitam
1267 4729 1500 4787 inferens
1528 4736 1870 4800 sententiam,

280 4826 488 4873 metum
517 4828 771 4890 augeret,
813 4834 878 4874 ac
903 4830 1046 4875 metu
1071 4828 1230 4876 aucto
1255 4822 1480 4885 celerius
1504 4824 1570 4878 ad
1602 4826 1872 4894 poeniten-

281 4906 412 4963 tiam
438 4910 802 4978 compelleret.
836 4911 898 4965 Et
924 4911 1181 4982 propheta
1209 4912 1421 4982 quidem
1445 4916 1712 4972 erubescit
1735 4918 1872 4973 futu-

279 5015 400 5056 rum
448 5002 623 5057 sciens
665 5011 722 5057 et
762 5003 1109 5074 conjectans,
1155 5005 1301 5077 quod
1342 5005 1535 5062 infecta
1584 5010 1873 5066 manebunt

278 5092 466 5158 dicta;
508 5093 648 5149 Deus
688 5102 864 5150 autem
894 5111 1002 5150 non
1049 5097 1353 5163 erubescit,
1399 5100 1493 5159 sed
1522 5117 1681 5156 unum
1715 5104 1874 5158 dum-

280 5191 462 5251 taxat,
492 5183 767 5241 hominum
803 5186 1005 5243 scilicet
1032 5188 1254 5244 salutem
1276 5230 1292 5255 ,
1323 5191 1543 5261 quaerit,
1577 5203 1632 5247 et
1658 5207 1869 5248 servum

282 5293 440 5334 suum
469 5278 738 5334 emendat.
771 5279 1059 5350 Postquam
1084 5281 1227 5337 enim
1254 5283 1518 5354 navigium
1549 5285 1639 5340 ille
1668 5285 1875 5357 ingres-

279 5380 378 5423 sus
405 5377 527 5434 est,
570 5371 748 5425 statim
792 5372 1040 5428 excitavit
1082 5387 1253 5441 mare,
1294 5382 1354 5428 ut
1393 5375 1571 5432 discas
1611 5379 1752 5448 quod
1779 5379 1874 5433 ubi

285 5467 562 5525 peccatum
583 5500 599 5526 ,
630 5459 703 5514 ibi
733 5461 989 5531 procella,
1018 5463 1108 5518 ubi
1138 5463 1519 5530 inobedientia,
1549 5467 1619 5523 ibi
1650 5466 1874 5523 ﬁuctua-

284 5545 361 5601 tio
390 5563 407 5599 :
435 5556 491 5603 et
534 5550 872 5620 quatiebatur
912 5553 1126 5622 quidem
1167 5553 1355 5611 civitas
1394 5567 1613 5629 propter
1652 5569 1870 5629 peccata

282 5637 657 5709 Ninivitarum,
700 5643 1040 5714 quatiebatur
1074 5654 1250 5702 autem
1281 5655 1337 5702 et
1360 5648 1628 5719 navigium
1656 5660 1871 5721 propter

286 5731 564 5801 propheta:
605 5736 1040 5793 inobedientiam.
1088 5737 1169 5793 illi
1212 5739 1370 5809 igitur
1394 5739 1583 5805 Ionam
1625 5742 1677 5798 in
1725 5756 1871 5798 mare

289 5820 596 5894 dejecerunt
618 5867 632 5895 ,
671 5838 723 5883 et
766 5828 913 5884 stetit
940 5829 1205 5902 navigium
1234 5848 1247 5883 :
1278 5846 1375 5887 nos
1403 5847 1617 5903 quoque
1655 5847 1868 5905 peccata

1986 509 2425 584 submergamus,
2458 526 2511 572 et
2539 517 2727 575 civitas
2749 521 2967 575 omnino
2995 519 3177 576 stabit.
3231 519 3409 591 Itaque
3440 520 3583 591 lugu-

1983 603 2126 658 nulla
2155 604 2310 660 nobis
2335 606 2570 672 utilitas,
2607 609 2747 665 sicut
2790 625 2890 666 nec
2926 610 3073 666 illum
3121 610 3239 683 fuga
3285 610 3581 684 quidquam

1979 694 2211 764 adjuvit,
2257 696 2499 767 quinimo
2528 708 2583 754 et
2610 699 2747 755 lzesit
2783 719 2796 754 :
2829 702 3064 773 fugiebat
3107 718 3237 773 ergo
3264 713 3493 770 terram,
3522 714 3587 755 cr

1984 788 2075 843 Dei
2103 788 2237 843 iram
2265 805 2370 844 non
2399 790 2700 861 effugiebat.
2733 794 2987 865 Fugiebat
3015 805 3237 862 terram,
3263 807 3320 852 et
3343 796 3395 850 in
3420 810 3568 849 mare

1979 886 2352 949 tempestatem
2398 881 2606 937 induxit
2649 900 2663 938 :
2710 899 2809 941 nec
2854 894 3056 940 tantum
3095 887 3297 941 nullum
3342 901 3409 942 ex
3453 885 3581 957 fuga

1980 971 2176 1027 bonum
2208 982 2396 1029 nactos
2425 987 2528 1041 est,
2562 975 2657 1030 sed
2683 977 2842 1031 etiam
2868 993 2962 1033 eos
2989 979 3077 1050 qui
3107 995 3166 1035 se
3196 989 3571 1049 susceperunt.

1981 1062 2030 1115 in
2058 1074 2355 1119 extremum
2387 1066 2680 1135 periculum
2707 1067 2963 1134 adduxit,
3004 1078 3059 1124 et
3084 1071 3297 1140 quando
3319 1071 3574 1140 navigans

1981 1151 2033 1205 in
2062 1154 2271 1223 navigio
2299 1155 2540 1223 sedebat,
2565 1167 2617 1212 ct
2641 1168 2815 1213 nauta:
2845 1168 2899 1214 et
2918 1160 3303 1230 gubernatores
3328 1160 3571 1226 aderant,

1980 1245 2259 1316 omnisque
2297 1248 2540 1303 nauticus
2566 1259 2855 1318 apparatus
2878 1292 2894 1317 ,
2928 1251 2997 1307 de
3024 1253 3281 1306 extremis
3310 1253 3573 1322 periclita-

1982 1337 2137 1390 batur
2168 1354 2183 1391 :
2218 1350 2495 1410 postquam
2539 1350 2718 1396 autem
2763 1343 2829 1396 in
2865 1359 3015 1399 mare
3045 1344 3334 1414 projectus,
3367 1352 3423 1398 et
3451 1360 3575 1414 pec-

1979 1436 2154 1481 catum
2181 1430 2619 1500 persupplicium
2646 1432 2944 1502 deponens,
2978 1435 3029 1488 in
3061 1435 3380 1489 inunensnm
3405 1435 3592 1490 dedu-~

1979 1530 2096 1574 ctus
2119 1530 2209 1576 est
2229 1524 2517 1593 navigium,
2548 1526 2651 1580 ceti
2680 1527 2883 1581 scilicet
2914 1536 3177 1593 ventrem,
3214 1530 3378 1582 multa
3409 1530 3578 1599 potie-

1980 1611 2137 1667 batur
2179 1613 2441 1681 libertate,
2492 1627 2549 1672 ut
2591 1617 2796 1685 discas,
2837 1619 2976 1674 sicut
3017 1619 3069 1673 in
3119 1621 3351 1689 peccatis
3378 1622 3577 1676 viventi

1980 1722 2156 1776 neque
2185 1711 2452 1780 navigium
2485 1711 2744 1781 prodest,
2790 1713 2869 1768 sic
2900 1721 3119 1783 peccato
3156 1723 3372 1769 exutum
3404 1730 3580 1785 neque

1980 1812 2127 1851 mare
2153 1798 2382 1869 perdere
2402 1841 2417 1865 ,
2453 1816 2628 1872 neque
2654 1801 2854 1858 bestias
2879 1803 3160 1858 devorare.
3194 1803 3373 1873 ipsum
3414 1804 3574 1873 igitur

1980 1888 2138 1942 unda:
2163 1901 2532 1959 susceperunt,
2554 1908 2656 1947 nec
2680 1893 3075 1949 suli'oeaverunt
3098 1911 3110 1947 :
3135 1905 3287 1949 cetus
3313 1895 3594 1965 suscepit“

1980 1987 2033 2031 et
2076 1994 2182 2032 non
2229 1980 2539 2047 interemit;
2571 1998 2756 2037 verum
2787 1993 2842 2037 et
2887 1985 3122 2051 animal,
3166 1995 3220 2041 et
3250 1985 3571 2040 elementum

1980 2068 2249 2126 incolume
2274 2070 2573 2141 depositum
2613 2074 2724 2128 Deo
2754 2076 3138 2140 reddiderunt;
3183 2087 3237 2132 et
3275 2094 3369 2147 per
3397 2079 3574 2132 omnia

1982 2161 2357 2217 instituebatur
2384 2164 2665 2234 propheta,
2695 2174 2754 2219 ut
2779 2177 2924 2221 esset
2964 2178 3272 2222 mansuetus
3300 2178 3354 2221 et
3383 2168 3585 2222 huma—

1982 2268 2101 2319 nus,
2135 2262 2188 2307 et
2213 2269 2385 2323 neque
2410 2255 2589 2309 stultis
2618 2257 2813 2323 nautis,
2843 2272 3017 2326 neque
3045 2256 3174 2313 feris
3202 2258 3376 2323 undis,
3404 2274 3576 2328 neque

1980 2344 2165 2399 bestiis
2187 2345 2467 2400 crudelior
2494 2356 2654 2401 esset.
2696 2347 2907 2401 Etenim
2937 2358 3111 2404 nautae
3150 2363 3254 2404 non
3296 2349 3349 2403 in
3378 2349 3587 2419 princi-

1979 2438 2069 2506 pio
2096 2436 2297 2501 statim,
2328 2436 2422 2491 sed
2455 2447 2571 2506 post
2602 2438 2825 2492 multam
2855 2439 3229 2494 necessitatem
3256 2440 3428 2511 ipsum
3454 2455 3585 2509 pro-

1979 2528 2273 2595 diderunt;
2317 2544 2465 2585 mare
2494 2545 2622 2585 vero
2668 2539 2724 2585 et
2771 2529 2940 2585 bestia
2971 2546 3091 2586 cum
3142 2532 3306 2586 multa
3336 2532 3573 2587 benevo-

1982 2619 2144 2675 lentia
2197 2621 2608 2688 cnstodierunt,
2659 2622 2769 2676 Deo
2822 2622 2937 2676 haec
2981 2622 3161 2677 omnia
3207 2623 3573 2694 dispensante.

1982 2709 2161 2764 Rediit
2204 2710 2400 2781 igitur,
2450 2710 2790 2783 praedicavit,
2842 2714 3074 2767 minatus
3122 2723 3233 2780 est,
3288 2714 3569 2783 persuasit,

1980 2800 2227 2865 snivavit,
2259 2802 2470 2861 terruit,
2500 2802 2756 2867 correxit,
2791 2811 2847 2856 et
2881 2818 2983 2856 una
3013 2804 3292 2873 primaque
3320 2802 3577 2874 praedica-

1981 2891 2126 2946 tione
2154 2891 2385 2946 ﬁrmavit
2417 2910 2435 2944 επ
2466 2908 2639 2964 neque
2664 2894 2806 2949 enim
2848 2895 3138 2950 multorum
3182 2895 3390 2950 dierum
3435 2895 3575 2949 indi-

1981 2982 2125 3051 guit,
2164 2982 2602 3053 neque'continui
2630 2986 2837 3040 consilii
2863 3026 2878 3051 ,
2912 2987 3005 3041 sed
3040 2985 3181 3042 nuda
3212 2987 3298 3041 illa
3326 2987 3578 3057 loquutus

1982 3075 2141 3130 verba
2167 3116 2183 3140 ,
2226 3090 2416 3130 omnes
2447 3075 2499 3130 in
2531 3077 2901 3148 ptuuitcntiam
2947 3078 3186 3133 deduxit.
3235 3079 3360 3134 Ideo
3399 3080 3572 3149 ipsum

1981 3182 2086 3221 non
2132 3167 2313 3222 statim
2360 3168 2430 3223 de
2467 3169 2679 3240 navigio
2729 3171 2868 3224 Deus
2910 3170 2977 3224 ad
3029 3171 3212 3226 urbem
3253 3171 3440 3235 duxit,
3478 3173 3578 3226 sed

1982 3269 2159 3312 nautze
2187 3260 2331 3324 mari
2349 3260 2702 3326 tradiderunt,
2738 3276 2886 3316 mare
2912 3271 3063 3329 ceto,
3093 3272 3243 3318 cetus
3276 3264 3405 3330 Deo,
3437 3264 3583 3319 Deus

1981 3350 2249 3419 Ninivitis,
2296 3363 2350 3408 et
2392 3368 2486 3424 per
2515 3354 2728 3424 longum
2774 3354 3055 3410 circuitum
3106 3354 3384 3425 profugum
3417 3356 3577 3411 resti-

1983 3445 2104 3510 tuit,
2149 3455 2206 3498 ut
2235 3460 2425 3500 omnes
2465 3445 2675 3513 doceat,
2721 3447 2813 3501 Dei
2857 3462 3048 3502 manus
3090 3446 3327 3518 eﬁ‘ugcre
3371 3448 3573 3518 impos—

1982 3535 2137 3592 sibile
2165 3550 2307 3592 esse.
2339 3537 2472 3591 Nam
2498 3552 2837 3609 quocumque
2863 3539 2982 3610 quis
3010 3539 3380 3609 proﬁciscatur
3399 3581 3413 3602 ,
3448 3555 3575 3609 pec-

1981 3635 2156 3681 catum
2187 3627 2536 3697 pertrahens,
2567 3628 2771 3685 inﬁnita
2801 3629 3085 3685 sustinebit
3124 3629 3441 3686 detrimenta
3476 3648 3490 3685 :
3522 3641 3579 3685 et

1980 3719 2024 3772 si
2054 3719 2329 3774 hominum
2364 3736 2519 3774 nemo
2550 3721 2726 3789 adsit,
2774 3722 2887 3792 ipsa
2926 3721 3300 3793 undecumque
3331 3732 3579 3778 creatura

1980 3824 2101 3863 cum
2133 3810 2297 3864 multa
2346 3811 2417 3865 illi
2466 3811 2681 3867 resistet
2711 3812 3068 3869 vehementia.
3114 3812 3194 3869 Ne
3238 3814 3396 3884 igitur
3439 3812 3575 3884 fuga:

1979 3900 2202 3956 salutem
2236 3910 2470 3956 nostram
2515 3903 2830 3969 credamus,
2877 3904 2973 3958 sed
3018 3919 3227 3959 morum
3271 3906 3569 3960 mutationi.

1978 3989 2113 4044 Num
2144 3991 2286 4046 enim
2327 3993 2451 4060 quia
2493 3992 2546 4047 in
2591 3994 2805 4048 civitate
2852 4009 3075 4056 manes,
3121 4002 3402 4064 propterea
3436 3997 3573 4050 Deus

1980 4083 2249 4151 irritatur,
2280 4094 2338 4137 ut
2366 4084 2575 4154 fugias?
2602 4084 2863 4152 Quoniam
2896 4087 3148 4157 peccasti,
3179 4098 3460 4157 propterea
3489 4087 3571 4142 in-

1978 4173 2247 4244 dignatur.
2298 4176 2462 4246 lgitur
2492 4185 2767 4246 peccatum
2810 4177 3051 4247 depone,
3098 4187 3153 4234 et
3194 4178 3336 4234 unde
3365 4178 3570 4235 vulneri

1944 4261 2178 4335 'causa,
2225 4269 2347 4324 inde
2394 4271 2520 4324 mali
2562 4270 2762 4324 fontem
2809 4271 3045 4341 reprime
3075 4289 3088 4324 :
3115 4270 3381 4327 contraria
3428 4272 3585 4327 enim.

1978 4358 2261 4414 contrariis
2289 4374 2483 4414 curare
2510 4369 2566 4415 ct
2595 4360 2785 4415 medici
2824 4360 3033 4430 jubent.
3074 4361 3153 4416 Ex
3190 4362 3405 4432 crapula
3445 4377 3575 4434 ergo

1979 4459 2101 4504 nata
2126 4458 2209 4505 est
2234 4449 2432 4506 febris?
2458 4450 2634 4506 inedia
2658 4451 2905 4507 morbum
2932 4454 3227 4524 corrigunt.
3257 4454 3332 4507 Ex
3362 4453 3573 4508 tristitia

1978 4542 2098 4612 quis
2127 4541 2428 4597 inﬁrmatus
2454 4543 2580 4598 est?
2621 4542 2864 4598 lmtitiam
2892 4541 3017 4599 huic
3045 4553 3225 4614 aptam
3255 4540 3573 4600 medicinam

1977 4648 2099 4689 esse
2139 4633 2344 4688 dicunt.
2395 4633 2486 4690 Sic
2516 4644 2571 4690 et
2601 4633 2654 4688 in
2703 4635 2898 4690 animae
2943 4636 3348 4705 tegritudiuibus
3396 4638 3575 4692 facere

1977 4733 2214 4791 oportet.
2247 4723 2387 4780 Iram
2411 4733 2599 4795 torpor
2623 4726 2918 4780 excitavit?
2949 4726 3209 4781 industria
3235 4726 3371 4781 hanc
3397 4729 3574 4798 repei-

1978 4814 2184 4883 lamus,
2217 4816 2548 4888 multamque
2588 4833 2700 4887 prae
2741 4819 2896 4874 nobis
2936 4817 3174 4874 feramus
3199 4818 3575 4875 mutationem.

1978 4907 2247 4978 Jejunium
2295 4909 2554 4965 habemus
2598 4911 3009 4977 auxiliatorem,
3058 4920 3114 4965 et
3153 4911 3574 4969 commilitonem

1979 5002 2272 5056 maximum
2294 5044 2309 5065 ,
2343 5013 2398 5057 et
2427 5014 2618 5074 praeter
2656 5004 2918 5073 jejuniUm
2949 5005 3236 5061 instantem
3276 5010 3573 5077 angustiam

1979 5108 2032 5152 et
2058 5099 2280 5169 periculi
2315 5100 2582 5155 timorem.
2611 5099 2874 5155 instemus
2901 5099 3061 5171 igitur
3089 5102 3282 5156 animae
3309 5101 3414 5156 hoc
3444 5110 3575 5157 tem-

1980 5205 2110 5258 pore
2153 5209 2167 5245 :
2213 5191 2411 5245 etenim
2459 5192 2558 5260 ipsi
2607 5191 2787 5247 omnia
2836 5209 3186 5264 quaecumque
3223 5192 3576 5258 voluerimus,

1979 5278 2134 5337 facile
2177 5283 2498 5351 persuadere
2546 5283 2861 5353 poterimus.
2909 5284 3142 5341 Pavidus
3186 5285 3325 5341 enim
3367 5293 3441 5340 et.
3472 5293 3577 5339 trc~

1981 5386 2173 5440 mens,
2219 5382 2276 5430 et
2320 5388 2351 5427 a
2396 5374 2601 5430 deliciis
2647 5376 2900 5433 omnibus
2947 5377 3259 5449 expeditus,
3309 5384 3470 5443 atque
3525 5375 3576 5429 in

1980 5465 2173 5520 timore
2201 5465 2424 5531 vivens,
2479 5467 2631 5522 facile
2677 5467 3041 5539 philosophari
3091 5477 3301 5537 potest,
3350 5475 3405 5520 et
3455 5480 3575 5521 cum

1979 5558 2140 5612 multa
2170 5558 2445 5614 alacritate
2473 5560 2686 5615 virtutis
2710 5561 2914 5616 semina
2955 5560 3245 5628 suscipere.

2052 5651 2104 5703 7.
2135 5638 2447 5706 Iarumanni
2467 5652 2693 5707 uitanda.
2722 5681 2792 5692 —-
2822 5652 3057 5706 Primum
3096 5650 3254 5719 igitur
3275 5648 3321 5703 ci
3355 5664 3571 5720 persua-

1978 5743 2200 5799 deamus
2221 5787 2237 5811 ,
2283 5754 2341 5799 ut
2379 5760 2408 5799 a
2448 5744 2872 5816 juramentorum
2903 5742 3023 5812 fuga
3056 5742 3404 5798 mutationem
3434 5743 3569 5798 inci—

1980 5837 2133 5906 piat:
2167 5839 2264 5894 etsi
2309 5837 2452 5893 enim
2496 5837 2610 5893 heri
2655 5845 2709 5891 et
2754 5833 3143 5891 nudiustertius
3171 5833 3239 5890 de
3284 5833 3383 5890 hac
3422 5834 3588 5888 vobis
