3998 6430
441 365 510 417 79
1180 361 1237 415 S.
1268 359 1542 416 JOASNIS
1582 358 2053 415 CHRYSOSTOMI
2093 358 2406 414 ARCllIEP.
2447 356 2975 418 CONSTANTINUP.
3645 365 3708 421 80

445 473 700 544 loquutus
726 488 842 529 sum
871 473 1092 528 materia
1113 514 1128 540 ,
1155 488 1329 542 neque
1356 482 1529 527 tamen
1557 471 1716 526 hodie
1743 470 2021 535 desistam,

444 579 618 633 neque
645 578 794 628 cras,
827 579 998 634 neque
1026 564 1276 634 perendie
1304 564 1490 618 eadem
1520 578 1759 618 monere.
1811 562 1878 616 Et
1903 564 2027 633 quid

447 657 569 710 dico
597 658 882 712 crastinam
921 664 1012 711 aut
1056 657 1267 712 tertiam
1296 656 1482 712 diem?
1523 658 1698 712 Donec
1726 672 1821 711 vos
1849 673 2028 711 corre—

445 758 560 802 ctos
587 747 812 814 videam,
855 764 962 804 non
991 749 1244 804 absistam
1274 767 1287 801 :
1325 749 1370 803 si
1400 749 1541 803 enim
1572 749 1742 818 legem
1773 749 1996 818 praevari
2016 778 2028 790 -

445 848 628 894 cantes
659 855 764 894 non
793 841 1149 906 erubescunt,
1181 841 1351 895 multo
1376 841 1544 910 magis
1571 856 1670 894 nos
1690 840 1938 910 jobentes
1964 856 2030 895 ne

444 932 858 998 pnevaricemini
877 975 894 997 ,
923 932 990 987 de
1019 931 1284 1002 frequenti
1313 932 1678 987 admonitione
1707 948 1810 986 non
1840 931 2030 986 erube-

443 1037 592 1078 scere
635 1039 732 1093 par
766 1033 867 1078 est.
920 1024 996 1078 De
1040 1023 1228 1078 iisdem
1255 1024 1397 1078 enim
1436 1024 1689 1078 continue
1717 1036 2028 1076 commone-

445 1112 655 1180 facere,
705 1132 810 1170 non
852 1115 1120 1182 dicentis,
1167 1115 1261 1170 sed
1305 1114 1634 1169 audientium
1678 1123 1761 1169 est
1805 1113 2028 1177 crimen,

442 1207 688 1278 diuturna
731 1222 895 1275 super
927 1207 1260 1276 simplicibus
1287 1213 1342 1261 et
1370 1205 1614 1260 facilibus
1642 1206 1922 1274 praeceptis
1953 1205 2031 1256 in-

441 1297 732 1367 digentium
774 1298 1072 1368 disciplina.
1113 1298 1250 1365 Quid
1279 1298 1422 1353 enim
1469 1297 1673 1352 facilius
1718 1313 1876 1365 quam
1923 1312 2029 1350 non

438 1390 666 1459 jurare?
709 1389 1127 1446 Cousuetudinis
1177 1400 1379 1445 tantum
1431 1406 1566 1461 opus
1613 1401 1695 1444 est
1736 1408 1750 1444 :
1795 1407 1901 1444 non
1949 1400 2033 1445 cst

444 1484 688 1552 corporis
716 1483 870 1538 labor
890 1523 906 1548 ,
939 1499 1045 1537 non
1073 1493 1154 1538 est
1182 1484 1526 1554 pecuniarum
1559 1483 1906 1552 impendium.
1943 1483 2031 1539 Vis

444 1573 656 1629 discere
697 1575 966 1644 quomodo
1001 1575 1185 1629 vitium
1233 1576 1472 1645 superari
1510 1575 1724 1644 possit?
1766 1575 2036 1645 quomodo

444 1664 513 1718 ab
565 1665 804 1734 improha
865 1667 1250 1721 consuetudine
1307 1667 1519 1720 liberari
1571 1666 1770 1720 liceat?
1818 1666 1930 1730 Ego
1981 1675 2034 1718 te

445 1755 731 1824 quemdam
756 1756 960 1811 docebo
987 1759 1224 1824 modum,
1252 1774 1413 1827 quem
1440 1759 1483 1812 si
1514 1758 1778 1823 tenueris,
1811 1772 2032 1826 snpera-

448 1845 530 1900 bis
557 1847 799 1902 omnino.
844 1848 977 1902 Cum
1008 1848 1204 1903 videris
1250 1853 1477 1918 teipsum
1497 1890 1512 1916 ,
1541 1850 1625 1903 vel
1653 1850 1815 1902 alium
1843 1864 2032 1918 quem-

446 1951 587 2005 que,
615 1939 695 1992 vel
727 1952 939 1994 servnm
961 1981 976 2006 ,
1008 1940 1094 1996 vel
1122 1940 1285 1995 filium
1308 1983 1321 2005 ,
1353 1941 1437 1994 vel
1482 1956 1702 1996 uxorem
1747 1941 1848 1996 hoc
1893 1941 2033 1996 malo

445 2037 648 2096 captos,
680 2039 733 2082 et
757 2035 1006 2084 continue
1035 2033 1505 2099 commonefactos,
1538 2048 1709 2101 neque
1739 2042 2029 2095 correctos,

443 2118 571 2187 jube
615 2133 722 2174 non
759 2130 1002 2176 cmuatos
1041 2122 1258 2188 cubare,
1309 2132 1364 2177 et
1406 2122 1543 2178 hanc
1589 2123 1787 2192 tibique
1830 2132 1885 2178 et
1927 2123 2035 2178 illis

446 2207 843 2264 damnationem
892 2212 1108 2279 impone
1131 2253 1147 2277 ,
1179 2212 1576 2268 damnationem
1621 2229 1725 2266 non
1755 2213 2030 2279 damnum,

446 2299 542 2354 sed
572 2301 774 2354 lucrum
803 2300 1084 2357 ferentem.
1111 2303 1259 2357 Talia
1290 2303 1434 2358 enim
1463 2313 1588 2358 sunt
1616 2305 1906 2373 spiritualia
1938 2321 1952 2358 :
1981 2312 2037 2358 et

451 2392 652 2446 lucrum
683 2391 894 2458 ferunt,
932 2402 986 2448 et
1013 2395 1350 2448 celerrimam
1391 2397 1780 2450 correctionem
1811 2415 1825 2450 :
1858 2397 2034 2465 lingua

448 2485 591 2538 enim
619 2484 835 2541 assidue
864 2488 1098 2542 cruciata
1122 2530 1138 2554 ,
1171 2488 1254 2541 vel
1284 2489 1498 2544 nemine
1524 2499 1896 2546 commnuente
1921 2490 2036 2544 suf-

451 2575 716 2631 ficientem
737 2579 876 2647 capit
893 2578 1308 2634 admonitionem
1333 2595 1362 2633 a
1387 2581 1472 2633 siti
1489 2595 1818 2650 compressa,
1839 2597 1869 2635 a
1897 2581 2036 2636 fame

451 2666 786 2737 angustiata;
839 2679 887 2720 et
919 2669 1044 2724 licet
1071 2671 1308 2724 omnium
1337 2671 1506 2726 simus
1532 2671 1858 2726 stolidissimi
1883 2714 1896 2735 ,
1927 2681 2035 2726 tota

451 2757 541 2812 die
568 2757 726 2828 hujus
752 2762 1000 2814 tormenti
1031 2761 1393 2831 magnitudine
1417 2762 1746 2827 commoniti,
1777 2763 1882 2817 alio
1907 2779 2038 2818 con-

451 2849 571 2903 silio
599 2858 654 2905 et
679 2849 1042 2906 admonitione
1077 2867 1182 2906 non
1227 2853 1602 2922 indigehimus.
1637 2853 1915 2910 Laudastis
1951 2856 2034 2909 di-

451 2949 536 2994 cta
557 2981 572 3005 ,
597 2955 780 2995 verum
808 2951 862 2996 et
887 2941 1042 2996 factis
1067 2943 1276 2998 laudem
1307 2944 1685 2999 demonstrate.
1715 2945 1866 3011 Quod
1892 2947 2034 3000 enim

451 3029 646 3100 alioqui
694 3030 851 3100 hujus
897 3032 1169 3086 concionis
1200 3034 1662 3089 emolumentum?
1704 3036 1758 3090 Si
1801 3035 2037 3105 quotidie

453 3121 705 3190 puerulus
731 3121 794 3175 ad
838 3122 1074 3176 scholam
1106 3132 1316 3193 pergat,
1352 3134 1534 3194 postea
1565 3126 1640 3179 nil
1673 3125 1844 3180 discat
1865 3167 1878 3190 ,
1909 3141 2036 3182 nunt

452 3213 519 3268 ad
549 3215 942 3269 excusationem
975 3214 1201 3270 sufficiat
1227 3218 1399 3282 nobis,
1434 3220 1606 3288 ipsum
1651 3217 1778 3272 illuc
1801 3218 2037 3288 quotidie

456 3305 718 3372 pergere?
749 3319 852 3358 non
883 3304 984 3360 hoc
1011 3307 1182 3374 ipsum
1213 3307 1503 3360 maximum
1530 3307 1787 3362 ducemus
1811 3309 2034 3374 crimen,

453 3395 594 3462 quod
636 3411 729 3463 per
769 3396 1004 3465 singulos
1052 3396 1167 3451 dies
1211 3398 1336 3452 illuc
1385 3413 1650 3469 pergens,
1695 3399 1798 3454 hoc
1845 3399 2036 3454 frustra

457 3485 656 3538 faciat?
687 3485 798 3538 lloc
826 3495 880 3540 et
909 3485 961 3538 in
995 3487 1148 3540 nobis
1180 3488 1307 3556 ipsis
1336 3491 1628 3557 cogitemus
1649 3531 1664 3554 ,
1697 3498 1752 3542 et
1777 3491 1910 3544 intra
1941 3505 2040 3544 nos

457 3574 600 3643 ipsos
621 3575 862 3630 dicamus
887 3594 899 3629 :
924 3576 1154 3631 Tantum
1183 3580 1436 3646 temporis
1457 3579 1522 3634 ad
1546 3582 1827 3636 ecclesiam
1853 3597 2039 3636 occur-

456 3676 672 3729 rentes,
721 3667 1110 3721 terrihilissima
1143 3670 1374 3724 fruentes
1403 3671 1618 3742 synaxi,
1653 3671 1870 3741 ipsaque
1899 3665 2039 3726 inul-

460 3768 567 3810 tum
611 3759 814 3811 lucrum
864 3759 1130 3825 habente,
1175 3761 1220 3814 si
1269 3761 1398 3815 tales
1439 3777 1650 3815 rursum
1679 3760 2037 3829 discedamus,

457 3849 642 3917 quales
667 3848 1000 3914 advenimus,
1036 3851 1235 3903 milium
1264 3851 1562 3906 defectuum
1591 3863 1893 3906 uosuorum
1922 3869 2042 3906 cor-

458 3941 694 4008 rigentes
714 3980 729 4004 ,
759 3955 878 4010 qua:
905 3941 1058 3996 nobis
1088 3943 1191 3994 erit
1228 3941 1386 4010 hujus
1427 3943 1768 4012 profectionis
1795 3943 1994 3997 utilitas
2017 3943 2041 3997 ?

459 4033 664 4086 Etenim
710 4033 873 4086 multa
905 4049 1008 4087 non
1054 4046 1269 4104 propter
1299 4052 1356 4089 se
1401 4036 1532 4089 fiunt
1553 4077 1568 4101 ,
1609 4037 1702 4091 sed
1734 4047 1950 4106 propter
1977 4053 2040 4092 ea

457 4138 576 4191 qua:
619 4138 687 4177 ex
729 4123 858 4191 ipsis
905 4126 1176 4179 eveniunt.
1225 4128 1392 4192 Quale
1440 4129 1565 4182 illud
1615 4138 1694 4182 est
1728 4147 1740 4182 :
1771 4130 2040 4184 seminans

461 4230 562 4265 non
594 4212 718 4267 ideo
745 4215 1004 4281 seminat,
1053 4227 1106 4270 ut
1136 4226 1336 4271 tantum
1365 4220 1614 4284 seminet,
1643 4220 1734 4274 sed
1765 4233 1820 4274 ut
1850 4230 1904 4274 et
1931 4237 2038 4274 me-

461 4313 536 4357 tat
565 4319 578 4358 :
609 4305 750 4374 quod
778 4306 878 4360 nisi
910 4308 1008 4360 hoc
1038 4309 1222 4374 fieret,
1259 4319 1311 4363 et
1336 4310 1586 4362 damnum
1614 4313 1868 4365 sementis
1895 4322 2043 4382 pate-

461 4408 634 4462 retur,
666 4400 959 4456 seminibus
997 4403 1260 4456 incassum
1293 4406 1619 4471 putrefactis.
1650 4405 1908 4460 Mercator
1935 4423 2038 4458 non

463 4497 678 4556 propter
705 4489 805 4541 hoc
831 4491 1072 4558 navigat,
1104 4502 1157 4544 ut
1184 4499 1388 4546 tantum
1417 4495 1643 4563 naviget,
1675 4496 1770 4550 sed
1802 4504 1857 4548 ut
1884 4512 2040 4566 pere-

458 4576 721 4643 grinando
745 4578 1037 4634 auctiorem
1070 4580 1227 4634 faciat
1268 4598 1379 4635 rem
1414 4601 1428 4636 :
1457 4585 1597 4654 quod
1627 4586 1725 4639 nisi
1755 4587 1854 4642 hoc
1880 4589 2038 4653 adsit,

461 4678 516 4721 et
541 4665 792 4720 damnum
824 4669 1029 4724 accidet
1054 4683 1372 4738 extremum,
1406 4688 1458 4730 et
1485 4676 1738 4730 damnosa
1784 4695 2042 4735 mercmo—

463 4775 579 4812 rum
610 4761 982 4828 peregrinatio.
1012 4762 1125 4817 Hoc
1161 4764 1297 4818 idem
1329 4777 1381 4818 et
1411 4767 1463 4820 in
1495 4769 1644 4820 nobis
1673 4769 1798 4838 ipsis
1827 4771 2042 4825 ratioci-

461 4867 652 4906 nemur
676 4871 690 4906 :
718 4855 912 4908 ctenim
944 4864 996 4909 et
1024 4871 1120 4910 nos
1146 4857 1199 4911 in
1231 4859 1508 4912 ecclesiam
1539 4863 1903 4927 convenimus,
1934 4879 2040 4916 non

463 4953 683 5012 propter
708 4946 809 4998 hoc
837 4947 1006 5014 ipsum
1035 4949 1228 5012 solum,
1259 4957 1316 5003 ut
1339 4949 1425 5005 hic
1451 4953 1825 5020 immoremnr,
1860 4956 1953 5010 sed
1987 4967 2044 5010 ut

460 5034 658 5104 aliquid
688 5051 934 5106 magnum
964 5047 1016 5093 et
1057 5041 1328 5109 spirituale
1371 5043 1557 5098 lucrati
1588 5045 1940 5100 discedamus.
1986 5046 2042 5101 Si

461 5128 622 5197 igitur
657 5127 841 5182 inanes
869 5138 924 5183 et
952 5131 1083 5185 nihil
1123 5133 1301 5202 adepti
1330 5135 1604 5197 abeamus,
1636 5136 2041 5191 condemnatio-

460 5237 580 5274 nem
614 5221 768 5274 nobis
797 5220 896 5276 hoc
922 5225 1151 5277 studium
1177 5237 1434 5282 aceerset.
1468 5229 1618 5295 Quod
1647 5245 1713 5284 ne
1745 5231 1853 5296 fiat,
1882 5241 2044 5300 utque

462 5320 665 5366 tantum
693 5311 944 5367 damnum
976 5315 1259 5384 evitemus,
1289 5319 1548 5374 abeuntes
1582 5321 1724 5388 hinc,
1756 5323 1893 5377 inter
1923 5337 2042 5377 sese

459 5407 617 5460 amici
646 5422 765 5460 cum
799 5407 919 5460 filiis
951 5417 1128 5476 patres
1149 5451 1163 5472 ,
1203 5426 1323 5464 cum
1354 5414 1523 5466 servis
1549 5413 1784 5479 domini,
1816 5415 2041 5468 medita-

463 5500 630 5564 mini,
660 5510 715 5554 et
742 5500 978 5555 laborate
1003 5504 1270 5571 quomodo
1299 5505 1613 5575 imperatum
1643 5507 1957 5575 expediatis,
1987 5516 2044 5562 ut

461 5597 738 5657 postquam
771 5592 964 5647 iterum
1007 5595 1206 5649 reversi
1245 5595 1449 5650 fueritis
1473 5637 1488 5662 ,
1541 5608 1595 5652 et
1633 5599 1700 5653 de
1730 5599 1916 5653 iisdem
1944 5615 2042 5653 nos

458 5675 744 5734 suadetlles
785 5684 1095 5750 audieritis,
1134 5701 1237 5740 non
1272 5686 1473 5756 pudore
1515 5688 1814 5743 afficiamini
1841 5731 1856 5748 .
1899 5706 2046 5744 mon—

461 5765 621 5818 dentc
647 5779 739 5822 vos
766 5773 1115 5842 conscientia,
1142 5777 1235 5834 sed
1262 5777 1559 5848 gaudeatis,
1587 5789 1640 5834 et
1671 5780 1920 5836 laetemini
1947 5785 2039 5837 ad-

2142 471 2449 526 monitionis
2488 472 2742 541 majorem
2779 472 2933 528 vobis
2973 481 3178 544 partem
3207 474 3467 543 expletam
3503 479 3707 546 conspi-

2131 572 2352 616 ctcntes.
2397 563 2521 616 ll:cc
2563 578 2667 617 non
2714 573 2919 617 tantum
2972 566 3056 620 hic
3101 565 3532 634 pbilosophemur
3564 585 3578 620 :
3606 585 3704 623 non

2131 658 2272 710 enim
2321 658 2434 712 harc
2477 670 2849 712 momentanea
2895 658 3191 714 admonitio
3237 667 3404 713 totum
3445 661 3699 716 eradicart

2133 757 2342 816 potest,
2377 763 2561 802 verum
2589 757 2644 803 et
2673 748 2816 802 domi
2858 749 2938 802 vir
2966 749 3032 803 ab
3060 765 3224 804 uxore
3249 749 3364 804 hmo
3397 750 3607 817 audiat,
3652 763 3701 807 et

2132 853 2266 891 uror
2292 854 2320 889 a
2351 839 2575 908 conjuge
2609 856 2623 892 :
2663 849 2716 893 et
2754 839 3025 894 mmulatio
3053 839 3296 909 quaedam
3341 841 3432 894 fiat
3466 858 3573 895 omi
3595 843 3706 898 ibus

2131 928 2196 982 ad
2225 929 2381 996 hujus
2413 929 2544 999 legis
2575 929 2941 999 impleiionem
2967 931 3248 1000 pervenire
3274 930 3631 999 studentibus,
3654 948 3708 988 et

2131 1020 2218 1086 qui
2268 1021 2412 1087 prius
2456 1020 2756 1089 impleverit
2781 1020 3047 1076 deficienti
3087 1022 3414 1090 exprobret,
3457 1031 3516 1076 ut
3541 1024 3707 1092 ipsum

2131 1110 2300 1178 magis
2322 1111 2517 1164 excitet
2548 1129 2562 1164 :
2589 1112 2680 1181 qui
2706 1111 2906 1175 deficit,
2953 1121 3008 1165 et
3034 1113 3270 1166 nondum
3299 1114 3552 1183 implevit,
3582 1130 3708 1184 pra:-

2132 1211 2435 1255 veinentcm
2480 1211 2722 1271 spectet,
2769 1212 2826 1258 et
2850 1203 2917 1257 ad
2968 1205 3138 1273 ipsum
3167 1204 3412 1260 celeriter
3441 1206 3710 1274 pervenire

2132 1291 2438 1345 contendat.
2465 1292 2521 1346 Si
2549 1293 2662 1346 haec
2691 1293 3030 1358 meditemur,
3058 1295 3103 1348 si
3131 1295 3246 1348 haec
3271 1310 3539 1358 curemus,
3567 1295 3708 1350 brevi

2135 1386 2286 1439 nobis
2315 1394 2369 1439 et
2413 1386 2516 1438 alia
2553 1401 2809 1455 prospere
2853 1388 3065 1458 negotia
3107 1386 3424 1458 dirigentur.
3474 1387 3554 1442 Tu
3599 1403 3710 1458 qua:

2136 1475 2226 1530 Dei
2255 1486 2377 1529 sunt
2403 1476 2661 1531 meditare
2681 1517 2697 1543 ,
2726 1488 2781 1532 et
2812 1477 2926 1547 ipse
2967 1479 3072 1533 tuis
3110 1478 3425 1547 providebit.
3455 1478 3564 1535 Nec
3588 1479 3711 1534 mihi

2132 1563 2278 1619 dicas
2307 1585 2320 1620 :
2349 1566 2486 1634 Quid
2514 1582 2640 1621 vero
2660 1609 2674 1633 ,
2702 1568 2747 1622 si
2775 1569 2892 1639 quis
2928 1568 3142 1637 jurandi
3169 1571 3540 1626 necessitatem
3567 1572 3714 1626 nobis

2135 1654 2413 1724 imponat?
2457 1657 2584 1726 quid
2615 1659 2660 1712 si
2708 1673 2812 1712 non
2852 1659 3081 1713 credat“!
3125 1658 3266 1716 Sane
3291 1677 3458 1727 vero,
3503 1661 3591 1716 ubi
3634 1662 3712 1717 lex

2135 1749 2409 1811 violanda,
2443 1750 2777 1804 necessitatis
2823 1751 3133 1806 meminisse
3175 1767 3280 1806 non
3326 1762 3555 1822 oportet.
3606 1753 3715 1808 Una

2134 1848 2218 1890 est
2244 1838 2385 1891 enim
2415 1839 2733 1894 inevitabilis
2760 1840 3074 1907 necessitas,
3103 1842 3266 1896 Deum
3293 1858 3396 1897 non
3424 1843 3710 1899 offendere.

2138 1925 2516 1982 Verumtamen
2553 1928 2768 1984 interim
2811 1929 2939 1984 illud
2969 1940 3194 2000 prmsta,
3236 1931 3510 2002 superflua
3547 1933 3717 1988 recide

2131 2015 2466 2085 juramenta,
2500 2028 2703 2073 temere
2741 2029 2796 2074 et
2837 2021 2954 2075 sine
2997 2022 3350 2089 necessitate,
3393 2021 3561 2089 domi,
3601 2039 3716 2078 cum

2136 2111 2341 2176 amicis,
2367 2126 2488 2165 eum
2515 2111 2694 2166 servis
2724 2112 2925 2180 prolata
2958 2130 2972 2166 :
2997 2115 3041 2166 si
3073 2112 3187 2168 hzec
3211 2114 3512 2178 sustuleris,
3545 2115 3596 2169 in
3619 2115 3719 2170 illis

2137 2203 2240 2256 mei
2283 2202 2414 2256 nihil
2455 2203 2684 2272 amplius
2716 2203 2974 2274 indigebis
3006 2220 3019 2256 :
3051 2206 3222 2273 ipsum
3267 2205 3410 2258 enim
3440 2219 3503 2260 os
3542 2206 3593 2260 in
3624 2206 3718 2260 hoc

2137 2295 2514 2360 exercitatum,
2541 2303 2600 2349 ut
2621 2295 2834 2363 jurandi
2862 2293 3217 2363 frequentiam
3251 2295 3436 2350 timeat
3461 2305 3517 2351 et
3542 2296 3715 2366 fugiat,

2138 2401 2312 2454 neque
2333 2387 2375 2439 si
2403 2387 2521 2454 quis
2544 2386 2736 2440 millies
2755 2386 3012 2456 coegerit,
3036 2385 3089 2440 in
3117 2385 3258 2440 illam
3281 2387 3512 2456 amplius
3535 2387 3719 2442 cadere

2137 2477 2574 2531 Consuetudinem
2615 2477 2878 2532 admittet.
2927 2476 3034 2533 Sed
3065 2487 3123 2532 ut
3151 2493 3294 2533 nunc
3333 2479 3506 2532 multo
3548 2479 3721 2534 labore

2138 2577 2193 2622 et
2219 2567 2422 2621 infinita
2450 2569 2892 2624 interturbatione
2915 2612 2930 2635 ,
2963 2579 3226 2624 terrentes
3248 2611 3262 2631 .
3297 2571 3598 2636 minantes,
3628 2570 3719 2623 ad-

2140 2669 2442 2725 monentes,
2473 2661 2845 2724 consulentes,
2875 2663 2962 2716 vix
2993 2664 3262 2730 potuimus
3286 2661 3338 2716 in
3367 2662 3526 2716 aliam
3558 2662 3721 2731 ipsum

2139 2751 2579 2807 consuetudinem
2631 2761 2991 2808 transniutare
3039 2771 3052 2806 :
3100 2753 3179 2807 sic
3223 2763 3278 2808 et
3320 2762 3446 2808 tunc
3492 2755 3720 2824 quidem,

2141 2845 2263 2898 licet
2292 2843 2550 2898 infinitam
2581 2845 2698 2914 quis
2729 2844 2919 2898 inferat
2949 2845 3323 2899 necessitatem
3345 2885 3360 2908 ,
3393 2845 3534 2900 hanc
3559 2854 3722 2900 trans-

2138 2935 2286 3004 gredi
2314 2935 2482 3005 legem
2509 2951 2615 2989 non
2655 2937 2849 3005 poterit
2874 2935 3202 3006 persuadere
3228 2952 3242 3001 ;
3278 2935 3371 2990 sed
3399 2937 3542 2992 sicut
3569 2952 3723 2991 vene—

2139 3043 2266 3081 num
2293 3027 2576 3097 quodpiam
2609 3043 2895 3097 numquam
2932 3036 3151 3098 gustare
3181 3027 3300 3096 quis
3329 3029 3527 3097 vellet,
3569 3030 3725 3084 etiam

2142 3119 2373 3172 instante
2401 3118 2752 3184 necessitate,
2785 3119 2862 3172 sic
2889 3134 3059 3188 neque
3091 3118 3390 3188 juramenta
3421 3120 3722 3175 admittere.

2141 3210 2254 3265 lloc
2289 3221 2467 3265 autem
2495 3211 2541 3266 si
2586 3213 2693 3272 fiat,
2741 3211 2890 3265 vobis
2915 3211 3153 3265 solamen
3185 3213 3308 3277 erit,
3340 3220 3394 3265 et
3423 3213 3722 3266 hortamen.-

2145 3313 2252 3354 tum
2285 3301 2352 3355 ad
2381 3301 2613 3372 reliquas
2638 3303 2848 3355 virtutis
2878 3313 3055 3373 partes
3079 3303 3430 3372 attingendae.
3463 3304 3564 3372 Qui
3589 3303 3722 3359 enim

2145 3393 2276 3446 nihil
2305 3394 2568 3463 praestitit,
2606 3398 2860 3463 torpescit
2885 3404 2938 3448 et
2982 3394 3090 3448 cito
3129 3393 3361 3448 concidit
3388 3396 3598 3458 animo,
3640 3394 3724 3464 qui

2143 3499 2270 3537 vero
2315 3483 2414 3538 sibi
2458 3485 2702 3538 conscius
2745 3493 2864 3550 est,
2911 3484 3053 3554 quod
3089 3484 3172 3538 vel
3217 3500 3382 3538 unum
3427 3485 3724 3556 expleverit

2144 3574 2470 3634 mandatum.
2498 3591 2565 3629 ex
2596 3575 2697 3630 hoc
2722 3573 2860 3629 bene
2895 3591 3112 3645 sperare
3136 3575 3345 3642 doctus,
3387 3577 3578 3650 majori
3609 3594 3722 3632 cum

2143 3665 2320 3718 studio
2349 3664 2414 3718 ad
2455 3666 2654 3735 reliqua
2683 3666 2935 3736 procedet
2965 3683 2978 3718 :
3006 3677 3192 3738 postea
3224 3667 3366 3722 aliud
3389 3669 3636 3738 capiens,
3661 3667 3724 3721 ad

2144 3757 2286 3811 aliud
2323 3758 2570 3811 celeriter
2599 3759 2809 3820 veniet,
2843 3773 2942 3813 nec
2985 3759 3132 3828 prius
3174 3759 3436 3828 desistet,
3483 3777 3637 3832 quam
3662 3759 3722 3813 ad

2145 3849 2316 3918 ipsum
2347 3849 2558 3903 culmen
2588 3850 2885 3918 perveniat.
2919 3851 2971 3903 Si
3003 3851 3145 3905 enim
3179 3851 3230 3904 in
3263 3852 3507 3921 pecuniis
3535 3863 3725 3922 quanto

2144 3941 2261 4009 quis
2287 3942 2465 4010 plures
2490 3942 2914 4009 comparaverit,
2946 3951 3092 3995 tanto
3134 3943 3313 4012 plures
3339 3943 3491 4012 cupit
3523 3963 3534 3998 :
3567 3944 3724 3998 multo

2147 4032 2312 4098 magis
2349 4030 2398 4084 in
2428 4030 2618 4084 officiis
2660 4032 3021 4100 spiritualibus
3051 4032 3153 4086 hoc
3191 4032 3503 4103 contingere
3529 4035 3722 4089 videas.

2145 4123 2430 4191 Propterea
2466 4123 2656 4176 festino
2687 4135 2741 4178 et
2771 4140 2955 4193 urgeo,
2991 4135 3045 4177 ut
3076 4141 3162 4178 res
3191 4126 3507 4194 principium
3535 4127 3721 4195 capiat,

2146 4225 2200 4266 et
2241 4215 2291 4266 in
2333 4214 2523 4266 animis
2555 4217 2745 4268 vestris
2790 4215 3000 4268 virtutis
3043 4215 3440 4270 fundamentum
3482 4217 3722 4286 jaciatur,

2147 4314 2201 4358 et
2245 4319 2526 4372 precamur
2571 4315 2625 4358 et
2662 4306 3058 4373 supplicamus,
3109 4317 3168 4360 ut
3208 4321 3317 4360 non
3357 4316 3560 4361 tantum
3604 4307 3724 4361 hora

2150 4397 2396 4463 praesenti
2441 4397 2627 4449 horum
2659 4396 2774 4449 sitis
2803 4397 3087 4450 verborum
3130 4411 3395 4451 memores
3415 4437 3432 4459 .
3466 4414 3645 4453 verum
3675 4407 3726 4450 et

2147 4483 2326 4552 domi,
2358 4496 2412 4539 et
2439 4486 2489 4538 in
2533 4485 2678 4550 foro,
2708 4496 2761 4538 et
2793 4485 3117 4556 ubicumque
3156 4487 3584 4542 commoremini.
3618 4485 3726 4541 Uti—

2147 4595 2267 4632 nam
2297 4579 2424 4632 mihi
2451 4578 2562 4630 dari
2596 4589 2794 4646 posset,
2820 4586 2878 4631 ut
2900 4578 3171 4632 vobiscum
3198 4593 3550 4632 conversarer
3578 4581 3591 4633 !
3624 4593 3721 4632 non

2150 4671 2250 4723 hoc
2279 4670 2434 4739 longo
2459 4669 2589 4721 mihi
2614 4684 2862 4722 sermone
2889 4665 3079 4723 fuisset
3097 4683 3233 4738 opus
3255 4685 3271 4723 :
3297 4685 3437 4724 nunc
3458 4687 3588 4726 vero
3608 4686 3721 4725 cum

2151 4763 2250 4816 hoc
2278 4778 2380 4815 non
2425 4761 2620 4826 liceat,
2648 4775 2742 4814 vos
2774 4777 2858 4814 me
2899 4762 3121 4816 absente
3151 4762 3434 4817 verborum
3463 4778 3725 4818 memores

2148 4864 2317 4908 estote
2343 4869 2605 4918 meorum,
2647 4862 2702 4908 et
2740 4853 2805 4906 ad
2835 4868 3072 4907 mensam
3113 4854 3362 4911 sedentes
3400 4857 3603 4927 ingredi
3644 4871 3724 4910 me

2150 4957 2347 5016 putate,
2371 4955 2426 5000 et
2451 4945 2683 5009 adstare,
2711 4954 2767 4999 et
2789 4945 2968 4998 omnia
2993 4961 3113 5015 quae
3141 4961 3280 5000 nunc
3303 4947 3454 5001 vobis
3477 4947 3562 5001 hic
3586 4947 3722 5009 dico,

2149 5039 2395 5092 insonare
2423 5054 2436 5089 :
2477 5047 2532 5090 et
2561 5036 2878 5106 ubicumque
2907 5037 3058 5091 vobis
3101 5036 3166 5090 de
3195 5053 3282 5092 me
3312 5039 3589 5094 habebitur
3613 5056 3720 5091 ser-

2150 5149 2258 5194 mo,
2294 5147 2401 5200 prze
2426 5130 2674 5184 omnibus
2699 5127 2854 5199 hujus
2879 5137 3205 5184 mementote
3229 5130 3485 5187 mandati.
3515 5139 3568 5185 et
3593 5129 3725 5182 hanc

2150 5226 2279 5280 mihi
2326 5225 2522 5278 amoris
2566 5224 2618 5276 in
2661 5236 2755 5276 vos
2804 5223 2907 5276 mei
2953 5221 3353 5276 retributionem
3407 5221 3650 5277 reddite:
3681 5221 3722 5272 si

2150 5317 2252 5372 hoc
2278 5333 2371 5370 vos
2399 5316 2646 5383 implesse
2674 5315 2876 5378 videro,
2920 5324 3088 5368 totum
3115 5315 3315 5382 recepi,
3344 5314 3556 5384 dignam
3585 5313 3725 5366 labe.

2151 5425 2267 5464 rum
2295 5409 2414 5477 cepi
2444 5407 2766 5461 mercedem.
2798 5405 2869 5461 Ut
2907 5407 3064 5475 igitur
3091 5417 3142 5458 et
3168 5421 3265 5458 nos
3290 5406 3522 5461 reddatis
3552 5421 3723 5474 prom-

2151 5501 2370 5570 ptiores,
2410 5508 2464 5552 et
2485 5512 2580 5551 vos
2621 5499 2772 5550 bona:
2797 5498 2910 5566 spei
2946 5495 3271 5559 efficiamini,
3299 5507 3352 5550 et
3380 5498 3631 5564 majorem
3657 5492 3721 5545 ad

2153 5595 2352 5662 reliqua
2375 5589 2620 5644 mandata
2645 5590 2948 5642 facilitatem
2975 5589 3190 5657 paretis,
3216 5588 3382 5641 inulto
3404 5587 3537 5641 hanc
3561 5587 3720 5654 legem

2151 5687 2328 5741 studio
2356 5684 2405 5737 in
2434 5683 2623 5736 animis
2650 5682 2839 5734 vestris
2865 5694 3135 5748 reponite,
3177 5687 3230 5734 et
3257 5689 3382 5733 tunc
3407 5674 3720 5733 admonitio-

2155 5779 2237 5834 nis
2267 5777 2541 5833 utilitatem
2575 5775 2770 5827 sz-ictis.
2817 5773 3076 5838 Quoniam
3108 5781 3160 5827 et
3188 5786 3409 5826 aureum
3443 5768 3718 5831 vestimen-
