3998 6434
144 372 206 425 19
1136 359 1226 415 AD
1264 358 1443 416 POPU
1453 356 1605 414 [ΜΠ
1639 353 1819 410 ΑΝΤΙΊ

1994 350 2146 410 ΝΟΜ
2188 350 2431 409 ΠΟΜΙΙ..
2477 350 2541 408 V.
3544 361 3643 411 80.

140 466 234 534 τῆς
274 459 616 524 ὑποθέσεως,
658 456 773 513 ἀλλ’
811 454 935 511 οὺδέ
985 454 1227 527 σήμερον
1259 453 1660 524 ἀποστήσομαι,
1699 449 1822 505 οὑδέ

142 549 237 621 τὴν
272 549 560 610 ἐπιοῦσαν,
585 545 705 600 οὐδὲ
743 543 841 615 τὴν
873 543 989 614 μετ’
1020 541 1237 611 ἐκείνην
1270 538 1339 593 τά
1370 538 1511 595 αὐτὰ
1530 550 1557 580 ι
1586 536 1824 607 συμϐου-

361 639 476 692 Kal
510 636 565 689 τί
602 635 744 705 λέγω
772 633 871 706 τήν
900 630 1112 704 αὔριον,
1146 630 1242 684 καὶ
1285 627 1384 700 τὴν
1422 627 1540 699 μετ’
1569 626 1821 695 ἐκείνην;

143 728 287 793 Ἕως
303 730 369 783 ἀν
391 728 538 799 ὑμᾶς
565 726 660 780 ίδω
683 719 1080 795 κατορθοῦντας
1096 722 1172 781 ι’,
1194 718 1296 771 οὐκ
1312 712 1610 786 ἀφέξομαι.
1629 713 1693 767 Et
1713 711 1824 783 7&9

142 820 189 872 οί
236 817 670 890 παραϐαίνοντες
715 812 808 867 τὸν
860 810 1022 882 νόμον
1071 809 1174 863 οὐκ
1225 807 1596 877 αἰσχύνονται,
1643 799 1827 872 πολλῷ

147 907 345 978 μᾶλλον
367 906 516 978 ἡμᾶς
539 905 666 968 τοὺς
692 899 1013 963 κελεύοντας
1049 897 1125 969 μὴ
1153 895 1534 968 παραϐαίνειν,
1561 892 1661 947 οὐκ
1677 890 1827 957 ἄξιον

143 994 493 1067 αἰσχύνεσθαι
518 994 585 1063 τῇ
617 989 866 1062 συνεχείᾳ
891 987 995 1059 τῆς
1033 985 1429 1057 παραινέσεως.
1462 982 1537 1036 Τὸ
1562 981 1672 1051 γὰρ
1699 995 1826 1032 συν-

146 1084 282 1154 εχῶς
323 1082 450 1152 περὶ
487 1079 598 1134 τῶν
641 1077 821 1132 αὐτῶν
876 1075 1341 1147 ὑπομιμνήσκειν,
1393 1071 1456 1125 00
1499 1069 1596 1124 τοῦ
1646 1068 1829 1137 λέγον-

145 1187 254 1235 τος,
281 1170 421 1223 ἀλλά
453 1168 562 1223 τῶν
591 1167 896 1222 ἀκουόντων
934 1163 1083 1217 ἐστὶν
1120 1161 1290 1232 ἐγκλη
1299 1178 1375 1232 μα
1399 1157 1681 1229 διηνεκοῦς
1708 1158 1827 1211 δεο-

148 1259 326 1331 μένων
344 1255 692 1320 διδασκαλίας
727 1254 869 1326 ὑπὲρ
896 1251 1069 1323 ψιλῶν
1097 1250 1191 1305 καὶ
1224 1245 1648 1319 εὐκατορθώτων
1686 1262 1828 1316 πραρ

146 1348 391 1418 γμάτων.
417 1344 482 1398 Τί
509 1343 619 1415 7&9
637 1332 1000 1413 εὐκολώτερον
1024 1336 1116 1393 τοῦ
1141 1337 1216 1409 μὴ
1236 1334 1499 1407 όμνύναι;
1529 1331 1829 1404 Συνηθείας

144 1434 262 1487 ἐστὶ
289 1433 353 1485 τὸ
379 1429 709 1502 κατόρθωμα
743 1428 923 1500 μόνον,
953 1426 1055 1479 οὐκ
1089 1424 1203 1478 ἐστι
1233 1423 1394 1485 πόνος
1429 1418 1702 1491 σώματος,
1726 1418 1828 1472 οὐκ

145 1523 260 1575 ἐστι
313 1520 528 1590 δαπάνη
578 1516 898 1589 χρημάτων.
944 1512 1134 1567 Βούλει
1190 1510 1381 1582 μαθεῖν
1428 1508 1548 1572 πῶς
1602 1507 1828 1562 δυνατὸν

146 1607 533 1682 περιγενέσθαι
573 1606 666 1660 τοῦ
710 1605 1049 1676 νοσήματος;
1088 1600 1208 1665 πῶς
1247 1598 1472 1654 δυνατὸν
1508 1594 1829 1665 ἀπαλλαγῆ-

145 1716 233 1753 ναι
274 1699 377 1768 τῆς
432 1695 672 1768 πονηρᾶς
719 1690 1037 1763 συνηθείας;
1085 1687 1227 1758 Ἐγώ
1267 1705 1329 1743 σε
1382 1684 1581 1752 διδάξω
1627 1684 1828 1757 τρόπον

143 1786 285 1849 τινὰ,
340 1785 406 1838 δν
433 1784 501 1838 ἂν
549 1782 803 1855 ποιήσῃς,
853 1779 1089 1853 περιέσῃ
1136 1778 1374 1840 πάντως.
1412 1777 1580 1830 Ὅταν
1624 1773 1741 1844 ῖδῃς
1791 1769 1826 1842 ἦ

146 1871 343 1928 σαυτὸν
372 1873 408 1945 ἢ
450 1869 639 1941 ἓτερόν
685 1886 805 1923 τινα
852 1867 887 1939 ἦ
926 1867 1036 1920 τῶν
1073 1862 1300 1919 οἰκετῶν
1346 1862 1380 1935 ἢ
1413 1861 1524 1916 τῶν
1556 1859 1763 1914 παίδων
1790 1856 1826 1929 ἢ

144 1964 239 2035 τὴν
264 1965 505 2033 γυναῖκα
533 1959 758 2023 ἁλόντας
777 1958 856 2031 τῷ
887 1955 1044 2028 κακῷ
1067 1954 1265 2026 τούτῳ,
1289 1954 1385 2009 καὶ
1418 1950 1664 2023 συνεχῶς
1696 1948 1828 2002 ὐπο-

146 2051 487 2124 μνησθέντας
507 2054 603 2104 καὶ
614 2049 677 2104 00
695 2046 1107 2120 διορθωθέντας,
1135 2042 1390 2099 κέλευσον
1411 2040 1488 2113 μὴ
1507 2039 1822 2110 δειπνήσαν-

143 2161 241 2208 τας
281 2140 614 2213 καθευδῆσαι
634 2180 651 2202 .
701 2138 799 2193 καὶ
837 2134 1043 2207 ταύτην
1075 2134 1167 2189 καὶ
1197 2129 1380 2204 σαυτῷ
1423 2128 1699 2193 κάκείνοις
1728 2125 1828 2198 τὴν

144 2230 447 2300 καταδίκην
490 2226 698 2292 ἐπίθες,
740 2224 1041 2295 καταδίκην
1066 2221 1188 2293 οὐχὶ
1215 2219 1442 2292 ζημίαν,
1477 2216 1614 2273 ἀλλά
1637 2214 1828 2286 κέρδος

145 2322 443 2392 φέρουσαν.
477 2314 715 2370 Τοιαῦτα
754 2311 862 2385 7&9
889 2310 958 2365 τά
988 2307 1352 2381 πνευματικάο
1391 2306 1486 2361 καὶ
1508 2303 1700 2392 κέρδος
1727 2301 1824 2374 φέ-

144 2391 251 2481 ρει,
277 2408 376 2462 καὶ
402 2404 666 2475 ταχίστην
688 2400 784 2473 τὴν
807 2399 1114 2470 διόρθωσιν.
1159 2396 1225 2449 Ἡ
1253 2395 1363 2467 γάρ
1396 2393 1620 2464 γλῶσσα
1661 2391 1829 2463 βασα-

142 2496 402 2569 νιζομένη
446 2489 730 2564 διηνεκῶς,
770 2489 866 2544 καὶ
901 2487 1131 2560 μηδενὸς
1171 2485 1684 2556 ὑπομιμνήσκοντος
1718 2482 1828 2569 ίκα-

140 2588 242 2659 νῆν
260 2568 530 2655 λαμϐάνει
545 2579 915 2650 παράκλησιν,
936 2576 1041 2630 ὑπὸ
1058 2576 1152 2629 τοῦ
1173 2574 1361 2645 δίψους
1375 2568 1823 2659 κατατεινομένη,

140 2656 250 2729 ὑπὸ
273 2673 377 2744 τῆς
404 2670 596 2742 πείνης
627 2667 926 2739 ἀγχομένη·
965 2664 1069 2720 κᾶν
1102 2664 1357 2718 ἁπάντων
1381 2656 1530 2731 ὦμεν
1562 2656 1826 2728 ἀναισθη-

138 2763 375 2832 τότεροι,
424 2760 512 2813 διά
563 2758 743 2827 πάσης
789 2753 1003 2826 ἡμέρας
1046 2751 1126 2822 τῷ
1162 2749 1386 2823 μεγέθει
1437 2749 1538 2818 τῆς
1587 2746 1824 2818 βασάνου

136 2849 346 2919 ταύτης
398 2843 973 2918 ὑπομιμνησκόμενοι,
1025 2840 1086 2893 00
1148 2837 1453 2909 δεησόμεθα
1513 2833 1826 2907 συμϐουλῆς

135 2938 337 3010 ἑτέρας
368 2937 463 2990 καὶ
489 2933 882 3006 παραινέσεως.
920 2928 1252 3002 Ἐπῃνέσατε
1274 2927 1333 2979 τὸ
1366 2923 1679 2996 εἰρημένον,
1709 2920 1824 3010 ἀλλξ

134 3007 292 3099 ὅμως
323 3025 421 3079 καὶ
452 3024 546 3077 ἐπὶ
571 3022 680 3075 τῶν
713 3020 884 3090 ἐργων
927 3017 1136 3082 δείξατε
1174 3015 1266 3068 τὸν
1295 3014 1536 3068 ἔπαινον.
1586 3009 1741 3064 Ἑπεὶ
1772 3007 1826 3062 τί

132 3112 203 3169 τὸ
231 3113 426 3185 κέρδος
462 3111 563 3181 τῆς
592 3107 824 3162 ἐνταῦθα
853 3104 1117 3174 συλλογῆς
1138 3120 1152 3169 ;
1176 3104 1237 3156 Εἰ
1274 3102 1395 3157 καθ’
1426 3101 1664 3185 ἑκάστην
1691 3100 1826 3170 ήμέ-

135 3219 243 3273 ραν
282 3184 347 3254 τὸ
399 3197 612 3252 παιδίον
659 3196 739 3258 είς
786 3193 1155 3247 διδασκαλεῖον
1211 3190 1437 3259 βαδίζοι,
1490 3184 1610 3241 εἶτα
1661 3186 1825 3258 μηδὲν

135 3288 408 3360 μανθάνοι
454 3285 636 3349 πλέον,
695 3280 803 3354 ἆρα
858 3282 1081 3353 ἀρκέσει
1123 3281 1202 3342 εἰς
1252 3276 1549 3345 ἀπολογίαν
1593 3277 1726 3346 ἡμῖν
1765 3274 1825 3327 τὸ

135 3379 258 3433 καθ’
290 3378 536 3447 ἑκάστην
576 3373 793 3445 ἡμέραν
827 3373 943 3424 ἐκεῖ
974 3368 1209 3441 βαδίζειν
1240 3368 1410 3431 αὐτό;
1439 3367 1541 3419 οὐκ
1567 3363 1699 3418 αὐτὸ
1726 3363 1826 3435 μὲν

135 3466 230 3522 οὖν
256 3466 423 3520 τοῦτο
461 3465 717 3536 μέγιστον
756 3458 1099 3531 ποιησόμεθα
1134 3456 1409 3529 ἔγκλημα,
1442 3453 1557 3527 [71]
1578 3454 1661 3507 ὅτι
1700 3453 1847 3507 καθ”

138 3557 383 3627 ἑκάστην
399 3552 615 3625 ἡμέραν
644 3552 762 3603 ἐκεῖ
782 3547 1024 3621 βαδίζον,
1047 3546 1227 3618 μάτην
1253 3543 1414 3599 τοῦτο
1445 3546 1620 3609 ποιεῖς
1654 3543 1826 3596 Τοῦτο

136 3646 199 3718 δὴ
227 3645 327 3700 καὶ
355 3644 445 3715 ἐφ’
476 3641 635 3715 ήμῶν
677 3639 856 3694 αὐτῶν
890 3634 1257 3707 λογιζώμεθα,
1289 3634 1384 3689 καὶ
1426 3633 1564 3705 πρὸς
1597 3633 1826 3697 ἑαυτοὺς

135 3733 418 3804 λέγωμενο
455 3729 661 3801 Χρόνον
703 3726 955 3780 τοσοῦτον
999 3726 1078 3788 είς
1114 3723 1410 3795 ἐκκλησίαν
1453 3720 1824 3785 ἀπαντῶντες,

139 3812 419 3885 συνάξεωξ
451 3814 813 3878 ἀπολαύοντες
844 3811 1288 3885 φρικωδεστάτης
1317 3809 1414 3862 καὶ
1442 3807 1575 3862 πολὺ
1611 3807 1673 3861 τὸ
1704 3807 1827 3879 κέρα

135 3909 224 3973 δος
261 3907 523 3978 ἐχούσης,
562 3904 630 3958 ἀν
671 3900 904 3956 τοιοῦτοι
943 3899 1106 3954 πάλιν
1153 3897 1502 3969 ἀπέλθωμεν,
1537 3893 1640 3950 οἶοι
1684 3912 1829 3967 παρ-

136 3992 464 4067 εγενόμεθα,
501 3990 666 4063 μηδὲν
683 3989 791 4043 τῶν
813 3988 1097 4061 ἡμετέρων
1122 3985 1570 4058 κατορθώσαντες
1593 3983 1828 4037 ἐλαττω-

143 4084 354 4153 μάτων,
383 4079 439 4133 τί
466 4078 529 4132 τδ
561 4076 752 4146 ὄφελος
790 4076 943 4130 ἔσται
982 4077 1113 4147 ἡμῖν
1148 4075 1249 4147 τῆς
1281 4072 1519 4128 ἐνταῦθα
1556 4071 1825 4143 ἀφίξεως;

140 4174 250 4225 Καὶ
276 4170 391 4241 7&9
424 4168 492 4222 τά
526 4167 698 4221 πολλὰ
725 4166 835 4220 τῶν
862 4166 1207 4237 πραγμάτων
1237 4165 1298 4218 00
1328 4163 1396 4218 δι’
1427 4162 1568 4217 αύτά
1594 4162 1827 4232 γίνεται,

138 4260 275 4314 ἀλλὰ
304 4258 399 4313 διὰ
436 4257 506 4310 τά
540 4254 904 4327 συμϐαίνοντα
957 4254 1017 4322 ἐξ
1065 4252 1267 4308 αὐτῶν.
1314 4246 1441 4306 Οἷόν
1484 4269 1538 4304 τι
1567 4250 1731 4319 λέγωο
1771 4250 1830 4305 '0

141 4347 388 4418 σπείρων
418 4347 480 4400 00
518 4346 610 4399 διά
649 4343 808 4399 τοῦτο
843 4343 1079 4415 σπείρει,
1121 4342 1208 4395 ἵνα
1250 4341 1451 4413 σπείρῃ
1496 4340 1677 4410 μόνον,
1710 4338 1828 4392 ἀλλ’

139 4436 226 4490 ῖνα
252 4438 351 4489 καὶ
382 4433 595 4505 θερίζῃ,
644 4432 723 4496 ὼς
762 4433 812 4484 εἰ
855 4432 930 4502 μὴ
977 4430 1137 4485 τοῦτο
1166 4430 1398 4499 γένοιτο,
1431 4429 1528 4491 καὶ
1562 4427 1768 4497 ζημίαν
1800 4428 1831 4480 ό

141 4526 347 4597 σπόρος
390 4524 548 4584 οἴσει,
587 4521 697 4575 τῶν
737 4522 1067 4593 σπερμάτων
1095 4520 1524 4576 κατασαπέντων
1570 4518 1695 4589 εἰκῆ
1737 4520 1830 4573 καὶ

142 4613 347 4684 μάτην.
408 4612 467 4665 '0
507 4610 749 4681 ἔμπορος
786 4611 846 4663 00
880 4608 969 4663 διὰ
1004 4608 1163 4664 τοῦτο
1203 4612 1349 4673 πλεῖ,
1405 4610 1490 4662 ἵνα
1524 4608 1629 4679 πλῇ
1670 4608 1699 4648 ιι
1730 4608 1832 4679 μό-

140 4718 253 4764 νον.
299 4700 432 4755 ἀλλ’·
468 4700 558 4753 ἵνα
607 4697 698 4752 διά
736 4699 836 4770 τῆς
879 4697 1192 4769 ἀποδημίας
1240 4695 1413 4750 πλείω
1461 4696 1668 4769 ποιήσῃ
1730 4696 1829 4766 τὴν

138 4791 352 4854 οὐσίαν,
402 4788 480 4851 ὡς
527 4788 576 4842 εί
622 4788 700 4859 μὴ
738 4785 896 4841 τοῦτο
928 4785 1309 4858 προσγένοιτο,
1332 4784 1428 4837 καὶ
1471 4781 1646 4856 ζημία
1685 4801 1830 4854 συμ-

138 4880 371 4949 ϐήσεται
401 4878 629 4949 ἐσχάτη,
665 4877 761 4931 καὶ
802 4874 1101 4946 ἐπιϐλαϐὴς
1131 4876 1166 4944 ἡ
1198 4874 1307 4927 τῶν
1333 4872 1593 4946 ἐμπόρων
1623 4872 1831 4941 ἀποδη-

141 4969 261 5036 μία.
293 4963 470 5020 Τοῦτο
493 4966 557 5035 δὴ
581 4966 676 5019 καὶ
701 4965 788 5036 ἐφ’
819 4964 976 5036 ἡμῶν
1004 4963 1188 5018 αὐτῶν
1204 4961 1569 5033 λογιζώμεθαθ
1603 4960 1828 5033 καὶγὰρ

138 5057 305 5125 ἡμεῖς
329 5054 412 5117 είς
437 5053 736 5124 ἐκκλησίαν
763 5052 1120 5122 ἀπαντῶμεν,
1143 5052 1203 5105 00
1227 5051 1296 5105 δι’
1318 5051 1452 5105 αὐτὸ
1473 5050 1634 5104 τοῦτο
1666 5051 1827 5120 μόνον

139 5145 226 5198 ἶνα
250 5141 495 5196 ἐνταῦθα
518 5140 907 5213 διατρίϐωμεν,
939 5140 1055 5195 ἀλλ’
1080 5141 1169 5194 ἵνα
1197 5157 1252 5193 τι
1278 5139 1642 5211 κερδάναντες
1683 5138 1825 5209 μέγα

140 5231 235 5285 καί¹
266 5229 637 5299 πνευματικὸν
676 5229 869 5300 κέρδος
913 5222 1261 5298 ἀπέλθωμεν.
1299 5227 1396 5279 Ἂν
1442 5226 1622 5279 τοίνυν
1678 5225 1825 5278 κενοὶ

141 5319 237 5372 καὶ
263 5317 436 5389 μηδὲν
462 5316 721 5379 λαϐόντες
759 5316 1035 5385 ἀπίωμεν,
1070 5316 1165 5368 καὶ
1197 5314 1525 5385 κατάκρισις
1557 5314 1591 5384 ἡ
1619 5312 1824 5383 σπουδὴ

140 5407 373 5473 γίνεται.
400 5405 588 5468 Ὅπως
606 5402 673 5457 ἂν
694 5402 852 5457 τοῦτο
883 5404 958 5476 μὴ
980 5403 1208 5473 γένηται
1238 5402 1332 5456 καὶ
1356 5402 1527 5472 ζημία
1553 5400 1824 5471 ἐσχάτηε,

139 5494 403 5556 ἀπιόντες
450 5492 722 5559 ἐντεῦθεν,
777 5492 896 5563 μετ’
941 5491 1187 5563 ἀλλήλων
1241 5491 1291 5544 οί
1331 5489 1496 5560 φίλοι,
1546 5489 1685 5559 μετά
1714 5488 1824 5541 τῶν

138 5584 351 5636 τέκνων
376 5583 427 5635 οί
463 5582 722 5655 πατέρες,
769 5582 909 5653 μετὰ
932 5581 1042 5636 τῶν
1069 5580 1301 5635 οἰκετῶν
1339 5582 1388 5633 οί
1416 5580 1694 5644 δεσπόται,
1730 5598 1826 5651 με·

138 5670 334 5723 ὴτίτε
366 5670 464 5724 καὶ
483 5670 829 5741 γυμνάζεσθε
863 5670 1011 5734 ὅπως
1031 5669 1093 5722 τὸ
1116 5666 1408 5737 ἐπιταχθὲν
1437 5667 1693 5738 ἀνύσητε,
1738 5668 1825 5719 ἵνα

198 5831 217 5883 ξ
250 5821 331 5865 Ch
353 5820 504 5871 Savﬂ.
534 5824 721 5872 reclius
741 5835 887 5883 quam
914 5818 1083 5870 Montf.
1106 5818 1275 5869 ταῦτα.
1307 5816 1446 5869 I-Inrr.

200 5881 259 5951 ξ’
277 5884 375 5936 Alii
396 5881 809 5951 κατορθώσαντας.

198 5948 232 5980 τι
271 5951 422 5992 mm.
449 5953 501 5992 et
523 5945 621 5993 ἰιιιυ
646 5958 760 5992 mss.
781 5945 922 6006 πλέῃ.

199 6010 223 6031 θ
254 6007 406 6053 Sam.
426 6006 506 6053 καὶ
538 6006 681 6066 ζημία
703 6007 862 6068 συμϐῇ
884 5998 1092 6068 ἶσχάτη.
1124 6001 1298 6068 Morel.
1328 6001 1407 6050 καὶ
1439 5998 1583 6064 ζημία
1618 6000 1819 6065 ἐσχάτη,

136 6081 270 6117 unus
291 6074 444 6114 codex
469 6069 547 6112 καὶ
575 6068 717 6125 ζημία
734 6065 912 6135 vivo-01’
938 6065 993 6118 ἄν
1020 6065 1219 6129 ἐσχάτη.

1927 445 2117 517 ἐπειδὴ
2141 445 2474 518 ἐπανέλθητε
2504 445 2688 508 πάλιν,
2723 446 2817 500 καὶ
2849 446 2977 518 περὶ
3004 443 3113 500 τῶν
3136 445 3316 503 αὐτῶν
3340 449 3614 522 ἀκούσητε

1933 527 2408 599 συμϐουλευόντων
2439 526 2616 599 ήμῶν,
2661 527 2737 599 μὴ
2776 527 3217 601 καταισχύνησὼ
3254 530 3349 584 τοῦ
3383 532 3613 586 συνειδὸς

1928 628 2022 675 τος
2050 610 2204 683 ὑμῶν
2244 610 2780 683 ἐπιλαμϐανομένου,
2822 610 2960 665 ἀλλά
2989 612 3221 684 χαίρητε
3252 614 3347 668 καὶ
3385 614 3615 686 εὐφραί-

1929 692 2094 765 νησθε
2128 693 2464 766 συνορῶντες
2495 692 2557 747 τὸ
2583 692 2745 748 πλέον
2766 696 2867 765 τῆς
2900 695 3278 766 παραινέσεως
3319 697 3448 769 ὑμῖν
3476 714 3621 752 κατα

1925 773 2187 846 ορθωθέν.
2242 773 2429 828 Ταῦτα
2478 775 2555 846 μὴ
2601 774 2761 846 μόνον
2810 775 3043 829 ἐνταῦθα
3088 776 3505 851 φιλοσοφῶμεν·
3552 781 3612 832 00

1926 857 2037 930 7&9
2066 858 2229 929 ἀρκεῖ
2265 858 2327 911 τὸ
2369 859 2478 912 πᾶν
2524 860 2559 929 ἡ
2602 858 2937 930 πρόσκαιρος
2977 857 3117 933 αὔτη
3162 862 3487 932 παραίνεσις
3522 862 3610 929 ἐξά

1926 938 2089 1001 ελεῖν,
2104 940 2242 995 ἀλλά
2260 941 2357 995 καὶ
2380 940 2474 994 ἐπὶ
2497 941 2597 1011 τῆς
2619 941 2799 1005 οἰκίας
2826 941 2966 1013 ἀνὴρ
2989 942 3140 1013 παρά
3162 945 3421 1013 γυναικὸς
3440 945 3615 1001 ταῦτα

1926 1023 2191 1089 ἀκουέτω,
2225 1025 2320 1079 καὶ
2340 1025 2481 1097 γυνὴ
2510 1025 2640 1096 παρ’
2670 1025 2885 1096 ἀνδρὸς,
2918 1025 3013 1078 καὶ
3044 1025 3247 1096 ἀμιλλά
3268 1044 3355 1091 τις
3380 1027 3614 1097 γινέσθω

1929 1108 2338 1174 σπουδαζόντων
2382 1109 2637 1163 ἁπάντων
2686 1108 2980 1181 προλαϐεῖν
3028 1111 3109 1174 είς
3157 1109 3257 1181 τὴν
3307 1111 3402 1165 τοῦ
3446 1112 3613 1184 νόμου

1925 1190 2116 1245 τούτου
2157 1192 2572 1265 συμπλήρωσιν,
2633 1192 2729 1246 καὶ
2777 1193 2808 1245 ό
2852 1191 3142 1266 προλαϐὼν
3194 1195 3290 1248 καὶ
3344 1195 3616 1268 κατορθώο

1928 1293 2028 1340 σας
2071 1275 2376 1341 όνειδιζέτω
2428 1274 2509 1345 τῷ
2558 1275 2889 1348 λειπομένῳ,
2935 1275 3024 1330 ἵνα
3076 1276 3241 1331 αὐτὸν
3282 1280 3395 1343 τοῖς
3430 1278 3615 1350 σκὼμρ

1930 1377 2064 1430 μασι
2119 1358 2365 1434 διεγείρῃ
2413 1358 2598 1413 πλέον’
2638 1361 2668 1413 ὁ
2716 1360 3021 1431 ὑστερήσας
3063 1359 3159 1413 καὶ
3199 1359 3432 1431 μηδέπω
3485 1379 3613 1416 κατο

1925 1442 2203 1515 ωρθωκὼς
2240 1442 2489 1515 βλεπέτω
2526 1443 2619 1498 τὸν
2670 1442 3036 1515 προλαϐόντα,
3090 1444 3188 1498 καὶ
3239 1444 3621 1516 φιλονεικείτω

1928 1526 2135 1597 φθάσαι
2168 1530 2307 1601 πρὸς
2337 1530 2545 1583 ἐκεῖνον
2577 1527 2803 1599 ταχέως.
2848 1526 2974 1581 Ἐὰν
3004 1526 3180 1582 ταῦτα
3207 1527 3617 1601 βουλευώμεθα,

1927 1617 2023 1671 ἐὰν
2064 1617 2240 1672 ταῦτα
2285 1616 2664 1690 μεριμνῶμεν,
2705 1615 2920 1687 ταχέως
2953 1616 3020 1670 ἂν
3061 1618 3198 1687 ἡμῖν
3241 1617 3337 1671 καὶ
3379 1619 3450 1671 τά
3482 1618 3617 1672 ἄλλα

1928 1698 2438 1772 κατευοδωθήσεται
2490 1697 2819 1769 πράγματα.
2876 1697 2949 1751 Σὺ
3006 1698 3345 1770 μερίμνησον
3395 1698 3464 1751 τὰ
3520 1699 3615 1753 τοῦ

1928 1776 2087 1843 Θεοῦ,
2118 1780 2213 1833 καὶ
2240 1778 2401 1842 αὐτὸς
2427 1778 2791 1850 προνοήσεται
2818 1775 2929 1829 τῶν
2954 1775 3083 1830 σῶν.
3109 1776 3221 1831 Καὶ
3243 1778 3319 1850 μή
3348 1795 3439 1849 μοι
3467 1776 3616 1847 λέγεο

1930 1855 1996 1907 Τί
2018 1856 2095 1916 δὲ.
2125 1857 2222 1911 ἐὰν
2251 1858 2498 1928 ἀνάγκην
2524 1857 2704 1927 ὅρκων
2732 1872 2817 1919 τις
2850 1856 2983 1926 ἡμῖν
3006 1854 3206 1928 ἐπιθῇ;
3231 1857 3286 1911 τί
3309 1858 3389 1921 δὲ,
3418 1857 3515 1911 ἐάν
3544 1859 3637 1931 μὴ,

1928 1937 2195 2012 πιστεύῃ;
2239 1936 2492 1992 Μάλιστα
2521 1935 2621 2009 μὲν
2649 1934 2783 2006 γὰρ,
2820 1935 2956 1988 ὅπου
2992 1934 3391 2006 παραϐαίνεται
3429 1938 3617 2008 νόμος.

1928 2017 2177 2088 ἀνάγκης
2194 2017 2506 2089 μεμνῆσθαι
2529 2017 2591 2069 00
2615 2017 2743 2087 χρή.
2762 2014 2879 2070 Μία
2899 2015 3010 2085 γάρ
3034 2017 3184 2068 ἐστιν
3201 2016 3415 2088 ἀνάγκη
3440 2018 3618 2089 άπαρ·

1928 2097 2179 2167 αίτητος,
2230 2098 2293 2150 τὸ
2327 2097 2403 2169 μὴ
2450 2094 2824 2168 προσκροῦσαι
2875 2094 3012 2166 Θεῷ.
3065 2094 3213 2167 Πλὴν
3255 2094 3395 2150 ἀλλά
3439 2097 3618 2151 ἐκεῖνο

1927 2175 2092 2246 λέγω,
2145 2174 2286 2239 τέως
2338 2176 2466 2238 τοὺς
2520 2173 2810 2245 περιττοὺς
2856 2173 3157 2244 περίκοψον
3210 2174 3430 2247 ὅρκους,
3481 2177 3615 2241 τοὺς

1926 2254 2115 2318 ἁπλῶς
2159 2256 2253 2310 καὶ
2291 2253 2464 2326 χωρὶς
2510 2254 2779 2323 ἀνάγκης,
2810 2253 2939 2315 τοὺς
2981 2253 3075 2306 ἐπὶ
3101 2256 3202 2324 τῆς
3246 2254 3449 2319 οίκίας,
3488 2256 3620 2320 τοὺς

1928 2337 2022 2389 ἐπὶ
2051 2334 2159 2388 τῶν
2190 2334 2383 2403 φίλων,
2419 2332 2546 2397 τοὺς
2582 2333 2676 2387 ἐπὶ
2712 2330 2823 2384 τῶν
2862 2331 3113 2385 οἰκετῶν*
3155 2332 3223 2387 ἂν
3261 2334 3486 2399 τούτους
3522 2335 3619 2389 ἀν·

1928 2414 2075 2487 έλῃς.
2109 2415 2170 2467 ἐν
2198 2414 2428 2476 ἐκείνοις
2457 2412 2611 2466 οὐδὲν
2658 2409 2795 2482 ἐμοῦ
2824 2410 2990 2483 δεήσῃ
3020 2410 3226 2465 λοιπόν
3258 2411 3394 2468 αὐτὸ
3419 2413 3529 2487 γάρ
3556 2414 3619 2470 τό

1929 2494 2105 2563 στόμα
2124 2493 2426 2564 μελετῆσαν
2454 2491 2752 2545 δεδοικέναι
2775 2491 2871 2543 καὶ
2894 2489 3121 2560 φεύγειν
3138 2490 3239 2555 τὰς
3262 2491 3617 2563 πολυορκίας,

1927 2572 2035 2626 οὐδ’
2069 2573 2136 2626 ἀν
2170 2571 2431 2643 μυριάκις
2463 2588 2550 2635 τις
2588 2570 2900 2641 ἀναγκάσῃ,
2929 2570 3288 2635 καταδέξεται
3316 2570 3507 2628 λοιπὸν
3536 2575 3618 2637 είς

1928 2651 2146 2722 ἐκείνην
2167 2653 2427 2722 ἐμπεσεῖν
2466 2652 2567 2722 τὴν
2596 2649 2906 2721 συνήθειαν.
2947 2650 3089 2703 Ἀλλ’
3122 2648 3313 2723 ῶσπερ
3349 2651 3445 2706 νῦν
3479 2654 3618 2723 μετά

1929 2730 2125 2784 πολλοῦ
2161 2729 2255 2784 τοῦ
2296 2730 2460 2783 πόνου
2502 2729 2597 2783 καὶ
2633 2729 2835 2801 μυρίας
2876 2729 2976 2799 τῆς
3012 2729 3346 2801 ἐνοχλήσεως
3385 2733 3619 2801 φοϐοῦν-

1926 2826 2039 2873 τες,
2076 2808 2451 2872 ἀπειλοῦντες,
2497 2809 2911 2881 παραινοῦντες,
2935 2808 3417 2878 συμϐουλεύοντες,
3461 2813 3617 2883 μόλις

1929 2889 2047 2964 [72]
2085 2890 2385 2961 ἰσχύσαμεν
2408 2890 2489 2952 είς
2520 2889 2715 2961 ἑτέραν
2739 2889 2872 2943 αὐτὸ
2915 2888 3233 2959 μεταθεῖναι
3282 2890 3575 2963 συνήθειαν
3605 2911 3619 2923 ι

1926 2972 2071 3026 οὕτω
2108 2972 2174 3043 δὴ
2217 2971 2315 3025 καὶ
2355 2971 2504 3031 τότε,
2551 2970 2657 3024 κᾶν
2703 2971 2905 3042 μυρίαν
2934 2970 3183 3043 ἀνάγκην
3218 2971 3381 3044 ἐπιθῇ
3422 2990 3530 3035 τις,
3556 2974 3620 3026 00

1926 3054 2216 3126 δυνήσεται
2259 3056 2445 3106 πεῖσαι
2474 3052 2664 3106 τοῦτον
2687 3050 3109 3123 παρασαλεῦσαι
3139 3052 3235 3106 τὸν
3267 3054 3432 3124 νόμον
3452 3070 3468 3084 ·
3502 3054 3622 3108 ἀλλ’

1926 3133 2116 3204 ὥσπερ
2140 3131 2467 3205 δηλητηρίου
2492 3132 2638 3195 τινὸς
2668 3131 2772 3185 οὐκ
2802 3130 2869 3184 ἂν
2907 3130 3083 3185 ἐλοιτό
3121 3148 3252 3186 ποτε
3282 3131 3406 3187 ούδέ
3447 3133 3614 3203 ἀνάγ-

1927 3230 2031 3284 κης
2071 3212 2428 3283 ἐπικειμένης
2473 3209 2885 3281 ἀπογεύσασθαί
2915 3227 3024 3277 τις,
3073 3210 3248 3276 οὕτως
3290 3211 3413 3265 οὐδὲ
3457 3215 3620 3285 ὅρκον

1929 3293 2215 3361 προέσθαι.
2242 3292 2414 3347 Τοῦτο
2440 3292 2495 3346 δὲ
2527 3293 2656 3364 ὑμῖν
2698 3289 3048 3363 κατορθωθέν
3076 3291 3428 3362 παράκλησις
3467 3295 3619 3348 ἔσται

1928 3375 2023 3428 καὶ
2055 3373 2359 3446 προτροπὴ,
2395 3373 2532 3445 πρὸς
2576 3371 2637 3425 τὸ
2681 3372 2774 3424 καὶ
2827 3370 2938 3424 τῶν
2996 3368 3200 3424 λοιπῶν
3253 3371 3354 3443 τῆς
3412 3374 3618 3446 ἀρετῆς

1929 3456 2240 3526 ἐφάψασθαι
2303 3453 2505 3526 μερῶν.
2567 3454 2624 3506 '0
2674 3453 2775 3524 μὲν
2834 3451 2945 3523 γάρ
3016 3449 3184 3523 μηδὲν
3239 3452 3618 3525 κατωρθωκὼς

1927 3536 2086 3600 ὅλως,
2131 3534 2370 3607 ρᾳθυμεῖ
2418 3534 2515 3587 καὶ
2566 3533 2862 3588 ἀναπίπτει
2904 3532 3134 3603 ταχέως·
3185 3532 3214 3585 ὁ
3264 3531 3323 3585 δὲ
3366 3532 3619 3600 συνειδὼς

1928 3615 2108 3687 ἑαυτῷ
2154 3617 2236 3669 ὅτι
2299 3614 2429 3686 μίαν
2468 3613 2601 3683 γοῦν
2648 3631 2769 3667 τινα
2810 3612 3033 3684 ἐντολὴν
3080 3610 3435 3684 ἐπλήρωσεν,
3471 3613 3606 3669 εὔελ-

1928 3715 2021 3762 πις
2059 3696 2167 3751 ἀπὸ
2200 3695 2408 3764 ταύτης
2438 3696 2751 3766 γενόμενος,
2796 3692 2935 3765 μετὰ
2973 3692 3222 3756 πλείονος
3265 3693 3506 3764 σπουδῆς
3527 3695 3618 3749 ἐπὶ

1926 3777 2026 3840 τάς
2073 3774 2268 3839 λοιπάς
2313 3774 2580 3845 βαδιεῖται
2621 3774 2806 3837 πάλιν,
2849 3768 2971 3826 εἶτα
3024 3772 3220 3844 ἑτέραν
3273 3772 3618 3844 προσλαϐὼν,

1929 3858 2015 3923 ἐφ’
2048 3855 2244 3926 ἑτέραν
2280 3853 2403 3924 ἥξει
2440 3853 2678 3923 ταχέως,
2710 3853 2806 3907 καὶ
2831 3852 2893 3908 00
2924 3852 3194 3925 πρότερον
3224 3853 3617 3924 ἀποστήσεται.

1929 3935 2035 3999 ’έως
2069 3934 2137 3989 ἂν
2169 3936 2257 3987 ἐπ’
2298 3933 2471 4005 αὐτὴν
2504 3932 2632 4004 ἔλθῃ
2661 3933 2762 4005 τὴν
2792 3931 3036 4003 κεφαλήν
3055 3930 3104 3986 ἃ.
3139 3933 3204 3986 El
3237 3931 3348 4003 γὰρ
3380 3933 3475 3987 ἐπὶ
3513 3935 3623 3990 τῶν

1930 4014 2253 4085 χρημάτων,
2270 4016 2492 4086 ὅσῳπερ
2518 4012 2584 4067 ἄν
2608 4030 2693 4076 τις
2715 4011 2938 4065 πλείονα
2959 4010 3350 4083 περιϐάληται,
3379 4014 3623 4086 τοσούτῳ

1932 4092 2193 4147 πλειόνων
2227 4094 2459 4165 ἐφίεται,
2510 4091 2693 4163 πολλῷ
2734 4092 2934 4162 μᾶλλον
2975 4091 3069 4144 ἐπὶ
3106 4090 3216 4144 τῶν
3255 4091 3619 4165 κατορθωμά-

1929 4189 2039 4226 των
2079 4172 2189 4226 τῶν
2219 4172 2611 4245 πνευματικῶν
2636 4170 2793 4226 τοῦτο
2822 4170 3120 4243 συμϐαῖνον
3157 4170 3256 4224 ίδοι
3286 4187 3371 4234 τις
3398 4171 3485 4226 ἀν.
3522 4175 3621 4228 Διά

1931 4251 2092 4305 τοῦτο
2132 4253 2348 4307 σπεύδω
2378 4253 2473 4307 καὶ
2516 4252 2808 4322 ἐπείγομαι
2839 4249 3015 4327 ἀρχὴν
3049 4249 3113 4303 τὸ
3143 4251 3379 4322 πρᾶγμα
3412 4249 3617 4314 λαϐεῖν,

1933 4332 2029 4385 καὶ
2058 4333 2343 4404 προοίμιον
2363 4333 2464 4404 τῆς
2490 4332 2693 4403 ἀρετῆς
2727 4329 3057 4383 καταϐαλεῖν
3088 4330 3148 4383 ἐν
3173 4331 3294 4392 ταῖς
3324 4329 3622 4404 ὑμετέραις

1931 4411 2152 4485 ψυχαῖς,
2178 4412 2273 4467 καὶ
2298 4409 2533 4479 δεόμεθα
2559 4410 2654 4465 καὶ
2689 4409 3076 4480 ἀντιϐολοῦμεν
3103 4419 3128 4449 θ
3153 4407 3360 4462 τούτων
3382 4411 3492 4464 τῶν
3524 4415 3622 4483 91-;-

1936 4494 2122 4563 μάτων
2155 4491 2233 4565 μὴ
2270 4491 2414 4545 κατά
2449 4491 2547 4563 τὴν
2588 4489 2871 4562 παροῦσαν
2903 4488 3055 4559 ῶραν
3083 4488 3395 4560 μεμνῆσθαι
3436 4491 3617 4562 μόνον,

1932 4573 2068 4627 ἀλλά
2100 4573 2195 4625 καὶ
2226 4572 2319 4626 ἐπὶ
2351 4572 2451 4642 τῆς
2485 4571 2684 4636 οἰκίας,
2716 4569 2809 4624 καὶ
2829 4569 2923 4622 ἐπί¹
2955 4569 3056 4639 τῆς
3080 4568 3308 4640 ἀγορᾶς,
3334 4571 3430 4624 καὶ
3450 4572 3617 4626 ὅπουη

1933 4670 2037 4726 περ
2058 4652 2125 4706 ἂν
2150 4650 2483 4723 διατρίϐητε.
2520 4649 2646 4703 Εἴθε
2693 4667 2784 4721 μοι
2815 4648 3042 4703 δυνατὸν
3074 4643 3144 4719 ἦν
3190 4648 3319 4719 ὑμῖν
3353 4658 3620 4720 συγγενέ-

1934 4734 2077 4797 σθαι,
2116 4733 2210 4786 καὶ
2255 4732 2356 4784 οὐκ
2397 4732 2465 4785 ἀν
2509 4748 2597 4801 μοι
2638 4730 2739 4800 τῆς
2780 4729 2999 4801 μακρᾶς
3049 4727 3257 4800 ταύτης
3280 4728 3470 4799 ἐδέησε
3510 4750 3616 4803 μα-

1880 4838 1883 4839 ν
1931 4812 2257 4883 κρηγορίας’
2290 4811 2386 4864 νῦν
2418 4812 2463 4865 δ’
2499 4809 2687 4880 ἐπειδὴ
2715 4808 2875 4863 τοῦτο
2913 4809 3015 4862 οὐκ
3049 4807 3149 4872 ἐνι,
3183 4807 3300 4861 ἀνσε
3327 4808 3465 4879 ἐμοῦ
3506 4813 3616 4865 τῶν

1930 4891 2081 4962 ἐμῶν
2115 4892 2395 4963 μέμνησθε
2430 4890 2715 4962 ῥημάτων,
2747 4889 2840 4942 καὶ⁸
2881 4889 2975 4942 ἐπὶ¹
3000 4887 3284 4960 τραπέζης
3312 4888 3617 4961 καθήμενοι

1929 4972 2230 5026 ἐπεισιέναι
2284 4988 2350 5041 με
2399 4969 2648 5041 νομίζετε
2704 4969 2800 5021 καὶ
2865 4968 3247 5039 παρεστάναι,
3303 4970 3400 5023 καὶ
3447 4972 3619 5026 ταῦτα

1928 5055 2144 5121 ἐνηχεῖν
2182 5050 2328 5123 ἆπερ
2362 5052 2491 5121 ύμῖν
2527 5047 2760 5103 ἐνταῦθα
2802 5048 2945 5116 λέγω
2979 5048 3109 5103 νῦν..
3139 5048 3249 5102 Καὶ
3279 5048 3523 5123 ὅπουπερ
3550 5051 3617 5104 ἂν

1930 5132 2056 5203 περὶ
2088 5130 2220 5203 ἐμοῦ
2254 5132 2411 5200 λόγος
2447 5131 2576 5200 ὑμῖν
2601 5130 2836 5201 γίνηται,
2873 5127 2995 5182 ἀντὶ
3026 5130 3247 5183 πάντων
3271 5129 3479 5201 ταύτης
3514 5133 3615 5203 μέ-

1931 5229 2035 5282 μνη
2044 5212 2136 5263 σθε
2154 5211 2249 5282 τῆς
2267 5209 2507 5279 ἐντολῆς,
2527 5211 2621 5262 καὶ
2636 5209 2841 5280 ταύτην
2860 5225 2951 5279 μοι
2962 5208 3064 5281 τῆς
3082 5226 3151 5263 πε
3160 5209 3213 5282 ρὶ
3228 5210 3373 5281 ὑμᾶς
3393 5210 3617 5282 ἀγάπης

1928 5291 2159 5344 ἀπόδοτε
2188 5291 2285 5360 τὴν
2312 5289 2569 5361 ἀμοιϐήν.
2610 5288 2737 5343 Ἐάν
2767 5288 2862 5342 ίδω
2884 5287 3341 5361 κατορθώσαντας
3368 5289 3533 5360 ὑμᾶς,
3554 5293 3616 5345 τὸ

1932 5372 2038 5424 πᾶν
2067 5370 2369 5441 ἀπείληφα,
2406 5369 2597 5441 ἱκανὴν
2632 5370 2741 5423 τῶν
2767 5369 2947 5425 πόνων
2972 5369 3324 5441 ἀπεδεξάμην
3352 5368 3373 5407 τ
3394 5368 3493 5440 τὴν
3518 5370 3586 5425 ἀν
3610 5408 3613 5411 ρ

1929 5452 2147 5504 τίδοσιν.
2177 5453 2293 5506 Ἵνα
2321 5449 2414 5507 οὖν
2438 5453 2533 5506 καὶ
2551 5454 2703 5523 ἡμᾶς
2726 5451 3172 5524 προθυμοτέρους
3197 5449 3480 5521 ποιήσητε.
3520 5454 3615 5506 καὶ

1930 5531 2087 5599 ὑμεῖς
2119 5532 2396 5596 εὐέλπιδες
2428 5532 2673 5602 γίνησθε,
2705 5531 2801 5585 καὶ
2825 5530 3046 5584 πλείονα
3072 5532 3193 5592 ταῖς
3217 5528 3432 5593 λοιπαῖς
3464 5529 3602 5583 ἐντο-

1928 5608 2048 5672 λαῖς
2069 5611 2205 5682 πρὸς
2224 5612 2287 5665 τδ
2307 5612 2703 5684 κατορθοῦσθαι
2728 5608 3193 5681 παρασκευάσητε
3217 5606 3317 5679 τὴν
3337 5607 3612 5672 εὐκολίαν,

1932 5689 2073 5757 μετὰ
2095 5690 2296 5762 πολλῆς
2324 5692 2514 5747 τοῦτον
2546 5692 2636 5746 τὸν
2665 5691 2828 5760 νόμον
2856 5689 2956 5758 τῆς
2982 5688 3220 5760 σπουδῆς
3248 5689 3308 5742 ἐν
3328 5692 3453 5754 ταῖς
3473 5689 3621 5760 ὐμεα

1928 5768 2113 5840 τέραις
2142 5771 2469 5826 ὲναπόθεσθε
2497 5774 2521 5812 ε
2546 5770 2763 5841 ψυχαῖς,
2791 5772 2885 5824 καὶ
2908 5767 3029 5821 τότε
3048 5767 3262 5823 εῖσεσθε
3288 5768 3386 5839 τῆς
3419 5788 3620 5841 παραιη

1990 5874 2021 5916 δ
2042 5877 2193 5942 δοῖὶὶ.
2218 5879 2303 5937 τὴν
2324 5879 2548 5942 κορυφήν.

1993 5942 2013 6001 Ἴ
2038 5939 2137 5990 Alii
2160 5942 2329 6001 δέομαι
2353 5939 2432 5988 καὶ
2454 5939 2710 5987 ἀντιϐολῶ.

1994 6000 2012 6040 ί
2039 6000 2137 6051 Alii
2162 6000 2404 6062 ἐδεξάμην.

1994 6065 2019 6104 ς
2038 6062 2123 6109 Qic
2143 6057 2367 6111 Savilfci
2393 6060 2590 6123 quidam
2618 6075 2730 6109 mss.
2749 6058 2946 6110 Iidilum
2975 6067 3083 6110 erat
3103 6062 3352 6110 ἀπόθεσθε.
3378 6057 3517 6110 Em.
