3998 6438
427 327 490 380 8|
1251 332 1308 387 S.
1344 329 1634 387 JOANNIS
1670 329 2167 387 CHRYSOSTOMI
2209 327 2530 384 ABCHIEP.
2573 324 3131 386 CONSTANTINOP.
3793 330 3856 388 8!

423 440 623 503 νέσεως
655 440 754 513 τὴν
784 441 1072 511 ὠφέλειαν.
1124 443 1276 495 Ἑπεί
1312 445 1406 499 καὶ
1441 447 1654 516 ἰμάτιον
1675 445 1911 516 χρυσοῦν
1937 444 2103 499 καλὸν

426 527 526 597 μὲν
560 526 677 582 ἔστι
702 530 794 581 καὶ
822 529 1121 601 ὁρώμενον,
1396 532 1453 585 δὲ
1489 533 1649 586 πλέον
1682 536 1714 602 ή
1726 536 1815 603 μίν
1857 536 2101 603 φανεῖται

424 617 804 688 περικείμενον
831 619 862 686 ἡ
872 617 986 687 μῶν
1011 617 1088 687 τῷ
1114 616 1349 689 σώματι·
1377 620 1519 674 οῦτω
1542 621 1638 675 καὶ
1663 623 1718 674 αί
1746 622 1835 674 τοῦ
1858 621 1991 674 Θεοῦ
2019 624 2102 673 ὲν-

420 704 571 755 τολαὶ
614 702 778 757 καλαὶ
815 703 914 771 μὲν
943 705 1051 757 είσί
1080 705 1175 758 καί
1206 707 1620 778 ἐπαινούμεναι,
1660 706 1839 778 πολλῷ
1880 707 1937 760 δὲ
1968 708 2100 761 καλ-

420 787 565 852 λίους
585 789 866 858 φαίνονται
888 790 1343 863 κατορθούμεναι.
1374 794 1489 846 Νῦν
1519 794 1617 864 μὲν
1656 794 1763 866 γάρ
1792 796 1849 847 ὲν
1876 793 2103 865 βραχείᾳ

420 875 610 946 καιροῦ
642 879 782 948 ῥοπῇ
805 878 871 930 τά
887 878 1158 950 λεγόμενα
1180 883 1473 942 ἐπαινεῖτε,
1497 883 1591 934 ἐὰν
1608 882 1663 935 δὲ
1687 882 2093 951 κατορθώσητε,

416 962 505 1016 διά
538 966 718 1036 πάσης
752 967 850 1037 τῆς
881 968 1118 1039 ἡμέρας,
1156 969 1251 1022 καί
1278 968 1367 1022 διά
1394 970 1593 1032 παντὸς
1622 968 1717 1023 τοῦ
1756 970 1969 1041 χρόνου,
2002 970 2098 1023 καὶ

415 1052 562 1123 ἡμᾶς
581 1055 677 1109 καί
707 1055 854 1126 ὑμᾶς
886 1056 1083 1121 αὐτοὺς
1106 1057 1484 1111 ἐπαινέσεσθε·
1515 1060 1608 1112 καί
1629 1060 1689 1110 οὐ
1716 1058 1876 1111 τοῦτό
1900 1060 2014 1111 ἐστι
2038 1058 2099 1111 τὸ

698 1169 811 1179 .—

547 1168 693 1179 ———-

2208 444 2373 514 μέγα,
2420 445 2501 497 δτι
2542 443 2806 514 ἀλλήλους
2849 443 3284 516 ἐπαινεσόμεθα,
3325 442 3440 497 ἀλλ’
3469 444 3554 498 ὅτι
3585 443 3674 497 καὶ
3703 446 3730 500 6
3753 447 3867 510 Θεδς

2206 532 2354 601 ἡμᾶς
2393 530 2735 596 ἀποδέξεται,
2786 532 2880 585 καί
2930 533 3030 585 οὐκ
3062 531 3386 597 ἀποδέξεται
3430 531 3614 603 μόνον,
3641 532 3765 586 ἀλλά
3788 535 3867 588 καὶ

2207 617 2500 687 ἀμείψεται
2542 620 2662 681 ταῖς
2708 618 2971 687 μεγάλαις
3008 619 3247 682 ἐκείναις
3292 619 3386 672 καί
3422 619 3746 691 ἀπορρήτοις
3777 620 3867 673 δω-

2209 706 2377 773 ρεαῖς,
2407 698 2483 757 ὧν
2514 704 2723 772 γένοιτο
2757 705 2965 768 πάντας
3004 706 3153 775 ἡμᾶς
3183 705 3501 777 ἀξιωθῆναι,
3535 708 3712 777 χάριτι
3741 719 3763 746 ι
3790 708 3868 761 καὶ

2205 790 2586 861 φιλανθρωπίᾳ
2620 791 2711 844 τοῦ
2757 790 2959 863 Κυρίου
2998 792 3155 864 ήμῶν
3210 794 3386 864 Ἰησοῦ
3428 792 3687 864 Χριστοῦ,
3722 794 3783 847 δι’
3816 788 3865 847 οἶ

2206 880 2298 932 καί
2338 879 2458 950 μεθ’
2481 872 2543 931 οὗ
2584 878 2663 950 τῷ
2690 880 2870 952 Πατρὶ
2905 882 2939 951 ή
2979 880 3127 945 δόξα,
3163 880 3281 951 ἅμα
3308 880 3387 952 τῷ
3423 882 3567 952 ἀγίῳ
3598 881 3865 952 Πνεύματι,

2204 966 2303 1019 νῦν
2335 968 2430 1019 καί
2472 967 2579 1031 ἀεὶ,
2624 969 2719 1021 καὶ
2763 969 2842 1031 εἰς
2881 969 3010 1031 τοὺς
3053 968 3259 1032 αἰῶνας
3289 969 3399 1021 τῶν
3430 968 3661 1024 αἰώνων.
3700 970 3867 1040 ’Δμήν.

2272 1067 2298 1095 ⁸
2326 1065 2475 1115 Savil.
2506 1071 2560 1115 el
2577 1067 2776 1128 quidam
2806 1079 2925 1116 mss.
2947 1070 3075 1131 ἡμᾶς
3095 1068 3334 1132 ἐπιτυχεῖν
3354 1068 3531 1133 χάριτι.

415 1248 534 1323 [75]
562 1250 683 1304 Ὅτι
710 1249 1010 1320 χρήσιμος
1042 1254 1075 1304 ὀ
1108 1249 1227 1304 τῶν
1258 1251 1569 1319 ἀρχόντων
1597 1252 1801 1319 φόϐος,
1830 1250 1928 1303 καὶ
1959 1249 2241 1319 διήγησις
2265 1247 2383 1309 τῶν
2412 1248 2563 1303 κατὰ
2590 1248 2707 1317 τὴν
2731 1248 2878 1303 ὁδὸν
2908 1247 3272 1318 συμϐάντων
3313 1249 3439 1316 τοῖς
3474 1250 3591 1320 τὴν
3608 1252 3867 1323 ἀγγελίαν

483 1343 594 1409 τῆς
628 1342 904 1409 στάσεως
932 1342 1011 1408 τῷ
1063 1343 1319 1407 ,ϐασιλεῖ
1364 1343 1758 1411 ἀναφέρουσι,
1795 1344 1892 1396 κιιί
1931 1343 2020 1396 ὅτι
2083 1345 2117 1396 ό
2158 1341 2381 1407 ἀδίκως
2433 1358 2491 1394 τι
2547 1340 2804 1411 πάσχων
2837 1341 2937 1396 καί
2964 1340 3341 1411 εὐχαριστῶν
3368 1342 3449 1408 τῷ
3480 1347 3863 1415 at)ch

485 1435 627 1501 Θεῷ,
664 1436 800 1501 Ισος
832 1434 963 1487 ἐστὶ
996 1435 1100 1488 τοῦ
1133 1434 1229 1489 διὰ
1257 1435 1364 1489 τὸν
1399 1435 1551 1488 Θεὸν
1576 1436 1648 1488 τὰ
1680 1436 1833 1489 αὐτὰ
1866 1435 2241 1504 πάσχοντος·
2282 1433 2380 1487 καί
2416 1433 2487 1487 τὰ
2515 1432 2961 1504 παραδείγματα
2988 1432 3177 1489 πάλιν
3201 1433 3271 1488 ἐκ
3299 1432 3419 1488 τῶν
3455 1434 3635 1505 τριῶν
3663 1438 3865 1494 παίδων

482 1528 585 1582 καί
623 1527 733 1596 τῆς
772 1528 1160 1594 Βαϐυλωνίας
1198 1529 1479 1597 καμίνου,
1516 1528 1612 1581 καὶ
1648 1527 1783 1594 περί
1822 1526 1931 1593 τῆς
1970 1526 2087 1579 τῶν
2118 1526 2312 1596 ὅρκων
2344 1523 2603 1595 ἀποχῆς.

1095 1716 1317 1785 Ὀμινίία
1350 1723 1424 1781 ς’.

482 1812 552 1860 α’.
596 1803 805 1867 Πολλὰς
852 1804 949 1875 μὲν
997 1803 1355 1875 ἀνηλώσαμεν
1389 1804 1605 1876 ἡμέρας
1651 1803 2094 1875 παρακαλοῦντες

416 1892 572 1963 ὑμῶν
596 1892 697 1964 τήν
725 1891 968 1963 ἀγάπην·
1004 1893 1066 1945 οὐ
1091 1893 1198 1962 μὴν
1230 1893 1320 1947 διά
1352 1893 1509 1946 τοῦτο
1546 1892 1968 1963 ἀποστησόμεθα
1998 1893 2098 1963 τῆς

415 1978 723 2043 ὑποθέσεως
740 1978 963 2050 ταύτης,
979 1980 1092 2034 ἀλλ’
1107 1979 1212 2044 ἕως
1228 1979 1294 2034 ἂν
1313 1980 1451 2053 μένῃ
1467 1979 1527 2033 τὸ
1543 1980 1701 2044 ἕλκος
1717 1980 1819 2050 τῆς
1837 1979 2093 2051 ἀθυμίας,

414 2068 507 2121 καὶ
530 2066 593 2120 τὸ
614 2066 907 2137 φάρμακον
931 2066 1030 2137 τῆς
1048 2066 1403 2138 παραμυθίας
1424 2067 1777 2137 ἐπιθήσομεν.
1803 2067 1863 2119 Εἰ
1880 2067 1988 2138 γὰρ
2004 2068 2096 2120 ἐπὶ

412 2154 520 2207 τῶν
547 2152 642 2206 τοῦ
675 2152 929 2223 σώματος
956 2155 1286 2225 τραυμάτων
1314 2157 1374 2208 οὑ
1406 2154 1673 2208 παύονται
1702 2148 2096 2218 ὲπαντλοῦντες

412 2241 611 2310 ἰατρῶν
626 2239 836 2304 παῖδες,
861 2240 967 2303 ἕως
991 2240 1056 2293 ἂν
1085 2241 1236 2294 ίδωσι
1265 2240 1433 2311 λῆξαν
1455 2242 1517 2293 τὸ
1537 2240 1731 2305 πάθος,
1752 2239 1933 2309 πολλῷ
1962 2241 2098 2311 μᾶλ-

416 2339 500 2380 λον
531 2328 625 2381 ἐπὶ
651 2328 752 2399 τῆς
782 2328 958 2399 ψυχῆς
985 2328 1142 2381 τοῦτο
1168 2332 1341 2382 ποιεῖν
1371 2330 1499 2401 χρή.
1531 2330 1640 2381 Καὶ
1672 2328 1783 2399 γὰρ
1813 2328 1966 2392 ἕλκος
1993 2328 2095 2398 ψυ-

408 2414 514 2486 χῆς
539 2417 574 2486 ή
606 2414 832 2484 ἀθυμία,
872 2415 967 2467 καί
1004 2415 1086 2467 δεῖ
1124 2415 1365 2485 συνεχῶς
1398 2415 1567 2486 αὐτὴν
1600 2415 1886 2469 ἐπαντλεζν
1921 2433 2093 2487 προσ..

413 2503 564 2573 ηνέσι
606 2503 866 2573 ῥήμασιν.
906 2501 1040 2553 υὺδὲ
1082 2501 1193 2573 γὰρ
1226 2502 1399 2566 οὕτως
1438 2504 1641 2573 οἴδημα
1686 2503 1890 2574 σαρκὸς
1927 2503 2097 2575 χαλᾷν

411 2590 569 2644 εἴωθε
605 2588 826 2661 θερμῶν
856 2589 1063 2643 ὑδάτων
1097 2590 1279 2659 φύσις,
1307 2589 1382 2654 ώς
1407 2592 1585 2662 ψυχῆς
1605 2590 1777 2655 πάθος
1799 2591 2097 2646 καταστέλ-

411 2688 524 2732 λειν
570 2678 783 2748 πέφυκε
830 2678 1257 2750 παρακλητικῶν
1302 2679 1478 2748 λόγων
1532 2680 1778 2751 δύναμις·
1825 2682 1887 2733 ού
1937 2682 2096 2752 χρεία

410 2766 679 2836 σπογγιᾶς
717 2765 976 2829 ἐνταῦθα,
1017 2766 1272 2839 καθάπερ
1301 2768 1395 2821 ἐπὶ
1427 2767 1536 2820 τῶν
1567 2768 1787 2839 ἰατρῶν,
1826 2767 1943 2822 ἀλλ’
1976 2771 2098 2823 ἀντὶ

412 2856 655 2925 σπόγγου
689 2853 789 2926 τήν
819 2854 1064 2924 γλῶτταν
1101 2855 1611 2927 μεταχειρισάμεθα·
1641 2858 1704 2910 οὐ
1739 2857 1896 2929 χρεία
1925 2858 2097 2930 πυρὸς

412 2943 670 3007 ἐνταῦθα,
712 2943 801 2997 ἵνα
842 2942 1226 3014 θερμαίνωμεν
1269 2943 1460 3009 ὕδατα,
1507 2945 1622 2998 ἀλλ’
1661 2947 1782 2998 ἀντὶ
1817 2946 1987 3017 πυρὸς
2025 2949 2092 3018 τῇ

412 3030 503 3082 τοῦ
532 3029 850 3100 Πνεύματος
874 3030 1195 3101 χρησόμεθα
1223 3030 1424 3101 χάριτι.
1455 3031 1592 3102 Φέρε
1613 3027 1706 3085 οῦν
1734 3033 1828 3085 καὶ
1852 3034 2095 3105 τήμερον

411 3116 471 3169 τὸ
497 3117 629 3169 αὐτὸ
656 3118 817 3170 τοῦτο
849 3116 1167 3189 πράξωμεν.
1199 3119 1261 3171 Εί
1286 3118 1394 3190 γὰρ
1428 3119 1502 3190 μή
1535 3122 1698 3190 ήμεῖς
1730 3121 1877 3190 ὑμᾶς
1911 3137 2096 3193 παρα-

411 3208 749 3279 καλέσωμεν,
781 3206 947 3261 πόθεν
985 3207 1254 3280 ἑτέρωθεν
1284 3209 1629 3280 παράκλησιν
1656 3208 1903 3275 δέξεσθε;
1934 3214 2098 3265 Δικα-

411 3298 533 3350 σταὶ
563 3296 837 3366 φοϐοῦσιν·
875 3298 1071 3352 οὐκοῦν
1107 3300 1273 3369 ἱερεῖς
1296 3300 1807 3371 παρακαλείτωσαν·
1834 3302 2097 3372 ἄρχοντες

410 3384 745 3438 ἀπειλοῦσιν·
769 3384 966 3438 οὐκοῦν
986 3387 1019 3454 ἡ
1056 3385 1357 3457 Ἐκκλησία
1378 3386 1832 3459 παραμυθείσθω.
1856 3391 1967 3443 Καὶ
1985 3390 2097 3462 γὰρ

410 3474 505 3527 ἐπὶ
544 3472 651 3526 τῶν
685 3472 913 3526 παιδίων
942 3471 1054 3525 τῶν
1086 3475 1299 3544 μικρῶν
1344 3474 1488 3529 οὕτω
1529 3475 1757 3544 γίνεται·
1787 3475 2097 3532 διδάσκαλοι

409 3561 479 3613 τὰ
511 3560 701 3613 παιδία
735 3560 962 3629 φοϐοῦσι
993 3563 1088 3615 καὶ
1118 3561 1404 3626 τύπτουσι,
1439 3563 1531 3616 καὶ
1555 3561 1935 3635 δεδακρυμένα
1959 3565 2098 3638 πρὸς

410 3649 510 3713 τὰς
549 3648 793 3720 μητέρας
839 3650 1322 3719 παραπέμπουσιν·
1364 3650 1512 3704 αἰδὲ
1553 3651 1788 3722 μητέρες
1830 3652 2094 3717 ὑποδεξά-

415 3754 576 3808 μεναι
607 3738 719 3799 τοῖς
746 3735 968 3800 κόλποις
987 3740 1100 3800 τοῖς
1123 3737 1332 3790 ἑαυτῶν
1361 3738 1654 3809 κατέχουσι
1685 3741 1779 3793 καὶ
1804 3741 2089 3811 περισφίγ-

411 3838 568 3890 γουσι
594 3834 644 3882 ο,
676 3823 771 3875 καὶ
801 3823 870 3876 τὰ
896 3821 1106 3893 δάκρυα
1146 3822 1534 3895 καταψήσασαι
1580 3816 1960 3895 καταφιλοῦσι,
2002 3828 2098 3881 καί

409 3911 509 3978 τὴν
557 3909 903 3981 ὀδυνωμένην
952 3909 1134 3965 αὐτῶν
1176 3911 1519 3966 ἀνακτῶνται
1570 3913 1771 3985 ψυχὴν,
1813 3913 2097 3968 πείθουσαι

327 4018 335 4023 ·
409 3998 480 4052 δι’
512 3991 587 4053 ὧν
626 3998 895 4068 λέγουσιν,
926 3999 1009 4053 ὅτι
1039 4000 1309 4071 χρήσιμος
1343 4002 1371 4053 6
1398 3999 1508 4053 τῶν
1536 4000 1873 4055 διδασκάλων
1912 4003 2097 4066 αὐτοῖς

412 4084 596 4156 φόϐος.

495 4173 650 4226 Ἐπεὶ
677 4168 771 4227 οῦν
803 4174 898 4227 καί
924 4174 1070 4245 ὑμᾶς
1103 4174 1381 4246 ἐφόϐησαν
1421 4178 1704 4246 ἄρχοντες,
1757 4177 1850 4230 καὶ
1884 4179 2094 4245 ἐναγω-

410 4259 557 4323 νίους
587 4260 870 4331 ἐποίησαν,
899 4264 933 4333 ή
978 4262 1298 4335 Ἐκκλησία,
1322 4265 1355 4335 ή
1382 4265 1535 4335 κοινὴ
1567 4264 1786 4318 πάντων
1810 4264 1965 4336 ήμῶν
1988 4267 2093 4336 μήι

410 4364 540 4419 τηρ,
576 4349 700 4413 τοὺς
729 4349 962 4412 κόλπους
988 4350 1310 4415 ἀπλώσασα,
1344 4353 1438 4407 καί
1468 4354 1687 4417 ὑπτίαις
1714 4352 2088 4425 ὑποδεξαμένη

411 4435 591 4506 χερσὶ,
615 4435 736 4489 καθ’
761 4436 999 4507 ἑκάστην
1020 4439 1330 4509 παρακαλεῖ
1352 4441 1451 4511 τὴν
1474 4443 1708 4513 ἡμέραν,
1732 4440 1984 4510 λέγουσα,
2008 4441 2090 4493 ὅτι

412 4522 681 4591 χρήσιμος
711 4522 806 4575 καὶ
835 4524 865 4576 6
902 4522 1011 4577 τῶν
1050 4526 1327 4595 ἀρχόντων
1359 4528 1525 4596 φόϐος
1558 4530 1696 4593 ἐστὶ,
1726 4530 1821 4582 καί
1847 4529 1931 4582 ὅτι
1957 4545 2091 4600 χρη-

415 4610 549 4679 σίμη
591 4608 687 4662 καὶ
719 4611 752 4679 ή
800 4608 1049 4663 ἐντεῦθεν
1090 4612 1455 4683 παράκλησις.
1498 4615 1753 4669 Ἐκείνων
1796 4616 1896 4687 μὲν
1926 4616 2035 4688 γὰρ
2065 4619 2094 4670 6

413 4695 577 4762 φόϐος
603 4696 704 4749 οὑκ
732 4697 960 4768 ἀφίησιν
989 4697 1094 4751 ὑπὸ
1124 4702 1224 4769 τῆς
1250 4700 1526 4771 ῥᾳθυμίας
1552 4701 1862 4757 ἐκλύεσθαι·
1887 4704 2091 4776 ταύτης

411 4783 468 4835 δὲ
494 4785 527 4853 ή
559 4784 905 4856 παράκλησις
932 4786 1032 4840 οὐκ
1058 4787 1287 4857 ἀφίησιν
1312 4790 1362 4827 ι’
1391 4788 1496 4841 ὑπὸ
1525 4790 1623 4859 τῆς
1648 4789 1884 4861 ἀθυμίας
1917 4809 2089 4845 κατα-

413 4876 654 4930 πίπτειν·
701 4879 797 4931 καί
840 4878 907 4932 δι’
945 4879 1270 4951 ἀμφοτέρων
1304 4880 1332 4933 6
1364 4878 1497 4943 Θεὸς
1532 4882 1632 4951 τὴν
1668 4882 1946 4953 ἡμετέραν
1988 4900 2091 4935 σω-

411 4981 477 5036 τη
485 4963 607 5034 ρίαν
632 4966 925 5036 οἰκονομεῖ.
944 4968 1055 5021 Καὶ
1075 4967 1185 5039 γὰρ
1200 4968 1327 5031 τοὺς
1342 4968 1610 5039 ἄρχοντας
1632 4969 1796 5032 αὐτὸς
1824 4968 2087 5033 ὥπλισεν,

413 5051 500 5104 ἴνα
541 5052 746 5120 φοϐῶσι
786 5056 911 5117 τοὺς
948 5055 1390 5125 ἀσελγαίνοντας·
1432 5058 1680 5121 καὶτοὺς
1712 5058 1893 5130 ἱερέας
1928 5058 2091 5121 αὐτὸς

410 5139 838 5211 ἐχειροτόνησεν,
881 5142 967 5195 ἴνα
1008 5144 1370 5215 παρακαλῶσι
1405 5143 1532 5207 τοὺς
1570 5144 1961 5214 όδυνωμένους·
1998 5146 2091 5197 καὶ

410 5225 582 5280 ταῦτα
604 5227 908 5301 ἀμφότερα,
947 5230 1088 5299 μετὰ
1109 5230 1216 5283 τῶν
1240 5231 1492 5301 Γραφῶν,
1526 5232 1619 5285 καὶ
1643 5231 1781 5303 αὑτὴ
1813 5232 1923 5285 τῶν
1952 5248 2092 5302 πρα-

411 5315 637 5384 γμάτων
663 5318 697 5387 ή
723 5319 888 5388 πεῖρα
913 5316 1171 5372 διδάσκει.
1209 5318 1272 5371 Εἰ
1297 5318 1407 5389 γὰρ
1428 5319 1455 5358 b
1476 5319 1756 5390 ἀρχόντων
1776 5320 1966 5383 ὄντων,
1999 5320 2093 5372 καὶ

414 5404 756 5474 στρατιωτῶν
786 5404 1003 5469 ζώντων
1039 5407 1098 5458 ὲν
1135 5405 1340 5469 ὅπλοις,
1384 5406 1547 5477 μανία
1572 5406 1876 5478 ἀνθρώπων
1904 5409 2091 5478 εὐαρι-

413 5486 654 5557 θμήτων,
678 5492 921 5561 μιγάδων
937 5492 1031 5546 καί
1052 5491 1355 5563 ἐπηλύδων,
1388 5494 1447 5545 έν
1476 5492 1707 5564 βραχείᾳ
1727 5493 1921 5564 καιροῦ
1946 5494 2088 5564 ῥοπῇ

412 5573 682 5644 τοσαύτην
704 5579 835 5647 ἡμῖν
865 5578 1040 5650 ἀνῆψε
1070 5578 1270 5650 πυρὰν,
1308 5581 1404 5632 καὶ
1432 5578 1678 5649 χειμῶνα
1696 5579 1951 5632 τοσοῦτον
1970 5577 2090 5650 ['76]

414 5656 626 5727 ήγειρε,
650 5664 743 5715 καὶ
765 5668 894 5736 περὶ
911 5665 1180 5733 ναυαγίας
1209 5664 1505 5719 δεδοικέναι
1535 5666 1793 5735 ἐποίησεν
1824 5665 2088 5728 ἅπαντας·

414 5743 465 5794 εἰ
497 5745 727 5800 καθόλου
756 5751 861 5803 τῶν
900 5753 1177 5822 ἀρχόντων
1210 5754 1238 5806 ὁ
1267 5751 1430 5821 φόϐος
1463 5753 1726 5827 ἀνῄρητο,
1768 5753 1869 5805 ποῦ
1899 5754 2000 5806 οὐκ
2026 5753 2092 5805 ἂν

478 5850 611 5923 ξβί-(ι
629 5851 788 5923 ξρνὶικ
807 5863 861 5903 οι
885 5858 1096 5923 maxima
1126 5871 1237 5919 pars
1258 5860 1497 5908 codicum.
1530 5858 1702 5909 Morel.
1732 5860 2089 5923 περιϐάλλουσι.

476 5912 524 5978 ξδ’
546 5915 683 5978 ξιινίἰ
693 5952 703 5962 .
740 5916 795 5962 οῦ
825 5919 1079 5978 συγχωρεῖ.

478 5972 507 6015 1³
531 5974 726 6036 Αῐίτυιοί
757 5991 867 6025 mss.
890 5972 1079 6041 πεῖρα
1240 5983 1278 6029 εἰ
1301 5981 1407 6044 γάρ.

2198 1708 2364 1782 ἦλθον
2392 1704 2539 1764 οῦτοι
2570 1712 2799 1780 μανίας;
2826 1707 2937 1783 ἆρα
2963 1713 3062 1766 οὐκ
3093 1712 3159 1766 ἂν
3187 1715 3251 1767 ἐκ
3282 1713 3501 1790 βάθρων
3528 1716 3657 1787 ἡμῖν
3677 1717 3769 1789 τήν
3788 1720 3865 1773 πό⁴

2196 1796 2279 1849 λιν
2320 1797 2647 1869 ἀνέτρεψαν,
2698 1798 2793 1851 καί
2830 1800 3009 1853 πάντα
3053 1800 3165 1854 ἀνω
3206 1801 3299 1856 καὶ
3345 1804 3499 1857 κάτω
3547 1806 3863 1876 ποιήσαντες,

2195 1884 2370 1947 αῦτάς
2400 1883 2467 1937 ἂν
2497 1886 2530 1955 ή
2540 1884 2657 1956 μῶν
2690 1885 2973 1954 ἀφείλοντο
2998 1886 3099 1951 τὰς
3125 1888 3339 1959 ψυχάςς
3379 1888 3510 1943 Ἐἀν
3530 1892 3637 1964 γὰρ
3658 1893 3720 1946 τὰ
3737 1892 3865 1948 δικα-

2202 1972 2398 2043 στήρια
2430 1971 2649 2045 ἀνέλῃς,
2680 1974 2861 2028 πᾶσαν
2885 1974 2985 2043 τῆς
3009 1972 3155 2044 ζωῆς
3182 1977 3340 2045 ήμῶν
3367 1976 3579 2042 ἀνεῖλες
3603 1978 3697 2050 τήν
3726 1981 3864 2033 εὐτα-

2197 2060 2337 2137 ξίανο
2374 2061 2466 2114 καὶ
2503 2059 2693 2133 ῶσπερ
2727 2063 2856 2133 νηὸς
2887 2063 2978 2116 τὸν
3025 2063 3368 2137 κυϐερνήτην
3412 2068 3511 2121 ὲάν
3557 2068 3863 2141 ἀποστήσῃς,

2197 2147 2593 2211 κατεπόντισας
2616 2149 2677 2203 τὸ
2704 2150 2934 2219 σκάφος,
2962 2151 3055 2204 καί
3077 2150 3169 2205 τὸν
3192 2154 3506 2225 στρατηγὸν
3521 2153 3587 2209 ἀν
3601 2156 3865 2228 ἀπαγάγῃς

2194 2236 2289 2290 τοῦ
2331 2236 2723 2309 στρατοπέδου,
2766 2238 3087 2310 δεδεμένους
3117 2242 3230 2305 τοῖς
3267 2240 3551 2312 πολεμίοις
3578 2245 3865 2317 παρέδωκας

2195 2327 2323 2388 τοὺς
2371 2327 2739 2395 στρατιώτας·
2781 2325 2926 2380 οὓτω
2969 2328 3078 2381 τῶν
3112 2328 3322 2384 πόλεων
3360 2332 3492 2396 τοὺς
3524 2333 3775 2404 ἄρχοντας
3810 2335 3863 2386 ἂν

2195 2412 2412 2483 ἀνέλῃς,
2446 2412 2654 2483 θηρίων
2683 2412 2893 2481 ἀλόγων
2917 2413 3256 2486 ἀλογώτερον
3292 2415 3606 2490 βιωσόμεθα
3632 2418 3758 2489 βίον,
3783 2420 3863 2473 δά-

2197 2514 2415 2562 κνοντες
2467 2496 2733 2567 ἀλλήλους
2772 2499 2868 2551 καί.
2906 2498 3304 2567 κατεσθίοντες,
3345 2502 3439 2555 τὸν
3481 2504 3791 2576 πενέστερον
3838 2507 3861 2557 ὀ

2197 2584 2471 2649 πλούσιος,
2511 2585 2606 2638 τὸν
2638 2584 3031 2657 ἀσθενέστερον
3054 2589 3082 2641 6
3101 2588 3494 2663 δυνατώτερος,
3528 2592 3618 2647 τὸν
3644 2593 3865 2646 ἐπιεικέ-

2199 2689 2392 2744 στερον
2427 2675 2456 2726 6
2495 2672 2851 2746 θρασύτερος.
2898 2674 3059 2730 Ἀλλά
3090 2675 3187 2729 νῦν
3217 2677 3421 2731 τούτων
3464 2679 3620 2733 οὐδέν
3654 2682 3761 2735 ἐστι
3789 2680 3862 2733 διὰ

2195 2762 2296 2833 τὴν
2319 2761 2479 2832 χάριν
2507 2761 2602 2815 τοῦ
2626 2760 2783 2815 Θεοῦ·
2811 2764 2861 2815 οἰ
2887 2763 2984 2834 μὲν
3004 2762 3117 2836 γὰρ
3142 2763 3397 2837 εὐλαϐείᾳ
3429 2766 3699 2833 συξῶντες
3723 2768 3858 2823 οὐδὲν

2195 2850 2407 2904 δέονται
2430 2850 2532 2921 τῆς
2555 2849 2759 2903 τούτων
2783 2851 3185 2922 παιδαγωγίας·
3211 2855 3427 2919 Δικαίῳ
3460 2857 3575 2925 γὰρ
3604 2858 3777 2927 νόμος
3801 2860 3860 2911 οὐ

2198 2936 2405 3000 κεῖται,
2436 2935 2620 3005 φησίν.
2648 2938 2713 2989 Οἰ
2749 2937 2807 2990 δὲ
2842 2936 3031 2990 πολλοὶ
3062 2939 3202 3010 πρὸς
3233 2941 3434 2995 κακίαν
3480 2941 3776 3012 βλέποντες,
3811 2945 3852 2996 εἰ

2201 3022 2277 3094 μὴ
2307 3023 2400 3076 τὸν
2430 3025 2539 3077 ἀπὸ
2562 3022 2769 3077 τούτων
2799 3023 2964 3092 φόϐον
2991 3021 3136 3096 εἰχον
3166 3027 3350 3090 αὐτοῖς
3379 3029 3747 3101 ἐπικείμενον,
3776 3049 3863 3101 μυ-

2202 3109 2332 3181 ρίων
2362 3108 2429 3163 ἂν
2467 3109 2655 3164 κακῶν
2694 3111 2794 3175 τὰς
2831 3112 3018 3176 πόλεις
3057 3113 3384 3186 ἐνέπλησαν,
3432 3116 3581 3189 ἅπερ
3612 3113 3702 3171 οῦν
3736 3119 3861 3171 καὶὸ

2200 3196 2410 3261 Παῦλος
2451 3196 2680 3253 συνιδὼν
2708 3198 2914 3267 ἔλεγεν·
2961 3202 3043 3254 Οὐ
3092 3201 3204 3271 γάρ
3232 3202 3406 3256 ἐστιν
3429 3203 3685 3268 ἐξουσία
3716 3208 3763 3259 εἰ
3786 3205 3859 3274 μὴ

2197 3286 2318 3339 ὑπὸ
2355 3287 2525 3349 Θεοῦ,
2569 3287 2668 3341 καὶ
2700 3291 2759 3341 al
2790 3284 2971 3343 οὖσαι
2996 3290 3272 3355 ἐξουσίαι
3326 3293 3447 3346 ὑπὸ
3480 3293 3587 3348 τοῦ
3620 3294 3758 3349 Θεοῦ
3784 3311 3860 3349 τευ

2199 3370 2481 3441 ταγμέναι
2522 3374 2700 3427 εἰσίν.
2751 3374 2929 3446 Ὅπερ
2965 3377 3075 3447 γάρ
3110 3380 3250 3431 εἰσιν
3293 3379 3352 3431 ὲν
3385 3382 3519 3444 ταῖς
3542 3380 3738 3444 οἰκίαις
3769 3380 3859 3433 τῶν

2201 3458 2370 3521 ξύλων
2394 3462 2450 3513 αἱ
2476 3460 2826 3531 ἰμαντώσεις,
2860 3462 3021 3517 τοῦτο
3053 3465 3147 3518 καὶ
3179 3468 3229 3519 οἰ
3255 3466 3521 3538 ἄρχοντες
3551 3470 3613 3522 ἐν
3638 3471 3750 3533 ταῖς
3773 3469 3857 3520 πό-

2198 3547 2365 3599 λεσιν·
2398 3549 2491 3601 καὶ
2530 3549 2781 3621 καθάπερ
2810 3548 2877 3603 ἀν
2925 3552 3139 3616 ὲκείνας
3182 3555 3401 3626 ἀνέλῃς,
3447 3555 3783 3620 διαλυθέντες
3819 3557 3860 3609 οί

2197 3636 2364 3705 τοῖχοι
2400 3636 2809 3707 συμπίπτουσιν
2849 3639 3103 3711 ἀλλήλοις
3144 3642 3470 3712 αὐτόματοι·
3509 3644 3648 3699 οὕτω
3675 3644 3765 3716 τῆς
3792 3645 3858 3696 οἰ-

2200 3723 2472 3794 κουμένης
2516 3723 2583 3777 ἂν
2625 3724 2831 3798 ἀφέλῃς
2860 3729 2988 3790 τοὺς
3019 3728 3286 3800 ἄρχοντας
3319 3731 3413 3784 καί
3451 3733 3550 3787 τὸν
3590 3736 3655 3787 ἑκ
3683 3734 3861 3786 τούτων

2200 3808 2387 3878 φόϐον,
2422 3809 2518 3863 καί
2554 3809 2722 3863 οἰκίαι
2752 3811 2846 3863 καὶ
2880 3812 3061 3877 πόλεις
3093 3816 3187 3868 καὶ
3221 3815 3347 3885 ἔθνη
3386 3819 3531 3887 μετά
3562 3818 3754 3889 πολλῆς
3778 3818 3858 3870 ἀλ-

2198 3895 2380 3968 λήλοις
2405 3896 2820 3968 συμπεσοῦνται
2842 3898 2944 3969 τῆς
2974 3901 3179 3965 ἀδείας,
3218 3903 3431 3966 οὐδενὸς
3461 3905 3617 3969 ὄντος
3638 3905 3727 3958 τοῦ
3749 3921 3860 3957 κατι

2200 3982 2417 4053 έχοντος
2444 3983 2539 4037 καί
2575 3984 3038 4056 ἀνακρουομένου,
3069 3990 3165 4042 καὶ
3190 3988 3271 4060 τῷ
3304 3990 3455 4060 φόϐῳ
3480 3992 3581 4063 τῆς
3613 3993 3859 4052 κολάσεως

2201 4070 2594 4135 ἀναπείθοντος
2619 4071 2936 4143 ἡσυχάζειν.

2271 4159 2364 4230 Μὴ
2393 4158 2575 4210 τοίνυν
2606 4159 2883 4230 ἀλγῶμεν,
2930 4162 3225 4233 ἀγαπητοὶ,
3266 4163 3355 4217 διὰ
3383 4164 3475 4218 τὸν
3509 4167 3617 4220 ἀπὸ
3652 4166 3753 4220 τῶν
3775 4168 3861 4238 ἀρ⁴

2198 4244 2404 4316 χόντων
2435 4244 2620 4315 φόϐον,
2652 4247 2788 4301 ἀλλά
2821 4250 2918 4302 καὶ
2945 4250 3361 4323 εὐχαριστῶμεν
3396 4253 3478 4324 τῷ
3514 4255 3653 4327 Θεῷ,
3679 4257 3754 4309 ὅτι
3777 4256 3859 4324 τήι

2199 4329 2475 4401 ρᾳθυμίαν
2506 4331 2666 4402 ἡμῶν
2711 4332 3007 4394 ἀνέστειλε,
3061 4335 3153 4387 καὶ
3201 4334 3657 4410 σπουδαιοτέρους
3694 4340 3859 4411 εἰργάο

2199 4433 2347 4471 σατο.
2368 4418 2432 4470 Τί
2449 4417 2585 4488 γὰρ,
2610 4420 2729 4471 εἰπέ
2757 4437 2876 4491 μοι,
2899 4421 3090 4489 γέγονε
3119 4420 3317 4491 βλάϐος
3341 4424 3452 4477 ἀπὸ
3472 4426 3575 4497 τῆς
3607 4426 3857 4499 φροντίδος

2194 4504 2419 4574 ταύτης,
2460 4506 2554 4558 καὶ
2594 4506 2694 4578 τῆς
2737 4507 3048 4579 μερίμνης;
3092 4510 3175 4561 ὅτι
3211 4511 3531 4584 σεμνότεροι
3577 4515 3858 4584 γεγόναμεν

2198 4593 2292 4644 καὶ
2323 4593 2747 4664 ὲπιεικέστεροι;
2773 4595 2855 4647 δτι
2890 4595 3294 4669 σπουδαιότεροι
3324 4603 3421 4653 καὶ
3449 4600 3859 4673 προσεκτικώτε·

2202 4696 2310 4748 ροι;
2353 4680 2435 4733 ὅτι
2480 4680 2747 4750 μεθύοντα
2791 4681 2886 4733 καὶ
2917 4681 3112 4752 ᾅδοντα
3159 4685 3395 4756 πορνικά
3432 4686 3652 4758 ᾅσματα
3691 4688 3859 4741 οὐδέν]⁵

2199 4765 2469 4835 βλέπομεν
2493 4765 2642 4831 ;ἀλλ’
2673 4767 2755 4819 ὅτι
2780 4766 2924 4820 λιταὶ
2942 4768 3215 4839 διηνεκεῖς
3231 4810 3247 4835 ,
3278 4771 3373 4824 καὶ
3400 4771 3612 4845 δάκρυα
3630 4813 3645 4838 ,
3669 4772 3757 4827 καί
3778 4771 3856 4823 εὐ-

2190 4852 2313 4922 χαίς
2337 4854 2420 4906 ὅτι
2442 4854 2617 4922 γέλως
2638 4855 2868 4926 ἄκαιρος
2895 4857 2990 4909 καί⁵
3009 4858 3214 4929 αἰσχρὰ
3235 4860 3301 4930 ρή
3312 4878 3459 4930 ματα
3477 4904 3492 4928 ,
3524 4863 3619 4915 καὶ
3637 4861 3857 4931 διάχυσις

2191 4938 2379 4992 ἅπασα
2395 4940 2735 5012 ἀπελήλαται
2750 4981 2765 5005 ,
2782 4942 2877 4995 καί
2891 4947 3129 5011 γυναῖκα
3144 4947 3461 5017 εὐσχήμονα
3476 4949 3571 5001 καὶ
3591 4947 3857 5016 ἐλευθέραν

2192 5024 2225 5092 ἡ
2252 5026 2408 5090 πόλις
2438 5029 2571 5099 ήμῖν
2610 5040 2634 5068 ο
2672 5029 2861 5083 ἅπασα
2899 5034 3149 5102 μιμεῖται
3176 5032 3307 5094 νῦν;
3346 5032 3437 5088 διά
3469 5035 3642 5089 ταῦτα
3671 5034 3854 5101 ἀλγεῖς,

2193 5115 2313 5167 εἰπέ
2339 5133 2458 5186 μοι;
2494 5116 2597 5169 Διά
2621 5118 2798 5173 ταῦτα
2826 5120 2924 5190 μὲν
2945 5116 3040 5174 οῦν
3062 5121 3273 5192 χαίρειν
3303 5122 3516 5177 δίκαιον
3544 5124 3638 5177 καί
3661 5123 3856 5193 εὐχαρι-

2195 5205 2340 5255 στεῖν
2380 5203 2458 5274 τῷ
2498 5204 2638 5275 Θεῷ,
2681 5207 2767 5260 ὅτι
2808 5207 3082 5278 τοσαύτην
3119 5209 3377 5280 βλακείαν
3415 5211 3611 5281 ὀλίγων
3659 5207 3855 5282 ήμερῶν

2194 5289 2343 5360 φόϐῳ
2371 5290 2397 5329 «³
2435 5292 2723 5347 κατέλυσε.
2761 5293 2892 5356 Ναὶ,
2933 5296 3123 5367 φησὶν,
3154 5293 3270 5350 ἀλλ’
3300 5301 3349 5352 εἰ
3383 5299 3483 5370 μὲν
3518 5300 3677 5371 μέχρι
3707 5296 3853 5368 φόϐου

2197 5377 2356 5446 μόνον
2380 5379 2794 5451 ἐκινδυνεύομεν
2816 5423 2830 5446 ,
2856 5382 3048 5454 ἱκανὴν
3067 5383 3134 5437 ἂν
3152 5386 3601 5459 ὲκαρπωσάμεθα
3616 5386 3710 5457 τήν
3727 5382 3852 5452 ὠφέ-

2193 5465 2361 5519 λειαν·
2394 5469 2513 5521 νυνὶ
2535 5468 2593 5521 δὲ
2619 5468 2936 5539 δεδοίκαμεν
2968 5470 3043 5542 μὴ
3077 5475 3389 5545 περαιτέρω
3420 5475 3655 5549 προέλθῃ
3688 5474 3745 5527 τὸ
3768 5473 3855 5525 δει-

2194 5553 2303 5616 νὸν,
2327 5555 2422 5608 καὶ
2443 5556 2693 5626 περὶτῶν
2713 5557 2957 5626 ἐσχάτων
2979 5559 3418 5631 κινδυνεύσωμεν
3441 5563 3691 5625 ἅπαντες.
3712 5558 3851 5613 Ἀλλὰ

2199 5640 2272 5711 μὴ
2317 5640 2559 5712 δείσητε,
2610 5642 2823 5705 Παῦλος
2872 5645 3017 5714 ὑμᾶς
3071 5651 3475 5717 παραμυθεῖται
3526 5648 3696 5717 λέγων
3723 5687 3737 5707 ,
3780 5646 3851 5697 ὅτι

2194 5729 2416 5795 Πιστὸς
2446 5733 2477 5783 ὀ
2501 5730 2667 5795 Θεὸς,
2696 5730 2764 5795 ὃς
2793 5732 2903 5786 οὐκ
2928 5732 3097 5787 ἐάσει
3123 5733 3278 5801 ὑμᾶς
3306 5735 3694 5805 πειρασθῆναι
3720 5731 3850 5799 ὑπὲρ

2196 5815 2225 5868 ὃ
2259 5817 2544 5883 δύνασθε,
2580 5816 2741 5871 ἀλλὰ
2762 5817 3001 5886 ποιήσει
3033 5822 3156 5876 σὺν
3184 5822 3262 5887 τῷ
3290 5822 3595 5895 πειρασμῷ
3629 5828 3724 5882 καὶ
3748 5818 3844 5884 τὶιν

2264 5925 2285 5954 ο
2315 5921 2411 5972 Alii
2436 5926 2593 5983 ἡμῶν.

2263 5982 2288 6022 ἀ
2313 5986 2412 6036 ΑΗί
2440 5982 2602 6049 φόϐος.
