3998 6440
269 393 322 448 8|
1219 392 1315 446 AD
1346 390 1662 446 PUPULUM
1705 390 2189 452 ANTIOCHENUM
2253 394 2481 451 HOMIL.
2527 394 2611 448 Vl.
3475 400 3544 456 82

273 523 370 564 tum
400 525 462 564 ex
489 524 546 563 se
572 507 849 580 pulchrum
874 507 1084 562 videtur
1103 549 1118 573 ,
1147 507 1315 561 multo
1346 507 1616 577 pulchrius
1658 517 1835 562 autem
1943 505 2089 562 bilis.
2123 506 2232 562 Nec
2263 507 2363 563 hoc
2388 519 2470 563 est
2495 525 2766 579 magnum,
2795 510 2937 580 quod
2960 512 3184 567 invicem
3217 526 3313 567 nos
3341 511 3530 567 lauda-

273 601 413 655 uohis
438 600 699 654 videbitur
729 609 910 654 nostro
933 600 1366 668 circumpositum
1393 599 1604 669 corpori
1639 613 1655 664 ;
1685 599 1762 652 sic
1784 608 1839 654 et

274 692 355 746 ltei
383 691 623 746 mandata
649 690 863 760 pulchra
888 689 1099 759 quidem
1124 698 1265 751 sunt,
1290 690 1449 745 etiam
1472 706 1592 745 cum
1621 690 1841 744 laudan-

268 790 381 845 tur;
419 781 582 835 multo
622 791 796 834 autem
860 780 1163 850 pulchriora
1189 823 1204 846 ,
1251 796 1371 835 cum
1434 790 1489 836 et
1531 782 1835 852 exploratur,

269 883 531 945 apparent.
560 872 768 927 Etenim
797 887 939 928 nunc
980 874 1124 927 brevi
1156 875 1412 942 temporis
1442 884 1715 928 momento
1753 874 1837 927 di-

267 976 343 1020 cta
368 974 544 1033 nostra
568 963 789 1018 laudatis
812 979 827 1029 ;
856 966 898 1017 si
925 979 1056 1018 vero
1082 979 1169 1018 res
1197 965 1485 1034 impleatis,
1510 980 1604 1034 per
1624 980 1838 1018 omnem

271 1058 420 1124 diem,
445 1066 498 1111 et
527 1072 619 1125 per
641 1071 799 1111 omne
823 1066 1052 1125 tempus,
1083 1067 1135 1110 et
1160 1070 1260 1111 nos
1285 1067 1339 1110 et
1370 1071 1463 1110 vos
1490 1057 1632 1127 ipsos
1662 1057 1845 1110 lauda-

1948 600 2124 655 bimus
2144 642 2160 666 ,
2191 600 2284 655 sed
2310 600 2450 669 quod
2482 609 2534 654 et
2567 602 2705 656 Deus
2741 618 2838 657 nos
2879 604 3134 672 suscipiet
3163 620 3176 656 :
3205 618 3304 658 nec
3335 613 3537 658 tantum

1945 691 2239 763 suscipiet,
2283 691 2378 747 sed
2409 701 2463 746 ct
2505 694 2713 764 magnis
2744 694 2847 748 illis
2889 695 3321 750 retnoncrabitur
3361 704 3415 750 et
3454 695 3532 748 in-

1947 784 2247 840 el'fabilibus
2271 784 2427 839 donis
2460 801 2473 836 :
2502 800 2618 855 quae
2651 800 2748 839 nos
2777 801 2964 840 omnes
3003 788 3213 857 assequi
3243 788 3538 857 contingat.

1946 875 2115 944 gratia
2143 874 2355 929 Domini
2387 875 2555 929 nostri
2582 874 2709 930 Jesu
2736 874 2972 943 Christi,
3024 891 3119 945 per
3153 893 3310 947 quem
3340 886 3541 932 etcum

1948 981 2054 1035 quo
2086 964 2225 1020 Patri
2274 966 2443 1035 gloria
2492 982 2595 1020 una
2641 981 2763 1021 cum
2809 978 2996 1021 sancto
3040 968 3260 1038 Spiritu,
3311 984 3452 1023 nunc
3490 975 3544 1022 et

1952 1072 2184 1125 semper,
2212 1066 2264 1112 et
2292 1056 2343 1110 in
2374 1059 2569 1111 smcula
2594 1053 2932 1113 smculorum.
2974 1060 3165 1113 Amen.

266 1288 423 1344 ριόι)
465 1289 668 1332 UTILIS
710 1288 821 1330 EST
865 1286 1368 1330 MAGISTRATUUM
1412 1283 1637 1339 TIMOR,
1686 1284 1766 1326 ET
1810 1283 2132 1327 NARRA'I'IO
2178 1284 2421 1337 EORUM,
2468 1283 2611 1335 QUAE
2656 1284 2776 1325 PER
2822 1285 2977 1327 VIAM
3021 1285 3425 1329 ACCIDERUN'I‘
3467 1282 3548 1325 IIS

337 1391 440 1444 QUI
484 1389 769 1432 NUNTIUM
816 1386 1170 1432 SEDITIONIS
1213 1385 1606 1429 IMPERATORI
1643 1383 2063 1426 AFFEREBANT
2112 1385 2126 1424 2

2175 1383 2255 1425 ΕΤ
2298 1382 2469 1435 QUOD
2498 1382 2605 1435 QUI
2642 1383 2905 1426 lNDlGNA
2944 1384 3219 1425 PATITUR
3277 1385 3356 1426 ET
3383 1384 3551 1427 ens-

337 1490 470 1534 τιιιε
514 1488 659 1533 Δϐιτ
705 1486 1139 1530 PERMITTENTI
1186 1485 1333 1539 DEO,
1381 1485 1503 1527 PAR
1541 1484 1642 1527 SIT
1686 1484 1748 1526 EI
1793 1483 1849 1536 Ql

1958 1483 2118 1525 ,‘AIJA
2150 1482 2438 1525 PROPTER
2465 1484 2644 1527 DEUM
2682 1485 2979 1527 I’ATITUR.
3025 1485 3321 1529 EXBMPLA
3378 1485 3532 1528 ιιυιι·

339 1590 452 1633 ευδι
485 1593 518 1632 Δ
565 1588 791 1631 ἰἰὶιυυδ
836 1588 1056 1631 PUERIS
1102 1587 1182 1629 ΕΤ
1226 1584 1512 1629 FOIINACE
1558 1583 1951 1626 BABYLONICA
1998 1585 2014 1622 ζ

2063 1583 2143 1624 ΕΤ
2186 1583 2268 1624 DE
2312 1583 2732 1627 ABSTINENTIA
2777 1586 2814 1627 Δ
2858 1584 3280 1627 JURAMITNTIS.

1541 1702 2268 1741 WWWW

897 1863 1116 1904 IlOﬂlLlA
1156 1864 1227 1901 γι.

336 1991 384 2045 1.
423 1988 613 2044 Multos
639 1986 851 2058 quidem
898 1983 1255 2055 impendimus
1288 1982 1732 2042 diescharitatem
1754 1995 1850 2035 ve-

269 2093 420 2139 stram
451 2079 795 2136 consolantes
820 2095 832 2129 :
865 2091 970 2132 non
994 2084 1274 2146 propterea
1310 2084 1486 2128 tamen
1530 2075 1596 2128 ab
1625 2074 1724 2127 hac
1751 2072 1849 2125 de-

271 2174 509 2227 sistemus
532 2170 789 2232 materia;
821 2168 913 2224 sed
936 2168 1107 2222 donec
1136 2167 1364 2220 tristitia:
1398 2164 1587 2220 vulnus
1634 2180 1848 2218 reman-

269 2266 404 2327 serit,
450 2262 837 2319 consolationis
891 2260 1340 2314 medicamentum
1388 2258 1745 2325 imponemus.
1794 2256 1848 2311 Si

270 2357 401 2411 enim
431 2355 674 2424 corporis
698 2354 919 2407 vulnera
945 2366 1135 2406 curare
1183 2365 1289 2403 non
1332 2349 1583 2404 desinunt
1634 2348 1849 2414 medici,

269 2445 425 2500 donec
443 2445 705 2499 desivisse
742 2443 980 2497 dolorem
1013 2441 1278 2495 viderint:
1332 2440 1499 2493 multo
1538 2440 1707 2509 ntagis
1751 2438 1852 2492 hoc

272 2536 516 2591 inanima
560 2534 673 2589 ﬁeri
706 2535 976 2588 convenit.
1023 2532 1237 2587 Etenim
1289 2532 1482 2585 anima:
1532 2532 1722 2584 vulnus
1770 2540 1853 2584 est

271 2629 491 2693 tristitia,
552 2636 613 2683 et
654 2628 822 2696 ipsam
872 2626 1124 2680 contione
1177 2624 1387 2678 lenibus
1434 2622 1617 2677 fovere
1672 2622 1852 2677 verbis

269 2730 508 2789 oportet:
563 2735 663 2774 nec
702 2721 842 2774 enim
894 2721 963 2773 ita
1016 2717 1196 2772 carnis
1245 2726 1508 2771 tumorem
1558 2715 1850 2770 calidarum

270 2812 395 2866 solet
433 2827 694 2882 aquarum
749 2820 935 2865 natura
984 2810 1278 2874 remittere,
1332 2818 1389 2862 ut
1432 2811 1623 2862 animae
1662 2818 1850 2862 arstum

271 2903 651 2957 consolantium
681 2902 830 2972 copia
860 2916 1168 2956 sermonum
1198 2900 1386 2955 sedare
1405 2900 1702 2955 consuevit.
1735 2898 1849 2953 Non

270 2991 348 3047 hic
373 3009 503 3063 opus
547 2995 791 3064 spongia,
843 2993 981 3048 sicut
1036 2991 1278 3057 medicis,
1328 2991 1422 3045 sed
1478 3006 1577 3062 pro
1627 2991 1849 3060 spongia

271 3084 488 3153 linguam
520 3085 872 3140 tractabimus
898 3103 911 3139 :
943 3099 1046 3137 non
1080 3082 1168 3137 hic
1192 3097 1328 3151 opus
1358 3083 1499 3152 igne,
1536 3098 1641 3153 quo
1684 3095 1852 3150 aquas

269 3175 654 3241 calefaciamus,
679 3176 771 3230 sed
800 3191 897 3245 pro
949 3174 1071 3244 igne
1117 3173 1346 3243 Spiritus
1390 3174 1560 3243 gratia
1619 3181 1851 3227 utemur.

267 3270 369 3337 Age
396 3269 557 3339 igitur
586 3276 641 3322 et
680 3266 841 3322 hodie
868 3266 972 3321 hoc
1006 3266 1181 3336 ipsum
1216 3264 1490 3318 faciamus.
1542 3262 1652 3317 Nisi
1706 3262 1850 3317 enitn

268 3375 357 3415 nos
381 3361 801 3416 consolationem
822 3360 974 3413 vobis
1020 3358 1377 3421 attulerimus,
1430 3357 1571 3412 unde
1610 3356 1848 3410 solamen

267 3454 463 3510 abunde
517 3453 798 3524 capietis?
842 3452 1061 3508 Judices
1109 3460 1329 3516 terrent,
1381 3450 1501 3506 ideo
1544 3451 1852 3505 sacerdotes

267 3544 653 3599 consolentur:
700 3547 1042 3614 magistratus
1082 3543 1388 3607 minantur,
1439 3542 1559 3597 ideo
1612 3541 1852 3597 Ecclesia

267 3637 563 3692 conﬁrmet.
582 3637 789 3691 Etenim
815 3639 918 3692 hoc
937 3636 988 3690 in
1004 3635 1241 3707 parvulis
1260 3635 1438 3690 evenit
1457 3651 1471 3700 ;
1496 3644 1853 3705 praeceptores

269 3737 479 3795 terrent,
508 3737 568 3783 et
598 3728 902 3794 verberant,
930 3736 985 3782 et
1014 3729 1371 3798 laerymantes
1399 3726 1468 3780 ad
1516 3737 1715 3781 matres
1761 3742 1850 3781 re-

267 3821 733 3877 mittuntzmatres
754 3835 880 3875 vero
902 3821 1024 3874 sinu
1069 3820 1423 3889 suscipientes
1473 3820 1756 3873 continent
1797 3828 1851 3873 et

267 3914 793 3982 circumplectuntur.
822 3922 876 3968 et
905 3913 1169 3984 laerymas
1213 3911 1556 3981 detergentes
1595 3912 1851 3965 osculan-

269 4015 366 4071 tur,
392 4014 445 4060 et
488 4005 764 4060 dolentem
796 4006 1032 4075 ipsorum
1077 4004 1310 4058 animam
1362 4003 1623 4067 relevant,
1674 4002 1851 4057 verbis

266 4100 663 4165 persuadentes,
686 4096 856 4166 ipsius
879 4097 1059 4150 utilem
1083 4111 1201 4150 esse
1220 4104 1607 4165 prmceptorum
1626 4102 1849 4149 metum.

331 4189 728 4261 Magistratuttm
755 4188 906 4242 timor
929 4189 1091 4242 utilis.
1121 4217 1195 4228 -
1217 4187 1479 4254 Quoniam
1506 4186 1664 4257 igitur
1684 4193 1739 4240 et
1758 4201 1851 4239 vos

269 4289 566 4338 terruerunt
593 4283 954 4352 magistratus,
1002 4290 1058 4337 et
1109 4281 1299 4336 anxios
1354 4279 1719 4345 reddiderunt,
1750 4279 1853 4333 Ee-

265 4371 415 4427 clesia
445 4372 752 4428 communis
780 4372 1019 4426 omnium
1035 4382 1208 4427 mater
1218 4379 1398 4426 nostra
1415 4371 1564 4425 sinus
1580 4370 1848 4441 aperiens,

268 4475 318 4520 et
338 4468 544 4538 supinis
590 4466 892 4537 suscipiens
934 4468 1182 4521 manibus
1231 4465 1469 4537 quotidie
1519 4465 1848 4530 consolatur,

265 4558 440 4615 dicens
457 4561 645 4614 utilem
667 4574 788 4615 esse
812 4560 1217 4630 magistratuum
1242 4559 1665 4624 metum,utilem
1689 4560 1849 4614 etiam

267 4649 384 4706 hinc
408 4650 700 4722 profectam
730 4650 1179 4706 consolationem.
1225 4650 1441 4704 Illorum
1483 4650 1625 4703 enim
1675 4658 1851 4704 metus

267 4759 365 4799 non
411 4746 541 4801 sinit
563 4758 662 4800 nos
689 4752 909 4813 torpore
931 4743 1183 4809 dissolvi;
1214 4742 1370 4812 hujus
1391 4751 1569 4796 autem
1600 4743 1851 4797 consola-

269 4836 338 4891 tio
379 4838 480 4892 sub
510 4836 729 4891 tristitia
774 4835 1128 4890 succumbere
1167 4850 1273 4889 non
1321 4834 1616 4905 permittit:
1659 4843 1714 4889 et
1760 4852 1854 4904 per

269 4937 485 4999 utraque
512 4929 653 4983 Deus
675 4927 900 4982 salutem
933 4935 1171 4981 nostram
1201 4926 1455 4996 disponit.
1480 4924 1612 4980 Nam
1657 4938 1712 4981 et
1742 4943 1856 4981 ma—

266 5022 517 5088 gistratus
552 5021 668 5091 ipse
708 5019 958 5085 armavit,
1009 5029 1066 5074 ut
1117 5019 1457 5074 lascivientes
1501 5028 1773 5074 terreant:
1801 5030 1854 5075 et

267 5113 570 5167 sacerdotes
596 5112 709 5182 ipse
739 5109 920 5181 elegit,
977 5119 1035 5164 ut
1087 5108 1332 5164 dolentes
1373 5109 1764 5164 consolentur:
1799 5120 1855 5166 et

269 5200 380 5257 hau:
395 5213 626 5273 utraque
655 5210 777 5272 post
796 5201 1124 5271 Scripturas,
1150 5200 1263 5272 ipsa
1286 5201 1450 5256 etiam
1479 5216 1658 5256 rerum
1682 5218 1849 5272 expe-

268 5293 453 5349 rientia
481 5294 711 5349 docet‘.
743 5291 799 5348 Si
830 5294 974 5348 enim
999 5307 1119 5347 cum
1146 5308 1254 5346 non
1276 5292 1531 5347 deessent
1569 5296 1854 5363 magistra-

269 5397 374 5453 tus,
401 5398 453 5443 et
480 5388 677 5444 milites
704 5387 756 5441 in
774 5387 941 5445 armis
960 5396 1158 5457 praesto
1174 5396 1373 5451 essent,
1397 5387 1545 5441 furor
1563 5403 1853 5458 paucorum

270 5478 540 5536 hominum
570 5480 995 5552 promiscuorum
1018 5488 1073 5535 et
1099 5479 1427 5535 advenarum
1467 5482 1613 5536 brevi
1644 5490 1853 5552 tempo-

272 5577 342 5629 ris
367 5585 642 5631 momento
671 5584 876 5629 tantum
897 5575 1373 5630 uobisincendium
1397 5576 1541 5643 fecit,
1570 5586 1625 5632 et
1652 5588 1851 5632 tantam

275 5665 511 5720 territavit
537 5665 849 5736 procellam,
876 5664 1018 5720 etde
1047 5665 1324 5736 naufragio
1352 5676 1578 5723 cunctos
1613 5677 1853 5724 metuere

335 5818 349 5850 ‘
388 5819 570 5880 Αιίψιυι
593 5829 702 5871 stas.
733 5834 745 5869 :
776 5819 1081 5882 Experiendo
1104 5821 1294 5872 cttmtut.

1958 1850 2253 1919 compulit:
2286 1850 2331 1904 si
2364 1850 2771 1919 magistratuum
2815 1859 2991 1902 metus
3034 1847 3257 1902 omnino
3306 1845 3549 1902 sublatus

1958 1943 2176 2007 fuisset,
2205 1941 2271 1997 ad
2297 1942 2420 2011 quid
2452 1941 2645 1995 furoris
2675 1941 2762 1995 isti
2792 1957 2896 1994 non
2938 1938 3257 1995 venissent?
3296 1953 3476 1993 nonne
3518 1955 3549 1992 a

1961 2034 2325 2089 fundamentis
2348 2033 2486 2089 hanc
2509 2034 2665 2089 nobis
2692 2034 2877 2088 urbem
2910 2033 3257 2095 evertissent,
3290 2041 3345 2087 et
3371 2031 3549 2085 omnia

1956 2125 2366 2191 confundentes,
2404 2126 2548 2196 ipsas
2574 2126 2788 2179 demum
2815 2124 3023 2178 animas
3047 2133 3257 2177 nostras
3284 2122 3540 2177 abstulis-

1955 2217 2113 2270 sent?
2140 2216 2194 2271 Si
2217 2218 2360 2270 enim
2385 2215 2657 2285 judicialia
2683 2214 2965 2269 sustuleris
2988 2213 3291 2277 tribunalia,
3325 2227 3542 2267 omnem

1955 2308 2078 2362 vita:
2107 2316 2304 2361 nostra:
2333 2306 2576 2361 ordinem
2601 2305 2884 2359 sustuleris
2910 2320 2924 2356 :
2956 2312 3012 2358 et
3044 2302 3183 2356 sicut
3202 2302 3246 2355 si
3277 2301 3541 2372 guberna-

1958 2404 2128 2455 torem
2160 2415 2188 2451 a
2217 2399 2337 2451 navi
2371 2395 2731 2467 separaveris,
2760 2395 3013 2463 scapham
3068 2392 3448 2456 submerseris,
3497 2401 3550 2445 et

1956 2492 2000 2544 si
2028 2490 2220 2544 ducem
2243 2490 2311 2544 ab
2339 2490 2580 2543 exercitu
2610 2487 2919 2551 abduxeris,
2943 2485 3154 2539 vinctos
3181 2485 3420 2539 lt05libus
3447 2492 3553 2537 tra-

1956 2584 2155 2639 dideris
2185 2583 2423 2637 milites:
2455 2582 2525 2635 ita
2552 2582 2595 2635 si
2621 2581 2966 2649 magistratus
2989 2578 3057 2633 de
3076 2576 3381 2632 civitatibus
3431 2577 3552 2631 abs-
3610 2612 3615 2617 -

1959 2677 2165 2742 tuleris,
2224 2675 2354 2731 feris
2395 2673 2855 2729 irrationabilibus
2907 2672 3077 2741 magis
3124 2667 3547 2723 irrationabilem

1956 2770 2213 2841 degemus
2238 2769 2420 2832 vitam,
2456 2769 2601 2823 inter
2626 2781 2724 2821 nos
2750 2765 3058 2820 mordentes
3083 2773 3139 2818 et
3164 2777 3261 2816 nos
3287 2761 3548 2815 devoran-

1956 2874 2058 2926 tes,
2081 2862 2455 2931 pauperiorem
2474 2861 2647 2923 dives,
2680 2857 3033 2913 inﬁrmiorem
3064 2852 3357 2924 potentior,
3391 2865 3546 2905 mau-

1955 2957 2249 3010 suetiorem
2280 2953 2558 3008 audacior.
2594 2952 2698 3007 Sed
2733 2951 2923 3005 borum
2954 2947 3088 3003 nihil
3134 2961 3277 3001 nunc
3321 2953 3405 2998 est
3448 2959 3545 3013 per

1961 3047 2051 3101 Dei
2080 3048 2343 3115 gratiam:
2375 3045 2427 3099 in
2458 3043 2720 3115 religione
2749 3041 2893 3097 enim
2942 3040 3184 3094 viventes
3239 3036 3367 3090 nihil
3414 3050 3549 3104 opus

1957 3139 2149 3192 horum
2178 3137 2376 3192 habent
2399 3136 2780 3191 correctione:
2829 3130 2980 3185 Justo
3015 3133 3159 3187 enim
3199 3129 3282 3183 (ea:
3324 3144 3424 3180 non
3477 3133 3548 3178 est

1958 3231 2141 3300 posita,
2174 3226 2700 3299 inquit(l.Tim.-l.
2729 3224 2806 3296 9).
2862 3221 3011 3277 Multi
3063 3234 3197 3273 vero
3243 3217 3310 3272 ad
3356 3216 3546 3270 vitium

1955 3330 2283 3391 Spectantes,
2315 3319 2417 3374 nisi
2436 3321 2578 3373 hunc
2601 3316 2972 3371 imminentem
2995 3312 3242 3367 timorem
3262 3309 3546 3367 baberent.

1958 3413 2180 3468 infinitis
2252 3412 2436 3482 utique
2493 3410 2648 3463 malls
2717 3408 2960 3462 civitates
3014 3403 3374 3473 implessent,
3428 3413 3549 3469 qua:

1957 3504 2155 3558 Paulus
2175 3518 2386 3573 quoque
2410 3516 2737 3570 cognoscens
2759 3498 2971 3553 dicebat
2994 3513 3006 3549 :
3047 3493 3165 3549 Non
3186 3493 3320 3546 enim
3348 3500 3417 3546 est
3448 3506 3545 3560 po-

1956 3606 2127 3659 testas,
2157 3596 2252 3648 nisi
2274 3612 2305 3647 a
2330 3594 2436 3647 Deo
2456 3611 2474 3647 :
2497 3604 2542 3647 et
2572 3608 2685 3663 qua:
2708 3601 2824 3646 sunt
2854 3598 3139 3658 potestates,
3188 3602 3219 3638 a
3247 3584 3355 3637 Deo
3408 3580 3550 3635 ordi-

1956 3703 2091 3744 nata:
2114 3690 2435 3756 sunt(Ront.
2475 3689 2560 3743 15.
2593 3687 2668 3757 1).
2697 3686 2848 3751 Quod
2880 3684 3023 3739 enim
3070 3683 3124 3735 in
3172 3677 3421 3734 domibus
3472 3675 3548 3729 fa-

1955 3784 2103 3837 ciunt
2146 3783 2409 3850 lignorum
2460 3779 2906 3849 contignationes,
2958 3775 3060 3829 hoc
3113 3772 3452 3840 magistratus
3496 3767 3549 3819 in

1955 3874 2259 3929 civitatibus
2284 3891 2297 3926 :
2331 3883 2383 3925 et
2410 3873 2541 3924 sicut
2571 3872 2617 3924 si
2647 3871 2764 3924 illas
2784 3868 3085 3929 sustuleris,
3118 3862 3358 3917 dissoluti
3380 3858 3551 3928 parie-

1957 3975 2037 4019 tes
2062 3981 2153 4035 per
2174 3980 2293 4018 sesc
2321 3973 2580 4017 corruunt
2609 3979 2622 4015 :
2656 3961 2727 4014 ita
2776 3960 2819 4012 si
2870 3974 2934 4012 ex
2985 3955 3185 4022 mundo
3210 3953 3551 4021 magistratus

1959 4058 2111 4113 tollas
2127 4066 2182 4112 et
2203 4056 2392 4110 horum
2423 4065 2645 4117 metum,
2674 4059 2728 4105 et
2752 4050 2943 4104 domus
2967 4058 3019 4102 et
3046 4046 3290 4101 civitates
3317 4051 3373 4096 et
3412 4056 3546 4111 gen—

1957 4159 2036 4203 tes
2057 4163 2178 4203 cum
2209 4147 2371 4202 multa
2402 4148 2541 4200 inter
2566 4159 2625 4199 se
2647 4141 2857 4197 licentia
2881 4145 3158 4199 corruent,
3195 4134 3412 4189 nemine
3430 4131 3548 4186 exi-

1957 4250 2131 4295 stente
2159 4241 2247 4311 qui
2276 4241 2549 4293 contineat
2571 4249 2624 4291 et
2653 4234 2897 4304 repellat,
2930 4242 2985 4287 et
3015 4246 3187 4301 poena:
3217 4228 3409 4282 timore
3452 4241 3546 4279 eos

1957 4333 2241 4402 quiescere
2265 4330 2604 4400 persuadeat.

2028 4422 2399 4477 Erumnarum
2425 4420 2632 4473 utilitas.
2658 4415 2807 4470 —-Ne
2833 4416 2991 4486 igitur
3009 4413 3307 4477 doleamus,
3350 4408 3549 4471 dilecti,

1959 4526 2173 4587 propter
2193 4513 2595 4584 magistratuum
2623 4519 2855 4573 metum;
2884 4520 3068 4562 verum
3107 4513 3163 4559 et
3206 4504 3315 4558 Deo
3352 4501 3550 4572 gratias

1957 4623 2179 4679 agamus
2203 4606 2343 4677 quod
2368 4616 2636 4674 torporem
2661 4612 2902 4657 nostrum
2944 4597 3298 4667 corripuerit,
3349 4606 3404 4649 et
3454 4609 3552 4648 nos

1958 4700 2324 4770 diligentiores
2374 4697 2631 4753 etl'ecerit.
2677 4694 2829 4762 Quod
2887 4695 3028 4747 enim
3060 4732 3075 4755 ,
3132 4704 3347 4761 qua-so,
3395 4687 3546 4741 dam-

1959 4808 2086 4846 num
2110 4791 2305 4845 factum
2328 4799 2409 4844 est
2439 4805 2503 4843 ex
2550 4802 2677 4841 cura
2710 4795 2764 4840 et
2814 4782 3175 4839 sollicitudine
3231 4778 3369 4833 ista?
3408 4778 3549 4847 quod

1961 4884 2293 4937 honestiores
2319 4881 2439 4935 facti
2486 4880 2655 4933 simus
2696 4885 2750 4931 et
2787 4871 3209 4928 mansuetiores?
3238 4868 3379 4939 quod
3427 4868 3550 4922 dili-

1958 4976 2231 5046 gentiores
2261 4984 2315 5029 et
2339 4970 2698 5027 attentiores?
2723 4969 2862 5038 quod
2890 4968 3097 5023 ebrium
3145 4973 3199 5018 et
3248 4963 3550 5018 meretricia

1959 5056 2239 5124 canentem
2266 5066 2473 5120 cantica
2524 5063 2801 5118 videamus
2829 5060 3140 5115 neminem?
3169 5056 3313 5126 quod
3353 5054 3553 5125 suppli-

1959 5162 2202 5216 cationes
2228 5159 2516 5222 continuae,
2548 5167 2599 5210 et
2627 5156 2880 5226 lacryma:
2907 5161 2963 5208 et
2985 5152 3212 5222 preces?
3243 5150 3385 5221 quod
3409 5150 3550 5203 risus

1960 5254 2315 5323 importunus,
2338 5260 2394 5305 et
2420 5249 2591 5319 turpia
2613 5248 2796 5313 verba,
2819 5257 2874 5299 et
2898 5245 3071 5299 omnis
3094 5244 3308 5298 lascivia
3331 5239 3549 5309 expulsa

1959 5346 2049 5411 sit,
2073 5354 2126 5398 et
2152 5343 2431 5397 mulierem
2460 5340 2758 5395 modestam
2808 5348 2862 5393 et
2890 5338 3112 5394 liberam
3139 5336 3327 5390 civitas
3369 5339 3550 5385 nostra

1962 5449 2069 5495 tota
2101 5454 2242 5494 nunc
2260 5435 2535 5492 imitetur?
2565 5443 2786 5505 propter
2806 5432 2924 5487 haec
2944 5428 3134 5485 doles?
3162 5427 3299 5494 Quin
3321 5421 3552 5494 gaudere

1963 5539 2179 5602 propter
2204 5529 2319 5585 lure
2342 5538 2397 5583 et
2425 5529 2534 5584 Deo
2554 5527 2756 5599 gratias
2781 5539 2941 5596 agere
2966 5521 3134 5589 magis
3150 5525 3382 5586 oportet,
3409 5513 3552 5584 quod

1964 5633 2163 5678 tantam
2189 5620 2467 5677 mollitiem
2503 5633 2790 5689 paucorum
2819 5616 3025 5669 dierum
3054 5608 3341 5664 formidine
3376 5605 3552 5660 resol-

1963 5717 2118 5771 \crit.
2150 5714 2266 5771 Non
2292 5731 2448 5784 nego,
2477 5713 2682 5785 inquit;
2716 5708 2809 5764 sed
2855 5706 2898 5759 si
2926 5705 2991 5758 ad
3021 5711 3219 5756 metum
3243 5714 3410 5770 usque
3431 5709 3551 5751 tan-

1963 5823 2070 5866 tum
2100 5810 2543 5881 periclitaremur,
2595 5804 2723 5859 satis
2751 5812 2993 5857 essemus
3015 5795 3259 5851 utilitatis
3312 5790 3497 5849 literati
3531 5805 3549 5845 ς
