3998 6444
460 333 529 387 83
1182 329 1234 387 S.
1277 330 1555 389 JOANNIS
1589 332 2066 392 CHRYSOSTOMI
2102 339 2420 399 ARCHIEP.
2458 342 2989 402 CONSTANTINOP.
3655 356 3718 411 ει

460 456 606 496 nunc
637 454 765 495 vero
792 440 1040 495 timemus
1070 455 1135 494 ne
1175 441 1397 497 ulterius
1419 443 1615 499 malum
1645 445 1935 516 procedat,
1989 458 2045 506 et

460 532 529 585 de
561 532 762 586 ultimis
789 530 1151 599 periclitemur
1175 547 1381 587 omnes.
1405 532 1512 589 Sed
1543 550 1611 590 ne
1633 537 1884 604 timeatis,
1910 539 2046 596 Pau-

462 623 547 677 lus
567 640 659 676 vos
690 624 994 678 causulatur
1019 624 1244 680 dicens:
1280 624 1474 681 Fidelis
1496 637 1567 680 est
1611 626 1767 696 Deus,
1817 631 1904 701 qui
1946 648 2050 686 non

460 715 586 767 sinet
614 730 696 766 vos
721 715 900 767 tentari
926 716 1038 782 plus
1060 732 1211 786 quant
1236 718 1460 784 potestis,
1512 718 1602 771 sed
1646 721 1792 791 faciet
1843 731 1892 776 et
1935 739 2051 777 cum

466 806 736 856 (munione
763 815 1076 873 proventum,
1107 815 1158 857 ut
1205 808 1406 877 possitis
1431 807 1644 874 sufferre
1673 809 1749 880 (Ι.
1774 810 1892 865 Cor.
1953 812 2043 867 10.

465 897 570 961 15),
606 894 631 945 Ι
640 912 727 963 pse
751 896 881 948 enim
907 896 1054 960 dixit,
1090 895 1212 950 Non
1235 905 1279 950 te
1305 899 1576 964 dimittam,
1597 917 1751 970 neque
1767 910 1814 955 te
1832 902 2052 957 derelin-

462 985 655 1055 quunt(
686 982 842 1037 lletr.
880 986 969 1039 l5.
993 985 1052 1046 ὃς
1092 983 1248 1039 Deut.
1280 987 1369 1044 3|.
1398 988 1464 1053 6;
1495 988 1610 1042 Jos.
1643 990 1694 1045 1.
1721 991 1797 1062 5).
1827 993 1881 1047 Si
1908 995 2051 1048 enim

466 1074 625 1129 rebus
657 1075 786 1143 ipsis
813 1076 1077 1145 castigare
1103 1077 1287 1141 vellet,
1318 1087 1373 1131 et
1398 1079 1659 1134 malorum
1683 1082 2012 1151 experientia
2036 1126 2050 1146 ,

460 1183 569 1223 ton
597 1176 675 1221 tot
703 1167 892 1222 diebus
925 1181 1022 1221 nos
1047 1168 1225 1223 timori
1254 1169 1598 1227 tradidisset:
1628 1189 1748 1227 cum
1778 1177 1921 1230 enim
1952 1194 2052 1246 pn-

468 1259 584 1314 iire
633 1259 882 1320 noluerit,
916 1268 1112 1326 terret;
1142 1262 1396 1330 quoniam
1449 1262 1494 1317 si
1543 1266 1822 1333 puniturus
1875 1275 2054 1331 esset,

470 1353 631 1406 timor
655 1362 800 1407 esset
827 1352 1150 1421 superﬂuus,
1181 1354 1678 1437 superflute‘minae.
1726 1357 1878 1412 Nunc
1928 1374 2057 1413 vero

471 1443 766 1498 innumeris
794 1444 1058 1498 mortibus
1082 1445 1382 1515 graviorem
1407 1448 1567 1501 vitam
1590 1450 1961 1517 sustinuimus,
1984 1459 2061 1505 tot

466 1533 659 1587 uiebus
682 1534 1006 1603 trepidantes
1031 1544 1087 1589 et
1118 1545 1428 1598 trementes.
1473 1549 1527 1593 et
1555 1539 1697 1610 ipsas
1720 1540 1938 1595 umbras
1969 1557 2057 1596 re-

470 1623 845 1689 lortnidantes,
873 1635 1032 1693 atque
1060 1626 1227 1695 ipsius
1246 1626 1374 1681 Cain
1397 1643 1611 1699 pamam
1643 1629 1870 1696 luentes,
1922 1639 1977 1685 et
2028 1645 2060 1685 e

474 1716 653 1770 medio
676 1732 866 1772 somno
897 1733 1005 1786 pne
1033 1721 1287 1773 continua
1315 1722 1586 1774 anxietate
1605 1722 1940 1788 exsilientes,
1991 1722 2058 1774 ita

474 1819 533 1861 ut
556 1809 599 1863 si
628 1809 787 1863 etiam
820 1809 984 1864 Deum
1035 1811 1416 1877 irritassemus,
1475 1827 1617 1868 nunc
1664 1822 1864 1867 tantam
1921 1813 2060 1882 passi

476 1915 711 1969 prunam,
764 1901 1183 1958 reddidissemus
1233 1905 1541 1973 propitium.
1600 1905 1710 1959 Etsi
1754 1906 1896 1960 enim
1956 1922 2061 1959 non

473 1992 689 2061 dignum
713 2003 933 2062 peccato
962 1995 1282 2065 supplicium
1309 1995 1578 2064 dedimus,
1614 1998 1704 2053 Dei
1734 2008 1912 2055 tamen
1955 1998 2064 2054 cle-

479 2081 693 2136 tuentia-
719 2082 934 2137 sufficit.

543 2174 599 2226 ‘2.
644 2173 830 2228 Nuntii
849 2175 1107 2231 seditionis
1135 2176 1462 2232 Antiocheam
1487 2178 1540 2232 in
1564 2179 1645 2232 via
1666 2194 1833 2233 moras
1862 2179 2067 2233 trahere

475 2274 740 2335 (aguntur.
772 2295 843 2306 —
867 2266 983 2322 Non
1014 2276 1217 2322 tantum
1237 2279 1415 2324 autem
1444 2284 1510 2323 ex
1539 2268 1660 2335 hoc,
1691 2269 1786 2324 sed
1813 2270 1974 2324 etiam
1999 2285 2064 2322 ex

478 2355 600 2408 aliis
650 2357 830 2410 multis
879 2357 1150 2413 confidere
1195 2370 1407 2429 oportet
1445 2375 1458 2412 :
1512 2376 1617 2414 non
1665 2358 1808 2414 enim
1856 2359 2065 2414 modica

477 2447 633 2502 nobis
662 2447 815 2502 bona:
840 2449 954 2518 spei
977 2450 1198 2520 pignora
1223 2451 1331 2519 jam
1356 2451 1498 2506 Deus
1522 2450 1690 2505 dedit.
1722 2452 1787 2505 Et
1810 2451 1950 2520 quod
1982 2460 2066 2506 est

477 2540 717 2594 omnium
750 2542 1005 2609 primum,
1038 2543 1127 2612 qui
1157 2543 1355 2597 malum
1383 2544 1613 2597 attulere
1635 2542 1902 2607 nuntium,
1941 2541 2065 2596 hinc

479 2632 1023 2702 velutalatidigressi,
1052 2645 1105 2687 et
1124 2634 1323 2689 dudum
1352 2635 1417 2688 ad
1442 2645 1615 2689 castra
1637 2649 1696 2689 se
1719 2643 2069 2705 perventuros

476 2739 600 2779 esse
638 2733 905 2792 putantes,
958 2725 1101 2780 circa
1131 2726 1362 2781 medium
1394 2727 1571 2781 adhuc
1623 2728 1725 2780 iter
1755 2737 2063 2790 morantur;

481 2828 560 2873 tot
584 2818 856 2873 obstacula
887 2827 943 2873 et
990 2818 1367 2888 impedimenta
1424 2821 1556 2888 ipsis
1609 2820 1962 2885 acciderunt,
2013 2827 2070 2874 et

476 2922 647 2978 equos
672 2908 1022 2974 ditnittentes,
1045 2924 1189 2963 nunc
1208 2910 1450 2964 vehicula
1469 2920 1632 2981 agunt
1653 2928 1666 2964 :
1691 2910 1832 2965 unde
1849 2925 2070 2965 necesse

477 3010 564 3056 est
580 3016 676 3056 eos
706 3001 831 3056 illnc
849 3002 1050 3056 tardius
1073 3013 1426 3072 perventuros
1442 3018 1582 3059 esse.
1609 3003 1898 3073 Postquam
1923 3003 2064 3057 enim

475 3093 770 3146 antistitem
797 3102 1038 3147 nostrum
1063 3101 1118 3148 ct
1140 3108 1481 3149 communem
1512 3103 1718 3163 patrem
1747 3095 1888 3148 Deus
1940 3092 2067 3146 hinc

473 3183 775 3244 suscitavit.
805 3192 860 3239 et
906 3185 1174 3254 persuasit
1220 3186 1391 3251 abire,
1445 3194 1497 3240 et
1547 3184 2068 3255 obirelegatiouem

481 3276 636 3339 hanc,
670 3290 798 3328 mox
837 3274 953 3329 illus
989 3276 1132 3330 circa
1179 3275 1411 3330 medium
1457 3276 1663 3330 itineris
1708 3283 2071 3345 consequutus

477 3372 582 3430 est,
613 3379 681 3418 ne
706 3364 1094 3434 praevenientes
1116 3366 1291 3435 ignem
1319 3365 1732 3429 succenderant,
1773 3375 1827 3418 et
1849 3367 1901 3418 in
1945 3364 2074 3419 reli-

478 3472 642 3526 quum
665 3456 1054 3510 correctionem
1075 3456 1282 3511 doctori
1312 3456 1553 3511 inutilem
1581 3456 1888 3522 redderent,
1908 3456 2071 3525 regiis

480 3547 703 3600 auribus
732 3546 1094 3601 inﬂammatis.
1119 3546 1272 3614 Quod
1298 3548 1441 3602 enim
1474 3562 1579 3600 non
1609 3546 1725 3601 sine
1746 3547 1857 3602 Deo
1872 3545 2069 3601 factum

481 3641 552 3694 sit
590 3640 692 3695 hoc
733 3640 1192 3710 impedimentum,
1237 3641 1361 3695 inde
1413 3641 1794 3696 manifestum:
1824 3640 2072 3696 homines

486 3740 655 3787 totum
703 3740 916 3801 tempus
945 3732 997 3786 in
1027 3732 1224 3788 talibus
1285 3732 1803 3803 peregrinationibus
1858 3733 2068 3803 impen-

479 3823 703 3888 dentes,
754 3822 941 3878 ethoc
989 3822 1223 3878 officium
1252 3824 1528 3890 habentes,
1577 3838 1745 3893 equos
1819 3824 2072 3878 continue

479 3914 691 3986 agendi,
721 3929 863 3969 nunc
886 3916 954 3968 ab
980 3915 1092 3984 ipsa
1120 3914 1447 3984 equitalione
1472 3914 1684 3968 contriti
1712 3912 2025 3968 defecerunt
2051 3954 2067 3979 ,

482 4018 537 4063 et
560 4023 680 4078 qua:
721 4023 866 4062 nunc
904 4008 1169 4075 accidere,
1218 4007 1370 4062 Iona:
1419 4008 1579 4062 rebus
1625 4007 1893 4062 contraria
1934 4007 2070 4060 facta

483 4109 609 4153 sunt
632 4097 818 4169 (Jonte
848 4098 924 4169 l).
953 4099 1102 4152 Illum
1128 4099 1272 4153 enim
1304 4099 1527 4168 urgebat
1557 4098 1694 4152 Deus
1714 4098 1863 4152 abire
1886 4099 2071 4152 nolen-

483 4202 613 4257 tem,
638 4188 737 4243 hos
766 4190 1005 4244 volentes
1027 4192 1213 4243 vetuit.
1245 4189 1289 4245 Ο
1316 4206 1508 4244 novum
1532 4198 1586 4245 ct
1617 4189 1935 4243 admirabile
1974 4204 2070 4242 ne-

481 4282 717 4351 gotium!
751 4282 838 4335 ille
858 4282 1265 4337 subversionem
1293 4281 1586 4351 praedicare
1616 4281 1851 4346 nolebat,
1881 4291 1936 4335 et
1993 4281 2071 4333 in-

484 4373 651 4427 vitum
669 4387 791 4426 eum
820 4373 1078 4427 excitavit
1104 4390 1116 4424 :
1152 4373 1203 4425 hi
1231 4389 1350 4427 cum
1375 4374 1648 4427 celeritate
1667 4372 2068 4426 subversioncm

483 4463 803 4519 aununtiare
828 4463 1102 4529 festinant,
1135 4474 1190 4518 et
1214 4465 1406 4519 invitos
1438 4465 1582 4534 ipsos
1626 4481 1838 4519 rursum
1892 4465 2072 4534 prohi-

459 4552 618 4606 .buit.
646 4552 760 4619 Qua
788 4552 1001 4606 tandem
1049 4554 1117 4607 de
1165 4558 1366 4608 causa?
1410 4555 1672 4620 Quoniam
1721 4555 1805 4610 hic
1854 4556 2068 4625 quidem

484 4643 736 4697 celeritas
763 4643 1039 4712 damnum,
1067 4645 1175 4699 illic
1198 4661 1322 4699 vero
1348 4648 1591 4699 celeritas
1614 4649 1818 4701 lucrum
1840 4648 2067 4703 ferebat:

487 4735 609 4789 ideo
628 4744 683 4790 et
711 4735 861 4789 illum
895 4751 989 4804 per
1012 4745 1186 4791 cetum
1239 4736 1495 4792 festinare
1546 4740 1688 4806 fecit,
1735 4749 1790 4794 et
1838 4742 1935 4793 bos
1975 4756 2073 4812 per

484 4841 652 4895 equos
678 4826 975 4897 impedivit.
1036 4826 1197 4883 Vides
1250 4828 1345 4882 Dei
1401 4829 1756 4898 sapientiam?
1809 4847 1905 4901 per
1953 4846 2073 4900 quae

483 4917 709 4987 quisque
735 4919 876 4987 quod
908 4920 1253 4989 eXSpectabat
1292 4935 1352 4974 se
1394 4920 1768 4990 expediturum
1814 4921 2070 4993 speravit,

485 5027 581 5080 per
609 5010 727 5069 haec
751 5014 975 5083 quisque
997 5015 1284 5084 impeditus
1311 5024 1413 5070 est.
1445 5015 1549 5069 Per
1576 5016 1844 5085 navigium
1878 5016 1967 5068 ille
2011 5030 2071 5070 se

481 5118 770 5158 evasurum
802 5107 1020 5173 putavit,
1045 5116 1100 5161 et
1132 5106 1398 5176 navigium
1448 5107 1520 5161 illi
1571 5107 1838 5179 vinculum
1876 5109 2070 5161 factum

494 5206 615 5251 est:
644 5197 730 5250 isti
763 5211 859 5266 per
886 5212 1053 5265 equos
1104 5213 1271 5269 ocyus
1316 5213 1376 5253 se
1428 5199 1808 5268 Imperatorem
1859 5199 2073 5253 visuros

481 5295 856 5357 speraverunt,
886 5297 936 5341 et
968 5290 1089 5359 equi
1118 5288 1333 5345 fuerunt
1359 5290 1773 5362 impedimento:
1806 5291 1914 5344 imo
1944 5303 2072 5343 vero

486 5396 590 5434 non
618 5380 765 5451 equi,
797 5381 935 5435 sicut
961 5396 1059 5435 nec
1086 5381 1158 5434 illi
1193 5383 1481 5451 navigium,
1505 5381 1600 5436 scd
1620 5382 1712 5436 Dei
1739 5381 2070 5451 providentia

488 5472 678 5540 ubique
706 5471 886 5525 omnia
913 5471 1125 5541 prepria
1153 5473 1470 5543 dispensans
1496 5473 1774 5541 sapientia.
1797 5474 1864 5526 Et
1885 5472 2065 5527 consi-

485 5560 616 5615 dera
629 5563 976 5629 providentiae
995 5566 1231 5628 modum,
1253 5550 1520 5631 quomodo
1537 5567 1791 5621 etterruit
1805 5577 1859 5621 ct
1877 5581 2069 5621 conso-

489 5650 623 5705 latus
640 5662 739 5706 est.
758 5652 876 5720 Ipso
896 5656 1040 5711 enim
1057 5656 1146 5712 die
1159 5672 1263 5726 quo
1278 5657 1455 5711 omnia
1470 5657 1554 5709 illa
1573 5667 1774 5726 patrata
1789 5668 1914 5714 sunt
1938 5658 2036 5713 faci
2048 5681 2068 5696 ο

492 5754 646 5804 "ora.
673 5739 815 5807 ipsos
842 5746 1055 5812 quidem
1081 5748 1253 5814 exire,
1287 5756 1556 5818 tamquam
1579 5751 1755 5805 omnia
1788 5764 1906 5819 quae
1931 5747 2070 5805 acci-

2154 453 2346 510 derant
2374 456 2688 527 lmperatori
2729 460 3065 517 nuntiaturos
3110 465 3458 533 permittens,
3504 474 3721 529 exeundi

2153 544 2430 602 celeritate
2455 563 2644 604 omnes
2666 553 2988 620 perterruit;
3020 563 3300 626 postquam
3320 573 3447 614 vero
3464 559 3721 630 abierunt,

2153 637 2358 694 etduos
2380 648 2555 696 tresve
2607 642 2722 698 dies
2765 646 3151 710 contriverunt,
3195 664 3317 704 cum
3367 651 3474 720 jam
3521 654 3723 711 inanem

2156 744 2279 785 esse
2306 733 2560 786 antistitis
2585 736 2751 789 nostri
2783 736 3167 804 profectionem
3199 740 3536 807 putabamus,
3554 754 3727 815 utpote

2158 821 2249 890 qui
2283 824 2546 890 posterior
2565 837 2709 879 esset
2731 826 2939 882 futurus
2963 845 2977 878 :
3005 839 3130 883 tunc
3170 844 3369 886 metum
3398 833 3654 900 dissolvit,
3679 850 3731 891 et

2159 928 2257 967 nos
2281 916 2585 971 consolatus
2610 925 2712 982 est,
2744 918 2883 982 illos,
2920 920 3061 975 sicut
3105 920 3246 985 dixi,
3275 922 3449 978 media
3492 923 3732 982 detinens

2158 1004 2264 1070 via,
2296 1004 2641 1077 etticiensque
2662 1016 2721 1061 ut
2749 1008 2784 1063 li
2823 1008 2914 1078 qui
2938 1010 3085 1065 illinc
3112 1011 3177 1064 ad
3207 1026 3304 1067 nos
3336 1014 3732 1082 proﬁcisceban-

2161 1104 2266 1162 tur,
2292 1097 2503 1151 illorum
2538 1114 2633 1169 per
2654 1100 2793 1153 viam
2830 1117 3103 1157 aerumnas
3143 1104 3297 1158 nobis
3342 1110 3729 1172 annuntiarent,

2163 1198 2214 1240 ut
2243 1204 2530 1258 parumper
2556 1192 2988 1261 respiraremus:
3019 1195 3166 1264 quod
3195 1206 3251 1249 et
3291 1196 3484 1250 factum
3529 1207 3647 1264 est,
3684 1209 3737 1253 et

2162 1295 2407 1349 magnam
2430 1283 2757 1337 anxietatum
2784 1293 2989 1353 partem
3017 1284 3384 1355 deposuimus.
3414 1288 3508 1343 Bis
3526 1290 3731 1351 audiris.

2165 1371 2356 1426 horum
2385 1383 2658 1429 auctorem
2690 1376 3031 1433 adoravimus
3057 1378 3249 1442 Deum,
3275 1380 3365 1450 qui
3395 1390 3544 1450 patre
3558 1384 3736 1451 quovis

2168 1465 2475 1537 diligentius
2506 1481 2697 1523 omnes
2718 1483 2805 1523 res
2825 1480 3039 1524 nostras
3064 1486 3203 1525 nunc
3228 1471 3516 1542 disposuit,
3569 1473 3740 1529 invisi-

2167 1558 2258 1614 bili
2296 1557 2511 1627 quidem
2548 1559 2598 1613 vi
2640 1562 2912 1631 improhos
2943 1565 3073 1618 istos
3097 1565 3356 1621 cohibens
3383 1568 3628 1633 nuntios,
3670 1578 3723 1623 et

2171 1656 2375 1703 tantum
2427 1666 2534 1704 non
2588 1650 2793 1718 dicens,
2825 1652 2963 1719 Quid
3017 1654 3539 1726 festinatisrquidve
3561 1673 3745 1728 prope-

2168 1743 2296 1792 ratis
2322 1739 2594 1795 civitatem
2624 1744 2780 1796 talem
2798 1744 3112 1800 subvertere
3140 1746 3417 1802 volentes?
3462 1764 3587 1802 num
3613 1749 3741 1803 hona

2169 1830 2278 1899 regi
2300 1832 2481 1884 nuntia
2496 1832 2736 1888 affertis?
2764 1835 2976 1891 Maneto
2993 1836 3131 1903 istic,
3145 1838 3318 1894 donec
3333 1854 3549 1895 servum
3576 1856 3748 1894 meum

2169 1930 2436 1991 tamquam
2460 1923 2722 1978 medicum
2745 1927 3004 1994 Optimum
3038 1930 3366 1998 prmveuire,
3420 1940 3478 1985 et
3519 1939 3748 1986 vestrqu

2168 2020 2492 2083 praevertere
2517 2030 2731 2070 cursum
2752 2016 2961 2072 faciam.
2989 2017 3045 2073 Si
3078 2035 3206 2073 vero
3252 2030 3508 2076 nascente
3552 2036 3746 2091 prteva-

2170 2104 2444 2158 ricatiouis
2490 2105 2709 2173 ulcere,
2758 2116 2903 2163 tanta
2958 2110 3289 2178 providentia
3345 2111 3588 2166 exhibita
3632 2122 3743 2167 est:

2172 2196 2341 2251 multo
2362 2198 2531 2266 magis
2553 2208 2674 2269 post
2717 2201 3152 2269 conversionem,
3202 2213 3320 2272 post
3366 2203 3749 2271 paenitentiam,

2172 2295 2293 2356 post
2334 2297 2539 2343 tantum
2578 2290 2847 2357 timorem,
2885 2300 3005 2362 post
3029 2292 3293 2364 lacrymas
3322 2302 3379 2349 et
3406 2308 3615 2364 preces,
3642 2309 3746 2348 ma-

2166 2377 2341 2448 jorem
2375 2379 2677 2435 libertatem
2699 2398 3114 2453 consequemur.
3143 2384 3312 2439 Jonas
3347 2387 3493 2440 enim
3522 2402 3753 2457 congrue

2174 2469 2490 2540 pellebatur,
2520 2482 2578 2526 ut
2606 2472 2672 2526 ad
2699 2474 3071 2543 paenitentiam
3119 2475 3438 2542 induceret;
3489 2493 3585 2533 vos
3630 2493 3756 2533 vero

2169 2563 2278 2630 jam
2303 2562 2620 2617 exhibuistis
2654 2566 3023 2634 paenitentiam
3070 2576 3125 2621 et
3162 2583 3408 2639 magnam
3444 2569 3746 2625 conversio-

2173 2669 2317 2715 nem,
2350 2654 2577 2725 ideoque
2615 2658 2983 2715 consolatione
3025 2658 3285 2730 deinceps
3318 2670 3402 2715 est
3443 2676 3601 2732 opus,
3650 2676 3755 2716 non

2175 2746 2366 2799 nuntio
2394 2748 2566 2800 minas
2594 2746 2819 2809 ferente.
2844 2748 3133 2819 Propterea
3164 2764 3509 2807 communem
3539 2764 3593 2809 et
3635 2751 3751 2806 hinc

2176 2845 2384 2907 patrem
2411 2839 2706 2906 suscitavit,
2738 2840 3030 2911 etquidem
3059 2857 3180 2895 cum
3208 2843 3376 2898 multa
3409 2854 3595 2899 essent
3642 2859 3759 2914 qua:

2176 2927 2558 2997 prohiberent;
2591 2931 2637 2985 si
2662 2947 2791 2987 vero
2814 2947 2920 2987 non
2952 2934 3285 3004 pepercisset
3311 2936 3327 2966 ί
3354 2935 3517 2990 saluti
3541 2945 3755 2996 nostrai,

2175 3036 2282 3075 non
2314 3020 2388 3075 illi
2418 3022 2793 3091 persuasisset,
2825 3023 2991 3079 sedet
3011 3025 3276 3079 volentem
3307 3025 3461 3081 exire
3481 3026 3749 3082 vetuisset.

2245 3112 2298 3168 3.
2329 3110 2601 3168 Theodosii
2627 3114 2679 3167 in
2703 3113 2953 3169 Paschate
2969 3115 3328 3170 clementia.—
3349 3115 3592 3172 Tertium
3611 3115 3756 3186 quid-

2175 3208 2315 3276 piam
2334 3208 2567 3276 suppetit
2586 3206 2889 3274 dicendum,
2916 3207 3061 3278 quod
3092 3208 3336 3263 ﬁduciam
3366 3209 3522 3264 vobis
3556 3208 3752 3281 pariat,

2176 3312 2416 3367 praesens
2455 3312 2650 3367 nempe
2678 3298 3026 3365 solemnitas,
3074 3314 3231 3369 quam
3261 3307 3318 3353 et
3358 3298 3607 3354 infideles
3653 3298 3757 3353 fere

2175 3402 2363 3441 omnes
2385 3397 2721 3449 reverentur.
2750 3397 2805 3442 et
2827 3388 2912 3444 hic
2934 3389 3047 3459 ipse
3067 3390 3348 3459 religiosus
3373 3389 3666 3459 Imperator
3684 3387 3759 3442 sic

2176 3478 2417 3547 suspexit
2443 3489 2499 3532 et
2530 3477 2832 3544 honoravit,
2885 3488 2941 3533 ut
2966 3492 3155 3535 omnes
3181 3488 3305 3535 ante
3329 3493 3390 3534 se
3414 3494 3539 3534 cum
3569 3479 3762 3549 pietate.

2177 3570 2502 3639 imperantes
2524 3572 2874 3641 superaverit.
2909 3571 3128 3627 Talibus
3160 3587 3389 3642 namque
3413 3571 3606 3628 diebus
3641 3585 3752 3625 eum

2176 3661 2453 3729 epistolam
2490 3660 2554 3714 ad
2583 3662 2938 3716 solemnitatis
2970 3660 3226 3716 honorem
3267 3662 3533 3727 misisset,
3577 3674 3755 3716 omnes

2178 3750 2289 3806 fere
2307 3766 2578 3806 carcerem
2623 3751 2924 3807 habitantes
2944 3751 3165 3807 dimisit.
3198 3751 3267 3807 Et
3315 3751 3456 3807 hanc
3483 3750 3754 3821 epistolam

2175 3843 2442 3898 admissus
2473 3843 2694 3898 antistes
2725 3852 2907 3897 noster
2937 3857 3117 3898 coram
3146 3841 3473 3912 lmperatore
3502 3843 3671 3913 leget,
3705 3848 3755 3896 et

2176 3932 2509 4003 propriarum
2533 3932 2709 4004 legum
2736 3932 3198 3994 comnionefaciet,
3222 3941 3276 3986 et
3293 3930 3437 3987 dicet
3460 3931 3530 3988 ad
3558 3932 3754 4002 ipsum:

2176 4024 2254 4080 Tn
2278 4027 2508 4095 teipsum
2536 4027 2843 4093 exhortare,
2867 4034 2921 4081 et
2951 4026 3025 4080 tui
3057 4024 3341 4081 recordare
3372 4023 3760 4080 :domesticum

2176 4115 2343 4170 habes
2373 4116 2716 4171 humanitatis
2732 4118 3035 4187 exemplum
3062 4135 3075 4171 :
3100 4117 3299 4187 justam
3322 4114 3540 4170 noluisti
3564 4115 3757 4171 caedem

2176 4209 2536 4274 committere,
2569 4216 2623 4264 et
2644 4208 2895 4277 injustam
2931 4219 3144 4279 patrare
3206 4206 3540 4263 sustinebis?
3578 4205 3753 4263 convi-

2176 4310 2296 4353 ctos
2323 4308 2377 4354 et
2401 4300 2788 4354 condemnatos
2819 4300 3124 4355 festivitatis
3164 4300 3461 4354 reverentia
3493 4296 3758 4363 dimisisti,

2175 4402 2231 4446 et
2278 4392 2519 4446 insontes
2550 4392 2787 4460 nihilque
2814 4406 2975 4446 ausos
3007 4388 3388 4445 condemnabis
3411 4430 3426 4453 ,
3471 4387 3757 4460 praesertim

2177 4482 2515 4537 solemnitate
2561 4482 2869 4552 praesente?
2913 4480 3277 4552 Nequaquam,
3320 4479 3635 4548 Imperator.
3681 4477 3756 4531 'fu

2178 4575 2316 4629 hanc
2336 4575 2617 4645 epistolam
2644 4573 2948 4628 civitatibus
2973 4574 3221 4628 oumibus
3248 4573 3462 4655 mittens
3479 4612 3494 4635 ,
3550 4571 3756 4626 aiebas:

2178 4665 2391 4721 Utinam
2418 4678 2471 4721 et
2506 4665 2783 4721 defunctos
2829 4666 3153 4721 resuscitare
3190 4678 3420 4734 possem.
3472 4661 3583 4718 [Iac
3630 4674 3761 4729 opus

2180 4759 2437 4814 habemus
2464 4759 2814 4826 humanitate,
2862 4756 2946 4813 his
2975 4773 3116 4813 nunc
3136 4773 3355 4828 egemus
3375 4756 3554 4811 verbis
3575 4757 3617 4809 '.
3647 4752 3755 4809 Non

2178 4859 2284 4905 tam
2313 4851 2486 4904 ciaros
2508 4851 2632 4906 facit
2657 4865 2811 4920 reges
2848 4848 3032 4904 hostes
3058 4849 3297 4912 vincere,
3338 4862 3495 4917 quant
3529 4846 3759 4901 aninnuu

2178 4952 2232 4996 et
2261 4941 2393 4996 iram
2434 4956 2735 5009 superare:
2775 4939 2884 4993 illic
2931 4939 3077 4995 enim
3128 4951 3400 4992 armorum
3447 4945 3503 4991 et
3539 4934 3757 4990 militum

2179 5050 2312 5102 Opus
2329 5034 2549 5104 geritur,
2572 5032 2657 5086 hie
2674 5048 2799 5087 vero
2818 5042 2962 5085 tuum
2976 5031 3141 5086 solius
3157 5030 3467 5098 simpliciter
3479 5039 3753 5098 tropazum,

2179 5133 2233 5179 ct
2260 5123 2426 5178 habes
2457 5125 2747 5188 neminem,
2772 5121 2861 5193 qui
2893 5132 3067 5177 tecum
3090 5121 3365 5191 sapientia:
3388 5120 3611 5191 gloriam
3638 5131 3755 5188 par-

2182 5217 2358 5269 tiatur.
2404 5216 2677 5284 Snperasti
2736 5215 3019 5267 tumultum
3050 5212 3410 5277 barbaricum,
3463 5222 3652 5278 supera
3703 5212 3754 5258 et

2179 5306 2413 5359 animum
2440 5306 2642 5373 regium
2670 5322 2685 5360 ε
2712 5304 2918 5360 discant
2946 5300 3410 5367 omnesintideles,
3448 5299 3588 5372 quod
3607 5295 3755 5352 Chri-

2179 5398 2246 5449 sti
2279 5397 2437 5450 timor
2456 5411 2671 5450 omnem
2704 5395 2994 5465 potentiam
3025 5394 3294 5449 refrenare
3321 5386 3753 5461 possit.Glorilica

2182 5488 2464 5543 Dominum
2495 5495 2663 5553 tuum,
2691 5487 2969 5542 conservis
2992 5493 3210 5556 peccata
3231 5482 3525 5546 dimittens,
3550 5487 3605 5533 ut
3643 5477 3751 5546 ipse

2179 5594 2392 5649 quoque
2422 5590 2474 5634 te
2512 5580 2680 5650 magis
2708 5578 2990 5649 glorificet,
3020 5587 3079 5631 ut
3104 5576 3391 5646 benignum
3418 5572 3510 5630 tibi
3537 5578 3589 5626 et
3615 5576 3750 5624 tran-

2245 5694 2258 5723 ⁸
2299 5691 2399 5751 Alii,
2424 5691 2467 5743 si
2488 5705 2600 5742 vero
2614 5706 2709 5742 non
2730 5690 3058 5741 consuluisset.

2246 5756 2266 5786 '
2299 5755 2419 5806 Alii:
2446 5753 2644 5806 Iliorum
2658 5767 2784 5805 nime
2808 5753 3058 5805 verborum
3083 5751 3232 5804 locus.
