3998 6434
108 377 173 432 85
1141 378 1234 436 Μ)
1266 379 1596 438 POPULUM
1640 375 2144 438 ANTIUCHENL'M
2185 382 2421 444 HOMIL.
2461 385 2554 444 Vl.
3523 389 3594 446 δι

109 495 352 550 ἔκϐασιν
378 495 494 550 τοῦ
525 495 824 551 δύνασθαι
864 495 1022 564 ὑμᾶς
1053 496 1430 568 ὑπενεγκεῖν.
1461 496 1655 561 Αὐτός
1685 495 1794 566 γὰρ

1904 495 2069 564 φόϐον
2101 498 2321 563 ἐξέλυσε
2357 502 2453 556 καὶ
2491 503 2941 576 παρεμυθήσατο,
2991 504 3234 568 ἐκείνους
3279 519 3360 568 τε,
3403 501 3593 576 ὥσπερ

110 579 288 636 εἶπεν·
303 585 388 638 οὐ
415 583 504 652 μή
539 600 618 637 σε
645 584 790 648 ἀνῶ,
816 585 942 639 οὐδ’
975 587 1048 640 οὐ
1073 585 1158 655 μή
1193 603 1268 640 σε
1291 585 1686 656 ἐγκαταλίπω.
1723 584 1786 636 EE
1895 584 2052 654 ἔφην,
2081 588 2224 641 κατά
2260 589 2437 660 μέσην
2473 589 2761 662 κατασχὼν
2785 591 2886 663 τὴν
2920 591 3060 657 ὁδὸν,
3105 592 3200 646 καὶ
3227 593 3355 656 τοὺς
3381 591 3594 645 ἐκεῖθεν

113 671 210 741 γάρ
229 671 301 724 δι’
323 669 505 742 ἔργων
538 671 792 726 ἐϐούλετο
829 673 1058 727 κολάσαι
1094 675 1190 728 καὶ
1218 674 1306 728 διά
1343 675 1441 744 τῆς
1469 673 1664 744 πείρας
1689 673 1791 725 αὑ-

109 759 221 829 τῆς.
255 759 358 814 οὐκ
391 759 460 812 ἂν
492 760 766 814 τοσούτων
803 761 1028 832 ήμερῶν
1074 762 1392 833 παρέδωκεν
1433 763 1580 832 ἡμᾶς
1621 760 1790 830 φόϐῳ·

109 847 231 900 ὅταν
247 847 361 917 γὰρ
385 849 460 920 μὴ
486 847 746 920 βούληται
765 849 1037 914 κολάζειν,
1061 850 1234 920 φοϐεῖ·
1258 850 1380 903 ἐπεὶ
1407 851 1454 901 εί
1479 845 1796 920 μέλλοιί¹151

113 935 374 1000 κολάζειν,
402 937 660 1008 περιττὸς
681 939 710 990 6
730 936 910 1006 φόϐος,
934 937 1164 1010 περιττὴ
1189 939 1222 1009 ή
1253 936 1474 1008 ἀπειλή⁶
1498 934 1594 989 νῦν
1616 934 1671 987 δέ
1697 951 1798 1004 μυ-

113 1025 239 1095 ρίων
269 1025 668 1096 χαλεπωτέραν
703 1025 950 1080 θανάτων
979 1025 1300 1096 ὑπέστημεν
1329 1022 1495 1096 ζωὴν,
1522 1024 1580 1077 ἐν
1603 1020 1799 1075 τοσαύ·

109 1129 227 1176 ταις
251 1113 492 1184 ἡμέραις
509 1113 804 1178 δεδοικότες
825 1115 920 1168 καὶ
941 1115 1261 1186 τρέμοντες,
1288 1112 1385 1167 καὶ
1404 1110 1504 1175 τὰς
1523 1109 1683 1172 σκιὰς
1702 1108 1801 1162 αὑ-

109 1201 204 1265 τάς
231 1201 657 1266 ὑποπτεύοντες,
689 1203 784 1256 καὶ
810 1203 910 1274 τὴν
936 1201 1033 1255 τοῦ
1063 1202 1205 1255 Κάῖν
1233 1200 1473 1264 τίνοντες
1497 1198 1676 1268 δίκην,
1707 1197 1800 1248 καὶ

110 1288 172 1340 ἐκ
201 1288 375 1357 μέσου
408 1290 519 1343 τῶν
553 1289 739 1344 ὕπνων
765 1289 1150 1361 ἀναπηδῶντες
1178 1301 1205 1330 Il
1242 1288 1352 1342 ἀπὸ
1384 1287 1484 1359 τῆς
1515 1281 1799 1356 διηνεκοῦς

111 1377 369 1444 ἀγωνίας·
389 1375 534 1430 ὥστε
555 1379 603 1431 εί
624 1379 720 1433 καὶ
751 1378 1186 1450 παρωργίσαμεν
1209 1377 1302 1432 τὸν
1329 1377 1482 1440 Θεὸν,
1507 1371 1799 1439 ἐξιλεωσά-

114 1463 247 1533 μεθα
265 1463 366 1518 νῦν
387 1465 661 1538 τοσαύτην
688 1465 1086 1537 ὑπομείναντες
1112 1464 1211 1537 τὴν
1233 1464 1524 1536 τιμωρίαν.
1552 1459 1662 1516 Καὶ
1688 1459 1798 1530 γάρ

111 1552 158 1604 εί
187 1551 286 1604 καὶ
318 1551 396 1624 μή
437 1552 548 1606 τῶν
586 1553 1005 1624 ἁμαρτημάτων
1041 1553 1199 1620 ἀξίαν
1224 1551 1509 1623 ἐδώκαμεν
1540 1554 1592 1593 ι’
1619 1550 1796 1620 δίκην,

110 1639 222 1692 ἀλλ’
245 1639 532 1709 ἀρκοῦσαν
555 1644 624 1713 τῇ
656 1641 750 1696 τοῦ
773 1641 909 1696 Θεοῦ
936 1641 1127 1712 φιλανθ
1137 1642 1334 1713 ρωπίᾳ.

176 1725 240 1796 β’.
258 1727 380 1782 Οὑκ
391 1727 642 1784 ἐντεῦθεν
653 1729 712 1783 δέ
730 1729 910 1801 μόνον,
927 1729 1061 1783 ἀλλά
1075 1731 1170 1783 καὶ
1185 1727 1453 1800 ἑτέρωθεν
1470 1725 1798 1798 πολλαχόθεν

111 1814 336 1886 θαρρεῖν
364 1817 496 1888 χρή·
533 1816 655 1870 οὐδὲ
674 1817 785 1889 γὰρ
815 1817 974 1888 ὀλίγα
999 1819 1132 1888 ἡμῖν
1160 1817 1393 1889 ἐνέχυρα
1415 1816 1524 1870 τῶν
1547 1813 1800 1887 χρηστῶν

110 1903 342 1958 ἐλπίδων
365 1905 568 1958 ἔδωκεν
589 1907 620 1960 6
641 1905 775 1972 Θεὸς
797 1907 922 1979 ήδη.
953 1908 1064 1960 Καὶ
1091 1907 1310 1980 πρῶτον
1337 1908 1436 1978 μέν
1464 1908 1724 1962 ἁπάντων
1747 1910 1800 1962 οί

108 1991 204 2064 τὴν
241 1995 492 2066 πονηρὰν
524 1997 845 2068 κομίζοντες
874 1997 1138 2066 ἀγγελίαν
1157 2037 1173 2062 ,
1209 1997 1520 2064 ἐξελθόντες
1547 1998 1798 2052 ἐντεῦθεν

109 2081 360 2152 καθάπερ
373 2081 521 2148 τινές
537 2083 836 2156 ὑπόπτεροι
856 2085 950 2138 καὶ
962 2086 1130 2140 πάλαι
1147 2085 1560 2158 καταλήψεσθαι
1579 2087 1802 2160 προσδοο

109 2171 378 2238 κήσαντες
389 2169 455 2223 τὸ
473 2171 860 2243 στρατόπεδον,
884 2172 1027 2226 κατὰ
1047 2171 1221 2244 μέσην
1240 2172 1322 2226 ἔτι
1342 2172 1680 2245 διατρίϐουσι
1702 2174 1800 2246 τήν

107 2256 246 2310 ὁδόν·
273 2256 518 2312 τοσαῦτα
538 2259 726 2324 αὐτοῖς
753 2259 1054 2332 κωλύματα
1079 2261 1176 2314 καὶ
1194 2261 1429 2332 ἐμπόδια
1457 2260 1648 2330 γέγονε
1668 2301 1682 2325 ,
1707 2265 1802 2316 καὶ

107 2344 231 2408 τοὺς
249 2343 455 2410 ῖππους
475 2344 708 2415 ἀφέντες
726 2346 978 2419 ὀχήματα
1000 2348 1282 2403 ἐλαύνουσι
1303 2347 1420 2412 νῦν,
1443 2347 1567 2400 ὅθεν
1586 2349 1800 2422 ἀνάγκη

110 2432 260 2486 πᾶσα
307 2431 646 2504 βραδυτέραν
688 2435 874 2500 αὑτοῖς
920 2435 1176 2504 γενέσθαι
1221 2435 1318 2506 τὴν
1369 2436 1548 2488 ἐκεῖσε
1596 2434 1798 2505 ἄφιξιν.

108 2520 328 2591 Ἐπειδὴ
363 2520 474 2591 γάρ
503 2521 598 2575 τὸν
635 2523 787 2592 ἱερέα
822 2523 915 2578 τὸν
955 2523 1223 2594 ἡμέτερον
1258 2522 1353 2578 καὶ
1381 2525 1560 2578 κοινὸν
1590 2527 1802 2597 πατέρα

103 2607 408 2680 ἀνέστησεν
423 2611 453 2663 6
469 2609 603 2674 Θεὸς
623 2611 897 2675 ἐντεῦθεν,
921 2613 1019 2665 καὶ
1041 2611 1260 2666 ἔπεισεν
1284 2613 1564 2676 ἀπελθεῖν,
1588 2616 1683 2668 καὶ
1703 2617 1802 2686 τῆς

104 2696 404 2764 πρεσϐείας
450 2699 864 2768 συνεφάψασθαι
898 2699 1106 2772 ταύτης
1129 2742 1144 2766 ,
1177 2700 1408 2772 κατέσχε
1438 2701 1627 2756 λοιπὸν
1657 2701 1804 2756 ἐκεί-

101 2801 230 2849 νους
273 2787 417 2840 κατά
459 2786 636 2858 μέσην
678 2788 776 2859 τὴν
820 2787 960 2851 ὁδὸν,
1010 2789 1097 2843 ῖνα
1145 2789 1221 2861 μὴ
1261 2790 1567 2858 φθάσαντες
1599 2791 1662 2844 τὸ
1690 2790 1804 2862 πῦρ

101 2872 374 2942 ἀνάψωσι,
417 2875 514 2928 καὶ
545 2875 622 2947 τῷ
665 2875 972 2948 διδασκάλῳ
1013 2877 1200 2930 λοιπὸν
1235 2878 1496 2949 ἀνόνητον
1536 2879 1803 2949 ποιήσωσι

101 2963 205 3029 τὴν
231 2962 543 3034 διόρθωσιν.
581 2963 685 3028 τάς
720 2964 1008 3035 βασιλικάς
1040 2967 1428 3039 ἐμπρήσαντες
1457 2967 1648 3032 ἀκοάς.
1682 2969 1803 3020 Ὅτι

99 3052 216 3122 γὰρ
247 3051 350 3105 οὑκ
386 3051 518 3105 ἄνευ
551 3051 690 3106 Θεοῦ
733 3053 796 3108 τὸ
839 3053 1072 3126 κώλυμα
1113 3055 1327 3124 γέγονε,
1369 3055 1530 3126 δῆλον
1563 3056 1799 3110 ἐκεῖθεν·

104 3140 425 3212 Ἄνθρωποι
471 3143 566 3198 τὸν
607 3143 824 3198 ἅπαντα
861 3145 1054 3216 χρόνον
1089 3145 1372 3210 τοιαύταις
1405 3145 1804 3218 συντραφέντες

103 3229 440 3300 ἀποδημίαις
459 3270 475 3294 ,
513 3231 606 3288 καὶ
632 3233 792 3286 τοῦτο
826 3234 854 3274 δ
890 3233 1051 3306 ἔργον
1084 3233 1300 3305 ἔχοντες
1329 3234 1530 3298 ῖππους
1556 3232 1802 3288 ἐλαύνειν

99 3315 404 3386 διηνεκῶς,
450 3317 545 3372 νῦν
584 3319 679 3374 ὑπ’
723 3321 894 3392 αὐτῆς
946 3323 1047 3393 τῆς
1093 3322 1360 3386 ἱππασίας
1425 3321 1803 3394 συντριϐέντες

102 3405 450 3476 ὑστέρησαν.
494 3408 589 3460 καὶ
624 3407 849 3476 γέγονεν
895 3410 990 3463 ἀπ’
1045 3410 1297 3474 ἐναντίας
1340 3414 1454 3474 τοῖς
1509 3409 1606 3463 τοῦ
1648 3411 1804 3465 Ἰωνᾶ

105 3493 400 3564 πράγμασι
428 3493 499 3548 τά
525 3495 812 3566 συμϐάντα
836 3495 952 3552 νῦν.
980 3498 1217 3554 Ἐκεῖνον
1241 3499 1340 3569 μὲν
1363 3499 1474 3570 γάρ
1508 3498 1584 3569 μὴ
1617 3498 1804 3570 βουλό-

109 3598 268 3650 μενον
297 3581 557 3636 ἀπελθεῖν
584 3583 802 3654 ἤπειγε·
830 3587 1050 3649 τούτους
1076 3585 1133 3640 δέ
1157 3586 1517 3658 βουλομένους
1548 3586 1803 3640 ἀπελθεῖν

104 3669 403 3723 ἐκώλυσεν.
439 3671 503 3722 Ὢ
530 3670 722 3724 καινοῦ
747 3672 841 3724 καὶ
870 3673 1174 3744 παραδόξου
1204 3673 1350 3742 πράγ
1361 3675 1558 3743 ματοςί
1596 3675 1804 3738 ἐκεῖνος

102 3757 200 3810 οὐκ
221 3757 484 3811 ἐϐούλετο
515 3758 752 3829 κηρῦξαι
785 3762 1202 3830 καταστροφὴν,
1265 3762 1360 3814 καὶ
1401 3761 1603 3815 ἄκοντα
1639 3760 1802 3815 αὑτὸν

103 3845 426 3912 ἀνέστησεν·
465 3837 614 3898 οῦτοι
664 3845 803 3916 μετά
853 3848 1048 3900 πολλοῦ
1095 3847 1192 3900 τοῦ
1233 3849 1434 3917 τάχους
1481 3845 1803 3899 σπεύδουσιν

103 3931 445 3998 ἀπαγγεῖλαι
499 3935 908 4004 καταστροφὴν,
960 3935 1055 3988 καὶ
1105 3935 1338 3997 ἄκοντας
1389 3934 1589 3996 αὐτοὺς
1643 3931 1804 3986 πάλιν

103 4019 370 4075 ἐκώλυσε.
405 4021 472 4073 Τί
499 4021 736 4094 δήποτε;
765 4025 886 4077 ’Ὁτι
917 4024 1152 4078 ἐνταῦθα
1185 4024 1284 4095 μὲν
1316 4023 1378 4077 τὸ
1397 4023 1562 4094 τάχος
1585 4021 1800 4093 βλάϐος,

105 4109 221 4160 ἐκεῖ
246 4107 308 4161 δὲ
332 4109 398 4162 τὸ
421 4108 587 4179 τάχος
611 4110 802 4182 κέρδος
821 4110 1006 4184 ἔφερε·
1031 4111 1120 4166 διά
1143 4111 1304 4165 τοῦτο
1335 4111 1586 4166 κάκεῖνον
1613 4109 1802 4180 ήπειξε

105 4195 190 4250 διὰ
218 4195 318 4250 τοῦ
344 4196 566 4268 κήτους,
591 4199 688 4252 καὶ
711 4198 802 4254 διὰ
823 4199 933 4254 τῶν
963 4201 1148 4254 ῖππων
1173 4199 1401 4264 τούτους
1429 4197 1800 4252 συνεπόδισεν.

116 4283 283 4355 Ὁρᾷς
332 4283 474 4337 Θεοῦ
521 4287 746 4355 σοφίανς
793 4287 883 4340 διὰ
925 4287 1034 4341 τῶν
1085 4288 1431 4360 πραγμάτων
1476 4286 1679 4345 αὐτῶν,
1729 4279 1806 4340 ὧν

106 4370 340 4435 ἕκαστος
381 4372 612 4442 ῆλπισεν
658 4373 844 4428 ἀνύειν
882 4376 944 4430 τὸ
991 4377 1353 4447 προκείμενον
1378 4387 1426 4442 ο,
1473 4374 1566 4428 διά
1601 4373 1806 4428 τούτων

109 4459 577 4531 συνεποδίσθησαν
601 4461 849 4528 ἕκαστος.
885 4465 1124 4528 Ἐκεῖνος
1152 4464 1243 4518 διά
1269 4463 1364 4517 τοῦ
1408 4461 1594 4518 πλοίου
1630 4478 1803 4534 προσ-

111 4547 338 4622 εδόκησε
379 4547 704 4620 πτήσεσθαι,
729 4550 903 4605 καὶτὸ
937 4551 1120 4606 πλοῖον
1154 4551 1305 4624 αύτῷ
1336 4551 1536 4622 δεσμὸς
1565 4551 1804 4619 ἐγένετο·

107 4634 195 4688 διά
226 4636 336 4690 τῶν
371 4637 556 4690 ῖπταον
599 4632 746 4693 οὗτοι
785 4639 1195 4711 προσεδόκησαν
1237 4639 1538 4711 ταχύτερον
1576 4639 1805 4710 ϐψεσθαι

108 4723 200 4775 τὸν
237 4723 494 4795 βασιλέα,
529 4725 625 4779 καὶ
652 4727 707 4780 οί
735 4727 891 4780 ἵπποι
915 4727 1206 4796 γεγόνασιν
1228 4726 1479 4798 κώλυμα·
1515 4727 1718 4798 μᾶλλον
1749 4729 1807 4782 δὲ

107 4809 204 4880 οὑχ
235 4813 287 4864 οῖ
316 4811 499 4875 ἵπποι,
528 4813 721 4886 ὥσπερ
751 4810 846 4868 οῦν
885 4815 996 4868 οὐδ’
1041 4815 1236 4886 ἐκείνῳ
1273 4816 1334 4870 τὸ
1377 4816 1580 4881 πλοῖον,
1618 4816 1734 4870 ἀλλ’
1775 4818 1808 4888 ἡ

109 4899 340 4969 πρόνοια
365 4900 464 4953 τοῦ
493 4901 630 4954 Θεοῦ
661 4903 940 4973 πανταχοῦ
975 4903 1153 4956 πάντα
1183 4903 1321 4974 μετά
1351 4905 1451 4975 τῆς
1487 4903 1696 4967 οίκείας
1727 4907 1806 4957 οἰ-

111 4987 423 5058 κονομοῦσα
451 4989 664 5060 σοφίας.
692 4991 804 5046 Καὶ
827 4991 1020 5044 σκόπει
1043 4992 1394 5064 κηδεμονίαν,
1419 4991 1538 5056 πῶς
1563 4993 1659 5046 καὶ
1684 4994 1811 5061 ἐφό-

109 5078 244 5148 ϐησε
269 5081 370 5133 καὶ
398 5081 762 5151 παρεκάλεσε.
798 5081 958 5155 Παρά
991 5083 1089 5154 μὲν
1109 5082 1221 5154 γὰρ
1245 5083 1417 5154 αὑτήν
1442 5081 1542 5154 τὴν
1571 5081 1811 5154 ἡμέραν,

109 5165 194 5218 ὅτε
221 5167 293 5220 τά
325 5167 624 5239 παράνομα
665 5169 936 5242 ἐτολμήθη
969 5169 1147 5224 πάντα
1183 5173 1384 5238 ἐκεῖνα,
1419 5172 1578 5240 ἀφεὶς
1610 5174 1809 5234 αὐτοὺς

111 5251 347 5318 ἐξελθεῖν
375 5253 455 5317 ὡς
479 5255 931 5326 ἀπαγγελοῦντας
960 5257 1040 5329 τῷ
1075 5259 1287 5330 βασιλεῖ
1315 5259 1386 5312 τά
1421 5259 1810 5332 συμϐεϐηκότα

114 5338 351 5400 ᾶπαντα.
380 5341 461 5412 τῷ
493 5345 651 5414 τάχει
694 5345 794 5416 τῆς
831 5344 1013 5410 ἐξόδου
1055 5347 1266 5411 πάντας
1300 5346 1589 5418 ἐφόϐησεν·
1622 5349 1808 5420 ἐπειδὴ

111 5425 166 5478 δὲ
187 5428 458 5501 ἀπῆλθον,
487 5433 582 5486 καὶ
605 5431 700 5486 δύο
719 5434 816 5487 καὶ
833 5435 982 5506 τρεῖς
1004 5433 1291 5506 ἀνήλωσαν
1313 5437 1548 5508 ἡμέρας,
1576 5438 1672 5490 καλ⁵
1698 5436 1810 5490 λοι-

116 5515 215 5568 πὸν
251 5517 492 5586 ματαίαν
519 5515 656 5574 εἶναι
692 5520 1017 5592 ἐνομίζομεν
1051 5522 1146 5577 τοῦ
1185 5524 1378 5594 ἱερέως
1407 5523 1504 5576 τοῦ
1535 5525 1806 5598 ήμετέρου

114 5602 212 5674 τὴν
239 5605 580 5677 ἀποδημίαν,
615 5607 756 5682 [76]
785 5609 860 5674 ὡς
891 5608 1196 5680 ὑστερίζειν
1221 5609 1508 5681 μέλλοντος
1525 5649 1540 5673 ,
1570 5611 1692 5666 τότε
1714 5613 1806 5666 τὸν

171 5777 315 5844 {Sjc
337 5779 650 5844 savil,Vulg.
675 5781 826 5831 ἀποπ.
857 5783 993 5834 Εοιτ.

245 5842 404 5904 Δίὸεινιι.
441 5842 623 5904 ἐδομενζ

174 5903 204 5941 δ
230 5901 623 6012 Δίἰὶὲχρόνοντῆς
644 5909 768 5964 ζωῆς
789 5907 946 5956 αὐτῶν
969 5907 1188 5968 τοιαῦτα,
1211 5911 1293 5960 καὶ
1313 5910 1456 5960 τοῦτο
1481 5912 1658 5976 μόνοις.
1691 5911 1804 5963 Mox

174 5963 316 6012 Mam
361 5979 488 6012 ογον.
513 5974 565 6012 el
581 5967 705 6012 Infra
729 5968 924 6012 τούτουι
953 5971 1001 6012 δὲ
1027 5972 1351 6012 ἑπεινοιιένηυρ
1369 5975 1455 6012 ἆπ-

114 5963 316 6036 quidam
336 5963 488 6036 ἔργον,
513 5963 705 6036 είίηΐιςιι
729 5963 926 6023 τούτους
953 5963 1352 6036 δίε-ἐπειγομένους
1369 5975 1455 6023 ἀπ.

179 6025 207 6058 ⁸
232 6025 346 6074 Sav.
360 6025 415 6074 τὸ
425 6031 843 6092 προσδοκώμενον,
858 6040 910 6082 ει
929 6049 999 6082 διε
1012 6025 1198 6094 Ινείδὲε
1216 6025 1410 6086 videiur
1422 6037 1689 6098 interpres.
1705 6035 1794 6087 En.

1899 671 2330 743 ἀφικνουμένους
2356 677 2490 748 πρὸς
2515 679 2659 748 ἡμᾶς
2677 678 2766 732 διά
2786 679 2886 750 τῆς
2915 679 3088 749 αὐτῆς
3113 679 3235 734 όδοῦ
3270 678 3341 732 τά
3367 677 3594 732 ἐκείνων

1898 757 2048 830 πάθη
2075 761 2240 814 πᾶσιν
2269 764 2400 832 ἡμῖν
2434 764 2753 832 ἀναγγεῖλαι
2782 768 3240 838 παρασκευάσας,
3270 767 3360 821 ῐνα
3397 765 3596 838 μικρὸν

1897 845 2350 918 ἀναπνεύσωμεν·
2369 851 2507 922 ὅπερ
2525 848 2620 906 οὖν
2649 853 2746 906 καὶ
2765 852 3004 922 ἐγένετο,
3034 855 3130 908 καὶ
3151 855 3289 908 πολὺ
3321 853 3423 924 τῆς
3445 855 3597 922 ἀγω-

1898 933 2018 996 νίας
2059 934 2377 1006 ἀπεθέμεθα
2426 937 2616 1009 μέρος.
2654 939 2698 991 Τ
2701 939 2844 994 αῦτα
2883 941 3236 1006 ἀκούσαντες,
3284 941 3377 996 τὸν
3417 940 3596 996 ταῦτα

1899 1021 2205 1092 ποιήσαντα
2247 1027 2740 1098 προσεκυνήσαμεν
2784 1027 2918 1081 Θεὸν
2955 1028 3032 1092 ὡς
3075 1029 3330 1102 πατέρων
3372 1029 3595 1084 πάντων

1899 1107 2401 1184 φιλοστοργότερον·
2433 1115 2529 1168 καὶ
2553 1115 2648 1168 νῦν
2677 1115 2744 1170 τά
2767 1115 2888 1169 καθ’
2908 1117 3057 1187 ἡμᾶς
3075 1117 3326 1188 διέθηκεν
3355 1116 3592 1178 ἅπαντα.

1899 1197 2118 1270 ἀοράτῳ
2148 1201 2254 1253 τινὶ
2286 1201 2514 1274 δυνάμει
2547 1205 2675 1266 τοὺς
2733 1206 2996 1274 πονηροὺς
3037 1203 3262 1269 τούτους
3305 1203 3598 1276 κατασχὼν

1899 1286 2188 1354 ἀγγέλους,
2224 1288 2318 1341 καὶ⁵
2355 1291 2638 1362 μονονουχὶ
2661 1291 2861 1360 λέγων’
2895 1293 2960 1346 Τί
2982 1292 3274 1358 σπεύδετες
3295 1292 3348 1346 τί
3368 1293 3424 1347 δέ
3447 1293 3581 1346 ἐπεί-

1899 1373 2064 1442 γεσθε
2095 1373 2251 1429 πόλιν
2275 1375 2535 1449 τοιαύτην
2571 1379 2991 1445 καταποντίζειν
3031 1381 3353 1452 μέλλοντεςς
3387 1381 3463 1454 μὴ
3487 1381 3596 1455 γάρ

1900 1461 2196 1530 εὐαγγέλια
2227 1464 2486 1536 κομίζετε
2528 1465 2607 1537 τῷ
2645 1467 2888 1538 βασιλεῖς
2933 1469 3142 1522 Μένετε
3171 1469 3361 1532 αὑτοῦ,
3399 1468 3506 1533 ’έως
3535 1463 3598 1521 οῦ

1899 1547 1993 1602 τὸν
2023 1547 2049 1586 ⁸
2085 1548 2394 1622 θεράποντα
2419 1551 2514 1606 τὸν
2538 1553 2690 1622 ἐμὸν,
2714 1553 2969 1626 καθάπερ
2999 1554 3186 1626 ἰατρὸν
3215 1555 3459 1627 ἄριστον,
3486 1572 3598 1609 πα-

1903 1636 2230 1708 ρασκευάσω
2257 1637 2462 1708 φθάσαι
2495 1641 2700 1720 καὶτὸν
2725 1643 2989 1714 ὑμέτερον
3012 1642 3454 1714 προκαταλαϐεῖν
3471 1641 3598 1714 696-

1905 1739 2026 1794 μον.
2059 1723 2124 1778 Εἰ
2149 1723 2208 1778 δὲ
2235 1727 2294 1779 ἐν
2323 1727 2466 1800 ἀρχῇ
2505 1727 2600 1782 τοῦ
2633 1729 2734 1800 τῆς
2768 1731 3117 1802 παρανομίας
3141 1731 3336 1796 ἕλκους
3364 1729 3599 1800 τοσαύτη

1903 1809 2134 1877 πρόνοια
2175 1810 2391 1880 γέγονε,
2436 1813 2618 1886 πολλῷ
2667 1815 2868 1888 μᾶλλον
2922 1817 3064 1888 μετὰ
3111 1815 3212 1889 τήν
3241 1817 3600 1890 ἐπιστροφὴν,

1905 1897 2046 1966 μετά
2080 1898 2180 1969 τὴν
2213 1901 2524 1970 μετάνοιαν,
2555 1903 2696 1973 μετά
2721 1904 2815 1958 τὸν
2843 1905 3098 1958 τοσοῦτον
3131 1904 3319 1974 φόϐον,
3354 1903 3496 1976 μετά
3533 1907 3599 1956 τὸ

1901 1985 2113 2059 δάκρυα
2140 1989 2350 2054 καὶτὰς
2367 1991 2538 2062 εὑχάς
2560 1993 2806 2058 πλείονος
2827 1994 3254 2066 ἀπολαυσόμεθα
3274 1994 3374 2064 τῆς
3394 1993 3598 2055 ἀδείας.

1915 2073 1974 2128 ὐ
2004 2075 2103 2146 μὲν
2135 2076 2247 2148 γὰρ
2275 2078 2461 2144 Ἰωνᾶς
2501 2081 2728 2146 εἰκότως
2768 2081 3152 2153 συνηλαύνετο,
3196 2083 3284 2136 ἵνα
3319 2083 3402 2146 είς
3439 2082 3591 2152 μετά·

1901 2180 2052 2216 νοιαν
2079 2164 2316 2238 ἐμϐάλῃ,
2349 2167 2511 2239 ὑμεῖς
2547 2169 2604 2222 δέ
2638 2169 2740 2240 ἤδη
2781 2169 2882 2241 τὴν
2923 2171 3215 2242 μετάνοιαν
3249 2169 3602 2234 ἐπεδείξασθε

1903 2252 1998 2306 καὶ
2027 2253 2230 2326 πολλὴν
2268 2255 2372 2327 τὴν
2413 2259 2773 2330 ἐπιστροφήν·
2819 2259 2902 2313 διὸ
2942 2260 3038 2314 καὶ
3081 2259 3486 2330 παρακλήσεως
3519 2257 3604 2311 δεῖ

1902 2341 2110 2407 λοιπὸν,
2138 2345 2240 2396 οὐκ
2264 2343 2526 2413 ἀγγελίας
2549 2345 2780 2418 ἀπειλὴν
2803 2346 3055 2420 ἐχούσης.
3085 2347 3186 2401 Διά
3204 2344 3366 2400 τοῦτο
3389 2346 3484 2401 καὶ
3509 2347 3604 2400 τὸν

1905 2429 2085 2482 κοινὸν
2119 2429 2376 2484 ἐντεῦθεν
2410 2432 2676 2504 ἀνέστησε
2705 2433 2940 2506 πατέρα,
2979 2434 3160 2488 καίτοι
3191 2433 3404 2488 πολλῶν
3433 2433 3605 2488 ὄντων

1902 2515 2013 2568 τῶν
2049 2516 2389 2571 κωλυόντων·
2421 2521 2471 2573 εί
2498 2518 2558 2572 δὲ
2591 2519 2666 2593 μὴ
2692 2521 2936 2592 ἐφείδετο
2979 2522 3078 2594 τῆς
3115 2533 3140 2562 ⁸
3181 2521 3461 2594 σωτηρίας
3504 2521 3604 2593 τῆς

1902 2605 2201 2676 ἡμετέρας,
2237 2607 2338 2660 οὑκ
2372 2607 2438 2660 ἂν
2469 2608 2678 2662 ἐκεῖνον
2703 2608 2944 2676 ἔπεισεν,
2983 2608 3120 2664 ἀλλά
3151 2610 3247 2664 καὶ
3280 2609 3606 2681 βουλόμενον

1903 2694 2141 2760 ἐξελθεῖν
2174 2695 2448 2751 ἐκώλυσεν
2478 2698 2565 2754 ἄν.

1979 2791 2045 2854 γ.
2084 2786 2234 2855 Ἔχω
2263 2803 2316 2839 τι
2343 2787 2438 2840 καὶ
2485 2787 2672 2860 τρίτον
2703 2789 2878 2843 εἰπεῖν
2913 2789 3213 2862 δυνάμενον
3236 2791 3382 2863 ὑμᾶς
3419 2792 3605 2846 πεῖσαι

1905 2872 2148 2945 θαρρεῖν,
2170 2875 2269 2947 τήν
2293 2877 2577 2947 παροῦσαν
2599 2877 2815 2949 ἑορτὴν,
2841 2879 2908 2950 ἣν
2935 2880 3029 2932 καὶ
3061 2879 3284 2933 ἄπιστοι
3327 2879 3606 2934 αἰδοῦνται

1906 2961 2092 3032 σχεδὸν
2123 2964 2344 3028 πάντες,
2368 2966 2434 3035 ἣν
2461 2965 2557 3018 καὶ
2589 2965 2752 3029 αὐτὸς
2777 2968 2805 3020 ό
2838 2966 3094 3040 θεοφιλὴς
3140 2968 3396 3038 βασιλεὺς
3423 2967 3605 3032 οὕτως

1902 3051 2101 3123 ᾐδέσθη
2139 3053 2233 3106 καὶ
2259 3052 2540 3123 ἐτίμησεν,
2569 3053 2646 3118 ὼς
2669 3053 2916 3119 ἅπαντας
2959 3059 3086 3120 τοὺς
3124 3057 3232 3129 πρὸ
3271 3056 3439 3110 αὐτοῦ
3483 3058 3605 3129 μετ’

1902 3139 2188 3204 εὐσεϐείας
2240 3142 2623 3212 κρατήσαντας
2677 3142 3084 3213 ὑπερϐαλέσθαι
3148 3144 3440 3214 βασιλέας.
3512 3144 3605 3197 Ἐν

1901 3227 2130 3293 ταύταις
2158 3228 2291 3298 γοῦν
2317 3231 2439 3293 ταῖς
2468 3229 2704 3301 ήμέραις
2745 3231 2968 3302 πέμψας
3012 3231 3302 3302 ἐπιστολὴν
3330 3235 3410 3295 είς
3436 3231 3604 3302 τιμὴ-ι

1901 3316 2004 3386 τῆς
2061 3318 2278 3389 ἐορτῆς,
2328 3320 2456 3381 τοὺς
2521 3318 2582 3370 τὸ
2637 3318 3013 3390 δεσμωτήριον
3072 3319 3361 3384 οἰκοῦντας
3413 3320 3603 3390 σχεδὸν

1903 3405 2118 3474 ἀφῆκεν
2159 3403 2438 3468 ἃπαντας·
2489 3406 2583 3459 καὶ
2644 3405 2850 3478 ταύτην
2909 3409 2938 3460 ὀ
3004 3408 3182 3478 ἱερεὺς
3241 3410 3270 3462 6
3330 3407 3602 3480 ἡμέτερος

1903 3491 2164 3546 εἰσελθὼν
2192 3492 2565 3562 ἀναγνώσεται
2597 3494 2698 3564 τὴν
2728 3495 3020 3567 ἐπιστολὴν
3055 3495 3192 3566 πρὸς
3223 3497 3316 3548 τὸν
3347 3493 3600 3566 βασιλέα,

1903 3581 2001 3633 καὶ
2026 3581 2134 3634 τῶν
2160 3582 2378 3635 οἰκείων
2407 3583 2568 3636 αὑτὸν
2610 3584 2918 3655 ἀναμνήσει
2959 3585 3163 3656 νόμιον,
3195 3588 3288 3638 καὶ
3321 3584 3438 3656 ἐρεῖ
3464 3583 3603 3656 πρὸς

1904 3671 2090 3730 αὑτὸν,
2148 3671 2230 3724 ὃτι
2289 3673 2362 3725 Σὺ
2417 3671 2612 3725 σαυτὸν
2660 3672 3091 3744 παρακάλεσον,’
3136 3677 3231 3726 καὶ
3278 3671 3348 3725 τά
3401 3671 3601 3726 σαυτοῦ

1908 3757 2186 3829 μέμνησο·
2228 3757 2442 3812 οἴκοθεν
2477 3758 2622 3830 ἔχεις
2655 3759 2714 3812 τὸ
2755 3761 3108 3831 παράδειγμα
3151 3759 3254 3829 τῆς
3293 3757 3604 3831 φιλανθρωο

1905 3845 2067 3908 πίας·
2103 3846 2312 3898 δίκαιον
2339 3846 2438 3916 οὐχ
2467 3847 2612 3898 εἵλου
2640 3847 2866 3917 ποιῆσαι
2899 3847 3080 3914 φόνον,
3117 3846 3211 3899 καὶ
3244 3844 3429 3899 ἄδικον
3463 3849 3598 3900 ὑπο-

1907 3934 2090 4002 μενεῖς
2147 3932 2526 4003 ἐργάσασθαι;
2591 3933 2717 3996 τοὺς
2774 3933 3173 4004 ἐληλεγμένους
3239 3933 3334 3986 καὶ
3382 3933 3604 3987 καταδι-

1905 4019 2208 4084 κασθέντας
2256 4021 2358 4092 τὴν
2411 4019 2606 4092 ἑορτὴν
2667 4021 2938 4085 αἰδεσθεὶς
2995 4022 3251 4092 ἀφῆκας,
3313 4023 3407 4076 καὶ
3470 4023 3603 4086 τοὺς

1904 4107 2232 4172 ἀνευθύνους
2268 4109 2364 4162 καὶ
2396 4109 2564 4178 μηδὲν
2604 4109 3010 4181 τετολμηκότας
3058 4112 3432 4182 κατακρινεῖς,
3471 4110 3600 4164 είπέ

1909 4213 2020 4266 μοι,
2052 4195 2343 4250 καὶταῦτα
2377 4197 2476 4267 τῆς
2509 4197 2704 4268 ἑορτῆς
2744 4197 3056 4268 παρούσηςς
3099 4197 3404 4268 Μηδαμῶς.
3440 4199 3599 4270 βασι·

1905 4285 2020 4338 λεῦ.
2057 4287 2130 4339 Σὺ
2176 4285 2265 4340 διά
2301 4287 2401 4356 τῆς
2443 4285 2733 4356 ἐπιστολῆς
2781 4284 2986 4356 ταύτης
3036 4285 3422 4357 διαλεγόμενος
3477 4291 3601 4352 ταῖς

1907 4372 2098 4426 πόλεσι
2143 4372 2343 4436 πάσαις
2373 4372 2559 4441 ἔλεγες
2587 4388 2603 4403 ο
2654 4371 2782 4426 Εἴθε
2839 4389 2930 4444 μοι
2980 4372 3206 4426 δυνατὸν
3239 4369 3308 4445 ἦν
3349 4376 3444 4428 καὶ
3471 4375 3600 4440 τοὺς

1907 4461 2137 4532 νεκροὺς
2166 4461 2473 4529 ἀναστῆσαι
2516 4461 2562 4516 ί.
2615 4461 2834 4532 Ταύτης
2878 4461 3112 4533 δεόμεθα
3153 4463 3251 4534 τῆς
3293 4462 3601 4535 φιλανθρω-

1909 4552 2059 4616 πίας,
2100 4551 2305 4604 τούτων
2333 4549 2565 4621 δεόμεθα
2595 4551 2704 4604 τῶν
2745 4549 3008 4622 ῥημάτων
3049 4551 3164 4606 νῦν.
3207 4553 3319 4622 υὺχ
3352 4552 3497 4606 οὑτω
3537 4554 3600 4606 τὸ

1909 4640 2187 4711 κρατῆσαι
2220 4639 2496 4709 πολεμίων
2525 4638 2812 4710 λαμπροὺς
2851 4643 2998 4692 ποιεῖ
3027 4641 3153 4703 τοὺς
3189 4639 3601 4709 βασιλεύοντας,

1909 4729 1986 4791 ὡς
2027 4727 2086 4780 τὸ
2134 4728 2406 4800 κρατῆσαι
2446 4727 2619 4799 θυμοῦ
2659 4729 2753 4781 καὶ
2796 4728 2994 4798 ὀργῆς·
3039 4730 3156 4780 ἐκεῖ
3195 4729 3295 4798 μὲν
3337 4729 3447 4801 γὰρ
3491 4727 3600 4782 τῶν

1910 4817 2092 4870 ὅπλων
2123 4817 2217 4871 καὶ
2247 4817 2356 4870 τῶν
2389 4815 2738 4888 στρατιωτῶν
2771 4817 2834 4868 τὸ
2875 4816 3207 4888 κατόρθωμα
3240 4816 3472 4885 γίνεται,
3508 4819 3599 4872 ὲν-

1911 4905 2086 4960 ταῦθα
2121 4907 2178 4960 δὲ
2209 4906 2413 4977 γυμνὸν
2440 4907 2532 4960 σόν
2555 4909 2671 4960 ἐστι
2698 4906 2761 4958 τὸ
2783 4905 3062 4976 τρόπαιον,
3100 4907 3194 4959 καὶ
3225 4905 3417 4960 οὑδένα
3453 4905 3600 4979 ἔχεις

1913 4995 2004 5048 τὸν
2037 4993 2394 5066 μεριζόμενον
2443 4993 2582 5064 μετά
2627 4992 2722 5045 σοῦ
2765 4991 2866 5063 τὴν
2908 4993 3005 5064 τῆς
3053 4991 3374 5063 φιλοσοφίας
3415 4993 3594 5061 δόξαν.

1925 5083 2268 5155 Ἐκράτησας
2298 5081 2540 5152 πολέμου
2589 5080 2950 5152 βαρϐαρικοῦ,
2984 5081 3260 5152 κράτησον
3298 5083 3395 5136 καὶ
3423 5083 3597 5155 θυμοῦ

1915 5171 2196 5242 βασιλικοῦ
2217 5188 2230 5201 ·
2271 5169 2592 5242 μαθέτωσαν
2619 5171 2670 5222 οί
2709 5169 2929 5224 ἄπιστοι
2961 5169 3165 5235 πάντες
3191 5172 3275 5225 ὅτι
3302 5174 3331 5226 ό
3350 5171 3446 5225 τοῦ
3470 5173 3601 5244 Χρι-

1913 5261 2042 5315 στοῦ
2069 5260 2235 5330 φόϐος
2254 5261 2437 5314 πᾶσαν
2457 5259 2707 5327 ἐξουσίαν
2725 5257 2950 5313 δύναται
2987 5259 3267 5332 χαλινοῦν·
3303 5261 3396 5334 [77
3405 5267 3418 5332 ι
3448 5259 3600 5326 δόξα·

1913 5351 2008 5405 σόν
2033 5367 2124 5403 σου
2156 5351 2249 5404 τὸν
2277 5350 2706 5420 Δεσπότην,τοῖς
2728 5349 3036 5414 συνδούλοις
3067 5350 3228 5420 ἀφεὶς
3257 5352 3324 5404 τὰ
3353 5350 3598 5422 ἁμαρτή-

1915 5455 2080 5510 ματα,
2111 5438 2200 5492 ἵνα
2230 5438 2325 5493 καὶ
2348 5437 2513 5502 αὑτός
2544 5453 2604 5490 σε
2631 5435 2832 5512 δοξάσῃ
2859 5437 3142 5510 μειζόνως,
3171 5437 3258 5491 ἵνα
3280 5435 3489 5508 ἥμερόν
3512 5453 3596 5492 σοι

1911 5527 2055 5581 κατά
2081 5529 2180 5598 τὴν
2208 5527 2306 5596 τῆς
2328 5526 2564 5598 κρίσεως
2596 5524 2810 5598 ἡμέραν
2840 5525 2986 5596 δείξῃ
3019 5525 3082 5578 τὸ
3106 5523 3260 5595 ὄμμα
3290 5524 3386 5577 κα)⁸
3421 5524 3595 5599 γαλη-

1909 5617 2019 5682 νὸν,
2060 5615 2266 5684 ταύτης
2292 5614 2642 5686 μεμνημένος
2683 5631 2777 5667 σου
2815 5610 3381 5684 τῆς-φιλανθρωπίας.
3407 5613 3596 5668 Ταῦτα

1910 5706 2006 5760 καὶ
2038 5703 2261 5758 πλείονα
2292 5702 2500 5756 τούτων
2525 5703 2659 5775 ἐρεῖ,
2689 5702 2784 5756 καὶ
2817 5701 3034 5762 πάντως
3071 5699 3220 5771 ἡμᾶς
3250 5699 3600 5774 ἐξαιρήσεται

1971 5841 1998 5881 ει
2025 5844 2122 5894 Alii
2146 5844 2238 5899 ἓως
2257 5843 2313 5890 ἂν
2332 5842 2432 5890 τόν.

1979 5908 1999 5928 ⁸
2023 5907 2123 5956 Alii
2145 5908 2187 5954 εἰ
2211 5907 2263 5954 δὲ
2287 5905 2351 5966 μή
2377 5902 2575 5960 meam
2600 5907 2699 5959 τῆςο
2806 5965 2813 5967 _
2968 5965 2974 5967 ν
3036 5964 3045 5967 _
3189 5966 3192 5967 ν
3363 5961 3400 5967 ,,
3522 5958 3551 5967 ,,

1976 5967 1994 6005 f
2023 5967 2176 6017 Savil.
2202 5974 2258 6016 el.
2277 5961 2451 6027 magna
2472 5976 2583 6027 pars
2605 5976 2719 6027 mss:
2745 5965 2854 6024 τοὺς
2874 5964 3158 6022 ἀπελθόντας
3179 5966 3343 6014 ἀναστ.
3360 5961 3467 6012 Mox
3489 5961 3573 6010 alii

1909 6029 2092 6080 τούτων
2116 6027 2278 6091 καιρὸς
2298 6023 2394 6074 τῶῖι
2429 6023 2650 6089 ῥημάτων
2670 6023 2769 6074 νῦν.
