3998 6424
448 355 544 411 ’85
1303 354 1360 408 S.
1400 350 1691 408 JOANNIS
1727 349 2219 410 CIIIWSOSTOMI
2259 355 2583 413 ARCHIEP.
2625 352 3181 413 CONSTANTINOP.
3833 358 3890 415 δι

468 471 568 541 τῆς
588 471 776 542 ὀργῆς.
801 472 915 524 Οὐκ
948 472 1028 533 εἰς
1060 469 1120 521 τὸ
1163 469 1345 521 πεῖσαι
1379 468 1438 522 δέ
1477 468 1636 539 μόνον
1670 468 1760 522 τὸν
1796 468 2017 540 βασιλέα
2049 486 2147 539 με-

470 559 632 627 γίστη
662 559 811 629 παρά
830 558 930 628 τῆς
952 556 1205 629 νηστείας
1226 555 1429 626 ταύτης
1454 558 1589 625 ἡμῖν
1618 558 1651 625 ἡ
1680 556 1986 627 συμμαχία,
2014 556 2149 609 ἀλλά

471 645 564 699 καὶ
601 647 681 708 είς
719 645 777 697 τὸ
810 645 1068 713 γενναίως
1097 645 1339 711 ἐνεγκεῖν
1372 642 1443 696 τὰ
1472 642 1837 714 συμϐαίνοντα
1861 660 1875 673 θ
1914 644 2007 698 καὶ
2040 643 2149 715 γάρ

470 732 817 805 παράκλησιν
841 731 902 783 οὐ
922 731 1021 801 τὴν
1043 730 1314 800 τυχοῦσαν
1340 729 1449 782 ἀπὸ
1468 730 1563 783 τοῦ
1587 730 1782 801 καιροῦ
1807 730 1998 783 τούτου
2022 748 2150 802 καρ-

469 818 738 889 πούμεθα.
779 818 919 891 Αὐτὸ
958 818 1067 889 γὰρ
1101 818 1163 871 τὸ
1199 816 1322 871 καθ’
1369 818 1607 886 ἑκάστην
1651 818 1864 889 ἡμέραν
1897 817 2148 886 συλλέγε-

468 906 611 969 σθαι,
643 908 734 960 καὶ
763 908 860 978 τῆς
884 906 991 958 τῶν
1030 906 1191 959 θείων
1230 905 1460 977 Γραφῶν
1490 904 1806 976 ἀκροάσεως
1831 904 2144 971 ἀπολαύειν,

466 996 559 1049 καὶ
605 995 870 1066 ἀλλήλους
921 995 1169 1065 βλέπειν,
1211 994 1305 1047 καὶ
1347 993 1485 1064 πρὸς
1530 993 1793 1063 ἀλλήλους
1835 992 2144 1065 ὀδύρεσθαι,

466 1083 557 1135 καὶ
586 1083 914 1154 εὐχομένους
943 1083 1039 1136 καὶ
1073 1082 1324 1150 εὐλογίας
1365 1080 1709 1153 δεχομένους,
1750 1081 1924 1146 οὓτως
1961 1081 2147 1135 οἶκαδε

460 1170 707 1237 ἀπιέναι,
753 1171 815 1223 τὸ
853 1172 1012 1225 πλέον
1052 1173 1187 1243 ἡμῖν
1235 1170 1601 1239 ὑποτέμνεται
1648 1171 1749 1239 τῆς
1800 1169 2013 1240 ὀδύνης.
2054 1169 2146 1240 Μὴ

461 1257 641 1311 τοίνυν
677 1260 1099 1328 καταπέσωμεν,
1141 1257 1278 1328 μηδέ
1316 1256 1603 1327 προδῶμεν
1636 1258 1863 1319 ἑαυτοὺς
1907 1257 2013 1310 ὐπὸ
2046 1258 2147 1328 τῆς

461 1346 724 1414 ἀγωνίας,
767 1346 905 1399 ἀλλά
950 1346 1202 1416 μένωμεν
1234 1345 1303 1396 τὰ
1334 1343 1550 1415 χρηστά
1590 1343 2015 1416 προσδοκῶντες,
2051 1343 2141 1397 καὶ

462 1433 823 1504 προσέχωμεν
854 1434 968 1495 τοῖς
1002 1431 1336 1502 ῥηθήσεσθαι
1370 1430 1643 1501 μέλλουσι.
1676 1433 1788 1486 Καὶ
1818 1432 1928 1502 γάρ
1960 1430 2146 1501 βούλο-

465 1537 563 1590 μαι
589 1523 828 1591 σήμερον
862 1520 993 1592 περὶ
1018 1520 1319 1591 ὑπεροψίας
1348 1520 1578 1573 θανάτου
1607 1521 1956 1591 διαλεχθῆναι
1981 1533 2007 1562 ι
2041 1520 2146 1575 πά-

462 1608 564 1663 λιν.
612 1604 781 1663 Εἶπον
812 1608 941 1679 χθὲς
982 1610 1111 1679 ὐμῖν
1149 1608 1233 1661 ὃτι
1268 1607 1360 1661 τὸν
1406 1608 1635 1663 θάνατον
1666 1609 2008 1679 δεδοίκαμεν,
2043 1610 2145 1663 οὐκ

462 1697 650 1766 ἐπειδὴ
681 1696 909 1767 φοϐερός
938 1698 1086 1751 ἐστιν
1107 1696 1340 1757 ἐκεῖνος,
1364 1688 1479 1749 ἀλλ’
1511 1697 1700 1766 ἐπειδὴ
1725 1696 1837 1750 οὔθ’
1858 1699 1887 1751 6
1913 1698 2012 1766 τῆς
2047 1696 2144 1768 βα-

464 1783 665 1846 σιλείας
690 1784 835 1853 ήμάς
866 1782 1005 1853 ἔρως
1031 1782 1256 1853 ἀνῆψεν,
1281 1781 1403 1836 οὐτε
1423 1786 1452 1838 6
1470 1783 1570 1854 τῆς
1590 1783 1815 1853 γεέννης
1830 1783 1993 1853 φόϐος
2014 1800 2145 1837 κατ-

458 1870 638 1941 έσχεν,
681 1873 775 1923 καὶ
811 1871 949 1941 πρὸς
995 1870 1229 1934 τούτοις,
1266 1871 1348 1923 ὅτι
1392 1870 1455 1924 τὸ
1495 1871 1734 1934 συνειδὸς
1798 1872 1900 1925 οὐκ
1946 1870 2142 1941 ἔχομεν

460 1956 685 2025 ἀγαθόν.
712 1958 975 2012 Βούλεσθε
1004 1959 1100 2013 καὶ
1125 1959 1393 2031 τετάρτην
1422 1958 1564 2013 είπω
1585 1960 1763 2014 αἰτίαν
1790 1960 1889 2031 τῆς
1913 1960 2141 2031 ἀκαίρου

458 2044 657 2116 ταύτης
687 2046 927 2115 ἀγωνίας
964 2047 1064 2099 οὐκ
1095 2046 1373 2110 ἐλάττονα,
1408 2046 1517 2101 τῶν
1545 2048 1826 2120 προτέρων
1848 2047 2141 2119 ἀληθεστέ-

461 2149 591 2203 ραν;
630 2135 706 2189 Οὐ
736 2134 919 2206 ζῶμεν
956 2135 1095 2205 μετά
1122 2135 1224 2206 τῆς
1247 2136 1633 2208 προσηκούσης
1661 2140 1774 2201 τοῖς
1795 2138 2143 2209 Χριστιανοῖς

456 2221 903 2292 σκληραγωγίας,
936 2222 1076 2277 ἀλλά
1107 2223 1199 2276 τὸν
1232 2224 1400 2295 ὐγρὸν
1427 2223 1619 2278 τοῦτον
1640 2226 1731 2278 καὶ
1758 2224 2141 2295 διαλελυμένον

456 2310 549 2362 καὶ
576 2310 771 2380 χαῦνον
796 2308 1151 2381 ἐζηλώσαμεν
1188 2310 1302 2380 βίον
1322 2330 1333 2342 ’
1360 2311 1441 2365 διὸ
1468 2312 1562 2366 καὶ
1590 2312 1819 2376 εἰκότως
1846 2315 1960 2377 τοῖς
1997 2329 2142 2384 παρ-

452 2395 514 2449 οῦ
522 2414 604 2449 σιν
637 2396 1015 2468 ἐμφιλοχωροῦ
1024 2414 1123 2467 μεν
1148 2397 1495 2468 πράγμασιν.

536 2485 623 2546 Ὠς
663 2487 722 2537 ετ
758 2501 822 2552 γε
868 2484 926 2536 ὲν
968 2484 1244 2554 νηστείαις
1283 2484 1381 2537 καὶ
1429 2486 1718 2557 παννυχίσι
1773 2487 1868 2540 καὶ
1897 2486 2143 2559 εὐτελείᾳ

450 2572 664 2642 διαίτης
692 2573 791 2644 τὴν
817 2573 963 2644 ζωὴν
982 2572 1273 2644 διηνύομεν
1292 2572 1521 2644 ταύτην,
1543 2574 1642 2637 τὰς
1666 2573 1962 2644 ἐπιθυμίας
1982 2575 2141 2645 ἡμῶν

452 2660 812 2724 ἐκκόπτοντες
851 2661 951 2725 τὰς
984 2661 1241 2725 ἀτόπους,
1280 2660 1379 2724 τὰς
1411 2659 1605 2731 ἡδονὰς
1658 2660 1975 2727 κωλύοντες,
2016 2662 2143 2725 τούς

456 2747 687 2818 ἱδρῶτας
717 2748 819 2819 τῆς
854 2748 1056 2819 ἀρετῆς
1085 2748 1473 2819 ὑπομένοντες,
1515 2749 1657 2802 κατὰ
1684 2748 1774 2802 τὸν
1800 2750 2013 2804 Παύλου
2049 2750 2141 2802 λό-

456 2851 553 2905 γον
588 2840 637 2876 ι⁶
674 2838 1063 2900 ὐποπιέζοντες
1091 2836 1150 2889 τὸ
1186 2836 1346 2907 σῶμα
1388 2835 1482 2889 καὶ
1522 2835 2016 2905 δουλαγωγοῦντες,
2041 2839 2142 2909 τῆς

453 2925 655 2996 σαρκὸς
682 2925 937 2996 πρόνοιαν
971 2926 1044 2996 μὴ
1072 2923 1383 2995 ποιούμενοι
1424 2926 1504 2988 είς
1536 2923 1857 2995 ἐπιθυμίας,
1886 2925 1985 2996 τὴν
2018 2943 2142 2979 στε-

451 3012 548 3083 νὴν
588 3013 683 3066 καὶ
728 3013 1101 3083 τεθλιμμένην
1154 3012 1273 3067 όδὸν
1321 3011 1620 3077 ὁδεύοντες,
1668 3013 1882 3084 ταχέως
1929 3014 1997 3068 ἂν
2032 3015 2141 3067 τῶν

452 3098 754 3169 μελλόντων
788 3099 1239 3171 ἐπεθυμήσαμεν,
1271 3098 1381 3152 τῶν
1413 3099 1700 3170 παρόντων
1749 3100 1928 3155 πόνων
1963 3102 2140 3156 ἀπαλ-

449 3186 681 3259 λαγῆναι
710 3188 1050 3252 σπεύδοντες.
1082 3187 1193 3241 Καὶ
1217 3189 1300 3241 ὅτι
1333 3189 1392 3241 οὐ
1429 3187 1631 3259 ψευδὴς
1658 3191 1685 3242 ὁ
1707 3188 1863 3258 λόγος
1890 3190 1918 3241 6
1941 3190 2140 3260 ἡμέτε-

453 3291 564 3345 ρος,
595 3274 827 3347 ἀνάϐηθι
861 3275 1000 3346 πρὸς
1035 3274 1134 3338 τὰς
1172 3275 1420 3344 κορυφὰς
1453 3276 1562 3329 τῶν
1593 3277 1789 3347 ὀρέων,
1836 3277 1932 3330 καὶ
1967 3278 2139 3331 κατά-

452 3364 595 3434 μαθε
652 3364 779 3427 τοὺς
837 3365 955 3416 ἐκεῖ
1011 3362 1304 3433 μοναχούς,
1364 3363 1493 3425 τοὺς
1537 3364 1596 3416 ἐν
1641 3364 1851 3433 σάκκῳ,
1902 3364 2029 3428 τοὺς
2080 3366 2140 3417 ἐν

449 3450 687 3520 δεσμοῖς,
733 3451 858 3512 τοὺς
900 3450 958 3502 ἐν
1005 3448 1304 3519 νηστείαις,
1355 3449 1485 3511 τοὺς
1541 3451 1598 3501 ἐν
1660 3450 1840 3520 σκότῳ
1902 3468 2139 3506 κατακε-

449 3536 824 3606 κλεισμένους,
855 3535 948 3588 καὶ
972 3535 1092 3604 ὕψει
1122 3535 1327 3597 πάντας
1359 3534 1558 3598 αὐτοὺς
1594 3536 1694 3605 τῆς
1722 3536 1984 3607 τελευτῆς
2020 3539 2141 3592 ἐπι-

449 3622 780 3691 θυμοῦντας,
799 3624 896 3676 καὶ
912 3622 1223 3675 ἀνάπαυσιν
1250 3621 1311 3674 τὸ
1335 3623 1571 3693 πρᾶγμα
1598 3622 1917 3687 καλοῦντας.
1948 3626 2136 3681 Καθά-

450 3726 556 3781 περ
604 3710 714 3782 γάρ
757 3709 786 3760 6
831 3708 1119 3762 πυκτεύων
1167 3708 1449 3777 ἐπείγεται
1497 3710 1590 3763 τοῦ
1628 3710 1842 3765 σταδίου
1875 3712 2136 3782 ἐξελθεῖν,

451 3800 539 3853 ῖνα
566 3799 855 3870 ἀπαλλαγῇ
888 3798 996 3851 τῶν
1015 3799 1361 3871 τραυμάτων·
1384 3800 1479 3853 καὶ
1512 3801 1541 3851 6
1577 3799 1815 3873 ἀθλητὴς
1841 3803 2139 3875 ἀναστῆναι

447 3889 507 3942 τὸ
532 3888 757 3959 θέατρον
782 3888 1063 3957 ἐπιθυμεῖ,
1098 3889 1186 3941 ἵνα
1221 3887 1559 3960 ἐλευθερωθῇ
1602 3889 1712 3942 τῶν
1752 3891 1960 3944 πόνων⁹
1994 3891 2138 3946 οὕτω

447 3978 539 4031 καὶ
565 3980 593 4030 6
620 3980 679 4031 ἐν
715 3976 937 4049 σκληρῷ
966 3977 1062 4030 καὶ
1092 3978 1417 4049 τραχυτάτῳ
1457 3976 1558 4047 βίῳ
1597 3977 1705 4041 ζῶν
1757 3981 1876 4049 μετ’
1910 3981 2133 4051 ἀρετῆς,

444 4066 705 4137 ἐπιθυμεῖ
731 4067 834 4136 τῆς
858 4067 1139 4137 τελευτῆς,
1188 4068 1277 4120 ἵνα
1320 4068 1415 4119 καί¹
1456 4067 1567 4122 τῶν
1618 4067 1800 4122 πόνων
1842 4070 2133 4141 ἀπαλλαγῇ

445 4155 556 4208 τῶν
590 4156 896 4226 παρόντων,
925 4157 1020 4208 καὶ⁸
1053 4154 1196 4227 ὐπὲρ
1227 4154 1335 4208 τῶν
1369 4156 1750 4226 ἀποκειμένων
1790 4156 1889 4228 ἐχῃ
1939 4159 2137 4227 στεφά-

446 4262 550 4298 νων
591 4246 812 4315 θαρρεῖν
846 4245 980 4316 πρὸς
1018 4244 1106 4297 τὸν
1140 4242 1317 4297 εὐδιον
1364 4243 1747 4307 καταπλεύσας
1776 4244 1990 4315 λιμένα,
2040 4248 2133 4300 καὶ

445 4334 564 4384 ἐκεῖ
589 4332 884 4403 μεταστάς,
924 4330 1053 4384 ἔνθα
1088 4330 1273 4385 λοιπὸν
1310 4331 1411 4383 οὐκ
1448 4331 1595 4383 ἐστιν
1638 4332 1976 4385 ὑποπτεῦσαι
2008 4350 2134 4385 ναυ-

444 4420 619 4487 άγιον.
649 4420 749 4473 Διά
771 4419 931 4472 τοῦτο
962 4419 1057 4473 καὶ
1079 4421 1107 4472 6
1132 4419 1265 4482 Θεὸς
1294 4419 1552 4473 ἐπίπονον
1594 4419 1754 4488 φύσει
1794 4422 1889 4474 καὶ
1924 4421 2133 4492 μοχθη-

446 4509 539 4577 ρὸν
572 4508 663 4560 τὸν
700 4507 814 4576 βίον
851 4507 1011 4577 ἡμῶν
1038 4506 1463 4571 κατεσκεύασεν,
1498 4508 1588 4561 ἵνα
1614 4509 1719 4562 ὐπὸ
1761 4510 1862 4580 τῆς
1897 4509 2134 4564 ἐνταῦθα

447 4595 851 4665 συνωθούμενοι
874 4594 1131 4664 θλίψεως,
1165 4594 1463 4665 ἐπιθυμίαν
1485 4594 1595 4647 τῶν
1628 4596 1930 4665 μελλόντων
1958 4597 2134 4652 λάϐω-

446 4698 566 4750 μεν.
602 4683 662 4734 Εί
691 4681 799 4752 γάρ
827 4680 923 4733 νῦν
952 4680 1224 4734 τοσούτων
1247 4681 1416 4734 ὄντων
1441 4682 1550 4733 τῶν
1583 4681 1867 4753 λυπηρῶν,
1900 4686 1995 4738 καὶ
2024 4703 2135 4739 κιν-

443 4769 635 4832 δύνων,
672 4771 767 4824 καὶ
807 4769 989 4839 φόϐων
1025 4771 1121 4823 καὶ
1153 4768 1449 4841 φροντίδων
1484 4768 1750 4823 πάντοθεν
1794 4773 1943 4842 ἡμᾶς
1978 4790 2134 4843 περι-

446 4858 900 4929 στοιχιζομένων,
952 4856 1127 4922 οὕτως
1179 4855 1668 4928 ἐμφιλοχωροῦμεν
1736 4862 1803 4931 τῇ
1879 4861 2131 4933 παρούσῃ

444 4947 579 5016 ζωῇ,
606 4945 719 5017 [78]
750 4948 799 4999 εἰ
839 4946 1005 5017 μηδὲν
1033 4945 1237 4999 τούτων
1261 4942 1349 5017 ἦν,
1379 4945 1493 5000 ἀλλ’
1519 4945 1722 5010 ἀλυπός
1750 4965 1835 5008 τις
1867 4951 1962 5003 καὶ
1995 4952 2131 5004 ἀταο

444 5035 717 5106 λαίπωρος
749 5037 777 5088 6
813 5033 925 5104 βίος
958 5037 1088 5106 ἡμῖν
1127 5033 1273 5099 ἅπας
1303 5034 1535 5103 ἐγίνετο,
1578 5034 1707 5088 πότε
1747 5035 1813 5088 ἂν
1852 5036 2133 5111 ἐπεθυμή-

445 5140 619 5193 σαμεν
648 5122 757 5175 τῶν
795 5122 1097 5193 μελλόντων
1118 5140 1134 5189 ;

514 5209 577 5264 δ’.
608 5210 763 5264 Οὕτω
791 5210 885 5262 καὶ
925 5210 1193 5274 Ἰουδαίοις
1216 5211 1469 5283 ἐποίησεν
1497 5211 1671 5275 ὀΘεός
1688 5228 1701 5242 ·
1727 5212 1822 5265 καὶ
1853 5212 1960 5286 γάρ
1988 5213 2131 5265 ἐκεί-

442 5317 568 5363 νους
604 5298 929 5370 βουλόμενος
959 5301 1040 5361 είς
1072 5298 1367 5369 ἐπιθυμίαν
1411 5300 1670 5369 ἐμϐαλεῖν
1710 5300 1811 5371 τῆς
1846 5301 2129 5367 ἐπανόδου,

446 5389 536 5441 καὶ
573 5390 756 5441 πεῖσαι
791 5387 1019 5458 μισῆσαι
1048 5386 1146 5457 τὴν
1174 5386 1469 5456 Αἴγυπτον,
1498 5388 1843 5461 συνεχώρησε
1869 5388 1949 5459 τῷ
1976 5389 2133 5459 πηλῷ

444 5477 540 5528 καὶ
571 5479 637 5547 τῇ
680 5476 931 5547 πλινθείᾳ
977 5475 1467 5547 ταλαιπωρεῖσθαι,
1505 5476 1593 5530 ἵνα
1635 5477 1713 5547 τῷ
1749 5478 1973 5549 μεγέθει
2021 5477 2131 5531 τῶν

445 5564 623 5617 πόνων
645 5564 741 5618 καὶ
764 5565 865 5634 τῆς
896 5564 1275 5632 ταλαιπωρίας
1308 5563 1525 5634 ἐκείνης
1559 5566 1855 5635 ἀγχόμενοι
1890 5566 2129 5637 βοὴσωσι

445 5649 583 5720 πρὸς
620 5651 710 5704 τὸν
745 5653 880 5707 Θεὸν
923 5651 1054 5723 περὶ
1099 5652 1200 5723 τῆς
1236 5649 1519 5704 ἐπανόδου.
1560 5653 1623 5704 Ei
1667 5654 1775 5724 γὰρ
1813 5653 1879 5725 δὴ
1924 5654 2130 5708 τούτων

444 5735 751 5807 γενομένων
784 5738 1091 5804 ἐξελθόντες
1137 5738 1298 5792 πάλιν
1346 5739 1653 5810 ἐμέμνηντο
1690 5741 1789 5812 τῆς
1828 5742 2126 5811 ΔΑιίγύπτου,

508 5893 817 5959 ξείσξβονίις
842 5895 1202 5959 ιιιείιμε-ιιιιυιη
1216 5897 1350 5959 ηιιμ.
1376 5898 1474 5944 δια)
1486 5899 1711 5959 εχθῶμεν.
1738 5899 1873 5949 Enn.

509 5955 559 5986 ⁸⁸
582 5952 685 6006 Alli
705 5955 828 6001 κατά
851 5955 929 6002 τὸν
954 5952 1160 6002 Παῦλον.
1190 5952 1313 6006 Ibid:
1337 5960 1421 6007 Sa:
1437 5961 1486 6008 il.
1509 5952 1875 6019 ῧπωπιτίζοντες.

2258 472 2352 526 καὶ
2374 471 2474 541 τῆς
2498 470 2741 542 χαλεπῆς
2760 468 3004 533 δουλείας
3027 470 3122 522 καὶ
3146 469 3283 539 1:96;
3305 471 3400 541 τὴν
3432 470 3698 542 προτέραν
3723 487 3892 542 cupav-

2256 558 2376 613 νίδα
2407 559 2769 631 ὑποστρέφειν
2800 558 3110 629 ἠπείγοντο,
3146 561 3196 610 εί
3236 558 3311 627 μὴ
3348 559 3603 610 τοιούτοιν
3635 560 3893 629 ἐπειράθη-

2258 658 2359 699 σαν
2393 646 2504 700 τῶν
2559 646 2869 718 βαρϐάρων,
2929 645 3062 699 πότε
3112 644 3178 699 ἂν
3232 646 3447 715 ἀφεῖναι
3500 646 3597 717 τὴν
3643 647 3891 719 ἀλλοτρίαν

2256 730 2560 804 ἡθέλησανς
2596 734 2713 786 Ἵνα
2755 730 2849 787 οὖν
2882 733 2979 786 καὶ
3011 734 3173 803 ἡμεῖς
3206 732 3280 803 μὴ
3312 735 3372 803 τῇ
3402 735 3475 804 γῇ
3520 733 3891 805 προσηλωμένοι

2255 820 2512 892 καὶπρὸς
2541 820 2611 873 τά
2642 822 2885 891 παρόντα
2925 820 3213 890 κεχηνότες
3253 819 3533 891 ἀλγῶμεν,
3571 822 3661 874 καὶ
3700 821 3890 875 ἐπιλαν-

2255 903 2546 978 θανώμεθα
2596 907 2709 960 τῶν
2758 906 3095 977 μελλόντων,
3158 907 3431 979 μοχθηρὸν
3487 909 3619 978 ἡμῖν
3672 908 3758 962 τὸν
3799 908 3891 979 βίον

2254 993 2513 1064 ἐποίησεν
2544 995 2573 1047 6
2608 993 2762 1057 Θεός.
2813 992 2904 1065 Μὴ
2942 993 3120 1047 τοίνυν
3173 994 3557 1066 περιεχώμεθα
3595 996 3624 1036 δ
3656 996 3788 1067 πέρα
3812 996 3889 1051 τοῦ

2252 1081 2461 1145 δέοντος
2486 1083 2585 1153 τῆς
2610 1083 2892 1153 παρούσης
2921 1081 3088 1151 ζωῆς.
3115 1081 3180 1136 Τί
3214 1083 3325 1154 γάρ
3352 1083 3545 1152 όφελος
3567 1084 3726 1154 ἡμῖν;
3762 1086 3888 1138 ποῖον

2251 1169 2310 1223 δέ
2350 1170 2541 1241 κέρδος
2583 1173 2648 1224 ἐκ
2683 1171 2776 1225 τοῦ
2811 1170 3195 1242 προσηλῶσθαι
3236 1171 3355 1243 μεθ’
3384 1172 3687 1243 ὑπερϐολῆς
3721 1175 3782 1243 τῇ
3814 1174 3890 1226 τοῦ

2255 1256 2521 1325 παρόντος
2553 1258 2668 1326 βίου
2709 1256 3005 1331 ἐπιθυμίᾳ;
3046 1257 3238 1313 Βούλει
3277 1259 3468 1329 μαθεῖν
3494 1258 3582 1312 διὰ
3614 1259 3666 1311 τί
3703 1259 3890 1330 καλὸνὴ

2261 1344 2507 1415 παροῦσα
2541 1344 2693 1416 (cui);
2722 1346 2848 1399 Ὅτι
2870 1347 2970 1418 τῆς
3003 1347 3305 1418 μελλούσης
3344 1345 3492 1418 ζωῆς
3516 1348 3648 1417 ἡμῖν
3674 1345 3891 1407 ὑπόθεσις

2251 1430 2464 1498 γίνεται
2496 1433 2590 1485 καὶ
2619 1433 2863 1504 ἀφορμὴ,
2896 1435 2987 1488 καὶ
3023 1435 3258 1506 σκάμμα
3286 1434 3382 1489 καὶ
3428 1435 3638 1489 στάδιον
3667 1434 3766 1487 τῶν
3800 1436 3892 1486 ἐκεῖ

2254 1520 2533 1588 στεφάνων
2574 1520 2750 1573 ἐστίν·
2795 1522 2872 1584 ὡς
2917 1524 2966 1574 εί
3013 1522 3088 1593 μὴ
3125 1522 3284 1576 τοῦτο
3322 1522 3597 1594 παράσχοι
3638 1524 3779 1591 ἡμῖν,
3809 1540 3889 1593 μυ-

2253 1607 2385 1677 ρίων
2423 1606 2669 1661 θανάτων
2715 1609 2863 1664 ἐστὶν
2889 1609 3247 1680 ἐλεεινοτέρα.
3287 1608 3350 1661 El
3393 1608 3502 1679 γάρ
3550 1607 3623 1679 μὴ
3664 1608 3889 1679 μέλλομεν

2251 1693 2455 1758 ζῶντες
2486 1694 2742 1767 ἀρέσκειν
2771 1696 2913 1767 Θεῷ,
2955 1688 3162 1767 βέλτιον
3193 1696 3491 1750 ἀποθανεῖν
3534 1707 3582 1751 ο.
3622 1695 3685 1749 Τί
3722 1694 3817 1767 γὰρ
3841 1696 3890 1747 τό

2251 1783 2444 1850 πλέονς
2485 1785 2541 1837 τί
2572 1784 2633 1837 τὸ
2681 1786 2973 1855 περιττόν;
3009 1786 3145 1855 Οὐχὶ
3180 1784 3272 1838 τὸν
3310 1784 3476 1838 αὐτὸν
3512 1784 3661 1855 ῆλιον
3694 1785 3778 1837 καὶ
3812 1784 3889 1852 τὴν

2250 1872 2422 1943 αὐτὴν
2453 1872 2686 1945 σελήνην
2726 1874 2849 1928 γαθ’
2884 1874 3120 1944 ἑκάστην
3146 1874 3362 1945 ἡμέραν
3389 1873 3640 1945 ὁρῶμενς
3680 1873 3789 1943 οὐχὶ
3819 1874 3892 1925 τὸν

2251 1960 2413 2014 αὐτὸν
2445 1962 2691 2032 χειμῶνα
2715 1980 2730 2028 ;
2765 1962 2887 2033 οὐχὶ
2912 1962 2972 2015 τὸ
3004 1962 3137 2015 αὐτὸ
3161 1962 3347 2033 θέρος;
3376 1961 3502 2031 οὐχὶ
3534 1963 3601 2015 τά
3622 1960 3754 2014 αὐτά
3779 1962 3891 2031 πρά-

2249 2064 2472 2117 γματα;
2523 2051 2586 2104 Τί
2623 2050 2689 2103 τὸ
2731 2050 3016 2118 γεγονόςξ
3058 2048 3208 2102 αὐτὸ
3263 2049 3328 2102 τὸ
3379 2050 3794 2119 γενησόμενον.
3843 2049 3890 2103 Τί

2249 2134 2317 2188 τὸ
2345 2135 2788 2206 πεποιημένον;
2815 2136 2965 2191 αὐτὸ
2994 2136 3061 2190 τὸ
3095 2137 3603 2204 ποιηθησόμενον.
3633 2136 3718 2204 Μή
3744 2134 3889 2187 τοίνυν

2253 2226 2391 2293 μήτε
2438 2226 2562 2288 τοὺς
2611 2224 2820 2290 ζῶντας
2873 2224 3069 2288 ἀπλῶς
3126 2225 3556 2297 μακαρίζωμεν,
3615 2225 3745 2294 μήτε
3792 2224 3892 2282 τοὺς

2250 2310 2694 2383 ἀποθνήσκοντας
2727 2312 3036 2383 θρηνῶμεν·
3070 2311 3209 2366 ἀλλά
3240 2313 3368 2375 τοὺς
3408 2311 3513 2383 μὲν
3543 2313 3603 2365 ἐν
3638 2309 3891 2382 ἁμαρτίαις

2248 2397 2429 2462 δντας,
2466 2399 2570 2453 κᾶν
2604 2398 2737 2462 ζῶσι
2776 2399 2803 2440 ά
2825 2440 2841 2465 ,
2891 2399 2996 2454 κᾶν
3038 2399 3490 2471 τετελευτηκότες
3525 2393 3688 2465 ῶσιν,
3726 2396 3893 2467 66096:-

2253 2485 2394 2556 μεθα
2413 2504 2427 2517 θ
2455 2488 2583 2551 τούς
2610 2488 2669 2541 δὲ
2699 2490 2756 2541 ἐν
2787 2487 3100 2561 δικαιοσύνῃ
3134 2486 3532 2559 μακαρίζωμεν
3562 2487 3733 2547 πάλιν,
3760 2486 3892 2538 ὃπου-

2252 2589 2358 2644 περ
2388 2572 2456 2626 ἂν
2483 2572 2719 2643 τύχωσιν
2744 2574 2919 2636 ὄντες,
2942 2575 3014 2629 Σὺ
3047 2574 3145 2646 μὲν
3170 2570 3264 2629 οὖν
3290 2576 3389 2629 ἕνα
3404 2574 3653 2638 δέδοικας
3680 2573 3889 2631 θάνατον.

2251 2658 2346 2711 καὶ
2375 2660 2616 2732 θρηνεῖς·
2640 2662 2670 2714 6
2694 2660 2906 2726 Παῦλος
2934 2661 2992 2715 δέ
3016 2661 3139 2715 καθ’
3175 2662 3412 2733 ἐκάστην
3447 2662 3661 2733 ἡμέραν
3689 2659 3896 2727 ἀποθνή-

2252 2764 2397 2801 σκων
2423 2748 2488 2801 οὐ
2518 2747 2678 2819 μόνον
2710 2748 2810 2802 οὐκ
2845 2748 3076 2820 ἐδάκρυε
3114 2747 3208 2803 διά
3240 2748 3417 2812 τοῦτο,
3458 2748 3597 2803 ἀλλά
3625 2749 3714 2803 καὶ
3737 2748 3891 2819 ἔχαιρε

2252 2837 2342 2889 καὶ
2369 2835 2655 2906 ἠγάλλετο.
2678 2836 2805 2891 Εἴθε
2827 2836 2983 2905 κάγὼ
3008 2837 3097 2891 διά
3120 2837 3213 2891 τὸν
3232 2836 3366 2891 Θεὸν
3386 2837 3740 2898 ἐκινδύνευον,
3765 2834 3889 2905 φησὶ.

2252 2921 2345 2975 καὶ
2372 2923 2475 2977 οὐκ
2500 2922 2568 2979 ἀν
2593 2925 2909 2997 ἐφρόντισα.
2965 2924 3128 2979 Ἀλλὰ
3148 2925 3283 2997 μηδὲ
3302 2926 3397 2979 νῦν
3437 2925 3745 2996 καταπέσης
3761 2940 3774 2953 ’
3796 2922 3893 2975 οὐδὲ

2224 3000 2359 3081 ’γὰρ
2398 3011 2558 3080 μόνον
2591 3012 2621 3064 6
2650 3013 2740 3067 6:6
2783 3012 2875 3065 τὸν
2922 3012 3056 3067 Θεόν
3092 3030 3148 3066 τι
3194 3015 3420 3084 πάσχων
3465 3014 3754 3085 εὐδοκιμεῖ,
3784 3009 3894 3065 ἀλλὰ

2250 3098 2343 3151 καὶ
2373 3101 2401 3152 6
2428 3099 2628 3163 ἀδίκως
2664 3118 2716 3154 τι
2762 3101 3012 3171 πάσχων,
3042 3102 3138 3156 καὶ
3182 3101 3363 3173 φέρων
3390 3102 3676 3171 γενναίως,
3705 3100 3788 3154 καὶ
3824 3098 3893 3151 εὐ-

2248 3187 2523 3258 χαριστῶν
2546 3187 2623 3260 τῷ
2654 3189 3028 3262 συγχωροῦντι
3061 3188 3201 3261 Θεῷ,
3224 3191 3326 3244 οὐκ
3348 3190 3591 3245 ἐλάττων
3614 3190 3704 3243 τοῦ
3726 3187 3802 3241 6:6
3821 3186 3892 3238 τὸν

2247 3273 2381 3327 Θεὸν
2422 3275 2598 3330 ταῦτα
2635 3277 2937 3348 πάσχοντός
2958 3280 3126 3332 ἐστιν.
3160 3279 3314 3331 Ἐπεὶ
3329 3278 3472 3332 καὶὸ
3511 3277 3765 3350 μακάριος
3796 3272 3891 3327 Ἰὼϐ

2247 3364 2347 3424 τὰς
2366 3363 2570 3429 πολλὰς
2602 3366 2698 3419 καὶ
2721 3366 3029 3437 ἀφορήτους
3052 3365 3270 3429 ἐκείνας
3322 3366 3544 3439 πληγάς
3571 3365 3793 3429 ἐδέξατο,
3814 3359 3890 3414 τοῦ

2247 3451 2493 3506 διαϐόλου
2525 3453 2700 3523 μάτην
2727 3454 2822 3505 καὶ
2839 3453 2963 3524 είκῆ
2994 3452 3089 3507 καὶ
3116 3453 3303 3513 ἁπλῶς
3329 3453 3780 3515 ἐπιϐουλεύοντος,
3800 3448 3891 3502 ἀλλ’

2247 3541 2399 3611 ὅμως
2416 3539 2605 3612 ἐπειδὴ
2630 3541 2892 3610 γενναίως
2908 3542 3130 3612 ἡνεγκε,
3160 3543 3256 3595 καὶ
3277 3543 3653 3614 ηὐχαρίστησε
3666 3539 3738 3608 τῷ
3751 3536 3892 3592 ταῦτα

2248 3626 2622 3700 συγχωροῦντι
2658 3627 2797 3698 Θεῷ,
2833 3628 3129 3700 ὁλόκληρον
3161 3630 3255 3683 τὸν
3301 3628 3572 3698 στέφανον
3612 3626 3889 3698 ἀνεδήσατο.

2317 3716 2410 3785 Μὴ
2438 3716 2621 3771 τοίνυν
2649 3714 2821 3768 λυποῦ
2849 3714 2942 3768 διά
2980 3715 3075 3769 τὸν
3101 3714 3361 3770 θάνατον’
3400 3716 3620 3784 φύσεως
3649 3715 3750 3785 γάρ
3770 3714 3889 3765 ἐστι·

2246 3800 2418 3854 λυποῦ
2456 3800 2524 3854 δι’
2559 3802 2868 3873 ἁμαρτίαν·
2911 3803 3286 3874 προαιρέσεως
3320 3803 3431 3875 γάρ
3465 3804 3529 3858 τὸ
3560 3802 3812 3873 ἔγκλημα.
3842 3796 3890 3850 El

2245 3888 2302 3942 δὲ
2327 3888 2471 3960 λυπῇ
2505 3888 2595 3941 διὰ
2625 3889 2753 3951 τούς
2783 3887 3178 3953 ἀποθανόντας,
3219 3889 3376 3959 ἀλγει
3410 3892 3510 3945 καὶ
3546 3891 3633 3944 6:6
3659 3889 3772 3950 τοὺς
3799 3899 3892 3953 γεν-

2245 3977 2547 4047 νωμένουςο
2578 3976 2769 4047 ὥσπερ
2796 3976 2905 4051 γὰρ
2937 3976 3098 4032 τοῦτο
3128 3978 3364 4049 φύσεως,
3394 3978 3543 4033 οὕτω
3573 3978 3779 4033 κάκεῖνο
3807 3971 3890 4041 φύ·

2248 4081 2405 4129 σεως.
2441 4066 2540 4119 “Av
2566 4064 2746 4119 τοίνυν
2789 4065 3064 4140 ἀπειλήσει
3099 4083 3184 4131 τις
3224 4066 3479 4130 θάνατον,
3524 4067 3646 4121 εἰπὲ
3678 4063 3800 4135 πρὸς
3818 4060 3892 4114 αὖ·

2243 4151 2357 4205 τόν·
2407 4151 2761 4220 Ἐπαιδεύθην
2801 4154 2954 4226 παρὰ
2971 4153 3067 4207 τοῦ
3107 4153 3347 4228 Χριστοῦ
3387 4156 3463 4225 μὴ
3509 4152 3778 4223 φοϐείσθω
3804 4146 3892 4201 ἀπὸ

2242 4238 2353 4292 τῶν
2376 4241 2804 4294 ἀποκτεινόντων
2820 4241 2881 4294 τὸ
2906 4240 3087 4313 σῶμα,
3116 4241 3215 4313 τήν
3236 4241 3293 4295 δὲ
3313 4240 3497 4313 ψυχὴν
3526 4241 3601 4313 μὴ
3617 4239 3891 4309 δυναμένων

2244 4326 2582 4381 ἀποκτεῖναι.
2613 4328 2729 4400 [79]
2762 4330 2858 4381 Ἂν
2879 4329 3074 4399 ἀπειλῇ
3102 4329 3369 4399 δήμευσιν
3398 4329 3612 4391 οὐσίας,
3639 4326 3752 4380 είπέ
3781 4320 3891 4392 πρὸς

2244 4416 2444 4470 αὐτόν·
2506 4416 2752 4485 Γυμνὸς
2799 4417 3067 4483 ἐξῆλθον
3111 4418 3179 4472 ἐκ
3227 4418 3463 4483 κοιλίας
3505 4415 3727 4486 μητρός
3758 4427 3888 4481 μου.

2243 4506 2470 4574 γυμνὸς
2508 4504 2607 4557 καὶ
2651 4506 3085 4574 ἀπελεύσομαιο
3146 4505 3343 4559 Οὐδὲν
3381 4487 3803 4573 είσηνέπίκαμεν
3820 4499 3890 4559 εὶς

2242 4591 2349 4647 τὸν
2386 4593 2620 4662 κόσμων·
2661 4594 2898 4659 τοῦτον,
2942 4592 3138 4661 δῆλον
3185 4594 3274 4648 ὅτι
3316 4592 3460 4648 οὐδὲ
3506 4587 3826 4661 ἐξενεγκεῖν
3848 4603 3891 4639 τι

2240 4678 2626 4750 δυνησόμεθα
2649 4699 2661 4713 ⁸
2720 4680 2823 4735 κάν
2878 4681 2951 4755 μὴ
3020 4684 3084 4736 σύ
3143 4681 3336 4755 λάϐῃς,
3396 4683 3628 4748 θάνατος
3677 4677 3889 4737 ἐπελθὼν

2242 4771 2502 4842 λήψεται·
2561 4770 2664 4824 κάν
2721 4771 2796 4842 μὴ
2839 4772 2903 4824 σὺ
2945 4771 3194 4843 σφάξῃς,
3250 4774 3276 4824 6
3339 4774 3441 4845 τῆς
3493 4773 3706 4842 φύσεως
3759 4768 3889 4824 ἐπελ-

2242 4858 2351 4914 θὼν
2379 4860 2544 4930 νόμος
2583 4860 2719 4912 οίσει
2752 4859 2850 4929 τὴν
2878 4858 3155 4930 τελευτήν.
3196 4860 3382 4931 Μηδὲν
3415 4862 3597 4916 τοίνυν
3630 4855 3889 4931 φοϐώμεθα

2240 4946 2352 5001 τῶν
2378 4946 2489 5001 ἀπὸ
2531 4948 2631 5017 τῆς
2663 4946 2876 5014 φύσεως
2910 4948 3041 5017 ἡμῖν
3071 4947 3448 5018 ἐπαγομένων,
3491 4949 3607 5003 ἀλλ’
3643 4949 3811 5002 ἐκεῖνα
3832 4943 3887 4994 τὰ

2241 5038 2307 5090 ἐκ
2333 5036 2578 5106 πονηρᾶς
2612 5038 2744 5106 ἡμῖν
2779 5036 3107 5107 ἐγγινόμενα
3143 5037 3545 5108 προαιρέσεως·
3592 5039 3769 5091 ἐκεῖνα
3800 5032 3886 5100 γὰρ

2241 5125 2373 5194 ἡμῖν
2397 5123 2571 5176 τίκτει
2592 5123 2689 5193 τὴν
2719 5123 2964 5177 κόλασιν.
2998 5122 3170 5177 Τοῦτο
3191 5124 3249 5177 δέ
3277 5123 3625 5196 λογιζώμεθα
3657 5118 3887 5194 διηνεκῶς

2240 5210 2335 5263 ἐπὶ
2370 5211 2479 5263 τῶν
2523 5211 2931 5281 συμϐαινόντων
2970 5213 3106 5283 ἡμῖν
3146 5212 3447 5283 ἀδοκήτως,
3485 5215 3568 5266 ὅτι
3601 5214 3661 5265 οὐ
3696 5205 3885 5280 διορθώ-

2242 5312 2408 5366 σομεν
2441 5298 2577 5351 αὐτά
2624 5297 2935 5365 ἀλγοῦντες,
2971 5298 3064 5352 καὶ
3104 5298 3427 5370 παυσόμεθα
3460 5299 3768 5368 ἀλγοῦντες·
3806 5292 3884 5346 x6—

2241 5385 2388 5438 κεῖνο
2427 5383 2568 5454 μετά
2604 5385 2795 5439 τούτου
2837 5384 3030 5449 πάλιν,
3082 5387 3165 5440 ὅτι
3207 5386 3301 5440 ἐὰν
3343 5385 3604 5456 πάθωμέν
3642 5401 3693 5436 τι
3739 5378 3884 5433 δεινὸν
3922 5438 3929 5445 ,

2238 5470 2381 5525 κατά
2425 5473 2515 5525 τὸν
2554 5474 2798 5545 παρόντα
2831 5474 2947 5545 βίον
2990 5473 3210 5537 ἀδίκως,
3263 5474 3552 5544 διαλύομεν
3594 5468 3757 5525 πολλά
3795 5463 3883 5517 τῶν

2238 5558 2673 5632 ἁμαρτημάτων.
2731 5562 2824 5615 Διὸ
2881 5562 3024 5633 μέγα
3079 5562 3287 5631 ἀγαθὸν
3336 5562 3572 5616 ἐνταῦθα
3618 5555 3881 5615 ἀπολαϐεῖν

2239 5646 2633 5720 ἁμαρτήματα,
2665 5651 2760 5705 καὶ
2794 5650 2869 5721 μὴ
2902 5653 3037 5704 ἐκεῖ·
3063 5653 3156 5705 καὶ
3180 5650 3288 5723 γὰρ
3313 5654 3343 5705 6
3367 5650 3618 5712 πλούσιος
3648 5644 3788 5700 οὐδὲν
3814 5643 3880 5692 ἐν’

2238 5732 2412 5788 ταῦθα
2435 5735 2606 5791 δεινὸν
2627 5736 2888 5803 ἀπέλαϐε,
2912 5737 3007 5791 καὶ
3031 5737 3119 5792 διά
3141 5739 3297 5793 τοῦτο
3321 5740 3438 5793 ἐκεῖ
3464 5730 3877 5807 ἀπετηγανίζετο.

2300 5840 2330 5880 ιτ
2354 5841 2703 5905 ᾼΙίὶγέχώμεθα.

2303 5905 2329 5978 ξ
2357 5902 2802 5978 ξρχὶιξείκηυίόαηι
2824 5904 2907 5957 alii
2926 5905 3160 5975 ἀπελθεῖν.

2300 5962 2329 6003 τι
2346 5962 2449 6015 Alii
2470 5965 2558 6014 κᾶν
2580 5962 2762 6026 ζῶντες.
