1999 3215
101 165 132 192 s5
572 166 617 192 AD
637 165 796 194 POPULUM
817 167 1061 197 ANTIOCHENUM
1094 171 1206 199 ΗΟΜΙῐι.
1228 171 1271 199 Vl.
1709 180 1743 206 εδ

101 223 210 257 quillum
228 223 337 250 ocnlntn
349 222 374 249 in
386 221 477 257 jndicii
491 222 534 249 die
546 222 697 249 clementia:
708 227 759 250 tua:
773 224 896 250 recorda-

103 275 144 295 tns
157 268 296 295 exhibeat.
315 268 378 295 llmc
395 272 422 295 et
437 268 478 294 his
500 268 572 302 plura
591 268 671 301 dicet,
693 273 718 295 et
734 276 782 296 nos
804 270 839 297 ab
859 270 895 296 ira

101 317 206 350 penitus
220 315 327 349 eripiet.
341 315 398 341 Non
411 318 511 341 tantum
522 319 611 341 autem
626 315 658 341 ad
673 315 826 348 Imperatori
839 323 897 350 per-

101 361 265 388 snadendttm
276 360 421 387 maximum
436 367 468 387 ex
482 360 534 387 hoc
546 360 650 394 jejunio
666 360 743 387 nobis
764 367 804 388 est
818 361 895 388 auxi-

102 409 175 439 lium,
192 407 239 434 sed
259 407 339 434 etiam
354 406 385 433 ad
401 413 479 433 casus
489 413 619 441 generose
634 405 759 433 ferendos
775 415 781 434 :
797 407 895 434 etenim

100 452 313 479 consolationem
324 459 377 478 non
388 451 525 478 minimam
532 459 565 478 ex
576 451 627 478 hoc
638 456 757 485 tempore
764 453 894 486 capimus.

103 499 153 524 l’er
166 497 287 531 singulos
299 497 370 524 enim
385 496 443 523 dies
454 496 621 531 congregari,
640 501 668 524 et
684 496 833 524 divinarum
847 505 896 524 au-

100 545 158 571 ditu
178 544 374 578 Scripturarum
390 543 451 576 frui,
463 547 490 570 et
510 543 622 571 invicem
637 551 686 570 nos
696 544 852 578 conspicere
869 549 897 571 et

102 590 253 622 lamentari,
267 594 293 616 et
303 594 420 620 orantes.
440 597 472 616 ac
488 590 700 618 benedictionem
716 591 876 625 accipientes
887 611 894 622 ,

101 636 139 662 sic
156 635 266 662 domum
280 635 364 665 abire,
381 634 406 661 id
422 634 523 661 doloris
538 635 682 669 plurimum
698 636 775 662 nobis
797 635 892 662 attfert.

100 681 140 707 Ne
150 680 230 715 igitur
243 687 409 712 corruamus,
422 688 509 715 neque
532 688 580 707 nos
595 681 666 715 ipsos
684 689 739 715 pra:
760 681 895 709 anxietate

101 726 259 759 prodamus,
276 725 322 753 sed
337 733 491 753 maneamus
502 731 691 760 exspectantes
702 727 771 754 bona
782 747 789 759 ,
812 732 838 754 et
853 728 895 754 di-

101 772 197 798 cendis
211 776 326 799 mentem
341 771 514 799 adhibeamus
527 781 533 799 :
545 773 643 800 etenim
655 774 715 799 volo
729 778 756 800 et
769 774 847 800 hodie
862 774 896 801 de

101 819 198 846 mortis
212 823 365 853 contemptu
381 819 476 846 iterum
490 819 622 846 disserere
635 821 654 846 ¹.
667 820 724 846 Dixi
738 820 813 847 vobis
827 821 892 853 heri,

102 871 153 892 nos
171 868 284 891 mortem
300 865 409 897 timere,
431 872 484 891 non
498 865 605 900 quidem
620 865 682 899 quia
696 865 821 892 terribilis
841 870 893 898 est,

101 911 149 937 sed
164 911 289 945 quoniam
305 918 391 945 neque
403 911 516 937 czelestis
530 911 604 946 regni
623 918 699 937 amor
722 918 771 938 nos
784 918 895 938 succen-

100 957 150 988 dit,
171 964 259 991 neque
271 956 399 991 gehennte
413 957 492 983 timor
507 964 555 984 nos
568 958 706 992 occupavit
719 967 725 984 :
739 963 766 985 et
778 957 810 984 ad
825 957 893 990 hzec,

101 1002 226 1036 quoniam
241 1002 431 1029 conscientiam
446 1009 500 1029 non
514 1002 642 1030 habemus
653 1003 760 1030 bonam.
771 1003 854 1030 Vultis
868 1008 895 1030 et

100 1053 221 1082 quartam
236 1048 315 1083 hujus
329 1049 486 1083 importunze
496 1049 638 1076 anxietatis
653 1056 760 1076 causam
775 1057 894 1076 comme-

100 1101 213 1125 morem,
231 1101 282 1120 non
295 1094 382 1120 mintts
393 1094 575 1128 superioribus
587 1095 695 1121 veram?
710 1094 767 1121 Non
781 1095 894 1123 vivimus

102 1142 126 1167 in
141 1140 287 1175 asperitate
301 1140 461 1167 Christianis
480 1148 614 1175 congrua,
631 1141 678 1168 sed
699 1140 804 1169 facilem
826 1141 894 1168 hanc

99 1191 125 1213 et
138 1186 254 1213 solutam
268 1191 294 1213 et
307 1186 413 1212 mollem
429 1193 550 1213 amamus
565 1187 644 1213 vitam
661 1195 667 1213 :
681 1187 780 1214 idcirco
799 1187 894 1214 verisi-

100 1231 199 1258 tniliter
217 1235 244 1257 et
260 1231 433 1265 prmsentibus
446 1231 612 1258 oblectamur
626 1231 717 1259 rebus.

137 1276 179 1304 Ea:
205 1277 372 1303 maceratione
394 1276 529 1303 cwlestium
549 1277 700 1303 desiderium
724 1278 847 1304 nascitur.
860 1293 895 1298 ——

99 1323 175 1356 Quod
197 1323 220 1350 si
241 1323 330 1358 utique
353 1323 379 1350 in
397 1322 504 1358 jejuniis
518 1329 544 1350 et
557 1323 802 1358 pernoctationibus
813 1328 840 1351 et
854 1323 895 1351 vi-

100 1374 158 1396 etus
174 1369 313 1402 tenuitate,
329 1369 398 1396 hanc
410 1369 491 1396 vitam
511 1369 726 1404 transigerentns,
737 1370 896 1404 cupiditates

101 1420 208 1443 nostras
215 1415 387 1450 prmeidentes
396 1415 536 1448 absurdas,
548 1417 700 1450 voluptates
708 1422 841 1450 arcentes,
851 1425 896 1445 su-

101 1461 182 1488 dores
196 1461 300 1487 virtutis
313 1461 487 1494 sustinentes,
512 1462 659 1488 secundum
675 1463 786 1489 Paulum
797 1470 895 1496 corpus

100 1506 264 1541 castigantes
276 1511 303 1533 et
315 1506 340 1533 in
352 1506 506 1534 servitutem
522 1507 673 1542 redigentes
688 1508 711 1542 (l
727 1507 785 1535 Cor.
800 1507 825 1535 9.
835 1507 893 1543 27),

99 1552 190 1578 Carnis
199 1551 393 1586 providentiam
401 1551 433 1579 ad
442 1550 573 1580 desideria
587 1560 640 1579 non
651 1553 790 1586 facientes,
813 1561 895 1588 angu-

95 1604 168 1624 stam
182 1602 209 1624 et
217 1596 398 1632 confragosam
412 1602 531 1624 tenentes
542 1598 623 1630 viam,
635 1598 688 1625 cito
699 1598 784 1625 futura
794 1606 893 1625 concu-

99 1643 274 1676 pisceremus,
282 1642 457 1677 praesentibus
466 1643 572 1670 liberari
583 1643 718 1671 laboribus
727 1644 893 1671 festinantes.

100 1687 134 1714 Et
147 1687 218 1722 quod
229 1696 281 1714 non
295 1687 376 1715 falsus
389 1688 422 1714 sit
434 1695 523 1715 sermo
534 1693 634 1721 noster,
644 1689 677 1716 ad
692 1690 819 1716 montium
836 1698 895 1717 ver-

101 1735 168 1761 tices
181 1734 306 1764 ascende.
319 1734 459 1761 considera
484 1734 539 1761 illic
557 1740 693 1762 morantes
709 1736 855 1763 monachos
869 1736 895 1763 in

100 1787 191 1813 sacco,
209 1780 234 1807 in
250 1780 374 1813 vinculis,
391 1781 416 1806 in
430 1780 549 1815 jejuniis,
566 1782 591 1807 in
606 1782 724 1808 tenebris
742 1783 894 1815 conclusos,

99 1831 126 1852 rt
141 1833 236 1852 omnes
251 1826 352 1853 videbis
367 1832 478 1853 mortem
493 1831 688 1861 exoptantes,et
705 1836 760 1855 rem
773 1829 844 1855 illam
851 1836 895 1856 re-

101 1873 192 1906 quiem
209 1873 383 1906 appellantes.
398 1873 473 1899 Sicut
485 1873 555 1900 enim
568 1874 693 1901 cmstibus
708 1882 826 1910 pugnans
840 1879 896 1902 sta—

99 1919 146 1944 dio
159 1918 233 1945 exire
250 1918 366 1951 festinat,
385 1923 412 1945 tit
431 1919 585 1946 vulneribus
604 1920 742 1953 liberetur,
754 1925 781 1947 et
795 1921 896 1948 athleta

98 1967 266 1997 spectatores
275 1971 418 1998 exsurgere
427 1964 631 1998 concupiscit,ut
638 1964 772 1991 laboribus
780 1965 898 1992 absolva-

100 2014 145 2035 tur
160 2017 166 2033 :
183 2016 222 2035 src
244 2013 271 2035 et
294 2009 338 2043 qui
359 2009 386 2035 in
407 2009 491 2043 rigida
505 2015 531 2035 et
548 2017 643 2043 aspera
657 2009 708 2036 vita
727 2017 787 2036 cum
801 2011 897 2037 virtute

100 2055 176 2087 vivit,
193 2053 272 2080 finem
288 2053 437 2086 desiderat,
453 2059 480 2081 ut
494 2055 669 2089 prmsentibus
681 2055 808 2089 eripiatur
823 2055 897 2082 labo-

100 2100 187 2130 ribus,
203 2104 229 2126 et
254 2106 301 2133 pro
320 2100 444 2133 repositis
461 2099 547 2126 valeat
567 2101 673 2127 coronis
695 2100 842 2132 confidere.
863 2101 897 2128 ad

100 2145 275 2178 tranquillum
302 2145 430 2179 navigans
453 2150 571 2179 portent,
587 2150 613 2172 et
627 2146 673 2172 illo
688 2147 895 2181 transmigrans,

101 2191 147 2217 ubi
161 2198 216 2217 non
227 2196 268 2216 est
283 2190 396 2225 amplius
412 2190 556 2217 timendum
570 2191 747 2226 naufragium.
771 2192 896 2227 Propter-

98 2245 131 2263 ea
159 2236 230 2262 Deus
251 2241 341 2262 natura
358 2236 519 2263 laboriosam
543 2240 571 2263 et
596 2244 703 2270 gravem
725 2238 801 2264 nobis
817 2239 896 2265 vitam

99 2282 216 2316 paravit.
232 2287 260 2307 ut
271 2281 394 2315 przesenti
411 2281 581 2309 tribulatione
593 2282 733 2316 compulsi,
749 2283 897 2310 futurorum

100 2327 268 2354 desiderium
283 2327 428 2361 capiamus.
445 2327 473 2354 Si
488 2328 558 2354 enim
569 2335 629 2354 cum
641 2330 694 2355 sint
709 2333 747 2355 tot
757 2330 857 2362 tristia,
871 2335 898 2357 et

101 2372 224 2406 pericula
235 2378 261 2399 et
273 2373 398 2405 timores,
423 2376 450 2399 et
472 2380 543 2400 cura:
558 2381 606 2401 nos
635 2374 750 2409 undique
781 2376 896 2403 circum-

99 2422 207 2448 euntes,
238 2423 288 2444 Iam
311 2418 425 2445 libenter
448 2419 571 2452 praesenti
587 2419 759 2447 immoramur
771 2421 848 2455 vitze;
876 2424 896 2450 si

101 2462 167 2488 nihil
182 2463 276 2488 horum
286 2468 366 2495 esset,
378 2467 405 2489 et
415 2463 514 2498 absque
524 2465 628 2490 tristitia
655 2470 681 2491 et
704 2467 831 2493 :erumnis
845 2473 897 2494 tota

101 2509 170 2534 foret
194 2508 245 2534 vita
263 2512 369 2541 nostra,
390 2509 496 2542 quando
510 2517 635 2544 umquam
652 2510 738 2538 futura
760 2512 897 2540 desidera-

101 2554 214 2580 rctnus?

140 2600 167 2626 4.
179 2599 223 2626 Sic
237 2604 263 2626 et
274 2599 374 2627 ludatis
389 2600 458 2627 Deus
470 2601 542 2628 fecit.
559 2602 657 2630 Volens
672 2605 742 2631 enim
757 2609 785 2632 et
798 2605 857 2634 illos
870 2607 896 2634 in

103 2645 207 2672 reditus
218 2646 388 2680 cupiditatem
397 2646 532 2680 inducere,
549 2652 575 2675 et
586 2653 614 2675 ut
622 2648 766 2684 [Egyptum
778 2651 898 2680 odissent

103 2691 274 2726 persuadere,
292 2692 411 2726 permisit
422 2699 469 2719 eos
490 2693 605 2721 lateritio
621 2701 701 2728 opere
716 2700 742 2723 et
755 2696 811 2724 luto
824 2697 897 2725 labo-

102 2745 164 2764 rare
176 2735 274 2772 (Exod.
287 2738 312 2763 l.
328 2737 383 2773 Η),
398 2742 426 2764 υι
437 2737 557 2765 laborum
569 2743 595 2766 et
614 2747 739 2767 mrumnte
754 2742 824 2769 illius
841 2751 898 2769 nta-

102 2782 242 2817 gnitudine
253 2783 375 2815 cruciati,
389 2783 421 2810 ad
430 2783 513 2810 Deum
524 2785 686 2812 reversionis
708 2793 788 2814 causa
799 2788 896 2815 clama-

136 2840 143 2853 ι
160 2839 263 2873 Μοτειτι
271 2838 367 2873 omissis
379 2839 495 2873 multis...
507 2841 550 2866 sed
563 2843 593 2867 de
605 2842 690 2867 mortis
702 2846 835 2873 contemptu
847 2844 901 2870 dis-

107 2876 216 2894 seramus
230 2870 302 2901 (ἀλλὰ
312 2871 365 2902 περὶ
376 2872 507 2903 ὑπεροψίας
519 2873 618 2897 Θανάτου
630 2870 806 2906 διαλεχθῶμενῷ

951 228 1019 251 rent.
1029 225 1056 252 Si
1066 227 1135 253 enim
1145 228 1255 262 egressi,
1264 228 1385 263 quamvis
1393 228 1449 255 hmc
1458 229 1626 263 accidissent,
1635 231 1743 267 Αὐεγωί

951 270 1045 298 iterum
1055 273 1265 301 ntemiucruntel
1276 275 1391 308 pristina:
1400 276 1546 310 servitutis,
1556 281 1582 304 et
1590 278 1623 304 ad
1636 284 1743 312 grauem

950 316 1116 350 tyrannidem
1131 318 1219 345 redire
1231 318 1391 346 festinabant
1404 319 1504 354 (Exod;
1515 321 1556 348 16.
1574 321 1601 357 5)
1617 331 1623 349 :
1638 323 1686 350 nisi
1704 329 1744 350 ta—

950 361 990 388 les
1008 361 1119 389 fuissent
1135 364 1236 397 experti
1256 364 1398 397 barbaros,
1413 365 1519 400 quando
1537 375 1662 401 nmquam
1680 369 1745 395 alie-

950 414 1010 433 nam
1032 407 1165 435 dimittere
1191 413 1289 435 terram
1305 409 1470 437 voluissent?
1489 411 1527 438 Ne
1548 412 1628 446 igitur
1646 418 1673 439 et
1697 421 1746 440 nos

950 458 1028 480 terra;
1043 454 1126 485 affixi,
1138 459 1165 481 et
1181 455 1356 489 prmsentibus
1370 455 1502 483 inhiantes
1527 461 1690 491 torpeamus.
1720 464 1748 486 et

949 498 1098 526 futttrornm
1112 499 1314 531 obliviscamur.
1330 501 1411 527 vitam
1425 501 1501 528 nobis
1515 502 1576 529 fecit
1591 503 1660 530 Deus
1672 504 1745 531 labo-

948 540 1057 567 riosam.
1085 541 1142 568 Non
1167 541 1247 575 igitur
1264 542 1332 569 ultra
1347 550 1427 577 quam
1443 548 1483 570 est
1497 551 1563 578 opus
1587 550 1745 578 praesentem

948 586 1029 613 vitam
1055 587 1257 621 amplectamur.
1271 588 1336 621 Qua:
1347 589 1425 616 nobis
1440 589 1559 616 utilitas?
1584 590 1655 624 quod
1680 598 1744 618 vero

947 631 1156 658 emolumentum
1181 640 1214 658 ex
1238 632 1317 659 nimia
1334 633 1473 666 przesentis
1499 634 1558 672 vita:
1582 635 1746 668 cupiditate!

950 676 995 703 Vis
1005 677 1109 704 discere
1119 685 1202 711 quare
1210 678 1308 705 bonum
1318 679 1351 705 sit
1362 686 1480 713 prmsens
1491 679 1561 707 vita?
1573 680 1638 713 Quia
1650 681 1744 708 futura:

948 723 1026 750 nobis
1038 725 1098 750 vltre
1110 724 1221 751 materia
1237 725 1360 758 efficitur,
1376 729 1403 752 et
1416 726 1522 753 occasio
1532 731 1559 753 et
1572 727 1686 754 stadium
1702 733 1744 755 est

950 776 998 803 pro
1011 770 1119 796 coronis
1142 770 1197 797 illic
1214 771 1392 804 adipiscendis
1408 779 1414 797 :
1431 772 1502 806 quod
1518 772 1567 799 nisi
1591 772 1642 799 hoc
1666 773 1743 800 nobis

949 815 1088 850 prmberet,
1108 816 1254 843 innumeris
1265 817 1394 844 mortibus
1406 822 1477 845 esset
1487 818 1675 845 miserabilior.
1688 818 1744 845 Nisi

948 861 1018 888 enim
1032 862 1153 889 viventes
1168 862 1224 889 Deo
1237 863 1320 889 simus
1332 863 1465 898 placituri,
1483 864 1580 891 melius
1594 869 1636 892 est
1658 865 1743 892 obire.

947 906 1014 939 Quid
1028 908 1098 934 enim
1113 912 1153 935 est
1167 908 1300 942 amplius?
1310 909 1372 943 quid
1387 909 1536 943 reliquum?
1552 917 1603 937 non
1619 910 1742 937 eumdem

947 952 1031 979 solem
1059 957 1086 980 et
1106 953 1227 980 eamdem
1252 953 1342 980 lunam
1365 954 1481 988 quotidie
1507 956 1660 982 cernimus?
1685 963 1739 982 non

947 997 1067 1023 eamdem
1089 994 1243 1030 hiemem,et
1254 1006 1305 1025 non
1319 999 1438 1026 eamdem
1448 1001 1580 1027 aestatem?
1590 1008 1641 1027 non
1651 1001 1744 1027 cadent

949 1042 1072 1077 negotia?
1087 1044 1155 1076 Quid
1179 1049 1215 1070 est
1234 1045 1302 1078 quod
1315 1045 1384 1079 fuit?
1407 1044 1434 1071 id
1448 1046 1515 1080 quod
1534 1046 1588 1072 erit.
1618 1046 1687 1078 Quid
1706 1051 1743 1072 est

947 1089 1013 1122 quod
1024 1093 1060 1114 est
1074 1089 1278 1123 factum?ipsum
1287 1090 1355 1125 quod
1369 1090 1482 1124 futurum
1493 1095 1529 1116 est
1544 1090 1653 1125 (Eccles.
1666 1091 1691 1117 l.
1703 1090 1741 1125 9).

948 1133 985 1160 Ne
1001 1133 1080 1168 igitur
1101 1134 1192 1160 beatos
1207 1138 1330 1169 putemus
1345 1136 1473 1168 viventes,
1487 1144 1573 1170 neque
1600 1137 1744 1162 morientes

948 1179 1100 1214 lugeamus;
1116 1180 1164 1207 sed
1178 1180 1203 1206 in
1217 1181 1333 1214 peccatis
1351 1181 1521 1213 constitutos,
1542 1181 1601 1208 sive
1615 1181 1743 1211 viventes.

948 1225 1004 1251 sive
1016 1229 1133 1251 mortuos
1147 1224 1337 1259 deplorenius;
1355 1225 1381 1251 in
1394 1225 1498 1259 justitia
1509 1233 1573 1252 vero
1587 1225 1745 1260 ubicumque

948 1270 1016 1302 sint,
1038 1270 1131 1297 beatos
1146 1271 1338 1298 existimemus.
1354 1271 1394 1298 Tu
1409 1271 1515 1305 quidem
1536 1279 1615 1298 uuam
1632 1278 1744 1299 mortem

949 1316 1076 1344 formidas
1093 1322 1119 1343 et
1133 1318 1224 1351 luges;
1242 1322 1270 1344 at
1286 1317 1381 1344 Paulus
1395 1325 1442 1351 per
1465 1318 1583 1352 singulos
1606 1318 1664 1345 dies
1688 1326 1745 1345 nio-

948 1362 1029 1394 riens,
1046 1371 1096 1388 non
1110 1367 1210 1389 tantum
1227 1370 1279 1389 non
1306 1363 1480 1397 lacrymabat,
1506 1363 1552 1390 sed
1563 1368 1590 1390 et
1606 1363 1746 1390 lmtabatur

947 1409 1141 1435 ctexsultahat.
1159 1408 1264 1435 Utinam
1280 1413 1306 1435 et
1317 1416 1367 1443 ego
1383 1413 1491 1442 prepter
1505 1409 1586 1436 Deum
1608 1409 1742 1443 periclita-

947 1463 1000 1484 rt-r,
1017 1455 1112 1488 inquit,
1122 1459 1148 1481 et
1157 1454 1222 1480 nihil
1234 1462 1368 1481 curarem.
1384 1455 1435 1481 Sed
1448 1462 1534 1489 neque
1544 1462 1614 1482 nunc
1624 1459 1744 1481 conster-

949 1501 1020 1527 neris
1034 1509 1039 1526 ι
1054 1508 1105 1526 non
1131 1501 1201 1526 enim
1228 1504 1328 1526 tantum
1353 1499 1395 1533 qui
1411 1504 1519 1534 propter
1542 1500 1623 1527 Deum
1639 1500 1746 1534 patitur,

948 1545 1052 1572 laudem
1068 1550 1202 1576 tueretur;
1215 1545 1261 1571 sed
1274 1550 1301 1571 et
1311 1546 1354 1579 qui
1370 1546 1467 1579 injuste
1477 1545 1621 1580 quidquam
1637 1546 1745 1580 patitur,

948 1597 975 1618 et
988 1599 1118 1626 generose
1134 1591 1195 1623 fert,
1209 1596 1236 1617 et
1252 1592 1305 1617 beo
1320 1591 1484 1624 permittenti
1499 1591 1596 1624 gratias
1609 1591 1679 1625 agit,
1691 1591 1744 1617 alio

949 1636 1005 1663 hac
1021 1641 1129 1671 propter
1141 1636 1222 1663 Deum
1232 1636 1348 1670 patiente
1363 1643 1415 1661 non
1427 1640 1468 1662 est
1479 1635 1600 1662 inferior.
1615 1635 1744 1668 Quoniam

949 1688 975 1709 et
1002 1682 1095 1709 beatus
1115 1681 1167 1709 Job
1193 1681 1289 1708 multas
1311 1685 1338 1707 ct
1353 1681 1532 1707 intolerabiles
1556 1681 1614 1707 illas
1629 1681 1745 1716 plagasa

948 1728 1055 1755 diabolo
1068 1727 1164 1754 frustra
1180 1732 1206 1753 et
1220 1731 1320 1753 temere
1333 1731 1360 1753 et
1373 1727 1431 1753 sine
1443 1734 1522 1753 causa
1538 1726 1679 1753 insidiante
1693 1734 1741 1753 ex-

948 1773 1034 1808 cepit;
1051 1772 1098 1799 sed
1112 1777 1200 1799 tamen
1220 1772 1344 1806 qut-niam
1358 1778 1488 1806 generose
1500 1771 1568 1803 tulit,
1584 1775 1612 1798 et
1624 1771 1679 1798 Deo
1687 1771 1745 1798 haec

950 1818 1112 1852 permittenti
1123 1818 1221 1852 gratias
1231 1817 1294 1851 egit,
1309 1817 1439 1851 integram
1448 1817 1595 1851 reportavit
1604 1824 1743 1844 coronatn.

982 1863 1051 1889 Mors
1067 1872 1116 1889 non
1130 1862 1289 1889 Iimenda.—
1311 1862 1349 1889 Ne
1361 1863 1440 1897 igitur
1449 1867 1555 1897 propter
1568 1867 1680 1889 mortem
1695 1863 1744 1888 tri-

949 1910 1039 1940 stcris,
1065 1914 1166 1936 naturtn
1182 1909 1252 1935 cnitn
1267 1913 1308 1936 est
1326 1918 1332 1936 :
1349 1909 1454 1935 lristare
1470 1913 1577 1943 propter
1589 1913 1743 1942 peccatum.

950 1955 1091 1982 voluntatis
1105 1956 1176 1982 enim
1192 1959 1234 1982 est
1246 1955 1334 1989 culpa.
1349 1955 1375 1983 Si
1395 1962 1458 1982 vero
1477 1959 1585 1989 propter
1603 1955 1743 1982 defunctos

953 2001 1078 2032 tristaris,
1094 2005 1120 2027 et
1135 2005 1244 2035 propter
1259 2005 1399 2026 nascentes
1412 2000 1473 2026 dole
1488 2008 1495 2025 :
1512 2000 1580 2026 sicut
1601 2000 1671 2026 enim
1697 1999 1747 2026 hoc

951 2051 991 2074 est
1006 2051 1118 2079 natura',
1133 2047 1171 2073 sic
1184 2052 1210 2073 et
1225 2046 1299 2072 illud.
1317 2045 1343 2072 Si
1356 2047 1415 2080 quis
1432 2045 1512 2080 igitur
1526 2049 1639 2071 mortem
1657 2045 1745 2072 mine-

952 2098 1004 2125 tur,
1018 2093 1061 2119 dic
1074 2093 1123 2127 ipsi
1138 2092 1292 2119 :lnstitulus
1300 2100 1357 2119 Slllll
1367 2099 1382 2118 a
1393 2091 1498 2118 Christo
1509 2099 1561 2117 non
1572 2091 1630 2118 illos
1638 2091 1745 2123 timere,

950 2139 993 2172 qui
1005 2145 1103 2172 corpus
1125 2138 1298 2168 interimunt,
1323 2137 1438 2163 animam
1463 2144 1528 2163 vero
1554 2136 1677 2163 occidere
1699 2144 1746 2163 ne-

950 2188 1051 2217 queunt
1077 2182 1183 2216 (Matth.
1202 2183 1244 2209 to.
1266 2183 1323 2216 28).
1351 2181 1377 2208 Si
1390 2182 1427 2208 rei
1438 2181 1574 2208 familiaris
1587 2182 1745 2216 publicatio-

951 2238 1012 2256 nem
1039 2230 1164 2262 ntinetur,
1179 2228 1311 2264 responde
1327 2237 1333 2255 :
1347 2228 1439 2254 Nudus
1453 2228 1517 2254 exivi
1532 2228 1563 2255 de
1575 2233 1645 2254 utero
1658 2228 1748 2254 matris

951 2282 1022 2306 mea),
1050 2281 1073 2302 et
1094 2275 1178 2301 mulus
1206 2279 1315 2300 revertar
1334 2274 1394 2300 illuc
1415 2273 1475 2308 (Job
1493 2274 1518 2300 1.
1534 2273 1565 2300 21
1583 2272 1700 2309 ):Nihil
1721 2274 1746 2299 in

951 2320 1016 2346 hunc
1030 2320 1151 2345 mundth
1161 2321 1311 2351 intulimus;
1322 2320 1408 2354 palum
1422 2324 1458 2346 est
1474 2320 1541 2354 quod
1557 2328 1602 2345 nec
1613 2324 1747 2354 exponere

950 2366 1086 2400 quidquam
1099 2366 1234 2399 poterimus
1256 2365 1291 2400 (l.
1303 2365 1371 2391 Tim.
1384 2366 1409 2391 ti.
1423 2364 1450 2399 7)
1465 2373 1471 2390 :
1488 2369 1515 2391 et
1528 2365 1549 2391 si
1567 2370 1593 2391 tu
1609 2373 1661 2391 non
1682 2365 1744 2392 abs-

951 2413 1055 2442 tuleris,
1084 2420 1156 2438 tnors
1178 2412 1371 2446 superveniens
1387 2410 1500 2443 auferet,
1514 2411 1571 2436 etsi
1588 2415 1614 2436 tu
1627 2418 1680 2437 nun
1700 2410 1746 2445 ju-

950 2458 1092 2492 gulaveris,
1106 2462 1206 2484 natura:
1218 2458 1258 2484 lex
1273 2457 1353 2483 finem
1367 2456 1472 2483 afferet.
1485 2456 1552 2482 Nihil
1563 2456 1641 2490 igitur
1652 2463 1744 2482 eorutn

952 2505 1102 2536 timeamus,
1115 2512 1174 2538 quae
1190 2504 1266 2530 nobis
1280 2508 1374 2529 natura
1394 2501 1554 2533 afferuntur,
1570 2501 1616 2528 sed
1629 2502 1671 2528 illa
1686 2509 1744 2536 qua:

950 2559 982 2577 ex
997 2551 1065 2577 mala
1086 2551 1162 2577 nobis
1181 2550 1339 2584 proveniunt
1352 2548 1486 2575 voluntate
1501 2548 1564 2574 :illa
1583 2549 1654 2576 enim
1669 2548 1746 2576 nobis

951 2605 1056 2632 pmnam
1069 2597 1173 2632 pariunt
1186 2605 1192 2623 :
1205 2596 1308 2629 hocque
1321 2594 1468 2629 cogitemus
1477 2594 1602 2621 continue
1610 2594 1636 2621 in
1644 2594 1676 2621 iis
1685 2602 1744 2628 qua:

951 2644 1026 2670 nobis
1041 2644 1217 2677 inexspectata
1231 2641 1363 2673 accidunt,
1378 2640 1447 2674 quod
1464 2647 1515 2667 nou
1529 2640 1743 2676 corrigemusilla

950 2689 1087 2721 dolentes,
1103 2694 1130 2715 et
1143 2688 1234 2715 dolere
1256 2687 1409 2714 desinemus
1423 2694 1431 2712 '.
1448 2691 1474 2713 et
1500 2692 1595 2719 [πωιετ
1609 2688 1659 2714 hoc
1678 2686 1742 2713 illud

950 2743 1065 2769 quoque,
1082 2743 1131 2761 nos
1142 2735 1162 2761 si
1178 2734 1239 2769 quid
1253 2734 1349 2768 injuste
1363 2734 1387 2760 in
1404 2734 1528 2768 prwsenti
1553 2734 1663 2766 patimttr
1677 2732 1741 2763 vita,

949 2781 1030 2808 multa
1044 2787 1150 2815 peccata
1169 2779 1325 2806 dissolvere.
1340 2779 1439 2805 Idcirco
1452 2785 1576 2812 magnum
1591 2778 1689 2804 bonum
1702 2782 1742 2803 est

950 2827 992 2853 hic
1008 2827 1081 2853 luere
1094 2830 1213 2860 peccata,
1228 2831 1254 2852 et
1268 2833 1320 2852 non
1332 2825 1385 2851 illic
1397 2823 1512 2850 :etenim
1525 2822 1598 2849 dives
1607 2822 1651 2849 ille
1661 2829 1742 2857 grave

952 2872 1015 2899 nihil
1026 2872 1135 2906 recepit,
1150 2876 1176 2899 et
1192 2876 1331 2906 propterea
1354 2869 1407 2897 illic
1422 2867 1601 2903 torquebatur.
1622 2865 1655 2893 Et
1672 2869 1746 2902 quod
