3998 6432
220 374 288 426 87
1204 353 1295 408 ΑΙ)
1328 347 1659 407 ρορυιυιι
1705 342 2211 401 ΑΝΤΙΟΟΗΕΝΗΜ
2254 337 2488 395 ΒοΜιι..
2527 336 2615 392 Vl.
3609 329 3678 382 88

216 477 332 533 Καὶ
351 477 432 531 ὅτι
456 473 614 529 τοῦτο
638 469 707 545 ἦν
747 471 918 527 αἴτιον
945 470 1038 523 τοῦ
1081 469 1350 540 μηδεμιᾶς
1383 466 1544 518 αὐτὸν
1587 461 1895 517 ἀπολαῦσαι

218 563 606 637 παραμυθίας,
644 562 877 617 ἄκουσον
928 559 981 612 τί
1021 575 1186 628 φησιν
1219 558 1248 609 6
1304 553 1586 624 Ἀϐραάμ·
1643 550 1898 637 Τέκνον,

216 635 513 715 ἀπέλαϐες
543 652 616 705 τὰ
642 646 836 719 ἀγαθὰ
867 663 1007 706 σου.
1046 646 1142 699 διὰ
1171 644 1343 697 τοῦτο
1375 640 1672 696 ὀδυνᾶσαι
1696 656 1710 670 ·
1738 639 1820 691 ὅτι
1846 635 1904 689 δὲ

218 741 315 794 καὶ
349 737 427 809 τῷ
447 737 682 809 Λαζάρῳ
708 736 777 789 τὰ
797 733 978 804 ἀγαθά
1013 732 1149 804 μετά
1176 733 1275 803 τῆς
1305 729 1506 801 ἀρετῆς
1526 727 1620 780 καὶ
1642 726 1703 778 τὸ
1730 724 1897 795 μυρία

219 826 453 881 ἐνταῦθα
490 825 685 878 παθεῖν
725 821 875 876 δεινά
910 820 1259 893 προεξένησε,
1294 817 1387 871 τοῦ
1431 814 1770 886 πατριάρχου
1807 810 1901 864 καὶ

217 914 390 968 ταῦτα
413 914 663 982 λέγοντος
689 911 940 966 ἄκουσον.
969 903 1151 962 Εἰπὼν
1185 906 1293 977 γὰρ
1333 904 1411 974 τῷ
1465 901 1722 970 πλουσίῳ,
1772 900 1901 953 Ἄπ·

216 1001 429 1067 ἐλαϐες
456 1001 530 1055 τὰ
569 995 761 1069 ἀγαθά
786 1013 925 1057 σου,
969 995 1272 1065 ἐπήγαγεν,
1311 993 1393 1044 ὅτι
1427 991 1535 1044 Καὶ
1568 993 1599 1042 ό
1640 986 1902 1054 Λάζαρος

219 1088 292 1141 τὰ
325 1086 483 1142 κακά
508 1103 525 1118 ·
563 1084 662 1138 καὶ
702 1082 801 1137 διὰ
837 1082 1013 1136 τοῦτο
1059 1079 1505 1147 παρακαιεῖται.
1544 1078 1754 1147 Ὥσπερ
1792 1073 1900 1146 γὰρ

219 1180 269 1231 οί
304 1177 364 1229 ἐν
400 1176 572 1248 ἀρετῇ
608 1170 812 1236 ζῶντες
857 1171 954 1223 καὶ
989 1169 1295 1239 θλιϐόμενοι
1323 1165 1543 1220 διπλοῦν
1572 1164 1631 1217 τὸ
1660 1163 1850 1235 κέρδος
1872 1175 1899 1203 ι

222 1265 372 1335 παρά
399 1262 493 1316 τοῦ
525 1260 659 1316 Θεοῦ
693 1258 1085 1330 λαμϐάνουσιν,
1114 1256 1288 1319 οὕτως
1316 1257 1344 1309 6
1380 1257 1437 1308 ἐν
1466 1254 1638 1324 κακίᾳ.
1671 1252 1779 1317 ζῶν
1809 1252 1902 1305 καὶ

219 1349 441 1423 τρυφῶν
463 1348 661 1419 διπλῆν
687 1346 799 1411 ἐξει
834 1347 934 1415 τὴν
970 1346 1212 1399 κόλασιν,
1257 1343 1425 1397 Πάλιν
1455 1342 1598 1410 λέγω
1635 1340 1756 1410 οὐχὶ
1792 1339 1901 1391 τῶν

218 1439 531 1509 φευγόντων
579 1435 903 1507 κατηγορῶν
945 1432 1206 1503 (Ψυχὴν
1237 1431 1345 1503 γὰρ
1387 1428 1903 1495 τεταπεινωμένην

215 1528 299 1598 μὴ
329 1523 775 1594 προσταράξῃς,
805 1522 1003 1594 φησιν)
1024 1561 1040 1584 ,
1070 1521 1190 1574 οὐδὲ
1222 1519 1549 1589 ἐπιτιμῆσαι
1581 1515 1902 1587 βουλόμενος

219 1619 278 1684 (6
312 1616 424 1686 γάρ
473 1613 647 1668 νοσῶν
700 1611 1100 1683 παρακλήσεως
1152 1609 1382 1678 δεῖται),
1428 1607 1565 1660 ἀλλὰ
1611 1603 1901 1676 διορθῶσαι

220 1702 560 1766 σπουδάζων,
599 1699 675 1771 μὴ
713 1702 780 1771 τῇ
821 1700 968 1769 φυγῇ
1016 1699 1118 1768 τὴν
1163 1695 1438 1768 σωτηρίαν
1475 1693 1635 1766 ήμῶν
1667 1690 1903 1761 ἐγχειρί-

162 1837 167 1841 .
219 1790 426 1860 ζωμεν,
461 1788 597 1842 ἀλλά
627 1786 889 1857 φύγωμεν
934 1784 1233 1855 ἁμαρτίας,
1280 1781 1607 1851 ἀποστῶμεν
1651 1779 1758 1831 ἀπὸ
1799 1776 1901 1844 τῆς

217 1877 338 1930 ὀδοῦ
373 1876 476 1947 τῆς
513 1877 777 1946 πονηρᾶς.
822 1872 950 1926 Ἐὰν
982 1870 1179 1935 ταύτας
1217 1868 1500 1938 φύγωμεν,
1541 1866 1642 1919 κᾶν
1696 1863 1899 1930 μεταξὺ

220 1964 434 2035 μυρίων
465 1957 614 2034 ὦμεν
645 1958 1014 2033 στρατιωτῶν,
1049 1958 1224 2020 οὐδεὶς
1258 1958 1405 2027 ἡμᾶς
1447 1955 1648 2026 πλῆξαι
1678 1953 1900 2022 δυνήσε-

217 2068 337 2105 ται·
375 2050 475 2104 ἐὰν
497 2048 701 2113 ταύτας
735 2047 808 2119 μὴ
837 2046 1121 2117 φύγωμεν,
1149 2044 1252 2098 κᾶν
1280 2045 1360 2107 είς
1393 2043 1564 2112 αὐτὴν
1593 2040 1701 2093 τῶν
1732 2039 1902 2110 ὀρέων

218 2137 314 2209 τήν
349 2137 601 2209 κορυφὴν
640 2134 950 2205 ἀναϐῶμεν,
988 2131 1281 2203 πολεμίους
1307 2131 1425 2183 ἐκεῖ
1463 2129 1767 2199 εὑρήσομεν
1802 2145 1903 2196 μυ-

224 2227 394 2297 ρίους.
454 2222 860 2294 Ἀναμνήσθητι
908 2220 1039 2289 γοῦν
1077 2219 1187 2273 τῶν
1227 2218 1393 2290 τριῶν
1430 2217 1636 2270 παίδων
1679 2215 1903 2267 ἐκείνων

220 2312 411 2375 πάλιν,
442 2311 495 2364 οῖ
534 2310 681 2365 ἔνδον
703 2305 846 2382 ἦσαν
885 2310 943 2362 ἐν
971 2311 1038 2380 τῇ
1084 2307 1324 2376 καμίνῳ,
1369 2305 1465 2357 καὶ
1511 2303 1662 2356 οὐδὲν
1703 2300 1906 2354 ἔπαθον

219 2400 393 2454 δεινόν
414 2415 429 2430 ·
468 2399 562 2452 καὶ
594 2400 704 2453 τῶν
731 2397 1074 2469 ἐμϐαλόντων
1116 2396 1315 2458 αὐτοὺς
1364 2391 1562 2460 ἔξωθεν
1603 2392 1704 2462 τῆς
1736 2391 1905 2461 καμί-

220 2506 330 2549 νου,
366 2488 485 2541 ὅσοι
514 2485 928 2558 περιεκάθηντο,
973 2485 1175 2548 πάντες
1216 2481 1649 2553 ἐδαπανήθησαν.
1692 2480 1758 2532 Τί
1789 2478 1906 2531 τού-

218 2594 310 2628 του
352 2574 821 2647 παραδοξότερονς
869 2572 977 2636 Οὓς
1025 2574 1276 2643 κατεῖχεν
1321 2570 1479 2622 ἐλυσε
1520 2567 1584 2621 τὸ
1625 2565 1758 2638 πῦρ,
1810 2566 1906 2620 καὶ

221 2662 311 2728 οῦς
338 2664 408 2716 οὐ
449 2666 702 2733 κατεῖχεν
741 2662 1027 2733 ἥρπασεν·
1064 2661 1150 2713 ῖνα
1197 2659 1395 2730 μάθῃς,
1425 2659 1508 2710 ὅτι
1552 2657 1673 2726 οὐχὶ
1717 2654 1902 2717 τόπος,

218 2751 356 2805 ἀλλά
390 2752 591 2822 τρόπος
630 2751 903 2821 σωτηρίαν
941 2750 1099 2820 φέρει
1135 2748 1228 2802 καὶ
1255 2748 1508 2807 κόλασιν,
1551 2746 1600 2798 οἱ
1642 2745 1789 2797 ἔνδον
1829 2742 1903 2794 δι-

220 2841 457 2909 έφυγον,
499 2841 548 2893 οί
580 2838 684 2904 ἔξω
725 2836 1114 2909 διεφθάρησαν.
1147 2836 1230 2890 Τὰ
1269 2835 1408 2888 αύτά
1451 2835 1679 2903 σώματα
1721 2831 1906 2884 κάκεί-

222 2945 332 2991 νοις
355 2927 454 2980 καῖ
481 2927 712 2990 τούτοις,
744 2926 860 2980 ἀλλ’
889 2926 949 2981 ού
980 2926 1049 2979 τά
1068 2922 1208 2978 αὐτὰ
1236 2924 1591 2994 φρονήματα·
1625 2919 1714 2973 διά
1746 2916 1906 2971 τοῦτο

219 3015 340 3068 οὐδὲ
361 3014 435 3079 τὰ
459 3013 599 3067 αὐτὰ
632 3011 804 3083 πάθη.
837 3013 950 3066 Καὶ
984 3010 1094 3082 γὰρ
1131 3013 1161 3064 ό
1202 3011 1395 3081 χόρτος
1441 3006 1542 3060 κᾶν
1593 3005 1698 3070 ἔξω
1744 3021 1901 3075 περι-

224 3101 444 3169 κέηται,
474 3099 687 3171 ταχέως
717 3099 1048 3152 ἀνάπτεται·
1081 3097 1271 3169 ὥσπερ
1316 3091 1409 3150 οὖν
1444 3094 1506 3148 16
1547 3093 1768 3165 χρυσίον
1801 3093 1904 3146 κᾶν

222 3188 371 3242 ἔνδον
409 3187 567 3260 μένῃ,
602 3184 865 3257 μειζόνως
896 3184 1267 3257 φαιδρύνεται.

289 3273 355 3328 ε’.
375 3273 491 3327 Ποῦ
506 3273 601 3327 νῦν
616 3276 752 3328 είσιν
769 3275 821 3327 οί
847 3271 1116 3342 λέγοντες·
1136 3272 1323 3326 Πάντα
1346 3269 1558 3323 λαϐέτω
1583 3268 1612 3319 6
1633 3266 1904 3336 βασιλεὺς,

224 3362 319 3415 καὶ
344 3360 413 3414 τὺ
439 3360 600 3431 σῶμα
632 3361 764 3431 ήμῖν
791 3358 1077 3430 ἐλεύθερον
1105 3359 1274 3424 δότω;
1305 3358 1369 3411 Τί
1410 3356 1541 3410 ποτέ
1570 3356 1707 3418 ἐστι,
1747 3353 1907 3424 σῶμα

225 3450 515 3522 ἐλεύθερον
549 3443 709 3512 εἶναι,
747 3448 1186 3520 μανθανέτωσαν.
1225 3447 1301 3501 Ού
1333 3445 1442 3517 γὰρ
1470 3444 1533 3498 τὸ
1567 3444 1640 3515 μὴ
1685 3441 1908 3505 κολάξε-

228 3537 351 3593 σθαι
377 3536 539 3592 τοῦτο
560 3537 842 3609 ἐλεύθερον
869 3538 1015 3589 ποιεῖ
1038 3535 1217 3606 σῶμα,
1245 3534 1381 3588 ἀλλά
1407 3532 1469 3586 τὸ
1495 3533 1595 3603 ζῇν
1627 3534 1683 3584 ἐν
1707 3532 1909 3584 δικαιο-

229 3626 364 3701 σύνῃ
413 3624 696 3697 διηνεκῶς.
746 3624 965 3678 Τούτων
1007 3622 1140 3693 γοῦν
1180 3622 1285 3678 τῶν
1330 3620 1534 3675 παίδων
1574 3618 1644 3672 τά
1681 3617 1909 3689 σώματα

227 3714 495 3784 ἐλεύθερα
540 3710 608 3785 ἦν
641 3714 737 3770 καὶ
786 3711 1003 3784 καμίνῳ
1049 3708 1453 3782 παραδοθέντα·
1508 3707 1609 3778 τὴν
1654 3706 1764 3777 γὰρ
1808 3705 1910 3775 τῆς

228 3800 506 3875 ἁμαρτίας
535 3801 778 3855 δουλείαν
810 3799 1073 3853 ἀπέθεντο
1101 3797 1298 3851 πάλαι·
1332 3795 1557 3866 καὶγὰρ
1579 3793 1739 3848 τοῦτό
1762 3796 1911 3847 ἐστιν

229 3889 517 3960 ἐλευθερία
556 3888 736 3959 μόνον,
767 3888 828 3941 ού
853 3887 915 3940 τὸ
947 3886 1022 3957 μὴ
1047 3883 1388 3950 κολάζεσθαι,
1421 3882 1558 3954 μηδέ
1593 3883 1824 3952 πάσχειν
1857 3899 1911 3934 τι

227 3977 402 4032 δεινόν
423 3977 471 4031 δ.
500 3978 572 4029 Σὺ
599 3975 656 4029 δέ
678 3974 832 4039 εἰδὼς
857 3973 973 4047 [80]
1001 3973 1100 4045 τὴν
1124 3973 1374 4043 κάμινον,
1407 3969 1784 4042 ἀναμνήσθητι
1804 3968 1913 4021 τῶν

230 4064 322 4120 τοῦ
353 4065 533 4137 πυρὸς
560 4062 840 4134 ποταμῶν,
866 4062 976 4116 τῶν
1008 4060 1151 4114 κατά
1178 4061 1277 4130 τήν
1308 4058 1523 4130 ἡμέραν
1551 4057 1649 4128 τὴν
1676 4055 1913 4127 φοϐερὰν

231 4153 472 4224 ἐκείνην.
506 4151 773 4222 Καθάπερ
803 4150 914 4221 γάρ
950 4147 1186 4202 ἐνταῦθα
1215 4148 1342 4209 τοὺς
1374 4146 1473 4217 μὲν
1498 4145 1717 4216 ἥρπασε
1736 4184 1750 4207 ,
1786 4144 1914 4208 τοὺς

229 4240 285 4295 δέ
308 4239 515 4312 ᾐδέσθη
549 4239 611 4292 τὺ
646 4238 777 4310 πῦρ,
810 4236 954 4290 οὕτω
995 4236 1091 4290 καὶ
1138 4236 1231 4287 ἐπὶ
1262 4233 1370 4286 τῶν
1400 4231 1662 4303 ποταμῶν
1689 4232 1912 4285 ἐκείνων

233 4328 392 4383 ἔσται
409 4344 426 4359 ·
453 4326 556 4381 κᾶν
584 4326 683 4398 μέν
704 4343 791 4390 τις
818 4325 918 4397 ἔχῃ
944 4323 1157 4395 χόρτον,
1188 4320 1347 4389 ξύλα,
1376 4320 1653 4391 καλάμην,
1684 4319 1914 4374 ἀνάπτει

234 4418 293 4469 τδ
321 4415 475 4487 πῦρ·
501 4414 566 4468 ἂν
596 4412 654 4467 δέ
677 4430 761 4476 τις
789 4411 887 4483 ἐχῃ
911 4409 1131 4483 χρυσὸν,
1168 4408 1431 4480 ἄργυρον,
1463 4407 1813 4478 φαιδρότερος
1832 4408 1916 4477 γί-

232 4522 406 4560 νεται.
422 4502 637 4574 Ταύτην
661 4501 841 4554 τοίνυν
859 4500 961 4571 τὴν
979 4498 1109 4569 ὓλην
1129 4497 1549 4566 συναγάγωμεν,
1577 4496 1671 4549 καὶ
1686 4495 1753 4550 τά
1777 4513 1911 4566 παρ-

233 4592 359 4647 όντα
398 4591 651 4661 φέρωμεν
680 4588 965 4657 γενναίως,
999 4585 1202 4647 εἰδότες
1260 4585 1344 4638 ὅτι
1376 4584 1470 4636 καὶ
1512 4582 1728 4653 ἐκείνης
1766 4583 1916 4653 ἡμᾶς

235 4679 330 4751 τῆς
356 4677 634 4739 κολάσεως
656 4676 691 4745 ή
720 4671 970 4745 παροῦσα
1003 4670 1301 4739 ἀπαλλάξει
1328 4669 1508 4740 θλῖψις
1524 4708 1538 4732 ,
1569 4668 1664 4723 ἐὰν
1686 4668 1916 4739 εἰδῶμεν

235 4767 572 4835 φιλοσοφεῖν,
593 4763 689 4816 καὶ
708 4759 946 4815 ἐνταῦθα
966 4759 1206 4830 βελτίους
1228 4757 1544 4829 ἐργάσεται,
1572 4756 1671 4826 οὐχ
1695 4756 1842 4827 ἡμᾶς
1858 4756 1918 4811 δὲ

238 4855 422 4924 μόνον,
471 4851 607 4906 ἀλλά
635 4850 729 4905 καὶ
763 4850 890 4914 τοὺς
928 4847 1269 4920 ἐμϐαλόντας
1298 4846 1448 4917 ήμᾶς
1497 4843 1776 4908 πολλάκις,
1821 4845 1918 4899 ἐὰν

235 4942 532 5011 νήφωμεν·
571 4936 808 5008 τοσαύτη
846 4936 947 5007 τῆς
989 4932 1308 5004 φιλοσοφίας
1352 4933 1386 5003 ή
1425 4930 1746 5003 περιουσία·
1784 4929 1814 4982 ὃ
1853 4930 1918 5001 δὴ

238 5028 332 5080 καὶ
369 5027 465 5080 ἐπὶ
503 5025 598 5079 τοῦ
643 5024 908 5095 τυράννου
953 5022 1075 5075 τότε
1111 5020 1355 5090 γέγονεν.
1407 5018 1625 5088 Ἐπειδὴ
1659 5017 1769 5089 γὰρ
1811 5013 1918 5070 εἶδε

242 5114 410 5185 μηδὲν
459 5113 733 5175 παθόντας
772 5109 965 5174 δεινὸν,
998 5107 1231 5162 ἄκουσον
1274 5104 1394 5170 πῶς
1451 5104 1777 5176 μετεϐάλετο
1800 5121 1815 5136 ·
1855 5106 1920 5158 Ol

240 5200 449 5255 δοῦλοι
463 5200 571 5255 τοῦ
592 5198 742 5254 Θεοῦ
757 5198 865 5253 τοῦ
879 5197 1167 5267 ὑψίστου,
1185 5194 1463 5260 ἐξέλθετε
1485 5193 1582 5247 καὶ
1605 5193 1801 5258 δεῦτε,
1824 5208 1923 5263 φη-

243 5286 346 5340 σίν.
364 5287 438 5339 Οὐ
459 5286 565 5359 πρὸ
590 5283 789 5356 μικροῦ
811 5283 997 5352 ἔλεγες
1015 5292 1063 5345 ο,
1094 5281 1200 5335 Καὶ
1217 5280 1307 5346 τίς
1323 5280 1455 5333 ἐστι
1478 5278 1633 5345 θεὸς,
1654 5277 1722 5344 ὃς
1736 5276 1921 5345 δυνή-

243 5390 410 5428 σεται
434 5371 750 5439 ἐξελέσθαι
776 5367 934 5442 ὑμᾶς
957 5370 1027 5423 ἐκ
1054 5368 1171 5423 τῶν
1191 5367 1408 5438 χειρῶν
1422 5382 1581 5436 μου;
1610 5366 1675 5418 Τί
1696 5366 1918 5435 γέγονε;

244 5460 407 5514 πόθεν
439 5463 472 5532 ή
507 5458 815 5532 μεταϐολῆς
865 5457 990 5522 τοὺς
1032 5457 1137 5523 ἐξω
1171 5453 1570 5525 διαφθαρέντας
1616 5448 1777 5517 εἶδες,
1825 5455 1921 5508 κα)⁸

243 5550 371 5611 τοὺς
394 5547 543 5601 ἔνδον
568 5547 785 5611 καλεῖς;
816 5545 977 5598 πόθεν
996 5543 1200 5616 ἐπῆλθέ
1231 5559 1315 5596 σοι
1337 5540 1561 5595 τοιαῦτα
1582 5541 1918 5610 φιλοσοφεῖν;

248 5630 396 5699 Εἶδες
448 5635 592 5706 πόση
644 5633 917 5705 μεταϐολὴ
964 5633 1044 5704 τῷ
1088 5632 1300 5700 βασιλεῖ
1337 5631 1592 5699 γέγονεν;
1634 5629 1725 5683 ὅτε
1769 5628 1923 5684 οὔπω

312 5755 340 5818 ἓ
365 5756 458 5818 ᾼιῆ
481 5752 676 5804 διπλοῦν
699 5755 864 5818 ἔχουσι
890 5755 946 5803 τὸ
966 5755 1147 5818 κέρδος.

312 5770 340 5782 ··
365 5770 458 5804 am
481 5770 676 5804 σοπλουν
699 5770 724 5805 ε
756 5771 864 5803 ουσι
890 5770 946 5803 το
966 5770 1147 5818 κεροος.

309 5816 341 5887 ξ
364 5816 513 5891 εαιχίι.
537 5770 810 5891 εειιιιίιᾷσι
830 5830 946 5865 mss.
971 5832 1016 5863 τι
1025 5818 1133 5891 ’τῶν
1149 5815 1336 5891 ⁴δεινῶν.
1363 5813 1475 5887 Μοι
1495 5811 1923 5891 flii-106116105963

253 5876 340 5925 τοῦ
358 5879 499 5941 πυρὸς
520 5874 737 5941 τοῦ,”αιίί
757 5878 838 5926 τὸν
856 5878 1071 5937 ποταμὸν
1091 5874 1178 5925 τοῦ
1207 5876 1354 5939 πυρὸς
1378 5877 1479 5924 τόν.
1503 5874 1632 5925 Infra
1669 5877 1769 5925 duo
1808 5874 1925 5926 ἀνά-

259 5955 361 6002 πτει
378 5939 465 6002 ᾖν
482 5939 652 6002 φλόγα,
676 5940 750 5989 ἄν.

319 6001 344 6030 ι
371 5998 501 6047 Sami
544 5998 601 6049 ei.
614 6001 805 6063 aliquot
823 6012 938 6050 mss.
961 5999 1052 6058 τφὸ
1075 5998 1274 6060 βραχέος
1298 5998 1469 6061 Drm-

2003 455 2184 510 αὐτῶν
2203 456 2530 526 ἐκράτησεν,
2554 448 2893 518 ἐϐλασφήμει
2921 463 2934 478 ·
2963 444 3150 515 ἐπειδὴ
3173 443 3220 496 δι
3260 441 3455 505 αὐτοὺς
3488 438 3679 494 ἐνέϐα-

2006 544 2097 597 λεν
2130 544 2211 606 είς
2240 543 2301 595 τὸ
2329 541 2460 613 πῦρ,
2490 536 2819 608 ἐφιλοσόφει.
2854 532 2953 586 Διά
2986 530 3146 585 τοῦτο
3170 547 3264 584 και
3309 531 3340 582 ό
3385 528 3518 591 Θεὸς
3556 544 3680 580 συν-

2010 628 2257 702 ἐχώρησε
2291 627 2472 681 πάντα
2502 622 2775 693 γενέσθαι,
2800 621 2899 675 ὅσα
2927 622 2956 672 ό
2987 619 3249 691 τύραννος
3283 616 3560 686 ήθέλησεν,
3592 615 3680 667 ἵνα

2003 715 2175 788 δείξῃ,
2235 717 2318 769 ὅτι
2347 714 2472 778 τοὺς
2510 713 2600 764 ὑπ’
2630 709 2797 764 αὑτοῦ
2833 707 3268 777 φυλαττομένους
3300 703 3474 768 οὐδεὶς
3497 719 3679 773 παρα-

2003 804 2206 874 ϐλάψαι
2234 803 2523 872 δυνήσεται
2544 817 2557 829 ·
2584 799 2678 852 καὶ⁵
2709 798 2844 866 ὅπερ
2872 795 2964 847 ἐπί
2989 794 3083 847 τοῦ
3119 791 3238 846 Ἰὼϐ
3263 790 3683 861 ἐποίησε,τοῦτο

2003 892 2099 945 καὶ
2129 889 2368 945 ἐνταῦθα
2405 887 2723 959 εἰργάσατο.
2755 885 2865 937 Καὶ
2892 881 3000 953 γὰρ
3032 882 3147 934 ἐκεῖ
3180 879 3358 948 ἀφῆκε
3389 878 3480 931 τὸν
3501 877 3683 932 διάϐο-

2001 979 2092 1032 λοι
2120 980 2301 1032 πᾶσαν
2335 975 2501 1031 αὐτοῦ
2532 975 2631 1045 τὴν
2659 973 2887 1043 δύναμιν
2907 966 3298 1032 ἐπιδείξασθαι,
3318 966 3412 1019 καὶ
3444 966 3532 1018 ὅτε
3557 963 3681 1016 ἐκέ-

2003 1085 2143 1120 νωοε
2196 1066 2266 1120 τὰ
2327 1064 2456 1135 βέλη
2510 1064 2710 1125 πάντα,
2764 1058 2858 1113 καὶ
2919 1055 3096 1119 οὐδεὶς
3145 1053 3437 1123 ἐπιϐουλῆς
3483 1051 3681 1106 ὑπελέ-

2002 1155 2190 1208 λειπτο
2232 1154 2260 1192 τι
2310 1154 2545 1224 τρόπος,
2581 1149 2703 1203 τότε
2739 1145 3061 1202 ἀνεϐίϐασεν
3103 1144 3169 1195 ἐκ
3211 1141 3305 1194 τοῦ
3359 1142 3684 1211 σκάμματος

2001 1243 2094 1296 τὸν
2128 1241 2387 1311 ἀθλητὴν,
2423 1239 2508 1292 ἵνα
2551 1234 2781 1308 λαμπρὰ
2828 1233 2915 1285 καὶ
2970 1229 3452 1301 ἀναμφισϐήτητος
3490 1229 3525 1298 ή
3555 1226 3682 1296 νίκη

2003 1329 2260 1397 γένηται·
2294 1326 2436 1380 οὕτω
2466 1325 2530 1395 δή
2560 1324 2657 1378 καὶ
2706 1318 2943 1376 ἐνταῦθα
2968 1317 3030 1371 τὸ
3055 1317 3188 1369 αὐτὸ
3206 1315 3365 1369 τοῦτο
3405 1315 3680 1385 ἐποίησεν.

2015 1415 2314 1487 Ἐϐουλήθη
2368 1413 2468 1483 τὴν
2532 1411 2686 1465 πόλιν
2732 1407 2913 1462 αὐτῶν
2986 1403 3365 1473 κατασκάψαι,
3430 1402 3526 1457 καὶ
3582 1402 3684 1455 οὐκ

2003 1501 2309 1555 ἐκώλυσεν·
2370 1498 2638 1568 ἐϐουλήθη
2698 1494 2888 1548 λαϐεῖν
2950 1488 3368 1561 αίχμαλώτους,
3435 1489 3531 1543 καὶ
3583 1489 3686 1541 οῦκ

2003 1590 2348 1643 ἐνεπόδισεν·
2406 1587 2675 1658 ἐϐουλήθη
2717 1583 2914 1654 δῆσαι,
2971 1578 3389 1651 συνεχώρησεν·
3457 1582 3535 1643 εἰς
3588 1578 3685 1647 τὴν

2005 1679 2232 1749 κάμινον
2310 1677 2608 1749 ἐμϐαλεῖν,
2677 1670 3012 1743 ἐπέτρεψεν·
3082 1668 3284 1737 ἀνάψαι
3354 1668 3453 1739 τὴν
3513 1666 3685 1735 φλόγα

2006 1767 2149 1837 πέρα
2174 1764 2269 1818 τοῦ
2298 1765 2521 1836 μέτρου,
2549 1762 2643 1816 καὶ
2683 1759 2842 1812 τοῦτο
2891 1756 3071 1824 ἀφῆκε
3091 1770 3105 1785 ·
3141 1756 3237 1808 καὶ
3261 1757 3351 1808 ὅτε
3386 1755 3538 1807 οὐδὲν
3580 1754 3675 1805 ὐπ-

2005 1853 2281 1906 ελέλειπτο
2310 1851 2515 1914 λοιπὸν,
2542 1849 2679 1904 ἀλλά
2703 1849 2884 1900 πᾶσαν
2911 1842 3179 1896 ἐκένωσεν
3214 1842 3380 1897 αὑτοῦ
3411 1843 3510 1913 τὴν
3536 1842 3688 1912 ίσχῦν

2004 1944 2033 1994 6
2053 1940 2338 2012 τύραννος,
2359 1940 2482 1992 τότε
2512 1938 2680 2002 ἔδειξε
2710 1934 2807 2005 τὴν
2841 1929 3009 1986 αὐτοῦ
3053 1930 3284 2004 δύναμιν
3328 1934 3356 1985 6
3389 1932 3522 1994 Θεὸς
3542 1970 3556 1995 ,
3592 1928 3687 1983 καλ⁵

2003 2030 2104 2101 τὴν
2134 2030 2245 2082 τῶν
2275 2029 2483 2084 παίδων
2510 2028 2809 2099 ὑπομονήν.
2856 2029 3019 2101 Ὁρᾷς
3044 2030 3127 2082 ὅτι
3149 2022 3239 2078 διά
3266 2020 3427 2074 τοῦτο
3450 2017 3688 2089 συνεχώ-

2007 2134 2172 2189 ρησεν
2195 2118 2223 2169 ὁ
2251 2116 2384 2179 Θεὸς
2422 2114 2583 2185 μέχρι
2612 2126 2636 2153 θ
2663 2115 2851 2178 τέλους
2872 2117 2970 2179 τὰς
3001 2114 3227 2183 θλίψεις,
3275 2111 3362 2163 ῖνα
3392 2106 3540 2176 δείξῃ
3574 2107 3688 2168 τοῖς

2005 2202 2412 2257 ἐπιϐουλεύουσι
2433 2204 2528 2254 καὶ
2551 2201 2648 2272 τὴν
2677 2201 2783 2255 τῶν
2807 2199 3310 2265 ἐπιϐουλευομένων
3339 2194 3683 2264 φιλοσοφίαν.

2006 2290 2102 2342 καὶ
2125 2288 2223 2359 τὴν
2252 2286 2416 2341 αὑτοῦ
2450 2306 2475 2339 τ
2495 2287 2734 2357 ρόνοιαν;
2768 2288 2947 2358 "Am-:9
2974 2286 3261 2358 ἀμφότερα
3289 2283 3539 2343 κάκεῖνος
3567 2278 3687 2332 τότε

2009 2375 2193 2446 μαθὼν
2250 2374 2379 2427 ἐϐόα
2407 2391 2418 2402 ·
2483 2376 2548 2426 Οἱ
2613 2373 2825 2427 δοῦλοι
2879 2374 2986 2428 τοῦ
3049 2371 3197 2428 Θεοῦ
3239 2369 3346 2423 τοῦ
3394 2367 3686 2435 ὑψίστου.

2005 2464 2286 2527 ἐξέλθετε
2309 2461 2407 2514 καί
2439 2460 2633 2515 δεῦτε.
2672 2463 2744 2514 Σὺ
2780 2461 2837 2514 δέ
2873 2479 2962 2532 μοι
3002 2460 3196 2514 σκόπει
3220 2457 3330 2510 τῶν
3354 2454 3559 2509 παίδων
3590 2469 3688 2525 με-

2006 2547 2339 2618 γαλοψυχίαν
2359 2564 2373 2577 ·
2414 2545 2542 2599 οὔτε
2574 2547 2682 2617 γὰρ
2716 2547 2822 2616 πρὸ
2867 2546 2965 2615 τῆς
2994 2545 3180 2616 φωνῆς
3207 2541 3568 2612 ἐξεπήδησαν,
3602 2540 3691 2594 ἵνα

2010 2636 2085 2707 μὴ
2110 2635 2310 2707 νομίσῃ
2341 2651 2426 2697 τις
2459 2634 2656 2698 αὐτοὺς
2687 2634 3029 2704 πεφοϐῆσθαι
3065 2633 3083 2673 ί
3119 2633 3181 2686 τὸ
3215 2631 3355 2702 πῦρ,
3395 2629 3518 2683 οὔτε
3548 2628 3686 2695 κλη-

2009 2723 2194 2786 θέντες
2223 2720 2371 2775 ἔνδον
2398 2721 2621 2792 ἔμειναν
2642 2762 2654 2785 ,
2686 2721 2773 2774 ἴνα
2817 2721 2894 2793 μὴ
2919 2720 3191 2792 φιλότιμοί
3232 2736 3378 2781 τινες
3426 2712 3566 2769 εἶναι
3592 2715 3689 2769 καὶ

2008 2810 2302 2879 φιλόνεικοι
2317 2809 2562 2876 δόξωσιν.
2579 2809 2709 2862 Ὅτε
2725 2809 2949 2880 ἔμαθες,
2976 2808 3130 2878 φασὶ,
3148 2808 3293 2871 τίνος
3310 2805 3475 2877 ἐσμὲν
3493 2803 3689 2864 δοῦλοι,

2006 2897 2097 2950 ὅτε
2123 2896 2213 2949 τὸν
2232 2896 2509 2967 Δεσπότην
2535 2896 2691 2967 ήμῶν
2713 2897 2979 2964 ἐπέγνως,
3002 2896 3123 2949 τότε
3142 2893 3498 2966 ἐξερχόμεθα,
3522 2893 3693 2962 κήρυ-

2008 3001 2105 3047 κες
2134 2985 2380 3054 ἐσόμενοι
2397 2985 2510 3045 τοῖς
2533 2982 2798 3053 παροῦσιν
2817 2983 2989 3037 ἅπασι
3005 2983 3101 3054 τῆς
3118 2981 3210 3034 τοῦ
3229 2979 3365 3034 Θεοῦ
3387 2979 3689 3049 δυνάμεως.

2008 3071 2224 3126 Μᾶλλον
2253 3071 2310 3123 δέ
2345 3071 2446 3124 οὐκ
2474 3070 2629 3123 αὐτοὶ
2661 3069 2841 3140 μόνον,
2886 3069 3023 3123 ἀλλά
3053 3069 3148 3123 καὶ
3172 3072 3201 3123 6
3236 3066 3495 3138 πολέμιος
3517 3067 3696 3137 οἰκείᾳ

2010 3161 2162 3229 φωνῇ
2185 3159 2278 3212 καὶ
2311 3159 2399 3211 διὰ
2429 3159 2526 3228 τῆς
2555 3158 2825 3227 γλώττης,
2847 3158 2940 3210 καὶ
2965 3158 3054 3211 διὰ
3082 3158 3184 3227 τῆς
3214 3157 3696 3227 ἐπιστολῆς,πᾶσιν

2009 3248 2366 3318 ἀνεκήρυττε,
2400 3247 2494 3299 καὶ
2516 3246 2616 3317 τὴν
2643 3244 2750 3299 τῶν
2780 3245 3028 3317 ἀθλητῶν
3056 3244 3328 3308 ἔνστασιν,
3360 3245 3456 3297 καὶ
3479 3245 3579 3312 τὴν
3599 3242 3694 3297 τοῦ

2010 3334 2346 3405 ἀγωνοθέτου
2369 3334 2541 3404 ἰσχύν.
2567 3334 2678 3387 Καὶ
2696 3333 2951 3404 καθάπερ
2978 3334 3026 3387 οἱ
3045 3333 3284 3403 κήρυκες
3305 3332 3432 3396 τοὺς
3457 3330 3697 3401 ἀθλητὰς

2010 3422 2277 3485 νικῶντας
2305 3421 2730 3492 ἀναγορεύουσιν
2758 3422 2783 3461 ε
2812 3422 2869 3474 ἐν
2902 3421 3053 3491 μέσῳ
3078 3419 3156 3491 τῷ
3185 3418 3420 3493 θεάτρῳ,
3454 3419 3549 3472 καὶ
3580 3416 3696 3489 [8|]

2008 3511 2107 3574 τάς
2138 3509 2320 3573 πόλεις
2349 3509 2527 3563 αὐτῶν
2556 3508 2833 3578 λέγουσιν·
2876 3509 2935 3562 '0
2960 3508 3108 3562 δεῖνα
3140 3507 3304 3578 τῆσδε
3336 3508 3435 3578 τῆς
3460 3506 3695 3570 πόλεως·

2010 3597 2152 3651 οὕτω
2191 3599 2285 3651 καὶ
2326 3591 2482 3661 οὗτος
2528 3598 2649 3651 ἀντὶ
2674 3597 2772 3669 τῆς
2819 3597 3027 3661 πόλεως
3059 3587 3175 3650 τὸν
3201 3597 3479 3667 Δεσπότην
3518 3595 3700 3649 αὐτῶν

2012 3686 2347 3756 ἀνεκήρυττε
2382 3685 2434 3749 h,
2479 3684 2743 3755 Σεδρὰχ,
2786 3684 3370 3755 Μισὰχ,Ἁόδεναγὼ,
3406 3686 3461 3736 οἱ
3489 3682 3699 3737 δοῦλοι

2011 3773 2118 3826 τοῦ
2151 3772 2299 3826 Θεοῦ
2332 3770 2440 3825 τοῦ
2467 3773 2759 3841 ὑψίστου,
2785 3772 3064 3836 ἐξέλθετε
3093 3773 3193 3826 καὶ
3223 3772 3415 3826 δεῦτε.
3446 3771 3512 3825 Τί
3541 3771 3700 3838 γέγο-

2011 3876 2123 3922 νεν,
2158 3860 2241 3913 ὅτι
2272 3859 2492 3923 δούλους
2525 3859 2724 3923 αὐτοὺς
2759 3859 2945 3924 καλεῖς
2976 3859 3070 3913 τοῦ
3093 3858 3266 3924 Θεοῦ;
3295 3859 3413 3930 οὐχὶ
3448 3857 3531 3911 σοὶ
3558 3854 3701 3929 ἦσαν

2013 3946 2223 4011 δοῦλοι;
2266 3945 2427 3999 Ἀλλά
2454 3945 2761 3998 κατέλυσάν
2789 3961 2890 4015 μου
2941 3945 3041 4015 τὴν
3064 3943 3363 4015 βασιλείαν,
3386 3945 3540 4014 φησὶ,
3565 3961 3699 3997 κατε

2015 4032 2190 4103 επάτη
2198 4031 2297 4085 σάν
2314 4048 2413 4102 μου
2432 4031 2525 4083 τὸν
2546 4028 2737 4099 τῦφον,
2758 4029 2964 4097 ἔδειξαν
2982 4030 3069 4083 διά
3086 4030 3196 4083 τῶν
3218 4030 3393 4100 ἔργων
3407 4030 3500 4084 τὸν
3524 4029 3699 4101 ἀληθῆ

2013 4120 2293 4190 Δεσπότην
2322 4116 2521 4171 αὐτῶν.
2555 4117 2616 4171 Et
2650 4117 2745 4171 ἀνθ
2757 4117 2955 4189 ρώπων
2979 4112 3122 4189 ἦσαν
3148 4116 3347 4181 δοῦλοι,
3381 4116 3481 4170 οὐκ
3512 4116 3579 4170 ἂν
3605 4117 3700 4168 αύ-

2014 4208 2141 4272 τοὺς
2172 4205 2412 4278 ἐφοϐήθη
2437 4206 2497 4259 τὸ
2533 4205 2664 4277 πῦρ,
2692 4205 2791 4258 οὐκ
2818 4204 2884 4259 ἂν
2920 4203 3317 4277 παρεχώρησεν
3352 4206 3386 4276 ή
3414 4202 3580 4273 φλόξ·
3608 4204 3703 4257 άνο

2018 4293 2252 4366 θρώπων
2284 4292 2395 4364 γὰρ
2424 4291 2644 4356 δούλους
2676 4293 2710 4363 ή
2756 4291 2935 4355 κτίσις
2972 4292 3072 4344 οὐκ
3113 4287 3253 4343 οἶδεν
3296 4288 3562 4344 αἰδεῖσθαι
3605 4289 3704 4343 καὶ

2017 4383 2200 4452 τιμᾷν.
2234 4378 2335 4432 Διά
2353 4378 2513 4432 τοῦτο
2539 4378 2723 4443 πάλιν,
2757 4377 2944 4449 φησὶν,
2975 4379 3323 4449 Εὐλογητὸς
3354 4381 3387 4432 ό
3422 4376 3568 4444 Θεὸς
3593 4375 3702 4431 τοῦ

2011 4470 2277 4538 Σεδράχ.
2330 4466 2566 4535 Μι-σὰχ,
2609 4463 2955 4536 Ἀϐδεναγώ.
3004 4463 3077 4518 Σὺ
3116 4464 3173 4519 δέ
3217 4482 3307 4536 μοι
3346 4465 3538 4517 σκόπει
3585 4464 3704 4527 πῶς

2018 4553 2236 4625 πρῶτον
2289 4553 2657 4625 ἀνακηρύττει
2706 4552 2798 4606 τὸν
2845 4552 3223 4624 ἀγωνοθέτην·
3277 4550 3628 4622 Εὐλογητὸς
3669 4554 3703 4605 ό

2020 4641 2166 4708 Θεὸς
2194 4640 2261 4708 ὃς
2283 4639 2605 4696 ἀπέστειλε
2634 4641 2744 4695 τίν
2774 4640 3034 4712 ἄγγελον
3060 4639 3275 4705 αὐτοῦ,
3301 4641 3401 4695 καί
3436 4639 3705 4705 ἐξείλετο

2018 4730 2161 4796 τοὺς
2182 4722 2400 4793 παῖδας
2419 4728 2630 4784 αὐτοῦ.
2647 4728 2821 4782 Τοῦτο
2840 4729 2939 4800 τῆς
2958 4728 3241 4798 δυνάμεως
3260 4728 3354 4782 τοῦ
3381 4726 3516 4782 Θεοῦ
3537 4745 3552 4759 ·
3581 4728 3704 4782 εἰπὲ

2019 4818 2114 4872 καὶ
2155 4816 2253 4888 τὴν
2281 4815 2482 4887 ἀρετὴν
2519 4815 2628 4870 τῶν
2673 4815 2924 4886 ἀθλητῶν
2947 4834 2962 4850 ο
3002 4815 3124 4869 Ὅτι
3156 4816 3585 4869 ἐπεποίθεισαν
3608 4814 3704 4868 ἐπ’

2018 4902 2211 4971 αὐτῷ,
2256 4904 2358 4958 καὶ
2390 4903 2744 4972 ήλλοίωσαν
2777 4902 2845 4957 τό
2866 4902 3036 4973 ῥῆμα
3076 4902 3185 4957 τοῦ
3220 4903 3552 4971 βασιλέως,
3602 4903 3702 4958 καὶ

2020 4990 2375 5061 παρέδωκαν
2395 4990 2468 5044 τὰ
2494 4990 2742 5059 σώματα
2758 4989 2980 5056 αὐτῶν,
3010 4989 3173 5057 ὅπως
3191 4989 3281 5060 μὴ
3320 4992 3697 5061 λατρεύσωσι

2021 5078 2181 5145 θεοῖς
2205 5078 2571 5146 ἀλλοτρίοις.
2593 5073 2744 5149 τΑρα
2790 5076 2844 5129 τί
2872 5076 3067 5146 γένοιτ’
3096 5076 3163 5131 ἂν
3186 5076 3390 5148 ἀρετῆς
3419 5076 3563 5142 ίσον;
3589 5074 3704 5146 Ιῐρδ

2021 5166 2235 5233 τούτου,
2261 5167 2353 5220 ὅτε
2380 5161 2555 5231 εἶπον,
2588 5165 2720 5232 Τοῖς
2744 5164 2900 5230 θεοῖς
2935 5179 3053 5218 σου
3083 5166 3155 5219 οὐ
3184 5166 3572 5234 λατρεύομεν,
3601 5161 3704 5232 τῆς

2022 5254 2256 5326 καμίνου
2292 5251 2676 5325 χαλεπώτερον
2722 5251 2958 5325 ἐξεκάη·
2993 5250 3090 5306 νῦν
3134 5252 3193 5307 δέ
3225 5252 3413 5323 ἐπειδὴ
3462 5251 3550 5303 διὰ
3595 5249 3704 5301 τῶν

2022 5344 2199 5415 ἔργων
2225 5340 2403 5396 αὐτῶν
2429 5341 2588 5393 τοῦτο
2614 5332 2961 5402 ἐπαίδευσαν,
2985 5341 3046 5395 ού
3079 5341 3237 5414 μόνον
3270 5340 3370 5393 οὐκ
3392 5336 3706 5407 ἠγανάκτη-

2024 5447 2136 5496 σεν,
2172 5428 2308 5483 ἀλλά
2347 5429 2442 5484 καὶ
2479 5428 2712 5500 ἐπῄνεσε
2756 5430 2852 5483 καὶ
2895 5429 3224 5500 ἐθαύμασεν,
3252 5428 3333 5480 ὅτι
3368 5422 3536 5481 αὐτοῦ
3563 5438 3707 5493 παρη

2023 5517 2288 5589 ήκουσαν.
2313 5515 2582 5570 Τοσοῦτον
2605 5516 2773 5589 ἀρετὴ
2798 5517 2982 5581 καλὸν,
3000 5516 3081 5568 ὄτι
3110 5517 3202 5568 καὶ
3226 5513 3423 5575 αὐτους
3449 5512 3575 5574 τοῦς
3604 5528 3707 5563 πο·-

2022 5603 2244 5675 λεμίους
2268 5604 2286 5644 ί
2316 5603 2431 5674 ἔχει
2454 5602 2777 5675 θαυμαστὰς
2801 5605 2894 5656 καὶ
2915 5602 3223 5663 ἐπαινέτας.
3257 5599 3482 5652 Ἐκεῖνοι
3508 5598 3707 5667 ήνωνί-

2087 5689 2115 5755 (ξ
2138 5683 2239 5755 Alii
2260 5691 2703 5755 ὑπελείφθη,Ρειι1ο
2717 5691 2962 5755 ροειοῦτω
2981 5689 3038 5746 δή
3059 5688 3204 5755 degst
3217 5683 3569 5755 inquibusdam
3590 5697 3709 5733 mss.

2092 5753 2113 5817 ξ
2136 5753 2241 5817 Alii
2254 5749 2519 5817 ὑπομονὴν,
2539 5753 2617 5802 διὰ
2641 5749 2729 5816 γὰρ
2748 5750 2892 5801 τοῦτο
2913 5749 3151 5813 συγχωρεῖ
3173 5750 3331 5815 μέχρι.

2092 5810 2113 5849 τ
2145 5814 2255 5877 Λιιι
2267 5810 2530 5877 φοϐεῖσθαι.

2091 5878 2117 5938 F
2135 5871 2340 5938 Quida'm
2359 5889 2475 5938 mss.
2498 5871 2870 5938 ἀναγορεύοντες.

2087 5934 2121 5978 ιι
2145 5934 2254 5998 Non
2280 5936 2421 5998 pauci
2579 5934 2847 5998 ἀνεκήρυξε.

2097 5999 2115 6040 ι
2145 5996 2248 6049 Alii
2275 5996 2612 6065 πολεμοῦντας.
2729 5996 2738 5998 '
2908 6010 2909 6013 η
