3998 6438
239 438 304 497 89
1157 443 1246 496 AD
1287 436 1606 497 POPULUM
1647 441 2134 497 ANTIOCHENUM
2200 442 2427 498 llOMll..
2472 443 2557 498 Vl.
2951 468 2954 470 ·
3448 443 3517 499 90

239 565 448 618 ranuos,
468 567 626 624 reges
653 563 708 608 et
734 553 1001 623 principes
1024 555 1436 623 pra'tertnittens
1478 558 1566 623 qui
1590 555 1686 608 sibi
1721 570 1816 622 pa-

237 654 596 707 ruerant,trcs
625 646 866 714 captivos
895 655 947 699 et
969 660 1170 709 servos,
1201 645 1290 714 qui
1312 645 1642 716 tyrannidem
1670 661 1818 699 suam

232 750 681 808 contempserant,
711 740 1000 794 admiratus
1047 749 1146 794 est.
1179 739 1292 793 Non
1325 741 1463 794 enim
1496 740 1823 794 contenden-

232 841 348 892 tes,
400 830 493 884 sed
542 831 978 900 philosophantes
1023 831 1138 886 haec
1186 831 1450 900 agebant,
1503 847 1676 900 neque
1727 847 1822 900 per

231 925 611 993 arrogantiam,
648 924 740 978 sed
792 941 886 994 per
930 925 1240 992 religionem
1272 940 1284 975 :
1321 938 1426 977 non
1472 923 1718 992 superbia
1743 925 1821 978 in-

230 1013 357 1077 flati,
388 1014 484 1070 sed
512 1015 630 1068 zelo
661 1015 830 1083 igniti.
857 1015 1101 1085 Magnum
1125 1017 1320 1069 etenim
1343 1015 1539 1070 bonum
1570 1016 1620 1070 in
1649 1015 1817 1070 Deum

229 1121 448 1173 sperare
480 1125 494 1159 :
553 1106 700 1176 quod
726 1106 936 1176 quidem
960 1117 1013 1160 et
1036 1106 1294 1161 barbarus
1342 1107 1736 1170 animadvertit,
1765 1116 1820 1163 et

226 1196 604 1249 demonstrans
632 1211 725 1250 eos
752 1195 874 1250 inde
902 1196 1188 1252 imminens
1215 1195 1464 1266 effugisse
1500 1197 1814 1266 pcricuhuu,

227 1286 576 1356 proclamavit
607 1305 622 1341 :
653 1287 901 1354 Quoniam
927 1288 1246 1356 con/idenm!
1271 1288 1322 1341 in
1349 1305 1425 1342 eo.

295 1379 347 1433 6.
383 1378 510 1432 llaec
539 1388 712 1432 autem
747 1393 885 1432 nunc
919 1380 1058 1445 dico,
1092 1387 1144 1433 et
1174 1393 1361 1434 omnes
1396 1393 1624 1448 excerpo
1653 1379 1815 1436 histo-

225 1472 349 1536 rias,
384 1471 438 1524 in
463 1472 653 1541 quibus
695 1473 1014 1525 tentalioues
1059 1480 1112 1525 et
1139 1487 1410 1538 mrumntc,
1435 1483 1487 1527 et
1517 1489 1698 1542 regum
1724 1474 1816 1527 ira:

222 1571 275 1615 et
304 1562 512 1616 insidia:
539 1570 696 1624 sunt,
736 1574 790 1616 ut
819 1563 948 1616 nihil
984 1563 1282 1630 timeamus,
1319 1563 1416 1617 nisi
1449 1565 1815 1619 tantummodo

223 1654 389 1708 Deum
415 1654 705 1710 offendere.
736 1656 943 1710 Etenim
969 1666 1023 1710 et
1051 1667 1175 1711 tunc
1207 1649 1388 1711 fornax
1412 1673 1632 1712 accensa
1663 1666 1809 1723 erat;

223 1746 292 1799 illi
322 1762 456 1799 vero
484 1746 618 1798 hanc
647 1747 860 1816 quidem
905 1758 1360 1818 contempserunt,
1399 1759 1672 1817 peccatum
1720 1765 1812 1804 au-

223 1845 325 1890 tem
359 1837 651 1890 timuerunt
683 1854 696 1891 :
728 1847 984 1891 noverant
1021 1839 1162 1893 enim
1205 1854 1264 1894 se
1309 1841 1555 1895 incensos
1595 1841 1810 1910 quidem

223 1929 351 1983 nihil
383 1945 546 1998 grave
587 1945 838 1998 passuros
883 1946 1021 1993 esse,
1064 1932 1224 2002 impie
1259 1947 1385 1987 vero
1421 1943 1670 2003 agentes,
1713 1950 1810 1989 ex-

221 2030 388 2074 trema
418 2020 712 2075 subituros.

287 2111 574 2165 Peccatum
615 2114 783 2184 ipsum
823 2132 1060 2187 magnum
1105 2118 1432 2188 supplicium.
1461 2149 1533 2159 —
1566 2119 1807 2188 Magnum

218 2204 357 2257 enim
396 2205 718 2272 supplicium
757 2222 1014 2275 peccare,
1061 2209 1221 2263 etiam
1263 2209 1306 2263 si
1335 2225 1441 2264 non
1487 2211 1804 2278 puniamur:

217 2296 349 2349 sicut
374 2297 433 2350 et
471 2298 733 2350 maximus
765 2299 969 2364 honor,
1015 2301 1244 2355 maxima
1290 2303 1645 2371 tranquillitas
1685 2318 1806 2357 cum

215 2387 414 2442 virtute
443 2387 656 2453 vivere,
691 2391 898 2444 etiamsi
928 2392 1229 2460 puniamur.
1256 2392 1480 2448 Peccata
1525 2394 1666 2447 cnim
1711 2407 1808 2448 nos

214 2492 241 2526 a
270 2476 384 2531 Deo
422 2488 697 2547 separant,
731 2479 870 2533 sicut
917 2489 972 2534 et
1009 2481 1121 2549 ipse
1165 2482 1334 2537 dicit:
1384 2483 1565 2536 Nonne
1605 2494 1808 2551 peccata

214 2580 381 2623 uestra
423 2581 661 2641 separant
691 2572 820 2625 inter
859 2588 945 2626 vos
972 2581 1018 2626 et
1055 2589 1134 2627 me
1183 2573 1330 2641 (Isai.
1365 2575 1455 2630 59.
1495 2575 1591 2645 2)?
1632 2591 1806 2646 puum

214 2676 338 2715 vero
370 2677 472 2715 nos
498 2663 563 2715 ad
593 2663 756 2717 Deum
791 2664 1084 2732 perducunt
1113 2681 1126 2717 :
1162 2665 1332 2735 inquit
1358 2667 1522 2727 enim,
1557 2665 1636 2718 Da
1664 2668 1805 2721 nobis

213 2768 411 2818 pacem,
459 2753 627 2806 omnia
673 2754 805 2806 enim
844 2754 1116 2808 retribuisti
1153 2755 1296 2810 nobis
1321 2756 1582 2829 (lsoi.26.
1608 2758 1711 2818 1'2).
1747 2757 1803 2810 Si

213 2845 327 2912 quis
359 2844 559 2899 vulnus
591 2845 803 2912 habeat,
835 2845 960 2916 quid
999 2848 1190 2902 timere
1214 2857 1446 2917 Oportet,
1478 2849 1702 2910 saniem,
1736 2865 1802 2900 an

213 2936 408 2989 medici
451 2936 777 2991 sectionem?
812 2937 1035 3002 ferrum,
1069 2955 1134 2992 an
1178 2939 1370 2993 ulceris
1397 2939 1803 3008 depastionem?

213 3025 498 3083 Peccatum
528 3028 705 3082 sanies
729 3037 810 3082 est
840 3052 852 3083 ;
880 3044 1035 3097 pteua
1070 3029 1265 3084 ferrum
1290 3030 1624 3085 medicinale.
1655 3029 1804 3086 Sicut

210 3111 372 3179 igitur
393 3119 484 3187 qui
507 3121 709 3174 saniem
739 3120 917 3185 habet,
941 3122 1039 3175 etsi
1062 3138 1166 3176 non
1189 3131 1419 3190 secetur,
1448 3124 1586 3178 male
1608 3123 1800 3180 habet:

213 3224 260 3263 et
293 3225 424 3264 cum
450 3225 554 3264 non
583 3221 817 3277 secatur,
852 3221 974 3266 tunc
1005 3221 1088 3267 est
1113 3213 1164 3266 in
1191 3213 1482 3284 majoribus
1512 3216 1702 3271 malis:
1733 3217 1802 3271 ita

212 3303 297 3371 qui
327 3312 540 3371 peccat,
585 3303 690 3357 etsi
732 3319 837 3356 non
869 3304 1140 3373 puniatur,
1169 3306 1407 3360 omnium
1439 3314 1522 3360 est
1565 3307 1803 3361 miserri-

215 3409 370 3449 mus:
419 3402 474 3448 et
505 3404 629 3448 tunc
662 3396 900 3450 maxime
941 3396 1124 3462 miser,
1174 3411 1296 3451 cum
1342 3413 1446 3452 non
1485 3400 1727 3468 punitur,
1751 3409 1804 3454 ct

215 3498 374 3554 grave
405 3483 537 3538 nihil
568 3486 784 3553 patitur.
815 3486 881 3539 Et
908 3487 1045 3541 sicut
1073 3487 1258 3557 splene
1283 3496 1338 3542 et
1367 3488 1630 3545 intercute
1652 3489 1800 3542 lubt)-

215 3583 429 3634 rantes,
453 3591 570 3628 cum
600 3576 740 3645 larga
765 3575 1010 3632 fruuntur
1033 3592 1238 3644 mensa,
1268 3587 1322 3634 et
1347 3577 1535 3648 frigida
1566 3579 1800 3648 potione,

212 3677 264 3721 et
309 3667 558 3721 delicatis
596 3668 899 3738 sapidisque
949 3667 1184 3734 ferculis,
1225 3678 1349 3724 tunc
1389 3671 1654 3739 prmcipue
1688 3685 1803 3724 om-

220 3759 357 3812 nium
387 3767 515 3812 sunt
555 3759 873 3825 miserrimi,
904 3759 1112 3815 deliciis
1142 3760 1386 3814 morbum
1429 3770 1685 3830 augentes
1711 3776 1724 3813 :
1758 3759 1803 3813 si

221 3867 344 3906 vero
386 3851 473 3905 siti
519 3860 573 3906 et
617 3851 756 3906 fame
782 3851 1074 3906 secundum
1121 3851 1448 3906 medicorum
1496 3851 1638 3919 leges
1683 3866 1805 3906 cru-

219 3945 452 4007 cientur,
480 3943 710 4012 aliquam
742 3943 930 3997 salutis
956 3957 1106 4013 Spem
1135 3942 1334 3998 habent
1364 3961 1375 3995 :
1406 3943 1483 3996 sic
1525 3952 1580 3996 et
1611 3942 1662 3995 in
1699 3940 1802 3994 ini-

219 4035 421 4103 quitate
451 4034 713 4100 viventes,
755 4034 798 4087 si
828 4035 1113 4104 puniantur
1141 4034 1381 4104 quidem,
1417 4032 1610 4087 bonam
1651 4047 1803 4102 spem

218 4125 450 4190 habent,
503 4125 549 4179 si
589 4141 721 4180 vero
767 4141 884 4180 cum
923 4127 1200 4196 iniquitate
1244 4127 1456 4182 licentia
1498 4135 1553 4180 et
1602 4127 1805 4181 deliciis

218 4219 486 4287 fruantur,
535 4218 776 4290 hydrope
810 4220 1179 4275 laborantibus
1222 4220 1380 4274 simul
1430 4229 1484 4274 et
1519 4219 1802 4289 crapulan-

219 4310 358 4364 tibus
390 4319 516 4364 sunt
540 4311 706 4364 multo
734 4310 1060 4376 miseriores,
1095 4321 1146 4366 ct
1196 4319 1343 4366 tanto
1390 4313 1579 4381 magis,
1605 4322 1806 4382 quanto

218 4416 446 4472 corpore
473 4401 663 4455 melior
690 4411 772 4456 cst
795 4403 992 4457 anima.
1023 4401 1080 4458 Si
1111 4403 1318 4472 aliquos
1349 4403 1506 4474 igitur
1535 4404 1585 4457 in
1619 4403 1803 4458 iisdem

217 4508 336 4548 esse
363 4495 598 4564 peccatis
627 4493 856 4560 videris,
891 4503 945 4548 et
972 4493 1070 4549 hos
1096 4494 1310 4564 quidem
1352 4493 1492 4548 fame
1530 4495 1802 4559 continua,

221 4593 273 4637 et
300 4583 598 4638 innumeris
646 4585 801 4638 malis
844 4585 1183 4650 laborantes,
1231 4585 1330 4641 hos
1356 4601 1482 4641 vero
1527 4586 1802 4653 ebriosos,

217 4677 542 4745 gaudentes,
573 4686 628 4733 et
657 4679 995 4749 crapulantes
1016 4681 1051 4744 ,'
1071 4695 1166 4735 eos
1191 4680 1282 4750 qui
1312 4682 1490 4752 gravia
1534 4682 1808 4750 patiantur

219 4765 484 4822 beatiores
505 4777 650 4838 puta.
682 4769 892 4825 Etenim
919 4770 1290 4826 delectationis
1318 4773 1530 4827 flamma
1559 4773 1640 4826 his
1669 4789 1808 4826 ενι-ιι-

217 4859 357 4913 mnis
372 4857 727 4926 interciditur,
745 4869 799 4916 et
817 4862 954 4931 apud
976 4861 1208 4917 futurum
1229 4862 1486 4932 judicium
1503 4873 1559 4918 et
1573 4865 1809 4921 terribile

219 4947 450 5004 tribunal
473 4949 601 5004 illud
637 4967 744 5006 non
779 4967 962 5022 parum
992 4954 1376 5009 consolationis
1408 4955 1680 5026 capientes
1709 4957 1809 5010 mi-

216 5041 517 5111 grant,quia
533 5043 694 5096 multa
710 5054 924 5112 peccata
939 5045 1062 5099 vita:
1075 5046 1228 5115 hujus
1241 5047 1492 5101 ternumis
1504 5048 1804 5116 expiarunt.

290 5135 546 5190 Aduersus
565 5135 862 5206 juramenta
887 5155 978 5210 pro
996 5156 1133 5193 more
1157 5139 1592 5210 loquitur.——Sed
1613 5155 1807 5196 conso-

219 5225 431 5282 lationis
459 5228 630 5283 satis:
659 5228 768 5298 jam
808 5232 963 5286 nobis
991 5231 1243 5302 deinceps
1271 5242 1482 5304 tempus
1515 5243 1596 5301 est
1629 5233 1694 5287 ad
1725 5233 1806 5287 fu-

219 5315 534 5384 giendorum
555 5321 900 5376 monitionem
925 5322 1349 5392 juramentorum
1382 5324 1724 5391 transeundi,
1754 5334 1809 5378 et

220 5407 438 5462 tollendi
469 5413 868 5468 excusationem
889 5453 904 5479 ,
936 5430 1056 5484 qua:
1075 5414 1383 5484 jurantibns
1411 5430 1532 5470 esse
1557 5415 1770 5470 videtur
1788 5457 1804 5481 ,

223 5496 467 5567 frigidam
495 5509 549 5555 et
568 5501 845 5563 inutilem.
877 5505 1088 5560 Etenim
1119 5521 1239 5560 cum
1277 5506 1422 5576 ipsos
1457 5522 1804 5573 accusamus,

222 5592 356 5647 alios
385 5595 538 5650 nobis
565 5595 707 5651 idem
754 5597 1011 5653 facientes
1049 5599 1342 5669 objiciunt,
1369 5607 1424 5652 et
1452 5599 1635 5652 dicunt
1666 5615 1679 5650 :
1713 5598 1808 5654 llle

223 5696 276 5740 et
294 5687 385 5740 ille
398 5686 599 5756 jurant.
629 5689 877 5748 Dicamus
902 5691 1059 5762 igitur
1081 5691 1210 5762 ipsis
1235 5711 1248 5745 :
1277 5691 1383 5747 Sed
1408 5692 1496 5746 ille
1518 5687 1802 5760 nonjui-at,

225 5775 367 5831 Deus
389 5789 566 5836 autem
585 5795 770 5838 eorum
798 5783 893 5853 qui
918 5793 1062 5840 recte
1083 5793 1326 5855 egerunt,
1351 5783 1803 5856 comparationem

227 5870 368 5925 inter
401 5868 745 5943 iudicandum
786 5873 1032 5945 profert:
1065 5890 1188 5932 nam
1218 5884 1529 5947 peccatores
1573 5889 1667 5931 eos
1711 5873 1803 5944 qui

543 5970 808 6030 Ρηειοι..
856 5971 973 6030 Gn.
1025 5971 1243 6030 XLIX.

1936 562 2157 622 peccant
2184 553 2501 608 delictorum
2533 555 3020 610 communicatione
3051 571 3152 609 non
3179 555 3400 624 juvant,
3429 555 3519 620 qui

1930 661 2058 699 vero
2088 654 2234 701 recte
2275 647 2490 710 vivunt,
2532 658 2844 716 peccatores
2887 648 3265 701 condemnant.
3311 647 3518 701 Etenim

1927 735 2018 804 qui
2075 735 2348 791 Christum
2405 751 2514 791 non
2570 737 2910 801 cibaverant,
2964 753 3136 808 neque
3205 747 3519 806 potaverant

1929 828 2140 894 (Matth.
2186 828 2276 885 25.
2331 829 2445 901 55),
2488 830 2640 884 mulli
2692 841 2846 884 erant
2892 847 2905 883 :
2961 829 3055 884 sed
3109 828 3240 884 nihil
3279 826 3379 883 sibi
3431 827 3515 880 iu-

1927 919 2096 975 vicem
2158 923 2470 990 profuerunt
2520 938 2533 974 :
2588 922 2726 977 sicut
2774 936 2947 991 neque
2994 923 3226 993 virgines
3280 922 3516 992 quinque

1924 1011 2091 1065 altera
2144 1012 2213 1066 ab
2277 1012 2446 1067 altera
2510 1013 2671 1066 ullam
2738 1013 3050 1067 invenerunt
3112 1013 3362 1079 veniam,
3418 1013 3512 1068 sed

1924 1119 2034 1174 prre
2076 1107 2161 1172 iis,
2205 1108 2294 1176 qui
2339 1115 2486 1162 recte
2529 1122 2588 1162 se
2621 1116 2924 1177 gesserunt,
2967 1116 3023 1161 et
3060 1106 3143 1160 hae
3188 1114 3243 1161 et
3278 1106 3351 1161 illi
3373 1121 3506 1160 cou-

1922 1197 2157 1253 demnati
2183 1210 2235 1254 et
2265 1200 2435 1268 puniti
2461 1207 2604 1255 sunt.
2643 1200 2723 1253 Ab
2762 1199 2860 1254 hac
2888 1201 3046 1270 igitur
3077 1199 3260 1268 frigida
3289 1213 3511 1252 excusa-

1923 1292 2070 1344 tione
2091 1291 2319 1351 liberati.
2347 1307 2412 1345 ne
2439 1291 2617 1360 lapsos
2640 1291 3012 1360 respiciamus,
3047 1289 3139 1344 Sl'd
3169 1299 3311 1344 recte
3338 1306 3396 1344 se
3416 1305 3510 1358 ge-

1923 1391 2129 1448 rentes,
2162 1393 2212 1437 et
2243 1383 2550 1437 Studeamus
2590 1381 2866 1452 prmscntis
2893 1381 3077 1452 jejunii
3106 1392 3508 1434 monumentum

1920 1472 2141 1528 referre.
2186 1473 2252 1527 Et
2289 1475 2424 1528 sicut
2471 1488 2841 1544 srcpenumero
2881 1475 3261 1526 vestimentum
3307 1471 3507 1538 adepti,

1921 1565 2004 1618 vel
2048 1580 2282 1630 servum,
2325 1566 2409 1621 vel
2439 1580 2530 1619 vas
2563 1565 2875 1634 pretiosum,
2915 1563 3169 1631 temporis
3211 1562 3508 1616 reminisci-

1919 1671 2070 1722 mur,
2101 1667 2155 1712 et
2185 1666 2368 1712 mutuo
2399 1657 2661 1711 dicimus:
2703 1656 2926 1710 Servum
2969 1655 3118 1708 illum
3170 1651 3260 1706 tali
3306 1653 3507 1706 soletn-

1919 1751 2082 1805 nitate
2100 1751 2225 1817 emi,
2251 1753 2624 1806 vestimentum
2657 1751 2761 1805 hoc
2785 1751 2871 1804 tali
2898 1747 3203 1817 comparavi
3227 1755 3466 1814 tempore
3492 1763 3505 1797 :

1919 1840 1988 1894 ita
2017 1857 2227 1911 quoque
2263 1843 2306 1896 si
2349 1843 2518 1913 legem
2572 1843 2708 1896 hanc
2750 1841 3179 1911 impleverimus,
3224 1839 3504 1895 dicemus:

1916 1931 2284 1987 Jurameutum
2341 1934 2440 1988 hac
2482 1934 2693 1988 correxi
2744 1933 3194 2002 Quadragesima;
3242 1930 3504 1984 hactenus

1915 2024 2054 2078 enim
2093 2024 2359 2093 jurabam,
2391 2033 2446 2078 et
2482 2026 2593 2078 sola
2631 2024 2994 2078 admonitione
3035 2021 3212 2075 audita
3235 2062 3249 2085 ,
3286 2030 3506 2088 peccato

1915 2116 2164 2170 abstinui.
2192 2117 2296 2170 Sed
2347 2132 2432 2170 res
2477 2126 2558 2170 est
2598 2123 2842 2169 correctu
2883 2113 3115 2168 difﬁcilis
3149 2109 3500 2166 consuetudo.

1914 2211 2043 2265 Novi
2065 2221 2118 2266 et
2144 2226 2264 2281 ego,
2293 2219 2346 2265 et
2372 2219 2652 2280 propterea
2680 2209 2874 2264 festino
2901 2223 2996 2262 vos
3028 2207 3080 2260 in
3101 2206 3256 2258 aliam
3279 2219 3503 2258 consue-

1915 2301 2150 2356 tudinem
2178 2303 2372 2356 bonam
2403 2313 2456 2356 et
2497 2303 2701 2355 lucrmn
2738 2301 3022 2354 habentem
3062 2297 3336 2352 inducere.
3364 2295 3498 2350 Cum

1913 2395 2056 2448 enim
2121 2394 2360 2459 dixeris,
2431 2394 2650 2449 difficile
2707 2407 2738 2446 a
2803 2389 3193 2447 consuetudine
3262 2387 3493 2450 desisto,

1912 2494 2194 2555 propterea
2253 2485 2518 2542 desistere
2582 2485 2800 2550 labora,
2851 2492 3002 2538 certo
3063 2482 3276 2546 sciens,
3354 2478 3500 2548 quod

1911 2577 1954 2630 si
2002 2577 2095 2630 tibi
2137 2577 2293 2631 aliam
2349 2591 2454 2631 non
2516 2575 2733 2645 jurandl
2794 2573 3237 2628 consuetudinem
3292 2571 3500 2624 indixe-

1911 2667 2020 2732 ris,
2072 2667 2272 2721 nullius
2317 2667 2516 2722 lahoris
2558 2665 2790 2736 amplius
2841 2664 3123 2734 indigebis.
3174 2663 3310 2730 Quid
3357 2660 3497 2716 diffi-

1909 2760 2086 2825 cilius,
2125 2775 2230 2814 non
2257 2760 2460 2829 jurare,
2493 2776 2557 2813 an
2588 2775 2683 2828 per
2722 2769 2889 2812 totum
2918 2758 3058 2812 diem
3110 2757 3340 2811 inediam
3393 2754 3501 2824 pati

1909 2859 1962 2902 et
1990 2865 2140 2918 aqua:
2182 2861 2306 2920 potu
2333 2860 2389 2905 et
2424 2852 2566 2905 tenui
2605 2851 2743 2904 victu
2788 2848 3013 2904 siccari?
3039 2847 3258 2903 Certum
3281 2855 3364 2901 est
3398 2845 3500 2900 hoc

1909 2941 2001 2994 illo
2029 2942 2240 3010 gravius
2267 2957 2419 3008 esse;
2450 2942 2543 2996 sed
2579 2951 2755 2996 tamen
2795 2941 3125 2995 consuetudo
3167 2955 3254 2995 res
3284 2948 3366 2994 est
3393 2948 3499 2994 tam

1908 3031 2078 3086 facilis
2106 3041 2159 3087 et
2186 3033 2450 3102 expedita,
2481 3045 2537 3087 ut
2566 3033 2884 3088 adveniente
2906 3033 3142 3102 jejunio,
3176 3033 3274 3087 etsi
3307 3033 3501 3087 millies

1908 3121 2026 3191 quis
2052 3122 2396 3188 exlinrtctur,
2437 3132 2490 3177 et
2524 3132 2678 3193 cogat
2721 3123 2900 3177 vinum
2940 3122 3202 3187 delibare,
3234 3121 3318 3176 vel
3356 3122 3498 3175 aliud

1907 3212 2030 3282 quid
2054 3213 2240 3282 jejuuii
2273 3213 2387 3283 lege
2416 3229 2520 3267 non
2550 3227 2862 3267 concessum
2889 3221 3122 3280 gustare,
3166 3211 3343 3265 onmia
3381 3211 3500 3280 quis

1906 3304 2092 3358 mallet
2118 3303 2246 3372 pati,
2278 3319 2436 3372 quant
2468 3303 2787 3374 prohibitum
2815 3317 3028 3356 sumere
3069 3301 3455 3355 nutrimentum
3483 3317 3496 3352 :

1906 3404 1960 3450 et
1999 3395 2101 3450 hoc
2125 3410 2244 3450 cum
2269 3411 2373 3450 non
2404 3397 2671 3450 illibenter
2692 3409 2815 3464 erga
2838 3409 3077 3448 mensam
3108 3392 3283 3446 affecti
3308 3391 3498 3456 simus,

1907 3496 2084 3542 tamen
2118 3499 2338 3558 propter
2379 3486 2820 3542 consuetudinem
2863 3501 2927 3540 ex
2954 3485 3277 3540 conscientia
3319 3483 3499 3537 omnia

1906 3593 2167 3648 generose
2197 3578 2414 3633 ferimus
2437 3578 2744 3633 laborando.
2790 3577 2902 3632 Hoc
2921 3577 3168 3630 nimirum
3187 3585 3241 3630 et
3273 3575 3324 3630 in
3351 3574 3500 3644 jura-

1907 3671 2104 3725 mcntis
2132 3670 2271 3724 erit:
2303 3679 2357 3725 et
2393 3671 2533 3725 sicut
2562 3686 2736 3738 nunc,
2770 3669 2813 3724 si
2850 3669 2969 3738 quis
3011 3670 3171 3724 etiam
3216 3668 3500 3723 maximam

1908 3763 2283 3818 necessitatem
2310 3763 2545 3833 imponat
2569 3803 2584 3830 ,
2610 3777 2892 3832 permanes
2926 3761 3362 3816 consuetudinem
3389 3775 3503 3815 ser-

1907 3868 2038 3908 vans
2077 3870 2091 3908 :
2121 3853 2199 3908 sic
2240 3863 2292 3908 et
2321 3864 2467 3918 tunc,
2501 3855 2545 3908 si
2584 3855 2704 3923 quis
2739 3854 2900 3907 etiam
2937 3853 3131 3908 millies
3168 3853 3499 3915 exhortetur,

1906 3959 1936 3999 a
1964 3938 2350 4000 consuetudine
2375 3960 2478 3999 non
2502 3945 2747 3998 absistes.

1986 4038 2039 4089 7.
2067 4036 2294 4090 Domum
2338 4036 2497 4105 igitur
2545 4033 2832 4104 profectus,
2867 4034 3114 4088 omnibus
3151 4032 3268 4088 lucc
3312 4034 3500 4088 dome-

1908 4129 2059 4184 sticis
2082 4129 2300 4197 loquere
2331 4147 2344 4182 :
2377 4137 2431 4182 et
2459 4129 2595 4182 sicut
2621 4142 2765 4197 strpe
2787 4127 2937 4180 multi
2967 4142 3034 4180 ex
3070 4134 3222 4196 prato
3248 4124 3504 4180 receden-

1908 4227 2014 4283 tes,
2045 4234 2220 4274 rosam
2254 4219 2339 4272 vel
2382 4218 2571 4272 violam
2614 4220 2698 4272 vel
2736 4218 3036 4287 quempiam
3086 4217 3267 4271 talium
3309 4215 3502 4270 ﬂorum

1908 4311 2148 4380 capiunt,
2176 4317 2232 4363 et
2256 4309 2439 4379 digitis
2466 4309 2901 4363 circumferentes
2930 4307 3188 4361 recedunt
3218 4323 3230 4360 :
3261 4306 3349 4360 alii
3378 4320 3502 4360 vero

1910 4417 1977 4456 ex
1999 4400 2251 4456 viridario
2272 4401 2489 4455 donnun
2512 4400 2789 4464 abeuntes,
2814 4399 3064 4452 arborum
3089 4415 3267 4451 niuios
3298 4396 3502 4452 fructus

1911 4493 2170 4548 habentes
2220 4500 2498 4560 reportant
2544 4509 2558 4546 :
2612 4490 2701 4544 alii
2759 4506 2970 4544 rursum
3021 4506 3050 4544 a
3105 4489 3265 4543 lautis
3309 4489 3502 4552 caenis,

1910 4599 2111 4638 mensa:
2139 4582 2392 4651 reliquias
2413 4582 2731 4636 necessariis
2759 4582 2870 4636 suis
2899 4580 3137 4636 referunt
3161 4598 3174 4632 :
3208 4580 3285 4634 sic
3321 4579 3506 4649 utique

1910 4686 1966 4732 et
2008 4685 2063 4731 tu
2107 4675 2234 4730 hinc
2285 4674 2564 4739 recedens,
2608 4673 3028 4728 admonitionem
3077 4681 3290 4743 reporta
3345 4672 3503 4733 filiis,

1913 4770 2087 4835 uxori,
2120 4769 2443 4825 necessariis
2469 4767 2734 4822 omnibus.
2771 4766 2897 4820 Haec
2931 4767 3074 4820 enim
3105 4763 3418 4825 admonitio,
3453 4772 3507 4816 et

1913 4870 2086 4932 prato,
2113 4870 2168 4916 et
2206 4861 2482 4927 viridario,
2530 4870 2585 4915 et
2614 4875 2798 4914 mensa
2837 4859 3019 4913 utilior
3063 4866 3182 4912 est:
3226 4858 3308 4911 ha:
3343 4873 3503 4910 num-

1911 4972 2074 5025 quam
2092 4971 2230 5010 rosaa
2250 4963 2606 5018 marcescunt,
2637 4952 2688 5006 hi
2710 4966 2997 5020 numquam
3018 4949 3257 5005 defluunt
3279 4947 3504 5015 fructus,

1913 5046 2030 5100 haec
2055 5060 2341 5116 numquam
2370 5044 2566 5098 fercula
2597 5049 3010 5110 corrumpuntur
3034 5057 3046 5092 :
3075 5048 3130 5094 et
3152 5055 3226 5094 ex
3256 5040 3360 5094 illis
3389 5041 3508 5110 qui-

1913 5139 2037 5192 dem
2067 5137 2375 5208 temporalis
2411 5135 2716 5196 delectatio,
2744 5149 2806 5188 ex
2851 5132 2932 5186 his
2957 5146 3085 5187 vero
3113 5132 3365 5186 continua
3395 5131 3504 5185 uti-

1914 5228 2066 5294 litas,
2106 5243 2214 5282 non
2253 5234 2455 5280 tantum
2493 5234 2770 5294 postquam
2817 5221 3104 5292 adimpleta
3148 5223 3367 5289 fuerint,
3412 5221 3505 5275 scd

1914 5321 2076 5375 etiam
2103 5319 2228 5374 dum
2264 5317 2639 5387 adimplentur.
2671 5314 2854 5386 Cogita
2893 5317 3036 5372 enim
3081 5317 3238 5386 quale
3277 5325 3380 5379 est,
3417 5330 3504 5368 re-

1917 5410 2075 5480 liquis
2096 5409 2344 5464 omnibus
2370 5407 2583 5462 omissis
2610 5408 2834 5476 publicis
2858 5417 2911 5463 et
2938 5407 3180 5478 privatis,
3214 5406 3282 5460 de
3309 5403 3502 5458 divinis

1916 5517 2131 5571 semper
2159 5499 2362 5572 legibus
2399 5498 2696 5566 disserere,
2725 5509 2778 5555 et
2807 5500 3160 5563 ad'niensam,
3194 5509 3246 5552 et
3281 5497 3333 5550 in
3367 5495 3509 5578 foro,

1913 5607 1969 5652 et
2008 5597 2061 5650 in
2086 5595 2208 5650 aliis
2246 5595 2652 5650 conventiculis.
2681 5594 2738 5650 Si
2768 5595 2850 5671 his
2892 5607 3162 5652 vacemus,
3193 5588 3325 5644 nihil
3351 5587 3498 5644 dice—

1911 5705 2032 5744 mus
2060 5689 2443 5760 periculosum,
2474 5689 2605 5743 nihil
2641 5689 2879 5753 noxium,
2914 5699 3015 5740 nec
3059 5683 3208 5737 Inviti
3253 5681 3502 5754 peccabi-

1911 5795 2067 5848 mus;
2095 5781 2192 5837 sed
2217 5789 2272 5836 et
2295 5781 2608 5837 imminente
2631 5778 2839 5833 tristitia
2861 5773 3295 5831 scrmocinationi
3327 5771 3499 5827 dehis

1913 5880 2186 5944 vacantes,
2209 5873 2442 5928 animam
2469 5872 2697 5927 liberare
2716 5867 3033 5940 poterimus,
3053 5866 3216 5921 missa
3237 5879 3364 5921 cura
3393 5863 3502 5926 illa,

3122 5960 3160 6019 6
