3998 6418
472 398 533 453 9i
1203 397 1258 452 S.
1300 395 1580 454 JOANNIS
1618 393 2096 454 CllBYSOSTOMl
2137 389 2451 448 ARCHIEP.
2481 390 3018 452 CONSTANTINOP.
3111 405 3114 410 ‘
3735 399 3806 456 99

481 527 586 580 qua
627 510 842 566 solliciti
892 517 1074 564 mutuo
1123 510 1568 565 sciscitabamur:
1609 507 1879 578 Numquid
1926 516 2076 577 gesta

483 602 778 671 Imperator
807 599 1046 654 audivit?
1075 613 1140 652 an
1186 599 1424 654 irritatus
1468 599 1587 654 est?
1617 599 1742 669 quid
1789 612 1916 653 vero
1950 611 2078 651 sen-

487 695 667 749 tentia:
713 692 1112 762 pronuntiavit?
1161 692 1418 764 numquid
1463 693 1636 764 ipsum
1681 691 1946 763 quispiam
1988 705 2082 746 ex-

487 785 696 840 oravit?
710 784 965 854 numquid
993 799 1120 839 vero
1145 783 1277 839 feret
1302 783 1416 854 ipse
1443 793 1549 838 tam
1570 798 1816 853 magnam
1838 792 1892 836 et
1917 797 2081 851 popu-

490 876 659 930 losam
700 875 938 930 funditus
978 876 1248 930 civitatem
1296 875 1556 945 perdere?
1597 875 1720 930 Haec
1765 873 1980 944 quidem
2029 881 2083 928 ct

477 967 659 1023 omnia
693 968 816 1022 talia
848 968 900 1022 in
924 968 1092 1022 Deum
1117 968 1484 1038 projicientes,
1512 966 1680 1038 ipsius
1700 974 1903 1021 tantum
1927 980 2080 1020 man-

477 1060 597 1115 data
611 1075 864 1115 curemus
884 1078 897 1114 :
923 1062 1000 1117 sic
1017 1061 1160 1116 enim
1186 1069 1244 1116 et
1259 1061 1344 1115 illa
1358 1061 1537 1116 omnia
1554 1060 1908 1116 dissolvcmus
1929 1076 1945 1123 ;
1965 1067 2018 1113 ct
2039 1057 2084 1112 si

480 1155 562 1210 vel
581 1154 764 1210 decem
781 1163 984 1210 tantum
1003 1155 1053 1209 in
1073 1155 1223 1210 nobis
1239 1162 1386 1210 recte
1401 1154 1627 1224 egerint,
1646 1152 1791 1208 brevi
1807 1152 1881 1206 illi
1899 1152 2085 1205 decem

480 1246 667 1316 viginti
705 1245 862 1313 fient;
893 1246 1076 1317 viginti
1108 1245 1488 1317 quinquaginta
1515 1287 1528 1310 ,
1548 1245 1926 1316 quinquaginta
1960 1258 2088 1298 cen-

482 1344 618 1402 tum,
645 1345 859 1402 centum
881 1337 1049 1405 mille,
1082 1337 1227 1392 mille
1253 1345 1364 1392 tota
1398 1337 1604 1392 civitas.
1630 1336 1697 1390 Et
1726 1336 1864 1391 sicut
1899 1334 2086 1389 decem

482 1427 726 1484 accensis
768 1427 1002 1483 lucernis
1028 1442 1243 1483 onmem
1275 1427 1496 1483 domum
1534 1426 1736 1482 lumine
1771 1425 1928 1480 facile
1966 1424 2088 1495 quis

474 1517 717 1591 implere
760 1519 958 1588 poterit
997 1537 1010 1573 :
1053 1519 1132 1573 sic
1173 1529 1229 1573 et
1271 1519 1325 1573 in
1365 1517 1558 1573 officiis
1599 1516 1994 1588 Spiritualibus,
2041 1515 2087 1570 si

489 1607 675 1663 decem
705 1608 804 1663 soli
833 1617 978 1664 recte
1009 1610 1250 1680 egerint,
1280 1623 1463 1680 pyram
1493 1623 1588 1678 per
1621 1616 1783 1662 totam
1815 1608 2086 1662 civitatem

490 1698 836 1755 incendemus
859 1699 1144 1755 habentem
1169 1699 1371 1765 lumen,
1391 1708 1446 1756 et
1467 1700 1804 1755 securitatem
1830 1699 1986 1754 nobis
2005 1697 2087 1751 af-

487 1787 772 1846 ferentem.
798 1790 914 1845 Non
945 1791 1090 1846 enim
1121 1791 1199 1847 sic
1231 1791 1460 1848 flammae
1497 1801 1684 1846 natura
1716 1791 1770 1847 in
1807 1793 2088 1846 materiam

491 1885 710 1956 delapsa
750 1887 922 1943 vicina
964 1904 1178 1959 semper
1217 1889 1359 1960 ligna
1403 1891 1663 1958 incendit,
1701 1890 1840 1945 sicut
1880 1890 2090 1945 virtutis

487 1977 639 2033 zelus
678 1977 732 2033 in
761 1993 958 2049 paucas
999 1981 1181 2051 lapsus
1219 1983 1460 2048 animas,
1504 1982 1706 2039 sensim
1750 1981 2091 2052 procedendo

487 2083 702 2124 omnem
737 2069 962 2141 implere
1004 2072 1274 2128 civitatem
1309 2073 1528 2142 poterit.
1572 2073 1702 2128 Date
1748 2073 1928 2143 itaque
1959 2073 2089 2127 mihi

486 2169 544 2213 ut
578 2159 647 2214 de
684 2160 840 2216 vobis
865 2161 1100 2231 glorier,
1127 2173 1180 2218 et
1212 2164 1266 2218 in
1296 2166 1548 2234 praesenti
1575 2165 1705 2232 vita,
1735 2174 1790 2220 et
1819 2165 1873 2220 in
1912 2164 2092 2220 futuro

486 2249 594 2313 die,
622 2265 732 2322 quo
761 2251 964 2308 talenta
986 2253 1246 2310 habentes
1270 2255 1473 2311 credita
1501 2256 1912 2312 introducentur
1935 2273 1948 2311 :
1975 2256 2089 2312 suf-

489 2340 674 2395 ficiens
702 2341 832 2396 mihi
858 2342 1105 2399 laborum
1135 2359 1344 2401 merces
1359 2354 1536 2403 vestra
1565 2348 1805 2414 claritas,
1834 2358 1890 2404 et
1917 2350 1961 2403 si
1989 2363 2085 2402 vos

499 2451 624 2490 cum
661 2437 857 2506 pietate
897 2439 1139 2494 viventes
1185 2440 1401 2507 videro,
1451 2449 1620 2495 totum
1661 2442 1862 2512 recepi.
1906 2442 2087 2496 Facite
2169 2451 2186 2472 κ

489 2641 660 2696 QUOD
692 2643 1028 2688 TBISTITIE
1073 2646 1392 2691 AFFECTUS
1433 2647 1698 2692 TANTUM
1733 2647 1816 2690 Δῐ)
1859 2647 2123 2690 PECCATI
2167 2646 2701 2690 DESTRUCTIONEM
2745 2647 2846 2689 SIT
2888 2647 3092 2690 UTILIS

568 2741 635 2785 IN
677 2743 997 2787 PRINCIPIO
1038 2744 1227 2787 FECIT
1268 2745 1430 2789 DEUS
1471 2745 1702 2791 CELUM
1745 2747 1827 2789 ET
1868 2747 2154 2802 TERRAM,
2236 2747 2318 2788 ΕΤ
2385 2745 2556 2798 QUOD
2622 2746 2880 2790 MAXIMA
2951 2747 3437 2794 CONSOLATIONIS

1398 2851 1412 2890 :
1461 2850 1542 2892 ET
1585 2849 1784 2894 suum
1813 2849 2028 2907 ILLUD,
2075 2850 2277 2902 ADAM,
2325 2849 2432 2892 σω
2477 2832 2592 2892 ES?
2633 2849 2712 2890 ET
2756 2849 2838 2890 DE
2883 2848 3007 2892 NON
3049 2849 3342 2894 JUIIANDO
3385 2837 3426 2869 ³·

568 2843 942 2891 CREATIONIS
990 2847 1350 2892 APPARATUS

2188 505 2346 576 igitur
2369 505 2514 575 quod
2539 514 2592 560 et
2621 505 2734 560 heri
2761 505 3015 561 admonui
3035 548 3050 573 ,
3080 514 3136 562 et
3158 505 3320 563 hodie
3343 505 3551 573 dicam,
3584 522 3694 564 nec
3721 511 3807 564 di-

2183 611 2312 651 cens
2334 596 2605 666 quiescam
2637 613 2650 651 :
2677 605 2862 651 contra
2885 597 3127 666 jurantes
3149 595 3404 654 mulctam
3429 598 3804 668 definientes,

2185 689 2439 743 mulctam
2469 689 2694 752 lucrum,
2731 704 2837 744 non
2867 690 3120 745 damnum
3154 689 3480 746 habentem:
3517 707 3804 762 praepara-

2187 780 2316 834 mini
2343 779 2452 849 jam
2493 788 2762 849 tamquam
2799 781 2953 836 nobis
2981 780 3251 850 profectus
3289 782 3679 850 probationem
3711 783 3808 836 da-

2185 872 2312 925 turi.
2343 870 2590 926 Conabor
2616 872 2812 926 etenim
2841 872 2980 942 apud
3009 888 3274 942 quemque
3301 883 3543 928 vestrum
3578 875 3806 944 longum

2187 948 2503 1032 protrahere
2543 978 2844 1017 sermonem
2887 963 3108 1018 dimissa
3153 963 3255 1019 hac
3297 966 3604 1032 concione,
3659 975 3718 1019 ut
3753 966 3806 1020 in

2188 1055 2475 1108 verborum
2524 1054 2853 1124 longitudine
2893 1054 3207 1110 emendatos
3249 1056 3520 1111 inveniam
3550 1058 3614 1110 ιε
3663 1066 3719 1111 et
3761 1059 3806 1112 si

2189 1160 2346 1214 quem
2367 1144 2642 1214 jurantem
2671 1145 2876 1211 videro,
2901 1146 3154 1202 erunibus
3176 1146 3473 1202 emendatis
3498 1148 3689 1217 ipsum
3711 1148 3805 1202 de-

2189 1237 2412 1302 elarem,
2444 1247 2502 1291 ut
2528 1238 2890 1307 increpantes,
2917 1247 3224 1309 arguentes,
3251 1241 3618 1309 corrigentes,
3652 1241 3803 1296 brevi

2193 1327 2366 1397 ipsum
2386 1329 2522 1382 mala
2549 1328 2839 1384 liberemus
2859 1329 3267 1385 consuetudine.
3288 1330 3476 1386 Melius
3491 1341 3583 1386 est
3598 1333 3803 1386 ctenim

2193 1418 2280 1472 hic
2307 1418 2690 1488 exprobratum
2721 1420 2938 1489 corrigi,
2973 1435 3131 1490 quam
3169 1419 3259 1476 die
3288 1422 3376 1475 illa
3417 1422 3601 1491 palam
3621 1463 3636 1489 ,
3664 1438 3804 1491 prte-

2191 1523 2345 1568 sente
2386 1522 2498 1567 toto
2542 1512 2772 1579 mundo,
2817 1513 3075 1568 confundi
3107 1524 3266 1584 atque
3311 1500 3513 1585 puniri,
3559 1517 3806 1584 peccatis

2193 1604 2395 1658 nostris
2425 1603 2526 1657 sub
2553 1604 2791 1658 omnium
2837 1615 3056 1674 aspectu
3088 1605 3360 1660 revelatis.
3393 1605 3500 1661 Sed
3534 1606 3718 1672 absit,
3750 1617 3805 1660 ttt

2193 1697 2474 1767 quisquam
2505 1712 2572 1751 ex
2602 1697 2701 1752 hac
2751 1696 2978 1752 honesta
3005 1699 3266 1752 concione
3296 1699 3418 1752 talia
3446 1699 3664 1768 patiens
3695 1699 3802 1753 illic

2195 1797 2468 1858 appareat,
2500 1804 2683 1843 verum
2708 1798 3014 1843 sanctorum
3045 1799 3254 1858 patrum
3287 1790 3542 1858 precibus
3574 1801 3797 1859 peccata

2195 1880 2529 1950 corrigentes
2571 1881 2780 1944 omnia,
2813 1881 3142 1950 multumque
3175 1883 3390 1936 virtutis
3428 1881 3671 1936 fructum
3713 1898 3803 1934 ex—

2194 1970 2462 2038 hibentes,
2490 1986 2610 2026 cum
2637 1971 2802 2025 multa
2830 1971 2954 2026 hinc
2981 1971 3173 2026 fiducia
3199 1974 3515 2042 migremus,
3546 1972 3724 2043 gratia
3749 1981 3800 2026 et

2193 2074 2248 2120 et
2275 2065 2603 2135 benignitate
2634 2064 2844 2118 Domini
2883 2065 3053 2120 nostri
3084 2064 3213 2120 Jesu
3238 2066 3476 2134 Christi,
3513 2081 3613 2136 per
3642 2081 3800 2135 quem

2194 2166 2397 2213 etcum
2424 2173 2532 2228 quo
2577 2157 2717 2212 Patri
2756 2157 2926 2228 gloria
2952 2174 3056 2214 una
3093 2173 3216 2214 cum
3262 2167 3448 2214 sancto
3489 2159 3706 2232 Spiritu
3748 2159 3800 2214 itt

2198 2250 2392 2305 sarcula
2417 2249 2758 2306 saeculorum.
2795 2251 2982 2306 Amen.

2264 2407 2279 2436 ³
2317 2402 2457 2455 savii.
2484 2404 2633 2466 addit,
2657 2411 2701 2456 et
2724 2417 2817 2454 non
2838 2407 3135 2457 emendatos.

3139 2650 3154 2688 :
3203 2648 3285 2690 ET
3331 2647 3536 2691 summ
3583 2649 3793 2705 ern,

3507 2748 3794 2796 MATERIA

2045 2972 2308 3030 oo

1108 3126 1325 3167 ηοηιιιλ
1365 3127 1456 3168 νη.

565 3286 615 3340 1.
654 3284 817 3341 Multa
855 3287 1070 3357 quidem
1108 3295 1163 3345 et
1200 3286 1270 3343 de
1310 3288 1494 3344 multis
1525 3287 1639 3345 heri
1671 3290 1811 3360 apud
1853 3300 2087 3346 vestram

491 3374 720 3431 disserui
762 3379 1213 3434 charitatemzde
1233 3379 1413 3434 multis
1456 3393 1586 3434 vero
1625 3380 1670 3434 si
1714 3381 1892 3434 omnia
1938 3380 2090 3435 vobis

500 3465 734 3521 retinere
773 3467 914 3522 haud
954 3478 1037 3523 est
1075 3468 1259 3535 facile,
1293 3468 1423 3524 illud
1457 3470 1695 3524 omnium
1735 3471 1966 3525 maxime
1996 3485 2089 3526 vos

495 3556 804 3611 meminisse
847 3571 978 3628 rogo
1001 3599 1018 3624 ,
1047 3557 1189 3627 quod
1228 3559 1493 3614 tristitiam
1537 3560 1690 3614 nobis
1721 3561 1859 3615 Deus
1887 3575 1991 3615 non
2021 3560 2092 3616 ob

493 3646 638 3703 aliud
665 3647 913 3704 indiderit
934 3689 949 3716 ,
974 3650 1078 3705 nisi
1107 3659 1325 3721 propter
1350 3651 1524 3706 solum
1558 3662 1830 3722 peccatum
1857 3693 1870 3716 ,
1901 3663 1954 3707 et
1985 3653 2087 3708 hoc

503 3752 601 3807 per
625 3739 793 3809 ipsam
825 3755 1002 3795 rerum
1031 3741 1416 3811 experientiam
1446 3741 1884 3797 manifestaverit.
1912 3741 1969 3798 in
1997 3759 2090 3813 pc-

497 3829 774 3885 t-uniarum
803 3832 946 3886 enim
977 3831 1174 3886 mulcta
1200 3873 1216 3898 ,
1252 3840 1306 3888 et
1334 3843 1508 3887 morte
1527 3875 1542 3901 ,
1575 3844 1626 3888 et
1651 3833 1965 3904 aegritudine
1991 3874 2006 3902 ,
2037 3845 2093 3890 et

500 3921 620 3976 aliis
647 3921 801 3976 nobis
827 3921 1196 3992 ingruentibus
1223 3922 1482 3978 molestiis
1507 3923 1753 3980 dolentes
1781 3934 1836 3979 et
1860 3940 2095 3981 mceren-

498 4023 600 4081 tes,
618 4028 723 4068 non
743 4021 948 4069 tantum
965 4014 1164 4069 nullam
1181 4015 1602 4071 consolationem
1619 4016 1856 4086 capimus
1874 4059 1888 4083 ,
1906 4033 2090 4072 verum

497 4113 552 4158 et
578 4104 853 4160 molestias
877 4119 1166 4176 augemus;
1205 4105 1260 4160 in
1301 4106 1533 4177 peccatis
1573 4121 1702 4162 vero
1733 4107 1779 4161 si
1817 4107 2094 4163 doleamus

497 4204 556 4251 et
590 4198 1000 4266 contristemur,
1022 4198 1226 4268 peccati
1256 4198 1674 4270 magnitudinem
1704 4199 2013 4265 minuimus,
2041 4211 2095 4256 et

500 4286 641 4356 quod
671 4297 787 4344 erat
814 4304 1060 4360 magnum
1082 4330 1098 4357 ,
1129 4288 1405 4345 reddimus
1431 4305 1688 4361 parvum;
1718 4305 1861 4360 sarpe
1890 4305 2018 4346 vero
2041 4299 2096 4347 et

497 4380 736 4436 funditus
752 4383 926 4451 ipsum
945 4390 1112 4438 totum
1135 4382 1394 4438 delemus.
1416 4382 1529 4438 Hoc
1549 4381 1680 4437 mihi
1697 4382 1909 4438 assidue
1924 4398 2096 4440 recor-

496 4472 716 4537 damini,
735 4481 793 4528 ut
811 4475 880 4528 ob
898 4483 1174 4543 peccatum
1199 4483 1402 4529 tantum
1425 4474 1670 4542 deleatis,
1692 4475 1890 4529 nullam
1915 4484 2094 4528 autem

498 4561 571 4616 ob
597 4577 710 4616 rem
735 4571 991 4634 praeterea
1019 4572 1110 4618 :et
1145 4574 1341 4634 praeter
1377 4564 1478 4619 hoc
1514 4565 1641 4620 illud
1676 4581 1888 4636 quoque
1911 4605 1927 4632 ,
1953 4566 2094 4636 quod

500 4662 729 4710 mortem
770 4655 826 4709 et
853 4654 1122 4709 tristitiam
1158 4655 1212 4710 in
1243 4656 1403 4709 vitam
1436 4665 1673 4710 nostram
1703 4665 1979 4726 peccatum
2011 4659 2094 4712 in-

500 4744 680 4812 ferens
703 4787 727 4813 ,.
761 4745 831 4802 ab
869 4745 954 4801 his
993 4746 1253 4802 ambobus
1294 4746 1528 4802 vicissim
1569 4747 1867 4802 destruitur
1904 4767 1916 4802 :
1953 4748 2098 4818 quod

499 4836 712 4906 quidem
743 4838 918 4910 ipsum
949 4838 1286 4895 manifestius
1313 4849 1368 4894 et
1395 4847 1550 4895 antea
1587 4839 2094 4897 demonstravimus.

505 4927 649 4985 Nihil
674 4931 834 5001 igitur
861 4931 941 4987 sic
970 4932 1271 5000 timeamus,
1303 4939 1362 4986 ut
1387 4939 1661 5002 peccatum
1692 4941 1746 4986 et
1771 4931 2094 5001 praevarica-

507 5020 731 5077 tionem.
762 5022 842 5078 Ne
867 5023 1152 5079 timeamus
1175 5037 1408 5093 poenam,
1431 5031 1486 5078 et
1505 5037 1719 5094 penam
1739 5023 2055 5094 effugiemus
2081 5043 2094 5079 :

501 5114 641 5170 sicut
659 5122 714 5170 et
735 5123 844 5172 tres
865 5115 939 5170 illi
959 5117 1230 5186 puerinon
1251 5115 1907 5185 timueruntfornacem,et
1922 5115 2100 5172 forna-

499 5219 621 5261 cem
652 5205 952 5278 eﬂ'ugerunt
979 5225 992 5261 :
1023 5209 1157 5265 tales
1181 5225 1301 5267 esse
1323 5211 1479 5266 decet
1501 5208 1595 5266 Dei
1619 5223 1823 5266 servos.
1873 5209 1930 5266 Si
1953 5210 2096 5265 enim

503 5311 560 5354 in
588 5301 758 5356 veteri
787 5299 1130 5358 Testamento
1158 5302 1366 5360 educati
1389 5343 1408 5372 ,
1447 5302 1659 5375 quando
1687 5301 1920 5358 nondum
1951 5317 2098 5359 mors

567 5461 586 5492 ’
620 5458 831 5524 mulum
845 5461 918 5511 sic
938 5459 1152 5524 eﬂ'erunt
1166 5468 1271 5512 Sav.
1294 5469 1346 5513 et
1359 5461 1458 5513 duo
1473 5462 1670 5512 codices
1686 5474 1700 5511 :
1722 5460 1950 5524 Ejusdem
1966 5472 2099 5510 com-

507 5523 788 5588 memoratio
810 5534 976 5572 rerum
1004 5523 1116 5586 jam
1137 5525 1214 5588 ab
1235 5525 1341 5588 ipso
1360 5531 1502 5575 antea
1541 5523 1783 5576 dictarunt
1805 5535 2099 5588 consecrem-

511 5587 584 5648 ιρι·
611 5593 637 5652 ε⁸
646 5584 780 5652 quod.
803 5583 1054 5652 peceatum
1075 5583 1523 5652 soluat,'po§tquam
1561 5590 1764 5652 mortem
1785 5590 1830 5634 et
1853 5583 2101 5652 tristitiam

517 5644 571 5688 in
593 5644 1051 5712 vitamjrttroduait,
1078 5660 1168 5712 per
1323 5644 1454 5711 ipsas
1476 5659 1647 5697 rursus
1669 5647 1926 5709 aufertur;
1949 5651 1996 5696 et
2017 5659 2100 5712 su-_

512 5713 599 5773 per
621 5703 745 5756 illud
773 5719 793 5757 :
823 5724 846 5753 ι
871 5715 932 5773 ιη.
949 5703 1191 5773 prﬁdith
1209 5703 1565 5773 fecit
1601 5703 1783 5773 terrain
1797 5721 1818 5768 ;
1838 5723 1862 5753 ι
1893 5703 1951 5773 _e_t
1971 5710 2099 5773 quod

517 5769 660 5840 ρεςκς
701 5767 962 5840 ποτιπηοάά
983 5767 1307 5840 Imaum:
1325 5783 1412 5822 nos
1435 5777 1483 5823 ει
1505 5767 1805 5840 teneram:
2012 5767 2102 5819 sed

514 5829 956 5936 ilum-castigant,
994 5845 1130 5897 teque
1151 5829 1226 5887 ἐει
1261 5832 1407 5886 bonus
1424 5846 1444 5900 ,°
1476 5839 1524 5888 et
1555 5829 1632 5890 de
1651 5829 1938 5885 abstinentia
1955 5829 2102 5896 jura-

2200 3123 2315 3170 erat
2337 3114 2672 3181 mortificata,
2691 3125 2788 3168 nec
2807 3127 2962 3167 aerea?
2983 3119 3149 3183 portae
3171 3111 3476 3177 confractae,
3496 3125 3602 3168 nec
3624 3119 3792 3166 vectes

2200 3203 2360 3261 ferrei
2386 3207 2636 3271 contriti,
2670 3215 2776 3260 tam
2808 3218 3121 3276 generosam
3152 3212 3337 3258 contra
3366 3210 3601 3259 mortem
3631 3203 3790 3258 auda-

2197 3296 2336 3352 ciam
2368 3313 2478 3366 prze
2504 3313 2563 3353 se
2592 3298 2759 3353 tulere
2789 3314 2803 3351 :
2831 3311 2989 3365 quam
3024 3311 3121 3350 nos
3148 3294 3461 3350 habebimus
3487 3293 3790 3349 excusatio-

2198 3405 2321 3445 nem
2347 3433 2362 3458 ,
2395 3401 2485 3445 aut
2525 3406 2684 3461 quam
2727 3389 2937 3446 veniam
2965 3430 2979 3454 ,
3015 3397 3212 3442 tantam
3259 3387 3401 3442 nacti
3443 3387 3670 3457 gratiam
3695 3426 3711 3449 ,
3739 3392 3791 3440 et

2199 3497 2370 3553 neque
2400 3497 2555 3553 pares
2585 3483 2690 3536 illis
2720 3481 2932 3536 virtutis
2959 3479 3154 3551 gradus
3182 3463 3322 3533 nunc
3348 3479 3648 3548 assequuti,
3675 3493 3788 3532 cum

2200 3591 2346 3631 mors
2371 3591 2566 3630 nomen
2597 3575 2769 3630 solum
2795 3575 2863 3629 sit
2889 3589 2948 3629 re
2975 3573 3238 3644 privatum
3262 3572 3285 3624 ?
3314 3570 3452 3625 Nihil
3481 3571 3631 3625 enim
3655 3568 3788 3623 aliud

2201 3684 2347 3724 mors
2373 3679 2476 3736 est,
2505 3685 2666 3739 quam
2692 3683 2934 3734 somnus,
2963 3676 3016 3722 et
3040 3666 3302 3735 migratio,
3331 3674 3384 3720 et
3411 3665 3710 3729 translatio,
3739 3670 3789 3716 et

2200 3762 2411 3832 requies
2429 3801 2442 3826 ,
2470 3771 2525 3817 et
2555 3762 2872 3832 tranquillus
2899 3769 3104 3831 portus,
3136 3769 3189 3814 et
3217 3757 3634 3828 perturbationis
3659 3756 3787 3812 libe-

2201 3831 2338 3908 ratio
2362 3831 2465 3918 ,Net
2491 3867 2522 3906 a
2553 3853 2672 3906 vita:
2694 3831 2844 3906 curis
2871 3848 3262 3904 absolutio.Sed
3292 3848 3382 3903 hic
3409 3845 3786 3903 consolationis

2200 3959 2503 4000 sermonem
2551 3944 2820 3999 solvamus
2850 3961 2863 3998 :
2891 3943 3088 3998 etenim
3119 3942 3358 4012 quintam
3398 3941 3542 3995 diem
3589 3941 3786 4011 agimus

2199 4048 2434 4094 vestram
2463 4039 2801 4093 consolantes
2823 4035 3238 4103 eharitatem,ct
3251 4035 3361 4105 jam
3400 4035 3615 4090 molesti
3645 4033 3784 4087 vidc-

2201 4146 2339 4185 mur.
2369 4131 2602 4186 Attentis
2626 4130 2768 4185 enim
2799 4130 2940 4184 dicta
2964 4127 3234 4184 sufficiunt
3259 4170 3273 4194 ,
3305 4127 3664 4199 pusillanimis
3692 4139 3786 4178 au-

2202 4231 2309 4276 tem
2331 4264 2346 4290 ,
2375 4221 2585 4278 etiamsi
2628 4222 2786 4276 dictis
2817 4220 2965 4290 plura
3012 4219 3273 4274 addamus
3300 4259 3314 4283 ,
3347 4218 3481 4272 nihil
3510 4213 3782 4288 profuerit.

2203 4313 2437 4383 Tempus
2456 4328 2585 4368 vero
2605 4311 2759 4368 nobis
2773 4312 2881 4380 jam
2899 4310 2966 4365 ad
2985 4310 3380 4379 Scripturarum
3403 4307 3782 4376 expositionem

2202 4413 2520 4460 convertere
2559 4403 2855 4458 doctrinam
2891 4419 2904 4455 :
2936 4398 3384 4472 quemadmodum
3415 4399 3559 4454 enim
3590 4399 3634 4455 si
3661 4393 3784 4451 nihil

2202 4495 2270 4550 de
2298 4494 2396 4550 hac
2422 4509 2658 4549 aerumna
2685 4493 2888 4561 loquuti
2918 4505 3178 4556 essemus,
3206 4490 3537 4544 crudelitatis
3561 4499 3614 4544 et
3639 4486 3782 4542 inhu-

2203 4588 2472 4642 manitatis
2499 4603 2595 4642 nos
2623 4585 2815 4657 aliquis
2838 4585 3249 4640 condemnasset
3275 4603 3287 4638 :
3311 4583 3389 4638 sic
3417 4583 3461 4637 si
3488 4597 3698 4652 semper
3721 4578 3783 4633 de

2205 4679 2316 4749 ipsa
2344 4677 2696 4743 disseramus,
2729 4676 3174 4746 pusillanimitatis
3196 4674 3316 4744 jure
3344 4689 3442 4729 nos
3470 4674 3783 4729 condemna-

2205 4779 2307 4825 ret.
2351 4769 2521 4824 Corda
2565 4769 2722 4839 igitur
2761 4777 2937 4823 vestra
2977 4767 3086 4822 Deo
3115 4765 3551 4822 commendantes
3575 4807 3588 4830 ,
3618 4763 3703 4835 qui
3732 4761 3778 4815 ia

2205 4870 2385 4916 mente
2411 4870 2587 4916 vestra
2623 4860 2763 4930 loqui
2796 4869 3006 4930 potest,
3035 4867 3092 4914 et
3119 4873 3334 4913 omnem
3360 4873 3426 4913 ex
3460 4867 3673 4928 pectore
3698 4853 3780 4907 tri-

2205 4952 2402 5006 stitiam
2433 4951 2709 5022 expellere
2734 4993 2748 5018 ,
2781 4961 3090 5007 consuetam
3132 4949 3428 5004 doctrinam
3462 4965 3600 5004 nunc
3634 4946 3779 5001 attin-

2203 5058 2394 5114 gamus
2416 5084 2430 5109 ,
2474 5043 2706 5098 maxime
2743 5041 2955 5112 quando
2993 5041 3168 5096 omnis
3204 5039 3496 5110 Scriptura;
3531 5033 3780 5109 expositio

2205 5135 2506 5194 exhortatio
2533 5144 2615 5190 est
2641 5143 2698 5191 et
2725 5134 3038 5190 consolatio.
3074 5134 3255 5203 Itaque
3287 5133 3386 5187 etsi
3412 5147 3443 5187 a
3467 5125 3780 5188 consolando

2205 5228 2468 5286 absistere
2494 5229 2739 5285 videmur
2755 5273 2770 5298 ,
2797 5243 3008 5284 rursum
3034 5240 3134 5298 per
3159 5225 3551 5296 Scripturarum
3577 5219 3780 5292 exposi-

2207 5321 2408 5378 tionem
2448 5321 2501 5376 in
2543 5321 2786 5376 eamdem
2821 5319 3100 5375 materiam
3140 5317 3437 5372 incidimus.
3471 5314 3622 5383 Quod
3647 5305 3777 5367 enim

2206 5424 2442 5473 mentem
2480 5414 2857 5471 adhibentibus
2901 5421 3008 5467 tota
3050 5411 3324 5481 Scriptura
3356 5407 3647 5465 consolatio
3675 5404 3736 5456 sit
3763 5438 3776 5462 ν

2203 5509 2314 5580 jam
2337 5524 2478 5562 nunc
2500 5507 2650 5562 vobis
2672 5507 2844 5577 palam
2869 5506 3075 5560 faciam.
3098 5503 3216 5559 Non
3237 5502 3378 5558 enim
3399 5501 3775 5571 Scripturarum

2209 5602 2489 5664 historiam
2517 5599 2856 5664 circumiens,
2890 5597 3147 5668 quosdam
3175 5593 3562 5650 consolatorios
3585 5595 3776 5645 sermo-

2207 5709 2304 5751 nes
2328 5707 2569 5764 qutcrere
2593 5691 2856 5757 conabor;
2886 5689 2978 5745 sed
3004 5697 3064 5744 ut
3086 5686 3403 5759 apertiorem
3427 5671 3776 5756 promissionis

2207 5783 2720 5842 demonstrationem
2767 5781 3070 5854 praebeam,
3112 5777 3273 5834 hodie
3318 5777 3512 5833 lectum
3558 5764 3776 5828 tractabo

2206 5880 2401 5938 librum
2434 5894 2447 5934 :
2481 5883 2535 5934 et
2559 5875 2605 5934 si
2627 5875 2790 5946 libet,
2817 5874 2981 5948 ipsius
3008 5873 3326 5946 principium
3354 5880 3406 5929 et
3431 5864 3762 5939 prcmmicm.
