3998 6432
321 448 385 506 Μ
1337 447 1430 502 AD
1467 438 1796 501 PUPULUM
1841 442 2346 499 Ah'l'lUCﬂENUM
2388 442 2625 499 HOMIL.
2662 440 2772 499 VH.
3742 443 3813 498 9‘1

324 579 425 635 μιν
455 562 818 626 ἐπικίνδυνον,
847 563 967 618 οὐδὲ
1021 562 1315 635 σφαλερὸν,
1346 562 1458 616 οὐδ’
1491 562 1717 625 ἄκοντες
1762 560 2018 630 ἁμαρτη-

324 641 551 713 σόμεθα,
591 642 730 697 ἀλλά
776 645 872 697 καὶ
912 645 1012 715 τῆς
1043 641 1401 714 ἐπικειμένης
1430 640 1670 711 ἀθυμίας
1696 641 1755 692 ἐν
1786 641 1853 709 τῇ
1889 638 2014 709 περὶ

322 720 528 774 τούτων
569 720 802 787 διαλέξει
847 722 1223 793 σχολάζοντες,
1254 721 1354 794 τὴν
1406 720 1585 792 ψυχὴν
1640 718 2013 786 ὑπεξαγαγεῖν

322 800 687 872 δυνησόμεθα,
718 803 840 856 ἀντὶ
892 802 994 873 τῆς
1044 802 1326 875 φροντίδος
1376 796 1446 875 ἦς
1486 797 1847 873 φροντίζομεν
1881 798 2019 870 πρὸς

325 877 590 951 ἀλλήλους
617 881 705 934 ἀεὶ
734 881 985 951 λέγοντες
1005 897 1018 911 ·
1050 878 1121 935 ’Δ
1132 899 1200 952 ρα
1231 883 1466 953 ἡκουσεν
1497 884 1526 935 ὀ
1549 878 1801 952 βασιλεὺς
1822 876 1892 930 τὰ
1928 893 2022 945 γε-

324 959 636 1029 γενημένα;
662 957 773 1032 ἆρα
813 960 1181 1035 παρωξύνθη;
1214 962 1268 1016 τί
1296 962 1353 1016 δὲ
1373 961 1711 1033 ἐψηφίσατο;
1742 954 1853 1029 ἆρα
1878 972 2017 1035 παρέ

325 1037 556 1093 εκάλεσέ
577 1056 662 1104 τις
682 1041 878 1104 αὑτόνς
905 1041 958 1095 τί
981 1042 1059 1108 δέ,
1091 1033 1256 1107 αύτὸς
1281 1041 1533 1107 ἀνέξεται
1564 1038 1720 1094 πόλιν
1749 1035 1893 1091 οὕτω
1917 1033 2014 1088 καὶ

328 1117 575 1188 μεγάλην
596 1120 693 1172 καί
708 1119 1134 1193 πολυάνθρωπον
1168 1121 1431 1190 ἀφανίσαι
1458 1120 1676 1184 τέλεον;
1701 1113 1889 1171 Ταῦτα
1915 1114 2016 1186 μὲν

324 1198 422 1253 καὶ
466 1197 536 1251 τά
576 1197 806 1252 τοιαῦτα
851 1201 1030 1255 πάντα
1058 1200 1152 1255 ἐπὶ
1187 1200 1281 1255 τὸν
1316 1200 1449 1255 Θεὸν
1484 1199 1760 1272 ῥίψαντες,
1786 1194 1855 1249 τά
1884 1195 2016 1267 παρ’

324 1276 493 1331 αὑτοῦ
519 1279 972 1351 προστεταγμένα
1010 1279 1364 1352 μεριμνῶμεν
1387 1279 1548 1351 μόνον
1565 1294 1580 1309 ο
1604 1274 1748 1331 οὕτω
1780 1275 1891 1348 γὰρ
1914 1276 2017 1328 κά-

324 1358 480 1409 κεῖνα
511 1356 917 1429 διαλυσόμεθαει
946 1357 1065 1433 [84]
1096 1360 1295 1429 πάντα,
1334 1356 1439 1412 κᾶν
1471 1356 1605 1411 δέκα
1634 1359 1692 1409 ἐν
1715 1358 1849 1427 ἡμῖν
1879 1371 2009 1408 κατ-

323 1434 608 1508 ορθώσωσι
645 1437 825 1507 μόνον,
858 1438 1073 1510 ταχέως
1118 1438 1322 1491 εἴκοσιν
1345 1438 1393 1491 υἱ
1421 1437 1552 1491 δέκα
1576 1436 1917 1506 γενήσονται,
1960 1437 2012 1490 οἱ

327 1514 504 1569 εἴκοσι
532 1519 887 1588 πεντήκοντα,
918 1521 965 1570 οἱ
996 1518 1337 1589 πεντήκοντα
1374 1516 1592 1576 ἑκατὸν,
1623 1517 1673 1569 οἱ
1709 1514 1901 1567 ἑκατὸν
1932 1512 2017 1583 χί-

322 1594 451 1659 λιοι,
481 1597 528 1647 οί
562 1595 722 1665 χίλιοι
758 1599 909 1650 πᾶσα
935 1599 968 1668 ἡ
1000 1597 1173 1660 πόλις.
1204 1598 1313 1649 Καὶ
1339 1596 1592 1667 καθάπερ
1633 1595 1766 1647 δέκα
1815 1592 2017 1662 ἀφθὲν-

322 1689 434 1728 των
471 1673 702 1745 λύχνων,
738 1676 933 1749 ῥᾳδίως
955 1674 1055 1746 τὴν
1087 1676 1263 1729 οίκίαν
1308 1675 1526 1729 ἃπασαν
1549 1673 1828 1744 ἐμπλῆσαι
1854 1672 2016 1740 δυνή-

327 1753 481 1808 σεται
510 1771 595 1818 τις
627 1754 721 1808 τοῦ
751 1754 929 1824 φωτός
951 1771 966 1786 ο
995 1754 1139 1808 οὕτω
1164 1753 1227 1824 δὴ
1256 1757 1351 1808 καὶ
1379 1754 1472 1807 ἐπὶ
1504 1754 1613 1806 τῶν
1654 1751 2015 1823 κατορθωμά-

323 1849 433 1886 των
486 1833 594 1886 τῶν
647 1833 1057 1904 πνευματικῶν,
1089 1832 1157 1888 ἂν
1203 1831 1339 1887 δέκα
1390 1830 1778 1903 κατορθώσωσι
1834 1832 2008 1900 μόνοι,

325 1910 507 1983 πυράν
534 1912 829 1985 ὁλόκληρον
862 1914 943 1977 είς
988 1912 1087 1985 τὴν
1119 1911 1274 1965 πόλιν
1303 1911 1582 1982 ἀνάψομεν
1616 1909 1731 1979 φῶς
1756 1908 2007 1980 ἔχουσαν,

325 1982 420 2046 καὶ
450 1982 752 2058 ἀσφάλειαν
780 1994 915 2063 ἡμῖν
943 1982 1299 2063 κομίζουσαν.
1339 1991 1413 2043 Ού
1440 1989 1549 2061 γάρ
1581 1988 1724 2042 οὕτω
1752 1989 1851 2060 τῆς
1877 1988 2011 2057 φλο-

318 2069 419 2139 γὸς
443 2073 477 2141 ἡ
500 2070 663 2139 φύσις
684 2072 764 2136 εἰς
797 2070 928 2141 ὕλην
958 2069 1424 2141 ἐμπεσοῦσα,τῶν
1453 2069 1778 2139 ἐγγιζόντων
1806 2069 1890 2122 ἀεὶ
1919 2067 2009 2133 ξύ-

323 2148 431 2204 λων
457 2149 708 2217 ἅπτεται,
742 2150 818 2215 ὡς
846 2152 1045 2223 ἀρετῆς
1074 2150 1256 2222 ζῆλος,
1300 2150 1381 2211 εἰς
1405 2150 1586 2220 ψυχὰς
1617 2148 1804 2217 ὀλίγας
1838 2150 2010 2218 ἐμπε-

325 2227 456 2293 σὼν,
496 2229 602 2301 ὁδῷ
641 2230 954 2302 προϐαίνων
996 2231 1177 2284 πᾶσαν
1216 2229 1496 2301 ἐμπλῆσαι
1525 2231 1626 2300 τὴν
1658 2229 1812 2281 πόλιν
1849 2226 2009 2298 δυνή-

325 2324 499 2362 σεται.
529 2310 661 2363 Δότε
683 2310 862 2363 τοίνυν
887 2309 1012 2380 ἐμοὶ
1039 2311 1421 2381 καυχήσασθαι
1448 2308 1533 2377 ἐφ’
1563 2309 1714 2377 ὑμῖν,
1742 2307 1836 2362 καὶ
1867 2306 2010 2361 κατά

321 2388 414 2443 τδν
448 2388 692 2461 παρόντα
720 2389 854 2459 βίον,
891 2391 984 2443 καὶ
1012 2389 1156 2443 κατά
1181 2390 1285 2461 τὴν
1308 2387 1606 2459 μέλλουσαν
1629 2387 1862 2457 ἡμέραν.
1882 2388 2010 2440 ὅταν

321 2470 374 2524 οί
405 2469 476 2524 τά
501 2469 741 2524 τάλαντα
768 2468 1227 2541 ἐμπιστευθέντες
1255 2468 1587 2537 είσάγωνται
1611 2484 1625 2498 ο
1665 2465 1853 2538 ἀρκῶν
1886 2466 2013 2537 ἐμοὶ

385 2565 417 2596 ⁸
439 2567 596 2617 Savil.
622 2573 679 2617 et.
697 2566 891 2629 aliquot
912 2578 1031 2615 mss.
1062 2565 1401 2630 διαλυσόμεθα,
1430 2564 1552 2614 Mor.
1580 2570 1636 2614 et
1665 2562 1748 2612 alii
1774 2562 2008 2611 διαλύσει.

2123 558 2315 629 μισθὸς
2344 559 2456 613 τῶν
2480 559 2659 613 πόνων
2686 560 2720 628 ἡ
2750 557 2994 628 ὑμετέρα
3022 555 3395 628 εὖδοκίμησις,
3425 554 3526 609 κᾶν
3551 555 3643 609 ίδω
3664 558 3808 628 ὑμᾶς

2120 642 2241 714 μετ’
2274 642 2599 706 εύσεϐείαςὶ)
2642 641 2871 706 ζῶντας,
2916 640 2981 693 τὸ
3030 641 3141 694 πᾶν
3181 638 3481 710 ἀπείληφα.
3538 638 3809 710 Ποιήσατε

2127 723 2318 785 τοίνυν,
2352 722 2383 776 ὃ
2429 723 2527 776 καὶ
2561 721 2690 793 χθὲς
2719 720 3006 792 παρῄνεσά
3044 736 3108 774 τε
3148 720 3243 773 καὶ
3276 720 3517 791 σήμερον
3551 718 3685 791 ἐρῶ,
3713 720 3811 773 καὶ

2120 802 2291 872 λέγων
2311 802 2372 855 οὐ
2400 801 2684 872 παύσομαι
2699 819 2712 833 ⁸
2743 799 3043 871 καταδίκην
3065 797 3207 852 κατὰ
3227 796 3337 852 τῶν
3359 796 3672 868 όμνυόντων
3692 797 3810 868 ὁρίο

2116 898 2330 947 σαντες,
2367 882 2666 952 καταδίκην
2719 878 2912 951 κέρδος
2954 877 3204 949 ἔχουσαν,
3240 877 3302 930 οὺ
3343 875 3569 948 ζημίαν,
3614 893 3807 948 παρα-

2120 960 2462 1015 σκευάσασθε
2493 960 2677 1015 λοιπὸν
2710 960 2785 1023 ὡς
2814 957 3042 1028 δοκιμὴν
3084 960 3214 1029 ἡμῖν
3244 955 3506 1020 δώσοντες
3546 955 3641 1010 τοῦ
3672 969 3807 1010 κατ-

2116 1039 2457 1111 ορθώματος.
2492 1040 2604 1093 Καὶ
2647 1038 2754 1111 γὰρ
2792 1037 3127 1110 πειράσομαι
3189 1034 3326 1106 πρὸς
3372 1034 3605 1089 ἕκαστον
3649 1034 3808 1106 ὑμῶν

2121 1118 2330 1190 μακρὸν
2362 1120 2644 1173 ἀποτεῖναι
2688 1117 2847 1187 λόγον
2887 1114 2982 1170 τοῦ
3012 1115 3268 1185 συλλόγου
3300 1114 3495 1167 τούτου
3528 1114 3809 1167 διαλυθέν.

2115 1215 2227 1262 τος,
2249 1199 2336 1252 ἵνα
2361 1200 2419 1252 ἐν
2437 1197 2516 1269 τῷ
2541 1199 2704 1270 μήκει
2724 1197 2833 1250 τῶν
2855 1196 3168 1266 λεγομένων
3192 1194 3251 1249 εὖ
3261 1212 3337 1266 ρω
3358 1194 3484 1258 τοὺς
3506 1193 3809 1267 κατωρθω-

2117 1279 2283 1342 κότας
2307 1288 2328 1318 ο
2349 1295 2361 1309 ·
2395 1279 2496 1332 κᾶν
2523 1279 2616 1332 ἴδω
2644 1278 2765 1332 τινὰ
2795 1277 3089 1347 ὀμνύοντα,
3118 1276 3325 1329 ἅπασιν
3351 1275 3515 1327 αὐτὸν
3539 1276 3651 1336 τοῖς
3676 1290 3809 1328 κατ·

2117 1356 2405 1429 ωρθωκόσι
2436 1360 2647 1429 ποιήσω
2677 1357 2930 1428 φανερὸν,
2953 1357 3039 1409 ἵνα
3067 1352 3451 1424 ἐπιτιμῶντες,
3469 1352 3807 1423 ἐλέγχοντες,

2115 1438 2480 1512 διορθοῦντες,
2514 1439 2727 1509 ταχέως
2758 1436 2922 1491 αὑτὸν
2971 1436 3074 1505 τῆς
3117 1435 3364 1505 πονηρᾶς
3407 1431 3809 1501 ἀπαλλάξωμεν

2117 1520 2425 1591 συνηθείας.
2457 1521 2565 1572 Καί
2609 1518 2719 1588 γὰρ
2766 1518 2972 1588 βέλτιον
3007 1515 3242 1570 ἐνταῦθα
3277 1513 3640 1567 ὀνειδισθέντα
3663 1513 3808 1581 διορ.

2116 1598 2415 1663 θώσασθαι,
2447 1599 2481 1670 ἡ
2508 1598 2647 1652 κατά
2680 1599 2781 1667 τὴν
2818 1600 3031 1669 ἡμέραν
3070 1596 3287 1664 ἐκείνην
3318 1596 3470 1664 κοινῇ
3500 1593 3599 1663 τῆς
3627 1593 3807 1645 οίκου.

2117 1678 2288 1749 μένης
2340 1678 2559 1747 ἀπάσης
2604 1676 2886 1747 παρούσης
2930 1677 3261 1746 ἀσχημονεῖν
3313 1674 3407 1726 καὶ
3458 1671 3805 1737 κολάζεσθαι,

2112 1756 2222 1810 τῶν
2257 1757 2672 1828 ἁμαρτημάτων
2700 1758 2831 1826 ἡμῖν
2871 1755 2976 1808 ὑπὸ
3018 1757 3131 1817 τοῖς
3172 1752 3426 1807 ἁπάντων
3462 1751 3805 1806 ἐκκαλυπτο-

2118 1836 2296 1908 μένων
2343 1834 2843 1906 όφθαλμοῖ;.Ἀλλά
2889 1835 2963 1906 μὴ
3002 1833 3216 1903 γένοιτο
3266 1831 3358 1886 τοῦ
3401 1830 3567 1885 καλοῦ
3612 1831 3805 1889 τούτου

2117 1915 2377 1985 συλλόγου
2429 1916 2665 1986 φανῆναί
2696 1932 2818 1968 τινα
2858 1916 2975 1968 ἐκεῖ
3019 1914 3193 1967 ταῦτα
3237 1913 3540 1983 πάσχοντα,
3575 1910 3689 1965 ἀλλ’
3718 1911 3810 1964 εὑ.

2113 1999 2241 2067 χαῖς
2272 1995 2381 2050 τῶν
2409 1995 2582 2065 ἁγίων
2618 1993 2871 2064 πατέρων
2897 1994 3114 2047 ᾶπαντα
3149 1993 3217 2047 τὰ
3247 1991 3622 2063 ἁμαρτήματα
3661 1990 3809 2061 διορ-

2114 2075 2444 2148 θωσάμενοι,
2479 2073 2687 2128 καὶτὸν
2714 2074 2811 2143 τῆς
2838 2072 3043 2144 ἀρετῆς
3076 2072 3288 2144 καρπὸν
3321 2071 3491 2125 πολὺν
3533 2068 3803 2133 ἐπιδειξά-

2117 2172 2288 2227 μενοι,
2334 2154 2474 2226 μετά
2526 2153 2725 2225 πολλῆς
2772 2153 3028 2206 ἐντεῦθεν
3077 2151 3412 2222 ἀπέλθοιμεν
3464 2149 3809 2227 παρρησίας,

2112 2226 2298 2306 χάριτι
2325 2235 2418 2287 καὶ
2448 2232 2834 2304 φιλανθρωπίᾳ.
2880 2231 2975 2285 τοῦ
3007 2231 3215 2302 Κυρίου
3243 2230 3406 2302 ήμῶν
3449 2228 3624 2306 Ἰησοῦ
3654 2226 3811 2306 Χρι-

2114 2305 2262 2377 στοῦ,
2290 2314 2356 2367 δι’
2384 2309 2444 2369 οὗ
2480 2314 2574 2367 καὶ
2610 2312 2727 2384 μεθ’
2760 2307 2822 2366 οῦ
2849 2310 2928 2382 τῷ
2953 2312 3131 2382 Πατρὶ
3167 2312 3201 2381 ἡ
3230 2310 3382 2377 δόξα,
3413 2308 3531 2379 ἅμα
3554 2305 3633 2379 τῷ
3663 2305 3809 2378 ἁγίῳ

2113 2393 2417 2465 Πνεύματι,
2447 2396 2527 2457 εἰς
2552 2392 2679 2455 τοὺς
2710 2391 2915 2455 αίῶνας
2944 2389 3055 2444 τῶν
3080 2388 3313 2445 αἰώνων.
3335 2388 3529 2460 ³Δμήν.

2180 2496 2207 2535 δ
2234 2499 2332 2548 Alii
2360 2496 2621 2553 εὐλαϐείας.

2177 2563 2200 2592 ⁸
2228 2561 2380 2610 Addit
2402 2561 2553 2610 Savil.
2588 2559 2671 2607 καὶ
2695 2558 2806 2614 τοὺς
2828 2559 2893 2622 μή
2927 2557 3319 2622 κατωρθωκότας.

425 2659 3695 2693 MM

317 2750 348 2782 ⁸
374 2754 495 2807 Ὅτι
530 2754 600 2808 τὸ
626 2752 738 2823 τῆς
767 2752 972 2819 λύπης
998 2749 1190 2816 πάθος
1224 2751 1313 2815 είς
1340 2747 1631 2819 ἁμαρτιας
1660 2747 1977 2815 ἀναίρεσιν
1999 2746 2194 2816 μόνον
2220 2742 2544 2814 χρήσιμον·
2600 2740 2701 2796 καί
2738 2744 2825 2807 είς
2860 2740 2953 2805 τὸ,
2994 2738 3084 2795 Ἐν
3119 2741 3262 2813 ἀρχῇ
3312 2740 3573 2812 ἐποίησεν
3614 2741 3643 2795 ὁ
3670 2739 3807 2808 Θεὸς

391 2846 487 2901 τὸν
540 2845 770 2918 οὐρανὸν
824 2845 919 2898 καὶ
961 2842 1060 2915 τήν
1103 2842 1231 2913 γῆν·
1262 2840 1364 2896 καὶ
1397 2841 1487 2895 ὅτι
1539 2840 1833 2911 μεγίστης
1861 2836 2301 2907 παρακλήσεως
2334 2837 2629 2903 ὑπόθεσις
2661 2835 2699 2903 ἡ
2735 2832 2847 2904 τῆς
2890 2832 3277 2904 δημιουργίας
3323 2832 3705 2903 κατασκευήθ
3732 2835 3803 2890 ἐν

392 2929 445 3007 ᾧ
474 2937 573 2994 καί
609 2938 744 3009 περὶ
780 2936 912 3001 τοῦ,
945 2935 1141 3007 Ἀδὰμ,
1177 2933 1281 2988 ποῦ
1309 2930 1390 3003 cf;
1418 2933 1518 2988 καὶ
1545 2933 1682 3002 περὶ
1717 2932 1825 2987 τοῦ
1847 2930 1935 3002 μὴ
1965 2932 2233 3001 ὀμνύειν.

1012 3123 1243 3194 Ὀμιλία
1273 3122 1335 3183 ζ’.

395 3219 466 3267 α’.
485 3206 659 3266 ὶῙολλά
680 3211 781 3284 μὲν
803 3212 896 3266 καὶ
914 3214 1043 3284 περὶ
1059 3211 1269 3266 πολλῶν
1298 3210 1424 3282 χθὲς
1450 3209 1585 3280 πρὸς
1606 3210 1704 3283 τὴν
1730 3211 2004 3284 ὑμετέραν
2051 3246 2055 3249 -

321 3300 604 3374 διελέχθην
636 3301 881 3373 ἀγάπην,
906 3300 1013 3353 ἀπὸ
1042 3300 1099 3353 δὲ
1126 3299 1235 3353 τῶν
1260 3297 1471 3353 πολλῶν
1496 3299 1544 3351 εί
1573 3297 1648 3370 μὴ
1670 3298 1846 3353 πάντα
1875 3316 2005 3353 κατ-

324 3391 469 3462 έχειν
487 3391 615 3462 ὑμῖν
639 3389 885 3453 δυνατὸν,
902 3390 1079 3442 ἐκεῖνο
1101 3388 1338 3459 μάλιστα
1362 3387 1581 3441 πάντων
1607 3388 1752 3458 ὑμᾶς
1774 3387 1858 3441 δια
1866 3406 2003 3460 μνη-

327 3479 582 3551 μονεῦσαι
620 3477 834 3548 δέομαι,
868 3478 950 3531 ὅτι
983 3476 1081 3548 τὴν
1130 3475 1308 3547 λύπην
1340 3477 1471 3547 ήμῖν
1511 3476 1540 3529 ό
1583 3474 1716 3539 Θεὸς
1754 3474 1823 3529 δι’
1852 3476 2003 3529 οὐδὲν

320 3565 511 3639 ἕτερον
539 3566 814 3636 ἐνέθηκεν,
841 3564 955 3619 ἀλλ’
992 3565 1025 3637 ἡ
1060 3564 1127 3618 δι’
1164 3564 1439 3636 ἁμαρτίαν
1471 3563 1669 3635 μόνην,
1712 3564 1809 3617 καὶ
1847 3564 2006 3618 τοῦτο

320 3651 560 3725 ἐδήλωσε
581 3654 645 3707 δι’
668 3652 840 3723 αὐτῆς
858 3652 969 3706 τῶν
993 3654 1336 3725 πραγμάτων
1357 3650 1457 3720 τῆς
1482 3650 1596 3723 [85]
1628 3652 1848 3723 πείρας.
1880 3653 2004 3706 Ἐπὶ

327 3741 429 3810 μὲν
457 3742 564 3814 γὰρ
594 3740 770 3812 ζημίᾳ.
803 3739 1125 3811 χρημάτων.
1155 3740 1249 3793 καὶ
1291 3738 1592 3809 ἀρρωστίᾳ,
1629 3738 1726 3791 καὶ
1762 3738 1998 3809 θανάτῳ,

326 3829 423 3884 καὶ
440 3831 552 3891 τοῖς
576 3828 755 3891 ἄλλοις
776 3840 802 3867 ιι
825 3830 938 3891 τοῖς
961 3826 1366 3897 συμπίπτουσιν
1387 3828 1521 3896 ἡμῖν
1547 3824 1744 3888 δεινοῖς
1772 3826 2000 3895 ἀλγοῦν-

326 3934 421 3981 τες
451 3916 546 3970 xu).
589 3914 950 3985 ἀθυμοῦντες,
988 3917 1049 3968 οὺ
1080 3915 1239 3986 μόνον
1280 3912 1538 3983 οὐδεμίαν
1564 3912 1673 3965 ἀπὸ
1698 3914 1799 3983 τῆς
1822 3912 2001 3984 λύπης

325 4002 686 4076 καρπούμεθα
708 4002 1081 4075 παραμυθίαν,
1102 4001 1239 4055 ἀλλά
1261 4001 1357 4054 καὶ
1377 4000 1717 4070 ἐπιτείνομεν
1735 4000 1803 4054 τά
1821 4000 1995 4055 δεινάο

324 4094 420 4148 ἐπὶ
440 4092 497 4146 δέ
520 4091 626 4146 τῶν
646 4092 1062 4164 ἁμαρτημάτων
1088 4092 1152 4145 ἂν
1173 4090 1504 4163 ἀλγήσωμεν
1528 4090 1621 4143 καὶ
1642 4088 1997 4162 λυπηθῶμεν,

322 4178 739 4250 ὑποτεμνόμεθα
768 4178 867 4251 τῆς
896 4179 1171 4251 ἁμαρτίας
1196 4178 1287 4231 τὸν
1311 4178 1496 4246 ὄγκον,
1525 4178 1621 4231 καὶ
1667 4176 1871 4249 μικρὰν
1900 4176 2000 4249 τὴν

328 4269 569 4338 μεγάλην
593 4265 879 4336 ποιοῦμεν.
901 4265 1156 4329 πολλάκις
1185 4266 1241 4319 δέ
1269 4266 1364 4319 καὶ
1390 4264 1572 4338 τέλεον
1597 4265 1770 4336 αὐτὴν
1790 4263 1999 4329 ἐξαλεί-

325 4336 501 4428 φομεν
520 4336 758 4409 ἀπασαν.
777 4352 949 4407 Τοῦτο
968 4353 1032 4427 δή
1060 4371 1150 4424 μοι
1179 4336 1469 4425 μέμνησθέ
1486 4352 1772 4423 διηνεκῶς,
1796 4353 1885 4407 ἵνα
1911 4355 1997 4423 ἐφ’

322 4443 573 4515 ἁμαρτίᾳ
609 4443 769 4513 μόνον
800 4442 1025 4511 ἀλγῆτε,
1054 4443 1138 4512 ἐφ’
1175 4440 1347 4512 ἑτέρῳ
1377 4440 1435 4494 δέ
1475 4439 1691 4511 μηδενί·
1737 4441 1830 4494 καὶ
1859 4441 2000 4512 μετά

322 4530 570 4584 τούτωνδ
586 4532 808 4585 κάκεῖνο
829 4530 1013 4593 πάλιν,
1031 4530 1113 4583 ὅτι
1138 4529 1367 4582 θάνατον
1387 4529 1482 4582 καὶ
1505 4526 1683 4600 λύπην
1702 4531 1736 4600 ἡ
1761 4528 2001 4600 ἁμαρτία

324 4622 409 4682 είς
431 4617 522 4672 τὸν
557 4618 669 4688 βίον
696 4618 857 4689 ἡμῶν
882 4616 1288 4685 είσενεγκοῦσα,
1315 4617 1407 4671 ὑπ’
1438 4616 1764 4687 ἀμφοτέρων
1789 4617 1998 4671 τούτων

322 4707 628 4779 ἀναιρεῖται
660 4706 840 4762 πάλιν.
866 4707 1004 4778 ὅπερ
1032 4702 1126 4759 οῦν
1156 4706 1252 4758 καὶ
1280 4706 1414 4759 αὐτὸ
1446 4705 1778 4774 σαφέστερον
1806 4705 1999 4776 πρώην

326 4794 710 4865 ἀπεδείξαμεν.
744 4794 928 4863 Μηδὲν
966 4789 1061 4848 οὖν
1103 4791 1247 4846 οὕτω
1280 4791 1579 4863 φοϐώμεθα
1614 4792 1690 4856 ὡς
1722 4792 1782 4845 τὸ
1815 4793 2001 4861 ἀμαρ-

323 4883 510 4938 τάνειν
538 4883 632 4935 καὶ
651 4881 1021 4953 πλημμελεῖν·
1056 4879 1130 4951 μὴ
1162 4880 1455 4950 φοϐώμεθα
1487 4880 1728 4941 κόλασιν,
1761 4881 1855 4933 καὶ
1883 4879 2001 4934 δια-

326 4970 637 5041 φευξόμεθα
681 4969 934 5022 κόλασιν·
976 4968 1231 5039 καθάπερ
1272 4964 1366 5022 οῦν
1413 4969 1508 5022 καὶ
1538 4968 1590 5020 οί
1620 4969 1771 5038 τρεῖς
1806 4967 1999 5031 παῖδες

320 5060 428 5113 οὐκ
452 5057 797 5129 ἐφοϐήθησαν
820 5056 920 5127 τὴν
939 5055 1193 5126 κάμινον,
1218 5056 1313 5108 καὶ
1336 5056 1592 5125 διέφυγον
1614 5055 1712 5126 τὴν
1731 5054 1966 5125 κάμινον
1980 5072 1996 5086 ·

320 5146 597 5209 τοιούτους
618 5141 756 5199 εἶναι
784 5145 890 5217 χρὴ
910 5145 1039 5207 τοὺς
1067 5142 1161 5196 τοῦ
1193 5142 1330 5197 Θεοῦ
1353 5142 1593 5207 δούλους.
1627 5143 1692 5196 El
1720 5143 1830 5213 γὰρ
1855 5143 1906 5195 οί
1940 5144 2000 5196 ἐν

322 5239 390 5305 τῇ
423 5234 640 5305 Παλαιᾷ
679 5234 1015 5305 τραφέντες,
1045 5232 1135 5286 ὅτε
1167 5229 1322 5285 οὔπω
1367 5231 1702 5302 ἐνενέκρωτο
1736 5229 1997 5301 θάνατος,

292 5322 449 5375 ὀὔτε
496 5323 551 5375 αἱ
610 5322 808 5393 χαλκαῖ
859 5321 1027 5375 πύλαι
1092 5319 1537 5389 συνεκλάσθησαν
1559 5358 1575 5381 ,
1622 5318 1747 5372 οὒτε
1794 5319 1845 5371 οί
1904 5334 2001 5389 μο-

321 5412 444 5482 χλοὶ
494 5410 547 5464 οί
598 5410 810 5484 σιδηροῖ
860 5408 1256 5482 συνετρίϐησαν
1291 5419 1341 5477 ο,
1385 5407 1528 5461 οὕτω
1566 5407 1828 5476 γενναίως
1864 5423 2000 5461 κατ-

383 5554 404 5573 ⁶
427 5553 647 5604 Τίιυιυιιι
687 5552 760 5603 sic
783 5551 1001 5601 eﬂ‘emnt
1040 5549 1191 5602 Savi].
1236 5556 1290 5600 et
1326 5551 1423 5601 duo
1461 5547 1690 5599 codices-
1727 5547 1827 5598 Τοῦ
1850 5544 1998 5597 αὐτοῦ

318 5614 585 5678 ὑπόμνησις
603 5616 700 5664 τῶν
719 5615 967 5678 ἧδηᾼαύτῷ
993 5615 1344 5678 προλεχθέντων
1376 5611 1671 5678 ἀκολούθως·
1697 5609 1771 5678 ὅτι
1795 5611 1999 5678 θάνατον

318 5631 585 5678 υπομνησις
603 5633 700 5664 των
719 5631 811 5672 ηοη
836 5631 967 5676 αυτῳ
993 5631 1140 5678 προλε
1172 5631 1344 5662 υεντων
1376 5631 1671 5666 ακολουυως·
1697 5631 1771 5659 οτι
1800 5631 1998 5659 σανα-τον

318 5679 402 5754 καί
428 5677 576 5734 λύπην
598 5681 631 5735 ἡ
654 5675 862 5751 ἁμαρτία
887 5677 1003 5738 μόνη
1030 5678 1094 5732 είς
1118 5631 1203 5753 ἐόν
1215 5675 1327 5785 ξίον
1352 5669 1706 5735 εἰσενεγκοῦσα,
1728 5674 1809 5721 ὑπ’
1839 5672 1998 5721 αὐτῶν

319 5754 500 5785 τουτων
521 5739 779 5785 ὰναιοειται
798 5739 957 5785 πάλιν.
984 5738 1066 5785 καὶ
1095 5754 1162 5785 εις
1186 5754 1213 5784 τ
1246 5774 1259 5785 .
1291 5751 1309 5783 ε
1341 5734 1420 5784 Ἐν
1441 5736 1565 5785 ἀογῆ
1590 5735 1812 5785 ἐποίησεν
1832 5736 1859 5782 ό
1878 5734 1998 5785 Θεὸς

319 5738 500 5802 τούτων
521 5734 779 5802 ἀναιρεῖταὶ
798 5734 957 5802 πάλιν,
984 5738 1066 5786 καὶ
1095 5738 1162 5802 εἰς
1186 5734 1259 5802 τό,
1291 5734 1420 5802 [Ἐν
1590 5735 1812 5802 ἐποίησεν
1832 5736 1859 5782 ό
1878 5734 1998 5802 θεὸς

319 5800 402 5864 τὸν
662 5801 748 5864 μαι
772 5801 859 5864 way
887 5795 1005 5864 me:
1029 5819 1053 5864 ξ»
1083 5800 1166 5864 καὶ
1204 5795 1277 5864 δτι
1298 5800 1337 5864 ,ι
1367 5795 1630 5864 θεᾲξξύκι
1855 5795 1996 5864 μέγαν

317 5861 461 5934 ἡμμς,
632 5857 908 5934 εὐεργετῶν,
935 5857 1057 5934 ἀλλὰ
1087 5861 1171 5934 καὶ
1193 5860 1408 5915 κολάζων
1433 5857 1610 5921 ὁμοίως
1641 5858 1768 5906 ἐστὶν
1793 5857 1990 5917 ἀγαθός’

318 5922 406 5995 In!
419 5924 525 5995 περί
546 5929 631 5995 τῆς
660 5922 758 5995 τῶν
779 5923 932 5995 ὅρκων
954 5923 1155 5985 ἀποχῆς.

384 5986 406 6013 ⁸
430 5980 525 6033 Δι’ῖὶ
548 5980 646 6040 τοῖς
667 5980 866 6039 λοιποῖς.

378 6048 409 6084 δ
430 6043 583 6096 Sevi].
611 6053 657 6093 et
680 6045 879 6106 quidam
902 6059 1018 6093 mss.
1045 6045 1164 6107 μετὰ
1188 6042 1348 6093 τοῦτο.

384 6109 406 6139 ³
428 6109 528 6158 Alii
551 6102 945 6164 συνεθλάσθ-ησαν.
968 6102 1090 6156 iul'i‘a
1110 6107 1307 6169 quidam
1328 6106 1607 6170 συγγνώμην
1627 6102 1864 6162 τοιαύτης.

2113 3114 2419 3184 ετόλμησαν
2448 3111 2549 3183 τῆς
2587 3110 2866 3182 τελευτῆς,
2898 3109 3023 3164 τίνα
3057 3109 3253 3181 ἕξομεν
3284 3109 3580 3182 ἀπολογίαν
3618 3114 3799 3184 ἡμεῖς,

2111 3204 2146 3273 ἢ
2180 3200 2341 3256 ποίαν
2376 3196 2730 3269 συγγνώμην,
2767 3196 3036 3267 τοσαύτης
3070 3196 3480 3263 ἀπολαύσαντες
3510 3201 3610 3271 τῆς
3643 3201 3806 3272 χάρι.

2110 3307 2235 3354 τος,
2283 3288 2379 3343 καὶ
2426 3286 2562 3358 μηδέ
2611 3285 2752 3358 πρὸς
2794 3284 2866 3338 τά
2916 3286 3056 3339 αύτά
3094 3285 3391 3355 φθάνοντες
3432 3286 3662 3353 ἐκείνοις
3706 3290 3805 3361 μέ.

2109 3395 2216 3449 τρα
2260 3377 2360 3445 τῆς
2403 3375 2604 3447 ἀρετῆς
2636 3371 2757 3438 νῦν,
2787 3373 2877 3426 ὅτε
2914 3373 3087 3445 ὄνομα
3124 3372 3283 3443 μόνον
3323 3373 3472 3427 ἐστὶν
3507 3375 3536 3428 ὁ
3574 3375 3805 3446 θάνατος

2110 3466 2433 3537 πράγματος
2465 3463 2705 3537 ἐρημον;
2741 3462 2908 3516 Οὐδὲν
2938 3462 3049 3533 γὰρ
3083 3461 3270 3533 ἐτερόν
3311 3464 3462 3518 ἐστιν
3489 3464 3518 3517 ὁ
3549 3464 3802 3535 θάνατος,

2108 3552 2285 3624 ἀλλ’ἢ
2321 3550 2509 3616 ὕπνος,
2548 3548 2642 3602 καὶ
2674 3548 2975 3619 ἀποδημία,
3016 3550 3113 3602 καὶ
3151 3548 3506 3619 μετάστασις,
3540 3552 3635 3605 καὶ
3665 3553 3804 3609 ἀνά-

2110 3657 2332 3702 παυσις,
2372 3638 2469 3691 καὶ
2497 3637 2665 3708 λιμὴν
2698 3636 2893 3702 εὔδιος,
2922 3637 3017 3690 καὶ
3053 3638 3304 3708 ταραχῆς
3349 3639 3660 3713 ἀπαλλαγὴ,
3705 3645 3803 3701 καὶ

2109 3726 2381 3798 βιωτικῶν
2425 3726 2709 3797 ἐλευθερία
2750 3725 3075 3797 φροντίδων.
3124 3725 3288 3779 Ἀλλά
3324 3727 3426 3796 τῆς
3473 3729 3571 3798 μὲν
3621 3728 3804 3803 παρα-

2107 3817 2352 3887 κλήσεως
2381 3813 2617 3867 ἐνταῦθα
2642 3814 3042 3883 καταλύσωμεν
3066 3812 3156 3865 τὸν
3181 3813 3340 3885 λόγον
3360 3832 3374 3845 ο
3398 3818 3497 3869 καὶ
3519 3802 3802 3889 γάρ’πέμ-
3864 3822 3881 3833 ¹

2104 3919 2247 3972 πτην
2271 3901 2486 3972 ἡμέραν
2522 3899 2720 3971 ἔχομεν
2750 3898 3201 3970 παρακαλοῦντες
3235 3900 3391 3970 ὑμῶν
3419 3899 3519 3973 τὴν
3547 3904 3796 3975 ἀγάπην,

2107 3989 2204 4043 καὶ
2231 3989 2418 4041 λοιπὸν
2449 3988 2543 4040 καὶ
2578 3987 2816 4057 ἐνοχλεῖν
2842 3986 3131 4056 δοκοῦμεν.
3161 3987 3289 4050 Τοῖς
3326 3986 3427 4057 μὲν
3467 3988 3579 4060 γάρ
3618 4007 3796 4062 προσ-

2105 4077 2328 4147 έχουσιν
2360 4078 2526 4147 ἀρκεῖ
2557 4076 2651 4129 καὶ
2695 4074 2765 4128 τά
2794 4074 3101 4147 εἰρημένα,
3134 4077 3248 4139 τοῖς
3300 4074 3358 4128 δέ
3393 4076 3753 4149 μικροψύχοις
3777 4119 3794 4141 ,

2102 4165 2207 4219 κᾶν
2253 4163 2474 4217 πλείονα
2522 4162 2632 4217 τῶν
2679 4163 2992 4234 εἰρημένων
3034 4159 3397 4234 προσθῶμεν,
3444 4162 3598 4216 οὐδὲν
3636 4163 3795 4219 ἔσται

2103 4252 2283 4306 πλέον.
2301 4253 2442 4325 Ὦρα
2464 4253 2521 4306 δὲ
2539 4251 2727 4305 λοιπὸν
2747 4252 2879 4322 ἡμῖν
2903 4249 2999 4302 ἐπὶ
3015 4250 3117 4320 τὴν
3137 4247 3249 4303 τῶν
3272 4249 3505 4320 Γραφῶν
3528 4251 3796 4324 ἐξήγησιν

2099 4339 2296 4411 τρέψαι
2326 4341 2427 4412 τὴν
2462 4338 2833 4393 διδασκαλίαν.
2856 4335 3225 4425 ξΩσπερὶγάρ,
3250 4337 3301 4389 εί
3337 4336 3504 4408 μηδὲν
3536 4339 3669 4410 περὶ
3692 4341 3795 4413 τῆς

2105 4428 2394 4497 συμφορᾶς
2434 4425 2641 4495 ταύτης
2675 4422 3077 4495 διελέχθημεν,
3103 4424 3365 4494 ὠμότητα
3397 4425 3464 4479 ἀν
3510 4443 3594 4490 τις
3634 4428 3795 4499 ἡμῶν

2101 4514 2352 4582 κατέγνω
2395 4515 2494 4568 καὶ
2531 4512 2963 4584 ἀπανθρωπίαν
3005 4510 3179 4575 οὕτως
3209 4510 3276 4565 ἂν
3320 4512 3616 4579 διαπαντὸς
3662 4520 3794 4589 περὶ

2099 4602 2272 4671 αὐτῆς
2304 4599 2685 4671 διαλεγώμεθα
2708 4640 2723 4662 ,
2773 4598 3143 4671 μικροψυχίαν
3169 4598 3235 4653 ἄν
3283 4617 3369 4664 τις
3399 4599 3562 4671 ἡμῶν
3609 4620 3784 4658 κατα-

2101 4689 2254 4760 γνοίη
2293 4690 2537 4752 δικαίως.
2571 4687 2951 4760 Παραθέμενοι
2996 4686 3183 4741 τοίνυν
3218 4688 3374 4757 ὑμῶν
3421 4690 3523 4753 τάς
3557 4692 3789 4762 καρδίας
3829 4693 3833 4696 ’

2097 4775 2179 4847 τῷ
2207 4775 2328 4847 Θεῷ
2362 4775 2442 4847 τῷ
2479 4776 2765 4847 δυναμένῳ
2804 4774 3038 4844 λαλῆσαι
3071 4774 3153 4836 είς
3190 4774 3291 4845 τὴν
3332 4774 3573 4830 διάνοιαν
3610 4778 3785 4850 ὑμῶν,

2100 4865 2195 4917 καὶ
2218 4866 2398 4918 πᾶσαν
2424 4862 2636 4917 ἔνδοθεν
2665 4859 3161 4931 άπελάσαικλύπην,
3186 4860 3287 4929 τῆς
3309 4861 3564 4927 εἰωθυίας
3590 4866 3787 4921 αὐτοὶιι

2097 4951 2449 5016 διδασκαλίας
2477 4950 2747 5021 ἁψώμεθα
2771 4948 2888 5014 νῦν,
2915 4948 3015 5002 καὶ
3046 4948 3283 5020 μάλιστα
3306 4948 3469 5003 ὁπότε
3504 4953 3596 5006 καὶ
3630 4957 3783 5008 πᾶσα

2100 5039 2323 5111 Γραφής
2345 5039 2605 5109 ἐξήγησις
2635 5036 2980 5108 παράκλησίς
3003 5037 3124 5089 ἐστι
3140 5037 3234 5090 καὶ
3256 5038 3602 5110 παραμυθία.
3619 5040 3786 5096 ’Ὥστε

2101 5126 2207 5179 κᾶν
2229 5125 2479 5197 δοκῶμεν
2510 5123 2843 5194 ἀφίστασθαι
2872 5124 2966 5178 τοῦ
2992 5124 3354 5197 παρακαλεῖν,
3379 5126 3540 5181 πάλιν
3572 5129 3652 5192 εἰς
3684 5131 3787 5201 τὴν

2100 5212 2269 5283 αὐτὴν
2300 5213 2648 5284 ἐμπίπτομεν
2680 5211 2939 5266 ὑπόθεσιν
2976 5212 3066 5268 διὰ
3103 5213 3206 5285 τῆς
3258 5213 3367 5269 τῶν
3414 5215 3650 5287 Γραφῶν
3693 5218 3785 5284 ἐξ-

2101 5304 2385 5372 ηγήσεως·
2423 5301 2506 5356 ὅτι
2545 5300 2654 5372 γάρ
2688 5302 2839 5354 πάσα
2886 5301 3080 5374 Γραφὴ
3125 5302 3473 5375 παράκλησίς
3511 5306 3627 5359 ἐστι
3670 5309 3784 5370 τοῖς

2101 5389 2486 5459 προσέχουσιν,
2526 5389 2753 5444 αὐτόθεν
2794 5390 2923 5461 ὑμῖν
2968 5390 3130 5444 τοῦτο
3176 5392 3386 5462 ποιήσω
3421 5392 3673 5462 φανερόν.
3705 5396 3783 5448 Οὐ

2099 5476 2210 5548 γάρ
2231 5476 2296 5548 δὴ
2320 5476 2627 5549 περιελθὼν
2654 5478 2763 5532 τῶν
2792 5478 3027 5551 Γραφῶν
3051 5480 3150 5542 τὰς
3180 5479 3421 5550 ἱστορίας
3449 5479 3781 5553 πειράσομαι

2102 5561 2340 5635 ζητῆσαι
2377 5565 2877 5637 παραμυθητικούς
2906 5583 3059 5630 τινας
3098 5564 3319 5633 λόγους⁶
3353 5565 3469 5619 ἀλλ’
3499 5566 3642 5622 ὥστε
3684 5588 3780 5625 σα-

2103 5651 2378 5724 φεστέραν
2429 5655 2530 5724 τῆς
2583 5654 2935 5724 ὑποσχέσεως
2992 5651 3270 5719 ἀπόδειξιν
3315 5658 3666 5726 παρασχεῖν,
3719 5657 3781 5713 τὸ

2101 5741 2343 5811 σήμερον
2368 5742 2501 5812 ἡμῖν
2521 5740 2871 5809 ἀναγνωσθὲν
2899 5739 3398 5814 μεταχειριοῦμαιο
3428 5742 3653 5814 βιϐλίον,
3684 5746 3780 5807 καὶ

2099 5827 2150 5878 εί
2179 5826 2329 5882 δοκεῖ
2354 5828 2455 5898 τὴν
2482 5828 2655 5899 ἀρχὴν
2684 5826 2850 5881 αὑτοῦ
2878 5827 2974 5881 καὶ
3005 5826 3067 5881 τὺ
3091 5829 3401 5901 προοίμιον,
3431 5831 3461 5885 δ
3494 5832 3643 5887 δοκεῖ
3673 5834 3776 5900 μά-

2097 5912 2257 5969 λιστα
2293 5915 2429 5987 μηδὲ
2465 5916 2611 5986 ἴχνος
2642 5915 2927 5992 ἐμφαίνειν
2956 5915 3074 5989 [86]
3110 5920 3487 5991 παραμυθίας,
3516 5921 3653 5977 ἀλλα
3681 5937 3776 5979 και

2158 6036 2185 6076 ὰ
2210 6038 2487 6087 Pronomen
2510 6037 2647 6086 αὐτοὶ
2665 6036 2808 6088 nobis
2828 6034 2968 6088 dedit
2989 6039 3220 6090 Samius.
3244 6039 3380 6089 Εοιτ.

2163 6101 2183 6123 ’
2205 6101 2307 6152 Alii
2332 6099 2764 6164 μεταχειριούμεθα.
2788 6101 2918 6152 Infra
2941 6103 3054 6153 Sav.
3081 6109 3134 6152 el
3156 6103 3239 6153 alii
3258 6102 3604 6165 ἠλλοτριῶσθαι
3623 6103 3674 6154 λ.
