3998 6460
252 433 324 489 93
1104 426 1162 479 S.
1215 422 1342 482 10A
1354 423 1510 480 NNIS
1554 422 1892 482 CIIBYSOS'

2110 421 2399 479 malum».
2441 421 2990 482 coxswmrmop.
3060 404 3075 417 ‘
3652 429 3717 489 οι

249 547 482 604 καθόλου
520 542 953 617 παρακλητικῶν
986 541 1404 613 ἀλλοτριοῦσθαι
1431 541 1628 610 λόγων,
1652 541 1731 607 εἰς
1768 540 1941 614 μέσον

248 637 507 711 προθεὶς,
540 635 570 689 6
603 634 748 703 λέγω
792 632 1002 703 ποιήσω
1035 629 1293 701 φανερόν.
1332 629 1396 682 Τί
1446 631 1566 682 ποτ’
1596 624 1690 684 οὖν
1735 630 1850 683 ἐστι
1878 627 1945 682 1:6

248 727 568 801 προοίμιον;
605 726 702 778 ‘Er
742 719 901 791 ἀρχῇ
952 719 1243 785 ἐποίησεν
1282 721 1315 772 ό
1356 716 1500 785 Θεὸς
1532 716 1639 772 τόν
1677 715 1938 785 οὐρανὸν

245 818 345 871 καί
385 815 500 885 τὴν
536 814 685 885 γῆν·
706 813 743 881 ἡ
775 811 844 864 δὲ
871 808 948 880 γῆ
976 805 1057 879 ἦν
1087 808 1344 876 ἀόρατος
1374 806 1474 861 καί
1521 804 1939 860 ἀκάτω-χεύα-

245 920 416 971 στος,
462 902 560 955 καὶ
592 899 815 964 σκότος
840 895 1041 950 ἐπάνω
1064 894 1172 964 τῆς
1198 894 1497 948 ἀϐύσσου.
1517 887 1665 966 Ἆρα
1690 891 1765 963 μὴ
1791 891 1941 944 δοκεί

244 1009 386 1046 τισιν
412 989 563 1061 ὐμῶν
597 985 944 1058 παράκλησιν
973 983 1117 1054 ἔχειν
1150 982 1392 1056 ἀθυμίας
1411 981 1481 1036 τὰ
1508 980 1777 1054 εἰρημένα
1798 997 1812 1046 ;
1837 980 1937 1050 οὐχ

246 1079 481 1152 ἱστορίας
499 1074 752 1149 διήγησίς
775 1074 892 1127 ἐστι
918 1072 1015 1127 καί
1043 1068 1410 1144 δημιουργίας
1435 1068 1789 1134 διδασκαλίας

317 1170 382 1240 β’.
407 1164 673 1221 Βούλεσθε
692 1159 786 1218 οῦν
803 1160 1056 1228 ἐπιδείξω
1071 1159 1168 1231 τὴν
1189 1157 1652 1230 ἐγκεκρυμμένην
1683 1159 1749 1229 τῇ
1781 1158 1936 1228 ῥήσει

241 1256 413 1328 ταύτῃ
442 1251 828 1327 παράκλησινς
867 1248 1206 1320 Διανάστητε
1240 1245 1444 1312 τοίνυν,
1486 1244 1582 1299 καί
1612 1245 1754 1317 μετά
1778 1244 1936 1316 ἀκρι-

245 1345 396 1409 ϐείας
423 1341 723 1415 προσέχετε
754 1341 869 1401 τοῖς
903 1334 1237 1408 ῥηθήσεσθαι
1280 1332 1591 1405 μέλλουσιν.
1622 1333 1788 1387 Ὅταν
1825 1331 1936 1404 γὰρ

246 1433 512 1506 ἀκούσῃς,
540 1432 624 1485 ὅτι
659 1428 753 1483 τὸν
785 1424 1037 1498 οὐρανὸν,
1075 1422 1176 1495 τὴν
1207 1423 1334 1492 γῆν,
1370 1422 1471 1493 τὴν
1496 1419 1770 1475 θάλατταν
1790 1457 1807 1485 ,
1843 1418 1937 1474 τὸν

246 1525 405 1596 ἀέρα,
435 1522 504 1576 τά
545 1519 738 1583 ῦδατα,
779 1517 908 1579 τοὺς
951 1513 1191 1586 ἀστέρας
1231 1511 1361 1576 τούς
1403 1511 1652 1575 πολλοὺς,
1680 1508 1810 1573 τούς
1841 1508 1936 1596 δύο

247 1595 545 1683 φωστῆρας
576 1608 704 1671 τοὺς
753 1604 1051 1677 μεγάλους,
1091 1601 1161 1655 τὰ
1196 1599 1359 1670 φυτά,
1398 1598 1468 1653 τά
1501 1596 1831 1670 τετράποδα,
1865 1595 1936 1651 τὰ

244 1700 444 1774 νηκτὰ,
473 1699 542 1753 τά
572 1695 847 1766 πετόμενα
876 1692 1012 1759 ζῶα,
1043 1691 1224 1746 πάντα
1249 1688 1437 1754 ἁπλῶς
1465 1687 1534 1742 τά
1560 1686 1815 1759 ὁρώμενα
1844 1685 1934 1740 διὰ

249 1790 308 1843 σὲ
343 1788 439 1843 καί
477 1785 577 1858 τὴν
627 1783 726 1856 σὴν
761 1781 1039 1853 σωτηρίαν
1082 1780 1179 1835 καί
1214 1779 1381 1850 τιμὴν
1420 1777 1678 1849 ἐποίησεν
1705 1778 1735 1830 6
1779 1775 1943 1843 Θεὸς,

245 1879 344 1949 οὐχ
371 1876 562 1948 ἱκανὴν
588 1872 792 1937 εὐθέως
822 1869 1127 1941 λαμϐάνεις
1160 1866 1527 1940 παράκλησιν,
1552 1865 1644 1920 καί
1673 1866 1772 1937 τῆς
1792 1863 1933 1935 ἀγά-

245 1983 356 2036 πης
389 1963 485 2017 τοῦ
530 1959 667 2016 Θεοῦ
722 1958 990 2031 μεγίστην
1036 1955 1170 2028 δέχῃ
1208 1955 1416 2025 ταύτην
1469 1953 1765 2019 ἀπόδειξιν,
1801 1952 1930 2007 ὅταν

246 2053 540 2123 ἐννοήσῃς,
572 2051 656 2105 ὃτι
704 2045 961 2101 τοσοῦτον
1012 2044 1110 2098 καὶ
1155 2041 1478 2115 τηλικοῦτον
1510 2042 1713 2113 κόσμον
1736 2080 1751 2106 ,
1785 2039 1928 2094 οὕτω

244 2140 429 2206 καλδν,
471 2137 567 2194 καί
598 2136 795 2209 μέγαν,
823 2133 919 2188 καὶ
947 2131 1268 2203 θαυμαστὸν
1290 2130 1382 2184 διά
1411 2130 1470 2184 σὲ
1494 2131 1586 2184 τὸν
1620 2129 1827 2202 βραχὺν
1852 2129 1935 2192 εἰς

249 2230 413 2301 μέσον
451 2226 812 2299 παρήγαγενς
860 2222 1030 2276 Ὅταν
1076 2216 1170 2275 οῦν
1199 2218 1477 2293 ἀκούσῃς,
1510 2219 1594 2272 ὅτι
1645 2219 1749 2272 Ἐν
1774 2212 1935 2286 ἀρχῇ

244 2318 535 2385 ἐποίησεν
559 2318 592 2370 ό
613 2313 759 2379 Θεὸς
787 2311 895 2366 τὸν
921 2308 1186 2380 οὐρανὸν
1216 2306 1315 2362 καί
1337 2307 1453 2375 τὴν
1482 2306 1620 2378 γῆν,
1653 2304 1727 2377 μὴ
1751 2303 1934 2368 ἁπλῶς

246 2403 618 2476 παραδράμῃς
661 2400 723 2454 τὺ
759 2398 1075 2471 εἰρημένον,
1121 2395 1240 2450 ἀλλ’
1292 2393 1491 2449 ἔπελθε
1526 2398 1595 2466 τῇ
1628 2393 1836 2464 διανοίᾳ
1873 2391 1935 2446 τὸ

248 2492 408 2568 εὖρος
452 2491 555 2564 τῆς
587 2491 713 2562 γῆς,
746 2488 838 2542 καὶ
871 2486 1191 2555 ἀναλὸγισαι
1225 2483 1344 2548 πῶς
1377 2486 1512 2556 ἡμῖν
1543 2481 1807 2553 πολυτελῆ
1841 2481 1936 2534 καί

246 2584 446 2655 δαψιλῆ
483 2580 767 2655 τράπεζαν
808 2579 1002 2650 ἀνῆκε,
1042 2574 1138 2629 καί
1178 2572 1381 2646 πολλὴν
1414 2571 1747 2643 πολλαχόθεν
1790 2587 1934 2643 παρ-

248 2676 409 2746 έσχεν
453 2673 587 2743 ἡμῖν
636 2666 1010 2740 εὐφροσύνην·
1061 2662 1248 2718 καὶτὸ
1296 2660 1361 2734 δὴ
1422 2662 1700 2733 μέγιστον,
1742 2659 1825 2712 ὅτι
1873 2659 1934 2712 οὐ

249 2763 431 2818 πόνων
467 2757 704 2832 ἀμοιϐὴν
739 2757 974 2819 ἔδωκεν,
1024 2752 1147 2807 οὐδὲ
1183 2750 1634 2823 κατορθωμάτων
1668 2747 1937 2804 ἀντίδοσιν

247 2852 340 2905 τὸν
370 2848 623 2905 τοσοῦτον
651 2846 746 2901 καί
771 2843 1089 2915 τηλικοῦτον
1132 2841 1359 2912 κόσμον,
1399 2838 1515 2894 ἀλλ’
1535 2837 1673 2910 ὁμοῦ
1703 2855 1764 2891 τε
1790 2837 1938 2909 ἡμᾶς

246 2935 479 3003 ἔπλασε,
501 2934 596 2989 καί
624 2936 693 3006 τῇ
729 2932 978 3005 βασιλεία
1014 2929 1188 3001 ταύτῃ
1223 2928 1283 2983 τὸ
1308 2929 1464 2997 γένος
1502 2926 1660 2999 ἡμῶν
1686 2925 1935 2998 ἐτίμησε.

248 3025 605 3095 Ποιήσωμεν
623 3022 733 3095 γάρ
750 3018 1246 3090 ἃνθρωπον,φησ“ι,
1274 3016 1400 3071 κατ’
1416 3018 1621 3071 εἰκόνα
1645 3014 1940 3085 ἡμετέραν

253 3115 355 3169 καί
383 3114 512 3169 καθ’
536 3111 846 3182 ὁμοίωσιν.
865 3109 930 3163 Τί
958 3110 1097 3173 ἐστι,
1123 3107 1265 3161 Κατ’
1284 3105 1490 3161 εἰκόνα
1517 3103 1813 3175 ἡμετέραν
1837 3103 1937 3159 καί

251 3206 378 3259 καθ’
424 3202 742 3271 ὀμοίωσιν;
778 3199 891 3269 Τῆς
939 3197 1117 3270 ἀρχῆς
1164 3195 1351 3249 εἰκόνα
1392 3195 1552 3267 φησὶ,
1596 3195 1692 3248 καί
1746 3192 1938 3265 ὥσπερ

251 3291 427 3355 οὐδεὶς
454 3286 724 3359 ἀνώτερος
746 3285 884 3339 Θεοῦ
913 3285 973 3340 ἐν
994 3282 1232 3356 οὐρανῷ,
1251 3281 1394 3337 οὐτω
1418 3281 1608 3354 μηδεὶς
1636 3279 1779 3336 ἔστω
1800 3279 1938 3335 ἀνώ-

250 3395 409 3452 τερος
438 3375 731 3449 ἀνθρώπου
764 3375 860 3429 ἐπὶ
918 3373 1020 3444 τῆς
1066 3372 1191 3444 γῆς.
1231 3371 1346 3426 Ἐνί
1377 3371 1477 3443 μὲν
1510 3365 1604 3424 οὖν
1640 3369 1815 3440 τούτῳ
1844 3372 1940 3425 καί

251 3466 456 3538 πρώτῳ
487 3463 775 3535 τετίμηκε,
797 3459 877 3532 τῷ
914 3461 1035 3515 κατ’
1075 3457 1263 3514 εἰκόνα
1309 3456 1474 3513 αὐτὸν
1507 3455 1772 3528 ποιῆσαι·
1816 3456 1939 3512 δευ-

251 3555 396 3626 τέρῳ
446 3552 506 3605 δὲ
550 3549 631 3624 τῷ
684 3550 760 3622 μὴ
802 3549 985 3603 πόνων
1029 3546 1266 3619 ἀμοιϐὴν
1295 3549 1427 3619 ἡμῖν
1479 3548 1786 3619 παρασχεῖν
1838 3545 1938 3618 τὴν

254 3641 454 3717 ἀρχὴν,
492 3638 632 3695 ἀλλά
678 3638 896 3710 γυμνὴν
916 3639 1015 3709 τῆς
1044 3635 1212 3690 αὐτοῦ
1266 3634 1677 3708 φιλανθρωπίας
1711 3634 1938 3704 ποιῆσαι

252 3731 356 3802 τὴν
382 3729 542 3802 χάριν
565 3743 580 3758 ·
619 3726 791 3798 τρίτῳ
825 3724 903 3796 τῷ
934 3722 1171 3795 φυσικὴν
1201 3724 1335 3796 ἡμῖν
1383 3721 1713 3796 χαρίσασθαι
1743 3723 1935 3793 αὐτήν.

254 3816 379 3870 Τῶν
400 3815 509 3887 γὰρ
529 3812 711 3886 ἀρχῶν
742 3812 800 3865 αἰ
832 3812 930 3883 μὲν
948 3812 1056 3865 είσί
1086 3812 1335 3880 φυσικαὶ,
1361 3811 1420 3864 αἱ
1443 3810 1501 3865 δὲ
1526 3810 1902 3883 χειροτονηταί
1921 3824 1934 3839 °

261 3904 491 3976 φυσικαί
514 3902 633 3973 μὲν,
665 3899 742 3964 ὡς
768 3901 802 3972 ἡ
827 3900 921 3954 τοῦ
955 3899 1169 3965 λέοντος
1196 3900 1291 3954 ἐπὶ
1325 3900 1434 3954 τῶν
1463 3901 1833 3972 τετραπόδων,
1863 3901 1940 3964 ὡς

263 3991 483 4047 ἐπὶτῶν
510 3988 739 4062 ὀρνίθων
766 3989 801 4060 ἡ
833 3986 930 4041 τοῦ
957 3987 1117 4043 ἀετοῦ
1140 4005 1154 4019 ·
1188 3986 1567 4061 χειροτονηταί
1594 3988 1653 4041 δὲ
1673 3987 1750 4052 ὡς
1778 3989 1810 4059 ἡ
1844 3986 1940 4040 τοῦ

261 4080 531 4153 βασιλέως
574 4075 668 4131 τοῦ
703 4077 829 4131 καθ’
860 4078 1031 4149 ἡμᾶς·
1061 4068 1218 4142 οὗτος
1252 4076 1363 4150 γὰρ
1392 4076 1515 4148 οὐχί
1545 4076 1707 4146 φύσει
1747 4078 1942 4147 κρατεῖ

253 4169 366 4222 τῶν
395 4165 705 4239 ὁμοδούλων
724 4182 738 4197 ·
763 4164 846 4218 διὸ
877 4165 974 4218 καὶ
996 4164 1297 4219 ἀποϐάλλει
1326 4164 1586 4228 πολλάκις
1615 4164 1714 4237 τὴν
1736 4164 1935 4236 ἀρχήν.

257 4256 499 4312 Τοιαῦτα
543 4255 654 4328 γάρ
684 4254 753 4308 τά
805 4253 880 4327 μὴ
933 4252 1096 4323 φύσει
1142 4253 1452 4325 προσόντα·
1484 4253 1674 4325 ῥᾳδίαν
1723 4253 1940 4324 δέχεται

256 4348 358 4418 τὴν
414 4345 718 4418 μεταϐολὴν
779 4344 878 4398 καί
924 4342 1025 4414 τὴν
1064 4344 1446 4415 μετάπτωσιν·
1479 4342 1509 4394 6
1551 4341 1612 4394 δέ
1650 4340 1789 4395 λέων
1840 4341 1940 4412 οὐχ

258 4433 452 4498 οὓτως,
484 4432 623 4486 ἀλλά
657 4430 819 4503 φύσει
846 4433 1042 4500 κρατεῖ
1075 4428 1185 4485 τῶν
1221 4429 1594 4501 τετραπόδων,
1628 4428 1819 4500 ῶσπερ
1845 4426 1939 4483 οὖν

260 4523 357 4576 καί
382 4521 492 4575 τῶν
511 4519 742 4588 ὀρνίθων
765 4520 795 4572 6
824 4519 1003 4582 ἀετός.
1043 4518 1158 4572 Ἀεὶ
1194 4517 1326 4586 γοῦν
1345 4514 1425 4588 τῷ
1455 4517 1602 4587 γένει
1627 4519 1937 4590 συγκεκλη-

263 4625 433 4684 ρωται
462 4608 524 4662 1:6
550 4608 648 4680 τῆς
684 4606 965 4679 βασιλείας
1012 4600 1180 4672 εἶδος,
1217 4606 1314 4659 καί
1346 4605 1540 4659 οὐδένα
1592 4606 1659 4660 ἀν
1710 4624 1795 4670 τις
1839 4607 1939 4661 ἴδοι

258 4698 451 4753 λέοντά
477 4712 610 4750 ποτε
653 4695 753 4766 τὴν
794 4693 970 4766 ἀρχὴν
1013 4692 1361 4747 ἀποϐαλόντα
1401 4690 1626 4763 ταύτην.
1668 4691 1940 4764 Τοιαύτην

261 4786 353 4841 καὶ
379 4787 510 4859 ἡμῖν
534 4784 633 4857 τὴν
666 4782 944 4856 βασιλείαν
974 4780 1035 4846 ἐξ
1061 4781 1238 4854 ἀρχῆς
1272 4780 1302 4834 6
1334 4778 1467 4844 Θεὸς
1498 4779 1810 4851 ἐχαρίσατο,
1845 4781 1941 4835 καί

259 4875 428 4928 πᾶσιν
476 4874 625 4945 ἡμᾶς
664 4870 936 4942 ἐπέστησε
958 4886 973 4902 ·
1020 4882 1117 4925 καί
1147 4870 1209 4923 οὐ
1253 4867 1433 4939 τούτῳ
1478 4867 1638 4940 μόνον
1680 4867 1941 4941 ἐτίμησεν

259 4962 416 5035 ἡμῶν
437 4961 535 5034 τὴν
567 4963 750 5032 φύσιν,
785 4959 922 5015 ἀλλά
953 4960 1046 5013 καὶ
1068 4960 1207 5032 αὐτῇ
1236 4957 1332 5012 τοῦ
1356 4957 1560 5030 χωρίου
1580 4959 1647 5030 τῇ
1678 4958 1942 5032 προεδρίᾳ

262 5050 541 5125 ἐξαίρετον
584 5052 900 5123 οἰκητήριον
950 5048 1232 5114 ἀποτάξας
1269 5049 1406 5120 ἡμῖν
1447 5046 1543 5103 τὸν
1589 5045 1939 5123 παράδεισον,

262 5139 359 5193 καί
391 5138 548 5207 λόγον
570 5136 693 5203 δούς
719 5139 818 5194 καί
844 5139 1022 5212 ψυχὴν
1057 5141 1327 5196 ἀθάνατον
1354 5141 1747 5214 χαρισάμενος.

336 5225 451 5300 [87]
496 5225 658 5280 Ἀλλά
686 5226 762 5299 μὴ
782 5226 921 5281 εἴπω
947 5228 1120 5284 ταῦτα
1144 5246 1157 5259 ·
1184 5229 1294 5300 ἐγὼ
1310 5220 1420 5303 γὰρ
1431 5229 1702 5300 τοσαύτην
1729 5243 1951 5299 περιου-

275 5315 392 5369 τίαν
418 5310 559 5369 εἶναί
591 5332 735 5387 φημι
765 5318 867 5383 τῆς
899 5314 992 5369 τοῦ
1032 5316 1167 5370 Θεοῦ
1198 5318 1546 5390 κηδεμονίας,
1571 5318 1648 5383 ὡς
1690 5316 1764 5388 μὴ
1788 5318 1949 5389 μόνον

270 5404 361 5458 ἆτ’
378 5397 452 5456 ὧν
470 5403 755 5476 ἐτίμησεν,
778 5401 916 5457 ἀλλά
931 5404 1024 5456 καί
1051 5404 1144 5472 ἀφ’
1174 5397 1249 5458 ὧν
1272 5405 1550 5467 ἐκόλασεν,
1577 5405 1780 5474 ὁμοίως
1802 5407 1950 5474 ἡμᾶς

268 5483 528 5537 δύνασθαι
549 5485 648 5555 τὴν
674 5484 987 5556 ἀγαθότητα
1020 5485 1183 5539 αὐτοῦ
1209 5486 1482 5541 δεικνύναι
1511 5489 1606 5542 καὶ
1625 5492 1725 5562 τὴν
1756 5491 1944 5560 φιλαν-

272 5571 538 5642 θρωπίαν.
574 5576 683 5628 Καὶ
720 5573 875 5629 τοῦτο
923 5572 1158 5646 μάλιστα
1210 5575 1428 5631 πάντων
1457 5578 1605 5649 ὑμᾶς
1638 5579 1943 5651 παρακαλῶ

272 5659 414 5729 μετά
442 5661 727 5730 ἀκριϐείας
770 5663 998 5729 εἰδέναι,
1030 5660 1113 5718 ὅτι
1138 5664 1167 5717 6
1201 5664 1333 5729 Θεὸς
1372 5665 1495 5737 οὐχὶ
1538 5667 1716 5739 τιμῶν
1750 5669 1939 5738 μόνον,

264 5748 384 5801 οὐδὲ
429 5748 758 5817 εὐεργετῶν,
787 5749 924 5805 ἀλλὰ
953 5746 1067 5806 καί
1094 5751 1361 5818 κολάζων,
1404 5754 1499 5808 καὶ
1531 5754 1942 5827 τιμωρούμενος

262 5831 464 5903 ὁμοίιος
511 5836 661 5889 ἐστίν
706 5837 908 5906 ἀγαθός
932 5856 946 5870 ο
989 5839 1093 5894 κᾶν
1124 5840 1263 5912 πρὸς
1309 5840 1611 5913 Ἕλληνας,
1658 5843 1765 5897 κᾶν
1804 5845 1943 5918 πρὸς

266 5925 573 5997 αἱρετικούς
606 5924 817 5994 ἀγῶνες
849 5929 983 5997 ἡμῖν
1025 5929 1120 5983 καὶ
1168 5929 1339 6001 μάχαι
1373 5931 1632 5987 κινῶνται
1673 5934 1804 6007 περί
1842 5935 1942 6008 τῆς

268 6013 363 6067 τοῦ
392 6010 530 6066 Θεοῦ
574 6012 983 6083 φιλανθρωπίας
1014 6015 1107 6069 καὶ
1147 6015 1504 6089 ἀγαθότητος,
1536 6018 1611 6091 μὴ
1655 6018 1816 6091 μόνον
1845 6021 1941 6092 ἀφ’

272 6095 346 6155 ὧν
374 6101 649 6173 tigna-sv,
684 6101 820 6155 ἀλλά
847 6102 940 6155 καὶ
970 6102 1063 6172 ἀφ’
1097 6096 1171 6161 ὧν
1206 6106 1610 6181 ἐτιμωρήσατο,
1638 6108 1942 6168 ἐπιδείκνυ-

2056 557 2158 612 μεν
2197 539 2365 594 αὐτοῦ
2411 539 2511 612 τὴν
2553 539 2889 612 ἀγαθότητα.
2926 542 2989 595 Εἰ
3031 540 3138 613 γάρ
3168 540 3343 613 τιμῶν
3381 542 3540 615 μόνον
3580 541 3720 600 ἐστὶν

2044 627 2273 697 ἀγαθὸς,
2318 625 2566 692 κολάζων
2606 627 2664 681 δὲ
2695 629 2797 682 οὐκ
2846 627 2995 683 ἔστιν
3037 628 3271 698 ἀγαθὸς,
3316 629 3376 696 ἐξ
3422 630 3718 702 ήμισείαςι

2047 714 2254 786 ἀγαθὸς
2283 715 2350 770 ἂν
2383 717 2471 788 εἰη
2493 733 2507 748 ο
2550 716 2665 770 ἀλλ’
2710 716 2811 770 οὐκ
2845 714 2962 770 ἔστι
2993 716 3188 771 τοῦτο·
3224 717 3305 788 μὴ
3338 718 3565 787 γένοιτο.
3604 718 3721 773 Ἐπί

2045 803 2352 875 ἀνθρώπων
2382 804 2480 875 μὲν
2505 803 2615 875 γὰρ
2640 804 2788 867 εἰκὸς
2817 803 2978 858 τοῦτο
3003 804 3344 876 συμϐαίνειν,
3366 806 3552 878 ἐπειδὴ
3574 806 3720 879 θυμῷ

2046 892 2142 945 καὶ
2179 892 2344 947 πάθει
2387 892 2487 956 τὰς
2517 892 2794 963 τιμωρίας
2823 892 3155 961 ἐπάγουσιν·
3191 894 3222 947 6
3249 893 3306 948 δὲ
3354 893 3487 958 Θεὸς
3515 893 3720 968 ἀπαθὴς

2044 978 2122 1034 ὢν
2141 1021 2155 1046 ,
2190 981 2297 1036 κάν
2344 981 2608 1053 εὐεργετῇ
2630 1023 2645 1045 ,
2680 980 2783 1035 κάν
2816 981 3041 1053 κολάζῃ.
3073 982 3279 1053 ὁμοίως
3310 982 3457 1036 ἐστὶν
3503 983 3718 1052 ἀγαθὸς,

2044 1069 2140 1123 καὶ
2167 1068 2269 1139 τῆς
2321 1068 2599 1141 βασιλείας
2635 1069 2735 1123 οὐκ
2781 1069 3003 1124 ἔλαττον
3029 1072 3063 1141 ἡ
3119 1071 3220 1142 τῆς
3263 1070 3492 1143 γεέννης
3531 1072 3719 1144 ἀπειλὴ

2042 1155 2318 1212 δείκνυσιν
2362 1156 2530 1212 αὐτοῦ
2573 1157 2675 1229 τὴν
2702 1157 3052 1230 ἀγαθότητα·
3094 1160 3192 1213 καὶ
3238 1159 3387 1226 πῶςς
3425 1158 3533 1230 ἐγὼ
3565 1160 3718 1229 λέγω.

2042 1245 2107 1299 Εἰ
2140 1236 2481 1318 μὴφγέενναν
2508 1246 2831 1319 ἠπείλησεν,
2856 1248 2905 1300 εἰ
2937 1246 3012 1318 μὴ
3034 1246 3258 1301 κόλασιν
3287 1247 3601 1319 ἡτοίμασεν,
3626 1248 3720 1301 οὐκ

2043 1333 2110 1387 ἂν
2142 1333 2329 1389 πολλοί
2353 1334 2456 1406 τῆς
2489 1332 2769 1407 βασιλείας
2801 1332 3086 1405 ἐπέτυχον.
3115 1336 3188 1388 Οὐ
3220 1336 3329 1406 γὰρ
3354 1333 3527 1401 οὕτως
3558 1336 3590 1408 ή
3618 1335 3720 1389 τῶν

2040 1420 2260 1491 ἀγαθῶν
2308 1421 2601 1495 ὑπόσχεσις
2643 1422 2780 1495 1:96;
2806 1422 3008 1494 ἀρετὴν
3057 1424 3372 1479 ἐκκαλεῖται
3418 1424 3544 1487 τοὺς
3591 1422 3717 1477 πολ-

2040 1507 2186 1575 λοὺς,
2230 1510 2363 1584 ὼςή
2414 1511 2524 1566 τῶν
2555 1511 2740 1566 κακῶν
2793 1510 2990 1583 ἀπειλὴ
3029 1510 3108 1582 τῷ
3160 1511 3312 1585 φόϐῳ
3345 1512 3590 1577 συνωθεῖ,
3631 1511 3719 1565 καί

2039 1597 2343 1671 διανίστησι
2369 1600 2505 1671 πρὸς
2530 1599 2629 1670 τὴν
2662 1600 2761 1671 τῆς
2782 1599 2961 1671 ψυχῆς
2997 1601 3334 1672 ἐπιμέλειαν.
3365 1602 3525 1655 Ὥστε
3554 1602 3598 1655 εἰ
3633 1602 3721 1657 καί

2040 1686 2282 1742 ἐναντίον
2304 1687 2501 1757 γέεννα
2529 1691 2597 1759 τῇ
2638 1686 2886 1758 βασιλείᾳ⁵
2916 1688 2946 1729 ι
2984 1688 3093 1743 τῶν
3120 1690 3389 1761 οὐρανῶν,
3420 1688 3555 1744 ἀλλά
3589 1690 3716 1762 πρὸς

2040 1774 2099 1829 ἐν
2123 1777 2385 1848 ἑκάτερον
2409 1775 2600 1848 βλέπει
2630 1775 2803 1840 τέλος,
2830 1776 2930 1847 τὴν
2951 1774 3059 1830 τῶν
3090 1776 3401 1851 ἀνθρώπων
3425 1777 3717 1849 σωτηρίαν·

2040 1866 2224 1936 ἐκείνη
2254 1866 2353 1935 μὲν
2372 1864 2733 1936 ἐπισπωμένη
2758 1862 2894 1936 πρὸς
2915 1865 3137 1937 ἑαυτὴν,
3158 1864 3299 1938 αὕτη
3327 1866 3387 1919 δὲ
3418 1865 3721 1920 συνωθοῦσα

2041 1951 2177 2025 πρὸς
2227 1954 2463 2024 ἐκείνην,
2499 1952 2594 2007 καὶ
2623 1952 2702 2024 τῷ
2752 1951 2906 2024 φόϐῳ
2946 1952 3308 2026 διορθουμένη
3355 1954 3486 2019 τούς
3527 1953 3716 2025 ἀμελέ-

2043 2057 2132 2094 στε
2143 2057 2232 2112 ρον
2275 2041 2674 2112 διακειμένους.

2112 2128 2181 2197 γ’.
2196 2127 2396 2183 Τοῦτον
2425 2128 2484 2183 δὲ
2502 2130 2599 2198 οὐχ
2632 2127 2818 2193 ἁπλῶς
2852 2127 3079 2202 μηκύνω
3094 2129 3184 2183 τὸν
3210 2128 3390 2199 λόγον,
3415 2129 3528 2183 ἀλλ’
3544 2127 3721 2201 ἐπειδὴ

2043 2216 2299 2281 πολλάκις
2324 2217 2499 2289 λιμῶν
2533 2219 2627 2272 καί
2659 2218 2890 2291 αὐχμῶν
2926 2220 3295 2290 γιγνομένων,
3333 2218 3430 2273 καί
3460 2217 3721 2290 πολέμων,

2042 2305 2137 2359 καὶ
2177 2306 2351 2378 ὀργῆς
2400 2305 2685 2379 βασιλικῆς
2723 2306 3146 2379 ἐμπιπτούσης,
3183 2307 3281 2362 καί
3326 2307 3532 2378 ἐτέρων
3571 2305 3721 2360 τινῶν

2041 2393 2300 2448 τοιούτων
2330 2394 2611 2467 ἀδοκήτων
2648 2394 3019 2467 πραγμάτων,
3061 2394 3247 2450 πολλοὶ
3278 2396 3412 2459 τοὺς
3439 2393 3721 2466 ἀφελεστέο

2044 2498 2172 2553 ρους
2203 2482 2522 2547 ἀπατῶντες
2553 2482 2805 2552 λέγουσιν
2826 2524 2841 2548 ,
2875 2485 2957 2539 ὅτι
2987 2486 3090 2538 οὐκ
3134 2483 3264 2548 ἀξια
3300 2484 3481 2539 ταῦτα
3508 2485 3603 2555 τῆς
3633 2480 3722 2541 τοῦ

2042 2571 2180 2625 Θεοῦ
2205 2574 2479 2645 προνοίας.
2518 2575 2615 2627 Ἴν’
2649 2570 2743 2628 οὖν
2773 2573 2849 2647 μὴ
2880 2573 3384 2646 παραλογιζώμεθα
3406 2615 3422 2637 ,
3460 2574 3572 2629 ἀλλ’
3606 2573 3720 2627 ἴδω·

2047 2676 2145 2731 μεν
2172 2660 2418 2732 ἀκριϐῶς
2440 2702 2457 2727 ,
2511 2662 2596 2716 δτι
2625 2664 2730 2716 κᾶν
2776 2661 2936 2733 λιμὸν
2962 2702 2976 2727 ,
3018 2660 3122 2715 κᾶν
3150 2662 3425 2733 πόλεμον,
3460 2661 3561 2716 κᾶν
3602 2659 3722 2715 ἀλλο

2042 2749 2221 2805 ὁτιοῦν
2264 2752 2521 2823 ἐπαγάγῃ
2550 2752 2741 2817 δεινὸν,
2804 2751 2914 2808 ἀπὸ
2951 2750 3370 2824 φιλανθρωπίας
3402 2751 3556 2806 τοῦτο
3594 2747 3722 2805 ποιεί

2043 2840 2139 2893 καί
2171 2838 2374 2911 πολλῆς
2413 2841 2514 2913 τῆς
2560 2839 2890 2912 κηδεμονίας
2916 2880 2930 2904 ,
2984 2840 3343 2913 ἠναγκάσθην
3394 2838 3721 2912 ἐνδιατρίψαι

2042 2925 2219 3001 τούτῳ
2247 2927 2326 2997 τῷ
2347 2926 2511 3000 λόγῳ.
2551 2926 2705 2982 Ἐπεὶ
2741 2928 2838 2982 καὶ
2864 2929 2913 2981 οἱ
2948 2928 3187 2999 πατέρες
3208 2967 3224 2988 ,
3254 2928 3305 2980 οἰ
3337 2927 3575 2999 μάλιστα
3600 2926 3725 2981 πάν-

2041 3031 2152 3069 των
2180 3014 2247 3069 τά
2282 3014 2481 3085 ἔκγονα
2517 3015 2801 3084 φιλοῦντες
2826 3057 2841 3081 ,
2877 3014 2974 3070 καί
3008 3013 3290 3088 τραπέζης
3320 3016 3570 3087 εἴργουσι
3593 3056 3608 3079 ,
3638 3016 3724 3071 καὶ

2044 3102 2260 3174 πληγάς
2305 3104 2599 3172 ἐπάγουσι,
2635 3103 2734 3156 καὶ
2784 3103 2982 3176 ἀτιμίᾳ
3036 3103 3362 3170 κολάζουσι,
3404 3106 3500 3159 καί
3531 3106 3725 3177 ἑτέροις

2045 3191 2263 3264 μυρίοις
2312 3190 2577 3256 τοιούτοις
2609 3190 3031 3259 ἀσελγαίνοντας
3059 3191 3411 3263 διορθοῦνται
3453 3194 3578 3259 τοὺς
3603 3196 3724 3248 παίο

2042 3277 2167 3342 δας·
2218 3278 2332 3333 ἀλλ’
2362 3279 2513 3351 ὅμως
2555 3278 2793 3351 πατέρες
2848 3280 2988 3333 εἰσίν
3014 3319 3029 3345 ,
3074 3280 3196 3351 οὐχί
3242 3281 3519 3352 τιμῶντες
3553 3283 3723 3354 μόνον,

2044 3365 2180 3420 ἀλλά
2212 3365 2309 3420 καί
2342 3366 2515 3420 ταῦτα
2549 3366 2866 3432 ποιοῦντες,
2899 3368 2995 3421 καί
3032 3367 3153 3421 τότε
3188 3368 3444 3440 μάλιστα⁴
3478 3369 3724 3444 πατέρες,

2043 3454 2173 3509 ὅταν
2206 3454 2433 3509 τοιαῦτα
2465 3455 2710 3509 ποιῶσιν.
2753 3456 2816 3508 Εἰ
2844 3455 2903 3509 δὲ
2941 3454 3245 3527 ἄνθρωποι,
3284 3455 3450 3529 θυμῷ
3475 3458 3571 3513 καὶ
3596 3458 3724 3530 ὀργῇ

2047 3542 2306 3607 πολλάκις
2336 3540 2431 3596 τοῦ
2489 3543 2864 3615 συμφέροντος
2896 3544 3299 3616 ἐκφερόμενοι,
3344 3547 3451 3601 οὐκ
3495 3546 3726 3620 ὠμότητι

2047 3634 2138 3685 καὶ
2177 3631 2576 3703 ἀπανθρωπίᾳ,
2605 3632 2742 3686 ἀλλά
2774 3632 3073 3704 κηδεμονίᾳ
3114 3634 3209 3688 καὶ
3262 3634 3620 3711 φιλοστοργίᾳ
3647 3653 3727 3692 νο-

2051 3719 2298 3792 μίζονται
2328 3719 2578 3786 κολάζειν
2604 3720 2700 3785 οὒς
2725 3721 2972 3792 φιλοῦσι,
3005 3720 3185 3793 πολλῷ
3233 3723 3440 3793 μᾶλλον
3467 3727 3595 3801 περί
3634 3724 3725 3781 τοῦ

2047 3808 2184 3863 Θεοῦ
2212 3809 2354 3863 οὕτω
2398 3809 2703 3863 διακεῖσθαι
2744 3811 2852 3881 χρὴ
2875 3850 2892 3876 ,
2926 3809 3021 3863 τοῦ
3056 3812 3239 3865 πᾶσαν
3272 3814 3553 3887 πατρικὴν
3587 3813 3726 3884 φιλοο

2049 3899 2303 3971 στοργίαν
2329 3898 2745 3968 ὑπερϐαίνοντος
2766 3901 2832 3971 τῇ
2856 3897 2955 3969 τῆς
2975 3898 3181 3963 οἰκείας
3205 3900 3548 3975 ἀγαθότητος
3572 3903 3727 3976 ὑπερ-

2048 3987 2200 4060 ϐολῇ.
2223 3986 2333 4040 Καὶ
2368 3986 2455 4040 ἶνα
2492 3986 2566 4058 μὴ
2601 3987 2851 4057 νομίσῃς.
2892 3988 2976 4041 ὅτι
3003 3987 3309 4059 στοχασμός
3336 3991 3459 4045 ἐστι
3491 3991 3560 4047 τά
3589 3993 3727 4064 εἰρη.

2050 4076 2207 4147 μένα.
2237 4077 2370 4148 φέρε
2397 4076 2483 4127 ἐπ’
2515 4074 2684 4147 αὐτὴν
2710 4075 2808 4147 τὴν
2846 4075 3074 4148 Γραφὴν
3098 4077 3191 4132 τὸν
3224 4075 3387 4147 λόγον
3414 4080 3726 4152 ἀγάγωμεν.

2061 4164 2279 4237 Ἐπειδὴ
2307 4164 2418 4237 γὰρ
2451 4164 2710 4237 ἠπατήθη
2744 4165 2838 4219 καί
2867 4164 3236 4240 παρελογίσθη
3267 4168 3423 4241 παρὰ
3449 4169 3544 4227 τοῦ
3572 4187 3728 4243 πονηι

2049 4251 2146 4324 ροῦ
2180 4252 2434 4324 δαίμονος
2461 4253 2489 4306 6
2517 4251 2810 4324 ἄνθρωπος
2831 4293 2846 4320 ,
2886 4252 3086 4325 ἰδωμεν
3119 4255 3236 4318 πῶς
3262 4257 3546 4330 ἁμαρτίαν
3584 4257 3729 4330 αὐτῷ

2045 4339 2304 4411 τοιαύτην
2336 4340 2640 4414 ἁμαρτόντι
2672 4339 2796 4395 τότε
2829 4341 3102 4414 ἐχρήσατο
3137 4343 3166 4397 6
3211 4342 3367 4409 Θεός.
3396 4339 3546 4420 Ἀρα
3594 4346 3730 4418 ἠφά-

2047 4444 2193 4483 νισεν
2241 4429 2404 4483 αὐτὸν
2454 4428 2770 4496 παντελῶς;
2806 4430 2985 4484 καίτοι
3027 4447 3094 4500 γε
3125 4433 3155 4486 6
3197 4432 3292 4487 τοῦ
3323 4433 3535 4490 δικαίου
3577 4436 3729 4507 λόγος

2045 4516 2204 4572 τοῦτο
2234 4518 2436 4590 ἀπῄτει
2467 4530 2514 4582 ο,
2546 4518 2640 4573 τὸν
2661 4518 2818 4572 οὐδὲν
2847 4518 2947 4590 μὲν
2981 4518 3096 4592 [88]
3133 4521 3340 4591 ἀγαθὸν
3384 4523 3728 4596 ἐπιδειξάμε-

2045 4622 2136 4659 νον
2158 4645 2174 4671 ,
2227 4605 2499 4678 τοσαύτης
2532 4606 2590 4660 δὲ
2633 4605 3026 4661 ἀπολαύσαντα
3063 4607 3165 4680 τῆς
3210 4610 3466 4679 εὐνοίας,
3516 4607 3635 4668 εἶτα
3665 4614 3728 4667 ἐκ

2047 4694 2350 4766 προοιμίων
2371 4695 2878 4767 ἀποσκιρτήσαντα,
2914 4694 3147 4770 ἀρθῆναι
3186 4699 3251 4753 ἐκ
3294 4699 3390 4755 τοῦ
3444 4701 3611 4773 μέσου
3637 4700 3729 4758 καί

2045 4782 2414 4855 ἀφανισθῆναι
2462 4785 2671 4838 τέλεον.
2724 4784 2864 4837 Ἀλλ’
2898 4785 3001 4839 οὐκ
3044 4786 3266 4859 ἐποίησε
3318 4787 3484 4845 τοῦτο
3517 4791 3549 4845 ὁ
3577 4789 3725 4859 Θεὸς,

2045 4871 2167 4927 οὐδὲ
2213 4871 2538 4940 ἐϐδελύξατο
2580 4872 2677 4927 καὶ
2705 4872 3036 4945 ἀπεστράφη
3081 4873 3172 4928 τὸν
3223 4874 3401 4942 οὕτως
3442 4878 3729 4949 ἀγνώμονα

2045 4959 2176 5031 περί
2206 4958 2298 5015 τὸν
2330 4960 2625 5032 εὐεργέτην
2651 4960 2963 5032 γενόμενον,
2991 4962 3106 5016 ἀλλῖ
3133 4961 3352 5035 ἔρχεται
3373 4966 3514 5037 πρὸς
3545 4966 3725 5038 αὐτὸν,

2046 5047 2298 5120 καθάπερ
2342 5047 2480 5119 πρὸς
2517 5049 2799 5121 ἄρρωστον
2845 5050 3049 5122 ἰατρός.
3098 5052 3210 5106 Καὶ
3240 5052 3317 5126 μὴ
3363 5055 3728 5130 παραδράμῃς

2046 5135 2235 5201 ἁπλῶς
2258 5137 2321 5190 τὸ
2345 5137 2637 5210 εἰρημένον
2655 5179 2671 5204 ,
2701 5139 2955 5209 ἀγαπητὲ
2973 5177 2988 5204 ,
3016 5139 3131 5194 ἀλλ’
3165 5141 3424 5215 ἐννόησον
3452 5143 3639 5216 ἡλίκον
3666 5142 3728 5199 τὸ

2048 5226 2185 5298 μήτε
2233 5224 2466 5294 ἀγγελον
2497 5225 2747 5305 πέμψαι,
2788 5228 2926 5299 μήτε
2955 5228 3299 5301 ἀρχάγγελον
3319 5269 3337 5296 ,
3383 5232 3528 5305 μήτε
3570 5231 3727 5289 ἄλλον

2026 5314 2167 5370 -τινά
2191 5313 2300 5368 τῶν
2330 5313 2630 5370 συνδούλων
2668 5302 2778 5368 τῶν
2807 5314 3038 5383 ἐκείνου,
3068 5316 3185 5372 ἀλλ’
3216 5302 3395 5375 αὐτὸν
3408 5302 3503 5375 τδν
3526 5318 3726 5379 Δεσπό-

2046 5420 2144 5473 την
2170 5402 2476 5475 καταϐῆναι
2505 5402 2642 5475 πρὸς
2676 5401 2769 5456 τὸν
2807 5406 3310 5476 παραπεπτωκότα,
3343 5410 3441 5463 καὶ
3478 5408 3726 5481 κείμενον

2045 5489 2374 5562 ἀναστῆσαι,
2404 5492 2501 5544 καί
2528 5491 2689 5563 μόνον
2740 5491 2879 5564 πρὸς
2904 5491 3065 5563 μόνον
3089 5534 3105 5561 ,
3135 5494 3388 5567 καθάπερ
3419 5496 3574 5566 φίλον
3594 5494 3725 5569 πρὸς

2046 5577 2199 5647 φίλον
2229 5579 2415 5644 κακῶς
2445 5581 2774 5652 πράττοντα,
2817 5582 2912 5635 καί
2938 5582 2998 5635 ἐν
3032 5580 3200 5654 πολλῇ
3227 5585 3576 5639 καταστάντα
3603 5578 3724 5641 δυσ-

2044 5667 2251 5739 ημερίᾳ
2282 5668 2706 5738 παραγενέσθαι.
2736 5670 2861 5723 ’Ότι
2891 5669 3000 5741 γὰρ
3030 5668 3190 5724 τοῦτο
3235 5672 3299 5724 ἐκ
3330 5668 3535 5742 πολλῆς
3572 5670 3725 5743 κηδε-

2050 5755 2241 5826 μονίας
2267 5757 2513 5827 ἐποίησε,
2533 5758 2626 5811 καὶ
2650 5758 2789 5814 αύτά
2810 5757 2880 5812 τά
2905 5760 3147 5831 ῥήματα.
3173 5757 3209 5813 ἀ
3236 5760 3375 5831 πρὸς
3395 5760 3563 5815 αὐτὸν
3581 5755 3722 5823 εἷπε,

2047 5843 2317 5905 δείκνυσιν
2345 5846 2510 5902 αὐτοῦ
2538 5846 2636 5920 τὴν
2664 5848 2872 5919 ἄφατον
2910 5849 3315 5922 φιλοστοργίαν.
3345 5849 3459 5903 Καὶ
3498 5850 3553 5905 τί
3585 5849 3722 5921 λέγω

2109 5965 2136 6032 9
2159 5967 2310 6032 Savil.
2335 5973 2388 6018 et
2408 5970 2607 6032 quidam
2628 5982 2744 6021 mss.
2767 5972 2984 6030 κολάζων
3006 5973 3058 6022 δὲ
3079 5973 3258 6031 οὐκέτι,
3281 5971 3329 6024 es
3345 5948 3582 6032 ἡμισείας.

2108 6029 2315 6100 138mm.
2345 6038 2400 6081 el.
2424 6029 2621 6095 Quidam
2655 6046 2771 6084 mss.
2795 6040 2880 6092 τῆς
2906 6029 3165 6099 βασιλείας.
3200 6029 3311 6085 Mox
3344 6029 3497 6082 iidem
3530 6030 3643 6100 πρὸς
3675 6030 3721 6080 ἐν

2048 6091 2245 6152 ικάστη.

2110 6156 2133 6185 ⁸
2162 6156 2311 6206 Savll.
2335 6160 2389 6206 et
2414 6156 2611 6213 quidam
2628 6170 2741 6208 mss,
2772 6156 2979 6210 ἀπαιτεῖ.
