3998 6428
344 369 416 427 95
1265 355 1356 412 AD
1394 335 1717 412 rerum.“
1757 349 2251 410 ANTIOCHENUM
2313 353 2545 411 neum.
2590 354 2700 413 vn.
3566 323 3636 422 at

345 479 482 552 qttod
514 474 745 532 maxime
781 469 990 528 videtur
1031 485 1203 540 neque
1229 466 1612 524 consolationis
1648 463 1929 535 vestigium

343 572 732 630 demonstrare.
765 564 859 620 sed
888 579 918 618 a
947 562 1320 618 consolaturus
1351 560 1560 631 penitus
1590 557 1768 614 verbis
1797 557 1932 612 alie-

344 679 468 718 num
496 676 617 718 esse
636 703 653 725 ,
681 660 735 714 in
766 658 998 713 medium
1030 669 1362 726 proponens,
1392 653 1533 724 quod
1557 652 1681 708 dico
1709 650 1934 707 manife-

341 766 483 810 stum
530 753 741 807 faciam.
788 749 937 818 Quod
968 747 1178 803 tandem
1211 756 1294 801 est
1335 745 1437 799 hoc
1475 744 1836 816 prooemium?
1867 742 1932 798 In

339 845 587 916 “principio
617 844 734 915 fecit
766 842 898 895 Deus
927 839 1104 895 caelum
1141 847 1184 893 et
1217 848 1399 893 terram
1425 854 1444 891 :
1475 848 1607 892 terra
1631 847 1796 892 autent
1826 847 1932 892 erat

339 934 603 987 invisibilis
630 943 674 985 et
702 932 1033 1000 incomposita
1055 973 1067 994 ,
1097 938 1144 983 et
1170 929 1381 984 lenebrw
1405 939 1547 982 erant
1570 946 1722 1000 super
1749 929 1932 1001 faciem

339 1028 504 1097 abyssi
533 1025 687 1096 (Gen.
718 1026 768 1079 l.
800 1025 852 1080 i.
882 1024 960 1095 ἓ).
991 1023 1258 1094 Numquid
1288 1023 1401 1078 haec
1426 1024 1690 1093 aliquibus
1719 1040 1749 1079 e
1775 1024 1932 1081 vobis

338 1119 588 1174 videntur
616 1118 841 1174 tristitia:
865 1118 1284 1173 consolationem
1307 1117 1505 1172 habere
1520 1117 1549 1170 Τ
1569 1131 1746 1173 nonne
1771 1119 1933 1174 histo-

337 1213 431 1266 rize
461 1212 694 1266 narratio
720 1221 800 1265 est
820 1252 835 1276 ,
863 1219 917 1267 et
941 1210 1008 1266 de
1035 1211 1304 1266 creatione
1330 1211 1610 1267 doctrina?

406 1304 460 1358 Ξ.
497 1303 667 1359 Vultis
710 1303 871 1373 igitur
910 1304 1272 1360 demonstrem
1299 1304 1717 1361 consolationem
1745 1307 1796 1362 in
1828 1307 1928 1362 hac

337 1396 481 1450 dicti:
507 1409 574 1450 no
612 1395 1019 1451 absconditam?
1049 1395 1326 1466 Exsurgite
1353 1397 1543 1466 igitur,
1573 1406 1628 1454 et
1654 1413 1774 1454 cum
1801 1401 1926 1456 dili-

331 1491 510 1559 gentia
533 1489 794 1545 advertite
813 1503 932 1559 quae
946 1488 1168 1544 dicenda
1196 1501 1336 1542 :unt.
1359 1490 1492 1546 Cum
1509 1491 1649 1545 enim
1673 1492 1925 1562 audieris,

333 1583 473 1650 quod
521 1583 710 1637 cadum
735 1624 751 1648 ,
776 1590 972 1636 terram
994 1623 1009 1646 ,
1041 1595 1185 1635 mare
1211 1623 1226 1648 ,
1255 1596 1436 1636 aerem
1457 1625 1471 1649 ,
1502 1598 1666 1654 aquas
1695 1625 1713 1650 ,
1743 1585 1927 1642 stellas

334 1675 552 1739 inultas,
582 1673 690 1729 duo
723 1673 1002 1727 luminaria
1025 1689 1238 1743 magna,
1269 1672 1496 1742 plantas,
1529 1674 1922 1744 quadrupedes,

333 1767 572 1819 tiafatilia
615 1773 670 1821 et
700 1764 930 1820 volatilia
974 1764 1219 1818 animalia
1245 1805 1260 1830 ,
1293 1764 1578 1834 omniaque
1605 1767 1926 1836 generaliter

288 1887 303 1905 .
329 1872 449 1926 quae
475 1857 736 1919 videntur,
760 1865 976 1925 propter
999 1864 1049 1909 te
1073 1840 1321 1924 tuamque
1346 1855 1571 1911 salutem
1590 1868 1641 1912 et
1665 1857 1921 1915 honorem

334 1946 476 2000 Deus
505 1946 788 2012 creaverit,
820 1961 997 2000 nonne
1029 1960 1272 2015 magnam
1303 1946 1450 2016 capis
1479 1947 1920 2016 consolationem,

327 2052 379 2097 ct
420 2042 709 2095 maximam
759 2040 1060 2095 dilectionis
1105 2039 1198 2095 Dei
1242 2040 1753 2097 demonstrationem
1785 2043 1922 2100 hanc

325 2135 576 2206 suscipis,
599 2150 718 2189 eum
747 2134 1079 2204 cogitaveris,
1104 2133 1244 2204 quod
1273 2143 1474 2188 tantum
1499 2144 1552 2189 et
1582 2136 1740 2191 talem
1768 2153 1922 2192 nutu-

327 2227 452 2280 dum
489 2267 502 2289 ,
547 2235 652 2278 tam
704 2224 980 2294 pulchrum
1037 2231 1088 2278 et
1146 2239 1395 2294 magnum
1449 2233 1504 2279 et
1551 2225 1918 2282 admirabilem

325 2326 549 2388 propter
574 2325 625 2370 te
657 2316 902 2385 pusillum
932 2316 983 2370 in
1009 2315 1239 2370 medium
1271 2316 1738 2386 protulerit?Cum
1763 2319 1922 2390 igitur

324 2409 583 2474 audieris,
618 2407 684 2462 In
714 2409 963 2479 principio
1002 2409 1118 2477 fecit
1163 2407 1301 2461 Deus
1331 2408 1509 2462 malum
1535 2418 1579 2463 et
1606 2419 1823 2476 terram,
1852 2426 1921 2468 ne

324 2499 641 2572 simpliciter
668 2499 867 2554 dictum
899 2509 1277 2568 printercurras
1302 2541 1316 2563 ,
1339 2499 1432 2554 sed
1469 2507 1624 2555 terra:
1656 2501 1922 2572 magnitu-

323 2589 504 2646 dinem
536 2597 715 2644 mente
744 2601 996 2660 percurre
1017 2631 1030 2653 ,
1059 2597 1112 2644 et
1139 2599 1324 2659 reputa
1355 2603 1512 2659 quam
1540 2590 1737 2645 lautam
1766 2592 1919 2648 nobis

323 2693 373 2736 et
399 2673 635 2752 opimam
664 2680 910 2750 produxit
931 2693 1191 2743 mensam,
1219 2687 1274 2734 et
1301 2681 1519 2734 multam
1544 2681 1739 2750 passim
1764 2683 1916 2738 nobis

322 2773 732 2829 delectationem
765 2771 988 2841 praebuit
1007 2789 1022 2827 :
1040 2781 1092 2825 et
1109 2771 1250 2843 quod
1273 2773 1486 2844 quidem
1506 2783 1588 2829 est
1603 2775 1915 2845 maximum,

325 2867 373 2920 in
403 2866 675 2920 nullorum
701 2865 942 2919 laborum
972 2866 1378 2920 retributionem
1404 2867 1569 2934 dedit,
1598 2884 1697 2924 nec
1725 2871 1776 2924 in
1807 2887 1918 2927 me-

323 2958 549 3010 ritorum
603 2956 878 3026 prtemium
933 2965 1135 3009 tantum
1186 2963 1242 3010 et
1295 2957 1454 3012 talem
1503 2959 1790 3027 mundum;
1823 2962 1914 3018 sed

322 3050 522 3119 pariter
545 3063 641 3103 nos
670 3049 844 3113 finxit,
867 3057 921 3103 et
949 3047 1050 3103 hoc
1078 3064 1242 3119 regno
1270 3064 1437 3120 genus
1467 3059 1708 3106 nostrum
1743 3052 1913 3108 hono-

322 3143 458 3199 ravit
491 3162 504 3196 :
538 3143 707 3214 inquit
739 3143 881 3198 enim
906 3185 922 3210 ,
957 3142 1232 3196 Faciamus
1271 3142 1524 3197 hominem
1551 3143 1621 3197 ad
1645 3145 1914 3216 imaginem

315 3253 360 3291 et
391 3239 804 3292 similitudinem
838 3251 1077 3293 nostram
1103 3237 1254 3311 (Gen.
1279 3237 1333 3295 1.
1367 3239 1483 3312 26).
1512 3239 1653 3307 Quid
1679 3247 1786 3308 est,
1829 3240 1912 3293 Ad

316 3332 603 3401 imaginem
620 3342 668 3383 et
685 3332 1091 3385 similitudinem
1117 3342 1356 3387 nostram
1373 3331 1754 3405 ?Principatus
1779 3334 1916 3387 ima-

318 3418 496 3485 ginem
527 3416 677 3475 dixit.
706 3416 917 3469 utsicut
945 3415 1118 3469 nullus
1149 3415 1200 3470 in
1223 3415 1353 3470 caelo
1380 3424 1464 3471 est
1495 3416 1603 3472 Deo
1630 3423 1907 3488 Superior,

319 3509 393 3562 sic
417 3523 583 3576 super
606 3517 800 3561 terram
821 3507 993 3561 nullus
1015 3507 1081 3560 sit
1103 3505 1320 3561 homine
1343 3511 1604 3577 superior.
1627 3509 1744 3566 Uno
1766 3514 1909 3566 enim

319 3596 414 3653 hoc
439 3608 499 3653 et
524 3597 694 3666 primo
724 3596 1022 3663 honoravit,
1045 3597 1186 3666 quod
1208 3597 1273 3651 ad
1301 3597 1584 3668 imaginem
1611 3615 1759 3655 suam
1787 3618 1909 3658 eum

319 3687 506 3745 iecerit
529 3705 544 3742 :
570 3687 838 3752 secundo,
870 3687 1013 3758 quod
1045 3704 1148 3743 non
1175 3689 1416 3742 laborum
1448 3691 1724 3759 praemium
1756 3695 1909 3750 nobis

320 3781 599 3852 impellam
628 3781 932 3851 praebuerit,
956 3779 1048 3835 sed
1071 3781 1240 3835 solam
1277 3780 1578 3836 exhibuerit
1611 3783 1908 3853 benignita-

318 3875 382 3930 tis
410 3891 526 3930 suae
553 3875 776 3945 gratiam
808 3893 820 3928 :
854 3874 1013 3929 tertio
1055 3881 1234 3929 autem
1279 3873 1423 3943 quod
1471 3875 1711 3930 naturale
1753 3876 1908 3933 nobis

316 3967 440 4022 illud
485 3967 738 4039 elargitus
780 3966 868 4020 sit.
896 3965 1121 4035 imperia
1158 3965 1300 4020 enim
1341 3971 1432 4018 aut
1461 3965 1722 4020 naturalia
1750 3977 1904 4032 sunt,

315 4070 402 4115 aut
420 4059 685 4117 electione
713 4059 881 4121 fiunt;
913 4057 1170 4112 naturalia
1209 4065 1367 4124 sunt,
1402 4065 1460 4112 ut
1483 4057 1651 4112 leonis
1682 4057 1734 4112 in
1773 4073 1904 4128 qua-

315 4151 602 4222 drupedes,
623 4161 677 4206 et
704 4150 755 4204 iu
786 4165 912 4205 aves
941 4149 1164 4220 aquilae;
1187 4148 1452 4204 electione
1475 4147 1626 4218 fiunt,
1651 4149 1785 4204 sicut
1812 4165 1908 4204 no-

315 4244 410 4299 stri
446 4241 812 4314 Imperatoris.
845 4241 940 4296 llic
965 4241 1107 4296 enim
1149 4254 1256 4294 non
1283 4250 1468 4295 natura
1496 4241 1772 4296 conservis
1803 4241 1906 4296 im-

317 4344 483 4404 perat,
509 4335 631 4390 ideo
655 4349 799 4404 saepe
829 4331 1110 4404 imperium
1139 4331 1356 4385 amittit.
1389 4331 1535 4386 Talia
1567 4333 1710 4388 enim
1741 4342 1904 4400 sunt,

316 4442 431 4494 quae
454 4441 562 4480 non
589 4433 793 4480 naturae
818 4424 1085 4479 inhaerent
1106 4462 1121 4488 ,
1153 4431 1208 4477 ut
1233 4421 1386 4478 facile
1417 4423 1701 4478 admittant
1728 4436 1906 4480 muta-

317 4518 534 4572 tionem.
580 4517 650 4571 At
693 4531 801 4570 non
849 4515 920 4570 ita
971 4515 1055 4569 leo
1081 4555 1096 4581 ,
1121 4513 1214 4568 sed
1254 4521 1443 4568 natura
1477 4513 1907 4584 quadrupedibus

316 4607 655 4674 dominatur,
686 4607 826 4661 sicut
863 4605 1046 4661 itidem
1098 4614 1152 4660 et
1193 4605 1408 4660 alitibus
1451 4604 1650 4676 aquila.
1682 4605 1907 4676 Semper

318 4698 474 4768 igitur
518 4713 640 4753 cum
688 4712 887 4768 genere
914 4696 1202 4766 conjuncta
1243 4703 1327 4750 est
1355 4697 1504 4766 regni
1535 4697 1745 4767 species
1767 4738 1782 4764 ,
1809 4714 1907 4754 nec

317 4789 479 4843 ullum
509 4789 629 4860 quis
656 4789 803 4845 videt
840 4790 1051 4844 leonem
1093 4797 1344 4858 umquam
1389 4786 1533 4842 hunc
1570 4787 1904 4844 amittentem

320 4881 688 4952 principatum.
716 4879 848 4936 Tale
896 4881 1050 4936 nobis
1091 4880 1374 4949 imperium
1408 4877 1548 4934 Deus
1574 4893 1605 4932 a
1644 4879 1906 4950 principio

320 4972 536 5043 largitus
562 4982 665 5038 est,
695 4982 748 5028 et
774 4987 872 5028 nos
897 4971 1146 5027 omnibus
1176 4970 1467 5041 praeposuit
1493 4987 1508 5025 :
1538 4985 1638 5025 nec
1665 4971 1766 5026 hoc
1790 4971 1908 5027 solo

321 5077 558 5121 naturam
590 5074 827 5121 nostram
856 5065 1150 5132 decoravit,
1180 5064 1274 5119 sed
1300 5072 1354 5120 et
1376 5063 1489 5134 ipsa
1518 5062 1621 5118 loci
1650 5071 1910 5134 praestan-

321 5156 422 5225 tia,
451 5159 718 5229 egregium
759 5158 915 5213 nobis
960 5156 1320 5212 habitaculum
1364 5155 1652 5224 designans
1689 5155 1906 5226 paradi-

319 5263 458 5316 sum,
484 5257 537 5305 et
563 5249 822 5305 rationem
845 5248 1001 5316 dans,
1027 5255 1083 5304 et
1106 5247 1339 5304 animam
1368 5245 1602 5318 largiens
1625 5245 1910 5302 immorta-

321 5336 443 5391 lem.
509 5385 528 5401 ,
1863 5355 1865 5357 ’

390 5427 529 5485 Deus”
558 5446 661 5485 non
691 5439 883 5485 tantum
919 5448 1035 5486 cum
1062 5430 1310 5503 benefacit
1332 5471 1348 5497 ,
1381 5429 1469 5486 sed
1492 5429 1644 5484 etiam
1678 5443 1793 5483 cum
1820 5445 1913 5484 can

323 5519 490 5592 stigat,
516 5521 673 5578 bonus
713 5533 806 5578 est.
832 5523 1031 5580 —Sed
1079 5538 1186 5579 non
1231 5523 1347 5578 hate
1391 5519 1604 5578 dicam:
1632 5535 1732 5592 ego
1761 5522 1905 5579 enim

325 5620 518 5671 tantam
556 5615 655 5672 Dei
693 5615 990 5672 dilectionis
1019 5615 1559 5687 superabundantiam
1597 5625 1718 5670 esse
1746 5614 1865 5670 dico
1887 5656 1903 5682 ,

325 5718 506 5763 utnon
536 5718 742 5765 tantum
787 5725 854 5766 ex
891 5711 956 5766 iis
1001 5710 1193 5782 quibus
1240 5723 1340 5765 nos
1383 5707 1702 5774 honoravit,
1731 5707 1824 5763 sed
1852 5714 1908 5762 et

327 5799 512 5873 quibus
561 5802 880 5874 castigavit,
925 5802 1169 5860 similiter
1221 5801 1489 5874 possimus
1539 5801 1905 5860 demonstrare

2050 463 2217 534 ipsius
2260 465 2553 524 bonitatem
2601 477 2656 525 et
2699 470 3096 542 benignitatem.
3132 472 3202 530 Et
3253 474 3355 533 hoc
3405 479 3638 535 maxime

2045 558 2284 612 omnium
2333 575 2428 616 vos
2469 575 2592 618 cum
2637 563 2913 636 diligentia
2953 568 3295 626 considerare
3344 571 3634 639 cohortor,

2045 648 2210 703 Deum
2261 664 2366 706 non
2414 660 2617 708 tantum
2670 670 2791 711 cum
2833 657 3058 715 honorat
3103 669 3157 716 et
3199 659 3497 729 benefacit,
3542 669 3635 719 sed

2041 747 2096 792 et
2121 755 2243 794 eum
2272 743 2494 812 castigat
2517 752 2569 798 et
2596 747 2767 816 punit,
2789 749 3036 806 similiter
3055 767 3175 807 esse
3196 753 3391 808 bonum
3413 773 3427 809 :
3450 764 3503 810 ct
3521 755 3634 810 sive

2041 839 2226 886 contra
2253 835 2497 903 gentiles,
2518 836 2634 893 sive
2654 849 2840 894 contra
2862 841 3142 901 haereticos
3171 846 3324 902 nobis
3341 849 3631 903 certamina

2040 933 2372 989 moveantur,
2405 935 2459 980 et
2486 941 2674 998 pugna:
2703 929 2770 984 de
2800 931 2893 987 Dei
2921 933 3271 1005 benignitate,
3291 953 3393 992 non
3425 948 3631 994 tantum

2037 1028 2105 1069 ex
2126 1014 2318 1084 quibus
2341 1033 2440 1073 nos
2466 1019 2768 1090 honoravit,
2793 1025 2884 1079 sed
2906 1035 2959 1080 et
2983 1029 3257 1097 exquibus
3279 1046 3376 1085 nos
3402 1032 3628 1102 punivit,

2038 1105 2206 1176 ipsius
2236 1109 2524 1166 bonitatcm
2555 1113 3060 1174 demonstrabimus.
3093 1122 3149 1177 Si
3179 1125 3321 1179 enim
3355 1125 3627 1184 honorans

2041 1209 2243 1256 tantum
2273 1202 2446 1259 bonus
2474 1215 2636 1274 esset,
2661 1210 2888 1277 puniens
2914 1227 3042 1268 vero
3069 1232 3173 1270 non
3200 1226 3360 1286 esset,
3389 1235 3457 1276 ex
3481 1221 3631 1278 dimi-

2038 1293 2125 1350 dio
2153 1296 2326 1352 bonus
2347 1309 2521 1366 esset;
2549 1302 2642 1357 sed
2671 1318 2777 1358 non
2809 1305 2878 1360 ita
2907 1317 2989 1362 est
3013 1351 3025 1374 ,
3054 1309 3209 1364 absit.
3245 1312 3300 1366 in
3329 1312 3630 1374 hominibus

2035 1389 2250 1458 quidem
2283 1391 2382 1447 hoc
2409 1395 2626 1449 evenire
2658 1397 2945 1455 verisimile
2983 1412 3063 1455 est
3087 1446 3099 1469 ,
3124 1406 3374 1472 quoniam
3395 1423 3514 1464 cum
3544 1410 3629 1467 fu-

2036 1494 2158 1536 rore
2199 1491 2254 1538 et
2292 1497 2356 1538 ex
2398 1485 2586 1542 affectu
2615 1503 2799 1557 pennas
2829 1491 3096 1560 inferunt;
3132 1495 3271 1552 Deus
3301 1511 3475 1555 autem
3505 1517 3628 1559 cum

2037 1573 2196 1628 nullis
2219 1575 2287 1630 sit
2311 1575 2588 1634 affectibus
2606 1580 2887 1648 obnoxius,
2918 1585 3030 1641 sive
3059 1587 3373 1658 benefaciat,
3397 1593 3508 1648 sive
3529 1609 3630 1665 pu-

2035 1663 2146 1719 niat
2169 1706 2184 1728 ,
2213 1667 2460 1724 similiter
2484 1680 2566 1725 est
2597 1671 2769 1728 bonus
2793 1692 2805 1728 :
2836 1689 2934 1730 nec
2963 1691 3126 1747 regno
3153 1681 3330 1736 minus
3371 1663 3629 1753 gehennze

2034 1759 2378 1813 Comminatio
2409 1761 2574 1832 ipsius
2600 1762 2891 1820 bonitatem
2916 1767 3249 1826 demonstrat
3279 1789 3291 1825 :
3321 1763 3506 1844 etquo
3532 1791 3627 1846 pa-

2032 1857 2122 1903 cto
2148 1849 2197 1904 id
2225 1849 2333 1918 fiat,
2363 1867 2462 1923 ego
2487 1854 2682 1909 dicam.
2711 1856 2819 1911 Nisi
2848 1858 3142 1928 gehennam
3165 1864 3396 1920 minatus
3420 1867 3624 1935 fuisset,

2033 1940 2133 1995 nisi
2178 1957 2387 2012 paruam
2423 1959 2808 2016 prmparasset,
2839 1965 2942 2004 non
2981 1953 3132 2008 multi
3164 1970 3384 2026 regnum
3415 1973 3627 2030 assequi

2034 2035 2350 2101 pomissent.
2380 2035 2494 2092 Non
2522 2040 2665 2094 enim
2693 2042 2760 2095 ita
2791 2041 3052 2099 bonorum
3099 2051 3383 2116 promissio
3424 2053 3488 2108 ad
3520 2055 3628 2110 vir-

2033 2134 2195 2178 tutem
2243 2129 2440 2184 multos
2477 2141 2697 2198 evocat,
2731 2143 2788 2188 ut
2832 2137 3093 2192 malorum
3127 2140 3405 2198 intentatio
3435 2146 3626 2204 timore

2029 2217 2337 2285 compellit,
2367 2227 2420 2273 et
2469 2219 2534 2274 ad
2577 2223 2770 2277 anima:
2817 2239 2999 2281 curam
3049 2229 3262 2285 excitat.
3296 2231 3475 2302 Itaque
3523 2239 3624 2292 etsi

2029 2307 2280 2361 cuduntur
2311 2325 2475 2379 regno
2490 2310 2728 2380 geheuna
2751 2319 3014 2372 contraria
3042 2329 3142 2386 εει,
3167 2321 3231 2375 ad
3255 2338 3415 2377 unum
3447 2333 3626 2383 tamen

2029 2401 2186 2454 ambo
2219 2403 2377 2456 linem
2408 2407 2725 2473 reSpiciunt,
2751 2407 3025 2464 hominum
3056 2413 3283 2470 salutem
3315 2417 3477 2473 :illud
3506 2423 3622 2491 qui-

2028 2490 2148 2545 dem
2175 2492 2242 2548 ad
2271 2509 2330 2549 se
2360 2495 2619 2563 alliciens,
2654 2498 2767 2554 lucc
2797 2509 2976 2556 autem
3008 2502 3074 2558 ad
3103 2504 3234 2562 illud
3255 2490 3620 2582 compellens,

2028 2595 2080 2639 et
2107 2586 2516 2658 negligentiores
2549 2591 2739 2648 timore
2768 2598 3063 2666 corrigens.

2098 2678 2151 2732 5.
2187 2678 2336 2733 llunc
2362 2689 2538 2736 autem
2568 2697 2672 2737 non
2702 2684 2968 2740 incassum
3007 2703 3308 2746 sermonem
3343 2697 3616 2765 protraho;

2025 2767 2118 2823 sed
2148 2772 2397 2841 quoniam
2425 2787 2568 2843 sa'pe
2589 2773 2728 2831 fame
2756 2785 2808 2832 et
2835 2779 3163 2836 siccitatibus
3186 2786 3540 2855 venientibus,
3565 2801 3619 2847 et

2024 2861 2175 2917 bellis
2197 2907 2210 2929 ,
2242 2872 2296 2917 et
2324 2864 2398 2919 ira
2426 2867 2570 2937 regia
2602 2868 2835 2925 irruente
2860 2914 2875 2938 ,
2900 2882 2950 2927 et
2979 2873 3098 2930 aliis
3137 2876 3432 2935 istiusmodi
3465 2883 3618 2939 inex-

2022 2956 2276 3022 spectatis
2301 2957 2480 3026 rebus,
2509 2959 2659 3014 multi
2689 2961 3043 3032 simpliciores
3073 2966 3345 3038 decipiunt
3366 2971 3613 3040 dicendo,

2022 3059 2126 3098 non
2155 3045 2313 3116 digna
2347 3046 2462 3103 haec
2505 3064 2624 3106 esse
2665 3051 2758 3106 Dei
2807 3055 3157 3122 providentia.
3183 3058 3262 3114 Ne
3286 3061 3449 3131 igitur
3474 3065 3617 3121 deci-

2023 3134 2259 3204 piamur,
2290 3138 2384 3194 sed
2425 3149 2575 3197 certe
2618 3143 2886 3212 sciamus,
2916 3148 3060 3216 quod
3097 3149 3215 3207 sive
3257 3152 3473 3223 famem,
3502 3158 3616 3214 sive

2021 3225 2239 3295 bellum,
2263 3230 2376 3286 sive
2406 3231 2549 3287 aliud
2576 3234 2948 3308 quodcumque
2974 3240 3257 3297 molestum
3281 3243 3518 3316 inducat,
3547 3264 3614 3304 ex

2021 3315 2346 3387 benignitate
2371 3329 2426 3376 et
2457 3323 2618 3377 multa
2648 3324 2934 3383 dilectione
2960 3328 3063 3385 hoc
3091 3331 3316 3402 efﬁciat,
3341 3333 3466 3392 huic
3493 3352 3609 3394 ser-

2020 3411 2165 3464 moni
2193 3421 2409 3468 coactus
2438 3429 2554 3469 sum
2587 3415 2880 3473 immorari.
2909 3420 3044 3476 Nam
3085 3432 3138 3478 et
3164 3435 3342 3494 patres
3371 3431 3614 3487 omnium

2021 3503 2250 3558 maxime
2279 3505 2414 3560 filios
2440 3517 2683 3566 amantes
2709 3519 2762 3566 et
2785 3527 2968 3568 mensa
2999 3514 3307 3586 prohibent,
3328 3529 3380 3574 et
3401 3519 3608 3594 flagella

2018 3589 2279 3662 inﬂigunt,
2304 3605 2356 3650 et
2377 3596 2611 3653 afﬁciunt
2631 3599 2937 3671 ignominia,
2956 3611 3012 3660 et
3037 3605 3157 3663 aliis
3177 3607 3399 3666 infinitis
3422 3589 3614 3672 talibus

2018 3681 2352 3740 lascivientes
2379 3701 2578 3756 pueros
2603 3692 2877 3763 corrigunt
2901 3711 2914 3748 :
2938 3695 3033 3750 sed
3056 3704 3233 3753 tamen
3262 3710 3438 3770 patres
3464 3716 3608 3773 sunt,

2018 3788 2122 3828 non
2155 3783 2355 3831 tantum
2387 3779 2511 3832 dum
2541 3780 2806 3838 honorant
2829 3824 2844 3852 ,
2876 3785 2970 3840 sed
2995 3795 3050 3841 et
3069 3787 3196 3843 dum
3228 3790 3341 3846 hinc
3373 3793 3570 3849 faciunt
3593 3837 3608 3862 ,

2015 3873 2070 3921 et
2118 3876 2242 3922 tunc
2282 3871 2512 3926 maxime
2543 3881 2754 3942 patres,
2787 3891 2906 3930 cum
2936 3876 3050 3933 haec
3076 3879 3292 3936 faciunt.
3325 3881 3381 3936 Si
3432 3895 3609 3940 autem

2016 3959 2278 4028 homines,
2297 3962 2387 4032 qui
2403 3963 2582 4019 furore
2610 3975 2660 4020 et
2692 3966 2768 4020 ira
2791 3982 2932 4038 saepe
2957 3969 3026 4024 ab
3052 3971 3162 4025 utili
3185 3972 3470 4042 declinant,
3500 3993 3610 4034 non

2015 4050 2327 4108 crudelitate
2355 4062 2409 4108 et
2436 4053 2842 4126 inhumanitate,
2863 4057 3609 4138 sedcuraetcharitate,quos

2013 4151 2232 4208 amant,
2265 4145 2453 4214 punire
2499 4154 2796 4216 putantur:
2829 4151 2998 4206 multo
3048 4153 3215 4224 magis
3265 4154 3333 4210 de
3381 4155 3494 4214 Deo
3531 4160 3632 4214 sic.

2013 4236 2215 4291 sentire
2243 4245 2476 4308 Oportet,
2499 4240 2587 4310 qui
2614 4239 2867 4297 bonitatis
2895 4258 3006 4298 sua:
3031 4247 3245 4302 cumulo
3265 4264 3479 4305 onmem
3506 4267 3611 4307 ex-

2014 4327 2157 4382 cedit
2187 4337 2460 4398 paternam
2473 4334 2810 4392 charitatem.
2829 4335 2894 4392 Et
2913 4351 2980 4390 ne
3006 4337 3198 4394 credas
3222 4339 3334 4396 haec
3354 4358 3452 4414 per
3479 4359 3610 4401 con-

2008 4419 2269 4490 jecturam
2295 4437 2415 4478 esse
2439 4422 2599 4490 dicta,
2630 4438 2727 4495 age
2752 4426 2817 4480 ad
2846 4427 3012 4497 ipsam
3039 4428 3368 4501 Scripturam
3394 4451 3606 4492 sermo-

2014 4528 2082 4568 ne
2102 4523 2450 4570 revertamur.
2470 4516 2756 4588 Postquam
2784 4520 2924 4575 enim
2956 4519 3118 4578 homo
3133 4523 3203 4580 ab
3227 4526 3472 4597 improbo
3499 4530 3612 4587 da:-

2014 4621 2172 4662 mone
2212 4605 2468 4679 deceptus
2508 4620 2565 4666 et
2606 4611 2827 4666 allectus
2870 4621 2983 4677 est,
3017 4613 3293 4672 videamus
3337 4624 3609 4688 quomodo

2015 4697 2186 4768 ipsum
2217 4699 2319 4755 tale
2345 4709 2622 4770 operatum
2649 4703 2851 4758 crimen
2879 4702 3020 4758 Deus
3048 4707 3311 4761 tractavit.
3341 4706 3602 4779 Numquil

2013 4791 2189 4861 ipsum
2224 4793 2442 4847 omnino
2472 4793 2734 4863 perdidit?
2756 4804 2808 4848 et
2834 4795 3046 4865 quidem
3085 4796 3304 4866 justitize
3343 4801 3479 4856 ratio
3507 4802 3609 4857 hoc

2013 4885 2295 4957 exigebat,
2318 4887 2450 4942 nihil
2491 4887 2704 4958 quidem
2741 4887 2866 4943 boui
2901 4898 3177 4959 operatum
3206 4931 3221 4956 ,
3253 4900 3452 4948 tantam
3481 4909 3612 4952 vero

2015 4977 2441 5035 benevolentiam
2483 4989 2830 5050 assequutum
2851 5024 2866 5048 ,
2893 4997 3016 5036 mox
3054 4997 3085 5037 a
3119 4985 3428 5054 primordiis
3452 4991 3611 5045 lasci-

2014 5069 2246 5125 vientem
2278 5069 2346 5126 de
2389 5071 2564 5126 medio
2589 5071 2737 5139 tolli,
2764 5080 2818 5126 et
2844 5069 3086 5128 funditus
3110 5074 3298 5132 deleri.
3345 5077 3454 5135 Sed
3502 5094 3609 5137 non

2014 5163 2140 5220 fecit
2168 5163 2270 5219 hoc
2298 5163 2457 5229 Deus,
2489 5179 2589 5220 nec
2616 5164 2952 5221 abominatus
2979 5177 3084 5235 est,
3113 5183 3213 5225 nec
3236 5184 3358 5226 eum
3386 5187 3610 5228 aversa-

2015 5265 2102 5311 tus
2125 5297 2141 5324 ,
2171 5255 2261 5326 qui
2292 5271 2352 5311 se
2383 5265 2489 5311 tam
2516 5256 2782 5327 ingratum
2813 5257 2865 5312 in
2897 5257 3296 5319 benefactorem
3322 5262 3564 5320 exhibui:
3593 5304 3609 5328 ,

2014 5350 2108 5406 sed
2150 5351 2217 5405 ad
2258 5350 2430 5420 ipsum
2458 5349 2639 5420 venit,
2666 5352 2806 5407 sicut
2846 5353 2914 5408 ad
2960 5364 3220 5426 aegrotum
3252 5355 3511 5414 medicus.
3540 5355 3607 5413 Et

2015 5443 2126 5498 noli
2153 5444 2440 5500 oscitanter
2463 5443 2666 5500 dictum
2696 5454 3130 5521 praetercurrere,
3149 5445 3493 5516 eharissime,
3512 5449 3607 5506 sed

2013 5537 2186 5607 cogita
2212 5536 2369 5607 quale
2398 5545 2633 5606 est,nec
2653 5539 2926 5609 angelum,
2956 5555 3056 5597 nec
3085 5540 3483 5611 archangelum,
3507 5559 3608 5601 nec

2015 5627 2180 5683 ullum
2205 5628 2368 5684 alium
2390 5628 2532 5687 illius
2551 5645 2934 5687 conservorum
2957 5629 3184 5696 misisse,
3207 5631 3302 5688 sed
3320 5646 3616 5703 ipsummet

2016 5722 2298 5778 Dominum
2339 5722 2406 5779 ad
2433 5723 2726 5795 collapsum
2757 5723 3131 5789 descendisse,
3150 5725 3418 5797 jaccutem
3467 5729 3602 5786 rele-

2022 5833 2195 5891 vasse,
2224 5829 2277 5877 et
2305 5819 2478 5878 solum
2507 5819 2572 5877 ad
2595 5818 2764 5876 solum
2789 5827 3057 5893 tamquam
3087 5819 3152 5876 ad
3183 5820 3413 5879 amicum
3441 5821 3621 5878 inform
