  <div class='ocr_page' id='page_1' title='image "/cluster/home/n/w/nwhite01/storage/ocr_20150623/49:no.2:pt.1/coo.31924054869486/097.png"; bbox 0 0 3998 6462; ppageno 0'>
   <div class='ocr_carea' id='block_1_1' title="bbox 394 365 3661 440">
    <p class='ocr_par' dir='ltr' id='par_1_1' title="bbox 394 365 3661 440">
     <span class='ocr_line' id='line_1_1' title="bbox 394 365 3661 440; baseline -0.004 0"><span class='ocrx_word' id='word_1_1' title='bbox 394 381 464 440; x_wconf 72' lang='grc'><strong>95</strong></span> <span class='ocrx_word' id='word_1_2' title='bbox 1135 379 1192 435; x_wconf 83' lang='lat' dir='ltr'><strong>S.</strong></span> <span class='ocrx_word' id='word_1_3' title='bbox 1231 375 1502 434; x_wconf 75' lang='lat' dir='ltr'><strong>JOANNIS</strong></span> <span class='ocrx_word' id='word_1_4' title='bbox 1539 366 1999 430; x_wconf 60' lang='lat' dir='ltr'><strong>CHRYSOSTOSU</strong></span> <span class='ocrx_word' id='word_1_5' title='bbox 2039 365 2352 422; x_wconf 75' lang='lat' dir='ltr'><strong>ARCHIEP.</strong></span> <span class='ocrx_word' id='word_1_6' title='bbox 2394 366 2923 424; x_wconf 68' lang='lat' dir='ltr'><strong>CONSTANTI‘NOP.</strong></span> <span class='ocrx_word' id='word_1_7' title='bbox 3595 371 3661 426; x_wconf 67' lang='grc' dir='ltr'>ιθ</span> 
     </span>
    </p>
   </div>
   <div class='ocr_carea' id='block_1_2' title="bbox 398 485 1969 564">
    <p class='ocr_par' dir='ltr' id='par_1_2' title="bbox 398 485 1969 564">
     <span class='ocr_line' id='line_1_2' title="bbox 398 485 1969 564; baseline -0.009 -13"><span class='ocrx_word' id='word_1_8' title='bbox 398 502 638 551; x_wconf 91' lang='lat' dir='ltr'><strong>tnnatnm</strong></span> <span class='ocrx_word' id='word_1_9' title='bbox 680 501 735 550; x_wconf 91' lang='lat' dir='ltr'><strong>et</strong></span> <span class='ocrx_word' id='word_1_10' title='bbox 767 492 820 549; x_wconf 92' lang='lat' dir='ltr'><strong>in</strong></span> <span class='ocrx_word' id='word_1_11' title='bbox 846 505 1031 564; x_wconf 85' lang='lat' dir='ltr'><strong>magna</strong></span> <span class='ocrx_word' id='word_1_12' title='bbox 1069 490 1414 548; x_wconf 88' lang='lat' dir='ltr'><strong>constitutum</strong></span> <span class='ocrx_word' id='word_1_13' title='bbox 1443 485 1762 542; x_wconf 86' lang='lat' dir='ltr'><strong>adversitate</strong></span> <span class='ocrx_word' id='word_1_14' title='bbox 1788 497 1969 538; x_wconf 89' lang='lat' dir='ltr'><strong>acces-</strong></span> 
     </span>
    </p>
   </div>
   <div class='ocr_carea' id='block_1_3' title="bbox 398 568 1973 647">
    <p class='ocr_par' dir='ltr' id='par_1_3' title="bbox 398 568 1973 647">
     <span class='ocr_line' id='line_1_3' title="bbox 398 568 1973 647; baseline -0.01 -12"><span class='ocrx_word' id='word_1_15' title='bbox 398 583 552 636; x_wconf 81' lang='lat' dir='ltr'><strong>sisse.</strong></span> <span class='ocrx_word' id='word_1_16' title='bbox 577 577 726 647; x_wconf 87' lang='lat' dir='ltr'><strong>Quod</strong></span> <span class='ocrx_word' id='word_1_17' title='bbox 753 578 895 633; x_wconf 88' lang='lat' dir='ltr'><strong>enim</strong></span> <span class='ocrx_word' id='word_1_18' title='bbox 923 591 986 631; x_wconf 85' lang='lat' dir='ltr'><strong>ex</strong></span> <span class='ocrx_word' id='word_1_19' title='bbox 1009 575 1171 628; x_wconf 88' lang='lat' dir='ltr'><strong>multa</strong></span> <span class='ocrx_word' id='word_1_20' title='bbox 1195 571 1570 628; x_wconf 83' lang='lat' dir='ltr'><strong>hoccharitate</strong></span> <span class='ocrx_word' id='word_1_21' title='bbox 1582 568 1973 635; x_wconf 80' lang='lat' dir='ltr'><strong>fecerit,etipsa</strong></span> 
     </span>
    </p>
   </div>
   <div class='ocr_carea' id='block_1_4' title="bbox 398 660 1972 740">
    <p class='ocr_par' dir='ltr' id='par_1_4' title="bbox 398 660 1972 740">
     <span class='ocr_line' id='line_1_4' title="bbox 398 660 1972 740; baseline -0.011 -13"><span class='ocrx_word' id='word_1_22' title='bbox 398 672 580 734; x_wconf 90' lang='lat' dir='ltr'><strong>verba,</strong></span> <span class='ocrx_word' id='word_1_23' title='bbox 603 685 720 740; x_wconf 65' lang='lat' dir='ltr'><strong>quae</strong></span> <span class='ocrx_word' id='word_1_24' title='bbox 741 667 806 723; x_wconf 90' lang='lat' dir='ltr'><strong>ad</strong></span> <span class='ocrx_word' id='word_1_25' title='bbox 831 667 998 737; x_wconf 87' lang='lat' dir='ltr'><strong>ipsum</strong></span> <span class='ocrx_word' id='word_1_26' title='bbox 1021 663 1174 732; x_wconf 85' lang='lat' dir='ltr'><strong>dixit,</strong></span> <span class='ocrx_word' id='word_1_27' title='bbox 1203 663 1366 733; x_wconf 83' lang='lat' dir='ltr'><strong>ipsius</strong></span> <span class='ocrx_word' id='word_1_28' title='bbox 1393 660 1710 716; x_wconf 70' lang='lat' dir='ltr'><strong>ineffabilem</strong></span> <span class='ocrx_word' id='word_1_29' title='bbox 1737 670 1972 711; x_wconf 89' lang='lat' dir='ltr'><strong>amorem</strong></span> 
     </span>
    </p>
   </div>
   <div class='ocr_carea' id='block_1_5' title="bbox 398 744 1975 826">
    <p class='ocr_par' dir='ltr' id='par_1_5' title="bbox 398 744 1975 826">
     <span class='ocr_line' id='line_1_5' title="bbox 398 744 1975 826; baseline -0.011 -10"><span class='ocrx_word' id='word_1_30' title='bbox 398 762 779 816; x_wconf 77' lang='lat' dir='ltr'><strong>demonstrant.</strong></span> <span class='ocrx_word' id='word_1_31' title='bbox 803 757 872 811; x_wconf 90' lang='lat' dir='ltr'><strong>Et</strong></span> <span class='ocrx_word' id='word_1_32' title='bbox 891 755 1016 826; x_wconf 88' lang='lat' dir='ltr'><strong>quid</strong></span> <span class='ocrx_word' id='word_1_33' title='bbox 1033 769 1165 824; x_wconf 91' lang='lat' dir='ltr'><strong>opus</strong></span> <span class='ocrx_word' id='word_1_34' title='bbox 1188 763 1289 820; x_wconf 90' lang='lat' dir='ltr'><strong>est,</strong></span> <span class='ocrx_word' id='word_1_35' title='bbox 1323 763 1378 807; x_wconf 87' lang='grc' dir='ltr'><strong>ιιι</strong></span> <span class='ocrx_word' id='word_1_36' title='bbox 1399 751 1577 805; x_wconf 83' lang='lat' dir='ltr'><strong>omnia</strong></span> <span class='ocrx_word' id='word_1_37' title='bbox 1597 748 1755 803; x_wconf 90' lang='lat' dir='ltr'><strong>verba</strong></span> <span class='ocrx_word' id='word_1_38' title='bbox 1778 744 1975 801; x_wconf 79' lang='lat' dir='ltr'><strong>dicam?</strong></span> 
     </span>
    </p>
   </div>
   <div class='ocr_carea' id='block_1_6' title="bbox 398 837 1974 922">
    <p class='ocr_par' dir='ltr' id='par_1_6' title="bbox 398 837 1974 922">
     <span class='ocr_line' id='line_1_6' title="bbox 398 837 1974 922; baseline -0.011 -17"><span class='ocrx_word' id='word_1_39' title='bbox 398 854 564 922; x_wconf 88' lang='lat' dir='ltr'><strong>prima</strong></span> <span class='ocrx_word' id='word_1_40' title='bbox 620 848 857 922; x_wconf 86' lang='lat' dir='ltr'><strong>profecto</strong></span> <span class='ocrx_word' id='word_1_41' title='bbox 883 847 1046 903; x_wconf 85' lang='lat' dir='ltr'><strong>dietio</strong></span> <span class='ocrx_word' id='word_1_42' title='bbox 1073 846 1250 900; x_wconf 91' lang='lat' dir='ltr'><strong>statim</strong></span> <span class='ocrx_word' id='word_1_43' title='bbox 1295 844 1456 914; x_wconf 87' lang='lat' dir='ltr'><strong>ipsius</strong></span> <span class='ocrx_word' id='word_1_44' title='bbox 1491 855 1725 895; x_wconf 87' lang='lat' dir='ltr'><strong>amorem</strong></span> <span class='ocrx_word' id='word_1_45' title='bbox 1751 837 1974 892; x_wconf 89' lang='lat' dir='ltr'><strong>demon-</strong></span> 
     </span>
    </p>
   </div>
   <div class='ocr_carea' id='block_1_7' title="bbox 394 931 1974 1004">
    <p class='ocr_par' dir='ltr' id='par_1_7' title="bbox 394 931 1974 1004">
     <span class='ocr_line' id='line_1_7' title="bbox 394 931 1974 1004; baseline -0.011 -7"><span class='ocrx_word' id='word_1_46' title='bbox 394 943 602 997; x_wconf 82' lang='lat' dir='ltr'><strong>stravit.</strong></span> <span class='ocrx_word' id='word_1_47' title='bbox 632 941 744 996; x_wconf 85' lang='lat' dir='ltr'><strong>Non</strong></span> <span class='ocrx_word' id='word_1_48' title='bbox 777 939 917 994; x_wconf 91' lang='lat' dir='ltr'><strong>enim</strong></span> <span class='ocrx_word' id='word_1_49' title='bbox 949 938 1122 1003; x_wconf 84' lang='lat' dir='ltr'><strong>dixit,</strong></span> <span class='ocrx_word' id='word_1_50' title='bbox 1153 936 1289 990; x_wconf 85' lang='lat' dir='ltr'><strong>sicut</strong></span> <span class='ocrx_word' id='word_1_51' title='bbox 1316 950 1409 1004; x_wconf 87' lang='lat' dir='ltr'><strong>par</strong></span> <span class='ocrx_word' id='word_1_52' title='bbox 1432 942 1550 988; x_wconf 90' lang='lat' dir='ltr'><strong>erat</strong></span> <span class='ocrx_word' id='word_1_53' title='bbox 1575 931 1818 998; x_wconf 91' lang='lat' dir='ltr'><strong>injuriam</strong></span> <span class='ocrx_word' id='word_1_54' title='bbox 1851 941 1974 996; x_wconf 90' lang='lat' dir='ltr'><strong>pas-</strong></span> 
     </span>
    </p>
   </div>
   <div class='ocr_carea' id='block_1_8' title="bbox 393 1017 1976 1087">
    <p class='ocr_par' dir='ltr' id='par_1_8' title="bbox 393 1017 1976 1087">
     <span class='ocr_line' id='line_1_8' title="bbox 393 1017 1976 1087; baseline -0.01 -1"><span class='ocrx_word' id='word_1_55' title='bbox 393 1047 510 1086; x_wconf 84' lang='lat' dir='ltr'><strong>sum</strong></span> <span class='ocrx_word' id='word_1_56' title='bbox 539 1033 716 1086; x_wconf 84' lang='lat' dir='ltr'><strong>dicere</strong></span> <span class='ocrx_word' id='word_1_57' title='bbox 742 1029 822 1084; x_wconf 89' lang='lat'><strong>:0</strong></span> <span class='ocrx_word' id='word_1_58' title='bbox 847 1029 1107 1084; x_wconf 89' lang='lat' dir='ltr'><strong>scelerate</strong></span> <span class='ocrx_word' id='word_1_59' title='bbox 1127 1035 1180 1081; x_wconf 92' lang='lat' dir='ltr'><strong>et</strong></span> <span class='ocrx_word' id='word_1_60' title='bbox 1201 1024 1601 1087; x_wconf 89' lang='lat' dir='ltr'><strong>scelestissimc,</strong></span> <span class='ocrx_word' id='word_1_61' title='bbox 1626 1021 1713 1074; x_wconf 89' lang='lat' dir='ltr'><strong>tali</strong></span> <span class='ocrx_word' id='word_1_62' title='bbox 1741 1035 1856 1073; x_wconf 90' lang='lat' dir='ltr'><strong>mea</strong></span> <span class='ocrx_word' id='word_1_63' title='bbox 1885 1017 1976 1071; x_wconf 82' lang='lat' dir='ltr'><strong>be-</strong></span> 
     </span>
    </p>
   </div>
   <div class='ocr_carea' id='block_1_9' title="bbox 306 1109 1977 1190">
    <p class='ocr_par' dir='ltr' id='par_1_9' title="bbox 306 1109 1977 1190">
     <span class='ocr_line' id='line_1_9' title="bbox 306 1109 1977 1190; baseline -0.01 -12"><span class='ocrx_word' id='word_1_64' title='bbox 306 1175 308 1178; x_wconf 75' lang='grc'>,</span> <span class='ocrx_word' id='word_1_65' title='bbox 393 1121 695 1178; x_wconf 74' lang='lat' dir='ltr'><strong>nevolentia</strong></span> <span class='ocrx_word' id='word_1_66' title='bbox 743 1120 941 1190; x_wconf 82' lang='lat' dir='ltr'><strong>potitus</strong></span> <span class='ocrx_word' id='word_1_67' title='bbox 967 1158 982 1182; x_wconf 87' lang='lat'><strong>,</strong></span> <span class='ocrx_word' id='word_1_68' title='bbox 1006 1127 1154 1172; x_wconf 87' lang='lat' dir='ltr'><strong>tanto</strong></span> <span class='ocrx_word' id='word_1_69' title='bbox 1183 1116 1462 1170; x_wconf 89' lang='lat' dir='ltr'><strong>decoratus</strong></span> <span class='ocrx_word' id='word_1_70' title='bbox 1507 1126 1669 1182; x_wconf 89' lang='lat' dir='ltr'><strong>regno</strong></span> <span class='ocrx_word' id='word_1_71' title='bbox 1688 1151 1703 1176; x_wconf 96' lang='lat'><strong>,</strong></span> <span class='ocrx_word' id='word_1_72' title='bbox 1732 1109 1977 1163; x_wconf 89' lang='lat' dir='ltr'><strong>omnibus</strong></span> 
     </span>
    </p>
   </div>
   <div class='ocr_carea' id='block_1_10' title="bbox 392 1205 1978 1276">
    <p class='ocr_par' dir='ltr' id='par_1_10' title="bbox 392 1205 1978 1276">
     <span class='ocr_line' id='line_1_10' title="bbox 392 1205 1978 1276; baseline -0.011 -6"><span class='ocrx_word' id='word_1_73' title='bbox 392 1213 735 1269; x_wconf 88' lang='lat' dir='ltr'><strong>terrestribus</strong></span> <span class='ocrx_word' id='word_1_74' title='bbox 752 1212 897 1266; x_wconf 87' lang='lat' dir='ltr'><strong>nullo</strong></span> <span class='ocrx_word' id='word_1_75' title='bbox 923 1221 1012 1264; x_wconf 86' lang='lat' dir='ltr'><strong>tuo</strong></span> <span class='ocrx_word' id='word_1_76' title='bbox 1029 1209 1217 1264; x_wconf 90' lang='lat' dir='ltr'><strong>merito</strong></span> <span class='ocrx_word' id='word_1_77' title='bbox 1239 1205 1581 1276; x_wconf 77' lang='lat' dir='ltr'><strong>praehabitus,</strong></span> <span class='ocrx_word' id='word_1_78' title='bbox 1604 1212 1656 1258; x_wconf 93' lang='lat' dir='ltr'><strong>et</strong></span> <span class='ocrx_word' id='word_1_79' title='bbox 1681 1217 1812 1256; x_wconf 78' lang='lat' dir='ltr'><strong>mea:</strong></span> <span class='ocrx_word' id='word_1_80' title='bbox 1836 1215 1978 1255; x_wconf 81' lang='lat' dir='ltr'><strong>cura:</strong></span> 
     </span>
    </p>
   </div>
   <div class='ocr_carea' id='block_1_11' title="bbox 396 1293 1976 1375">
    <p class='ocr_par' dir='ltr' id='par_1_11' title="bbox 396 1293 1976 1375">
     <span class='ocr_line' id='line_1_11' title="bbox 396 1293 1976 1375; baseline -0.008 -19"><span class='ocrx_word' id='word_1_81' title='bbox 396 1306 613 1375; x_wconf 78' lang='lat' dir='ltr'><strong>pignora</strong></span> <span class='ocrx_word' id='word_1_82' title='bbox 644 1319 737 1372; x_wconf 88' lang='lat' dir='ltr'><strong>per</strong></span> <span class='ocrx_word' id='word_1_83' title='bbox 762 1317 924 1370; x_wconf 86' lang='lat' dir='ltr'><strong>opera</strong></span> <span class='ocrx_word' id='word_1_84' title='bbox 948 1308 1002 1356; x_wconf 94' lang='lat' dir='ltr'><strong>et</strong></span> <span class='ocrx_word' id='word_1_85' title='bbox 1029 1315 1208 1354; x_wconf 86' lang='lat' dir='ltr'><strong>veram</strong></span> <span class='ocrx_word' id='word_1_86' title='bbox 1239 1296 1582 1367; x_wconf 69' lang='lat' dir='ltr'><strong>providentite</strong></span> <span class='ocrx_word' id='word_1_87' title='bbox 1612 1293 1976 1364; x_wconf 84' lang='lat' dir='ltr'><strong>probationem</strong></span> 
     </span>
    </p>
   </div>
   <div class='ocr_carea' id='block_1_12' title="bbox 390 1385 1976 1463">
    <p class='ocr_par' dir='ltr' id='par_1_12' title="bbox 390 1385 1976 1463">
     <span class='ocr_line' id='line_1_12' title="bbox 390 1385 1976 1463; baseline -0.007 -14"><span class='ocrx_word' id='word_1_88' title='bbox 390 1402 712 1463; x_wconf 77' lang='lat' dir='ltr'><strong>asseqnntus</strong></span> <span class='ocrx_word' id='word_1_89' title='bbox 732 1435 747 1460; x_wconf 96' lang='lat'><strong>,</strong></span> <span class='ocrx_word' id='word_1_90' title='bbox 772 1392 1070 1462; x_wconf 91' lang='lat' dir='ltr'><strong>improbum</strong></span> <span class='ocrx_word' id='word_1_91' title='bbox 1109 1389 1408 1444; x_wconf 76' lang='lat' dir='ltr'><strong>themonem</strong></span> <span class='ocrx_word' id='word_1_92' title='bbox 1437 1397 1490 1442; x_wconf 92' lang='lat' dir='ltr'><strong>et</strong></span> <span class='ocrx_word' id='word_1_93' title='bbox 1521 1385 1829 1455; x_wconf 84' lang='lat' dir='ltr'><strong>pestiferum</strong></span> <span class='ocrx_word' id='word_1_94' title='bbox 1874 1391 1976 1438; x_wconf 74' lang='lat' dir='ltr'><strong>tua:</strong></span> 
     </span>
    </p>
   </div>
   <div class='ocr_carea' id='block_1_13' title="bbox 397 1475 1975 1546">
    <p class='ocr_par' dir='ltr' id='par_1_13' title="bbox 397 1475 1975 1546">
     <span class='ocr_line' id='line_1_13' title="bbox 397 1475 1975 1546; baseline -0.006 -9"><span class='ocrx_word' id='word_1_95' title='bbox 397 1483 587 1538; x_wconf 88' lang='lat' dir='ltr'><strong>salutis</strong></span> <span class='ocrx_word' id='word_1_96' title='bbox 612 1483 882 1536; x_wconf 83' lang='lat' dir='ltr'><strong>inimicum</strong></span> <span class='ocrx_word' id='word_1_97' title='bbox 909 1522 924 1546; x_wconf 91' lang='lat'><strong>,</strong></span> <span class='ocrx_word' id='word_1_98' title='bbox 955 1480 1179 1534; x_wconf 91' lang='lat' dir='ltr'><strong>Domino</strong></span> <span class='ocrx_word' id='word_1_99' title='bbox 1221 1488 1277 1534; x_wconf 90' lang='lat' dir='ltr'><strong>et</strong></span> <span class='ocrx_word' id='word_1_100' title='bbox 1321 1488 1495 1532; x_wconf 89' lang='lat' dir='ltr'><strong>tutore</strong></span> <span class='ocrx_word' id='word_1_101' title='bbox 1517 1518 1532 1544; x_wconf 92' lang='lat'><strong>,</strong></span> <span class='ocrx_word' id='word_1_102' title='bbox 1563 1478 1646 1532; x_wconf 91' lang='lat' dir='ltr'><strong>cui</strong></span> <span class='ocrx_word' id='word_1_103' title='bbox 1686 1475 1936 1531; x_wconf 87' lang='lat' dir='ltr'><strong>crederes</strong></span> <span class='ocrx_word' id='word_1_104' title='bbox 1961 1515 1975 1538; x_wconf 86' lang='lat'><strong>,</strong></span> 
     </span>
    </p>
   </div>
   <div class='ocr_carea' id='block_1_14' title="bbox 394 1567 1977 1646">
    <p class='ocr_par' dir='ltr' id='par_1_14' title="bbox 394 1567 1977 1646">
     <span class='ocr_line' id='line_1_14' title="bbox 394 1567 1977 1646; baseline -0.008 -16"><span class='ocrx_word' id='word_1_105' title='bbox 394 1575 691 1646; x_wconf 80' lang='lat' dir='ltr'><strong>digniorem</strong></span> <span class='ocrx_word' id='word_1_106' title='bbox 733 1571 962 1628; x_wconf 83' lang='lat' dir='ltr'><strong>duxisti?</strong></span> <span class='ocrx_word' id='word_1_107' title='bbox 988 1571 1114 1641; x_wconf 93' lang='lat' dir='ltr'><strong>quid</strong></span> <span class='ocrx_word' id='word_1_108' title='bbox 1145 1571 1235 1626; x_wconf 89' lang='lat' dir='ltr'><strong>ille</strong></span> <span class='ocrx_word' id='word_1_109' title='bbox 1263 1570 1364 1625; x_wconf 87' lang='lat' dir='ltr'><strong>tale</strong></span> <span class='ocrx_word' id='word_1_110' title='bbox 1395 1579 1480 1624; x_wconf 92' lang='lat' dir='ltr'><strong>tua</strong></span> <span class='ocrx_word' id='word_1_111' title='bbox 1506 1583 1665 1623; x_wconf 87' lang='lat' dir='ltr'><strong>causa</strong></span> <span class='ocrx_word' id='word_1_112' title='bbox 1695 1567 1977 1638; x_wconf 75' lang='lat' dir='ltr'><strong>prmstitit,</strong></span> 
     </span>
    </p>
   </div>
   <div class='ocr_carea' id='block_1_15' title="bbox 394 1661 1975 1735">
    <p class='ocr_par' dir='ltr' id='par_1_15' title="bbox 394 1661 1975 1735">
     <span class='ocr_line' id='line_1_15' title="bbox 394 1661 1975 1735; baseline -0.004 -17"><span class='ocrx_word' id='word_1_113' title='bbox 394 1668 552 1734; x_wconf 84' lang='lat' dir='ltr'><strong>quale</strong></span> <span class='ocrx_word' id='word_1_114' title='bbox 577 1681 676 1735; x_wconf 85' lang='lat' dir='ltr'><strong>ego</strong></span> <span class='ocrx_word' id='word_1_115' title='bbox 701 1665 725 1719; x_wconf 87' lang='lat'><strong>?</strong></span> <span class='ocrx_word' id='word_1_116' title='bbox 754 1679 930 1719; x_wconf 88' lang='lat' dir='ltr'><strong>nonne</strong></span> <span class='ocrx_word' id='word_1_117' title='bbox 956 1665 1143 1718; x_wconf 65' lang='lat' dir='ltr'><strong>caelum</strong></span> <span class='ocrx_word' id='word_1_118' title='bbox 1181 1672 1398 1732; x_wconf 87' lang='lat' dir='ltr'><strong>propter</strong></span> <span class='ocrx_word' id='word_1_119' title='bbox 1421 1670 1472 1716; x_wconf 88' lang='lat' dir='ltr'><strong>te</strong></span> <span class='ocrx_word' id='word_1_120' title='bbox 1499 1661 1708 1715; x_wconf 87' lang='lat' dir='ltr'><strong>creavi?</strong></span> <span class='ocrx_word' id='word_1_121' title='bbox 1737 1671 1930 1714; x_wconf 89' lang='lat' dir='ltr'><strong>terram</strong></span> <span class='ocrx_word' id='word_1_122' title='bbox 1959 1700 1975 1722; x_wconf 89' lang='lat'><strong>,</strong></span> 
     </span>
    </p>
   </div>
   <div class='ocr_carea' id='block_1_16' title="bbox 394 1749 1978 1822">
    <p class='ocr_par' dir='ltr' id='par_1_16' title="bbox 394 1749 1978 1822">
     <span class='ocr_line' id='line_1_16' title="bbox 394 1749 1978 1822; baseline -0.006 -10"><span class='ocrx_word' id='word_1_123' title='bbox 394 1773 564 1822; x_wconf 86' lang='lat' dir='ltr'><strong>mare,</strong></span> <span class='ocrx_word' id='word_1_124' title='bbox 595 1757 783 1821; x_wconf 88' lang='lat' dir='ltr'><strong>solem,</strong></span> <span class='ocrx_word' id='word_1_125' title='bbox 811 1755 1012 1818; x_wconf 88' lang='lat' dir='ltr'><strong>lunam,</strong></span> <span class='ocrx_word' id='word_1_126' title='bbox 1042 1762 1095 1808; x_wconf 89' lang='lat' dir='ltr'><strong>et</strong></span> <span class='ocrx_word' id='word_1_127' title='bbox 1124 1752 1303 1807; x_wconf 86' lang='lat' dir='ltr'><strong>stellas</strong></span> <span class='ocrx_word' id='word_1_128' title='bbox 1331 1752 1555 1806; x_wconf 82' lang='lat' dir='ltr'><strong>omnes?</strong></span> <span class='ocrx_word' id='word_1_129' title='bbox 1581 1766 1686 1805; x_wconf 92' lang='lat' dir='ltr'><strong>non</strong></span> <span class='ocrx_word' id='word_1_130' title='bbox 1717 1751 1859 1804; x_wconf 88' lang='lat' dir='ltr'><strong>enim</strong></span> <span class='ocrx_word' id='word_1_131' title='bbox 1887 1749 1978 1803; x_wconf 90' lang='lat' dir='ltr'><strong>ulli</strong></span> 
     </span>
    </p>
   </div>
   <div class='ocr_carea' id='block_1_17' title="bbox 393 1842 1981 1918">
    <p class='ocr_par' dir='ltr' id='par_1_17' title="bbox 393 1842 1981 1918">
     <span class='ocr_line' id='line_1_17' title="bbox 393 1842 1981 1918; baseline -0.005 -18"><span class='ocrx_word' id='word_1_132' title='bbox 393 1848 569 1918; x_wconf 76' lang='lat' dir='ltr'><strong>angeli</strong></span> <span class='ocrx_word' id='word_1_133' title='bbox 608 1847 764 1915; x_wconf 88' lang='lat' dir='ltr'><strong>hujus</strong></span> <span class='ocrx_word' id='word_1_134' title='bbox 789 1854 1048 1900; x_wconf 76' lang='lat' dir='ltr'><strong>creatura:</strong></span> <span class='ocrx_word' id='word_1_135' title='bbox 1092 1843 1428 1914; x_wconf 88' lang='lat' dir='ltr'><strong>indigebant,</strong></span> <span class='ocrx_word' id='word_1_136' title='bbox 1462 1842 1556 1898; x_wconf 86' lang='lat' dir='ltr'><strong>sed</strong></span> <span class='ocrx_word' id='word_1_137' title='bbox 1589 1849 1804 1911; x_wconf 85' lang='lat' dir='ltr'><strong>propter</strong></span> <span class='ocrx_word' id='word_1_138' title='bbox 1833 1848 1885 1894; x_wconf 90' lang='lat' dir='ltr'><strong>te</strong></span> <span class='ocrx_word' id='word_1_139' title='bbox 1924 1847 1981 1894; x_wconf 90' lang='lat' dir='ltr'><strong>et</strong></span> 
     </span>
    </p>
   </div>
   <div class='ocr_carea' id='block_1_18' title="bbox 395 1934 1979 2008">
    <p class='ocr_par' dir='ltr' id='par_1_18' title="bbox 395 1934 1979 2008">
     <span class='ocr_line' id='line_1_18' title="bbox 395 1934 1979 2008; baseline -0.004 -16"><span class='ocrx_word' id='word_1_140' title='bbox 395 1939 634 2008; x_wconf 82' lang='lat' dir='ltr'><strong>requiem</strong></span> <span class='ocrx_word' id='word_1_141' title='bbox 667 1949 807 1992; x_wconf 90' lang='lat' dir='ltr'><strong>tuam</strong></span> <span class='ocrx_word' id='word_1_142' title='bbox 833 1979 848 2004; x_wconf 97' lang='lat'><strong>,</strong></span> <span class='ocrx_word' id='word_1_143' title='bbox 878 1938 1034 1992; x_wconf 87' lang='lat' dir='ltr'><strong>talem</strong></span> <span class='ocrx_word' id='word_1_144' title='bbox 1063 1946 1118 1992; x_wconf 88' lang='lat' dir='ltr'><strong>et</strong></span> <span class='ocrx_word' id='word_1_145' title='bbox 1157 1947 1356 1990; x_wconf 86' lang='lat' dir='ltr'><strong>tantum</strong></span> <span class='ocrx_word' id='word_1_146' title='bbox 1389 1934 1489 1991; x_wconf 91' lang='lat' dir='ltr'><strong>feci</strong></span> <span class='ocrx_word' id='word_1_147' title='bbox 1519 1935 1770 1988; x_wconf 81' lang='lat' dir='ltr'><strong>mundum</strong></span> <span class='ocrx_word' id='word_1_148' title='bbox 1798 1951 1810 1986; x_wconf 90' lang='lat'><strong>:</strong></span> <span class='ocrx_word' id='word_1_149' title='bbox 1840 1943 1893 1988; x_wconf 94' lang='lat' dir='ltr'><strong>et</strong></span> <span class='ocrx_word' id='word_1_150' title='bbox 1924 1941 1979 1986; x_wconf 91' lang='lat' dir='ltr'><strong>tu</strong></span> 
     </span>
    </p>
   </div>
   <div class='ocr_carea' id='block_1_19' title="bbox 394 2025 1979 2099">
    <p class='ocr_par' dir='ltr' id='par_1_19' title="bbox 394 2025 1979 2099">
     <span class='ocr_line' id='line_1_19' title="bbox 394 2025 1979 2099; baseline -0.005 -12"><span class='ocrx_word' id='word_1_151' title='bbox 394 2031 536 2087; x_wconf 89' lang='lat' dir='ltr'><strong>nuda</strong></span> <span class='ocrx_word' id='word_1_152' title='bbox 566 2031 758 2096; x_wconf 87' lang='lat' dir='ltr'><strong>verba,</strong></span> <span class='ocrx_word' id='word_1_153' title='bbox 789 2041 841 2084; x_wconf 92' lang='lat' dir='ltr'><strong>et</strong></span> <span class='ocrx_word' id='word_1_154' title='bbox 863 2029 1271 2099; x_wconf 89' lang='lat' dir='ltr'><strong>promissionem</strong></span> <span class='ocrx_word' id='word_1_155' title='bbox 1304 2027 1490 2081; x_wconf 79' lang='lat' dir='ltr'><strong>falsam</strong></span> <span class='ocrx_word' id='word_1_156' title='bbox 1517 2067 1530 2091; x_wconf 92' lang='lat'><strong>,</strong></span> <span class='ocrx_word' id='word_1_157' title='bbox 1562 2035 1615 2081; x_wconf 92' lang='lat' dir='ltr'><strong>et</strong></span> <span class='ocrx_word' id='word_1_158' title='bbox 1642 2025 1979 2096; x_wconf 86' lang='lat' dir='ltr'><strong>pollicitatio-</strong></span> 
     </span>
    </p>
   </div>
   <div class='ocr_carea' id='block_1_20' title="bbox 396 2117 1982 2192">
    <p class='ocr_par' dir='ltr' id='par_1_20' title="bbox 396 2117 1982 2192">
     <span class='ocr_line' id='line_1_20' title="bbox 396 2117 1982 2192; baseline -0.006 -13"><span class='ocrx_word' id='word_1_159' title='bbox 396 2141 516 2179; x_wconf 88' lang='lat' dir='ltr'><strong>nem</strong></span> <span class='ocrx_word' id='word_1_160' title='bbox 550 2123 734 2178; x_wconf 83' lang='lat' dir='ltr'><strong>fraude</strong></span> <span class='ocrx_word' id='word_1_161' title='bbox 764 2122 997 2192; x_wconf 89' lang='lat' dir='ltr'><strong>plenam,</strong></span> <span class='ocrx_word' id='word_1_162' title='bbox 1021 2122 1213 2177; x_wconf 90' lang='lat' dir='ltr'><strong>collata</strong></span> <span class='ocrx_word' id='word_1_163' title='bbox 1242 2119 1495 2188; x_wconf 89' lang='lat' dir='ltr'><strong>operibus</strong></span> <span class='ocrx_word' id='word_1_164' title='bbox 1523 2119 1651 2188; x_wconf 91' lang='lat' dir='ltr'><strong>ipsis</strong></span> <span class='ocrx_word' id='word_1_165' title='bbox 1679 2117 1982 2172; x_wconf 81' lang='lat' dir='ltr'><strong>beneﬁcen-</strong></span> 
     </span>
    </p>
   </div>
   <div class='ocr_carea' id='block_1_21' title="bbox 393 2210 1976 2287">
    <p class='ocr_par' dir='ltr' id='par_1_21' title="bbox 393 2210 1976 2287">
     <span class='ocr_line' id='line_1_21' title="bbox 393 2210 1976 2287; baseline -0.006 -15"><span class='ocrx_word' id='word_1_166' title='bbox 393 2221 464 2272; x_wconf 90' lang='lat' dir='ltr'><strong>tia</strong></span> <span class='ocrx_word' id='word_1_167' title='bbox 490 2226 543 2272; x_wconf 90' lang='lat' dir='ltr'><strong>et</strong></span> <span class='ocrx_word' id='word_1_168' title='bbox 564 2215 915 2287; x_wconf 82' lang='lat' dir='ltr'><strong>providentia,</strong></span> <span class='ocrx_word' id='word_1_169' title='bbox 944 2214 1045 2269; x_wconf 82' lang='lat' dir='ltr'><strong>ﬁde</strong></span> <span class='ocrx_word' id='word_1_170' title='bbox 1071 2214 1364 2283; x_wconf 80' lang='lat' dir='ltr'><strong>digniorem</strong></span> <span class='ocrx_word' id='word_1_171' title='bbox 1393 2227 1513 2268; x_wconf 90' lang='lat' dir='ltr'><strong>esse</strong></span> <span class='ocrx_word' id='word_1_172' title='bbox 1542 2221 1707 2278; x_wconf 90' lang='lat' dir='ltr'><strong>ratus,</strong></span> <span class='ocrx_word' id='word_1_173' title='bbox 1732 2222 1783 2266; x_wconf 91' lang='lat' dir='ltr'><strong>te</strong></span> <span class='ocrx_word' id='word_1_174' title='bbox 1805 2210 1976 2281; x_wconf 88' lang='lat' dir='ltr'><strong>ipsum</strong></span> 
     </span>
    </p>
   </div>
   <div class='ocr_carea' id='block_1_22' title="bbox 395 2304 1606 2376">
    <p class='ocr_par' dir='ltr' id='par_1_22' title="bbox 395 2304 1606 2376">
     <span class='ocr_line' id='line_1_22' title="bbox 395 2304 1606 2376; baseline -0.005 -14"><span class='ocrx_word' id='word_1_175' title='bbox 395 2310 468 2364; x_wconf 86' lang='lat' dir='ltr'><strong>illi</strong></span> <span class='ocrx_word' id='word_1_176' title='bbox 496 2307 782 2374; x_wconf 85' lang='lat' dir='ltr'><strong>tradidisti,</strong></span> <span class='ocrx_word' id='word_1_177' title='bbox 811 2322 1062 2376; x_wconf 68' lang='lat' dir='ltr'><strong>measque</strong></span> <span class='ocrx_word' id='word_1_178' title='bbox 1083 2307 1226 2375; x_wconf 84' lang='lat' dir='ltr'><strong>leges</strong></span> <span class='ocrx_word' id='word_1_179' title='bbox 1251 2304 1606 2359; x_wconf 88' lang='lat' dir='ltr'><strong>conculcasti?</strong></span> 
     </span>
    </p>
   </div>
   <div class='ocr_carea' id='block_1_23' title="bbox 467 2393 1977 2468">
    <p class='ocr_par' dir='ltr' id='par_1_23' title="bbox 467 2393 1977 2468">
     <span class='ocr_line' id='line_1_23' title="bbox 467 2393 1977 2468; baseline -0.004 -16"><span class='ocrx_word' id='word_1_180' title='bbox 467 2400 560 2452; x_wconf 77' lang='lat' dir='ltr'><strong>Dei</strong></span> <span class='ocrx_word' id='word_1_181' title='bbox 599 2416 715 2467; x_wconf 85' lang='lat' dir='ltr'><strong>erga</strong></span> <span class='ocrx_word' id='word_1_182' title='bbox 743 2399 958 2468; x_wconf 85' lang='lat' dir='ltr'><strong>primum</strong></span> <span class='ocrx_word' id='word_1_183' title='bbox 995 2399 1245 2451; x_wconf 77' lang='lat' dir='ltr'><strong>hominem</strong></span> <span class='ocrx_word' id='word_1_184' title='bbox 1274 2395 1556 2449; x_wconf 83' lang='lat' dir='ltr'><strong>clementia.</strong></span> <span class='ocrx_word' id='word_1_185' title='bbox 1586 2424 1658 2434; x_wconf 90' lang='grc'><strong>--</strong></span> <span class='ocrx_word' id='word_1_186' title='bbox 1685 2393 1811 2447; x_wconf 73' lang='lat' dir='ltr'><strong>[hec</strong></span> <span class='ocrx_word' id='word_1_187' title='bbox 1836 2393 1977 2448; x_wconf 88' lang='lat' dir='ltr'><strong>enim</strong></span> 
     </span>
    </p>
   </div>
   <div class='ocr_carea' id='block_1_24' title="bbox 395 2484 1976 2559">
    <p class='ocr_par' dir='ltr' id='par_1_24' title="bbox 395 2484 1976 2559">
     <span class='ocr_line' id='line_1_24' title="bbox 395 2484 1976 2559; baseline -0.006 -13"><span class='ocrx_word' id='word_1_188' title='bbox 395 2501 448 2546; x_wconf 92' lang='lat' dir='ltr'><strong>et</strong></span> <span class='ocrx_word' id='word_1_189' title='bbox 471 2491 554 2545; x_wconf 89' lang='lat' dir='ltr'><strong>bis</strong></span> <span class='ocrx_word' id='word_1_190' title='bbox 577 2490 723 2559; x_wconf 90' lang='lat' dir='ltr'><strong>plura</strong></span> <span class='ocrx_word' id='word_1_191' title='bbox 756 2490 942 2543; x_wconf 70' lang='lat' dir='ltr'><strong>laesum</strong></span> <span class='ocrx_word' id='word_1_192' title='bbox 969 2503 1064 2557; x_wconf 90' lang='lat' dir='ltr'><strong>par</strong></span> <span class='ocrx_word' id='word_1_193' title='bbox 1083 2494 1198 2541; x_wconf 87' lang='lat' dir='ltr'><strong>erat</strong></span> <span class='ocrx_word' id='word_1_194' title='bbox 1217 2485 1394 2540; x_wconf 92' lang='lat' dir='ltr'><strong>dicere</strong></span> <span class='ocrx_word' id='word_1_195' title='bbox 1419 2503 1432 2537; x_wconf 91' lang='lat'><strong>:</strong></span> <span class='ocrx_word' id='word_1_196' title='bbox 1457 2484 1551 2539; x_wconf 89' lang='lat' dir='ltr'><strong>sed</strong></span> <span class='ocrx_word' id='word_1_197' title='bbox 1580 2499 1685 2538; x_wconf 92' lang='lat' dir='ltr'><strong>non</strong></span> <span class='ocrx_word' id='word_1_198' title='bbox 1717 2485 1787 2538; x_wconf 86' lang='lat' dir='ltr'><strong>ita</strong></span> <span class='ocrx_word' id='word_1_199' title='bbox 1818 2484 1976 2547; x_wconf 87' lang='lat' dir='ltr'><strong>Deus,</strong></span> 
     </span>
    </p>
   </div>
   <div class='ocr_carea' id='block_1_25' title="bbox 395 2574 1980 2645">
    <p class='ocr_par' dir='ltr' id='par_1_25' title="bbox 395 2574 1980 2645">
     <span class='ocr_line' id='line_1_25' title="bbox 395 2574 1980 2645; baseline -0.003 -13"><span class='ocrx_word' id='word_1_200' title='bbox 395 2597 582 2636; x_wconf 84' lang='lat' dir='ltr'><strong>verum</strong></span> <span class='ocrx_word' id='word_1_201' title='bbox 607 2580 824 2635; x_wconf 90' lang='lat' dir='ltr'><strong>omnino</strong></span> <span class='ocrx_word' id='word_1_202' title='bbox 846 2587 1052 2633; x_wconf 85' lang='lat' dir='ltr'><strong>contra.</strong></span> <span class='ocrx_word' id='word_1_203' title='bbox 1083 2579 1122 2630; x_wconf 84' lang='lat' dir='ltr'><strong>A</strong></span> <span class='ocrx_word' id='word_1_204' title='bbox 1154 2577 1321 2645; x_wconf 89' lang='lat' dir='ltr'><strong>prima</strong></span> <span class='ocrx_word' id='word_1_205' title='bbox 1344 2576 1484 2631; x_wconf 90' lang='lat' dir='ltr'><strong>enim</strong></span> <span class='ocrx_word' id='word_1_206' title='bbox 1511 2591 1639 2630; x_wconf 80' lang='lat' dir='ltr'><strong>voce</strong></span> <span class='ocrx_word' id='word_1_207' title='bbox 1665 2574 1835 2644; x_wconf 91' lang='lat' dir='ltr'><strong>ipsum</strong></span> <span class='ocrx_word' id='word_1_208' title='bbox 1867 2583 1980 2627; x_wconf 85' lang='lat' dir='ltr'><strong>sta-</strong></span> 
     </span>
    </p>
   </div>
   <div class='ocr_carea' id='block_1_26' title="bbox 399 2668 1981 2736">
    <p class='ocr_par' dir='ltr' id='par_1_26' title="bbox 399 2668 1981 2736">
     <span class='ocr_line' id='line_1_26' title="bbox 399 2668 1981 2736; baseline -0.004 -12"><span class='ocrx_word' id='word_1_209' title='bbox 399 2671 495 2724; x_wconf 90' lang='lat' dir='ltr'><strong>tim</strong></span> <span class='ocrx_word' id='word_1_210' title='bbox 523 2671 733 2735; x_wconf 83' lang='lat' dir='ltr'><strong>erexit,</strong></span> <span class='ocrx_word' id='word_1_211' title='bbox 755 2684 819 2723; x_wconf 92' lang='lat' dir='ltr'><strong>ac</strong></span> <span class='ocrx_word' id='word_1_212' title='bbox 852 2668 1148 2736; x_wconf 86' lang='lat' dir='ltr'><strong>jacentem,</strong></span> <span class='ocrx_word' id='word_1_213' title='bbox 1180 2675 1338 2736; x_wconf 88' lang='lat' dir='ltr'><strong>atque</strong></span> <span class='ocrx_word' id='word_1_214' title='bbox 1370 2668 1641 2720; x_wconf 90' lang='lat' dir='ltr'><strong>timentem</strong></span> <span class='ocrx_word' id='word_1_215' title='bbox 1669 2675 1723 2719; x_wconf 88' lang='lat' dir='ltr'><strong>et</strong></span> <span class='ocrx_word' id='word_1_216' title='bbox 1752 2673 1981 2719; x_wconf 86' lang='lat' dir='ltr'><strong>tremen-</strong></span> 
     </span>
    </p>
   </div>
   <div class='ocr_carea' id='block_1_27' title="bbox 397 2756 1981 2829">
    <p class='ocr_par' dir='ltr' id='par_1_27' title="bbox 397 2756 1981 2829">
     <span class='ocr_line' id='line_1_27' title="bbox 397 2756 1981 2829; baseline -0.006 -11"><span class='ocrx_word' id='word_1_217' title='bbox 397 2772 504 2818; x_wconf 89' lang='lat' dir='ltr'><strong>tem</strong></span> <span class='ocrx_word' id='word_1_218' title='bbox 531 2761 802 2818; x_wconf 80' lang='lat' dir='ltr'><strong>confidere</strong></span> <span class='ocrx_word' id='word_1_219' title='bbox 831 2760 976 2826; x_wconf 88' lang='lat' dir='ltr'><strong>fecit,</strong></span> <span class='ocrx_word' id='word_1_220' title='bbox 1010 2760 1155 2829; x_wconf 90' lang='lat' dir='ltr'><strong>prior</strong></span> <span class='ocrx_word' id='word_1_221' title='bbox 1183 2773 1305 2813; x_wconf 88' lang='lat' dir='ltr'><strong>cum</strong></span> <span class='ocrx_word' id='word_1_222' title='bbox 1335 2771 1533 2813; x_wconf 91' lang='lat' dir='ltr'><strong>vocans</strong></span> <span class='ocrx_word' id='word_1_223' title='bbox 1559 2757 1671 2826; x_wconf 88' lang='lat' dir='ltr'><strong>ipse</strong></span> <span class='ocrx_word' id='word_1_224' title='bbox 1698 2775 1710 2811; x_wconf 94' lang='lat'>:</span> <span class='ocrx_word' id='word_1_225' title='bbox 1742 2756 1981 2826; x_wconf 89' lang='lat' dir='ltr'><strong>qninimo</strong></span> 
     </span>
    </p>
   </div>
   <div class='ocr_carea' id='block_1_28' title="bbox 396 2847 1978 2919">
    <p class='ocr_par' dir='ltr' id='par_1_28' title="bbox 396 2847 1978 2919">
     <span class='ocr_line' id='line_1_28' title="bbox 396 2847 1978 2919; baseline -0.006 -10"><span class='ocrx_word' id='word_1_226' title='bbox 396 2869 504 2908; x_wconf 89' lang='lat' dir='ltr'><strong>non</strong></span> <span class='ocrx_word' id='word_1_227' title='bbox 545 2859 750 2907; x_wconf 88' lang='lat' dir='ltr'><strong>tantum</strong></span> <span class='ocrx_word' id='word_1_228' title='bbox 795 2851 940 2919; x_wconf 90' lang='lat' dir='ltr'><strong>prior</strong></span> <span class='ocrx_word' id='word_1_229' title='bbox 962 2864 1159 2904; x_wconf 87' lang='lat' dir='ltr'><strong>vocans</strong></span> <span class='ocrx_word' id='word_1_230' title='bbox 1183 2887 1200 2916; x_wconf 94' lang='lat'><strong>,</strong></span> <span class='ocrx_word' id='word_1_231' title='bbox 1227 2848 1320 2903; x_wconf 89' lang='lat' dir='ltr'><strong>sed</strong></span> <span class='ocrx_word' id='word_1_232' title='bbox 1355 2849 1517 2903; x_wconf 89' lang='lat' dir='ltr'><strong>etiam</strong></span> <span class='ocrx_word' id='word_1_233' title='bbox 1565 2862 1630 2902; x_wconf 82' lang='lat' dir='ltr'><strong>ex</strong></span> <span class='ocrx_word' id='word_1_234' title='bbox 1678 2861 1776 2901; x_wconf 90' lang='lat' dir='ltr'><strong>suo</strong></span> <span class='ocrx_word' id='word_1_235' title='bbox 1806 2847 1978 2916; x_wconf 89' lang='lat' dir='ltr'><strong>ipsum</strong></span> 
     </span>
    </p>
   </div>
   <div class='ocr_carea' id='block_1_29' title="bbox 395 2937 1981 3014">
    <p class='ocr_par' dir='ltr' id='par_1_29' title="bbox 395 2937 1981 3014">
     <span class='ocr_line' id='line_1_29' title="bbox 395 2937 1981 3014; baseline -0.005 -15"><span class='ocrx_word' id='word_1_236' title='bbox 395 2944 612 3000; x_wconf 86' lang='lat' dir='ltr'><strong>nomine</strong></span> <span class='ocrx_word' id='word_1_237' title='bbox 631 2943 926 3014; x_wconf 86' lang='lat' dir='ltr'><strong>appellans,</strong></span> <span class='ocrx_word' id='word_1_238' title='bbox 951 2949 1005 2996; x_wconf 93' lang='lat' dir='ltr'><strong>et</strong></span> <span class='ocrx_word' id='word_1_239' title='bbox 1022 2940 1206 2996; x_wconf 88' lang='lat' dir='ltr'><strong>dicens</strong></span> <span class='ocrx_word' id='word_1_240' title='bbox 1234 2957 1248 2993; x_wconf 89' lang='lat'><strong>:</strong></span> <span class='ocrx_word' id='word_1_241' title='bbox 1273 2939 1433 2993; x_wconf 82' lang='lat' dir='ltr'><strong>Adam</strong></span> <span class='ocrx_word' id='word_1_242' title='bbox 1455 2938 1537 2994; x_wconf 85' lang='lat' dir='ltr'><strong>ubi</strong></span> <span class='ocrx_word' id='word_1_243' title='bbox 1561 2956 1613 2993; x_wconf 81' lang='lat' dir='ltr'><strong>es</strong></span> <span class='ocrx_word' id='word_1_244' title='bbox 1635 2937 1787 3009; x_wconf 80' lang='lat' dir='ltr'><strong>(Gen.</strong></span> <span class='ocrx_word' id='word_1_245' title='bbox 1816 2937 1869 2992; x_wconf 81' lang='grc'><strong>5.</strong></span> <span class='ocrx_word' id='word_1_246' title='bbox 1895 2937 1981 3007; x_wconf 74' lang='lat'><strong>9)?</strong></span> 
     </span>
    </p>
   </div>
   <div class='ocr_carea' id='block_1_30' title="bbox 395 3029 1976 3101">
    <p class='ocr_par' dir='ltr' id='par_1_30' title="bbox 395 3029 1976 3101">
     <span class='ocr_line' id='line_1_30' title="bbox 395 3029 1976 3101; baseline -0.005 -11"><span class='ocrx_word' id='word_1_247' title='bbox 395 3051 631 3092; x_wconf 87' lang='lat' dir='ltr'><strong>amorem</strong></span> <span class='ocrx_word' id='word_1_248' title='bbox 653 3049 826 3101; x_wconf 88' lang='lat' dir='ltr'><strong>suum,</strong></span> <span class='ocrx_word' id='word_1_249' title='bbox 849 3042 904 3089; x_wconf 91' lang='lat' dir='ltr'><strong>et</strong></span> <span class='ocrx_word' id='word_1_250' title='bbox 925 3033 1142 3087; x_wconf 90' lang='lat' dir='ltr'><strong>multam</strong></span> <span class='ocrx_word' id='word_1_251' title='bbox 1165 3031 1305 3087; x_wconf 89' lang='lat' dir='ltr'><strong>circa</strong></span> <span class='ocrx_word' id='word_1_252' title='bbox 1327 3033 1498 3100; x_wconf 77' lang='lat' dir='ltr'><strong>ipsum</strong></span> <span class='ocrx_word' id='word_1_253' title='bbox 1521 3045 1702 3086; x_wconf 88' lang='lat' dir='ltr'><strong>curam</strong></span> <span class='ocrx_word' id='word_1_254' title='bbox 1725 3029 1976 3084; x_wconf 90' lang='lat' dir='ltr'><strong>ostendit.</strong></span> 
     </span>
    </p>
   </div>
   <div class='ocr_carea' id='block_1_31' title="bbox 400 3121 1978 3192">
    <p class='ocr_par' dir='ltr' id='par_1_31' title="bbox 400 3121 1978 3192">
     <span class='ocr_line' id='line_1_31' title="bbox 400 3121 1978 3192; baseline -0.004 -11"><span class='ocrx_word' id='word_1_255' title='bbox 400 3124 512 3182; x_wconf 80' lang='lat' dir='ltr'><strong>lam</strong></span> <span class='ocrx_word' id='word_1_256' title='bbox 541 3125 682 3180; x_wconf 89' lang='lat' dir='ltr'><strong>enim</strong></span> <span class='ocrx_word' id='word_1_257' title='bbox 713 3139 899 3178; x_wconf 87' lang='lat' dir='ltr'><strong>omnes</strong></span> <span class='ocrx_word' id='word_1_258' title='bbox 941 3124 1110 3178; x_wconf 91' lang='lat' dir='ltr'><strong>nostis</strong></span> <span class='ocrx_word' id='word_1_259' title='bbox 1158 3121 1262 3178; x_wconf 89' lang='lat' dir='ltr'><strong>hoc</strong></span> <span class='ocrx_word' id='word_1_260' title='bbox 1304 3137 1424 3178; x_wconf 90' lang='lat' dir='ltr'><strong>esse</strong></span> <span class='ocrx_word' id='word_1_261' title='bbox 1453 3121 1701 3192; x_wconf 64' lang='lat' dir='ltr'><strong>legitimae</strong></span> <span class='ocrx_word' id='word_1_262' title='bbox 1729 3121 1978 3177; x_wconf 74' lang='lat' dir='ltr'><strong>amicitia:</strong></span> 
     </span>
    </p>
   </div>
   <div class='ocr_carea' id='block_1_32' title="bbox 393 3215 1979 3286">
    <p class='ocr_par' dir='ltr' id='par_1_32' title="bbox 393 3215 1979 3286">
     <span class='ocr_line' id='line_1_32' title="bbox 393 3215 1979 3286; baseline -0.005 -12"><span class='ocrx_word' id='word_1_263' title='bbox 393 3218 668 3275; x_wconf 79' lang='lat' dir='ltr'><strong>Indicium.</strong></span> <span class='ocrx_word' id='word_1_264' title='bbox 698 3217 790 3271; x_wconf 92' lang='lat' dir='ltr'><strong>Sic</strong></span> <span class='ocrx_word' id='word_1_265' title='bbox 813 3215 992 3271; x_wconf 87' lang='lat' dir='ltr'><strong>facere</strong></span> <span class='ocrx_word' id='word_1_266' title='bbox 1021 3222 1412 3271; x_wconf 88' lang='lat' dir='ltr'><strong>consueverunt</strong></span> <span class='ocrx_word' id='word_1_267' title='bbox 1439 3215 1528 3286; x_wconf 86' lang='lat' dir='ltr'><strong>qui</strong></span> <span class='ocrx_word' id='word_1_268' title='bbox 1557 3224 1795 3270; x_wconf 88' lang='lat' dir='ltr'><strong>mortuos</strong></span> <span class='ocrx_word' id='word_1_269' title='bbox 1825 3227 1979 3268; x_wconf 87' lang='lat' dir='ltr'><strong>revo-</strong></span> 
     </span>
    </p>
   </div>
   <div class='ocr_carea' id='block_1_33' title="bbox 393 3304 1982 3378">
    <p class='ocr_par' dir='ltr' id='par_1_33' title="bbox 393 3304 1982 3378">
     <span class='ocr_line' id='line_1_33' title="bbox 393 3304 1982 3378; baseline -0.004 -14"><span class='ocrx_word' id='word_1_270' title='bbox 393 3318 558 3375; x_wconf 91' lang='lat' dir='ltr'><strong>cant,</strong></span> <span class='ocrx_word' id='word_1_271' title='bbox 603 3308 906 3378; x_wconf 89' lang='lat' dir='ltr'><strong>frequenter</strong></span> <span class='ocrx_word' id='word_1_272' title='bbox 946 3308 1183 3377; x_wconf 90' lang='lat' dir='ltr'><strong>ipsorum</strong></span> <span class='ocrx_word' id='word_1_273' title='bbox 1225 3307 1442 3362; x_wconf 88' lang='lat' dir='ltr'><strong>nomina</strong></span> <span class='ocrx_word' id='word_1_274' title='bbox 1487 3315 1763 3361; x_wconf 83' lang='lat' dir='ltr'><strong>versantes</strong></span> <span class='ocrx_word' id='word_1_275' title='bbox 1796 3323 1809 3358; x_wconf 93' lang='lat'>:</span> <span class='ocrx_word' id='word_1_276' title='bbox 1843 3304 1982 3359; x_wconf 91' lang='lat' dir='ltr'><strong>sicut</strong></span> 
     </span>
    </p>
   </div>
   <div class='ocr_carea' id='block_1_34' title="bbox 392 3397 1976 3470">
    <p class='ocr_par' dir='ltr' id='par_1_34' title="bbox 392 3397 1976 3470">
     <span class='ocr_line' id='line_1_34' title="bbox 392 3397 1976 3470; baseline -0.004 -15"><span class='ocrx_word' id='word_1_277' title='bbox 392 3401 628 3456; x_wconf 81' lang='lat' dir='ltr'><strong>vicissim</strong></span> <span class='ocrx_word' id='word_1_278' title='bbox 671 3399 763 3470; x_wconf 91' lang='lat' dir='ltr'><strong>qui</strong></span> <span class='ocrx_word' id='word_1_279' title='bbox 799 3399 922 3454; x_wconf 91' lang='lat' dir='ltr'><strong>odio</strong></span> <span class='ocrx_word' id='word_1_280' title='bbox 948 3398 1184 3462; x_wconf 85' lang='lat' dir='ltr'><strong>habent,</strong></span> <span class='ocrx_word' id='word_1_281' title='bbox 1211 3409 1266 3453; x_wconf 88' lang='lat' dir='ltr'><strong>et</strong></span> <span class='ocrx_word' id='word_1_282' title='bbox 1300 3399 1516 3453; x_wconf 89' lang='lat' dir='ltr'><strong>inimice</strong></span> <span class='ocrx_word' id='word_1_283' title='bbox 1553 3413 1676 3468; x_wconf 88' lang='lat' dir='ltr'><strong>erga</strong></span> <span class='ocrx_word' id='word_1_284' title='bbox 1702 3397 1976 3468; x_wconf 87' lang='lat' dir='ltr'><strong>quospiam</strong></span> 
     </span>
    </p>
   </div>
   <div class='ocr_carea' id='block_1_35' title="bbox 394 3486 1980 3559">
    <p class='ocr_par' dir='ltr' id='par_1_35' title="bbox 394 3486 1980 3559">
     <span class='ocr_line' id='line_1_35' title="bbox 394 3486 1980 3559; baseline -0.004 -12"><span class='ocrx_word' id='word_1_285' title='bbox 394 3492 569 3547; x_wconf 66' lang='lat' dir='ltr'><strong>allecti</strong></span> <span class='ocrx_word' id='word_1_286' title='bbox 599 3499 756 3557; x_wconf 90' lang='lat' dir='ltr'><strong>sunt,</strong></span> <span class='ocrx_word' id='word_1_287' title='bbox 782 3505 881 3544; x_wconf 91' lang='lat' dir='ltr'><strong>nec</strong></span> <span class='ocrx_word' id='word_1_288' title='bbox 907 3490 1120 3544; x_wconf 90' lang='lat' dir='ltr'><strong>nomina</strong></span> <span class='ocrx_word' id='word_1_289' title='bbox 1146 3504 1328 3544; x_wconf 90' lang='lat' dir='ltr'><strong>eorum</strong></span> <span class='ocrx_word' id='word_1_290' title='bbox 1355 3489 1444 3559; x_wconf 89' lang='lat' dir='ltr'><strong>qui</strong></span> <span class='ocrx_word' id='word_1_291' title='bbox 1474 3502 1536 3543; x_wconf 88' lang='lat' dir='ltr'><strong>se</strong></span> <span class='ocrx_word' id='word_1_292' title='bbox 1561 3488 1769 3555; x_wconf 65' lang='lat' dir='ltr'><strong>laesere,</strong></span> <span class='ocrx_word' id='word_1_293' title='bbox 1801 3486 1980 3541; x_wconf 89' lang='lat' dir='ltr'><strong>ferunt</strong></span> 
     </span>
    </p>
   </div>
   <div class='ocr_carea' id='block_1_36' title="bbox 402 3579 1977 3650">
    <p class='ocr_par' dir='ltr' id='par_1_36' title="bbox 402 3579 1977 3650">
     <span class='ocr_line' id='line_1_36' title="bbox 402 3579 1977 3650; baseline -0.004 -11"><span class='ocrx_word' id='word_1_294' title='bbox 402 3595 846 3639; x_wconf 86' lang='lat' dir='ltr'><strong>commemorare.</strong></span> <span class='ocrx_word' id='word_1_295' title='bbox 889 3581 1014 3635; x_wconf 84' lang='lat' dir='ltr'><strong>Ideo</strong></span> <span class='ocrx_word' id='word_1_296' title='bbox 1052 3581 1180 3636; x_wconf 76' lang='lat' dir='ltr'><strong>Saﬁl</strong></span> <span class='ocrx_word' id='word_1_297' title='bbox 1224 3581 1422 3636; x_wconf 89' lang='lat' dir='ltr'><strong>nullam</strong></span> <span class='ocrx_word' id='word_1_298' title='bbox 1471 3579 1683 3650; x_wconf 92' lang='lat' dir='ltr'><strong>quidem</strong></span> <span class='ocrx_word' id='word_1_299' title='bbox 1732 3579 1977 3649; x_wconf 89' lang='lat' dir='ltr'><strong>injuriam</strong></span> 
     </span>
    </p>
   </div>
   <div class='ocr_carea' id='block_1_37' title="bbox 399 3670 1980 3745">
    <p class='ocr_par' dir='ltr' id='par_1_37' title="bbox 399 3670 1980 3745">
     <span class='ocr_line' id='line_1_37' title="bbox 399 3670 1980 3745; baseline -0.002 -17"><span class='ocrx_word' id='word_1_300' title='bbox 399 3689 586 3745; x_wconf 88' lang='lat' dir='ltr'><strong>passus</strong></span> <span class='ocrx_word' id='word_1_301' title='bbox 609 3714 625 3741; x_wconf 93' lang='lat'><strong>,</strong></span> <span class='ocrx_word' id='word_1_302' title='bbox 649 3671 844 3728; x_wconf 91' lang='lat' dir='ltr'><strong>multas</strong></span> <span class='ocrx_word' id='word_1_303' title='bbox 862 3687 991 3726; x_wconf 87' lang='lat' dir='ltr'><strong>vero</strong></span> <span class='ocrx_word' id='word_1_304' title='bbox 1016 3679 1071 3726; x_wconf 92' lang='lat' dir='ltr'><strong>et</strong></span> <span class='ocrx_word' id='word_1_305' title='bbox 1100 3686 1319 3741; x_wconf 88' lang='lat' dir='ltr'><strong>magnas</strong></span> <span class='ocrx_word' id='word_1_306' title='bbox 1346 3671 1568 3741; x_wconf 84' lang='lat' dir='ltr'><strong>injurias</strong></span> <span class='ocrx_word' id='word_1_307' title='bbox 1593 3671 1645 3725; x_wconf 89' lang='lat' dir='ltr'><strong>in</strong></span> <span class='ocrx_word' id='word_1_308' title='bbox 1674 3670 1838 3725; x_wconf 86' lang='lat' dir='ltr'><strong>David</strong></span> <span class='ocrx_word' id='word_1_309' title='bbox 1865 3685 1980 3725; x_wconf 92' lang='lat' dir='ltr'><strong>ma-</strong></span> 
     </span>
    </p>
   </div>
   <div class='ocr_carea' id='block_1_38' title="bbox 394 3760 1978 3833">
    <p class='ocr_par' dir='ltr' id='par_1_38' title="bbox 394 3760 1978 3833">
     <span class='ocr_line' id='line_1_38' title="bbox 394 3760 1978 3833; baseline -0.002 -14"><span class='ocrx_word' id='word_1_310' title='bbox 394 3765 662 3829; x_wconf 90' lang='lat' dir='ltr'><strong>chinatus,</strong></span> <span class='ocrx_word' id='word_1_311' title='bbox 692 3771 969 3833; x_wconf 86' lang='lat' dir='ltr'><strong>postquam</strong></span> <span class='ocrx_word' id='word_1_312' title='bbox 1001 3761 1174 3833; x_wconf 88' lang='lat' dir='ltr'><strong>ipsum</strong></span> <span class='ocrx_word' id='word_1_313' title='bbox 1205 3761 1551 3816; x_wconf 84' lang='lat' dir='ltr'><strong>aversabatur</strong></span> <span class='ocrx_word' id='word_1_314' title='bbox 1573 3769 1627 3815; x_wconf 90' lang='lat' dir='ltr'><strong>et</strong></span> <span class='ocrx_word' id='word_1_315' title='bbox 1647 3760 1852 3827; x_wconf 90' lang='lat' dir='ltr'><strong>oderat,</strong></span> <span class='ocrx_word' id='word_1_316' title='bbox 1876 3775 1978 3816; x_wconf 90' lang='lat' dir='ltr'><strong>nec</strong></span> 
     </span>
    </p>
   </div>
   <div class='ocr_carea' id='block_1_39' title="bbox 394 3850 1977 3925">
    <p class='ocr_par' dir='ltr' id='par_1_39' title="bbox 394 3850 1977 3925">
     <span class='ocr_line' id='line_1_39' title="bbox 394 3850 1977 3925; baseline -0.001 -17"><span class='ocrx_word' id='word_1_317' title='bbox 394 3854 538 3910; x_wconf 87' lang='lat' dir='ltr'><strong>illius</strong></span> <span class='ocrx_word' id='word_1_318' title='bbox 575 3853 986 3925; x_wconf 87' lang='lat' dir='ltr'><strong>appellationem</strong></span> <span class='ocrx_word' id='word_1_319' title='bbox 1030 3866 1453 3907; x_wconf 88' lang='lat' dir='ltr'><strong>commemorare</strong></span> <span class='ocrx_word' id='word_1_320' title='bbox 1509 3851 1840 3918; x_wconf 86' lang='lat' dir='ltr'><strong>sustinebat,</strong></span> <span class='ocrx_word' id='word_1_321' title='bbox 1881 3850 1977 3906; x_wconf 88' lang='lat' dir='ltr'><strong>sed</strong></span> 
     </span>
    </p>
   </div>
   <div class='ocr_carea' id='block_1_40' title="bbox 392 3942 1973 4015">
    <p class='ocr_par' dir='ltr' id='par_1_40' title="bbox 392 3942 1973 4015">
     <span class='ocr_line' id='line_1_40' title="bbox 392 3942 1973 4015; baseline -0.003 -13"><span class='ocrx_word' id='word_1_322' title='bbox 392 3945 801 4002; x_wconf 90' lang='lat' dir='ltr'><strong>considentibus</strong></span> <span class='ocrx_word' id='word_1_323' title='bbox 829 3944 1079 4000; x_wconf 89' lang='lat' dir='ltr'><strong>omnibus</strong></span> <span class='ocrx_word' id='word_1_324' title='bbox 1108 3953 1388 4015; x_wconf 88' lang='lat' dir='ltr'><strong>postquam</strong></span> <span class='ocrx_word' id='word_1_325' title='bbox 1421 3959 1526 3998; x_wconf 90' lang='lat' dir='ltr'><strong>non</strong></span> <span class='ocrx_word' id='word_1_326' title='bbox 1560 3944 1772 3999; x_wconf 86' lang='lat' dir='ltr'><strong>venisse</strong></span> <span class='ocrx_word' id='word_1_327' title='bbox 1800 3942 1929 3997; x_wconf 87' lang='lat' dir='ltr'><strong>vidit</strong></span> <span class='ocrx_word' id='word_1_328' title='bbox 1957 3984 1973 4010; x_wconf 97' lang='lat'><strong>,</strong></span> 
     </span>
    </p>
   </div>
   <div class='ocr_carea' id='block_1_41' title="bbox 393 4033 1978 4108">
    <p class='ocr_par' dir='ltr' id='par_1_41' title="bbox 393 4033 1978 4108">
     <span class='ocr_line' id='line_1_41' title="bbox 393 4033 1978 4108; baseline -0.003 -18"><span class='ocrx_word' id='word_1_329' title='bbox 393 4037 520 4108; x_wconf 89' lang='lat' dir='ltr'><strong>quid</strong></span> <span class='ocrx_word' id='word_1_330' title='bbox 560 4037 762 4108; x_wconf 88' lang='lat' dir='ltr'><strong>inquit?</strong></span> <span class='ocrx_word' id='word_1_331' title='bbox 788 4035 907 4091; x_wconf 89' lang='lat' dir='ltr'><strong>Non</strong></span> <span class='ocrx_word' id='word_1_332' title='bbox 949 4035 1118 4101; x_wconf 80' lang='lat' dir='ltr'><strong>dixit,</strong></span> <span class='ocrx_word' id='word_1_333' title='bbox 1144 4035 1235 4089; x_wconf 89' lang='lat' dir='ltr'><strong>ubi</strong></span> <span class='ocrx_word' id='word_1_334' title='bbox 1271 4043 1354 4091; x_wconf 90' lang='lat' dir='ltr'><strong>est</strong></span> <span class='ocrx_word' id='word_1_335' title='bbox 1391 4033 1746 4100; x_wconf 89' lang='lat' dir='ltr'><strong>David?scd,</strong></span> <span class='ocrx_word' id='word_1_336' title='bbox 1781 4033 1880 4088; x_wconf 87' lang='lat' dir='ltr'><strong>Ubi</strong></span> <span class='ocrx_word' id='word_1_337' title='bbox 1905 4043 1978 4087; x_wconf 82' lang='lat' dir='ltr'><strong>est</strong></span> 
     </span>
    </p>
   </div>
   <div class='ocr_carea' id='block_1_42' title="bbox 394 4123 1979 4202">
    <p class='ocr_par' dir='ltr' id='par_1_42' title="bbox 394 4123 1979 4202">
     <span class='ocr_line' id='line_1_42' title="bbox 394 4123 1979 4202; baseline -0.002 -22"><span class='ocrx_word' id='word_1_338' title='bbox 394 4129 534 4196; x_wconf 81' lang='lat' dir='ltr'><strong>ﬁlius</strong></span> <span class='ocrx_word' id='word_1_339' title='bbox 562 4125 708 4183; x_wconf 82' lang='lat' dir='ltr'><strong>Jesse</strong></span> <span class='ocrx_word' id='word_1_340' title='bbox 731 4130 802 4198; x_wconf 90' lang='grc' dir='ltr'><strong>(Ι.</strong></span> <span class='ocrx_word' id='word_1_341' title='bbox 835 4128 956 4202; x_wconf 83' lang='lat' dir='ltr'><strong>Reg.</strong></span> <span class='ocrx_word' id='word_1_342' title='bbox 975 4127 1416 4201; x_wconf 73' lang='lat' dir='ltr'><strong>20,27)?apatre</strong></span> <span class='ocrx_word' id='word_1_343' title='bbox 1451 4127 1629 4198; x_wconf 92' lang='lat' dir='ltr'><strong>ipsum</strong></span> <span class='ocrx_word' id='word_1_344' title='bbox 1663 4139 1880 4179; x_wconf 81' lang='lat' dir='ltr'><strong>vocans.</strong></span> <span class='ocrx_word' id='word_1_345' title='bbox 1910 4123 1979 4178; x_wconf 87' lang='lat' dir='ltr'><strong>Et</strong></span> 
     </span>
    </p>
   </div>
   <div class='ocr_carea' id='block_1_43' title="bbox 393 4211 1976 4289">
    <p class='ocr_par' dir='ltr' id='par_1_43' title="bbox 393 4211 1976 4289">
     <span class='ocr_line' id='line_1_43' title="bbox 393 4211 1976 4289; baseline -0.004 -13"><span class='ocrx_word' id='word_1_346' title='bbox 393 4220 586 4276; x_wconf 82' lang='lat' dir='ltr'><strong>iterum</strong></span> <span class='ocrx_word' id='word_1_347' title='bbox 612 4217 778 4274; x_wconf 71' lang='lat' dir='ltr'><strong>Judzei</strong></span> <span class='ocrx_word' id='word_1_348' title='bbox 805 4219 871 4275; x_wconf 88' lang='lat' dir='ltr'><strong>de</strong></span> <span class='ocrx_word' id='word_1_349' title='bbox 897 4219 1110 4276; x_wconf 90' lang='lat' dir='ltr'><strong>Christo</strong></span> <span class='ocrx_word' id='word_1_350' title='bbox 1135 4211 1273 4275; x_wconf 75' lang='lat' dir='ltr'><strong>ide&#39;m</strong></span> <span class='ocrx_word' id='word_1_351' title='bbox 1297 4217 1527 4273; x_wconf 86' lang='lat' dir='ltr'><strong>faciunt:</strong></span> <span class='ocrx_word' id='word_1_352' title='bbox 1558 4218 1804 4289; x_wconf 90' lang='lat' dir='ltr'><strong>quoniam</strong></span> <span class='ocrx_word' id='word_1_353' title='bbox 1835 4217 1976 4271; x_wconf 89' lang='lat' dir='ltr'><strong>enim</strong></span> 
     </span>
    </p>
   </div>
   <div class='ocr_carea' id='block_1_44' title="bbox 395 4307 1978 4381">
    <p class='ocr_par' dir='ltr' id='par_1_44' title="bbox 395 4307 1978 4381">
     <span class='ocr_line' id='line_1_44' title="bbox 395 4307 1978 4381; baseline -0.003 -16"><span class='ocrx_word' id='word_1_354' title='bbox 395 4311 570 4381; x_wconf 88' lang='lat' dir='ltr'><strong>ipsum</strong></span> <span class='ocrx_word' id='word_1_355' title='bbox 592 4310 976 4366; x_wconf 86' lang='lat' dir='ltr'><strong>aversabantur</strong></span> <span class='ocrx_word' id='word_1_356' title='bbox 995 4321 1049 4366; x_wconf 90' lang='lat' dir='ltr'><strong>et</strong></span> <span class='ocrx_word' id='word_1_357' title='bbox 1073 4314 1315 4376; x_wconf 88' lang='lat' dir='ltr'><strong>oderant,</strong></span> <span class='ocrx_word' id='word_1_358' title='bbox 1345 4327 1450 4365; x_wconf 89' lang='lat' dir='ltr'><strong>non</strong></span> <span class='ocrx_word' id='word_1_359' title='bbox 1479 4309 1748 4375; x_wconf 83' lang='lat' dir='ltr'><strong>dixerunt,</strong></span> <span class='ocrx_word' id='word_1_360' title='bbox 1774 4307 1873 4364; x_wconf 91' lang='lat' dir='ltr'><strong>Ubi</strong></span> <span class='ocrx_word' id='word_1_361' title='bbox 1896 4317 1978 4362; x_wconf 88' lang='lat' dir='ltr'><strong>est</strong></span> 
     </span>
    </p>
   </div>
   <div class='ocr_carea' id='block_1_45' title="bbox 396 4399 1603 4474">
    <p class='ocr_par' dir='ltr' id='par_1_45' title="bbox 396 4399 1603 4474">
     <span class='ocr_line' id='line_1_45' title="bbox 396 4399 1603 4474; baseline 0 -20"><span class='ocrx_word' id='word_1_362' title='bbox 396 4399 664 4463; x_wconf 84' lang='lat' dir='ltr'><strong>Christus.</strong></span> <span class='ocrx_word' id='word_1_363' title='bbox 695 4401 810 4466; x_wconf 89' lang='lat' dir='ltr'><strong>sed,</strong></span> <span class='ocrx_word' id='word_1_364' title='bbox 847 4400 945 4456; x_wconf 81' lang='lat' dir='ltr'><strong>Ubi</strong></span> <span class='ocrx_word' id='word_1_365' title='bbox 970 4412 1042 4456; x_wconf 75' lang='lat' dir='ltr'><strong>est</strong></span> <span class='ocrx_word' id='word_1_366' title='bbox 1070 4402 1155 4456; x_wconf 84' lang='lat' dir='ltr'><strong>ille</strong></span> <span class='ocrx_word' id='word_1_367' title='bbox 1182 4400 1358 4474; x_wconf 87' lang='lat' dir='ltr'><strong>(Joan.</strong></span> <span class='ocrx_word' id='word_1_368' title='bbox 1390 4402 1440 4456; x_wconf 88' lang='lat'><strong>7.</strong></span> <span class='ocrx_word' id='word_1_369' title='bbox 1473 4400 1603 4472; x_wconf 74' lang='lat' dir='ltr'><strong>ll)?</strong></span> 
     </span>
    </p>
   </div>
   <div class='ocr_carea' id='block_1_46' title="bbox 467 4491 1976 4562">
    <p class='ocr_par' dir='ltr' id='par_1_46' title="bbox 467 4491 1976 4562">
     <span class='ocr_line' id='line_1_46' title="bbox 467 4491 1976 4562; baseline -0.001 -15"><span class='ocrx_word' id='word_1_370' title='bbox 467 4492 521 4547; x_wconf 78' lang='grc'><strong>4.</strong></span> <span class='ocrx_word' id='word_1_371' title='bbox 553 4491 658 4546; x_wconf 90' lang='lat' dir='ltr'><strong>Sed</strong></span> <span class='ocrx_word' id='word_1_372' title='bbox 691 4491 912 4548; x_wconf 86' lang='lat' dir='ltr'><strong>Deuset</strong></span> <span class='ocrx_word' id='word_1_373' title='bbox 960 4492 1012 4546; x_wconf 93' lang='lat' dir='ltr'><strong>in</strong></span> <span class='ocrx_word' id='word_1_374' title='bbox 1053 4492 1153 4546; x_wconf 91' lang='lat' dir='ltr'><strong>hoc</strong></span> <span class='ocrx_word' id='word_1_375' title='bbox 1181 4492 1546 4546; x_wconf 85' lang='lat' dir='ltr'><strong>demonstrare</strong></span> <span class='ocrx_word' id='word_1_376' title='bbox 1585 4492 1767 4547; x_wconf 90' lang='lat' dir='ltr'><strong>volens</strong></span> <span class='ocrx_word' id='word_1_377' title='bbox 1789 4533 1803 4559; x_wconf 95' lang='lat'><strong>,</strong></span> <span class='ocrx_word' id='word_1_378' title='bbox 1835 4491 1976 4562; x_wconf 90' lang='lat' dir='ltr'><strong>quod</strong></span> 
     </span>
    </p>
   </div>
   <div class='ocr_carea' id='block_1_47' title="bbox 397 4582 1977 4652">
    <p class='ocr_par' dir='ltr' id='par_1_47' title="bbox 397 4582 1977 4652">
     <span class='ocr_line' id='line_1_47' title="bbox 397 4582 1977 4652; baseline -0.001 -16"><span class='ocrx_word' id='word_1_379' title='bbox 397 4595 499 4636; x_wconf 90' lang='lat' dir='ltr'><strong>nec</strong></span> <span class='ocrx_word' id='word_1_380' title='bbox 526 4589 801 4652; x_wconf 84' lang='lat' dir='ltr'><strong>peccatum</strong></span> <span class='ocrx_word' id='word_1_381' title='bbox 829 4596 1066 4635; x_wconf 90' lang='lat' dir='ltr'><strong>amorem</strong></span> <span class='ocrx_word' id='word_1_382' title='bbox 1104 4583 1455 4646; x_wconf 77' lang='lat' dir='ltr'><strong>exstinxerit,</strong></span> <span class='ocrx_word' id='word_1_383' title='bbox 1490 4597 1586 4636; x_wconf 90' lang='lat' dir='ltr'><strong>nec</strong></span> <span class='ocrx_word' id='word_1_384' title='bbox 1624 4582 1977 4637; x_wconf 88' lang='lat' dir='ltr'><strong>inobedientia</strong></span> 
     </span>
    </p>
   </div>
   <div class='ocr_carea' id='block_1_48' title="bbox 394 4671 1981 4742">
    <p class='ocr_par' dir='ltr' id='par_1_48' title="bbox 394 4671 1981 4742">
     <span class='ocr_line' id='line_1_48' title="bbox 394 4671 1981 4742; baseline 0 -14"><span class='ocrx_word' id='word_1_385' title='bbox 394 4688 548 4728; x_wconf 83' lang='lat' dir='ltr'><strong>suam</strong></span> <span class='ocrx_word' id='word_1_386' title='bbox 581 4672 631 4726; x_wconf 92' lang='lat' dir='ltr'><strong>in</strong></span> <span class='ocrx_word' id='word_1_387' title='bbox 659 4672 832 4742; x_wconf 88' lang='lat' dir='ltr'><strong>ipsum</strong></span> <span class='ocrx_word' id='word_1_388' title='bbox 864 4671 1286 4727; x_wconf 88' lang='lat' dir='ltr'><strong>benevolentiam</strong></span> <span class='ocrx_word' id='word_1_389' title='bbox 1329 4672 1600 4727; x_wconf 88' lang='lat' dir='ltr'><strong>sustulerit</strong></span> <span class='ocrx_word' id='word_1_390' title='bbox 1623 4714 1636 4737; x_wconf 95' lang='lat'><strong>,</strong></span> <span class='ocrx_word' id='word_1_391' title='bbox 1668 4673 1761 4728; x_wconf 90' lang='lat' dir='ltr'><strong>sed</strong></span> <span class='ocrx_word' id='word_1_392' title='bbox 1805 4673 1981 4728; x_wconf 87' lang='lat' dir='ltr'><strong>adhuc</strong></span> 
     </span>
    </p>
   </div>
   <div class='ocr_carea' id='block_1_49' title="bbox 397 4761 1981 4833">
    <p class='ocr_par' dir='ltr' id='par_1_49' title="bbox 397 4761 1981 4833">
     <span class='ocr_line' id='line_1_49' title="bbox 397 4761 1981 4833; baseline -0.001 -16"><span class='ocrx_word' id='word_1_393' title='bbox 397 4761 672 4833; x_wconf 81' lang='lat' dir='ltr'><strong>provideat</strong></span> <span class='ocrx_word' id='word_1_394' title='bbox 695 4771 750 4817; x_wconf 90' lang='lat' dir='ltr'><strong>et</strong></span> <span class='ocrx_word' id='word_1_395' title='bbox 774 4776 954 4817; x_wconf 90' lang='lat' dir='ltr'><strong>curam</strong></span> <span class='ocrx_word' id='word_1_396' title='bbox 977 4771 1126 4830; x_wconf 82' lang='lat' dir='ltr'><strong>gerat</strong></span> <span class='ocrx_word' id='word_1_397' title='bbox 1151 4761 1303 4831; x_wconf 87' lang='lat' dir='ltr'><strong>lapsi,</strong></span> <span class='ocrx_word' id='word_1_398' title='bbox 1335 4762 1503 4829; x_wconf 85' lang='lat' dir='ltr'><strong>inquit</strong></span> <span class='ocrx_word' id='word_1_399' title='bbox 1531 4779 1545 4816; x_wconf 89' lang='lat'><strong>:</strong></span> <span class='ocrx_word' id='word_1_400' title='bbox 1579 4763 1740 4814; x_wconf 85' lang='lat' dir='ltr'><strong>Adam</strong></span> <span class='ocrx_word' id='word_1_401' title='bbox 1769 4763 1853 4814; x_wconf 85' lang='lat' dir='ltr'><strong>ubi</strong></span> <span class='ocrx_word' id='word_1_402' title='bbox 1881 4779 1931 4816; x_wconf 79' lang='lat' dir='ltr'><strong>es</strong></span> <span class='ocrx_word' id='word_1_403' title='bbox 1955 4762 1981 4815; x_wconf 88' lang='lat'><strong><em>?</em></strong></span> 
     </span>
    </p>
   </div>
   <div class='ocr_carea' id='block_1_50' title="bbox 397 4849 1978 4921">
    <p class='ocr_par' dir='ltr' id='par_1_50' title="bbox 397 4849 1978 4921">
     <span class='ocr_line' id='line_1_50' title="bbox 397 4849 1978 4921; baseline -0.002 -15"><span class='ocrx_word' id='word_1_404' title='bbox 397 4866 505 4906; x_wconf 91' lang='lat' dir='ltr'><strong>non</strong></span> <span class='ocrx_word' id='word_1_405' title='bbox 535 4851 782 4921; x_wconf 78' lang='lat' dir='ltr'><strong>ignorans</strong></span> <span class='ocrx_word' id='word_1_406' title='bbox 809 4851 896 4905; x_wconf 91' lang='lat' dir='ltr'><strong>ubi</strong></span> <span class='ocrx_word' id='word_1_407' title='bbox 922 4851 1159 4921; x_wconf 78' lang='lat' dir='ltr'><strong>degeret,</strong></span> <span class='ocrx_word' id='word_1_408' title='bbox 1188 4849 1280 4905; x_wconf 88' lang='lat' dir='ltr'><strong>sed</strong></span> <span class='ocrx_word' id='word_1_409' title='bbox 1311 4851 1562 4920; x_wconf 88' lang='lat' dir='ltr'><strong>quoniam</strong></span> <span class='ocrx_word' id='word_1_410' title='bbox 1590 4852 1654 4906; x_wconf 91' lang='lat' dir='ltr'><strong>iis</strong></span> <span class='ocrx_word' id='word_1_411' title='bbox 1677 4852 1763 4920; x_wconf 86' lang='lat' dir='ltr'><strong>qui</strong></span> <span class='ocrx_word' id='word_1_412' title='bbox 1791 4866 1978 4920; x_wconf 86' lang='lat' dir='ltr'><strong>pecca-</strong></span> 
     </span>
    </p>
   </div>
   <div class='ocr_carea' id='block_1_51' title="bbox 395 4942 1976 5012">
    <p class='ocr_par' dir='ltr' id='par_1_51' title="bbox 395 4942 1976 5012">
     <span class='ocr_line' id='line_1_51' title="bbox 395 4942 1976 5012; baseline 0 -16"><span class='ocrx_word' id='word_1_413' title='bbox 395 4950 590 4996; x_wconf 91' lang='lat' dir='ltr'><strong>verunt</strong></span> <span class='ocrx_word' id='word_1_414' title='bbox 617 4956 678 4996; x_wconf 91' lang='lat' dir='ltr'><strong>os</strong></span> <span class='ocrx_word' id='word_1_415' title='bbox 701 4950 980 4996; x_wconf 82' lang='lat' dir='ltr'><strong>consulum</strong></span> <span class='ocrx_word' id='word_1_416' title='bbox 1006 4950 1119 5008; x_wconf 89' lang='lat' dir='ltr'><strong>est,</strong></span> <span class='ocrx_word' id='word_1_417' title='bbox 1150 4953 1369 5011; x_wconf 87' lang='lat' dir='ltr'><strong>peccato</strong></span> <span class='ocrx_word' id='word_1_418' title='bbox 1409 4942 1635 5012; x_wconf 84' lang='lat' dir='ltr'><strong>linguam</strong></span> <span class='ocrx_word' id='word_1_419' title='bbox 1667 4951 1939 4996; x_wconf 87' lang='lat' dir='ltr'><strong>avertcnte</strong></span> <span class='ocrx_word' id='word_1_420' title='bbox 1960 4981 1976 5002; x_wconf 86' lang='lat'><strong>.</strong></span> 
     </span>
    </p>
   </div>
   <div class='ocr_carea' id='block_1_52' title="bbox 396 5031 1981 5103">
    <p class='ocr_par' dir='ltr' id='par_1_52' title="bbox 396 5031 1981 5103">
     <span class='ocr_line' id='line_1_52' title="bbox 396 5031 1981 5103; baseline -0.001 -17"><span class='ocrx_word' id='word_1_421' title='bbox 396 5041 453 5087; x_wconf 88' lang='lat' dir='ltr'><strong>et</strong></span> <span class='ocrx_word' id='word_1_422' title='bbox 480 5032 802 5087; x_wconf 87' lang='lat' dir='ltr'><strong>conscientia</strong></span> <span class='ocrx_word' id='word_1_423' title='bbox 832 5031 997 5102; x_wconf 89' lang='lat' dir='ltr'><strong>ipsam</strong></span> <span class='ocrx_word' id='word_1_424' title='bbox 1026 5033 1333 5098; x_wconf 90' lang='lat' dir='ltr'><strong>cohibente,</strong></span> <span class='ocrx_word' id='word_1_425' title='bbox 1366 5033 1664 5103; x_wconf 88' lang='lat' dir='ltr'><strong>stupidique</strong></span> <span class='ocrx_word' id='word_1_426' title='bbox 1691 5033 1766 5086; x_wconf 93' lang='lat' dir='ltr'><strong>illi</strong></span> <span class='ocrx_word' id='word_1_427' title='bbox 1809 5048 1981 5086; x_wconf 84' lang='lat' dir='ltr'><strong>rema-</strong></span> 
     </span>
    </p>
   </div>
   <div class='ocr_carea' id='block_1_53' title="bbox 397 5121 1979 5195">
    <p class='ocr_par' dir='ltr' id='par_1_53' title="bbox 397 5121 1979 5195">
     <span class='ocr_line' id='line_1_53' title="bbox 397 5121 1979 5195; baseline 0.001 -17"><span class='ocrx_word' id='word_1_428' title='bbox 397 5130 546 5189; x_wconf 87' lang='lat' dir='ltr'><strong>nent,</strong></span> <span class='ocrx_word' id='word_1_429' title='bbox 576 5121 788 5177; x_wconf 88' lang='lat' dir='ltr'><strong>silentio</strong></span> <span class='ocrx_word' id='word_1_430' title='bbox 815 5131 1084 5193; x_wconf 87' lang='lat' dir='ltr'><strong>tamquam</strong></span> <span class='ocrx_word' id='word_1_431' title='bbox 1111 5125 1339 5195; x_wconf 91' lang='lat' dir='ltr'><strong>quodam</strong></span> <span class='ocrx_word' id='word_1_432' title='bbox 1368 5127 1577 5180; x_wconf 88' lang='lat' dir='ltr'><strong>vinculo</strong></span> <span class='ocrx_word' id='word_1_433' title='bbox 1607 5125 1843 5180; x_wconf 89' lang='lat' dir='ltr'><strong>coerciti.</strong></span> <span class='ocrx_word' id='word_1_434' title='bbox 1871 5123 1979 5180; x_wconf 80' lang='lat' dir='ltr'><strong>V0-</strong></span> 
     </span>
    </p>
   </div>
   <div class='ocr_carea' id='block_1_54' title="bbox 397 5213 1977 5284">
    <p class='ocr_par' dir='ltr' id='par_1_54' title="bbox 397 5213 1977 5284">
     <span class='ocr_line' id='line_1_54' title="bbox 397 5213 1977 5284; baseline 0.003 -15"><span class='ocrx_word' id='word_1_435' title='bbox 397 5215 512 5269; x_wconf 86' lang='lat' dir='ltr'><strong>lens</strong></span> <span class='ocrx_word' id='word_1_436' title='bbox 546 5214 723 5282; x_wconf 88' lang='lat' dir='ltr'><strong>itaque</strong></span> <span class='ocrx_word' id='word_1_437' title='bbox 760 5213 899 5268; x_wconf 88' lang='lat' dir='ltr'><strong>Deus</strong></span> <span class='ocrx_word' id='word_1_438' title='bbox 950 5215 1122 5284; x_wconf 90' lang='lat' dir='ltr'><strong>ipsum</strong></span> <span class='ocrx_word' id='word_1_439' title='bbox 1174 5217 1240 5271; x_wconf 91' lang='lat' dir='ltr'><strong>ad</strong></span> <span class='ocrx_word' id='word_1_440' title='bbox 1291 5217 1532 5272; x_wconf 74' lang='lat' dir='ltr'><strong>fiduciam</strong></span> <span class='ocrx_word' id='word_1_441' title='bbox 1579 5229 1632 5272; x_wconf 86' lang='lat' dir='ltr'><strong>et</strong></span> <span class='ocrx_word' id='word_1_442' title='bbox 1680 5219 1977 5273; x_wconf 88' lang='lat' dir='ltr'><strong>libertatem</strong></span> 
     </span>
    </p>
   </div>
   <div class='ocr_carea' id='block_1_55' title="bbox 396 5305 1978 5381">
    <p class='ocr_par' dir='ltr' id='par_1_55' title="bbox 396 5305 1978 5381">
     <span class='ocr_line' id='line_1_55' title="bbox 396 5305 1978 5381; baseline 0.004 -21"><span class='ocrx_word' id='word_1_443' title='bbox 396 5305 648 5379; x_wconf 86' lang='lat' dir='ltr'><strong>loquendi</strong></span> <span class='ocrx_word' id='word_1_444' title='bbox 670 5305 960 5375; x_wconf 77' lang='lat' dir='ltr'><strong>provocare</strong></span> <span class='ocrx_word' id='word_1_445' title='bbox 985 5347 1000 5369; x_wconf 91' lang='lat'><strong>,</strong></span> <span class='ocrx_word' id='word_1_446' title='bbox 1031 5317 1084 5360; x_wconf 90' lang='lat' dir='ltr'><strong>et</strong></span> <span class='ocrx_word' id='word_1_447' title='bbox 1106 5308 1158 5362; x_wconf 92' lang='lat' dir='ltr'><strong>in</strong></span> <span class='ocrx_word' id='word_1_448' title='bbox 1185 5324 1367 5363; x_wconf 87' lang='lat' dir='ltr'><strong>eorum</strong></span> <span class='ocrx_word' id='word_1_449' title='bbox 1394 5325 1512 5379; x_wconf 65' lang='lat' dir='ltr'><strong>quae</strong></span> <span class='ocrx_word' id='word_1_450' title='bbox 1537 5310 1824 5366; x_wconf 87' lang='lat' dir='ltr'><strong>admiserat</strong></span> <span class='ocrx_word' id='word_1_451' title='bbox 1849 5328 1978 5381; x_wconf 81' lang='lat' dir='ltr'><strong>pur-</strong></span> 
     </span>
    </p>
   </div>
   <div class='ocr_carea' id='block_1_56' title="bbox 397 5395 1976 5471">
    <p class='ocr_par' dir='ltr' id='par_1_56' title="bbox 397 5395 1976 5471">
     <span class='ocr_line' id='line_1_56' title="bbox 397 5395 1976 5471; baseline 0.005 -22"><span class='ocrx_word' id='word_1_452' title='bbox 397 5399 663 5464; x_wconf 84' lang='lat' dir='ltr'><strong>gationem</strong></span> <span class='ocrx_word' id='word_1_453' title='bbox 695 5395 948 5450; x_wconf 87' lang='lat' dir='ltr'><strong>inducere</strong></span> <span class='ocrx_word' id='word_1_454' title='bbox 980 5436 994 5460; x_wconf 91' lang='lat'><strong>,</strong></span> <span class='ocrx_word' id='word_1_455' title='bbox 1021 5406 1077 5450; x_wconf 91' lang='lat' dir='ltr'><strong>ut</strong></span> <span class='ocrx_word' id='word_1_456' title='bbox 1102 5398 1278 5468; x_wconf 89' lang='lat' dir='ltr'><strong>aliqua</strong></span> <span class='ocrx_word' id='word_1_457' title='bbox 1307 5399 1572 5455; x_wconf 88' lang='lat' dir='ltr'><strong>frueretur</strong></span> <span class='ocrx_word' id='word_1_458' title='bbox 1599 5402 1772 5468; x_wconf 86' lang='lat' dir='ltr'><strong>venia,</strong></span> <span class='ocrx_word' id='word_1_459' title='bbox 1805 5402 1976 5471; x_wconf 84' lang='lat' dir='ltr'><strong>ipsum</strong></span> 
     </span>
    </p>
   </div>
   <div class='ocr_carea' id='block_1_57' title="bbox 403 5476 1980 5562">
    <p class='ocr_par' dir='ltr' id='par_1_57' title="bbox 403 5476 1980 5562">
     <span class='ocr_line' id='line_1_57' title="bbox 403 5476 1980 5562; baseline 0.008 -27"><span class='ocrx_word' id='word_1_460' title='bbox 403 5487 547 5553; x_wconf 88' lang='lat' dir='ltr'><strong>prior</strong></span> <span class='ocrx_word' id='word_1_461' title='bbox 597 5487 712 5558; x_wconf 90' lang='lat' dir='ltr'><strong>ipse</strong></span> <span class='ocrx_word' id='word_1_462' title='bbox 755 5487 994 5550; x_wconf 87' lang='lat' dir='ltr'><strong>vocavit,</strong></span> <span class='ocrx_word' id='word_1_463' title='bbox 1028 5487 1306 5542; x_wconf 88' lang='lat' dir='ltr'><strong>anxietatis</strong></span> <span class='ocrx_word' id='word_1_464' title='bbox 1364 5476 1585 5545; x_wconf 59' lang='lat' dir='ltr'><strong>multu‘m</strong></span> <span class='ocrx_word' id='word_1_465' title='bbox 1629 5493 1980 5562; x_wconf 86' lang='lat' dir='ltr'><strong>appellatione</strong></span> 
     </span>
    </p>
   </div>
   <div class='ocr_carea' id='block_1_58' title="bbox 403 5576 1979 5656">
    <p class='ocr_par' dir='ltr' id='par_1_58' title="bbox 403 5576 1979 5656">
     <span class='ocr_line' id='line_1_58' title="bbox 403 5576 1979 5656; baseline 0.007 -28"><span class='ocrx_word' id='word_1_466' title='bbox 403 5576 644 5630; x_wconf 86' lang='lat' dir='ltr'><strong>recidens</strong></span> <span class='ocrx_word' id='word_1_467' title='bbox 669 5619 683 5643; x_wconf 94' lang='lat'><strong>,</strong></span> <span class='ocrx_word' id='word_1_468' title='bbox 711 5587 766 5632; x_wconf 90' lang='lat' dir='ltr'><strong>et</strong></span> <span class='ocrx_word' id='word_1_469' title='bbox 789 5579 1062 5647; x_wconf 82' lang='lat' dir='ltr'><strong>expellens</strong></span> <span class='ocrx_word' id='word_1_470' title='bbox 1089 5580 1356 5645; x_wconf 89' lang='lat' dir='ltr'><strong>timorem,</strong></span> <span class='ocrx_word' id='word_1_471' title='bbox 1387 5598 1553 5654; x_wconf 91' lang='lat' dir='ltr'><strong>osque</strong></span> <span class='ocrx_word' id='word_1_472' title='bbox 1581 5585 1822 5639; x_wconf 86' lang='lat' dir='ltr'><strong>vocando</strong></span> <span class='ocrx_word' id='word_1_473' title='bbox 1850 5601 1979 5656; x_wconf 62' lang='lat' dir='ltr'><strong>apeo</strong></span> 
     </span>
    </p>
   </div>
   <div class='ocr_carea' id='block_1_59' title="bbox 407 5665 1984 5749">
    <p class='ocr_par' dir='ltr' id='par_1_59' title="bbox 407 5665 1984 5749">
     <span class='ocr_line' id='line_1_59' title="bbox 407 5665 1984 5749; baseline 0.01 -31"><span class='ocrx_word' id='word_1_474' title='bbox 407 5665 568 5719; x_wconf 86' lang='lat' dir='ltr'><strong>riens.</strong></span> <span class='ocrx_word' id='word_1_475' title='bbox 591 5666 816 5738; x_wconf 84' lang='lat' dir='ltr'><strong>Ideoque</strong></span> <span class='ocrx_word' id='word_1_476' title='bbox 832 5671 1058 5736; x_wconf 87' lang='lat' dir='ltr'><strong>dicebat,</strong></span> <span class='ocrx_word' id='word_1_477' title='bbox 1078 5672 1238 5726; x_wconf 79' lang='lat' dir='ltr'><strong>Adam</strong></span> <span class='ocrx_word' id='word_1_478' title='bbox 1255 5673 1340 5727; x_wconf 85' lang='lat' dir='ltr'><strong>ubi</strong></span> <span class='ocrx_word' id='word_1_479' title='bbox 1358 5676 1445 5729; x_wconf 79' lang='lat' dir='ltr'><strong>es?</strong></span> <span class='ocrx_word' id='word_1_480' title='bbox 1462 5677 1597 5731; x_wconf 86' lang='lat' dir='ltr'><strong>Alibi</strong></span> <span class='ocrx_word' id='word_1_481' title='bbox 1615 5685 1664 5731; x_wconf 89' lang='lat' dir='ltr'><strong>te</strong></span> <span class='ocrx_word' id='word_1_482' title='bbox 1680 5678 1886 5749; x_wconf 90' lang='lat' dir='ltr'><strong>reliqui,</strong></span> <span class='ocrx_word' id='word_1_483' title='bbox 1908 5679 1984 5734; x_wconf 89' lang='lat' dir='ltr'><strong>in-</strong></span> 
     </span>
    </p>
   </div>
   <div class='ocr_carea' id='block_1_60' title="bbox 408 5755 1977 5842">
    <p class='ocr_par' dir='ltr' id='par_1_60' title="bbox 408 5755 1977 5842">
     <span class='ocr_line' id='line_1_60' title="bbox 408 5755 1977 5842; baseline 0.013 -38"><span class='ocrx_word' id='word_1_484' title='bbox 408 5755 539 5825; x_wconf 80' lang='lat' dir='ltr'><strong>quit,</strong></span> <span class='ocrx_word' id='word_1_485' title='bbox 558 5764 611 5808; x_wconf 83' lang='lat' dir='ltr'><strong>et</strong></span> <span class='ocrx_word' id='word_1_486' title='bbox 631 5757 750 5813; x_wconf 86' lang='lat' dir='ltr'><strong>alibi</strong></span> <span class='ocrx_word' id='word_1_487' title='bbox 770 5775 907 5815; x_wconf 89' lang='lat' dir='ltr'><strong>nunc</strong></span> <span class='ocrx_word' id='word_1_488' title='bbox 921 5761 1131 5819; x_wconf 87' lang='lat' dir='ltr'><strong>invenio</strong></span> <span class='ocrx_word' id='word_1_489' title='bbox 1149 5764 1361 5836; x_wconf 85' lang='lat' dir='ltr'><strong>:reliqui</strong></span> <span class='ocrx_word' id='word_1_490' title='bbox 1380 5775 1431 5822; x_wconf 89' lang='lat' dir='ltr'><strong>te</strong></span> <span class='ocrx_word' id='word_1_491' title='bbox 1448 5767 1498 5823; x_wconf 92' lang='lat' dir='ltr'><strong>in</strong></span> <span class='ocrx_word' id='word_1_492' title='bbox 1521 5770 1704 5826; x_wconf 82' lang='lat' dir='ltr'><strong>ﬁducia</strong></span> <span class='ocrx_word' id='word_1_493' title='bbox 1725 5781 1773 5826; x_wconf 89' lang='lat' dir='ltr'><strong>et</strong></span> <span class='ocrx_word' id='word_1_494' title='bbox 1789 5772 1977 5842; x_wconf 77' lang='lat' dir='ltr'><strong>gloria,</strong></span> 
     </span>
    </p>
   </div>
   <div class='ocr_carea' id='block_1_61' title="bbox 2081 479 3661 538">
    <p class='ocr_par' dir='ltr' id='par_1_61' title="bbox 2081 479 3661 538">
     <span class='ocr_line' id='line_1_61' title="bbox 2081 479 3661 538; baseline 0.003 -4"><span class='ocrx_word' id='word_1_495' title='bbox 2081 495 2224 534; x_wconf 79' lang='lat' dir='ltr'><strong>nunc</strong></span> <span class='ocrx_word' id='word_1_496' title='bbox 2251 489 2426 533; x_wconf 92' lang='lat' dir='ltr'><strong>autem</strong></span> <span class='ocrx_word' id='word_1_497' title='bbox 2454 479 2664 534; x_wconf 88' lang='lat' dir='ltr'><strong>invenio</strong></span> <span class='ocrx_word' id='word_1_498' title='bbox 2691 479 2743 534; x_wconf 90' lang='lat' dir='ltr'><strong>in</strong></span> <span class='ocrx_word' id='word_1_499' title='bbox 2771 479 3084 535; x_wconf 88' lang='lat' dir='ltr'><strong>confusione</strong></span> <span class='ocrx_word' id='word_1_500' title='bbox 3110 489 3163 538; x_wconf 85' lang='lat' dir='ltr'><strong>et</strong></span> <span class='ocrx_word' id='word_1_501' title='bbox 3201 481 3428 536; x_wconf 82' lang='lat' dir='ltr'><strong>silentio.</strong></span> <span class='ocrx_word' id='word_1_502' title='bbox 3456 481 3521 536; x_wconf 81' lang='lat' dir='ltr'><strong>Et</strong></span> <span class='ocrx_word' id='word_1_503' title='bbox 3547 497 3661 538; x_wconf 76' lang='lat' dir='ltr'><strong>eon-</strong></span> 
     </span>
    </p>
   </div>
   <div class='ocr_carea' id='block_1_62' title="bbox 2079 571 3662 640">
    <p class='ocr_par' dir='ltr' id='par_1_62' title="bbox 2079 571 3662 640">
     <span class='ocr_line' id='line_1_62' title="bbox 2079 571 3662 640; baseline 0.004 -14"><span class='ocrx_word' id='word_1_504' title='bbox 2079 572 2253 626; x_wconf 78' lang='lat' dir='ltr'><strong>sidera</strong></span> <span class='ocrx_word' id='word_1_505' title='bbox 2296 585 2480 626; x_wconf 90' lang='lat' dir='ltr'><strong>curam</strong></span> <span class='ocrx_word' id='word_1_506' title='bbox 2527 571 2619 626; x_wconf 85' lang='lat' dir='ltr'><strong>Dei</strong></span> <span class='ocrx_word' id='word_1_507' title='bbox 2653 588 2668 627; x_wconf 92' lang='lat'>:</span> <span class='ocrx_word' id='word_1_508' title='bbox 2701 587 2806 626; x_wconf 93' lang='lat' dir='ltr'><strong>non</strong></span> <span class='ocrx_word' id='word_1_509' title='bbox 2849 572 3015 626; x_wconf 84' lang='lat' dir='ltr'><strong>Evam</strong></span> <span class='ocrx_word' id='word_1_510' title='bbox 3059 574 3302 640; x_wconf 80' lang='lat' dir='ltr'><strong>vocavit,</strong></span> <span class='ocrx_word' id='word_1_511' title='bbox 3333 589 3435 628; x_wconf 91' lang='lat' dir='ltr'><strong>non</strong></span> <span class='ocrx_word' id='word_1_512' title='bbox 3464 576 3662 632; x_wconf 75' lang='lat' dir='ltr'><strong>vocavit</strong></span> 
     </span>
    </p>
   </div>
   <div class='ocr_carea' id='block_1_63' title="bbox 2079 663 3658 735">
    <p class='ocr_par' dir='ltr' id='par_1_63' title="bbox 2079 663 3658 735">
     <span class='ocr_line' id='line_1_63' title="bbox 2079 663 3658 735; baseline 0.001 -17"><span class='ocrx_word' id='word_1_513' title='bbox 2079 673 2381 734; x_wconf 87' lang='lat' dir='ltr'><strong>serpentem</strong></span> <span class='ocrx_word' id='word_1_514' title='bbox 2407 706 2421 728; x_wconf 91' lang='lat'><strong>,</strong></span> <span class='ocrx_word' id='word_1_515' title='bbox 2454 663 2547 718; x_wconf 89' lang='lat' dir='ltr'><strong>sed</strong></span> <span class='ocrx_word' id='word_1_516' title='bbox 2592 665 2683 735; x_wconf 88' lang='lat' dir='ltr'><strong>qui</strong></span> <span class='ocrx_word' id='word_1_517' title='bbox 2712 665 2949 719; x_wconf 88' lang='lat' dir='ltr'><strong>omnium</strong></span> <span class='ocrx_word' id='word_1_518' title='bbox 2993 665 3262 720; x_wconf 84' lang='lat' dir='ltr'><strong>levissime</strong></span> <span class='ocrx_word' id='word_1_519' title='bbox 3309 677 3658 735; x_wconf 81' lang='lat' dir='ltr'><strong>peccaverat,</strong></span> 
     </span>
    </p>
   </div>
   <div class='ocr_carea' id='block_1_64' title="bbox 2081 753 3663 824">
    <p class='ocr_par' dir='ltr' id='par_1_64' title="bbox 2081 753 3663 824">
     <span class='ocr_line' id='line_1_64' title="bbox 2081 753 3663 824; baseline 0.002 -16"><span class='ocrx_word' id='word_1_520' title='bbox 2081 754 2222 809; x_wconf 89' lang='lat' dir='ltr'><strong>hunc</strong></span> <span class='ocrx_word' id='word_1_521' title='bbox 2263 753 2330 808; x_wconf 89' lang='lat' dir='ltr'><strong>ad</strong></span> <span class='ocrx_word' id='word_1_522' title='bbox 2364 754 2621 823; x_wconf 90' lang='lat' dir='ltr'><strong>judicium</strong></span> <span class='ocrx_word' id='word_1_523' title='bbox 2665 755 2892 824; x_wconf 88' lang='lat' dir='ltr'><strong>primum</strong></span> <span class='ocrx_word' id='word_1_524' title='bbox 2930 754 3188 820; x_wconf 75' lang='lat' dir='ltr'><strong>accersit,</strong></span> <span class='ocrx_word' id='word_1_525' title='bbox 3223 762 3278 808; x_wconf 94' lang='lat' dir='ltr'><strong>ut</strong></span> <span class='ocrx_word' id='word_1_526' title='bbox 3325 755 3390 810; x_wconf 91' lang='lat' dir='ltr'><strong>ab</strong></span> <span class='ocrx_word' id='word_1_527' title='bbox 3436 771 3501 809; x_wconf 89' lang='lat' dir='ltr'><strong>eo</strong></span> <span class='ocrx_word' id='word_1_528' title='bbox 3531 755 3663 811; x_wconf 90' lang='lat' dir='ltr'><strong>inci-</strong></span> 
     </span>
    </p>
   </div>
   <div class='ocr_carea' id='block_1_65' title="bbox 2080 845 3662 916">
    <p class='ocr_par' dir='ltr' id='par_1_65' title="bbox 2080 845 3662 916">
     <span class='ocr_line' id='line_1_65' title="bbox 2080 845 3662 916; baseline 0.003 -19"><span class='ocrx_word' id='word_1_529' title='bbox 2080 846 2230 914; x_wconf 90' lang='lat' dir='ltr'><strong>piens</strong></span> <span class='ocrx_word' id='word_1_530' title='bbox 2257 886 2270 909; x_wconf 91' lang='lat'><strong>,</strong></span> <span class='ocrx_word' id='word_1_531' title='bbox 2303 846 2391 915; x_wconf 92' lang='lat' dir='ltr'><strong>qui</strong></span> <span class='ocrx_word' id='word_1_532' title='bbox 2431 845 2606 915; x_wconf 88' lang='lat' dir='ltr'><strong>aliqua</strong></span> <span class='ocrx_word' id='word_1_533' title='bbox 2635 854 2844 914; x_wconf 88' lang='lat' dir='ltr'><strong>poterat</strong></span> <span class='ocrx_word' id='word_1_534' title='bbox 2871 845 3024 900; x_wconf 88' lang='lat' dir='ltr'><strong>venia</strong></span> <span class='ocrx_word' id='word_1_535' title='bbox 3055 846 3232 916; x_wconf 84' lang='lat' dir='ltr'><strong>potiri.</strong></span> <span class='ocrx_word' id='word_1_536' title='bbox 3263 846 3418 900; x_wconf 90' lang='lat' dir='ltr'><strong>etiam</strong></span> <span class='ocrx_word' id='word_1_537' title='bbox 3469 846 3520 900; x_wconf 92' lang='lat' dir='ltr'><strong>in</strong></span> <span class='ocrx_word' id='word_1_538' title='bbox 3548 861 3662 901; x_wconf 88' lang='lat' dir='ltr'><strong>eam</strong></span> 
     </span>
    </p>
   </div>
   <div class='ocr_carea' id='block_1_66' title="bbox 2079 937 3661 1009">
    <p class='ocr_par' dir='ltr' id='par_1_66' title="bbox 2079 937 3661 1009">
     <span class='ocr_line' id='line_1_66' title="bbox 2079 937 3661 1009; baseline 0.003 -19"><span class='ocrx_word' id='word_1_539' title='bbox 2079 955 2198 1009; x_wconf 75' lang='lat' dir='ltr'><strong>qua:</strong></span> <span class='ocrx_word' id='word_1_540' title='bbox 2230 939 2454 992; x_wconf 91' lang='lat' dir='ltr'><strong>multum</strong></span> <span class='ocrx_word' id='word_1_541' title='bbox 2485 947 2816 1009; x_wconf 87' lang='lat' dir='ltr'><strong>peccaverat,</strong></span> <span class='ocrx_word' id='word_1_542' title='bbox 2853 939 3117 992; x_wconf 91' lang='lat' dir='ltr'><strong>mitiorem</strong></span> <span class='ocrx_word' id='word_1_543' title='bbox 3163 937 3296 992; x_wconf 88' lang='lat' dir='ltr'><strong>ferat</strong></span> <span class='ocrx_word' id='word_1_544' title='bbox 3326 939 3661 995; x_wconf 84' lang='lat' dir='ltr'><strong>sententiam.</strong></span> 
     </span>
    </p>
   </div>
   <div class='ocr_carea' id='block_1_67' title="bbox 2083 1029 3665 1100">
    <p class='ocr_par' dir='ltr' id='par_1_67' title="bbox 2083 1029 3665 1100">
     <span class='ocr_line' id='line_1_67' title="bbox 2083 1029 3665 1100; baseline 0 -15"><span class='ocrx_word' id='word_1_545' title='bbox 2083 1030 2154 1085; x_wconf 87' lang='lat' dir='ltr'><strong>Et</strong></span> <span class='ocrx_word' id='word_1_546' title='bbox 2178 1029 2385 1100; x_wconf 90' lang='lat' dir='ltr'><strong>judices</strong></span> <span class='ocrx_word' id='word_1_547' title='bbox 2411 1030 2624 1100; x_wconf 87' lang='lat' dir='ltr'><strong>quidem</strong></span> <span class='ocrx_word' id='word_1_548' title='bbox 2650 1045 2940 1085; x_wconf 90' lang='lat' dir='ltr'><strong>conservos</strong></span> <span class='ocrx_word' id='word_1_549' title='bbox 2965 1044 3112 1093; x_wconf 83' lang='lat' dir='ltr'><strong>suos.</strong></span> <span class='ocrx_word' id='word_1_550' title='bbox 3140 1038 3196 1084; x_wconf 91' lang='lat' dir='ltr'><strong>et</strong></span> <span class='ocrx_word' id='word_1_551' title='bbox 3223 1029 3458 1099; x_wconf 88' lang='lat' dir='ltr'><strong>ejusdem</strong></span> <span class='ocrx_word' id='word_1_552' title='bbox 3489 1044 3665 1085; x_wconf 87' lang='lat' dir='ltr'><strong>secum</strong></span> 
     </span>
    </p>
   </div>
   <div class='ocr_carea' id='block_1_68' title="bbox 2084 1119 3667 1192">
    <p class='ocr_par' dir='ltr' id='par_1_68' title="bbox 2084 1119 3667 1192">
     <span class='ocr_line' id='line_1_68' title="bbox 2084 1119 3667 1192; baseline -0.002 -17"><span class='ocrx_word' id='word_1_553' title='bbox 2084 1130 2288 1175; x_wconf 75' lang='lat' dir='ltr'><strong>natura:</strong></span> <span class='ocrx_word' id='word_1_554' title='bbox 2319 1121 2630 1191; x_wconf 87' lang='lat' dir='ltr'><strong>participes,</strong></span> <span class='ocrx_word' id='word_1_555' title='bbox 2669 1135 2768 1192; x_wconf 90' lang='lat' dir='ltr'><strong>per</strong></span> <span class='ocrx_word' id='word_1_556' title='bbox 2799 1120 3002 1190; x_wconf 85' lang='lat' dir='ltr'><strong>seipsos</strong></span> <span class='ocrx_word' id='word_1_557' title='bbox 3031 1119 3321 1175; x_wconf 82' lang='lat' dir='ltr'><strong>examinari</strong></span> <span class='ocrx_word' id='word_1_558' title='bbox 3365 1137 3468 1174; x_wconf 88' lang='lat' dir='ltr'><strong>non</strong></span> <span class='ocrx_word' id='word_1_559' title='bbox 3508 1121 3667 1174; x_wconf 83' lang='lat' dir='ltr'><strong>susti-</strong></span> 
     </span>
    </p>
   </div>
   <div class='ocr_carea' id='block_1_69' title="bbox 2083 1211 3664 1281">
    <p class='ocr_par' dir='ltr' id='par_1_69' title="bbox 2083 1211 3664 1281">
     <span class='ocr_line' id='line_1_69' title="bbox 2083 1211 3664 1281; baseline 0 -17"><span class='ocrx_word' id='word_1_560' title='bbox 2083 1220 2243 1276; x_wconf 89' lang='lat' dir='ltr'><strong>nent,</strong></span> <span class='ocrx_word' id='word_1_561' title='bbox 2273 1211 2367 1265; x_wconf 89' lang='lat' dir='ltr'><strong>sed</strong></span> <span class='ocrx_word' id='word_1_562' title='bbox 2403 1211 2766 1266; x_wconf 90' lang='lat' dir='ltr'><strong>ministrorum</strong></span> <span class='ocrx_word' id='word_1_563' title='bbox 2795 1211 3096 1281; x_wconf 88' lang='lat' dir='ltr'><strong>quempiam</strong></span> <span class='ocrx_word' id='word_1_564' title='bbox 3141 1211 3238 1266; x_wconf 80' lang='lat' dir='ltr'><strong>sibi</strong></span> <span class='ocrx_word' id='word_1_565' title='bbox 3271 1211 3501 1264; x_wconf 82' lang='lat' dir='ltr'><strong>medium</strong></span> <span class='ocrx_word' id='word_1_566' title='bbox 3549 1226 3664 1280; x_wconf 88' lang='lat' dir='ltr'><strong>pro-</strong></span> 
     </span>
    </p>
   </div>
   <div class='ocr_carea' id='block_1_70' title="bbox 2083 1299 3667 1370">
    <p class='ocr_par' dir='ltr' id='par_1_70' title="bbox 2083 1299 3667 1370">
     <span class='ocr_line' id='line_1_70' title="bbox 2083 1299 3667 1370; baseline 0.001 -18"><span class='ocrx_word' id='word_1_567' title='bbox 2083 1311 2380 1369; x_wconf 88' lang='lat' dir='ltr'><strong>ponentes,</strong></span> <span class='ocrx_word' id='word_1_568' title='bbox 2410 1299 2850 1370; x_wconf 83' lang='lat' dir='ltr'><strong>interrogationes</strong></span> <span class='ocrx_word' id='word_1_569' title='bbox 2893 1301 3038 1354; x_wconf 91' lang='lat' dir='ltr'><strong>illum</strong></span> <span class='ocrx_word' id='word_1_570' title='bbox 3075 1316 3200 1355; x_wconf 91' lang='lat' dir='ltr'><strong>suas</strong></span> <span class='ocrx_word' id='word_1_571' title='bbox 3242 1301 3309 1354; x_wconf 91' lang='lat' dir='ltr'><strong>ad</strong></span> <span class='ocrx_word' id='word_1_572' title='bbox 3354 1317 3500 1355; x_wconf 89' lang='lat' dir='ltr'><strong>reum</strong></span> <span class='ocrx_word' id='word_1_573' title='bbox 3547 1316 3667 1370; x_wconf 85' lang='lat' dir='ltr'><strong>pro-</strong></span> 
     </span>
    </p>
   </div>
   <div class='ocr_carea' id='block_1_71' title="bbox 2081 1393 3668 1465">
    <p class='ocr_par' dir='ltr' id='par_1_71' title="bbox 2081 1393 3668 1465">
     <span class='ocr_line' id='line_1_71' title="bbox 2081 1393 3668 1465; baseline -0.002 -13"><span class='ocrx_word' id='word_1_574' title='bbox 2081 1394 2219 1452; x_wconf 81' lang='lat' dir='ltr'><strong>ferre</strong></span> <span class='ocrx_word' id='word_1_575' title='bbox 2239 1395 2427 1465; x_wconf 90' lang='lat' dir='ltr'><strong>jubent</strong></span> <span class='ocrx_word' id='word_1_576' title='bbox 2451 1436 2466 1463; x_wconf 91' lang='lat'><strong>,</strong></span> <span class='ocrx_word' id='word_1_577' title='bbox 2493 1405 2548 1450; x_wconf 90' lang='lat' dir='ltr'><strong>et</strong></span> <span class='ocrx_word' id='word_1_578' title='bbox 2570 1410 2664 1464; x_wconf 90' lang='lat' dir='ltr'><strong>per</strong></span> <span class='ocrx_word' id='word_1_579' title='bbox 2693 1395 2864 1464; x_wconf 87' lang='lat' dir='ltr'><strong>ipsum</strong></span> <span class='ocrx_word' id='word_1_580' title='bbox 2906 1409 3253 1464; x_wconf 71' lang='lat' dir='ltr'><strong>quaecumque</strong></span> <span class='ocrx_word' id='word_1_581' title='bbox 3282 1394 3467 1461; x_wconf 90' lang='lat' dir='ltr'><strong>velint,</strong></span> <span class='ocrx_word' id='word_1_582' title='bbox 3489 1393 3668 1449; x_wconf 81' lang='lat' dir='ltr'><strong>dicunt</strong></span> 
     </span>
    </p>
   </div>
   <div class='ocr_carea' id='block_1_72' title="bbox 2081 1485 3666 1550">
    <p class='ocr_par' dir='ltr' id='par_1_72' title="bbox 2081 1485 3666 1550">
     <span class='ocr_line' id='line_1_72' title="bbox 2081 1485 3666 1550; baseline -0.001 -9"><span class='ocrx_word' id='word_1_583' title='bbox 2081 1497 2136 1541; x_wconf 90' lang='lat' dir='ltr'><strong>et</strong></span> <span class='ocrx_word' id='word_1_584' title='bbox 2170 1485 2430 1550; x_wconf 89' lang='lat' dir='ltr'><strong>audiunt,</strong></span> <span class='ocrx_word' id='word_1_585' title='bbox 2462 1485 2587 1539; x_wconf 90' lang='lat' dir='ltr'><strong>dum</strong></span> <span class='ocrx_word' id='word_1_586' title='bbox 2635 1499 2756 1540; x_wconf 91' lang='lat' dir='ltr'><strong>reos</strong></span> <span class='ocrx_word' id='word_1_587' title='bbox 2785 1485 3088 1539; x_wconf 81' lang='lat' dir='ltr'><strong>examinant</strong></span> <span class='ocrx_word' id='word_1_588' title='bbox 3116 1501 3130 1547; x_wconf 87' lang='lat'><strong>;</strong></span> <span class='ocrx_word' id='word_1_589' title='bbox 3161 1485 3300 1539; x_wconf 90' lang='lat' dir='ltr'><strong>Deus</strong></span> <span class='ocrx_word' id='word_1_590' title='bbox 3345 1497 3521 1539; x_wconf 88' lang='lat' dir='ltr'><strong>autem</strong></span> <span class='ocrx_word' id='word_1_591' title='bbox 3551 1501 3666 1539; x_wconf 87' lang='lat' dir='ltr'><strong>me-</strong></span> 
     </span>
    </p>
   </div>
   <div class='ocr_carea' id='block_1_73' title="bbox 2082 1575 3668 1644">
    <p class='ocr_par' dir='ltr' id='par_1_73' title="bbox 2082 1575 3668 1644">
     <span class='ocr_line' id='line_1_73' title="bbox 2082 1575 3668 1644; baseline -0.001 -15"><span class='ocrx_word' id='word_1_592' title='bbox 2082 1576 2288 1631; x_wconf 88' lang='lat' dir='ltr'><strong>diatore</strong></span> <span class='ocrx_word' id='word_1_593' title='bbox 2321 1576 2466 1630; x_wconf 92' lang='lat' dir='ltr'><strong>nullo</strong></span> <span class='ocrx_word' id='word_1_594' title='bbox 2492 1575 2559 1630; x_wconf 87' lang='lat' dir='ltr'><strong>ad</strong></span> <span class='ocrx_word' id='word_1_595' title='bbox 2595 1575 2864 1630; x_wconf 86' lang='lat' dir='ltr'><strong>hominem</strong></span> <span class='ocrx_word' id='word_1_596' title='bbox 2895 1590 3028 1644; x_wconf 84' lang='lat' dir='ltr'><strong>Opus</strong></span> <span class='ocrx_word' id='word_1_597' title='bbox 3057 1575 3273 1641; x_wconf 87' lang='lat' dir='ltr'><strong>habuit,</strong></span> <span class='ocrx_word' id='word_1_598' title='bbox 3307 1575 3400 1629; x_wconf 88' lang='lat' dir='ltr'><strong>sed</strong></span> <span class='ocrx_word' id='word_1_599' title='bbox 3442 1575 3552 1644; x_wconf 88' lang='lat' dir='ltr'><strong>ipse</strong></span> <span class='ocrx_word' id='word_1_600' title='bbox 3581 1590 3668 1644; x_wconf 91' lang='lat' dir='ltr'><strong>per</strong></span> 
     </span>
    </p>
   </div>
   <div class='ocr_carea' id='block_1_74' title="bbox 2081 1666 3667 1737">
    <p class='ocr_par' dir='ltr' id='par_1_74' title="bbox 2081 1666 3667 1737">
     <span class='ocr_line' id='line_1_74' title="bbox 2081 1666 3667 1737; baseline 0 -16"><span class='ocrx_word' id='word_1_601' title='bbox 2081 1669 2312 1736; x_wconf 87' lang='lat' dir='ltr'><strong>seipsum</strong></span> <span class='ocrx_word' id='word_1_602' title='bbox 2341 1667 2579 1737; x_wconf 89' lang='lat' dir='ltr'><strong>judicat,</strong></span> <span class='ocrx_word' id='word_1_603' title='bbox 2612 1675 2665 1721; x_wconf 92' lang='lat' dir='ltr'><strong>et</strong></span> <span class='ocrx_word' id='word_1_604' title='bbox 2708 1667 3040 1721; x_wconf 91' lang='lat' dir='ltr'><strong>consolatur.</strong></span> <span class='ocrx_word' id='word_1_605' title='bbox 3071 1667 3180 1721; x_wconf 77' lang='lat' dir='ltr'><strong>Nec</strong></span> <span class='ocrx_word' id='word_1_606' title='bbox 3222 1666 3321 1721; x_wconf 89' lang='lat' dir='ltr'><strong>hoc</strong></span> <span class='ocrx_word' id='word_1_607' title='bbox 3365 1675 3563 1720; x_wconf 67' lang='lat' dir='ltr'><strong>tantum</strong></span> <span class='ocrx_word' id='word_1_608' title='bbox 3588 1676 3667 1722; x_wconf 89' lang='lat' dir='ltr'><strong>est</strong></span> 
     </span>
    </p>
   </div>
   <div class='ocr_carea' id='block_1_75' title="bbox 2083 1757 3662 1828">
    <p class='ocr_par' dir='ltr' id='par_1_75' title="bbox 2083 1757 3662 1828">
     <span class='ocr_line' id='line_1_75' title="bbox 2083 1757 3662 1828; baseline 0.001 -18"><span class='ocrx_word' id='word_1_609' title='bbox 2083 1757 2396 1812; x_wconf 90' lang='lat' dir='ltr'><strong>admirabile</strong></span> <span class='ocrx_word' id='word_1_610' title='bbox 2420 1799 2434 1822; x_wconf 93' lang='lat'><strong>,</strong></span> <span class='ocrx_word' id='word_1_611' title='bbox 2479 1757 2573 1812; x_wconf 89' lang='lat' dir='ltr'><strong>sed</strong></span> <span class='ocrx_word' id='word_1_612' title='bbox 2600 1758 2760 1812; x_wconf 86' lang='lat' dir='ltr'><strong>etiam</strong></span> <span class='ocrx_word' id='word_1_613' title='bbox 2786 1757 2927 1827; x_wconf 91' lang='lat' dir='ltr'><strong>quod</strong></span> <span class='ocrx_word' id='word_1_614' title='bbox 2957 1758 3241 1812; x_wconf 89' lang='lat' dir='ltr'><strong>commissa</strong></span> <span class='ocrx_word' id='word_1_615' title='bbox 3269 1759 3519 1828; x_wconf 85' lang='lat' dir='ltr'><strong>corrigat.</strong></span> <span class='ocrx_word' id='word_1_616' title='bbox 3569 1757 3662 1812; x_wconf 83' lang='lat' dir='ltr'><strong>Ju-</strong></span> 
     </span>
    </p>
   </div>
   <div class='ocr_carea' id='block_1_76' title="bbox 2083 1848 3662 1919">
    <p class='ocr_par' dir='ltr' id='par_1_76' title="bbox 2083 1848 3662 1919">
     <span class='ocr_line' id='line_1_76' title="bbox 2083 1848 3662 1919; baseline -0.001 -16"><span class='ocrx_word' id='word_1_617' title='bbox 2083 1849 2230 1903; x_wconf 91' lang='lat' dir='ltr'><strong>dices</strong></span> <span class='ocrx_word' id='word_1_618' title='bbox 2251 1849 2392 1904; x_wconf 90' lang='lat' dir='ltr'><strong>enim</strong></span> <span class='ocrx_word' id='word_1_619' title='bbox 2419 1863 2540 1903; x_wconf 89' lang='lat' dir='ltr'><strong>cum</strong></span> <span class='ocrx_word' id='word_1_620' title='bbox 2581 1849 2815 1904; x_wconf 86' lang='lat' dir='ltr'><strong>latrones</strong></span> <span class='ocrx_word' id='word_1_621' title='bbox 2855 1848 3095 1917; x_wconf 90' lang='lat' dir='ltr'><strong>ceperint</strong></span> <span class='ocrx_word' id='word_1_622' title='bbox 3120 1858 3174 1903; x_wconf 90' lang='lat' dir='ltr'><strong>et</strong></span> <span class='ocrx_word' id='word_1_623' title='bbox 3211 1849 3534 1919; x_wconf 85' lang='lat' dir='ltr'><strong>sacrilegos,</strong></span> <span class='ocrx_word' id='word_1_624' title='bbox 3561 1864 3662 1902; x_wconf 91' lang='lat' dir='ltr'><strong>non</strong></span> 
     </span>
    </p>
   </div>
   <div class='ocr_carea' id='block_1_77' title="bbox 2082 1919 3695 2009">
    <p class='ocr_par' dir='ltr' id='par_1_77' title="bbox 2082 1919 3695 2009">
     <span class='ocr_line' id='line_1_77' title="bbox 2082 1919 3695 2009; baseline 0.001 -17"><span class='ocrx_word' id='word_1_625' title='bbox 2082 1939 2348 2009; x_wconf 91' lang='lat' dir='ltr'><strong>quomodo</strong></span> <span class='ocrx_word' id='word_1_626' title='bbox 2401 1939 2544 2007; x_wconf 90' lang='lat' dir='ltr'><strong>ipsos</strong></span> <span class='ocrx_word' id='word_1_627' title='bbox 2583 1938 2810 1994; x_wconf 89' lang='lat' dir='ltr'><strong>reddant</strong></span> <span class='ocrx_word' id='word_1_628' title='bbox 2848 1939 3097 1993; x_wconf 88' lang='lat' dir='ltr'><strong>meliores</strong></span> <span class='ocrx_word' id='word_1_629' title='bbox 3143 1941 3528 2006; x_wconf 87' lang='lat' dir='ltr'><strong>considerant,</strong></span> <span class='ocrx_word' id='word_1_630' title='bbox 3575 1919 3695 1994; x_wconf 42' lang='lat' dir='ltr'><strong>sed.</strong></span> 
     </span>
    </p>
   </div>
   <div class='ocr_carea' id='block_1_78' title="bbox 2083 2029 3670 2100">
    <p class='ocr_par' dir='ltr' id='par_1_78' title="bbox 2083 2029 3670 2100">
     <span class='ocr_line' id='line_1_78' title="bbox 2083 2029 3670 2100; baseline 0.006 -22"><span class='ocrx_word' id='word_1_631' title='bbox 2083 2029 2351 2097; x_wconf 84' lang='lat' dir='ltr'><strong>quomodo</strong></span> <span class='ocrx_word' id='word_1_632' title='bbox 2377 2029 2446 2083; x_wconf 92' lang='lat' dir='ltr'><strong>ab</strong></span> <span class='ocrx_word' id='word_1_633' title='bbox 2490 2030 2621 2099; x_wconf 89' lang='lat' dir='ltr'><strong>ipsis</strong></span> <span class='ocrx_word' id='word_1_634' title='bbox 2660 2036 2994 2098; x_wconf 89' lang='lat' dir='ltr'><strong>peccatorum</strong></span> <span class='ocrx_word' id='word_1_635' title='bbox 3024 2044 3211 2099; x_wconf 61' lang='lat' dir='ltr'><strong>poenas</strong></span> <span class='ocrx_word' id='word_1_636' title='bbox 3237 2032 3488 2100; x_wconf 80' lang='lat' dir='ltr'><strong>exigant;</strong></span> <span class='ocrx_word' id='word_1_637' title='bbox 3535 2031 3670 2087; x_wconf 87' lang='lat' dir='ltr'><strong>Deus</strong></span> 
     </span>
    </p>
   </div>
   <div class='ocr_carea' id='block_1_79' title="bbox 2081 2119 3663 2189">
    <p class='ocr_par' dir='ltr' id='par_1_79' title="bbox 2081 2119 3663 2189">
     <span class='ocr_line' id='line_1_79' title="bbox 2081 2119 3663 2189; baseline 0.001 -17"><span class='ocrx_word' id='word_1_638' title='bbox 2081 2130 2258 2174; x_wconf 90' lang='lat' dir='ltr'><strong>autem</strong></span> <span class='ocrx_word' id='word_1_639' title='bbox 2288 2129 2497 2186; x_wconf 89' lang='lat' dir='ltr'><strong>contra,</strong></span> <span class='ocrx_word' id='word_1_640' title='bbox 2527 2135 2647 2173; x_wconf 92' lang='lat' dir='ltr'><strong>cum</strong></span> <span class='ocrx_word' id='word_1_641' title='bbox 2675 2121 2902 2189; x_wconf 87' lang='lat' dir='ltr'><strong>aliquem</strong></span> <span class='ocrx_word' id='word_1_642' title='bbox 2933 2119 3134 2189; x_wconf 90' lang='lat' dir='ltr'><strong>ceperit</strong></span> <span class='ocrx_word' id='word_1_643' title='bbox 3165 2132 3496 2188; x_wconf 90' lang='lat' dir='ltr'><strong>peccatorem</strong></span> <span class='ocrx_word' id='word_1_644' title='bbox 3519 2161 3533 2186; x_wconf 87' lang='lat'><strong>,</strong></span> <span class='ocrx_word' id='word_1_645' title='bbox 3563 2135 3663 2174; x_wconf 92' lang='lat' dir='ltr'><strong>non</strong></span> 
     </span>
    </p>
   </div>
   <div class='ocr_carea' id='block_1_80' title="bbox 2081 2209 3670 2279">
    <p class='ocr_par' dir='ltr' id='par_1_80' title="bbox 2081 2209 3670 2279">
     <span class='ocr_line' id='line_1_80' title="bbox 2081 2209 3670 2279; baseline -0.001 -14"><span class='ocrx_word' id='word_1_646' title='bbox 2081 2209 2385 2265; x_wconf 89' lang='lat' dir='ltr'><strong>considerat</strong></span> <span class='ocrx_word' id='word_1_647' title='bbox 2410 2209 2677 2279; x_wconf 89' lang='lat' dir='ltr'><strong>quomodo</strong></span> <span class='ocrx_word' id='word_1_648' title='bbox 2705 2220 2875 2263; x_wconf 88' lang='lat' dir='ltr'><strong>sumat</strong></span> <span class='ocrx_word' id='word_1_649' title='bbox 2909 2209 3253 2278; x_wconf 87' lang='lat' dir='ltr'><strong>supplicium,</strong></span> <span class='ocrx_word' id='word_1_650' title='bbox 3281 2209 3376 2264; x_wconf 90' lang='lat' dir='ltr'><strong>sed</strong></span> <span class='ocrx_word' id='word_1_651' title='bbox 3410 2209 3670 2279; x_wconf 89' lang='lat' dir='ltr'><strong>quomodo</strong></span> 
     </span>
    </p>
   </div>
   <div class='ocr_carea' id='block_1_81' title="bbox 2082 2300 3668 2372">
    <p class='ocr_par' dir='ltr' id='par_1_81' title="bbox 2082 2300 3668 2372">
     <span class='ocr_line' id='line_1_81' title="bbox 2082 2300 3668 2372; baseline 0 -16"><span class='ocrx_word' id='word_1_652' title='bbox 2082 2303 2254 2371; x_wconf 89' lang='lat' dir='ltr'><strong>ipsum</strong></span> <span class='ocrx_word' id='word_1_653' title='bbox 2280 2301 2545 2372; x_wconf 87' lang='lat' dir='ltr'><strong>corrigat,</strong></span> <span class='ocrx_word' id='word_1_654' title='bbox 2576 2310 2629 2356; x_wconf 89' lang='lat' dir='ltr'><strong>et</strong></span> <span class='ocrx_word' id='word_1_655' title='bbox 2649 2302 2921 2356; x_wconf 88' lang='lat' dir='ltr'><strong>meliorem</strong></span> <span class='ocrx_word' id='word_1_656' title='bbox 2969 2301 3125 2356; x_wconf 90' lang='lat' dir='ltr'><strong>faciat</strong></span> <span class='ocrx_word' id='word_1_657' title='bbox 3152 2311 3206 2356; x_wconf 92' lang='lat' dir='ltr'><strong>et</strong></span> <span class='ocrx_word' id='word_1_658' title='bbox 3233 2302 3285 2356; x_wconf 92' lang='lat' dir='ltr'><strong>in</strong></span> <span class='ocrx_word' id='word_1_659' title='bbox 3317 2300 3555 2356; x_wconf 88' lang='lat' dir='ltr'><strong>futurum</strong></span> <span class='ocrx_word' id='word_1_660' title='bbox 3594 2303 3668 2356; x_wconf 81' lang='lat' dir='ltr'><strong>in-</strong></span> 
     </span>
    </p>
   </div>
   <div class='ocr_carea' id='block_1_82' title="bbox 2083 2393 3666 2464">
    <p class='ocr_par' dir='ltr' id='par_1_82' title="bbox 2083 2393 3666 2464">
     <span class='ocr_line' id='line_1_82' title="bbox 2083 2393 3666 2464; baseline -0.001 -15"><span class='ocrx_word' id='word_1_661' title='bbox 2083 2395 2509 2464; x_wconf 83' lang='lat' dir='ltr'><strong>expugnabilem.</strong></span> <span class='ocrx_word' id='word_1_662' title='bbox 2538 2394 2718 2462; x_wconf 84' lang='lat' dir='ltr'><strong>itaque</strong></span> <span class='ocrx_word' id='word_1_663' title='bbox 2745 2405 2797 2448; x_wconf 91' lang='lat' dir='ltr'><strong>et</strong></span> <span class='ocrx_word' id='word_1_664' title='bbox 2830 2393 2996 2463; x_wconf 89' lang='lat' dir='ltr'><strong>judex</strong></span> <span class='ocrx_word' id='word_1_665' title='bbox 3030 2393 3226 2463; x_wconf 89' lang='lat' dir='ltr'><strong>pariter</strong></span> <span class='ocrx_word' id='word_1_666' title='bbox 3247 2435 3263 2460; x_wconf 88' lang='lat'><strong>,</strong></span> <span class='ocrx_word' id='word_1_667' title='bbox 3294 2403 3349 2448; x_wconf 84' lang='lat' dir='ltr'><strong>et</strong></span> <span class='ocrx_word' id='word_1_668' title='bbox 3391 2393 3628 2448; x_wconf 87' lang='lat' dir='ltr'><strong>medicus</strong></span> <span class='ocrx_word' id='word_1_669' title='bbox 3650 2435 3666 2461; x_wconf 95' lang='lat'><strong>,</strong></span> 
     </span>
    </p>
   </div>
   <div class='ocr_carea' id='block_1_83' title="bbox 2082 2486 3663 2557">
    <p class='ocr_par' dir='ltr' id='par_1_83' title="bbox 2082 2486 3663 2557">
     <span class='ocr_line' id='line_1_83' title="bbox 2082 2486 3663 2557; baseline 0 -17"><span class='ocrx_word' id='word_1_670' title='bbox 2082 2496 2134 2540; x_wconf 90' lang='lat' dir='ltr'><strong>et</strong></span> <span class='ocrx_word' id='word_1_671' title='bbox 2164 2488 2418 2556; x_wconf 83' lang='lat' dir='ltr'><strong>magister</strong></span> <span class='ocrx_word' id='word_1_672' title='bbox 2443 2495 2525 2540; x_wconf 83' lang='lat' dir='ltr'><strong>est</strong></span> <span class='ocrx_word' id='word_1_673' title='bbox 2556 2487 2694 2540; x_wconf 89' lang='lat' dir='ltr'><strong>Deus</strong></span> <span class='ocrx_word' id='word_1_674' title='bbox 2719 2504 2732 2539; x_wconf 93' lang='lat'><strong>:</strong></span> <span class='ocrx_word' id='word_1_675' title='bbox 2754 2486 2949 2541; x_wconf 90' lang='lat' dir='ltr'><strong>etenim</strong></span> <span class='ocrx_word' id='word_1_676' title='bbox 2983 2495 3250 2557; x_wconf 86' lang='lat' dir='ltr'><strong>tamquam</strong></span> <span class='ocrx_word' id='word_1_677' title='bbox 3274 2487 3442 2556; x_wconf 83' lang='lat' dir='ltr'><strong>judex</strong></span> <span class='ocrx_word' id='word_1_678' title='bbox 3462 2487 3663 2541; x_wconf 86' lang='lat' dir='ltr'><strong>exami-</strong></span> 
     </span>
    </p>
   </div>
   <div class='ocr_carea' id='block_1_84' title="bbox 2083 2577 3670 2649">
    <p class='ocr_par' dir='ltr' id='par_1_84' title="bbox 2083 2577 3670 2649">
     <span class='ocr_line' id='line_1_84' title="bbox 2083 2577 3670 2649; baseline 0.001 -18"><span class='ocrx_word' id='word_1_679' title='bbox 2083 2587 2196 2642; x_wconf 87' lang='lat' dir='ltr'><strong>nat,</strong></span> <span class='ocrx_word' id='word_1_680' title='bbox 2229 2588 2284 2632; x_wconf 93' lang='lat' dir='ltr'><strong>ct</strong></span> <span class='ocrx_word' id='word_1_681' title='bbox 2310 2588 2576 2647; x_wconf 87' lang='lat' dir='ltr'><strong>tamquam</strong></span> <span class='ocrx_word' id='word_1_682' title='bbox 2622 2577 2861 2633; x_wconf 87' lang='lat' dir='ltr'><strong>medicus</strong></span> <span class='ocrx_word' id='word_1_683' title='bbox 2895 2579 3152 2649; x_wconf 88' lang='lat' dir='ltr'><strong>corrigit,</strong></span> <span class='ocrx_word' id='word_1_684' title='bbox 3181 2589 3233 2633; x_wconf 90' lang='lat' dir='ltr'><strong>et</strong></span> <span class='ocrx_word' id='word_1_685' title='bbox 3260 2588 3530 2649; x_wconf 86' lang='lat' dir='ltr'><strong>tamquam</strong></span> <span class='ocrx_word' id='word_1_686' title='bbox 3561 2593 3670 2632; x_wconf 84' lang='lat' dir='ltr'><strong>ma-</strong></span> 
     </span>
    </p>
   </div>
   <div class='ocr_carea' id='block_1_85' title="bbox 2081 2667 3667 2738">
    <p class='ocr_par' dir='ltr' id='par_1_85' title="bbox 2081 2667 3667 2738">
     <span class='ocr_line' id='line_1_85' title="bbox 2081 2667 3667 2738; baseline 0.001 -18"><span class='ocrx_word' id='word_1_687' title='bbox 2081 2668 2246 2738; x_wconf 87' lang='lat' dir='ltr'><strong>gister</strong></span> <span class='ocrx_word' id='word_1_688' title='bbox 2273 2667 2449 2733; x_wconf 90' lang='lat' dir='ltr'><strong>docet,</strong></span> <span class='ocrx_word' id='word_1_689' title='bbox 2481 2671 2857 2738; x_wconf 70' lang='lat' dir='ltr'><strong>praevaricatos</strong></span> <span class='ocrx_word' id='word_1_690' title='bbox 2886 2667 2936 2722; x_wconf 92' lang='lat' dir='ltr'><strong>in</strong></span> <span class='ocrx_word' id='word_1_691' title='bbox 2964 2683 3177 2722; x_wconf 88' lang='lat' dir='ltr'><strong>omnem</strong></span> <span class='ocrx_word' id='word_1_692' title='bbox 3212 2667 3548 2738; x_wconf 89' lang='lat' dir='ltr'><strong>disciplinam</strong></span> <span class='ocrx_word' id='word_1_693' title='bbox 3589 2668 3667 2722; x_wconf 90' lang='lat' dir='ltr'><strong>in-</strong></span> 
     </span>
    </p>
   </div>
   <div class='ocr_carea' id='block_1_86' title="bbox 2083 2759 3668 2816">
    <p class='ocr_par' dir='ltr' id='par_1_86' title="bbox 2083 2759 3668 2816">
     <span class='ocr_line' id='line_1_86' title="bbox 2083 2759 3668 2816; baseline 0.001 -1"><span class='ocrx_word' id='word_1_694' title='bbox 2083 2760 2305 2815; x_wconf 86' lang='lat' dir='ltr'><strong>ducens.</strong></span> <span class='ocrx_word' id='word_1_695' title='bbox 2339 2759 2394 2814; x_wconf 92' lang='lat' dir='ltr'><strong>Si</strong></span> <span class='ocrx_word' id='word_1_696' title='bbox 2435 2774 2560 2814; x_wconf 85' lang='lat' dir='ltr'><strong>vero</strong></span> <span class='ocrx_word' id='word_1_697' title='bbox 2596 2775 2757 2814; x_wconf 90' lang='lat' dir='ltr'><strong>unum</strong></span> <span class='ocrx_word' id='word_1_698' title='bbox 2795 2769 2850 2814; x_wconf 91' lang='lat' dir='ltr'><strong>et</strong></span> <span class='ocrx_word' id='word_1_699' title='bbox 2878 2759 3039 2815; x_wconf 90' lang='lat' dir='ltr'><strong>breve</strong></span> <span class='ocrx_word' id='word_1_700' title='bbox 3082 2760 3300 2814; x_wconf 87' lang='lat' dir='ltr'><strong>verbum</strong></span> <span class='ocrx_word' id='word_1_701' title='bbox 3333 2768 3534 2814; x_wconf 90' lang='lat' dir='ltr'><strong>tantam</strong></span> <span class='ocrx_word' id='word_1_702' title='bbox 3581 2759 3668 2816; x_wconf 84' lang='lat' dir='ltr'><strong>Dei</strong></span> 
     </span>
    </p>
   </div>
   <div class='ocr_carea' id='block_1_87' title="bbox 2082 2852 3669 2924">
    <p class='ocr_par' dir='ltr' id='par_1_87' title="bbox 2082 2852 3669 2924">
     <span class='ocr_line' id='line_1_87' title="bbox 2082 2852 3669 2924; baseline 0.001 -16"><span class='ocrx_word' id='word_1_703' title='bbox 2082 2867 2266 2908; x_wconf 90' lang='lat' dir='ltr'><strong>curam</strong></span> <span class='ocrx_word' id='word_1_704' title='bbox 2296 2852 2703 2919; x_wconf 88' lang='lat' dir='ltr'><strong>demonstravit,</strong></span> <span class='ocrx_word' id='word_1_705' title='bbox 2724 2853 2850 2923; x_wconf 92' lang='lat' dir='ltr'><strong>quid</strong></span> <span class='ocrx_word' id='word_1_706' title='bbox 2879 2853 2925 2908; x_wconf 89' lang='lat' dir='ltr'><strong>si</strong></span> <span class='ocrx_word' id='word_1_707' title='bbox 2964 2862 3128 2908; x_wconf 86' lang='lat' dir='ltr'><strong>totam</strong></span> <span class='ocrx_word' id='word_1_708' title='bbox 3156 2855 3304 2908; x_wconf 89' lang='lat' dir='ltr'><strong>vobis</strong></span> <span class='ocrx_word' id='word_1_709' title='bbox 3347 2854 3498 2909; x_wconf 89' lang='lat' dir='ltr'><strong>litem</strong></span> <span class='ocrx_word' id='word_1_710' title='bbox 3528 2855 3669 2924; x_wconf 82' lang='lat' dir='ltr'><strong>lege-</strong></span> 
     </span>
    </p>
   </div>
   <div class='ocr_carea' id='block_1_88' title="bbox 2087 2943 3670 3013">
    <p class='ocr_par' dir='ltr' id='par_1_88' title="bbox 2087 2943 3670 3013">
     <span class='ocr_line' id='line_1_88' title="bbox 2087 2943 3670 3013; baseline 0 -15"><span class='ocrx_word' id='word_1_711' title='bbox 2087 2957 2291 3010; x_wconf 86' lang='lat' dir='ltr'><strong>remus,</strong></span> <span class='ocrx_word' id='word_1_712' title='bbox 2319 2952 2374 2998; x_wconf 92' lang='lat' dir='ltr'><strong>et</strong></span> <span class='ocrx_word' id='word_1_713' title='bbox 2402 2943 2604 3013; x_wconf 89' lang='lat' dir='ltr'><strong>integra</strong></span> <span class='ocrx_word' id='word_1_714' title='bbox 2631 2945 3020 3012; x_wconf 86' lang='lat' dir='ltr'><strong>explicaremus</strong></span> <span class='ocrx_word' id='word_1_715' title='bbox 3047 2955 3397 2999; x_wconf 87' lang='lat' dir='ltr'><strong>monumenta</strong></span> <span class='ocrx_word' id='word_1_716' title='bbox 3422 2946 3444 2998; x_wconf 87' lang='lat'><strong>?</strong></span> <span class='ocrx_word' id='word_1_717' title='bbox 3486 2945 3670 3001; x_wconf 86' lang='lat' dir='ltr'><strong>Cernis</strong></span> 
     </span>
    </p>
   </div>
   <div class='ocr_carea' id='block_1_89' title="bbox 2082 3032 3669 3102">
    <p class='ocr_par' dir='ltr' id='par_1_89' title="bbox 2082 3032 3669 3102">
     <span class='ocr_line' id='line_1_89' title="bbox 2082 3032 3669 3102; baseline 0.003 -19"><span class='ocrx_word' id='word_1_718' title='bbox 2082 3032 2352 3102; x_wconf 89' lang='lat' dir='ltr'><strong>quomodo</strong></span> <span class='ocrx_word' id='word_1_719' title='bbox 2384 3041 2490 3086; x_wconf 91' lang='lat' dir='ltr'><strong>tota</strong></span> <span class='ocrx_word' id='word_1_720' title='bbox 2519 3033 2790 3101; x_wconf 88' lang='lat' dir='ltr'><strong>Scriptura</strong></span> <span class='ocrx_word' id='word_1_721' title='bbox 2821 3034 3115 3088; x_wconf 88' lang='lat' dir='ltr'><strong>consolatio</strong></span> <span class='ocrx_word' id='word_1_722' title='bbox 3141 3043 3221 3088; x_wconf 88' lang='lat' dir='ltr'><strong>est</strong></span> <span class='ocrx_word' id='word_1_723' title='bbox 3251 3045 3302 3088; x_wconf 90' lang='lat' dir='ltr'><strong>et</strong></span> <span class='ocrx_word' id='word_1_724' title='bbox 3329 3034 3669 3089; x_wconf 79' lang='lat' dir='ltr'><strong>exhortatio?</strong></span> 
     </span>
    </p>
   </div>
   <div class='ocr_carea' id='block_1_90' title="bbox 2082 3125 3669 3195">
    <p class='ocr_par' dir='ltr' id='par_1_90' title="bbox 2082 3125 3669 3195">
     <span class='ocr_line' id='line_1_90' title="bbox 2082 3125 3669 3195; baseline -0.001 -15"><span class='ocrx_word' id='word_1_725' title='bbox 2082 3125 2150 3180; x_wconf 87' lang='lat' dir='ltr'><strong>Et</strong></span> <span class='ocrx_word' id='word_1_726' title='bbox 2175 3125 2276 3180; x_wconf 90' lang='lat' dir='ltr'><strong>hoc</strong></span> <span class='ocrx_word' id='word_1_727' title='bbox 2300 3125 2514 3195; x_wconf 85' lang='lat' dir='ltr'><strong>quidem</strong></span> <span class='ocrx_word' id='word_1_728' title='bbox 2543 3140 2780 3195; x_wconf 90' lang='lat' dir='ltr'><strong>congruo</strong></span> <span class='ocrx_word' id='word_1_729' title='bbox 2818 3135 3057 3194; x_wconf 89' lang='lat' dir='ltr'><strong>tempore</strong></span> <span class='ocrx_word' id='word_1_730' title='bbox 3084 3125 3324 3179; x_wconf 89' lang='lat' dir='ltr'><strong>dicemus</strong></span> <span class='ocrx_word' id='word_1_731' title='bbox 3358 3144 3371 3178; x_wconf 94' lang='lat'><strong>:</strong></span> <span class='ocrx_word' id='word_1_732' title='bbox 3401 3136 3524 3179; x_wconf 88' lang='lat' dir='ltr'><strong>ante</strong></span> <span class='ocrx_word' id='word_1_733' title='bbox 3563 3126 3669 3178; x_wconf 79' lang='lat' dir='ltr'><strong>ha-c</strong></span> 
     </span>
    </p>
   </div>
   <div class='ocr_carea' id='block_1_91' title="bbox 2081 3215 3668 3286">
    <p class='ocr_par' dir='ltr' id='par_1_91' title="bbox 2081 3215 3668 3286">
     <span class='ocr_line' id='line_1_91' title="bbox 2081 3215 3668 3286; baseline -0.001 -16"><span class='ocrx_word' id='word_1_734' title='bbox 2081 3227 2258 3271; x_wconf 87' lang='lat' dir='ltr'><strong>autem</strong></span> <span class='ocrx_word' id='word_1_735' title='bbox 2289 3217 2648 3271; x_wconf 87' lang='lat' dir='ltr'><strong>necessarium</strong></span> <span class='ocrx_word' id='word_1_736' title='bbox 2679 3226 2759 3271; x_wconf 92' lang='lat' dir='ltr'><strong>est</strong></span> <span class='ocrx_word' id='word_1_737' title='bbox 2788 3215 2968 3270; x_wconf 86' lang='lat' dir='ltr'><strong>dicere</strong></span> <span class='ocrx_word' id='word_1_738' title='bbox 2992 3257 3008 3281; x_wconf 95' lang='lat'><strong>,</strong></span> <span class='ocrx_word' id='word_1_739' title='bbox 3035 3216 3256 3286; x_wconf 42' lang='lat' dir='ltr'><strong>quando.</strong></span> <span class='ocrx_word' id='word_1_740' title='bbox 3275 3217 3415 3271; x_wconf 87' lang='lat' dir='ltr'><strong>liber</strong></span> <span class='ocrx_word' id='word_1_741' title='bbox 3440 3217 3524 3271; x_wconf 91' lang='lat' dir='ltr'><strong>hic</strong></span> <span class='ocrx_word' id='word_1_742' title='bbox 3555 3215 3668 3271; x_wconf 85' lang='lat' dir='ltr'><strong>edi-</strong></span> 
     </span>
    </p>
   </div>
   <div class='ocr_carea' id='block_1_92' title="bbox 2083 3310 3668 3380">
    <p class='ocr_par' dir='ltr' id='par_1_92' title="bbox 2083 3310 3668 3380">
     <span class='ocr_line' id='line_1_92' title="bbox 2083 3310 3668 3380; baseline -0.001 -16"><span class='ocrx_word' id='word_1_743' title='bbox 2083 3319 2169 3366; x_wconf 89' lang='lat' dir='ltr'><strong>tus</strong></span> <span class='ocrx_word' id='word_1_744' title='bbox 2217 3310 2357 3365; x_wconf 89' lang='lat' dir='ltr'><strong>fuit:</strong></span> <span class='ocrx_word' id='word_1_745' title='bbox 2391 3326 2496 3366; x_wconf 90' lang='lat' dir='ltr'><strong>non</strong></span> <span class='ocrx_word' id='word_1_746' title='bbox 2543 3311 2685 3366; x_wconf 90' lang='lat' dir='ltr'><strong>enim</strong></span> <span class='ocrx_word' id='word_1_747' title='bbox 2734 3311 2786 3364; x_wconf 91' lang='lat' dir='ltr'><strong>in</strong></span> <span class='ocrx_word' id='word_1_748' title='bbox 2828 3310 3122 3380; x_wconf 88' lang='lat' dir='ltr'><strong>principio,</strong></span> <span class='ocrx_word' id='word_1_749' title='bbox 3171 3325 3276 3364; x_wconf 91' lang='lat' dir='ltr'><strong>non</strong></span> <span class='ocrx_word' id='word_1_750' title='bbox 3323 3312 3507 3365; x_wconf 88' lang='lat' dir='ltr'><strong>statim</strong></span> <span class='ocrx_word' id='word_1_751' title='bbox 3555 3319 3668 3379; x_wconf 89' lang='lat' dir='ltr'><strong>post</strong></span> 
     </span>
    </p>
   </div>
   <div class='ocr_carea' id='block_1_93' title="bbox 2083 3400 3665 3471">
    <p class='ocr_par' dir='ltr' id='par_1_93' title="bbox 2083 3400 3665 3471">
     <span class='ocr_line' id='line_1_93' title="bbox 2083 3400 3665 3471; baseline -0.002 -16"><span class='ocrx_word' id='word_1_752' title='bbox 2083 3401 2252 3455; x_wconf 80' lang='lat' dir='ltr'><strong>Adam</strong></span> <span class='ocrx_word' id='word_1_753' title='bbox 2300 3401 2414 3455; x_wconf 67' lang='lat' dir='ltr'><strong>haec</strong></span> <span class='ocrx_word' id='word_1_754' title='bbox 2459 3401 2653 3469; x_wconf 89' lang='lat' dir='ltr'><strong>scripta</strong></span> <span class='ocrx_word' id='word_1_755' title='bbox 2683 3409 2846 3466; x_wconf 89' lang='lat' dir='ltr'><strong>sunt,</strong></span> <span class='ocrx_word' id='word_1_756' title='bbox 2876 3400 2969 3455; x_wconf 87' lang='lat' dir='ltr'><strong>sed</strong></span> <span class='ocrx_word' id='word_1_757' title='bbox 2997 3408 3114 3470; x_wconf 85' lang='lat' dir='ltr'><strong>post</strong></span> <span class='ocrx_word' id='word_1_758' title='bbox 3143 3401 3337 3454; x_wconf 89' lang='lat' dir='ltr'><strong>multas</strong></span> <span class='ocrx_word' id='word_1_759' title='bbox 3366 3401 3665 3471; x_wconf 83' lang='lat' dir='ltr'><strong>generatio—</strong></span> 
     </span>
    </p>
   </div>
   <div class='ocr_carea' id='block_1_94' title="bbox 2083 3491 3668 3561">
    <p class='ocr_par' dir='ltr' id='par_1_94' title="bbox 2083 3491 3668 3561">
     <span class='ocr_line' id='line_1_94' title="bbox 2083 3491 3668 3561; baseline -0.003 -14"><span class='ocrx_word' id='word_1_760' title='bbox 2083 3508 2181 3547; x_wconf 90' lang='lat' dir='ltr'><strong>nes</strong></span> <span class='ocrx_word' id='word_1_761' title='bbox 2209 3509 2222 3545; x_wconf 89' lang='lat'><strong>:</strong></span> <span class='ocrx_word' id='word_1_762' title='bbox 2251 3500 2304 3547; x_wconf 90' lang='lat' dir='ltr'><strong>et</strong></span> <span class='ocrx_word' id='word_1_763' title='bbox 2335 3505 2514 3560; x_wconf 69' lang='lat' dir='ltr'><strong>operae</strong></span> <span class='ocrx_word' id='word_1_764' title='bbox 2551 3491 2775 3560; x_wconf 88' lang='lat' dir='ltr'><strong>pretium</strong></span> <span class='ocrx_word' id='word_1_765' title='bbox 2803 3500 2881 3546; x_wconf 89' lang='lat' dir='ltr'><strong>est</strong></span> <span class='ocrx_word' id='word_1_766' title='bbox 2903 3506 3144 3561; x_wconf 66' lang='lat' dir='ltr'><strong>quaerere</strong></span> <span class='ocrx_word' id='word_1_767' title='bbox 3165 3533 3178 3556; x_wconf 90' lang='lat'><strong>,</strong></span> <span class='ocrx_word' id='word_1_768' title='bbox 3212 3505 3310 3544; x_wconf 92' lang='lat' dir='ltr'><strong>cur</strong></span> <span class='ocrx_word' id='word_1_769' title='bbox 3335 3502 3453 3560; x_wconf 89' lang='lat' dir='ltr'><strong>post</strong></span> <span class='ocrx_word' id='word_1_770' title='bbox 3481 3492 3668 3544; x_wconf 86' lang='lat' dir='ltr'><strong>multas</strong></span> 
     </span>
    </p>
   </div>
   <div class='ocr_carea' id='block_1_95' title="bbox 2083 3580 3668 3654">
    <p class='ocr_par' dir='ltr' id='par_1_95' title="bbox 2083 3580 3668 3654">
     <span class='ocr_line' id='line_1_95' title="bbox 2083 3580 3668 3654; baseline -0.001 -19"><span class='ocrx_word' id='word_1_771' title='bbox 2083 3583 2490 3654; x_wconf 86' lang='lat' dir='ltr'><strong>generationes,</strong></span> <span class='ocrx_word' id='word_1_772' title='bbox 2533 3590 2588 3635; x_wconf 94' lang='lat' dir='ltr'><strong>et</strong></span> <span class='ocrx_word' id='word_1_773' title='bbox 2641 3595 2737 3636; x_wconf 91' lang='lat' dir='ltr'><strong>cur</strong></span> <span class='ocrx_word' id='word_1_774' title='bbox 2773 3582 2988 3636; x_wconf 87' lang='lat' dir='ltr'><strong>tandem</strong></span> <span class='ocrx_word' id='word_1_775' title='bbox 3033 3580 3233 3637; x_wconf 79' lang='lat' dir='ltr'><strong>Juda-is</strong></span> <span class='ocrx_word' id='word_1_776' title='bbox 3276 3581 3591 3648; x_wconf 76' lang='lat' dir='ltr'><strong>dumtaxat,</strong></span> <span class='ocrx_word' id='word_1_777' title='bbox 3617 3589 3668 3634; x_wconf 73' lang='lat' dir='ltr'><strong>et</strong></span> 
     </span>
    </p>
   </div>
   <div class='ocr_carea' id='block_1_96' title="bbox 2084 3673 3670 3744">
    <p class='ocr_par' dir='ltr' id='par_1_96' title="bbox 2084 3673 3670 3744">
     <span class='ocr_line' id='line_1_96' title="bbox 2084 3673 3670 3744; baseline -0.003 -14"><span class='ocrx_word' id='word_1_778' title='bbox 2084 3690 2190 3730; x_wconf 90' lang='lat' dir='ltr'><strong>non</strong></span> <span class='ocrx_word' id='word_1_779' title='bbox 2216 3674 2462 3729; x_wconf 91' lang='lat' dir='ltr'><strong>omnibus</strong></span> <span class='ocrx_word' id='word_1_780' title='bbox 2507 3674 2853 3730; x_wconf 87' lang='lat' dir='ltr'><strong>hominibus?</strong></span> <span class='ocrx_word' id='word_1_781' title='bbox 2893 3688 2990 3729; x_wconf 90' lang='lat' dir='ltr'><strong>cur</strong></span> <span class='ocrx_word' id='word_1_782' title='bbox 3026 3673 3282 3729; x_wconf 83' lang='lat' dir='ltr'><strong>Hebraica</strong></span> <span class='ocrx_word' id='word_1_783' title='bbox 3329 3675 3507 3744; x_wconf 87' lang='lat' dir='ltr'><strong>lingua</strong></span> <span class='ocrx_word' id='word_1_784' title='bbox 3532 3716 3544 3738; x_wconf 88' lang='lat'><strong>,</strong></span> <span class='ocrx_word' id='word_1_785' title='bbox 3578 3689 3670 3728; x_wconf 91' lang='lat' dir='ltr'><strong>cur</strong></span> 
     </span>
    </p>
   </div>
   <div class='ocr_carea' id='block_1_97' title="bbox 2084 3765 3667 3837">
    <p class='ocr_par' dir='ltr' id='par_1_97' title="bbox 2084 3765 3667 3837">
     <span class='ocr_line' id='line_1_97' title="bbox 2084 3765 3667 3837; baseline -0.001 -15"><span class='ocrx_word' id='word_1_786' title='bbox 2084 3766 2137 3822; x_wconf 90' lang='lat' dir='ltr'><strong>in</strong></span> <span class='ocrx_word' id='word_1_787' title='bbox 2167 3766 2380 3822; x_wconf 89' lang='lat' dir='ltr'><strong>deserto</strong></span> <span class='ocrx_word' id='word_1_788' title='bbox 2409 3766 2535 3821; x_wconf 88' lang='lat' dir='ltr'><strong>Sina</strong></span> <span class='ocrx_word' id='word_1_789' title='bbox 2561 3767 2584 3819; x_wconf 88' lang='lat'><strong>?</strong></span> <span class='ocrx_word' id='word_1_790' title='bbox 2609 3765 2791 3837; x_wconf 88' lang='lat' dir='ltr'><strong>Neque</strong></span> <span class='ocrx_word' id='word_1_791' title='bbox 2817 3767 2958 3821; x_wconf 91' lang='lat' dir='ltr'><strong>enim</strong></span> <span class='ocrx_word' id='word_1_792' title='bbox 2988 3766 3299 3836; x_wconf 89' lang='lat' dir='ltr'><strong>simpliciter</strong></span> <span class='ocrx_word' id='word_1_793' title='bbox 3327 3765 3505 3822; x_wconf 87' lang='lat' dir='ltr'><strong>locum</strong></span> <span class='ocrx_word' id='word_1_794' title='bbox 3530 3770 3667 3835; x_wconf 84' lang='lat' dir='ltr'><strong>Apo-</strong></span> 
     </span>
    </p>
   </div>
   <div class='ocr_carea' id='block_1_98' title="bbox 2083 3857 3670 3926">
    <p class='ocr_par' dir='ltr' id='par_1_98' title="bbox 2083 3857 3670 3926">
     <span class='ocr_line' id='line_1_98' title="bbox 2083 3857 3670 3926; baseline -0.002 -13"><span class='ocrx_word' id='word_1_795' title='bbox 2083 3857 2252 3913; x_wconf 83' lang='lat' dir='ltr'><strong>stolus</strong></span> <span class='ocrx_word' id='word_1_796' title='bbox 2283 3857 2661 3926; x_wconf 71' lang='lat' dir='ltr'><strong>prtetcrcttrrit,</strong></span> <span class='ocrx_word' id='word_1_797' title='bbox 2690 3857 2785 3912; x_wconf 89' lang='lat' dir='ltr'><strong>sed</strong></span> <span class='ocrx_word' id='word_1_798' title='bbox 2808 3868 2862 3911; x_wconf 89' lang='lat' dir='ltr'><strong>et</strong></span> <span class='ocrx_word' id='word_1_799' title='bbox 2883 3857 2934 3910; x_wconf 92' lang='lat' dir='ltr'><strong>in</strong></span> <span class='ocrx_word' id='word_1_800' title='bbox 2968 3858 3066 3910; x_wconf 89' lang='lat' dir='ltr'><strong>hoc</strong></span> <span class='ocrx_word' id='word_1_801' title='bbox 3094 3873 3336 3926; x_wconf 86' lang='lat' dir='ltr'><strong>magnam</strong></span> <span class='ocrx_word' id='word_1_802' title='bbox 3363 3859 3522 3912; x_wconf 89' lang='lat' dir='ltr'><strong>nobis</strong></span> <span class='ocrx_word' id='word_1_803' title='bbox 3546 3872 3670 3912; x_wconf 65' lang='lat' dir='ltr'><strong>cono</strong></span> 
     </span>
    </p>
   </div>
   <div class='ocr_carea' id='block_1_99' title="bbox 2085 3946 3669 4017">
    <p class='ocr_par' dir='ltr' id='par_1_99' title="bbox 2085 3946 3669 4017">
     <span class='ocr_line' id='line_1_99' title="bbox 2085 3946 3669 4017; baseline -0.002 -15"><span class='ocrx_word' id='word_1_804' title='bbox 2085 3948 2480 4017; x_wconf 77' lang='lat' dir='ltr'><strong>templatiuncm</strong></span> <span class='ocrx_word' id='word_1_805' title='bbox 2508 3947 2864 4010; x_wconf 88' lang='lat' dir='ltr'><strong>demonstrat,</strong></span> <span class='ocrx_word' id='word_1_806' title='bbox 2890 3948 2966 4000; x_wconf 87' lang='lat' dir='ltr'><strong>sic</strong></span> <span class='ocrx_word' id='word_1_807' title='bbox 2990 3947 3173 4001; x_wconf 83' lang='lat' dir='ltr'><strong>dicens</strong></span> <span class='ocrx_word' id='word_1_808' title='bbox 3197 3964 3209 4000; x_wconf 91' lang='lat'><strong>:</strong></span> <span class='ocrx_word' id='word_1_809' title='bbox 3247 3946 3372 4000; x_wconf 66' lang='lat' dir='ltr'><strong>Ha’c</strong></span> <span class='ocrx_word' id='word_1_810' title='bbox 3402 3951 3533 4000; x_wconf 80' lang='lat' dir='ltr'><strong>enim</strong></span> <span class='ocrx_word' id='word_1_811' title='bbox 3571 3947 3669 4000; x_wconf 87' lang='lat' dir='ltr'><strong>duo</strong></span> 
     </span>
    </p>
   </div>
   <div class='ocr_carea' id='block_1_100' title="bbox 2082 4036 3667 4110">
    <p class='ocr_par' dir='ltr' id='par_1_100' title="bbox 2082 4036 3667 4110">
     <span class='ocr_line' id='line_1_100' title="bbox 2082 4036 3667 4110; baseline 0.001 -20"><span class='ocrx_word' id='word_1_812' title='bbox 2082 4036 2728 4107; x_wconf 82' lang='lat' dir='ltr'><strong>Testamentasunt,unum</strong></span> <span class='ocrx_word' id='word_1_813' title='bbox 2755 4055 2785 4090; x_wconf 89' lang='lat' dir='ltr'><strong>a</strong></span> <span class='ocrx_word' id='word_1_814' title='bbox 2825 4048 2992 4092; x_wconf 85' lang='lat' dir='ltr'><strong>monte</strong></span> <span class='ocrx_word' id='word_1_815' title='bbox 3031 4038 3160 4093; x_wconf 83' lang='lat' dir='ltr'><strong>Sina</strong></span> <span class='ocrx_word' id='word_1_816' title='bbox 3189 4039 3239 4092; x_wconf 84' lang='lat' dir='ltr'><strong>in</strong></span> <span class='ocrx_word' id='word_1_817' title='bbox 3269 4041 3557 4093; x_wconf 73' lang='lat' dir='ltr'><strong>servitute»:</strong></span> <span class='ocrx_word' id='word_1_818' title='bbox 3581 4055 3667 4110; x_wconf 84' lang='lat' dir='ltr'><strong>ge-</strong></span> 
     </span>
    </p>
   </div>
   <div class='ocr_carea' id='block_1_101' title="bbox 2084 4128 2671 4202">
    <p class='ocr_par' dir='ltr' id='par_1_101' title="bbox 2084 4128 2671 4202">
     <span class='ocr_line' id='line_1_101' title="bbox 2084 4128 2671 4202; baseline 0 -20"><span class='ocrx_word' id='word_1_819' title='bbox 2084 4146 2266 4183; x_wconf 79' lang='lat' dir='ltr'><strong>nerans</strong></span> <span class='ocrx_word' id='word_1_820' title='bbox 2295 4128 2449 4202; x_wconf 84' lang='lat' dir='ltr'><strong>(Gal.</strong></span> <span class='ocrx_word' id='word_1_821' title='bbox 2477 4130 2529 4183; x_wconf 66' lang='grc'><strong>4.</strong></span> <span class='ocrx_word' id='word_1_822' title='bbox 2555 4129 2671 4200; x_wconf 72' lang='grc'><strong>24).</strong></span> 
     </span>
    </p>
   </div>
   <div class='ocr_carea' id='block_1_102' title="bbox 2157 4217 3668 4290">
    <p class='ocr_par' dir='ltr' id='par_1_102' title="bbox 2157 4217 3668 4290">
     <span class='ocr_line' id='line_1_102' title="bbox 2157 4217 3668 4290; baseline -0.001 -14"><span class='ocrx_word' id='word_1_823' title='bbox 2157 4223 2209 4277; x_wconf 82' lang='lat'><strong>5.</strong></span> <span class='ocrx_word' id='word_1_824' title='bbox 2241 4217 2490 4272; x_wconf 82' lang='lat' dir='ltr'><strong>Consueta</strong></span> <span class='ocrx_word' id='word_1_825' title='bbox 2510 4221 2576 4272; x_wconf 86' lang='lat' dir='ltr'><strong>ad</strong></span> <span class='ocrx_word' id='word_1_826' title='bbox 2593 4221 2882 4290; x_wconf 85' lang='lat' dir='ltr'><strong>juramenta</strong></span> <span class='ocrx_word' id='word_1_827' title='bbox 2911 4220 3113 4274; x_wconf 83' lang='lat' dir='ltr'><strong>vitanda</strong></span> <span class='ocrx_word' id='word_1_828' title='bbox 3137 4221 3522 4277; x_wconf 82' lang='lat' dir='ltr'><strong>exhortatio.—</strong></span> <span class='ocrx_word' id='word_1_829' title='bbox 3537 4221 3668 4290; x_wconf 90' lang='lat' dir='ltr'><strong>Quin</strong></span> 
     </span>
    </p>
   </div>
   <div class='ocr_carea' id='block_1_103' title="bbox 2084 4311 3671 4381">
    <p class='ocr_par' dir='ltr' id='par_1_103' title="bbox 2084 4311 3671 4381">
     <span class='ocr_line' id='line_1_103' title="bbox 2084 4311 3671 4381; baseline 0.003 -17"><span class='ocrx_word' id='word_1_830' title='bbox 2084 4319 2138 4364; x_wconf 90' lang='lat' dir='ltr'><strong>et</strong></span> <span class='ocrx_word' id='word_1_831' title='bbox 2165 4311 2265 4364; x_wconf 88' lang='lat' dir='ltr'><strong>alia</strong></span> <span class='ocrx_word' id='word_1_832' title='bbox 2307 4311 2453 4379; x_wconf 88' lang='lat' dir='ltr'><strong>plura</strong></span> <span class='ocrx_word' id='word_1_833' title='bbox 2482 4327 2722 4381; x_wconf 67' lang='lat' dir='ltr'><strong>qumrere</strong></span> <span class='ocrx_word' id='word_1_834' title='bbox 2765 4315 3121 4368; x_wconf 88' lang='lat' dir='ltr'><strong>necessarium</strong></span> <span class='ocrx_word' id='word_1_835' title='bbox 3167 4327 3348 4380; x_wconf 83' lang='lat' dir='ltr'><strong>esset;</strong></span> <span class='ocrx_word' id='word_1_836' title='bbox 3396 4315 3488 4369; x_wconf 82' lang='lat' dir='ltr'><strong>sed</strong></span> <span class='ocrx_word' id='word_1_837' title='bbox 3521 4316 3671 4369; x_wconf 89' lang='lat' dir='ltr'><strong>video</strong></span> 
     </span>
    </p>
   </div>
   <div class='ocr_carea' id='block_1_104' title="bbox 2087 4403 3668 4477">
    <p class='ocr_par' dir='ltr' id='par_1_104' title="bbox 2087 4403 3668 4477">
     <span class='ocr_line' id='line_1_104' title="bbox 2087 4403 3668 4477; baseline 0.004 -22"><span class='ocrx_word' id='word_1_838' title='bbox 2087 4411 2294 4470; x_wconf 90' lang='lat' dir='ltr'><strong>tempus</strong></span> <span class='ocrx_word' id='word_1_839' title='bbox 2324 4403 2473 4456; x_wconf 88' lang='lat' dir='ltr'><strong>nobis</strong></span> <span class='ocrx_word' id='word_1_840' title='bbox 2517 4420 2620 4458; x_wconf 88' lang='lat' dir='ltr'><strong>non</strong></span> <span class='ocrx_word' id='word_1_841' title='bbox 2649 4405 2957 4473; x_wconf 89' lang='lat' dir='ltr'><strong>permittere</strong></span> <span class='ocrx_word' id='word_1_842' title='bbox 2983 4417 3039 4459; x_wconf 92' lang='lat' dir='ltr'><strong>ut</strong></span> <span class='ocrx_word' id='word_1_843' title='bbox 3064 4421 3368 4461; x_wconf 88' lang='lat' dir='ltr'><strong>sermonem</strong></span> <span class='ocrx_word' id='word_1_844' title='bbox 3403 4417 3549 4461; x_wconf 90' lang='lat' dir='ltr'><strong>tanto</strong></span> <span class='ocrx_word' id='word_1_845' title='bbox 3575 4423 3668 4477; x_wconf 83' lang='lat' dir='ltr'><strong>pe-</strong></span> 
     </span>
    </p>
   </div>
   <div class='ocr_carea' id='block_1_105' title="bbox 2085 4492 3668 4569">
    <p class='ocr_par' dir='ltr' id='par_1_105' title="bbox 2085 4492 3668 4569">
     <span class='ocr_line' id='line_1_105' title="bbox 2085 4492 3668 4569; baseline 0.004 -24"><span class='ocrx_word' id='word_1_846' title='bbox 2085 4492 2203 4560; x_wconf 72' lang='lat' dir='ltr'><strong>lago</strong></span> <span class='ocrx_word' id='word_1_847' title='bbox 2232 4495 2660 4548; x_wconf 84' lang='lat' dir='ltr'><strong>ennnnittamus:</strong></span> <span class='ocrx_word' id='word_1_848' title='bbox 2695 4495 2812 4550; x_wconf 89' lang='lat' dir='ltr'><strong>ideo</strong></span> <span class='ocrx_word' id='word_1_849' title='bbox 2837 4497 2917 4550; x_wconf 89' lang='lat' dir='ltr'><strong>his</strong></span> <span class='ocrx_word' id='word_1_850' title='bbox 2952 4497 3005 4550; x_wconf 93' lang='lat' dir='ltr'><strong>in</strong></span> <span class='ocrx_word' id='word_1_851' title='bbox 3033 4513 3320 4568; x_wconf 87' lang='lat' dir='ltr'><strong>congruum</strong></span> <span class='ocrx_word' id='word_1_852' title='bbox 3347 4507 3558 4569; x_wconf 88' lang='lat' dir='ltr'><strong>tempus</strong></span> <span class='ocrx_word' id='word_1_853' title='bbox 3584 4499 3668 4552; x_wconf 84' lang='lat' dir='ltr'><strong>di-</strong></span> 
     </span>
    </p>
   </div>
   <div class='ocr_carea' id='block_1_106' title="bbox 2086 4583 3669 4658">
    <p class='ocr_par' dir='ltr' id='par_1_106' title="bbox 2086 4583 3669 4658">
     <span class='ocr_line' id='line_1_106' title="bbox 2086 4583 3669 4658; baseline 0.004 -22"><span class='ocrx_word' id='word_1_854' title='bbox 2086 4583 2225 4649; x_wconf 88' lang='lat' dir='ltr'><strong>latis,</strong></span> <span class='ocrx_word' id='word_1_855' title='bbox 2255 4583 2444 4636; x_wconf 88' lang='lat' dir='ltr'><strong>iterum</strong></span> <span class='ocrx_word' id='word_1_856' title='bbox 2475 4585 2540 4639; x_wconf 89' lang='lat' dir='ltr'><strong>de</strong></span> <span class='ocrx_word' id='word_1_857' title='bbox 2564 4585 2776 4657; x_wconf 73' lang='lat' dir='ltr'><strong>iurandi</strong></span> <span class='ocrx_word' id='word_1_858' title='bbox 2802 4588 3120 4645; x_wconf 88' lang='lat' dir='ltr'><strong>abstinentia</strong></span> <span class='ocrx_word' id='word_1_859' title='bbox 3143 4591 3293 4645; x_wconf 90' lang='lat' dir='ltr'><strong>vobis</strong></span> <span class='ocrx_word' id='word_1_860' title='bbox 3322 4592 3669 4658; x_wconf 88' lang='lat' dir='ltr'><strong>disseremus,</strong></span> 
     </span>
    </p>
   </div>
   <div class='ocr_carea' id='block_1_107' title="bbox 2084 4673 3673 4755">
    <p class='ocr_par' dir='ltr' id='par_1_107' title="bbox 2084 4673 3673 4755">
     <span class='ocr_line' id='line_1_107' title="bbox 2084 4673 3673 4755; baseline 0.005 -27"><span class='ocrx_word' id='word_1_861' title='bbox 2084 4685 2136 4730; x_wconf 90' lang='lat' dir='ltr'><strong>et</strong></span> <span class='ocrx_word' id='word_1_862' title='bbox 2163 4673 2472 4755; x_wconf 84' lang='lat' dir='ltr'><strong>rogabimus</strong></span> <span class='ocrx_word' id='word_1_863' title='bbox 2487 4681 3141 4747; x_wconf 83' lang='lat' dir='ltr'><strong>charitalemvcstram,ut</strong></span> <span class='ocrx_word' id='word_1_864' title='bbox 3164 4683 3334 4737; x_wconf 90' lang='lat' dir='ltr'><strong>multo</strong></span> <span class='ocrx_word' id='word_1_865' title='bbox 3371 4685 3515 4738; x_wconf 85' lang='lat' dir='ltr'><strong>circa</strong></span> <span class='ocrx_word' id='word_1_866' title='bbox 3542 4683 3673 4736; x_wconf 90' lang='lat' dir='ltr'><strong>hanc</strong></span> 
     </span>
    </p>
   </div>
   <div class='ocr_carea' id='block_1_108' title="bbox 2084 4769 3671 4838">
    <p class='ocr_par' dir='ltr' id='par_1_108' title="bbox 2084 4769 3671 4838">
     <span class='ocr_line' id='line_1_108' title="bbox 2084 4769 3671 4838; baseline 0.004 -17"><span class='ocrx_word' id='word_1_867' title='bbox 2084 4782 2198 4821; x_wconf 89' lang='lat' dir='ltr'><strong>rem</strong></span> <span class='ocrx_word' id='word_1_868' title='bbox 2246 4769 2429 4827; x_wconf 81' lang='lat' dir='ltr'><strong>studio</strong></span> <span class='ocrx_word' id='word_1_869' title='bbox 2471 4779 2666 4825; x_wconf 88' lang='lat' dir='ltr'><strong>utatur.</strong></span> <span class='ocrx_word' id='word_1_870' title='bbox 2698 4771 2974 4837; x_wconf 86' lang='lat' dir='ltr'><strong>Quomodo</strong></span> <span class='ocrx_word' id='word_1_871' title='bbox 3003 4773 3144 4826; x_wconf 90' lang='lat' dir='ltr'><strong>enim</strong></span> <span class='ocrx_word' id='word_1_872' title='bbox 3193 4789 3299 4828; x_wconf 91' lang='lat' dir='ltr'><strong>non</strong></span> <span class='ocrx_word' id='word_1_873' title='bbox 3341 4775 3671 4838; x_wconf 85' lang='lat' dir='ltr'><strong>absurdum,</strong></span> 
     </span>
    </p>
   </div>
   <div class='ocr_carea' id='block_1_109' title="bbox 2083 4862 3677 4932">
    <p class='ocr_par' dir='ltr' id='par_1_109' title="bbox 2083 4862 3677 4932">
     <span class='ocr_line' id='line_1_109' title="bbox 2083 4862 3677 4932; baseline 0.005 -20"><span class='ocrx_word' id='word_1_874' title='bbox 2083 4873 2298 4916; x_wconf 83' lang='lat' dir='ltr'><strong>servum</strong></span> <span class='ocrx_word' id='word_1_875' title='bbox 2343 4862 2555 4932; x_wconf 90' lang='lat' dir='ltr'><strong>quidem</strong></span> <span class='ocrx_word' id='word_1_876' title='bbox 2599 4877 2704 4915; x_wconf 89' lang='lat' dir='ltr'><strong>non</strong></span> <span class='ocrx_word' id='word_1_877' title='bbox 2741 4862 2936 4918; x_wconf 84' lang='lat' dir='ltr'><strong>audere</strong></span> <span class='ocrx_word' id='word_1_878' title='bbox 2974 4865 3248 4920; x_wconf 91' lang='lat' dir='ltr'><strong>dominum</strong></span> <span class='ocrx_word' id='word_1_879' title='bbox 3281 4868 3594 4922; x_wconf 88' lang='lat' dir='ltr'><strong>nominatim</strong></span> <span class='ocrx_word' id='word_1_880' title='bbox 3621 4877 3677 4921; x_wconf 88' lang='lat' dir='ltr'><strong>et</strong></span> 
     </span>
    </p>
   </div>
   <div class='ocr_carea' id='block_1_110' title="bbox 2085 4951 3674 5028">
    <p class='ocr_par' dir='ltr' id='par_1_110' title="bbox 2085 4951 3674 5028">
     <span class='ocr_line' id='line_1_110' title="bbox 2085 4951 3674 5028; baseline 0.005 -22"><span class='ocrx_word' id='word_1_881' title='bbox 2085 4951 2206 5006; x_wconf 83' lang='lat' dir='ltr'><strong>sine</strong></span> <span class='ocrx_word' id='word_1_882' title='bbox 2250 4953 2467 5009; x_wconf 91' lang='lat' dir='ltr'><strong>honoris</strong></span> <span class='ocrx_word' id='word_1_883' title='bbox 2512 4953 2819 5023; x_wconf 69' lang='lat' dir='ltr'><strong>prmfatione</strong></span> <span class='ocrx_word' id='word_1_884' title='bbox 2859 4958 3159 5025; x_wconf 88' lang='lat' dir='ltr'><strong>appellare,</strong></span> <span class='ocrx_word' id='word_1_885' title='bbox 3189 4961 3500 5028; x_wconf 87' lang='lat' dir='ltr'><strong>angelorum</strong></span> <span class='ocrx_word' id='word_1_886' title='bbox 3549 4974 3674 5014; x_wconf 90' lang='lat' dir='ltr'><strong>vero</strong></span> 
     </span>
    </p>
   </div>
   <div class='ocr_carea' id='block_1_111' title="bbox 2086 5041 3677 5119">
    <p class='ocr_par' dir='ltr' id='par_1_111' title="bbox 2086 5041 3677 5119">
     <span class='ocr_line' id='line_1_111' title="bbox 2086 5041 3677 5119; baseline 0.004 -21"><span class='ocrx_word' id='word_1_887' title='bbox 2086 5041 2372 5098; x_wconf 86' lang='lat' dir='ltr'><strong>Dominum</strong></span> <span class='ocrx_word' id='word_1_888' title='bbox 2402 5050 2602 5098; x_wconf 88' lang='lat' dir='ltr'><strong>temere</strong></span> <span class='ocrx_word' id='word_1_889' title='bbox 2644 5052 2699 5097; x_wconf 89' lang='lat' dir='ltr'><strong>et</strong></span> <span class='ocrx_word' id='word_1_890' title='bbox 2739 5047 3082 5117; x_wconf 90' lang='lat' dir='ltr'><strong>contemptim</strong></span> <span class='ocrx_word' id='word_1_891' title='bbox 3114 5048 3309 5118; x_wconf 86' lang='lat' dir='ltr'><strong>ubique</strong></span> <span class='ocrx_word' id='word_1_892' title='bbox 3349 5049 3595 5119; x_wconf 84' lang='lat' dir='ltr'><strong>jactare?</strong></span> <span class='ocrx_word' id='word_1_893' title='bbox 3621 5061 3677 5105; x_wconf 85' lang='lat' dir='ltr'><strong>et</strong></span> 
     </span>
    </p>
   </div>
   <div class='ocr_carea' id='block_1_112' title="bbox 2087 5133 3674 5208">
    <p class='ocr_par' dir='ltr' id='par_1_112' title="bbox 2087 5133 3674 5208">
     <span class='ocr_line' id='line_1_112' title="bbox 2087 5133 3674 5208; baseline 0.003 -19"><span class='ocrx_word' id='word_1_894' title='bbox 2087 5133 2134 5190; x_wconf 75' lang='lat' dir='ltr'><strong>si</strong></span> <span class='ocrx_word' id='word_1_895' title='bbox 2159 5133 2496 5203; x_wconf 82' lang='lat' dir='ltr'><strong>Evangelium</strong></span> <span class='ocrx_word' id='word_1_896' title='bbox 2523 5134 2733 5204; x_wconf 91' lang='lat' dir='ltr'><strong>quidem</strong></span> <span class='ocrx_word' id='word_1_897' title='bbox 2762 5150 2955 5206; x_wconf 87' lang='lat' dir='ltr'><strong>capere</strong></span> <span class='ocrx_word' id='word_1_898' title='bbox 2980 5148 3224 5205; x_wconf 88' lang='lat' dir='ltr'><strong>oporteat</strong></span> <span class='ocrx_word' id='word_1_899' title='bbox 3251 5140 3497 5196; x_wconf 88' lang='lat' dir='ltr'><strong>manibus</strong></span> <span class='ocrx_word' id='word_1_900' title='bbox 3530 5141 3674 5208; x_wconf 88' lang='lat' dir='ltr'><strong>lotis,</strong></span> 
     </span>
    </p>
   </div>
   <div class='ocr_carea' id='block_1_113' title="bbox 2088 5225 3676 5300">
    <p class='ocr_par' dir='ltr' id='par_1_113' title="bbox 2088 5225 3676 5300">
     <span class='ocr_line' id='line_1_113' title="bbox 2088 5225 3676 5300; baseline 0.004 -21"><span class='ocrx_word' id='word_1_901' title='bbox 2088 5235 2144 5280; x_wconf 89' lang='lat' dir='ltr'><strong>et</strong></span> <span class='ocrx_word' id='word_1_902' title='bbox 2166 5240 2284 5278; x_wconf 90' lang='lat' dir='ltr'><strong>cum</strong></span> <span class='ocrx_word' id='word_1_903' title='bbox 2317 5225 2480 5278; x_wconf 87' lang='lat' dir='ltr'><strong>multa</strong></span> <span class='ocrx_word' id='word_1_904' title='bbox 2517 5227 2814 5281; x_wconf 88' lang='lat' dir='ltr'><strong>reverentia</strong></span> <span class='ocrx_word' id='word_1_905' title='bbox 2851 5237 2904 5282; x_wconf 89' lang='lat' dir='ltr'><strong>et</strong></span> <span class='ocrx_word' id='word_1_906' title='bbox 2940 5229 3196 5300; x_wconf 87' lang='lat' dir='ltr'><strong>religione</strong></span> <span class='ocrx_word' id='word_1_907' title='bbox 3237 5242 3475 5286; x_wconf 86' lang='lat' dir='ltr'><strong>tremens</strong></span> <span class='ocrx_word' id='word_1_908' title='bbox 3508 5238 3566 5286; x_wconf 85' lang='lat' dir='ltr'><strong>et</strong></span> <span class='ocrx_word' id='word_1_909' title='bbox 3610 5233 3676 5286; x_wconf 80' lang='lat' dir='ltr'><strong>ti-</strong></span> 
     </span>
    </p>
   </div>
   <div class='ocr_carea' id='block_1_114' title="bbox 2088 5317 3674 5395">
    <p class='ocr_par' dir='ltr' id='par_1_114' title="bbox 2088 5317 3674 5395">
     <span class='ocr_line' id='line_1_114' title="bbox 2088 5317 3674 5395; baseline 0.005 -24"><span class='ocrx_word' id='word_1_910' title='bbox 2088 5331 2240 5371; x_wconf 89' lang='lat' dir='ltr'><strong>mens</strong></span> <span class='ocrx_word' id='word_1_911' title='bbox 2265 5317 2462 5382; x_wconf 91' lang='lat' dir='ltr'><strong>sumis,</strong></span> <span class='ocrx_word' id='word_1_912' title='bbox 2500 5318 2771 5390; x_wconf 84' lang='lat' dir='ltr'><strong>Evangelii</strong></span> <span class='ocrx_word' id='word_1_913' title='bbox 2799 5336 2927 5376; x_wconf 88' lang='lat' dir='ltr'><strong>vero</strong></span> <span class='ocrx_word' id='word_1_914' title='bbox 2958 5322 3237 5378; x_wconf 90' lang='lat' dir='ltr'><strong>Dominum</strong></span> <span class='ocrx_word' id='word_1_915' title='bbox 3267 5334 3469 5379; x_wconf 88' lang='lat' dir='ltr'><strong>temere</strong></span> <span class='ocrx_word' id='word_1_916' title='bbox 3499 5325 3674 5395; x_wconf 86' lang='lat' dir='ltr'><strong>lingua</strong></span> 
     </span>
    </p>
   </div>
   <div class='ocr_carea' id='block_1_115' title="bbox 2088 5407 3672 5484">
    <p class='ocr_par' dir='ltr' id='par_1_115' title="bbox 2088 5407 3672 5484">
     <span class='ocr_line' id='line_1_115' title="bbox 2088 5407 3672 5484; baseline 0.006 -26"><span class='ocrx_word' id='word_1_917' title='bbox 2088 5407 2284 5476; x_wconf 90' lang='lat' dir='ltr'><strong>passim</strong></span> <span class='ocrx_word' id='word_1_918' title='bbox 2314 5410 2541 5462; x_wconf 84' lang='lat' dir='ltr'><strong>versas?</strong></span> <span class='ocrx_word' id='word_1_919' title='bbox 2570 5409 2662 5463; x_wconf 81' lang='lat' dir='ltr'><strong>Vis</strong></span> <span class='ocrx_word' id='word_1_920' title='bbox 2707 5410 2914 5466; x_wconf 89' lang='lat' dir='ltr'><strong>discere</strong></span> <span class='ocrx_word' id='word_1_921' title='bbox 2954 5413 3223 5482; x_wconf 89' lang='lat' dir='ltr'><strong>quomodo</strong></span> <span class='ocrx_word' id='word_1_922' title='bbox 3265 5407 3452 5484; x_wconf 81' lang='lat' dir='ltr'><strong>ipsum&#39;</strong></span> <span class='ocrx_word' id='word_1_923' title='bbox 3489 5415 3672 5484; x_wconf 54' lang='lat' dir='ltr'><strong>appel¢</strong></span> 
     </span>
    </p>
   </div>
   <div class='ocr_carea' id='block_1_116' title="bbox 2089 5497 3712 5575">
    <p class='ocr_par' dir='ltr' id='par_1_116' title="bbox 2089 5497 3712 5575">
     <span class='ocr_line' id='line_1_116' title="bbox 2089 5497 3712 5575; baseline 0.003 -24"><span class='ocrx_word' id='word_1_924' title='bbox 2089 5497 2200 5551; x_wconf 90' lang='lat' dir='ltr'><strong>lant</strong></span> <span class='ocrx_word' id='word_1_925' title='bbox 2237 5513 2480 5567; x_wconf 69' lang='lat' dir='ltr'><strong>superna:</strong></span> <span class='ocrx_word' id='word_1_926' title='bbox 2503 5499 2737 5556; x_wconf 84' lang='lat' dir='ltr'><strong>Virtutes</strong></span> <span class='ocrx_word' id='word_1_927' title='bbox 2760 5542 2777 5568; x_wconf 95' lang='lat'><strong>,</strong></span> <span class='ocrx_word' id='word_1_928' title='bbox 2799 5517 2919 5557; x_wconf 92' lang='lat' dir='ltr'><strong>cum</strong></span> <span class='ocrx_word' id='word_1_929' title='bbox 2947 5513 3145 5574; x_wconf 89' lang='lat' dir='ltr'><strong>quanto</strong></span> <span class='ocrx_word' id='word_1_930' title='bbox 3173 5513 3406 5559; x_wconf 87' lang='lat' dir='ltr'><strong>tremore</strong></span> <span class='ocrx_word' id='word_1_931' title='bbox 3424 5546 3439 5571; x_wconf 90' lang='lat'><strong>,</strong></span> <span class='ocrx_word' id='word_1_932' title='bbox 3471 5515 3669 5575; x_wconf 89' lang='lat' dir='ltr'><strong>quanto</strong></span> <span class='ocrx_word' id='word_1_933' title='bbox 3705 5529 3712 5538; x_wconf 61' lang='grc' dir='ltr'><strong>κ</strong></span> 
     </span>
    </p>
   </div>
   <div class='ocr_carea' id='block_1_117' title="bbox 2088 5587 3672 5660">
    <p class='ocr_par' dir='ltr' id='par_1_117' title="bbox 2088 5587 3672 5660">
     <span class='ocr_line' id='line_1_117' title="bbox 2088 5587 3672 5660; baseline 0.003 -18"><span class='ocrx_word' id='word_1_934' title='bbox 2088 5587 2311 5642; x_wconf 88' lang='lat' dir='ltr'><strong>horrore</strong></span> <span class='ocrx_word' id='word_1_935' title='bbox 2336 5630 2349 5655; x_wconf 91' lang='lat'><strong>,</strong></span> <span class='ocrx_word' id='word_1_936' title='bbox 2377 5599 2569 5660; x_wconf 90' lang='lat' dir='ltr'><strong>quanta</strong></span> <span class='ocrx_word' id='word_1_937' title='bbox 2607 5591 3008 5648; x_wconf 86' lang='lat' dir='ltr'><strong>admiratione?</strong></span> <span class='ocrx_word' id='word_1_938' title='bbox 3046 5594 3462 5648; x_wconf 76' lang='lat' dir='ltr'><strong>Vidibominum</strong></span> <span class='ocrx_word' id='word_1_939' title='bbox 3503 5594 3672 5650; x_wconf 73' lang='lat' dir='ltr'><strong>seden-</strong></span> 
     </span>
    </p>
   </div>
   <div class='ocr_carea' id='block_1_118' title="bbox 2089 5681 3678 5756">
    <p class='ocr_par' dir='ltr' id='par_1_118' title="bbox 2089 5681 3678 5756">
     <span class='ocr_line' id='line_1_118' title="bbox 2089 5681 3678 5756; baseline 0.004 -22"><span class='ocrx_word' id='word_1_940' title='bbox 2089 5691 2207 5748; x_wconf 85' lang='lat' dir='ltr'><strong>tem,</strong></span> <span class='ocrx_word' id='word_1_941' title='bbox 2240 5681 2429 5751; x_wconf 91' lang='lat' dir='ltr'><strong>inquit,</strong></span> <span class='ocrx_word' id='word_1_942' title='bbox 2455 5683 2509 5736; x_wconf 89' lang='lat' dir='ltr'><strong>in</strong></span> <span class='ocrx_word' id='word_1_943' title='bbox 2537 5683 2720 5738; x_wconf 84' lang='lat' dir='ltr'><strong>throno</strong></span> <span class='ocrx_word' id='word_1_944' title='bbox 2744 5687 2850 5737; x_wconf 88' lang='lat' dir='ltr'><strong>alto</strong></span> <span class='ocrx_word' id='word_1_945' title='bbox 2877 5696 2923 5739; x_wconf 85' lang='lat' dir='ltr'><strong>et</strong></span> <span class='ocrx_word' id='word_1_946' title='bbox 2949 5688 3168 5755; x_wconf 84' lang='lat' dir='ltr'><strong>elevato,</strong></span> <span class='ocrx_word' id='word_1_947' title='bbox 3202 5698 3248 5742; x_wconf 79' lang='lat' dir='ltr'><strong>et</strong></span> <span class='ocrx_word' id='word_1_948' title='bbox 3279 5687 3552 5756; x_wconf 85' lang='lat' dir='ltr'><strong>Seraphim</strong></span> <span class='ocrx_word' id='word_1_949' title='bbox 3576 5697 3678 5740; x_wconf 80' lang='lat' dir='ltr'><strong>sta-</strong></span> 
     </span>
    </p>
   </div>
   <div class='ocr_carea' id='block_1_119' title="bbox 2089 5774 3674 5846">
    <p class='ocr_par' dir='ltr' id='par_1_119' title="bbox 2089 5774 3674 5846">
     <span class='ocr_line' id='line_1_119' title="bbox 2089 5774 3674 5846; baseline 0 -14"><span class='ocrx_word' id='word_1_950' title='bbox 2089 5774 2208 5832; x_wconf 77' lang='lat' dir='ltr'><strong>bant</strong></span> <span class='ocrx_word' id='word_1_951' title='bbox 2237 5776 2370 5829; x_wconf 86' lang='lat' dir='ltr'><strong>circa</strong></span> <span class='ocrx_word' id='word_1_952' title='bbox 2414 5775 2597 5846; x_wconf 79' lang='lat' dir='ltr'><strong>ipsum,</strong></span> <span class='ocrx_word' id='word_1_953' title='bbox 2625 5787 2668 5830; x_wconf 81' lang='lat' dir='ltr'><strong>et</strong></span> <span class='ocrx_word' id='word_1_954' title='bbox 2702 5777 2986 5834; x_wconf 84' lang='lat' dir='ltr'><strong>clamabant</strong></span> <span class='ocrx_word' id='word_1_955' title='bbox 3014 5782 3143 5835; x_wconf 82' lang='lat' dir='ltr'><strong>alter</strong></span> <span class='ocrx_word' id='word_1_956' title='bbox 3166 5787 3234 5834; x_wconf 86' lang='lat' dir='ltr'><strong>ad</strong></span> <span class='ocrx_word' id='word_1_957' title='bbox 3258 5782 3489 5846; x_wconf 81' lang='lat' dir='ltr'><strong>alterum,</strong></span> <span class='ocrx_word' id='word_1_958' title='bbox 3525 5790 3570 5834; x_wconf 83' lang='lat' dir='ltr'><strong>et</strong></span> <span class='ocrx_word' id='word_1_959' title='bbox 3593 5779 3674 5833; x_wconf 83' lang='lat' dir='ltr'><strong>di—</strong></span> 
     </span>
    </p>
   </div>
  </div>
