3998 6428
131 333 202 390 95
1168 323 1261 381 AD
1298 318 1635 382 POPULUM
1666 320 2172 380 ANTIOCIIENL‘M
2214 321 2448 380 HOMIL.
2491 320 2605 380 VII.
3549 328 3619 389 96

133 446 204 500 τὰ
231 446 453 517 ῥήματα
473 444 727 510 ἅπαντας
760 438 1011 516 ἡπρώτη
1049 441 1147 513 μὲν
1166 437 1261 496 οὐν
1295 441 1458 514 ῥῆσις
1496 439 1699 504 εὐθέως
1724 440 1823 493 a6-

127 532 222 587 τοῦ
250 534 318 587 τὸ
349 531 574 605 φίλτρον
613 531 892 603 ἐνέφηνεν.
921 530 1000 586 Οὐ
1042 530 1154 603 γάρ
1185 526 1307 584 εἷπε
1331 571 1344 596 ,
1379 528 1633 601 καθάπερ
1677 529 1825 593 εἰκὸς

126 617 195 692 ἦν
224 620 561 693 ὑϐρισμένον
588 621 763 673 εἰπεῖν
783 636 797 650 θ
820 616 891 673 Ὦ
931 620 1094 691 μιαρὲ
1114 660 1129 685 ,
1161 620 1256 673 καὶ
1286 618 1601 690 παμμίαρε,
1632 616 1820 671 τοιαύ-

126 728 227 775 της
251 709 573 774 ἀπολαύσας
600 708 814 773 εὐνοίας
840 710 969 781 παρ’
995 707 1153 779 ἐμοῦ,
1184 707 1425 780 τοσαύτῃ
1445 706 1701 780 τιμηθεὶς
1734 704 1827 777 βα-

132 798 336 869 σιλεία,
363 799 462 851 zeal
494 797 603 850 τῶν
635 797 731 851 ἐπὶ
757 796 857 868 τῆς
877 796 983 867 γῆς
1016 795 1378 868 προτιμηθεὶς
1413 794 1671 849 ἀπάντων
1708 796 1826 850 ἀντ’

131 888 350 952 οὐδενὸς
391 885 816 958 κατορθώματος
834 925 850 951 ,
893 888 991 940 zeal
1024 885 1113 943 διὰ
1150 886 1260 939 τῶν
1287 884 1466 957 έργων
1517 883 1700 940 αὐτῶν
1740 886 1827 938 ὲν-

133 978 309 1050 έχυρα
357 975 542 1032 λαϐὼν
572 975 673 1047 τῆς
716 975 855 1047 ἐμῆς
885 974 1235 1047 κηδεμονίας,
1272 976 1370 1029 zeal
1417 974 1520 1044 τῆς
1568 974 1827 1046 προνοίας

130 1064 409 1130 ἀπόδειξιν
441 1063 617 1135 ἀληθῆ
643 1103 659 1128 ,
687 1063 923 1135 πονηρὸν
954 1062 1185 1134 δαίμονα
1210 1064 1303 1118 zeal
1328 1062 1586 1132 λυμεῶνα
1610 1062 1707 1117 zeal
1728 1064 1828 1134 τῆς

133 1156 234 1228 σῆς
290 1154 490 1227 ἐχθρὸν
544 1153 821 1225 σωτηρίας
873 1151 1315 1225 ἀξιοπιστότερον
1371 1152 1636 1223 ἐποίησας
1664 1164 1691 1193 ι
1729 1151 1858 1227 τοῦ.

131 1243 408 1297 Δεσπότου
446 1241 543 1295 zeal
570 1240 899 1312 κηδεμόνος;
934 1240 987 1294 τί
1015 1257 1097 1293 σοι
1123 1239 1365 1294 τοιοῦτον
1387 1242 1597 1304 ἐκεῖνος
1624 1240 1826 1307 ἔδειξεν

131 1326 241 1385 οἷον
290 1330 445 1400 ἐγώ;
478 1330 601 1401 οὐχὶ
628 1328 719 1384 τὸν
770 1328 997 1401 οὐρανὸν
1026 1328 1262 1400 ἐποίησα
1304 1328 1395 1382 διὰ
1424 1327 1518 1394 σέ;
1557 1328 1656 1400 τήν
1697 1328 1822 1401 γῆν,

129 1437 228 1490 την
249 1419 549 1484 θάλατταν,
580 1418 672 1471 τὸν
689 1417 863 1489 ἥλιον,
897 1417 998 1489 τήν
1021 1416 1251 1487 σελήνην
1276 1455 1291 1481 ,
1324 1416 1394 1470 τά
1419 1414 1597 1487 ἄστρα
1621 1416 1822 1482 πάντα;

129 1509 188 1563 οὐ
217 1507 335 1579 γάρ
375 1506 551 1578 δήπου
580 1503 689 1558 τῶν
737 1504 986 1573 ἀγγέλων
1016 1504 1163 1567 τινὲς
1207 1503 1414 1575 ταύτης
1468 1502 1678 1557 ἐδέοντο
1724 1503 1825 1573 τῆς

130 1596 496 1669 δημιουργίας
520 1637 535 1661 ,
568 1594 704 1650 ἀλλά
746 1593 836 1648 διὰ
870 1594 931 1647 σὲ
967 1594 1062 1647 zeal
1105 1594 1207 1664 τὴν
1252 1592 1562 1648 ἀνάπαυσιν
1590 1591 1693 1663 τὴν
1725 1591 1824 1663 σὴν

131 1686 219 1741 τὸν
244 1683 502 1739 τοσοῦτον
532 1684 627 1738 zeal
654 1682 970 1755 τηλικοῦτον
1008 1681 1244 1753 ἐποίησα
1275 1681 1481 1752 κόσμον
1508 1697 1522 1711 ε
1565 1680 1661 1734 zeal
1691 1678 1824 1749 ψιλά

133 1778 381 1850 ῥήματα,
412 1775 508 1829 zeal
553 1773 849 1844 ὑπόσχεσιν
873 1772 1043 1845 ψευδῆ
1068 1813 1083 1839 ,
1128 1771 1225 1825 zeal
1247 1770 1582 1840 ἐπαγγελίαν
1604 1769 1824 1840 ἀπάτης

131 1866 408 1937 γέμουσαν
432 1905 446 1930 ,
485 1865 586 1937 τῆς
624 1864 713 1919 διὰ
755 1862 863 1917 τῶν
894 1862 1073 1937 ἔργων
1104 1860 1425 1934 εὐεργεσίας
1463 1877 1522 1913 τε
1549 1859 1642 1914 καὶ
1690 1874 1825 1927 προς

133 1955 281 2018 νοίας
308 1952 758 2025 ἀξιοπιστοτέραν
787 1951 1016 2023 νομίσας
1046 1945 1208 2018 εἶναι,
1239 1950 1434 2021 ἐκείνῳ
1463 1946 1659 2002 σαυτὸν
1688 1945 1821 2000 ἔδω-

135 2059 233 2106 κας
255 2081 270 2105 ,
306 2042 401 2095 καὶ
428 2041 555 2106 τοὺς
580 2040 748 2112 ἐμοὺς
773 2036 1162 2111 κατεπάτησας
1189 2039 1422 2109 νόμους;

198 2130 387 2185 Ταῦτα
412 2129 522 2203 γὰρ
564 2129 662 2183 zeal
704 2127 926 2184 πλείονα
955 2127 1160 2181 τούτων
1190 2126 1281 2180 τὸν
1312 2125 1640 2198 ὑϐρισμένον
1675 2122 1828 2186 εἰκὸς

131 2213 198 2289 ῆν
222 2220 399 2273 εἰπεῖν
422 2236 436 2248 ·
464 2218 579 2273 ἀλλ’
606 2218 708 2289 οὐχ
730 2220 758 2271 6
778 2216 910 2281 Θεὸς
925 2214 1120 2281 οὕτως,
1146 2213 1283 2270 ἀλλά
1309 2212 1624 2268 τούναντίον
1651 2212 1819 2267 ἅπαν.

143 2308 277 2361 Ἀπὸ
326 2306 435 2380 γάρ
480 2306 581 2379 τῆς
624 2304 852 2379 πρώτης
891 2306 1079 2375 φωνῆς
1112 2303 1319 2367 εὐθέως
1347 2302 1510 2356 αὐτὸν
1554 2300 1821 2371 ἀνέστησε

131 2397 416 2467 κείμενον,
463 2395 559 2448 zeal
609 2394 883 2448 δεδοικότα
939 2393 1037 2447 zeal
1087 2393 1364 2464 τρέμοντα
1398 2390 1625 2463 θαρρεῖν
1676 2404 1821 2460 παρ-

128 2484 393 2539 εσκεύασε
429 2483 647 2556 πρῶτος
695 2483 860 2535 αὐτὸν
925 2481 1165 2544 καλέσας
1193 2478 1356 2543 αὐτός
1380 2495 1393 2510 ·
1428 2477 1629 2549 μᾶλλον
1664 2476 1723 2531 δὲ
1758 2476 1820 2529 οὐ

126 2573 205 2647 τῷ
227 2573 455 2627 καλέσαι
491 2571 708 2645 πρῶτος
729 2613 744 2637 ,
774 2569 910 2625 ἀλλὰ
933 2571 1026 2624 zeal
1059 2568 1137 2640 τῷ
1167 2568 1491 2640 προσειπεῖν
1519 2566 1683 2619 αὐτὸν
1710 2563 1821 2619 ἀπὸ

123 2664 226 2735 τῆς
246 2661 416 2716 αὐτοῦ
447 2659 820 2733 προσηγορίας
841 2659 936 2713 zeal
969 2659 1167 2712 εἰπεῖν’
1207 2655 1401 2727 Ἀδὰμ,
1430 2655 1550 2710 ποῦ
1573 2650 1823 2718 31:563-

126 2749 217 2818 εεν
261 2750 431 2806 αὐτοῦ
475 2751 538 2805 τὸ
570 2749 827 2821 φίλτρον,
865 2748 960 2802 καὶ
987 2747 1089 2820 τὴν
1127 2745 1329 2817 πολλὴν
1363 2746 1493 2817 περὶ
1524 2744 1688 2799 αὐτὸν
1717 2760 1813 2815 κη⁸

122 2838 404 2909 δεμονίαν.
436 2837 581 2891 ’ἰστε
625 2834 736 2906 γάρ
757 2835 933 2908 δήπου
965 2834 1199 2899 πάντες,
1233 2832 1317 2886 ὅτι
1363 2830 1547 2903 φιλίας
1589 2831 1821 2900 γνησίας

120 2928 247 2981 ἐστὶ
285 2925 449 2980 τοῦτο
475 2925 811 2999 τεκμήριονο
844 2922 986 2978 οὕτω
1019 2922 1116 2976 zeal
1154 2921 1204 2976 οί
1243 2918 1645 2983 ἀνακαλοῦντες
1691 2919 1820 2982 τοὺς

120 3014 584 3086 τετελευτηκότας
636 3011 863 3068 είώθασι
913 3013 1088 3067 ποιεῖν
1111 3054 1128 3078 ,
1176 3008 1417 3080 συνεχῶς
1466 3006 1536 3062 τά
1579 3006 1821 3077 ὀνόματα

121 3102 308 3157 αὐτῶν
341 3102 796 3174 περιστρέφοντες
816 3140 830 3164 ,
852 3099 928 3164 ῶς
953 3099 1007 3152 οῖ
1032 3115 1098 3168 γε
1126 3096 1414 3169 μισοῦντες
1439 3095 1535 3150 zeal
1560 3091 1819 3165 ἀπεχθῶς

123 3192 266 3265 πρός
291 3208 444 3255 τινας
475 3190 723 3261 ἔχοντες,
757 3187 881 3265 οὐδὲ
903 3185 971 3240 τὰ
998 3186 1243 3258 ὀνόματα
1265 3182 1682 3257 ἀναμνησθῆναι
1707 3181 1819 3235 τῶν

120 3264 507 3347 λελυπηκιὶτων
556 3264 859 3347 ἀνέχονταί.
902 3273 962 3328 '0
994 3274 1127 3344 γοῦν
1166 3272 1342 3327 Σαοὺλ
1387 3269 1671 3342 ἀδικηθεὶς
1720 3270 1819 3341 μὲν

120 3365 298 3431 οὐδὲν,
332 3360 504 3418 πολλά
521 3361 578 3416 δὲ
601 3362 697 3415 καὶ
729 3360 943 3433 μεγάλα
969 3360 1063 3414 τὸν
1091 3359 1254 3414 Δαυῒδ
1290 3359 1559 3432 ἀδικήσας
1579 3399 1596 3424 ,
1627 3355 1817 3428 ἐπειδὴ

127 3452 297 3509 αὐτὸν
342 3448 714 3523 ἀπεστρέφετο
763 3450 857 3503 zeal
887 3450 1105 3520 ἐμίσει,
1136 3447 1260 3503 οὐδὲ
1305 3448 1406 3520 τῆς
1442 3445 1818 3519 προσηγορίας

125 3538 295 3595 αὐτοῦ
358 3538 773 3612 ἀναμνησθῆναι
837 3536 1083 3608 ἀνείχετο
1109 3577 1126 3604 ,
1182 3535 1320 3591 ἀλλὰ
1382 3535 1819 3607 συγκαθημένων

127 3627 408 3691 ἁπάντων,
434 3625 622 3698 ἐπειδὴ
672 3624 1120 3697 παραγενόμενον
1172 3624 1273 3678 οὐκ
1316 3619 1488 3690 εἶδεν,
1531 3623 1587 3677 τί
1615 3637 1815 3694 φησιν;

124 3718 244 3771 υύκ
274 3711 397 3768 εἶπε
420 3753 438 3780 ,
480 3712 592 3767 Ποῦ
635 3711 751 3766 ἔστι
790 3712 988 3778 Δαϐίδ;
1026 3711 1200 3777 ἀλλά,
1246 3712 1372 3767 Ποῦ
1408 3714 1582 3768 ἔστιν
1612 3715 1646 3766 ὁ
1688 3710 1821 3778 υίὸς

136 3805 363 3861 Ἰεσσαί
377 3820 396 3868 ;
429 3804 537 3858 ἀπὸ
564 3803 659 3857 τοῦ
689 3803 897 3875 πατρὸς
926 3802 1090 3857 αὐτὸν
1120 3802 1378 3866 καλέσας.
1416 3801 1528 3856 Kal
1553 3800 1671 3874 [89]
1715 3800 1821 3854 πά-

123 3892 207 3948 λιν
230 3895 282 3948 οἱ
320 3891 564 3946 Ἰουδαῖοι
584 3891 678 3945 ἐπὶ
701 3888 795 3944 τοῦ
822 3890 1061 3962 Χριστοῦ
1085 3889 1147 3943 τὸ
1170 3890 1303 3944 αὐτὸ
1325 3887 1572 3944 ποιοῦσιν
1591 3906 1603 3918 ·
1630 3886 1818 3959 ἐπειδὴ

126 3984 235 4057 γάρ
261 3980 428 4036 αὐτὸν
464 3981 871 4054 ἀπεστρέφοντο
910 3980 1006 4034 καὶ
1038 3980 1263 4051 ἐμίσουν
1286 4020 1302 4045 ,
1334 3979 1436 4033 οὐκ
1487 3975 1661 4046 εἷπον,
1705 3976 1816 4033 Ποῦ

127 4073 274 4126 ἐστιν
297 4074 330 4126 6
355 4070 627 4143 Χριστός;
660 4070 817 4138 ἀλλά,
859 4070 984 4125 Ποῦ
1017 4069 1190 4125 ἔστιν
1213 4070 1448 4137 ἐκεῖνος
1464 4085 1485 4135 ;

192 4161 259 4215 δ.
291 4159 434 4213 Ἀλλ’
448 4159 477 4213 ό
500 4159 632 4223 Θεὸς
649 4160 752 4213 κάν
770 4158 948 4232 τούτῳ
973 4159 1296 4232 βουλόμενος
1311 4158 1501 4224 δεῖξαι,
1523 4157 1685 4213 ὅτιτὸ
1701 4156 1818 4229 φίλ-

130 4266 253 4324 τρον
282 4250 389 4304 οὐκ
432 4247 655 4303 ἔσϐεσεν
689 4250 721 4321 ἡ
759 4249 1005 4322 ἁμαρτία
1029 4290 1044 4313 ,
1079 4248 1201 4304 οὐδέ
1234 4246 1331 4319 τὴν
1365 4248 1505 4321 πρὸς
1534 4247 1699 4302 αὐτὸν
1729 4244 1826 4301 εῦ-

129 4357 278 4395 νοιαν
312 4338 521 4394 ἀνεῖλεν
542 4339 577 4409 ή
604 4338 880 4410 παρακοὴ,
915 4338 1029 4391 ἀλλ’
1055 4336 1136 4391 ἔτι
1161 4339 1386 4410 προνοεῖ
1415 4336 1512 4390 zeal
1537 4335 1765 4407 κήδεται
1791 4336 1818 4377 ιι

129 4428 221 4483 τοῦ
245 4426 752 4500 περιπεπτωκότος,
776 4427 941 4497 φησίν
961 4443 976 4458 ο
1009 4424 1212 4497 Ἀδὰμ,
1234 4425 1354 4480 ποῦ
1367 4421 1453 4489 sl;
1479 4427 1581 4479 οὐκ
1604 4424 1819 4495 ἀγνοῶν

129 4516 260 4571 ὅπου
288 4515 581 4588 διέτριϐεν,
623 4514 737 4570 ἀλλ’
761 4514 951 4586 ἐπειδὴ
983 4517 1097 4579 τοῖς
1139 4514 1523 4588 ἡμαρτηκόσιν
1548 4513 1819 4586 ἔρραπται

131 4607 187 4659 τὸ
217 4606 399 4678 στόμα
420 4647 436 4673 ,
466 4605 566 4675 τῆς
605 4604 883 4678 ἁμαρτίας
909 4602 1365 4676 ἀποστρεφούσης
1400 4603 1500 4676 τὴν
1543 4603 1819 4673 γλῶσσαν,

136 4697 221 4749 καὶ
244 4693 341 4748 τοῦ
366 4692 668 4757 συνειδότος
695 4691 866 4764 αὐτῆς
895 4691 1405 4764 ἐπιλαμϐανομένου
1426 4730 1442 4756 ,
1484 4691 1581 4746 zeal
1628 4692 1822 4763 μένου-

137 4799 212 4836 σιν
233 4784 460 4854 ἀχανεῖς
482 4785 533 4837 οί
557 4781 808 4849 τοιοῦτοι,
840 4781 1033 4854 ῶσπερ
1052 4781 1161 4835 τινὶ
1181 4780 1369 4853 δεσμῷ
1399 4784 1465 4854 τῇ
1523 4784 1651 4853 σιγῇ
1684 4798 1819 4836 κατ-

133 4873 403 4943 εχόμενοι.
447 4870 780 4941 Βουλόμενος
816 4870 856 4923 ό.
880 4868 1013 4932 Θεὸς
1044 4871 1127 4933 είς
1170 4870 1487 4941 παρρησίαν
1527 4870 1692 4924 αὐτὸν
1730 4871 1823 4923 ἐκ·

135 4958 461 5015 καλέσασθαι
500 4958 789 5026 διαλέξεως
820 4967 868 5023 ο,
909 4957 1005 5011 καὶ
1050 4955 1232 5012 δοῦναι
1287 4956 1510 5029 θαρρεῖν
1535 4996 1551 5023 ,
1598 4957 1693 5010 zeal
1740 4958 1821 5022 εἰς

135 5047 429 5116 ἀπολογίαν
474 5040 549 5102 ὧν
593 5047 843 5120 ἥμαρτεν
881 5045 1141 5116 ἐμϐαλεῖν
1159 5086 1175 5113 ,
1221 5044 1308 5099 ἵνα
1351 5045 1497 5111 τινὸς
1534 5045 1822 5120 ἀπολαύσῃ

138 5136 501 5208 συγγνώμης,
551 5136 817 5208 πρότερος
864 5135 1026 5201 αὐτὸς
1074 5133 1240 5190 αὐτὸν
1285 5134 1514 5190 ἐκάλεσε
1536 5173 1553 5201 ,
1580 5134 1643 5189 τὸ
1682 5136 1820 5190 πολὺ

136 5226 228 5298 τῆς
274 5226 517 5297 ἀγωνίας
567 5226 1008 5297 ὑποτεμνόμενος
1040 5227 1110 5296 τῇ
1164 5225 1544 5297 προσηγορία,
1596 5225 1694 5279 zeal
1728 5225 1821 5279 τὸν

140 5312 309 5389 φόϐον-
324 5311 795 5383 ἀᾏλαύνωνμκαὶ
816 5313 880 5368 τὸ
902 5311 1079 5384 στόμα
1101 5310 1195 5366 διά
1225 5312 1433 5384 ταύτης
1460 5311 1696 5383 ἀνοίγων
1718 5313 1822 5383 τῆς

141 5399 406 5473 κλήσεως.
431 5399 523 5456 Διὸ
550 5398 878 5470 καλλιλεγσνο
896 5398 1090 5471 Ἀδὰμ,
1119 5399 1239 5457 ποῦ
1271 5396 1369 5463 εἷς
1396 5399 1662 5473 Ἐτέρωθι
1688 5418 1822 5455 κατ-

143 5487 320 5545 έλιπόν
360 5507 441 5554 σε,
469 5490 627 5561 φησι,
664 5489 761 5545 zeal
805 5487 1033 5560 ἑτέρωθι
1091 5489 1188 5544 νῦν
1225 5489 1495 5561 εὑρίσκω⁸
1527 5490 1823 5545 κατέλιπόν

145 5592 199 5631 σε
232 5581 294 5633 ἐν
326 5579 613 5653 παρρησίᾳ
638 5580 740 5635 zeal
762 5578 924 5652 δόξῃ,
958 5579 1055 5633 zeal
1091 5578 1334 5652 εὑρίσκω
1379 5578 1478 5634 νῦν
1524 5582 1584 5633 ἐν
1624 5581 1824 5653 ἀτιμίᾳ

144 5669 230 5724 ul
277 5672 425 5742 σιγῇ.
466 5670 581 5726 Καὶ
618 5671 812 5724 σκόπει
844 5668 980 5723 Θεοῦ
1041 5668 1371 5742 κηδεμονίαν
1391 5687 1405 5702 ·
1455 5669 1555 5725 οὐκ
1594 5669 1823 5727 ἐκάλεσε

203 5878 232 5943 ξ’
255 5879 384 5943 Savn
429 5887 482 5931 el
500 5878 585 5931 alii
607 5880 804 5943 quidam
832 5877 1067 5938 ἐποιήσω.

203 5937 239 6006 ιζ
258 5942 354 6006 Alii
377 5944 498 5992 ἀλλὰ
518 5937 738 6006 προνοῶν
760 5937 1137 6006 καὶνκηδόμενος.

217 6000 383 6057 ‘Savil
421 6000 622 6059 divefso
649 6015 819 6065 sensu,
845 6005 924 6054 διὰ
945 6000 1030 6063 τῆς
1055 6005 1316 6062 summ.

1931 440 2032 511 τὴν
2054 438 2222 506 Εὕαν,
2262 440 2363 494 οὐκ
2387 440 2617 496 ἐκάλεσε
2639 438 2732 494 τὸν
2761 437 2909 512 ὅφιν,
2940 441 3078 497 ἀλλά
3096 442 3189 500 τὸν
3214 443 3471 501 ἀπάντων
3498 461 3622 500 κου-

1935 528 2163 600 φότερον
2190 528 2570 600 ἡμαρτηκότα,
2599 527 2788 585 τοῦτον
2821 531 2902 594 είς
2930 529 2993 583 τὸ
3021 529 3382 605 δικαστήριον
3410 533 3624 602 εἰσάγει

1932 615 2234 688 πρότερον,
2277 617 2365 670 ἴνα
2392 618 2500 671 ἀπὸ
2535 616 2631 672 τοῦ
2668 617 2969 690 δυναμένου
3005 623 3341 694 συγγνώμης
3377 619 3621 675 ἀπολαῦ-

1928 705 2021 759 σαί
2051 722 2198 769 τινος
2232 704 2579 777 ἀρξάμενος,
2632 706 2991 780 ἡμερωτέραν
3039 708 3240 781 ἐνέγκῃ
3293 709 3395 780 τὴν
3441 709 3623 781 ψῆφον

1926 793 2021 847 zeal
2052 793 2192 866 πρὸς
2220 793 2321 866 τὴν
2364 792 2576 864 μεγάλα
2613 792 3054 868 ἐξαμαρτοῦσαν.
3093 797 3207 852 Καὶ
3235 797 3492 852 δικασταὶ
3521 799 3624 870 μὲν

1924 877 2020 936 οὖν
2057 882 2185 946 τοὺς
2210 880 2532 946 συνδούλους
2563 882 2691 944 τοὺς
2721 882 2936 938 ἑαυτῶν
2962 884 3057 939 καὶ
3094 885 3196 957 τῆς
3226 886 3402 959 αὐτῆς
3436 888 3623 952 αὐτοῖς

1926 968 2320 1035 κοινωνοῦντας
2358 971 2574 1041 φύσεως
2611 969 2712 1024 οὐκ
2744 970 3029 1043 ἀνέχονται
3074 972 3143 1027 δι’
3177 973 3393 1029 ἑαυτῶν
3434 973 3623 1042 ἐξετά-

1926 1058 2041 1124 ζειν
2061 1099 2075 1125 ,
2113 1058 2251 1114 ἀλλὰ
2304 1059 2469 1131 μέσον
2497 1058 2621 1113 τινὰ
2648 1058 2759 1113 τῶν
2796 1060 3233 1133 διακονουμένων
3267 1063 3455 1129 αὐτοῖς
3487 1080 3623 1135 προ-

1926 1146 2282 1220 ϐαλλόμενοι,
2322 1148 2421 1212 τὰς
2455 1148 2665 1202 ἑαυτῶν
2696 1150 2996 1222 ἐρωτήσεις
3022 1151 3233 1206 ἐκεῖνον
3262 1153 3619 1224 παρασκευά-

1926 1234 2078 1300 ζουσι
2105 1237 2440 1302 διαϐιϐάζειν
2473 1238 2611 1309 πρὸς
2639 1237 2730 1291 τὸν
2758 1238 3073 1306 κατάδικον,
3106 1239 3203 1294 zeal
3239 1239 3309 1295 δι’
3334 1239 3500 1295 αὐτοῦ
3533 1240 3621 1295 λέ-

1924 1341 2084 1393 γουσι
2142 1326 2238 1379 καὶ
2271 1325 2561 1380 ἀκούουσιν
2601 1327 2746 1399 άπερ
2788 1326 2856 1381 ἂν
2897 1327 3191 1393 ἐθέλωσιν,
3236 1330 3456 1385 ἐπειδάν
3491 1332 3620 1395 τούς

1925 1415 2315 1485 ἡμαρτηκότας
2344 1412 2673 1480 ἐξετάζωσιν
2691 1431 2705 1447 ·
2737 1416 2767 1468 6
2788 1415 2847 1469 δὲ
2875 1416 3010 1480 Θεὸς
3040 1416 3141 1471 οὐκ
3171 1417 3366 1491 ἐδεήθη
3396 1418 3618 1490 μεσίτου

1921 1503 2069 1569 τινὸς
2093 1504 2228 1580 πρὸς
2263 1505 2355 1558 τὸν
2387 1504 2678 1579 ἄνθρωπον
2700 1545 2715 1571 ,
2744 1504 2863 1559 ἀλλ’
2885 1505 3051 1571 αὐτὸς
3082 1507 3152 1561 δι’
3180 1507 3378 1563 ἑαυτοῦ
3408 1507 3617 1573 δικάζει

1924 1595 2020 1647 καὶ
2059 1594 2491 1667 παραμυθεῖται.
2524 1595 2637 1650 Kal
2664 1594 2726 1648 οὐ
2763 1593 2926 1649 τοῦτο
2967 1595 3130 1667 μόνον
3160 1597 3281 1651 ἐστὶ
3309 1596 3371 1651 τὸ
3402 1597 3618 1667 θαυμα-

1926 1682 2071 1749 στὸν,
2107 1681 2223 1737 ἀλλ’
2254 1683 2336 1738 ὅτι
2382 1682 2476 1736 zeal
2507 1682 2815 1754 διορθοῦται
2845 1683 2914 1739 τά
2942 1683 3421 1758 πλημμελήματα.
3453 1687 3619 1739 Δικα-

1926 1771 2050 1826 στα)⁸
2078 1771 2177 1843 μὲν
2201 1771 2310 1843 γάρ
2335 1771 2557 1826 ἐπειδὰν
2590 1770 2798 1825 λάϐωσι
2827 1770 3033 1844 λῃστάς
3062 1772 3157 1827 zeal
3192 1772 3615 1845 τυμϐωρύχους,

1924 1861 2024 1932 οὐχ
2049 1860 2200 1925 ὅπως
2239 1861 2439 1925 αὐτοὺς
2473 1860 2821 1933 ἐργάσωνται
2861 1860 3107 1933 βελτίους
3136 1852 3436 1918 σκοποῦσιν
3455 1902 3469 1928 ,
3496 1864 3616 1918 ἀλλ’
3667 1882 3672 1887 '

1922 1948 2075 2012 ὅπως
2121 1947 2320 2012 αὐτοὺς
2350 1949 2699 2021 ἀπαιτήσωσι
2731 1948 2843 2003 τῶν
2886 1950 3297 2022 ἡμαρτημένων
3349 1952 3508 2024 δίκην
3531 1969 3545 1983 ο
3585 1955 3616 2005 6

1921 2036 1979 2089 δὲ
2013 2036 2146 2102 Θεὸς
2195 2037 2510 2092 τούναντίον
2565 2037 2741 2093 ἅπαν·
2776 2038 3001 2093 ἐπειδάν
3029 2056 3153 2093 τινα
3188 2039 3329 2114 λάϐῃ
3361 2042 3615 2114 ήμαρτη-

1924 2124 2092 2192 κότα,
2127 2125 2226 2197 οὐχ
2252 2126 2401 2191 ὅπως
2429 2127 2710 2199 ἀπαιτήσῃ
2744 2126 2904 2198 δίκην
2931 2129 3143 2195 σκοπεῖ,
3173 2127 3292 2183 ἀλλ’
3331 2129 3483 2193 ὅπως
3513 2129 3613 2183 αὐ-

1921 2215 2014 2267 τὸν
2041 2213 2425 2290 διορθώσηται,
2457 2215 2554 2269 zeal
2582 2214 2777 2286 βελτίω
2804 2216 3007 2288 ποιήσῃ
3029 2256 3045 2281 ,
3083 2217 3181 2272 zeal
3214 2216 3354 2290 πρὸς
3382 2217 3446 2271 τό
3485 2217 3616 2290 μέλα

1920 2302 2012 2357 λον
2047 2303 2367 2375 ἀχείρωτον.
2399 2305 2563 2356 Ὥστε
2600 2302 2739 2374 ὁμοῦ
2791 2302 2889 2357 zeal
2916 2303 3180 2377 δικαστής
3206 2346 3223 2373 ,
3264 2304 3364 2362 zeal
3403 2308 3610 2381 ἰατρὸς,

1921 2392 2017 2445 zeal
2048 2390 2370 2455 διδάσκαλός
2413 2394 2562 2445 ἐστιν
2584 2394 2614 2446 6
2639 2391 2799 2455 Θεός’
2834 2391 2931 2447 zeal
2963 2391 3074 2465 γὰρ
3125 2392 3203 2458 ώς
3230 2394 3491 2469 δικαστὴς
3523 2396 3613 2462 ἐξ·

1921 2481 2124 2546 ετάζει,
2150 2481 2245 2535 καὶ
2268 2480 2344 2544 ώς
2364 2481 2550 2553 ἰατρὸς
2573 2479 2907 2552 διορθοῦται,
2929 2481 3024 2534 zeal
3043 2480 3120 2545 ώς
3141 2481 3462 2550 διδάσκαλος
3482 2503 3609 2540 παι-

1920 2568 2065 2623 δεύει
2094 2569 2222 2632 τούς
2260 2568 2653 2641 ἡμαρτηκότας
2689 2569 2772 2633 είς
2806 2570 2987 2623 πᾶσαν
3017 2570 3230 2641 ἐνάγων
3262 2573 3606 2643 φιλοσοφίαν.

1919 2659 1984 2713 El
2012 2659 2070 2713 δέ
2092 2659 2152 2714 ἓν
2181 2659 2333 2732 ῥῆμα
2357 2658 2513 2729 ψιλὸν
2540 2659 2636 2714 zeal
2666 2656 2843 2731 βραχύ
2872 2657 3146 2731 τοσαύτην
3182 2660 3483 2727 ἐνεδείξατο
3514 2663 3608 2719 τοῦ

1918 2746 2054 2801 Θεοῦ
2095 2747 2196 2819 τὴν
2244 2746 2573 2820 κηδεμονίαν
2598 2786 2614 2811 ,
2651 2747 2706 2802 τί
2744 2748 2794 2801 εί
2826 2749 3011 2802 πᾶσαν
3042 2749 3249 2822 ταύτην
3286 2751 3613 2825 ἀναγνῶμεν

1917 2836 2049 2908 ὑμῖν
2074 2838 2173 2911 τήν
2196 2836 2374 2909 δίκην,
2413 2835 2511 2891 zeal
2534 2836 2808 2910 ὁλόκληρα
2834 2837 3240 2909 ἀναπτύξωμεν
3269 2840 3338 2895 τά
3366 2841 3616 2914 ὑπομνή-

1922 2941 2107 2997 ματα;
2149 2926 2315 2996 Ὁρᾷς
2367 2925 2486 2989 πῶς
2523 2926 2677 2980 πᾶσα
2722 2924 2917 2998 Γραφὴ
2951 2926 3300 3000 παράκλησίς
3352 2929 3470 2983 ἐστι
3518 2932 3615 2985 zeal

1918 3011 2292 3084 παραμυθίας
2332 3010 2497 3066 Ἀλλά
2545 3011 2723 3068 ταῦτα
2775 3013 2876 3084 μὲν
2918 3014 3061 3069 κατὰ
3115 3014 3208 3069 τὸν
3263 3017 3615 3089 προσήκοντα

1917 3099 2112 3172 καιρὸν
2143 3099 2424 3173 ἐροῦμεν·’
2445 3100 2556 3171 πρὸ
2585 3100 2645 3156 δὲ
2681 3100 2888 3155 τούτων
2917 3104 3228 3173 ἀναγκαῖον
3246 3106 3442 3168 εἰπεῖν,
3479 3106 3611 3160 πότε

1916 3189 1977 3244 τὸ
2017 3188 2223 3260 βιϐλίον
2260 3188 2419 3260 ἐδόθη
2447 3188 2639 3243 τοῦτο·
2671 3189 2735 3243 οὐ
2771 3188 2882 3262 γὰρ
2913 3190 2978 3263 δὴ
3011 3191 3070 3244 ἐν
3099 3191 3244 3264 ἀρχῇ
3265 3191 3318 3260 ἀ,
3363 3192 3485 3247 οὐδέ
3516 3194 3608 3247 εὐ-

1917 3277 2056 3343 θέως
2083 3281 2177 3333 τοῦ
2225 3277 2400 3350 Ἀδὰμ
2446 3277 2744 3350 γενομένου
2780 3277 2954 3332 ταῦτα
2981 3278 3274 3351 ἐγράφετο,
3302 3280 3438 3335 ἀλλά
3470 3282 3612 3351 μετά

1916 3366 2118 3431 πολλὰς
2145 3365 2373 3438 ὕστερον
2403 3364 2598 3435 γενεάς
2621 3382 2634 3397 ’
2664 3365 2760 3421 καὶ
2797 3366 2949 3434 ἀξιον
2976 3365 3212 3438 ζητῆσαι
3241 3368 3387 3432 τίνος
3420 3368 3609 3423 ἕνεκεν

1921 3456 2061 3528 μετά
2092 3454 2294 3519 πολλάς
2340 3454 2571 3527 ὕστερον
2613 3454 2839 3524 γενεὰς,
2872 3454 2968 3509 zeal
2996 3453 3050 3508 τί
3087 3453 3291 3527 δήποτε
3333 3455 3610 3521 Ἰουδαίοις

1921 3544 2104 3616 μόνον,
2139 3542 2258 3617 [90]
2306 3544 2403 3599 zeal
2429 3543 2554 3615 οὐχὶ
2599 3544 2769 3598 πᾶσιν
2794 3541 3137 3616 ἀνθρώποις,
3170 3542 3268 3598 zeal
3316 3545 3369 3598 τί
3408 3546 3609 3617 δήποτε

1916 3636 1985 3707 τῇ
2029 3634 2272 3707 Ἐϐραΐδι
2298 3632 2556 3706 γλώσσῃ,
2597 3633 2690 3687 zeal
2720 3632 2867 3697 τίνος
2906 3632 3094 3688 ἕνεκεν
3134 3633 3230 3687 ἐπὶ
3270 3634 3368 3704 τῆς
3397 3634 3609 3706 ἐρήμου

1920 3723 2085 3789 Sevi;
2117 3722 2253 3777 Οὐδὲ
2276 3723 2390 3795 γὰρ
2414 3723 2507 3779 τόν
2520 3722 2687 3777 τόπον
2715 3720 2905 3787 ἁπλῶς
2930 3723 2958 3775 6
2974 3722 3302 3788 ’Δπόστολος
3328 3725 3612 3795 παρατρέ-

1918 3828 2006 3883 χει
2025 3828 2041 3844 ’
2078 3809 2216 3866 ἀλλά
2236 3811 2534 3866 κάντεῦθεν
2565 3810 2811 3882 μεγάλην
2836 3811 2970 3882 ἡμῖν
3008 3811 3400 3883 παραδείκνυσι
3429 3822 3452 3851 ο
3470 3810 3608 3866 θεω-

1921 3900 2066 3973 ρίαν,
2093 3899 2239 3955 οὕτω
2264 3898 2440 3968 λέγων
2463 3917 2479 3933 ⁸
2511 3894 2702 3956 Αὖται
2724 3897 2836 3967 γάρ
2864 3900 2984 3953 εισι
3019 3898 3133 3953 δύο
3174 3897 3470 3969 διαθῆκαι,
3497 3900 3611 3969 μία

1911 3988 2033 4060 μὲν
2054 3987 2174 4044 ἀπὸ
2203 3987 2382 4057 ὄρους
2411 3985 2557 4043 Σινᾶ
2583 3988 2673 4053 είς
2700 3984 2992 4040 δουλείαν
3018 3983 3321 4055 γεννῶσα.

1988 4082 2052 4133 ε’.
2065 4076 2178 4132 Kal
2196 4076 2363 4149 ἕτερα
2380 4075 2438 4129 δὲ
2462 4074 2635 4129 πλείω
2652 4072 2859 4128 τούτων
2880 4074 3181 4143 ἀναγκαῖον
3198 4074 3434 4148 ζητῆσαι
3447 4091 3463 4108 ·
3489 4073 3608 4129 ἀλλ’

1916 4165 2031 4239 όρῶ
2082 4165 2175 4221 τὸν
2210 4164 2403 4238 καιρὸν
2452 4164 2587 4236 ήμῖν
2639 4163 2741 4217 οὐκ
2787 4162 3157 4235 ἐπιτρέποντα
3192 4162 3331 4235 πρὸς
3366 4163 3609 4219 τοιοῦτον

1917 4255 2138 4325 ἀφεῖναι
2164 4254 2258 4310 τὸν
2275 4252 2434 4323 λόγον
2468 4252 2706 4321 πέλαγος
2721 4267 2737 4284 ν
2759 4251 2946 4322 διόπερ
2973 4249 3149 4307 ταῦτα
3169 4252 3250 4323 τῷ
3275 4253 3607 4326 προσήκοντι

1918 4340 2100 4413 καιρῷ
2124 4339 2575 4411 ταμιευσάμενοι,
2609 4338 2772 4392 πάλιν
2799 4337 2930 4409 περὶ
2957 4338 3059 4411 τῆς
3082 4337 3191 4394 τῶν
3222 4340 3405 4411 ὅρκων
3427 4341 3609 4394 ἀπαλ-

1918 4428 2096 4500 λαγῆς
2126 4429 2256 4501 ὑμῖν
2284 4426 2642 4499 διαλεξόμεθα
2664 4466 2681 4492 ,
2714 4426 2810 4481 zeal
2837 4426 3297 4500 παρακαλέσομεν
3322 4428 3478 4500 ὑμῶν
3505 4429 3608 4502 τήν

1918 4516 2141 4587 ἀγάπην
2195 4514 2364 4587 πολλῇ
2417 4514 2546 4586 περὶ
2601 4514 2663 4568 τὸ
2701 4515 2936 4586 πρᾶγμα
2968 4514 3131 4569 τοῦτο
3180 4517 3491 4588 χρήσασθαι
3536 4520 3605 4591 τῇ

1921 4604 2148 4676 σπουδῇ.
2189 4603 2316 4668 Πῶς
2340 4603 2452 4677 γάρ
2488 4604 2589 4659 οὐκ
2634 4604 2836 4660 ἄτοπον
2884 4603 3106 4677 οἰκέτην
3139 4605 3238 4677 μέν
3291 4605 3365 4679 μὴ
3400 4607 3609 4681 τολμᾷν

1921 4691 1983 4758 ἐξ
2020 4692 2290 4764 ὀνόματος
2333 4691 2427 4746 τὸν
2479 4691 2751 4763 δεσπότην
2796 4691 2888 4746 τὸν
2944 4690 3141 4746 ἐαυτοῦ
3188 4692 3374 4747 καλεῖν
3397 4732 3413 4759 ,
3472 4695 3609 4765 μηδὲ

1920 4780 2111 4847 ἀπλῶς
2162 4779 2260 4836 zeal
2296 4781 2372 4846 ὡς
2416 4780 2608 4853 ἔτυχεο
2658 4781 2749 4837 τὸν
2792 4781 2851 4835 δὲ
2901 4780 3013 4837 τῶν
3045 4782 3295 4853 ἀγγέλων
3324 4783 3608 4856 Δεσπότην

1922 4870 2113 4936 ἀπλῶς
2142 4871 2239 4925 zeal
2272 4870 2412 4943 μετὰ
2444 4871 2648 4943 πολλῆς
2684 4870 2783 4941 τῆς
2821 4872 3290 4944 καταφρονήσεως
3326 4873 3608 4944 πανταχοῦ

1922 4960 2281 5034 περιφέρειν;
2315 4960 2422 5014 κᾶν
2457 4958 2556 5031 μὲν
2604 4959 2942 5029 Εὐαγγέλιον
2989 4962 3285 5032 κατασχεῖν
3333 4959 3466 5034 δέῃ,
3505 4962 3607 5029 τάς

1921 5051 2112 5120 χεῖρας
2139 5047 2573 5119 ἀπονιψάμενος,
2618 5047 2759 5117 μετά
2797 5046 2999 5119 πολλῆς
3023 5048 3128 5119 τῆς
3163 5047 3347 5114 αἰδοῦς
3380 5050 3476 5105 zeal
3504 5051 3610 5122 τῆς

1920 5134 2213 5200 εὐλαϐείας
2243 5134 2486 5208 φρίττων
2540 5134 2636 5187 zeal
2684 5133 2938 5200 δεδοικὼς
2966 5136 3221 5208 κατέχεις
3245 5154 3260 5169 ·
3297 5137 3391 5193 τὸν
3422 5138 3482 5193 δέ
3512 5139 3609 5194 τοῦ

1924 5223 2259 5293 Εὐαγγελίου
2285 5224 2566 5295 Δεσπότην
2608 5221 2798 5288 ἁπλῶς
2839 5224 2936 5278 ἐπὶ
2968 5225 3071 5298 τῆς
3104 5225 3356 5299 γλώττης
3401 5243 3607 5283 παντα-

1923 5312 2021 5385 χοῦ
2052 5311 2404 5384 περιφέρεις;
2436 5312 2626 5367 Βούλει
2682 5312 2875 5386 μαθεῖν
2903 5313 3023 5379 πῶς
3047 5314 3211 5372 αὐτὸν
3247 5314 3504 5371 καλοῦσιν
3549 5316 3607 5370 ai

1925 5402 2040 5458 ἀνω
2072 5400 2353 5473 δυνάμεις,
2380 5401 2497 5473 μεθ’
2527 5404 2660 5474 ὅσης
2688 5402 2893 5475 φρίκης
2915 5443 2931 5467 .
2963 5403 3084 5476 μεθ’
3110 5404 3243 5477 ὅσης
3266 5402 3608 5474 ἐκπλήξεως,

1928 5491 2046 5562 μεθ’
2085 5490 2212 5546 ὅσου
2241 5488 2561 5563 θαύματος;
2612 5493 2795 5548 Εἶδον
2837 5492 2947 5547 τὸν
2989 5494 3210 5562 Κύριον
3238 5491 3607 5564 καθήμενον,

1924 5579 2120 5650 φησὶν,
2159 5578 2260 5632 ἐπὶ
2295 5580 2516 5649 θρόνου
2554 5581 2805 5651 ὑψηλοῦ
2839 5580 2939 5636 καί
2979 5581 3322 5652 ἐπηρμένου
3346 5621 3364 5650 ,
3403 5581 3501 5637 καί
3537 5583 3610 5637 τὰ

1926 5666 2193 5738 Σεραςρίμ
2225 5667 2615 5736 εἱστοήκεισαν
2648 5669 2854 5737 κύκλῳ
2896 5668 3117 5734 αὐτοῦ,
3152 5668 3251 5723 καί
3282 5668 3627 5740 ἐκέκῃαγονι

1985 5886 2010 5924 d
2035 5881 2185 5947 Sari].
2211 5886 2264 5931 et
2284 5883 2469 5945 aliquot
2503 5897 2622 5947 mis.
2648 5881 2818 5947 τοῦτο·
2842 5881 2955 5947 οὐδέ
2974 5882 3066 5947 γὰρ
3090 5884 3138 5933 ἐν
3160 5884 3304 5947 ἀρχῇ.

1985 5900 2009 5924 α
2035 5900 2185 5930 nam.
2211 5900 2264 5931 Cl.
2284 5900 2469 5945 αιιηιιοι
2503 5900 2622 5932 mss.
2648 5900 2818 5932 τουτο·
2842 5900 2955 5933 ouo;
2974 5900 3066 5947 γαρ
3090 5900 3138 5933 εν
3160 5900 3220 5947 αρ
3253 5900 3304 5947 ῃ.

1990 5943 2181 6017 "Sam.
2203 5945 2717 6010 παραμίγνυσιῴῘοιὍΙ.
2739 5946 3098 6010 παραδεῦινυσι,
3120 5900 3318 6011 (ιυὶιὲειω
3344 5959 3460 5998 mss.
3484 5960 3617 6009 παρος

1928 6019 2189 6068 ανοιγνυσι.
