3998 6426
374 317 478 374 ι97

394 430 598 502 ἕτερος
636 425 787 497 πρὸς
813 424 922 487 τὸν
951 424 1175 491 ἕτερον,
1211 420 1311 476 καί
1348 419 1592 489 ἔλεγον-ν
1622 417 1819 488 ’Ἄγιος
1841 456 1857 481 ,
1882 415 2069 485 ἅγιος,

394 517 563 587 ἅγιος
592 515 811 584 Κύριος
846 510 1086 567 σαϐαώθ
1110 526 1124 540 ·
1153 505 1393 578 πλήρης
1434 504 1605 563 πᾶσα
1634 507 1672 574 ἡ
1717 504 1796 575 γῆ
1828 503 1937 573 τῆς
1974 502 2075 556 δό-

395 605 512 673 ξης
551 600 761 659 αὑτοῦ.
794 597 949 663 Εἶδες
985 596 1103 669 μεθ’
1134 597 1264 650 ὅσου
1298 594 1465 666 φόϐου
1486 634 1500 657 ,
1545 592 1667 665 μεθ’
1697 593 1830 663 ὅσης
1871 591 2075 662 φρίκης

395 692 623 748 καλοῦσι
674 686 1050 757 δοξολογοῦσαι
1101 685 1198 740 καὶ
1231 683 1534 754 ὑμνοῦσαις
1572 682 1645 736 Σὺ
1694 680 1753 734 δὲ
1793 681 1851 733 ἐν
1889 678 2075 748 εὐχαῖς

400 781 499 852 μὲν
532 779 626 833 καὶ
656 776 961 848 ἱκετηρίαις
1004 775 1144 845 μετά
1188 772 1391 843 πολλῆς
1427 770 1589 825 αὐτὸν
1626 768 1811 831 καλεῖς
1847 767 1946 837 τῆς
1978 769 2076 838 ρᾳ-

396 868 622 940 θυμίας,
649 867 738 920 ὅτε
770 864 1014 937 φρίττειν
1046 862 1175 923 ἔδει,
1200 860 1295 915 καὶ
1315 858 1702 931 ἐγρηγορέναι,
1729 857 1825 909 καὶ
1848 857 2038 926 νήφειν
2059 871 2072 885 ·

396 960 454 1011 ἐν
487 958 672 1029 ὅρκοις
713 954 770 1008 δὲ
819 957 907 1008 ὅτε
945 952 1053 1006 οὐδ’
1079 952 1216 1015 ὅλως
1255 950 1316 1003 τὸ
1358 948 1668 1018 θαυμαστὸν
1714 945 1877 999 τοῦτο
1906 944 2076 1013 ὄνομα

398 1047 672 1118 παράγειν
694 1042 884 1116 ἐχρῆν,
910 1040 1189 1103 ποικίλους
1216 1038 1368 1101 τινάς
1390 1037 1485 1089 καὶ
1513 1035 1849 1105 ἐπαλλήλους
1880 1033 2077 1103 ὅρκους

401 1136 692 1207 συνείρεις.
735 1134 846 1191 Καὶ
875 1131 1005 1186 ποία
1042 1126 1371 1198 συγγνώμη,
1410 1127 1492 1189 τίς
1524 1126 1580 1179 δὲ
1602 1128 1735 1196 ήμῖν
1764 1124 1916 1179 ἐσται
1943 1124 2078 1177 ἀπο-

399 1224 557 1295 λογία
581 1262 598 1288 ,
637 1221 740 1281 κᾶν
792 1219 1051 1293 μυριάκις
1082 1216 1373 1288 συνήθειαν
1411 1212 1879 1286 προϐαλλώμεθας
1904 1213 2079 1281 Λέγε-

398 1312 489 1368 ταί
514 1329 599 1374 τις
641 1309 750 1364 τῶν
787 1307 986 1375 ἔξωθεν
1022 1305 1270 1378 ῥητόρων
1307 1302 1413 1356 ὑπό
1452 1318 1598 1365 τινος
1629 1300 1917 1372 συνηθείας
1956 1299 2081 1353 ἀλό-

401 1420 500 1473 γου
531 1402 627 1456 τὸν
658 1399 831 1464 δεξιὸν
860 1395 1098 1467 συνεχῶς
1123 1388 1274 1465 ὦμον
1299 1394 1469 1446 κινεῖν
1506 1390 1759 1461 βαδίζων.
1787 1388 1900 1443 ἀλλ’
1931 1388 2081 1458 ὅμως

403 1488 752 1561 περιεγένετο
775 1487 875 1556 τῆς
901 1482 1210 1554 συνηθείας,
1234 1481 1330 1534 καὶ
1355 1479 1633 1551 μαχαίρας
1659 1477 1930 1546 ἀκονήσας
1954 1476 2085 1529 ἐκα-

403 1575 646 1649 τέρωθεν
677 1573 916 1645 ἐπέθηκε
947 1574 1060 1634 τοῖς
1088 1568 1292 1641 ὤμοις,
1313 1568 1455 1621 ὥστε
1480 1565 1557 1636 τῷ
1589 1565 1740 1636 φόϐῳ
1773 1564 1875 1635 τῆς
1906 1563 2084 1634 τομῆς

408 1663 743 1735 σωφρονίσαι
779 1661 841 1715 τὸ
886 1660 1045 1732 μέλος
1084 1656 1329 1729 ἀκαίρως
1376 1655 1693 1725 κινούμενον
1720 1671 1733 1685 ο
1775 1650 1935 1707 τοῦτο
1989 1651 2084 1705 καί

410 1754 473 1805 σὺ
507 1751 731 1819 ποίησον
761 1749 854 1802 ἐπί
880 1750 978 1818 τῆς
1006 1745 1253 1815 γλώττης
1272 1783 1288 1806 ,
1317 1745 1412 1797 καὶ
1443 1744 1562 1797 ἀντί
1595 1742 1867 1814 μαχαίρας
1900 1738 2085 1802 ἐπίθες

407 1841 546 1910 αὐτῇ
581 1839 673 1892 τὸν
718 1836 882 1905 φόϐον
934 1836 1032 1905 τῆς
1081 1834 1174 1887 τοῦ
1214 1831 1350 1886 Θεοῦ
1390 1832 1696 1895 κολάσεως,
1726 1831 1821 1884 καὶ
1857 1827 2087 1900 περιέσῃ

411 1926 648 1989 πάντως.
688 1924 994 1995 ’Δμήχανον
1034 1922 1142 1993 7&9
1166 1960 1182 1985 ,
1233 1921 1514 1991 ἀμήχανον
1565 1915 1944 1991 μεριμνῶντας
1993 1916 2088 1968 καί

412 2011 812 2075 σπουδάζοντας
860 2010 955 2064 καὶ
987 2007 1147 2080 ἔργον
1191 2005 1351 2059 τοῦτο
1399 2001 2089 2079 ποιουμένουςήττηθῆναί

410 2117 564 2155 ποτε.
611 2100 914 2153 Ἐπαινεῖτε
950 2096 1043 2150 νῦν
1071 2094 1140 2150 τὰ
1172 2093 1438 2167 εἰρημένα
1457 2133 1473 2157 ,
1512 2092 1626 2146 ἀλλ’
1652 2094 1778 2146 ὅταν
1811 2088 2086 2162 κατορθώ-

412 2206 564 2262 σητε,
597 2185 860 2261 μειζόνως
888 2183 1262 2247 ἐπαινέσεσθε,
1293 2184 1394 2254 οὐχ
1427 2183 1574 2254 ήμᾶς
1607 2182 1790 2253 μόνον,
1825 2178 1963 2234 ἀλλά
1994 2178 2088 2232 καί

413 2279 557 2352 ὑμεῖς
590 2277 818 2342 αὐτοὺς,
854 2276 949 2330 καί
977 2273 1119 2349 μετά
1164 2271 1407 2337 πλείονος
1439 2272 1535 2342 τῆς
1565 2270 1759 2342 ήδονῆς
1785 2267 2087 2323 ἀκούσεσθε

1266 306 1304 361 S
1358 301 1645 362 JOANNIS
1675 296 2173 359 CHRYSOSTOMI
2210 296 2533 356 ARCIHEP.
2575 294 3133 355 CONSTANTINOP.

3785 293 3864 352 98

2176 413 2286 469 τῶν
2317 413 2646 484 λεγομένων,
2670 414 2767 466 καὶ
2807 410 2946 484 μετά
2973 409 3218 483 καθαροῦ
3243 409 3339 464 τοῦ
3371 408 3675 472 συνειδότος
3697 408 3866 463 καλέ-

2178 518 2300 556 σετε
2328 501 2420 555 τὸν
2450 501 2582 555 Θεὸν
2600 539 2617 563 ,
2649 500 2707 563 ὃς
2735 497 2882 553 οὕτω
2913 515 3006 552 σου
3053 497 3295 568 φείδεται
3321 537 3336 563 ,
3363 497 3440 560 ὡς
3471 498 3673 551 εἰπεῖν·
3698 495 3874 563 Μηδὲ

2174 589 2324 643 κατὰ
2369 587 2482 657 τῆς
2531 586 2803 656 κεφαλῆς
2830 600 2950 640 σου
3003 586 3272 655 ὀμόσῃςο
3306 585 3372 637 σὺ
3401 583 3458 637 δὲ
3490 581 3663 646 οὕτως
3698 582 3873 637 αὐτοῦ

2174 677 2539 747 καταφρονεῖς
2564 715 2578 739 ,
2606 674 2682 739 ὡς
2732 675 2827 727 καὶ
2873 673 3017 728 κατὰ
3051 673 3151 744 τῆς
3201 671 3370 728 αὐτοῦ
3404 670 3563 741 δόξης
3611 668 3868 741 ὀμνύναι.

2176 766 2288 820 Καὶ
2333 764 2389 818 τί
2421 762 2581 817 πάθω
2610 772 2653 830 ⁸,
2701 762 2867 834 φησί,
2903 760 3038 833 πρὸς
3082 762 3211 824 τοὺς
3243 761 3491 831 ἀνάγκην
3524 758 3867 828 ἐπάγοντας;

2178 854 2347 909 Ποίαν
2398 852 2680 922 ἀνάγκην,
2735 849 3027 921 άνθρωπε;
3077 848 3414 904 Μαθέτωσαν
3467 849 3746 910 ἅπαντες,
3786 847 3867 900 ὅτι

2178 941 2357 996 πάντα
2389 939 2582 1011 αἱρέσῃ
2614 937 2827 1002 παθεῖν,
2862 937 2895 1008 ἦ
2925 937 3016 991 τὸν
3048 936 3143 990 τοῦ
3169 934 3304 990 Θεοῦ
3335 934 3652 1006 παραϐῆναι
3677 933 3870 1004 νόμον.

2180 1027 2296 1101 [9|]
2324 1029 2418 1082 καὶ
2449 1027 2851 1097 ἀποστήσονται
2874 1026 2971 1096 τῆς
3003 1024 3410 1094 ἀνάγκης.”οτι
3444 1023 3551 1095 7&9
3577 1023 3678 1093 οὐχ
3707 1023 3841 1093 ὄρκε

2178 1118 2493 1184 ἀξιόπιστον
2528 1116 2702 1178 ποιεῖ,
2755 1113 2893 1167 ἀλλά
2946 1112 3063 1184 βίον
3113 1110 3392 1184 μαρτυρία
3442 1111 3538 1163 καὶ
3588 1107 3840 1163 πολιτεία

2140 1202 2143 1207 ’
2179 1205 2465 1278 ἀκρίϐεια,
2512 1203 2605 1257 καί
2638 1199 2906 1273 ὑπόληψις
2938 1199 3118 1271 ἀγαθὴ
3141 1238 3156 1264 ,
3184 1198 3373 1253 πολλοί
3422 1196 3689 1261 πολλάκις
3726 1197 3837 1264 διεί

2180 1294 2430 1364 ρἀησαν
2466 1288 2759 1361 ὀμνύντες,
2788 1288 2883 1342 καὶ
2908 1287 3097 1340 οὐδένα
3142 1285 3405 1351 ἔπεισαν,
3436 1284 3614 1356 ἕτεροι
3656 1283 3712 1336 δὲ
3752 1285 3838 1335 ἐπε

2181 1380 2471 1443 νεύσαντες
2503 1378 2697 1449 μόνον,
2728 1374 3160 1445 ἀξιοπιστότεροι
3205 1373 3313 1426 τῶν
3359 1371 3597 1437 τοσαῦτα
3646 1371 3845 1442 ὀμωμτ.

2184 1470 2359 1524 κότων
2409 1456 2710 1538 ὲφάνησανζ
2741 1464 2904 1518 Ταῦτ’
2942 1460 3036 1518 οῦν
3089 1461 3293 1526 εἰδότες
3332 1461 3582 1525 ἅπαντα,
3637 1459 3735 1513 καί.
3772 1457 3845 1530 τὴ

2186 1556 2445 1627 κειμένην
2478 1556 2590 1619 τοῖς
2634 1571 2695 1607 τε
2724 1552 2985 1624 ὀμνύουσι
3016 1555 3129 1617 τοῖς
3176 1564 3236 1604 τε
3278 1549 3600 1620 ἐπιορκοῦσι
3647 1546 3844 1600 κόλασι

2187 1644 2294 1717 πρὸ
2327 1643 2433 1698 τῶν
2462 1641 2755 1712 ὀφθαλμῶν
2789 1641 3101 1711 βλέποντες,
3135 1637 3461 1708 ἀποστῶμεν
3493 1636 3593 1706 τῆς
3625 1635 3859 1703 πονηρᾶ.

2188 1731 2509 1803 συνηθείας,
2541 1731 2609 1785 ἶν’
2639 1730 2890 1784 ἐντεῦθεν
2939 1730 3034 1783 καί
3068 1727 3204 1799 πρὸς
3251 1725 3321 1780 τά
3355 1725 3517 1779 λοιπά
3563 1721 3871 1803 βαδίζοντες

2189 1802 2591 1893 κατορθώματα
2614 1859 2630 1882 ,
2660 1818 2768 1873 τῶν
2801 1817 3104 1890 μελλόντων
3129 1814 3349 1885 ἀγαθῶν
3382 1811 3730 1883 ἐπιτύχωμεν
3748 1850 3764 1873 ,
3794 1802 3880 1862 ὧν

2188 1909 2399 1978 γένοιτο
2427 1908 2637 1970 πάντας
2661 1908 2808 1978 ἡμᾶς
2842 1903 3174 1975 ἀξιωθῆναι,
3208 1904 3395 1975 χάριτι
3423 1900 3516 1955 καί
3557 1898 3879 1969 φιλανθρω-

2192 1996 2293 2066 πίᾳ.
2323 1993 2418 2049 τοῦ
2454 1994 2662 2067 Κυρίου
2696 1992 2854 2067 ήμῶν
2895 1992 3072 2065 Ἰησοῦ
3100 1990 3337 2064 Χριστοῦ
3361 2030 3378 2051 ,
3410 1989 3478 2043 δι’
3516 1981 3579 2041 οῦ
3621 1985 3718 2041 καὶ
3752 1986 3881 2056 μεθ’

2192 2076 2253 2137 οὗ
2286 2082 2365 2155 τῷ
2393 2083 2569 2155 Πατρί
2596 2083 2712 2155 ἅμα
2740 2082 2819 2154 τῷ
2850 2083 2989 2154 άγίῳ
3006 2080 3286 2152 Πνεύματι
3304 2077 3452 2143 δόξα,
3474 2075 3696 2149 κράτος.
3715 2074 3880 2145 τιμὴ,

2196 2171 2291 2225 νῦν
2318 2171 2413 2225 καί
2442 2171 2550 2235 ἀεὶ,
2582 2172 2678 2226 καί
2701 2173 2781 2234 εἰς
2806 2171 2934 2235 τοὺς
2963 2168 3169 2234 αἰῶνας
3195 2169 3304 2222 τῶν
3327 2165 3563 2221 αἰώνων.
3604 2164 3798 2235 ’Δμήν.

2259 2277 2285 2306 ⁸
2309 2274 2459 2326 Sull.
2488 2277 2569 2326 καὶ
2593 2277 2640 2325 τί
2660 2275 2869 2333 ποιήσω.

551 2485 3765 2519 ww

418 2649 732 2724 Προτροπή
759 2651 847 2715 είς
882 2644 1126 2716 ἀρετήν·
1170 2644 1269 2699 καί
1301 2644 1389 2710 είς
1436 2644 1526 2709 τὸ,
1567 2639 1894 2712 Περιεπάτει
1934 2643 1963 2694 ὀ
2001 2639 2134 2704 Θεὸς
2164 2640 2226 2692 τὸ
2257 2639 2483 2694 δειλινὸν
2523 2641 2581 2693 ἐν
2611 2639 2691 2711 τῷ
2733 2639 3078 2713 παραδείσῳ⁸
3130 2639 3229 2694 καί
3280 2640 3414 2709 περὶ
3468 2638 3577 2695 τοῦ
3632 2639 3884 2709 φεύγειν

1924 2732 2066 2799 τοὺς
2109 2731 2340 2801 ὅρκους.

1103 3022 1324 3092 Ὀμιλία
1361 3028 1435 3089 η’.

402 3144 409 3149 ·
496 3119 571 3178 α’.
589 3117 830 3185 Ἐγνωτε
849 3109 1042 3186 πρώην
1069 3110 1185 3173 πῶς
1198 3110 1348 3162 πᾶσα
1364 3108 1554 3182 Γραφὴ
1577 3106 1921 3179 παράκλησιν
1945 3104 2099 3177 φέρει

425 3209 521 3263 καὶ
559 3200 934 3276 παραμυθίαν,
972 3196 1075 3252 κᾶν
1120 3196 1358 3266 ἱστορίας
1389 3191 1726 3268 διήγησιςῇ·
1751 3196 1845 3248 καὶ
1875 3194 1985 3267 γάρ
2015 3193 2097 3258 τὸ,

439 3297 544 3351 Ἐν
564 3288 719 3362 ἀρχῇ
741 3287 1030 3355 ἐποίησεν
1055 3288 1087 3339 ό
1109 3283 1255 3350 Θεὸς
1286 3283 1396 3338 τὸν
1420 3285 1681 3354 οὐρανὸν
1705 3283 1802 3337 καὶ
1830 3282 1945 3349 τὴν
1962 3279 2097 3350 γῆν,

428 3379 670 3453 ἱστορίας
703 3373 961 3445 ἐξήγησις
999 3366 1088 3443 ἦν,
1117 3369 1231 3425 ἀλλ’
1261 3368 1460 3453 ἔδειξεν
1496 3372 1526 3423 ὀ
1560 3370 1720 3438 λόγος
1764 3368 1967 3438 πολλῆς
2004 3367 2099 3436 γέ-

433 3449 640 3540 μουσαν
669 3458 1025 3534 παραμυθίας
1045 3457 1146 3528 τὴν
1177 3456 1336 3527 ῥῆσιν
1355 3471 1368 3485 ·
1402 3449 1536 3519 οἷον,
1560 3455 1645 3508 ὅτι
1674 3454 1868 3526 διπλῆν
1898 3454 2104 3526 τράπε-

431 3556 532 3620 ζαν
551 3554 579 3607 ὀ
601 3551 735 3614 Θεδς
762 3547 1009 3617 ἐποίησε,
1037 3544 1144 3614 γῆν
1164 3544 1259 3596 καὶ
1280 3541 1551 3596 θάλατταν
1575 3540 1710 3612 ὁμοῦ
1740 3541 1983 3614 προθεὶς,
2008 3543 2104 3595 καὶ

432 3640 732 3713 φωστῆρας
762 3632 1006 3699 διπλοῦς,
1043 3632 1194 3703 ἥλιον
1221 3630 1317 3687 καὶ
1346 3630 1598 3703 σελήνην,
1636 3629 1846 3701 ἀνάψας
1874 3629 2104 3695 ἀνωθεν,

432 3730 530 3785 καὶ
551 3723 742 3781 διπλοῦ
772 3721 977 3797 δρόμου
1000 3718 1215 3791 καιρὸν,
1239 3717 1455 3791 ἡμέραν
1480 3717 1576 3772 καὶ
1601 3717 1773 3771 νύκτα
1795 3713 2107 3788 ἐργασάμε-

431 3833 547 3882 νος,
584 3812 679 3870 καί
707 3812 808 3882 τὴν
847 3810 946 3881 μὲν
986 3809 1068 3871 εἰς
1095 3805 1382 3878 ἐργασίαν,
1419 3805 1518 3875 τήν
1549 3805 1607 3858 δέ
1656 3807 1737 3869 εἰς
1776 3805 2104 3860 ἀνάπαυσιν.

505 3903 583 3958 Οὐ
615 3899 726 3971 γάρ
756 3896 1015 3952 ἐλάττονα
1042 3892 1146 3963 τῆς
1174 3893 1386 3965 ἡμέρας
1422 3892 1555 3962 ἡμῖν
1586 3890 1831 3963 εἰσφέρει
1861 3889 2106 3963 λειτουρο

433 3992 559 4064 γὶαν
593 3993 628 4061 ή
657 3986 755 4054 νύξ
777 4002 792 4018 ο
819 3983 934 4039 ἀλλ’
964 3981 1156 4051 ὥσπερ
1179 3981 1272 4032 ἐπὶ
1303 3980 1410 4034 τῶν
1440 3978 1670 4050 δένδρων
1693 3974 1864 4044 εἷπον,
1886 3980 1978 4064 ,ὅτι
1998 3977 2108 4064 τῶν

435 4078 731 4149 ἐγκάρπων
754 4071 825 4126 τὰ
855 4068 1083 4141 ἄκαρπα
1119 4065 1412 4137 ἐφάμιλλον
1440 4065 1741 4136 παρέχεται
1772 4063 1982 4135 χρείαν,
2007 4063 2109 4117 οὐκ

436 4163 813 4234 ἀναγκάζοντο
858 4158 1007 4229 ἡμᾶς
1031 4155 1144 4210 τῶν
1177 4154 1403 4227 ἡμέρων
1439 4153 1707 4208 ἅπτεσθαι
1751 4153 1988 4224 δένδρων
2027 4154 2109 4216 εἰς

435 4254 537 4318 κάς
562 4248 867 4319 οἰκοδομάς
895 4245 990 4300 καὶ
1013 4244 1122 4299 τῶν
1145 4241 1371 4315 ἡμέρων
1388 4239 1542 4306 ζώων
1568 4242 1669 4296 οὐκ
1687 4241 1943 4295 ἐλάττονα
1968 4256 2109 4310 παρ-

435 4337 619 4411 έχεται
664 4334 854 4408 χρείαν
899 4334 1035 4403 ἡμῖν
1086 4328 1158 4384 τά
1203 4328 1373 4399 ἀγρια
1419 4328 1514 4382 καί
1561 4327 1836 4399 ἀνήμερα,
1891 4327 1986 4380 καὶ
2030 4325 2112 4397 τῷ

438 4423 591 4496 φόϐῳ
606 4421 742 4494 πρὸς
753 4418 852 4482 τάς
877 4417 1059 4480 πόλεις
1087 4416 1234 4487 ἡμᾶς
1258 4412 1669 4478 συνελαύνοντα,
1697 4415 1792 4467 καὶ
1821 4429 2111 4485 προσεκτι-

437 4510 714 4582 κωτέρους
749 4502 1006 4559 ποιοῦντα
1024 4542 1039 4564 ,
1090 4503 1184 4556 καὶ⁵
1229 4500 1599 4569 συσφίγγοντα
1643 4501 1780 4571 πρὸς
1827 4500 2109 4572 ἀλλήλους,

439 4597 537 4654 καὶ
563 4594 672 4649 τῶν
698 4592 795 4664 μὲν
825 4591 925 4661 τὴν
946 4589 1174 4659 δύναμιν
1196 4587 1626 4659 ἐγγυμνάζοντα,
1654 4588 1761 4640 τῶν
1787 4590 1844 4643 δὲ
1864 4590 1933 4645 τά
1954 4590 2113 4661 νοσή-

444 4700 591 4755 ματα
619 4680 816 4735 λύοντα
843 4675 1037 4749 (πολλά
1068 4674 1178 4746 7&9
1208 4675 1268 4742 ἐξ
1294 4675 1518 4729 ἐκείνων
1548 4674 1619 4728 τά
1651 4675 1921 4746 φάρμακα
1943 4694 2113 4731 κατα..

441 4769 800 4834 σκευάζουσιν
843 4763 1044 4837 ἰατρῶν
1096 4763 1331 4833 παῖδες),
1376 4761 1473 4815 καὶ
1525 4761 1628 4832 τῆς
1682 4763 1919 4828 παλαιᾶς
1966 4767 2113 4836 ἡμᾶς

439 4857 713 4931 ἁμαρτίας
730 4853 1235 4926 ἀναμιμνήσκοντα.
1251 4851 1418 4905 Ὅταν
1432 4849 1541 4922 γάρ
1554 4849 1792 4915 ἀκούσω,
1805 4853 1888 4905 ὃτι
1908 4854 2113 4907 Ἔσται

441 4948 477 5000 δ
507 4944 691 5014 φόϐος
717 4939 884 5012 ὑμῶν
914 4939 1016 4995 καί
1048 4941 1081 4993 ὀ
1105 4939 1321 5007 τρόμος
1352 4937 1450 4990 ἐπὶ
1481 4935 1680 4990 πάντα
1703 4938 1777 4991 τὰ
1805 4938 1980 5007 θηρία
2003 4938 2114 5008 τῆς

441 5030 576 5104 τῆς,
605 5024 726 5085 εἶτα
744 5028 843 5098 τὴν
866 5026 1032 5100 τιμὴν
1053 5023 1595 5097 ἀκρωτηριασθεῖσαν
1618 5024 1712 5078 ίδω
1732 5025 1955 5096 ταύτην,
1984 5027 2114 5081 ἀνα-

446 5117 828 5192 μιμνήσκομαι
852 5114 954 5185 τῆς
991 5112 1285 5184 ἁμαρτίας,
1312 5112 1347 5183 ὴ
1377 5112 1473 5166 καὶ
1514 5112 1607 5166 τὸν
1639 5111 1802 5182 φόϐον
1822 5113 1981 5185 ήμῶν
2019 5115 2112 5182 ἐξ-

441 5210 623 5272 έλυσε,
664 5204 760 5258 καὶ
790 5202 890 5273 τὴν
936 5201 1110 5275 ἀρχὴν
1140 5200 1465 5272 ὑπετέμετο,
1506 5201 1603 5255 καὶ⁵
1635 5200 1854 5272 γίνομαι
1890 5201 2113 5273 βελτίων

442 5296 539 5355 καί
571 5288 1029 5363 σωφρονέστερος,
1075 5287 1262 5360 μαθὼν
1304 5289 1405 5362 τήν
1431 5290 1498 5343 ἐκ
1536 5288 1637 5359 τῆς
1669 5288 1945 5360 ἁμαρτίας
1979 5292 2112 5361 ήμῖν

442 5379 816 5456 γεγενημένην
842 5389 870 5419 ⁸
900 5376 1124 5449 ζημίαν.
1169 5377 1381 5448 Ὥσπερ
1425 5371 1539 5437 οὖν,
1568 5376 1707 5446 ὅπερ
1755 5376 1912 5447 ἔφην,
1953 5378 2015 5431 οὐ
2051 5378 2114 5433 τδ

441 5471 603 5545 τυχὸν
633 5470 716 5533 εἰς
750 5466 843 5522 τὸν
869 5464 982 5536 βίον
1013 5465 1143 5535 ἡμῖν
1172 5463 1418 5519 συντελεῖ
1447 5464 1625 5519 ταῦτά
1654 5481 1716 5518 τε
1743 5463 1814 5520 τὰ
1846 5465 2113 5535 εἰρημένα

442 5560 539 5613 καὶ
563 5558 729 5630 ἕτερα
749 5553 919 5609 πλείω
946 5552 1170 5617 τούτων,
1191 5550 1333 5622 άπερ
1351 5551 1381 5604 ὀ
1402 5551 1633 5622 ποιήσας
1657 5545 1765 5604 οἶδε
1784 5549 1916 5614 Θεός
1935 5567 1949 5580 ·
1972 5551 2114 5605 οὕτω

441 5645 509 5718 δὴ
537 5645 633 5700 καὶ
651 5645 687 5714 ή
718 5642 816 5708 νὺξ
835 5641 936 5695 οὐκ
964 5639 1227 5695 ἐλάττονα
1261 5639 1359 5708 τῆς
1386 5636 1604 5709 ἡμέρας
1626 5636 1867 5708 εἰσφέρει
1893 5637 2111 5708 χρῆσιν,

430 5733 748 5794 ἀνάπαυσις
775 5725 910 5784 οὖσα
941 5728 1142 5794 πόνων,
1174 5725 1270 5781 καί
1299 5726 1589 5796 φάρμακον
1614 5720 1748 5779 οὖσα
1769 5725 2110 5797 νοσημάτων.

506 5892 537 5925 ⁸
560 5885 992 5951 εινίιηοισιιίᾶειη
1014 5890 1129 5951 τηατ.
1152 5854 1471 5951 ἐγγινομένῆνε
1490 5884 1603 5951 hjox
1627 5886 1825 5951 quidam
1849 5898 1961 5937 mss.
1979 5888 2110 5951 ἔφην,

444 5953 529 6008 τοι
547 5952 610 6003 τὰ
627 5947 828 6013 τυχῆντα
850 5949 917 6008 εἰς
937 5949 1018 5997 τὸν
1037 5948 1138 6008 βίον
1160 5948 1297 6011 ἡμῶν
1319 5947 1548 5997 συντελεῖ.

2207 3017 2475 3083 Πολλάκις
2497 3019 2629 3088 γοῦν
2661 3018 2837 3089 ἰατροὶ
2866 3015 3036 3073 πολλά
3063 3018 3637 3091 πραγματευσάμενοι,
3667 3019 3765 3071 καὶ
3791 3038 3880 3090 μυ-

2210 3106 2300 3178 ρία
2332 3106 2841 3170 κατασκευάσαντες
2867 3106 3152 3179 φάρμακα,
3184 3105 3282 3159 οὐκ
3311 3106 3539 3176 ἴσχυσαν
3570 3106 3876 3174 ἀπαλλάξω

2209 3191 2325 3267 [92]
2350 3192 2451 3264 τῆς
2482 3192 2794 3266 ἀρρωστίας
2815 3192 2909 3248 τδν
2941 3192 3219 3264 κάμνοντα
3241 3210 3255 3224 ·
3289 3192 3458 3257 ὕπνος
3481 3193 3540 3248 δὲ
3573 3194 3884 3264 αὐτόματος

2207 3280 2471 3345 ἐπελθὼν,
2499 3280 2561 3333 τὸ
2598 3282 2707 3334 πᾶν
2746 3279 2903 3333 ἔλυσε
2944 3280 3180 3350 νόσημα,
3220 3281 3315 3335 καί
3352 3280 3462 3334 τῶν
3503 3282 3712 3355 μυρίων
3738 3284 3888 3336 ἐκεί-

2205 3382 2329 3430 νους
2348 3367 2625 3439 ἀπήλλαξε
2654 3368 2834 3422 πόνων
2854 3386 2867 3399 ·
2901 3369 2963 3421 οὐ
3002 3368 3192 3424 παθῶν
3227 3368 3284 3421 δέ
3331 3368 3665 3440 σωματικῶν
3696 3370 3885 3440 μόνον,

2208 3452 2345 3507 ἀλλά
2366 3455 2461 3508 καί
2485 3455 2732 3527 ψυχικῶν
2752 3454 3078 3525 νοσημάτων
3105 3456 3221 3510 ἐστί
3242 3455 3534 3529 φάρμακον
3564 3458 3597 3530 ή
3633 3457 3732 3525 νὺξ
3752 3458 3888 3512 ἀνα-

2207 3539 2455 3595 παύουσα
2479 3545 2576 3608 τὰς
2601 3543 2942 3615 ὀδυνωμένας
2965 3543 3164 3615 ψυχάς.
3192 3543 3460 3610 Πολλάκις
3485 3544 3619 3614 γοῦν
3653 3563 3742 3610 τις
3779 3548 3889 3600 άπ-

2206 3629 2398 3683 έϐαλεν
2417 3630 2553 3695 υίδν,
2587 3631 2683 3685 καὶ
2714 3632 2925 3704 μυρίων
2957 3632 3133 3704 μυρία
3174 3632 3636 3704 παρακαλούντων
3657 3635 3760 3688 οὐκ
3786 3636 3887 3707 ην-

2207 3715 2399 3789 έσχετο
2423 3717 2530 3772 τῶν
2557 3718 2770 3791 θρήνων
2803 3720 3107 3791 ἀποστῆναι
3137 3720 3357 3790 καὶτῆς
3388 3722 3656 3794 οἰμωγῆς·
3689 3722 3890 3789 νυκτδς

2204 3804 2263 3860 δέ
2302 3804 2658 3877 ἐπελθούσης.
2699 3801 2808 3872 εἶξε
2838 3809 2905 3879 τῇ
2949 3807 3226 3878 τυραννίδι
3264 3808 3359 3862 τοῦ
3401 3807 3571 3863 ῦπνου
3602 3810 3888 3882 ἡττηθεὶς,

2206 3894 2299 3947 καί
2326 3893 2396 3947 τὰ
2421 3893 2667 3965 βλέφαρα
2703 3895 3078 3965 κατεκοίμισε,
3107 3894 3199 3948 καὶ
3229 3896 3432 3967 μικράν
3459 3914 3581 3951 τινα
3604 3897 3714 3951 τῶν
3751 3899 3891 3953 καθ-

2203 3982 2481 4054 ημερινῶν
2512 3982 2540 4022 Β
2573 3981 2761 4035 κακῶν
2801 3980 3157 4054 παραμυθίαν
3190 3981 3372 4038 ἔλαϐε.
3404 3984 3542 4056 Φέρε
3584 3984 3650 4058 δὴ
3696 3985 3891 4043 λοιπὸν

2207 4068 2343 4141 πρὸς
2368 4067 2467 4140 τὴν
2494 4067 2753 4122 ὑπόθεσιν
2780 4069 2971 4139 ἴωμεν,
3000 4071 3095 4138 ἀφ’
3120 4064 3190 4143 ἧς
3230 4072 3324 4123 καὶ
3355 4070 3529 4126 ταῦτα
3556 4073 3886 4145 εἰρήκαμεν.

2207 4156 2319 4209 Καὶ
2341 4155 2449 4227 γάρ
2477 4151 2538 4208 εὖ
2573 4150 2693 4209 οῖδα
2717 4155 2799 4208 ὅτι
2833 4156 2971 4228 πρὸς
3001 4156 3208 4229 ταύτην
3236 4159 3501 4231 κεχήνατε
3530 4160 3753 4225 πάντες,
3792 4162 3890 4217 καὶ

2209 4242 2438 4334 ἕκαστος
2470 4241 2623 4313 ὑμῶν
2647 4242 2830 4296 ὡδίνει
2863 4241 3057 4314 μαθεῖν
3091 4244 3237 4307 τίνος
3263 4243 3450 4297 ἕνεκεν
3495 4245 3596 4334 οὐκ
3620 4245 3677 4314 ἐξ
3708 4247 3891 4319 ἀρχῆς

2209 4332 2271 4385 τὸ
2304 4331 2508 4402 βιϐλίον
2549 4332 2708 4387 τοῦτο
2747 4332 2928 4404 ἐδόθη,
2968 4333 3084 4387 ἀλλ’
3108 4333 3230 4386 οὐδὲ
3269 4332 3368 4388 νῦν
3396 4331 3645 4406 ὀρῶτόν
3691 4338 3891 4407 καιρὸν

2209 4418 2340 4474 ὅντα
2362 4421 2460 4492 τῆς
2484 4420 2793 4492 ἐξηγήσεως
2826 4420 3049 4492 ταύτης.
3088 4420 3153 4473 Τί
3190 4420 3428 4491 δήποτες
3460 4422 3605 4496 Πρὸς
3632 4423 3694 4476 τὸ
3730 4424 3891 4489 τέλος

2210 4509 2398 4580 ήμϊνή
2441 4507 2677 4577 ἑϐδομὰς
2704 4509 3008 4580 ἀπήντησε,
3055 4509 3149 4562 καί
3174 4509 3391 4563 δέδοικα
3431 4511 3533 4580 τῆς
3573 4511 3891 4577 ὑποθέσεως

2210 4595 2476 4665 ἀψασθαι,
2503 4591 2623 4649 εἶτα
2653 4595 2857 4660 εὐθέως
2883 4595 3114 4666 ἐγκόψαι
3136 4597 3237 4669 τὴν
3265 4596 3636 4653 διδασκαλίαν.
3664 4598 3890 4655 Πολλῶν

2209 4681 2318 4754 γὰρ
2342 4682 2539 4755 ἐφεξῆς
2564 4682 2789 4755 ἡμερῶν
2810 4684 2941 4754 ἡμῖν
2971 4686 3005 4755 ή
3036 4683 3292 4748 ὑπόθεσις
3316 4684 3486 4739 δεῖται
3506 4687 3601 4739 καὶ
3632 4686 3893 4756 συνεχοῦς

2211 4767 2314 4838 τῆς
2349 4770 2603 4841 μνήμης’
2638 4769 2721 4823 διὸ
2757 4768 2921 4823 πάλιν
2957 4769 3128 4841 αὐτὴν
3155 4770 3573 4842 ἀναϐαλώμεθα.
3615 4771 3778 4825 Ἀλλά
3812 4773 3891 4844 μὴ

2211 4854 2598 4927 δυσχεράνητε,
2639 4856 2777 4927 μετά
2813 4857 2976 4910 τόκου
3016 4857 3234 4920 πάντως
3275 4857 3407 4929 ὑμῖν
3443 4858 3799 4931 ἀποδώσομεν
3828 4859 3891 4914 τὸ

2209 4940 2398 5011 χρέος
2433 4941 2577 4995 οὕτω
2607 4942 2715 5015 7&9
2743 4941 2838 4995 καὶ
2866 4944 2995 5014 ήμῖν
3027 4953 3051 4983 ο
3083 4942 3195 5006 τοῖς
3231 4943 3629 4999 καταϐάλλουσι
3674 4947 3891 5017 συμφέ-

2217 5043 2328 5099 ρει·
2359 5027 2499 5093 τέως
2529 5028 2586 5082 δὲ
2612 5029 2675 5082 τὸ
2719 5028 2847 5100 χθὲς
2893 5028 3264 5101 παραλειφθὲν
3298 5031 3534 5104 ἐροῦμεν
3564 5032 3680 5088 νῦν.
3715 5033 3780 5086 Τί
3829 5034 3889 5089 δὲ

2211 5114 2276 5168 τὸ
2304 5114 2432 5186 χθὲς
2460 5115 2835 5187 παραλειφθὲν
2860 5112 2963 5188 ἦν;
2988 5116 3356 5187 Περιεπάτει,
3379 5121 3563 5191 φησὶν,
3590 5124 3624 5175 ό
3645 5120 3790 5188 Θεὸς
3817 5121 3891 5176 ἐν

2211 5201 2294 5266 τῷ
2325 5202 2666 5271 παραδείσῳ
2699 5205 2766 5257 τὸ
2805 5203 3093 5259 δειλινόν.
3130 5204 3195 5258 Τί
3236 5205 3438 5276 λέγεις,
3478 5208 3601 5261 είπέ
3632 5225 3744 5279 μοι,
3771 5212 3888 5263 Πε-

2205 5287 2473 5356 ριεπάτει
2509 5292 2544 5345 d
2585 5292 2766 5356 8869;
2799 5291 2875 5345 Οὐ
2920 5293 3242 5363 περιεπάτει
3276 5295 3307 5347 ὀ
3339 5295 3473 5360 Θεός
3495 5312 3510 5328 ’
3556 5296 3674 5360 πῶς
3700 5293 3807 5369 7&9
3852 5297 3886 5351 ὀ

2206 5377 2490 5447 πανταχοῦ
2513 5378 2728 5450 παρὼν,
2753 5380 2942 5435 καίτά
2973 5381 3150 5435 πάντα
3182 5383 3287 5455 πλη
3297 5383 3439 5453 ρῶν;
3471 5384 3608 5438 ἀλλά
3630 5384 3887 5456 τοιαύτην

2215 5462 2466 5534 αἴσθησιν
2485 5466 2711 5538 ἐνέθηκε
2738 5468 2817 5539 τῷ
2854 5468 3044 5540 Ἀδὰμ,
3077 5469 3144 5523 ἶν’
3168 5471 3363 5526 ἐαυτὸν
3388 5472 3664 5546 συστείλῃ,
3697 5471 3787 5525 ἵνα
3810 5469 3887 5543 μὴ

2212 5546 2601 5621 διακεχυμένος
2632 5548 2688 5629 ᾖ,
2721 5554 2809 5607 ἴνα
2844 5555 2908 5608 τδ
2951 5559 3142 5626 φυγεῖν
3184 5559 3280 5612 καὶ
3318 5558 3589 5631 κρυϐῆναι
3635 5559 3802 5629 μέρος
3833 5574 3889 5611 τι

2213 5637 2315 5708 τῆς
2346 5638 3010 5714 ἀπολογίαςπροϐάληται
3044 5643 3072 5685 ἀ
3108 5645 3202 5700 καί
3234 5646 3340 5717 πρὸ
3362 5645 3471 5701 τῶν
3506 5646 3767 5719 ῥημάτων
3789 5645 3890 5701 αὐ-

2274 5825 2305 5898 Ῑξ
2330 5827 2482 5898 ξενίί.
2511 5829 2688 5898 et_d_uq
2706 5843 2821 5898 πιθα.
2844 5832 3180 5898 μεθημερινῶν,

2280 5891 2305 5954 (ξ
2329 5888 2478 5954 Sail.
2507 5893 2586 5940 καὶ
2605 5892 2713 5951 ὑμῖν
2733 5893 2814 5941 καὶ
2838 5888 2967 5954 ἦμῖνῖ

2280 5950 2307 5990 α
2332 5951 2432 6001 Alii
2454 5958 2504 6002 el
2527 5950 2676 6003 Savil.
2702 5950 3137 6018 προκαταϐάληται.
