3998 6430
286 322 358 382 ω

287 433 467 489 «bant
517 444 538 485 :
587 427 815 484 Sanctus
838 465 854 493 ,
902 429 1107 479 sanctus
1127 461 1144 487 ,
1191 429 1396 476 sanctas
1448 416 1697 472 Domina
1751 413 1889 470 Deus

288 520 563 579 Sabaoth:
580 521 732 593 plena
760 517 928 573 omnis
957 525 1092 571 terra
1120 514 1286 586 gloria
1317 513 1427 584 ejus
1460 510 1625 585 (Isai-
1660 509 1716 566 6.
1750 506 1887 573 1-5).

295 614 488 670 Vidisti
510 628 633 669 cum
654 618 855 682 quanto
884 608 1079 664 timore
1095 647 1113 675 ,
1136 614 1336 678 quanto
1359 603 1585 660 horrore
1611 602 1893 657 nominaut

298 722 419 762 eum
448 704 807 776 gloriﬁcantes
835 710 892 757 et
932 698 1357 755 laudantesi'l‘u
1394 710 1524 752 vero
1564 695 1615 750 in
1643 693 1895 765 precibus

295 797 514 868 quidem
544 805 598 853 et
621 793 1099 874 supplicationibus
1124 807 1245 848 cum
1272 790 1442 846 multo
1467 793 1685 849 invocas
1719 788 1894 859 ipsum

299 903 541 959 torpore,
566 888 782 959 quando
811 887 1124 941 horrescere
1152 882 1455 953 oportebat,
1483 888 1540 937 et
1562 881 1814 951 vigilare,
1843 887 1898 933 et

300 980 544 1037 sobrium
599 994 764 1036 esse:
798 979 851 1033 in
881 976 1112 1047 iurando
1159 991 1328 1040 vero,
1359 990 1480 1030 cum
1536 989 1638 1030 nec
1678 973 1899 1028 omnino

301 1071 587 1128 adducere"
620 1070 936 1126 admirabile
982 1050 1175 1124 nomen
1225 1066 1547 1137 oportebat,
1578 1066 1725 1120 varia
1752 1080 1901 1136 quae-

302 1164 431 1220 dam
456 1173 509 1221 et
535 1163 639 1219 alia
659 1177 822 1232 super
847 1162 951 1216 alia
974 1161 1253 1217 connectis
1277 1160 1602 1228 iuramenta.
1638 1158 1704 1213 Et
1726 1156 1903 1226 qualis

301 1256 496 1321 vettia,
525 1269 642 1326 qua:
682 1269 812 1309 vero
855 1252 1009 1309 nobis
1047 1254 1149 1307 erit
1190 1251 1500 1317 excusatio,
1541 1250 1671 1305 licet
1709 1248 1908 1305 millies

302 1346 752 1403 consuetudinem
803 1343 1119 1414 objiciamus
1151 1343 1175 1385 ν
1229 1342 1433 1399 Dicitur
1487 1339 1628 1412 quod
1687 1339 1905 1411 quidam

306 1448 656 1494 ostentorum
685 1446 959 1491 oratorum
989 1433 1063 1507 (a)
1105 1449 1213 1504 prae
1237 1432 1465 1505 quadam
1495 1433 1657 1487 stulta
1680 1445 1909 1486 consue-

314 1531 499 1584 tudine
524 1528 802 1584 dexterum
831 1525 1010 1581 eundo
1059 1525 1338 1580 humerum
1377 1522 1595 1579 assidue
1624 1523 1868 1578 movebat
1886 1563 1902 1586 ,

308 1621 409 1677 sed
452 1633 628 1675 tamen
674 1616 1118 1675 consuetudinem
1167 1616 1330 1682 vicit,
1382 1625 1436 1672 et
1478 1614 1686 1685 gladios
1723 1623 1911 1670 acutos

308 1712 585 1783 utrimque
608 1710 844 1766 humeris
872 1709 1145 1779 imposuit,
1179 1718 1236 1763 ut
1258 1708 1494 1764 vulneris
1521 1708 1713 1763 timore
1740 1722 1912 1762 mem-

311 1805 473 1859 brum
493 1803 672 1873 inepte
700 1816 761 1858 se
794 1816 1015 1857 movens
1052 1800 1383 1870 corrigeret:
1416 1798 1519 1854 hoc
1545 1807 1598 1854 et
1627 1806 1683 1853 tu
1721 1798 1914 1868 linguae

312 1893 509 1960 facias,
543 1902 598 1950 et
629 1893 728 1966 ipsi
760 1908 858 1963 pro
881 1891 1058 1963 gladio
1089 1891 1285 1946 divina:
1327 1905 1501 1961 pmuai
1540 1890 1787 1945 timorem
1817 1890 1919 1945 im-

315 2002 493 2057 pone,
522 1995 578 2042 et
620 1986 841 2042 omnino
886 1985 1182 2056 superabis.
1218 1983 1554 2055 Impnssibile
1595 1984 1776 2049 enim,
1812 1982 1916 2037 im-

321 2080 613 2152 possibile,
658 2079 874 2150 inquam
899 2119 915 2144 ,
955 2089 1039 2134 est
1088 2078 1409 2133 meditantes
1437 2087 1493 2132 et
1536 2075 1815 2132 studentes
1865 2087 1921 2132 et

318 2187 459 2242 opus
500 2171 603 2227 hoc
652 2171 909 2226 facientes
957 2185 1208 2240 umquam
1263 2169 1529 2238 superari.
1574 2169 1722 2224 Dicta
1776 2182 1921 2224 nunc

324 2263 552 2319 laudatis
571 2303 589 2328 ,
619 2262 715 2318 sed
744 2277 866 2318 cum
895 2262 1124 2318 correcti
1145 2261 1382 2326 fueritis,
1409 2260 1577 2331 magis
1604 2260 1924 2331 laudabitis,

389 2446 464 2510 (α)
497 2444 875 2495 Demosthenes.

1187 303 1279 359 AD
1318 298 1640 359 POPULU]
1683 296 2180 354 ANTIOCHENUM
2242 292 2477 352 ιιοωι.
2519 294 2655 352 VIII.

3518 297 3592 357 98

1997 427 2104 467 non
2130 421 2335 468 tantum
2365 427 2464 468 nos
2482 456 2498 481 ,
2521 412 2617 470 sed
2640 420 2696 469 et
2720 426 2818 469 vos
2845 415 2991 484 ipsos
3009 454 3025 476 ,
3043 422 3099 469 ct
3128 429 3251 469 cum
3276 415 3485 485 ntajore
3507 432 3594 473 vn-

1996 503 2199 572 luptate
2218 503 2445 560 audietis
2469 520 2589 575 qua:
2615 504 2866 561 dicentur
2882 547 2898 573 ,
2922 514 2978 562 et
2996 520 3122 561 cum
3150 522 3281 576 pura
3309 509 3595 565 conscien-

1955 601 1977 620 '
2000 595 2071 650 tia
2103 596 2266 651 Deum
2291 596 2628 665 invocabitis,
2660 597 2750 668 qui
2776 607 2981 653 tantum
3008 599 3102 653 tibi
3132 599 3323 669 parcit,
3347 610 3404 654 ut
3429 601 3595 667 dicat,

2004 686 2185 758 Neque
2217 706 2310 760 per
2332 699 2485 760 caput
2511 699 2649 743 tuum
2663 690 2868 760 jurabis
2887 689 3104 763 (Matth.
3127 691 3183 747 5.
3212 689 3353 762 56);
3383 701 3439 746 tu
3468 709 3596 749 vero

2001 783 2081 838 sic
2108 782 2280 852 ipsum
2304 782 2610 837 contemnis
2628 824 2645 849 ,
2672 791 2728 837 ut
2762 792 2817 838 et
2845 798 2945 853 per
2978 783 3141 854 ipsius
3168 784 3396 855 gloriam
3421 786 3596 856 jures.

2003 873 2072 928 Et
2096 872 2221 943 quid
2252 873 2443 929 faciam
2469 916 2485 942 ,
2522 873 2729 945 inquiet
2770 875 2962 945 aliquis
2986 916 3000 937 .
3033 875 3290 931 adversus
3328 890 3424 933 eos
3447 919 3462 943 ,
3509 878 3601 949 qui

2003 965 2379 1020 necessitatem
2446 965 2747 1020 inducunt?
2804 965 3028 1034 Qualem
3100 968 3473 1022 necessitatem
3501 1009 3516 1032 ,
3570 983 3604 1024 (Ι

2006 1055 2213 1111 homo?
2248 1056 2465 1112 Discant
2506 1071 2696 1113 omnes
2739 1065 2793 1112 te
2836 1057 3016 1112 omnia
3060 1058 3219 1114 malle
3270 1059 3408 1130 pati,
3437 1075 3605 1130 quam

2009 1146 2106 1202 Dei
2125 1147 2294 1218 legem
2312 1146 2633 1216 transgredi,
2651 1156 2706 1204 et
2730 1148 2799 1204 ab
2823 1147 3095 1205 inferenda
3123 1151 3444 1208 necessitate
3464 1151 3609 1207 desi-

2009 1247 2171 1294 stent.
2201 1237 2354 1306 Quod
2373 1239 2515 1294 enim
2546 1255 2653 1296 non
2678 1240 3041 1311 juramentum
3066 1242 3171 1299 ﬁde
3191 1243 3409 1314 dignum
3430 1243 3610 1299 horni-

2012 1345 2134 1385 nem
2165 1329 2351 1397 iaciat,
2377 1330 2475 1387 sed
2518 1332 2645 1387 vita:
2674 1334 3069 1400 testimonium,
3100 1342 3157 1390 et
3184 1336 3610 1393 conversationis

2013 1421 2289 1491 integritas
2309 1463 2324 1489 ,
2350 1431 2405 1477 ct
2431 1439 2586 1479 mens
2615 1423 2751 1479 bona
2772 1465 2789 1491 ,
2817 1440 2963 1496 saepe
2991 1427 3142 1481 multi
3166 1426 3408 1497 jurantes
3433 1428 3612 1483 dism-

2015 1513 2091 1582 pti
2135 1524 2299 1581 sunt,
2326 1523 2384 1569 et
2424 1530 2531 1570 non
2578 1524 2990 1584 persuaserunt;
3022 1519 3111 1573 alii
3152 1533 3285 1574 vero
3314 1527 3614 1574 annueutcs

2016 1614 2255 1671 tantum,
2302 1606 2472 1661 multo
2511 1607 2706 1678 juralis
2754 1608 2859 1665 ﬁde
2906 1609 3177 1681 digniores
3229 1620 3617 1681 apparuerunt.

2018 1697 2146 1754 [iam
2176 1698 2336 1771 igitur
2379 1700 2559 1756 omnia
2603 1702 2834 1757 scientes
2852 1744 2869 1769 ,
2896 1710 2950 1757 et
2979 1717 3191 1773 pmnam
3229 1702 3537 1773 iurantibus
3562 1713 3620 1758 et

2021 1791 2383 1861 pejerantibus
2432 1802 2687 1849 Statutam
2741 1804 2866 1850 ante
2915 1796 3102 1851 oculos
3150 1808 3462 1867 ponentes,
3510 1797 3620 1851 im-

2022 1883 2189 1952 proba
2218 1885 2608 1942 consuetudine
2628 1885 2972 1953 absistamus,
2996 1896 3054 1942 ut
3082 1887 3208 1943 hinc
3236 1896 3291 1942 et
3319 1887 3384 1960 ad
3416 1886 3622 1957 reliqua

2021 1974 2333 2044 gradientes
2363 1977 2575 2031 virtutis
2604 1994 2790 2048 opera,
2817 1993 3212 2050 consequamur
3233 1980 3372 2034 bona
3403 1978 3580 2035 futura
3605 1997 3621 2034 :

2024 2079 2145 2133 quae
2174 2080 2273 2121 nos
2302 2081 2493 2123 omnes
2525 2070 2736 2139 assequi
2774 2069 2966 2138 detur,
2992 2070 3163 2141 gratia
3197 2080 3255 2127 et
3296 2070 3625 2141 benignitate

2026 2155 2234 2211 Domini
2275 2160 2442 2213 nostri
2476 2159 2603 2215 Jesu
2643 2160 2879 2226 Christi,
2909 2176 3007 2232 per
3043 2178 3203 2233 quem
3249 2170 3305 2218 et
3348 2176 3471 2218 cum
3514 2179 3624 2234 quo

2029 2246 2172 2303 Patri
2215 2265 2320 2305 una
2364 2266 2487 2306 cum
2541 2250 2747 2322 Spiritu
2797 2264 2986 2310 sancto
3033 2253 3242 2325 gloria,
3296 2254 3581 2324 imperium
3610 2295 3626 2321 ,

2029 2338 2239 2406 honor,
2265 2356 2407 2398 nunc
2447 2351 2502 2399 et
2549 2359 2796 2415 semper,
2826 2355 2881 2402 et
2928 2347 2983 2401 in
3035 2346 3231 2402 sarcula
3284 2347 3625 2404 saeculorum.

2031 2435 2223 2489 Amen.

333 2646 417 2690 ΑΙ)
462 2644 785 2689 νιιιτυτεω
831 2636 1265 2691 ΕΧΗΟΒΤΔΤΙΟ,
1298 2636 1380 2679 ET
1420 2635 1487 2679 IN
1530 2635 1723 2679 ILLUD
1762 2635 1955 2679 GENES

2043 2638 2542 2683 iDEAMBULABAT
2583 2641 2745 2686 DECS
2788 2641 2855 2687 IN
2900 2642 3175 2689 MERIDIE
3217 2643 3285 2689 IN
3326 2642 3637 2691 PARADISO

1224 2696 1405 2779 (Gen.
1451 2697 1513 2758 3.
1557 2695 1647 2773 8),
1701 2715 1783 2759 nr
1825 2716 1912 2759 ne
1954 2716 2297 2763 FUGIENDIS
2326 2719 2748 2766 summumne.

956 2988 1178 3029 IIOIILIL
1215 2984 1327 3026 VIII.

409 3114 460 3170 i.
494 3111 732 3168 Audistis
759 3123 952 3179 nuper,
983 3104 1257 3178 quomodo
1282 3102 1458 3161 omnis
1484 3100 1762 3172 Scriptura
1800 3115 1936 3157 con-

339 3206 656 3261 solationem
700 3201 887 3257 aﬁ‘erat
916 3209 971 3255 et
996 3197 1330 3269 refrigerium
1353 3237 1370 3263 ,
1414 3195 1543 3250 licet
1570 3191 1825 3249 historica
1871 3193 1941 3248 sit

336 3297 597 3356 narratio.
629 3293 837 3350 Etenim
864 3289 993 3347 illud
1020 3313 1033 3349 :
1056 3288 1125 3343 In
1151 3287 1406 3361 principio
1443 3285 1564 3357 fecit
1589 3283 1727 3339 Deus
1760 3284 1942 3339 calum

342 3400 388 3445 σε
432 3400 620 3444 terram
660 3383 832 3458 (Gen.
863 3385 916 3440 l.
946 3383 971 3438 i
998 3380 1044 3454 ),
1082 3378 1324 3438 historias
1360 3377 1626 3449 expositio
1668 3385 1819 3432 erat:
1849 3376 1943 3432 sed

347 3477 737 3535 demonstravit
780 3474 954 3530 oratio
1000 3485 1055 3528 et
1102 3472 1269 3528 multa
1315 3469 1530 3541 plenam
1576 3467 1947 3523 consolatione

345 3571 633 3627 dictionem
662 3584 783 3625 esse
815 3585 830 3623 :
860 3567 1019 3637 quale
1046 3573 1149 3633 est,
1176 3563 1317 3635 quod
1340 3562 1605 3634 duplicem
1630 3561 1772 3616 Deus
1791 3575 1948 3614 men-

346 3681 462 3721 sam
490 3663 709 3728 facerit,
740 3671 940 3718 terram
969 3669 1024 3714 et
1053 3672 1204 3714 mare
1232 3656 1391 3712 simul
1419 3668 1627 3727 ponens
1655 3670 1671 3708 :
1702 3660 1757 3708 et
1783 3652 1947 3707 lumi-

351 3758 497 3813 naria
524 3756 758 3827 gemina,
791 3751 961 3809 solem
988 3759 1044 3807 et
1061 3749 1242 3804 lunam
1273 3761 1507 3819 superne
1533 3745 1832 3801 accendens
1859 3748 1953 3798 :ct

351 3849 580 3920 duplicis
617 3862 807 3902 cursus
846 3854 1093 3914 tempus,
1125 3840 1270 3897 diem
1316 3847 1372 3894 et
1416 3845 1629 3892 noctem
1659 3841 1949 3906 operatus:

356 3941 505 3997 illum
531 3940 745 4011 quidem
778 3938 831 3992 in
860 3935 1258 4007 operationem,
1294 3930 1432 3985 hanc
1457 3929 1510 3983 in
1534 3927 1795 3997 requiem.

430 4033 611 4087 Noctis
653 4030 962 4086 utilitas.-—
987 4026 1106 4083 Non
1146 4024 1290 4081 enim
1339 4021 1516 4077 minus
1559 4017 1913 4076 ministerium
1939 4055 1955 4083 ,

355 4142 517 4198 quam
545 4126 662 4182 dies
693 4123 850 4179 nobis
887 4137 995 4177 nox
1033 4118 1220 4186 affert;
1263 4116 1360 4173 sed
1405 4114 1544 4170 sicut
1583 4113 1637 4168 in
1680 4109 1960 4167 arboribus

358 4221 506 4284 dixi,
532 4218 674 4289 quod
703 4216 990 4273 fructuosis
1024 4213 1373 4269 infructuosa:
1409 4208 1656 4264 aemulam
1689 4204 1963 4276 praebeant

359 4312 667 4378 utilitatem,
700 4309 956 4364 iacientes
985 4322 1054 4363 ne
1078 4319 1333 4375 cogamur
1356 4301 1424 4356 ad
1455 4298 1679 4356 aediﬁcia
1699 4296 1964 4355 domesﬁ-

363 4418 459 4460 cas
485 4401 708 4456 arbores
727 4399 989 4469 attingere
1012 4413 1028 4453 :
1048 4406 1102 4452 et
1119 4391 1499 4451 mansuefactis
1516 4389 1838 4446 animalibus
1854 4402 1963 4444 non

363 4499 630 4553 minorem
659 4494 814 4550 nobis
842 4493 1128 4548 utilitatem
1171 4488 1450 4562 sylvestria
1485 4494 1541 4543 et
1582 4485 1804 4541 immitia
1829 4483 1967 4540 aﬁ'e-

364 4596 517 4651 runt,
547 4601 667 4657 qua:
695 4586 890 4640 timore
918 4583 1001 4639 sui
1028 4597 1130 4638 nos
1155 4581 1208 4636 in
1236 4581 1398 4636 urbes
1426 4578 1789 4647 compellunt,
1835 4575 1967 4632 red-

364 4679 501 4733 dunt
543 4676 850 4739 cautiores,
894 4682 950 4729 et
994 4688 1094 4728 nos
1139 4681 1326 4727 mutuo
1371 4669 1779 4740 constringunt,
1809 4674 1970 4737 atque

370 4770 563 4825 horum
590 4767 804 4839 quidem
830 4775 1087 4823 exercent
1116 4767 1390 4826 virtutem.
1422 4763 1637 4817 illorum
1665 4774 1794 4815 vero
1819 4774 1968 4815 mor-

374 4863 474 4918 bos
504 4863 760 4929 snlvunt;
803 4860 968 4916 multa
999 4859 1141 4915 enim
1169 4875 1238 4914 ex
1266 4858 1332 4913 iis
1361 4856 1746 4912 medicamenta
1777 4855 1974 4920 medici

372 4955 699 5019 conﬁciunt;
744 4952 948 5023 antiqui
1007 4952 1134 5006 item
1192 4964 1292 5005 nos
1342 4947 1551 5021 peccati
1603 4955 1970 5002 commonent.

374 5046 510 5102 Cum
537 5046 681 5102 enim
708 5044 931 5100 audiero
952 5085 967 5108 ,
1000 5041 1173 5097 Timor
1201 5050 1361 5096 uester
1397 5039 1490 5094 erit
1516 5054 1670 5109 super
1694 5053 1867 5093 omnes
1892 5037 1978 5091 beo

377 5139 502 5193 stias
531 5147 680 5192 terrae
695 5133 849 5211 (Gen.
874 5135 927 5191 9.
948 5134 1029 5208 2),
1054 5144 1109 5188 et
1136 5141 1318 5204 postea
1342 5132 1600 5186 honorem
1628 5129 1771 5189 hunc
1794 5129 1978 5185 subla-

382 5238 493 5283 tum
542 5228 767 5295 videro,
807 5226 1011 5299 peccati
1063 5223 1403 5292 reminiscar,
1445 5220 1588 5294 quod
1632 5228 1688 5276 et
1729 5221 1977 5276 timorem

386 5319 555 5375 nostri
584 5318 849 5379 dissolvit,
877 5327 933 5374 et
960 5316 1316 5387 principatum
1361 5309 1628 5368 imminuit
1652 5352 1667 5377 ,
1694 5320 1751 5365 et
1778 5311 1981 5366 efﬁciar

386 5409 576 5465 melior
599 5417 654 5464 et
678 5408 1012 5479 prudentior,
1039 5405 1296 5462 damnum
1318 5419 1386 5460 ex
1416 5411 1646 5475 peccato
1666 5401 1824 5456 nobis
1852 5401 1976 5457 illa-

388 5509 501 5554 tum
526 5497 936 5567 contemplatus.
976 5495 1132 5553 Sicut
1171 5494 1334 5566 igitur
1355 5532 1373 5560 ,
1399 5491 1542 5563 quod
1568 5500 1626 5547 et
1651 5500 1806 5547 antea
1835 5490 1984 5559 dixi,

389 5590 458 5646 ad
482 5591 645 5646 vitam
675 5587 831 5644 nobis
854 5589 1035 5644 omnia
1060 5586 1347 5644 conferunt
1369 5578 1486 5640 haec
1512 5598 1633 5656 quae
1658 5582 1802 5639 dicta
1824 5593 1950 5639 sunt
1967 5626 1984 5653 ,

393 5692 449 5739 et
476 5682 580 5739 alia
612 5682 695 5738 his
723 5681 905 5753 plura,
927 5696 1046 5753 qua:
1074 5679 1165 5750 qui
1190 5677 1316 5734 fecit
1343 5677 1486 5733 Deus
1509 5717 1526 5743 ,
1558 5676 1672 5746 ipse
1697 5676 1844 5731 novit
1871 5694 1885 5729 :
1915 5676 1986 5731 ita

394 5774 612 5848 quidem
658 5781 718 5830 et
765 5787 870 5830 nos
921 5785 1028 5829 non
1070 5771 1370 5838 minorem,
1410 5781 1568 5840 quam
1615 5765 1732 5822 dies
1761 5804 1779 5834 ,
1834 5781 1987 5823 usum

2044 2967 2217 3035 aﬁ‘ert,
2246 2983 2370 3026 cum
2396 2970 2641 3027 laborum
2671 2971 2742 3028 sit
2769 2973 3004 3044 requies,
3036 2982 3091 3031 et
3120 2972 3431 3030 morborum
3468 2974 3637 3031 medi—

2040 3058 2182 3114 cina.
2225 3060 2383 3129 Smpe
2422 3061 2568 3116 enim
2614 3062 2805 3119 medici
2848 3065 3014 3120 multa
3057 3066 3284 3135 operati,
3329 3075 3387 3122 et
3427 3066 3635 3122 inﬁnita

2044 3151 2398 3208 medicamina
2426 3153 2618 3219 moliti,
2648 3170 2679 3209 a
2708 3155 2896 3211 morbo
2922 3170 3124 3226 aegrum
3152 3156 3381 3212 liberare
3414 3171 3522 3211 non
3548 3173 3643 3227 po-

2047 3255 2302 3312 tuerunt;
2349 3262 2569 3303 somnus
2612 3258 2791 3304 autem
2842 3258 3035 3319 sponte
3084 3249 3398 3317 adveniens,
3429 3265 3645 3305 omnem

2047 3339 2209 3395 solvit
2232 3339 2602 3411 aegritudinem
2623 3381 2638 3409 ,
2671 3349 2728 3397 et
2764 3341 2987 3397 inﬁnitis
3013 3341 3120 3397 illis
3148 3340 3418 3397 laboribus
3449 3341 3645 3397 libera—

2050 3434 2164 3488 vit:
2193 3449 2292 3488 nec
2316 3434 2518 3488 morbis
2558 3443 2760 3490 tantum
2792 3436 3033 3505 corporis
3053 3476 3070 3502 ,
3102 3435 3194 3491 sed
3223 3444 3279 3490 et
3304 3436 3497 3490 anima:
3537 3450 3646 3490 nox

2052 3533 2137 3580 est
2165 3525 2453 3594 medicina,
2476 3526 2722 3582 dolentes
2742 3528 2948 3583 animas
2973 3528 3186 3584 sedans.
3209 3527 3365 3599 Srepe
3385 3529 3649 3599 quispiam

2054 3628 2336 3691 postquam
2365 3620 2529 3675 ﬁlium
2556 3621 2733 3677 amisit
2753 3663 2768 3686 ,
2801 3623 3097 3677 innumeris
3138 3623 3214 3679 illi
3258 3622 3653 3679 consolationes

2059 3710 2418 3778 efferentibus,
2453 3726 2481 3765 a
2508 3712 2721 3769 ﬂetibus
2744 3716 2799 3769 et
2817 3714 3016 3785 gemitu
3036 3714 3297 3770 desistere
3319 3731 3426 3771 non
3452 3715 3652 3780 valuit;

2059 3809 2220 3859 nocte
2245 3818 2372 3859 vero
2395 3805 2833 3872 superveniente,
2862 3806 3035 3861 somni
3056 3806 3220 3861 cessit
3246 3806 3472 3876 imperio
3492 3820 3653 3875 supe-

2060 3904 2211 3952 ratus
2233 3936 2249 3962 ,
2279 3895 2563 3967 palpebras
2587 3893 2655 3951 ad
2691 3913 2939 3952 somnum
2969 3898 3297 3967 composuit,
3329 3907 3385 3953 et
3412 3900 3655 3968 exiguam

2029 4049 2032 4052 ἢ
2063 3985 2365 4058 quampiam
2391 3986 2707 4041 diurnorum
2736 3987 2881 4057 cepit
2922 3987 3182 4042 malorum
3213 3986 3654 4041 consolationem.

2065 4078 2179 4149 Age
2199 4093 2328 4133 vero
2347 4076 2460 4148 jam
2484 4077 2550 4132 ad
2575 4077 2855 4133 materiam
2880 4092 3064 4133 eamus
3089 4076 3232 4132 unde
3255 4079 3514 4146 processit
3541 4092 3663 4132 ora.

2068 4172 2160 4228 tio.
2185 4170 2319 4228 Nam
2341 4170 2509 4243 probe
2528 4171 2652 4227 novi
2674 4186 2770 4227 vos
2794 4171 2920 4226 huic
2945 4186 3131 4226 omnes
3151 4169 3377 4238 inhiare,
3401 4180 3457 4226 et
3475 4185 3665 4240 quem-

2070 4281 2178 4338 que
2223 4266 2439 4323 discere
2482 4275 2739 4336 exoptare
2787 4280 2891 4335 qua
2932 4263 3002 4320 de
3046 4278 3208 4320 causa
3250 4279 3357 4318 non
3400 4263 3472 4318 ab
3515 4262 3667 4318 initio

2070 4360 2249 4416 editus
2273 4359 2345 4414 sit
2372 4358 2459 4413 hic
2482 4357 2621 4414 liber
2648 4375 2663 4411 :
2692 4357 2787 4413 sed
2817 4371 2993 4428 neque
3016 4371 3160 4411 nunc
3186 4356 3536 4426 expositionis
3561 4354 3665 4409 hu.

2067 4455 2157 4526 jus
2198 4469 2320 4510 esse
2364 4462 2577 4524 tempus
2617 4452 2794 4508 video.
2823 4451 2962 4521 Quid
3003 4452 3074 4506 ita
3121 4450 3481 4506 tandem‘lAd
3508 4450 3668 4505 ﬁnem

2075 4547 2232 4604 nobis
2260 4546 2378 4602 btec
2403 4546 2619 4602 devenit
2647 4545 2973 4610 hebdomas,
3004 4552 3060 4598 et
3100 4543 3379 4598 materiam
3410 4542 3672 4611 attingere

2078 4652 2299 4707 metuo,
2337 4640 2534 4696 deinde
2580 4640 2758 4695 statim
2812 4638 3204 4710 expositionem
3254 4637 3671 4707 intercepturus.

2076 4735 2257 4790 Multis
2304 4734 2448 4789 enim
2495 4733 2686 4789 diebus
2729 4747 2863 4802 opus
2914 4730 3075 4787 habet
3115 4728 3217 4783 hoc
3261 4735 3633 4798 argumentum
3662 4770 3679 4794 ,

2079 4828 2303 4899 ejusque
2350 4826 2553 4882 mentio
2602 4826 2909 4895 frequenter
2960 4822 3201 4877 habenda
3248 4820 3422 4876 :ideo
3459 4835 3675 4875 rursum

2081 4920 2255 4991 ipsum
2297 4917 2626 4974 diﬁ'eramus.
2652 4915 2756 4971 Sed
2787 4930 2855 4970 ne
2879 4929 3022 4983 aegre
3060 4911 3241 4968 feratis
3260 4954 3276 4979 ,
3308 4924 3431 4966 cum
3469 4909 3680 4967 fmnore

2082 5010 2236 5067 vobis
2262 5009 2480 5064 omnino
2508 5008 2744 5063 debitum
2771 5005 3095 5061 reddemus:
3123 5005 3202 5061 sic
3229 5004 3374 5059 enim
3404 5012 3457 5059 et
3485 5003 3676 5059 nobis'

2082 5104 2173 5175 qui
2216 5102 2569 5174 persolvimus
2594 5098 2845 5171 expedit:
2876 5112 3018 5153 nunc
3068 5110 3245 5153 autem
3286 5097 3502 5152 interim
3531 5095 3681 5151 dice-

2087 5209 2209 5250 mus
2232 5192 2373 5262 quod
2395 5192 2506 5247 heri
2532 5191 2776 5246 relictum
2805 5189 2919 5245 fuit.
2938 5189 3075 5258 Quid
3095 5197 3274 5245 autem
3297 5189 3410 5244 heri
3437 5186 3678 5243 relictum

2087 5284 2224 5340 fuit?
2255 5282 2641 5348 Deambulabat,
2673 5281 2864 5352 inquit,
2897 5280 3033 5336 Deus
3061 5282 3113 5335 in
3139 5281 3379 5353 paradiso
3399 5279 3453 5333 in
3475 5274 3683 5334 meridie

2091 5374 2244 5448 (Gen.
2270 5377 2324 5433 3.
2355 5375 2432 5447 8).
2454 5373 2592 5443 Quid
2622 5373 2722 5439 ais,
2752 5370 3126 5428 Deambulabal
3155 5371 3332 5427 Deus?
3349 5369 3467 5426 Non
3500 5367 3686 5424 deam-

2089 5468 2304 5525 bulabat
2332 5484 2347 5522 :
2378 5465 2650 5539 quomodo
2697 5465 2842 5522 enim
2892 5465 3088 5537 ubique
3136 5476 3374 5535 praesens
3409 5468 3465 5516 et
3505 5458 3686 5514 omnia

2089 5562 2351 5635 implensl
2384 5564 2479 5621 sed
2521 5564 2576 5619 in
2619 5564 2789 5620 Adam
2826 5564 2990 5618 talem
3012 5574 3229 5618 sensum
3257 5556 3465 5629 posuit,
3500 5562 3561 5611 ut
3593 5568 3684 5609 se-

2094 5657 2270 5729 ipsum
2294 5657 2620 5727 corriperet,
2653 5670 2720 5711 ne
2745 5653 3039 5711 dissolutus
3061 5657 3205 5708 esset
3221 5690 3239 5718 ,
3269 5658 3328 5707 ut
3353 5645 3605 5722 fugiendo
3630 5653 3688 5702 et

2162 5775 2178 5807 ι
2217 5779 2266 5823 In
2290 5779 2395 5825 Sav.
2422 5771 2524 5836 leg.
2553 5786 2567 5823 :
2594 5767 2798 5824 Etvobis
2819 5763 3037 5820 “nobis.
