3998 6484
363 342 434 400 99

362 452 580 512 latendo
606 450 838 520 aliquam
859 439 1216 502 excusationis
1243 446 1446 508 partem
1470 428 1843 503 przetenderet,
1868 427 1952 520 vel

364 555 492 603 ante
537 545 651 615 ipsa
691 518 873 596 verba.
916 534 1064 591 Sicut
1108 532 1198 602 qui
1247 534 1300 584 in
1349 525 1606 598 judicium
1656 518 1957 615 adducendi

363 647 511 701 sunt,
541 611 948 696 commissorum
979 638 1167 696 poenas
1186 619 1432 684 subituri,
1462 613 1713 686 squalidi.
1736 611 1960 666 sorden-

368 739 484 792 tes,
514 725 706 780 -tris1es
725 763 740 787 ,
767 715 1058 787 contempti
1082 710 1445 784 judicantibus
1485 712 1772 778 apparent,
1805 711 1862 756 ut
1886 716 1956 754 ex

367 819 549 875 habitu
575 815 719 885 ipsos
748 811 816 866 ad
846 807 1232 864 humanitatem
1270 811 1325 856 et
1349 799 1559 854 veniam
1582 805 1639 851 et
1658 793 1960 849 misericor-

367 910 509 965 diam
541 906 757 961 trahant
783 921 798 959 :
827 903 906 958 sic
929 907 986 956 et
1011 899 1066 954 in
1097 897 1266 951 Adam
1307 893 1506 947 factum
1533 897 1638 943 est.
1669 885 1962 955 Oportebat

367 1001 512 1058 enim
559 999 846 1054 demissum
895 995 947 1049 in
991 991 1250 1060 judicium
1302 986 1405 1040 hoc
1454 982 1629 1046 trahi;
1685 987 1962 1047 propterea

373 1091 638 1166 praevenit
679 1091 852 1158 ipsum
883 1087 1022 1140 Deus
1043 1125 1058 1150 ,
1087 1090 1142 1137 et
1169 1077 1440 1147 corripuit.
1475 1075 1578 1129 Sed
1606 1069 1746 1142 quod
1768 1067 1964 1166 aliquis

375 1161 743 1243 deambularet
787 1180 994 1235 sensit:
1023 1174 1165 1230 unde
1190 1185 1318 1228 vero
1359 1167 1608 1239 cogitavit
1643 1162 1786 1234 quod
1826 1161 1966 1215 Deus

376 1275 779 1337 deambularet?
801 1272 947 1328 Talis
975 1277 1058 1324 est
1087 1265 1422 1338 peccantium
1451 1255 1818 1314 consuetudo:
1851 1267 1968 1306 om-

371 1374 460 1428 nia
489 1376 734 1438 suSpecta
763 1363 980 1428 habent,
1012 1359 1232 1414 umbras
1257 1343 1507 1413 tremunt,
1530 1360 1744 1403 omnem
1772 1342 1966 1438 strepi-

397 1473 488 1517 um
519 1433 727 1523 timent,
753 1465 1017 1526 quemque
1044 1457 1231 1518 putant
1255 1452 1441 1500 contra
1471 1457 1530 1496 se
1551 1439 1753 1493 venire.
1774 1433 1967 1489 Multos

379 1554 540 1625 igitur
562 1565 703 1618 stupe
723 1543 1015 1615 conspicati
1035 1541 1100 1595 ad
1124 1538 1265 1594 aliud
1291 1535 1640 1590 ministerium
1670 1537 1964 1591 currentes,

381 1619 449 1700 aid
476 1659 534 1698 se
562 1641 747 1696 venire
777 1639 1143 1707 cogitaverunt
1169 1639 1475 1700 peccatores
1502 1643 1516 1680 :
1547 1633 1601 1679 et
1621 1622 1738 1676 aliis
1758 1620 1863 1675 alia
1890 1619 1968 1672 in—

381 1749 464 1792 ter
486 1750 546 1790 se
571 1729 982 1792 disserentibns,
1013 1723 1221 1796 peccati
1249 1721 1348 1778 sibi
1379 1720 1508 1791 ipsis
1539 1714 1742 1774 conscii
1782 1720 1970 1785 putant

311 1855 332 1870 ο·
379 1829 500 1883 illos
527 1824 595 1879 de
618 1838 678 1878 se
703 1818 1070 1877 sermocinari.

445 1911 500 1963 2.
543 1910 689 1964 Talis
712 1909 852 1963 enim
883 1920 972 1960 res
997 1911 1272 1975 peccatum
1300 1910 1422 1965 est,
1469 1902 1618 1955 nuﬂo
1657 1903 1835 1967 prodit
1876 1909 1970 1949 ar-

377 2007 572 2068 guente
597 2040 612 2063 ,
641 1998 787 2052 nullo
816 1996 1147 2052 condemnat
1180 1999 1464 2048 accusante
1489 2031 1505 2056 ,
1547 1988 1796 2058 pavidmn
1848 1985 1976 2041 facit

379 2101 435 2148 et
481 2091 726 2146 timidum
769 2098 1104 2159 peccatorem
1132 2127 1148 2153 ,
1195 2085 1334 2140 sicut
1375 2081 1580 2153 justitia
1625 2079 1974 2135 contrarium.

381 2183 520 2239 Audi
550 2183 712 2253 igitur
737 2180 1009 2252 quomodo
1036 2188 1090 2234 et
1121 2177 1277 2247 hujus
1305 2189 1557 2246 pavorem
1585 2215 1600 2237 ,
1641 2181 1696 2228 et
1732 2171 1876 2225 illius
1915 2171 1980 2224 li-

378 2267 645 2321 bertatem
679 2267 962 2335 Scriptura
985 2266 1323 2337 designavit:
1346 2263 1508 2334 Fugit
1529 2263 1728 2332 impius
1764 2259 2018 2321 nemine:

377 2369 716 2435 persequente
752 2355 938 2426 (Prov.
977 2357 1070 2413 28.
1104 2358 1182 2426 1),
1220 2357 1419 2426 inquit.
1463 2354 1750 2420 Quomodo
1786 2368 1973 2423 perse-

377 2459 576 2518 quente
604 2449 815 2502 nemine
848 2448 1024 2518 fugit?
1066 2447 1210 2501 Intus
1238 2447 1396 2502 habet
1423 2455 1669 2516 agentem
1700 2446 1981 2499 conscien-

380 2539 470 2592 tize
520 2547 888 2593 accusatorem
916 2579 930 2605 ,
982 2546 1036 2592 et
1085 2537 1227 2590 hunc
1271 2537 1467 2607 ubique
1511 2533 1820 2590 circumfert
1863 2553 1877 2589 :
1925 2544 1980 2590 et

381 2631 521 2686 sicut
549 2629 782 2700 seipsum
815 2645 919 2684 non
949 2637 1126 2698 potest
1152 2629 1336 2697 fugere
1360 2665 1378 2692 ,
1400 2628 1480 2681 sic
1511 2642 1608 2681 nec
1633 2642 1755 2681 eum
1782 2627 1871 2695 qui
1901 2625 1981 2679 in-

383 2730 469 2775 tus
495 2721 668 2792 ipsum
699 2719 903 2790 agitat;
937 2720 1031 2775 sed
1059 2734 1396 2790 quocumque
1419 2719 1576 2774 abeat
1603 2760 1618 2784 ,
1650 2719 1978 2790 ﬂagellatur,

383 2820 442 2869 et
467 2813 660 2867 vulnus
691 2811 852 2866 habet
890 2810 1304 2867 immedicabile.
1349 2811 1421 2864 At
1459 2824 1564 2865 non
1611 2809 1732 2865 talis
1765 2810 1978 2880 justus;

385 2903 481 2958 sed
506 2902 680 2974 qualis
705 2944 720 2970 ,
753 2902 874 2956 audi
908 2920 923 2958 :
951 2900 1134 2956 Justus
1164 2911 1423 2970 tamquam
1449 2899 1557 2965 leo,
1587 2901 1794 2971 inquit,
1821 2901 1984 2970 conﬁ—

391 2997 467 3051 dit
493 2994 670 3068 (Ibid.
705 2999 742 3061 ).
773 2995 920 3051 Talis
944 3005 1060 3051 erat
1091 2995 1268 3050 Helias
1297 3011 1312 3050 :
1349 2994 1482 3049 vidit
1521 2995 1680 3064 igitur
1710 3009 1887 3064 regem
1914 2993 1983 3049 ad

387 3105 447 3144 se
475 3089 780 3144 venientem
813 3096 910 3143 :et
936 3087 1150 3142 dicente
1180 3087 1270 3142 illo
1295 3127 1312 3155 ,
1345 3084 1414 3142 Ut
1455 3084 1580 3156 quid
1623 3086 1860 3156 pervertis
1897 3083 1986 3139 Is-

389 3181 498 3235 rael
523 3179 550 3235 l’
578 3177 701 3233 Non
730 3194 820 3250 ego
849 3187 1072 3249 perverto
1101 3177 1304 3244 Israel,
1332 3177 1539 3246 inquit,
1570 3177 1658 3230 sed
1701 3185 1756 3230 tu
1797 3184 1845 3230 et
1884 3175 1978 3230 do-

385 3291 498 3329 mus
533 3275 693 3346 patris
723 3275 796 3329 tui
830 3273 929 3348 (5.
960 3273 1089 3345 Reg.
1123 3273 1209 3328 18.
1250 3273 1336 3326 17.
1369 3271 1502 3342 18).
1535 3270 1674 3326 Vere
1707 3270 1884 3340 justus
1927 3278 1984 3323 ut

385 3368 470 3422 leo
499 3367 720 3422 conlidit
749 3383 764 3423 :
796 3368 933 3422 sicut
973 3367 1115 3421 enim
1161 3365 1245 3420 leo
1292 3364 1343 3418 in
1387 3378 1569 3433 regem
1619 3373 1884 3431 tamquam
1928 3361 1982 3416 in

383 3459 543 3513 vilem
569 3457 822 3514 catellum
843 3457 1178 3520 insurrexit;
1207 3454 1416 3510 tametsi
1443 3467 1724 3522 purpuram
1754 3452 1983 3507 habebat

384 3550 479 3605 ille
501 3592 516 3615 ,
546 3549 640 3605 sed
672 3549 760 3604 hic
787 3549 1018 3603 mcloten
1047 3546 1314 3611 habebat,
1346 3543 1718 3600 indumentum
1753 3558 1982 3613 purpura

386 3639 476 3694 illa
510 3639 886 3694 venerabilius.

460 3731 682 3787 Elisteus
730 3732 921 3802 duplex
980 3729 1129 3786 Elias
1180 3729 1456 3785 secundant
1521 3727 1983 3799 interpretationem

385 3816 751 3896 Chrysostomi.
797 3855 870 3868 —-
918 3824 1157 3895 Purpura
1217 3825 1358 3880 enim
1416 3824 1502 3878 illa
1567 3823 1757 3878 famem
1817 3837 1981 3892 pepe-

386 3918 458 3974 rit
513 3934 765 3988 gravem;
831 3917 1026 3972 melote
1083 3926 1258 3971 autem
1320 3901 1435 3970 hic
1483 3916 1810 3969 calamitates
1867 3914 1979 3968 dis-

384 4011 590 4076 cussit,
635 4010 751 4065 haec
790 4011 1076 4066 Jordanem
1107 4009 1325 4073 divisit;
1370 4009 1484 4064 lure
1522 4009 1770 4062 Elismutn
1809 4007 1982 4077 dupli-

381 4116 500 4157 cem
533 4103 701 4157 Eliam
733 4101 856 4158 fecit
885 4103 904 4174 (
931 4103 984 4157 4.
1017 4101 1145 4172 Reg.
1176 4103 1230 4156 2.
1256 4098 1309 4153 8.
1335 4099 1415 4171 9).
1437 4099 1482 4154 Ο
1519 4108 1718 4169 quanta
1762 4111 1981 4154 sancto-

384 4211 502 4248 rum
536 4196 738 4250 virtus!
769 4211 874 4249 non
906 4195 1019 4248 sola
1051 4196 1287 4262 ipsorum
1318 4192 1478 4245 verba
1509 4200 1564 4244 et
1588 4206 1811 4261 corpora
1837 4231 1852 4254 ,
1882 4190 1980 4246 sed

384 4295 438 4340 et
468 4287 577 4355 ipsa
611 4285 915 4339 indumenta
939 4295 1196 4340 creatura:
1216 4283 1361 4338 omni
1387 4293 1641 4354 perpetuo
1668 4290 1790 4336 sunt
1811 4296 1977 4336 vene-

384 4377 590 4430 rabilia.
621 4376 788 4446 llujus
815 4377 1012 4431 melote
1042 4375 1328 4430 Jordancm
1357 4374 1535 4428 divisit
1565 4391 1578 4426 :
1609 4372 1973 4427 calceamenta

387 4469 544 4522 trium
591 4483 875 4536 puerorum
927 4467 1102 4536 ignem
1148 4467 1638 4521 conculcavcrnnt:
1687 4463 1867 4518 Elismi
1909 4464 1977 4517 li-

385 4573 550 4626 gnum
580 4559 595 4588 ¹
647 4572 814 4626 aquas
867 4557 1110 4622 mutavit,
1158 4565 1212 4611 et
1259 4566 1317 4610 ut
1355 4555 1550 4609 ferrum
1595 4555 1646 4608 in
1695 4554 1978 4625 superﬁcie

383 4659 658 4720 portarent
683 4649 859 4704 effecit
883 4666 896 4702 :
927 4648 1087 4703 Musis
1116 4648 1264 4715 virga
1293 4662 1440 4702 mare
1469 4647 1710 4700 Rubrum
1751 4647 1929 4701 divisit
1953 4687 1968 4713 ,

339 4760 350 4766 "
385 4753 589 4814 petram
635 4741 836 4797 scidit:
882 4740 1033 4795 Pauli
1077 4741 1390 4794 vestimenta
1434 4739 1716 4810 languores
1759 4739 1977 4810 expule-

381 4842 512 4890 runt
537 4852 551 4888 :
580 4834 762 4889 umbra
791 4832 932 4888 Petri
967 4839 1195 4886 mortem
1235 4830 1454 4901 fugavit.

447 4925 736 4997 Martyrum
751 4926 924 4998 favilla
937 4925 1194 4978 daemonas
1212 4919 1827 4993 expcllit.—Sanctorum
1845 4934 1977 4973 mar-

382 5029 555 5092 tyrum
570 5017 746 5073 favilla
759 5019 1018 5089 malignos
1029 5017 1245 5088 expellit
1256 5013 1836 5083 datmonas.Pt-0pterea
1852 5028 1971 5068 cum

379 5111 568 5165 fiducia
586 5110 763 5164 omnia
779 5109 1008 5173 faciunt,
1046 5110 1184 5164 sicut
1201 5115 1254 5162 et
1286 5107 1462 5162 Elias:
1486 5121 1590 5160 non
1608 5105 1749 5159 enim
1767 5113 1976 5174 specta-

379 5206 470 5259 bat
490 5201 756 5266 diadema,
782 5210 838 5256 et
853 5203 1177 5256 exteriorem
1197 5200 1337 5270 regis
1351 5197 1690 5269 splendorem
1712 5213 1727 5262 ;
1745 5195 1836 5250 sed
1855 5195 1973 5249 ani-

379 5310 518 5350 mam
536 5308 848 5364 pannosam,
867 5292 1222 5360 squalentem,
1238 5290 1528 5355 sordidam,
1546 5289 1752 5344 etomni
1772 5302 1866 5342 reo
1884 5287 1975 5341 mi-

376 5388 546 5442 serius
577 5385 820 5440 affectam
847 5383 1140 5450 respiciens
1163 5423 1177 5446 ,
1206 5391 1260 5436 et
1286 5383 1462 5452 ipsum
1513 5381 1656 5434 intus
1699 5379 1966 5448 captivum

385 5491 516 5541 esse,
541 5492 602 5531 ac
619 5476 864 5531 vitiorum
883 5488 1118 5540 servum,
1137 5471 1302 5542 ipsius
1340 5471 1688 5539 principatum
1727 5477 1973 5523 contem-

383 5567 515 5637 psit:
540 5569 736 5621 etenim
765 5576 1036 5636 tamquam
1055 5564 1106 5619 in
1125 5577 1304 5629 scena,
1325 5561 1418 5616 sed
1445 5576 1548 5616 non
1571 5561 1622 5620 in
1644 5561 1864 5615 veritate
1886 5574 1974 5614 re-

449 5697 467 5760 _'
494 5699 566 5760 sic
605 5697 745 5745 savil.
794 5704 846 5748 et
867 5711 1039 5749 omnes
1074 5709 1207 5760 pene
1252 5703 1355 5760 Mss.
1381 5692 1548 5760 Morel.
1575 5708 1588 5743 :
1615 5692 1760 5756 Ligna
1785 5689 1969 5745 Eliswi.

388 5755 510 5809 infra
526 5757 622 5808 duo
642 5765 746 5809 Mss.
774 5755 1147 5813 :Sanctorum'et
1178 5758 1371 5824 egregie
1407 5756 1636 5830 victorum
1675 5765 1965 5822 martyrum.

1072 325 1130 382 S.
1169 317 1446 380 JOANNIS
1481 310 1954 374 CHRYSOSTOMI
1992 309 2310 370 ARCHIEP.
2349 308 2886 367 CONSTANTINOP.

3604 313 3713 372 100

2061 444 2180 501 gem
2194 426 2294 487 sibi
2308 440 2529 483 cernere
2543 428 2974 498 videbatur.Qu:e
2989 430 3131 488 enim
3147 431 3460 489 exterioris
3472 436 3718 504 opulen-

2063 525 2150 581 tia:
2167 528 2183 558 ί
2212 526 2431 592 utilitas,
2451 541 2571 582 cum
2596 525 2736 581 intus
2757 533 2838 579 est
2862 531 3006 578 tanta
3028 525 3315 595 pauperies
3331 525 3362 579 ἲ
3401 541 3539 596 qua:
3573 541 3715 580 vero

2006 614 2024 631 '
2062 618 2390 688 paupertatis
2419 632 2555 672 noxa
2580 657 2595 682 ,
2624 631 2745 671 cum
2786 616 2929 670 intus
2965 627 3124 670 tanta:
3151 617 3426 687 reposita:
3456 626 3599 670 sunt
3629 617 3716 670 di-

2063 709 2204 764 vitia:
2223 710 2250 762 ἲ
2269 709 2412 764 Talis
2434 719 2550 764 erat
2573 709 2660 763 leo
2681 717 2734 762 et
2753 708 2938 764 beatus
2959 707 3156 762 Paulus
3179 725 3193 761 :
3217 723 3527 763 carcerem
3554 709 3714 762 enim

2064 800 2336 870 ingressus
2354 841 2369 864 ,
2388 799 2507 853 solo
2526 799 2762 854 clamore
2780 798 2958 855 omnia
2986 798 3335 854 fundamenta
3365 801 3676 854 concussit
3697 843 3712 866 ,

2063 890 2276 944 vincula
2307 890 2439 944 rosit
2467 889 2486 959 (
2513 890 2626 943 Act.
2658 891 2746 944 t6.
2773 889 2844 945 26
2871 888 2914 958 ),
2941 904 3046 944 non
3085 889 3342 946 dentibus
3369 933 3384 956 ,
3425 889 3536 945 sed
3574 906 3710 945 ver-

2064 981 2148 1036 bis
2172 1001 2184 1036 :
2212 991 2491 1051 proliterea
2521 998 2624 1035 non
2654 981 2834 1036 lecties
2862 979 3014 1050 ipsos
3045 990 3248 1036 tantum
3269 1025 3286 1050 ,
3327 981 3439 1036 sed
3471 989 3533 1036 et
3556 982 3712 1035 aliud

2066 1073 2192 1143 quid
2221 1073 2463 1128 leonibus
2494 1073 2665 1142 majus
2705 1080 2916 1142 oportet
2955 1073 3246 1143 appellare.
3283 1073 3412 1129 Leo
3447 1073 3610 1129 enim
3651 1073 3711 1130 in

2068 1165 2200 1220 retia
2225 1181 2370 1236 saepe
2387 1165 2565 1236 lapsus
2581 1167 2789 1236 capitur
2810 1207 2825 1232 ,
2858 1168 3030 1222 sancti
3059 1181 3188 1221 vero
3229 1183 3362 1222 cum
3404 1167 3664 1237 ligantur
3689 1209 3706 1234 ,

2071 1255 2194 1311 hinc
2223 1254 2474 1311 fortiores
2514 1256 2686 1311 fiunt:
2724 1258 2862 1312 sicut
2896 1267 2950 1312 et
2992 1257 3080 1313 hic
3119 1259 3308 1313 beatus
3359 1259 3417 1312 in
3469 1275 3709 1316 carcere

2071 1356 2196 1403 tunc
2222 1347 2346 1402 fecit
2367 1389 2382 1414 ,
2414 1348 2626 1402 solvens
2653 1349 2983 1417 compeditos
3007 1392 3021 1414 ,
3049 1350 3279 1420 parietes
3313 1351 3667 1408 concutiens
3685 1391 3707 1419 ,

2069 1439 2304 1493 carceris
2326 1439 2599 1493 custodem
2627 1438 2851 1509 alligans
2879 1449 2932 1493 et
2957 1439 3171 1510 pietatis
3209 1440 3394 1495 verbo
3442 1440 3704 1508 capiens.

2071 1530 2181 1585 Leo
2207 1531 2442 1596 clamat,
2475 1540 2530 1585 et
2557 1546 2744 1585 omnes
2767 1531 2965 1584 bestias
2988 1529 3166 1600 fugat;
3194 1541 3431 1586 sanctus
3453 1533 3670 1586 clamat
3686 1573 3705 1600 ,

2070 1634 2124 1677 et
2148 1621 2420 1676 daemones
2447 1621 2678 1692 undique
2707 1615 2946 1690 expebit.
2973 1620 3170 1678 Leonis
3196 1638 3353 1678 arma
3382 1668 3398 1687 ,
3430 1624 3704 1694 jubarum

2073 1714 2300 1781 horror,
2356 1715 2609 1784 unguium
2655 1729 2879 1778 mucro,
2919 1721 2976 1768 et
3015 1714 3205 1770 dentes
3244 1717 3402 1770 acuti
3462 1734 3476 1772 :
3544 1732 3704 1772 arma

2066 1807 2237 1878 justi,
2271 1805 2607 1877 pltilOSOphia
2627 1846 2644 1872 ,
2672 1807 3026 1876 temperantia
3053 1849 3068 1875 ,
3102 1808 3364 1877 patientia
3396 1851 3412 1876 ,
3450 1825 3708 1878 praesen-

2078 1901 2204 1948 tium
2236 1906 2574 1964 contemptus
2591 1894 2849 1947 omnium.
2879 1893 3002 1946 Haec
3020 1908 3171 1946 arma
3198 1892 3461 1962 quisquis
3492 1891 3708 1960 habet,

2077 2004 2180 2042 non
2215 1987 2458 2042 homines
2490 1997 2696 2041 tantum
2728 1986 3001 2055 hnprobos
3025 2027 3042 2051 ,
3074 1985 3168 2040 sed
3197 1995 3252 2040 et
3296 1987 3459 2055 ipsas
3504 1986 3708 2041 adver-

2077 2081 2246 2134 sarias
2277 2087 2568 2150 potestates
2606 2078 2895 2134 deridebit.
2945 2077 3113 2133 Stude
3151 2078 3318 2148 igitur
3344 2121 3360 2142 ,
3407 2093 3445 2132 ο
3493 2078 3667 2132 homo
3690 2119 3706 2144 ,

2077 2172 2373 2228 secundum
2405 2174 2572 2228 Deum
2609 2173 2785 2227 vivere
2813 2213 2828 2238 ,
2867 2180 2924 2227 et
2963 2186 3125 2226 nemo
3150 2179 3204 2226 te
3230 2184 3505 2240 umquam
3540 2184 3707 2238 snpe-

2078 2266 2249 2331 rabit;
2283 2264 2378 2321 sed
2407 2265 2568 2320 etiam
2601 2265 2642 2319 si
2671 2264 2909 2318 omnium
2940 2262 3232 2318 vilissimus
3259 2275 3394 2316 esse
3423 2261 3700 2329 videaris,

2079 2359 2318 2413 omnium
2347 2358 2456 2414 eris
2485 2357 2930 2428 potentissimus;
2962 2357 3100 2412 sicut
3131 2356 3174 2409 si
3219 2355 3393 2408 animi
3441 2353 3701 2408 virtutem

2080 2453 2385 2523 neglexeris
2407 2494 2422 2518 ,
2451 2453 2610 2507 etiam
2642 2451 2686 2506 si
2713 2451 2949 2504 omnium
2983 2450 3058 2504 sis
3087 2447 3513 2518 potentissimus
3541 2489 3556 2507 .
3587 2461 3715 2500 om-

2081 2543 2241 2597 nibus
2285 2541 2661 2597 insidiantibus
2695 2541 2802 2596 eris
2842 2541 2998 2596 facile
3035 2539 3440 2609 expugnabilis.
3484 2538 3554 2592 Et
3604 2538 3699 2592 hor

2080 2637 2293 2707 quidem
2317 2635 2457 2690 dicta
2479 2635 2982 2690 demonstraverunt
3001 2632 3244 2701 exempla
3268 2649 3283 2695 ;
3310 2631 3359 2684 si
3382 2629 3470 2684 vis
3492 2637 3697 2695 autem,

2082 2737 2135 2782 et
2169 2743 2265 2797 per
2293 2743 2454 2795 opera
2488 2737 2538 2782 te
2566 2726 2760 2782 docere
2785 2725 3023 2780 conabor
3046 2766 3060 2789 ,
3093 2725 3198 2778 vim
3224 2723 3510 2791 justorunt
3545 2722 3698 2776 inex~

2085 2819 2471 2890 pngnabilem,
2523 2828 2580 2875 et
2629 2819 2840 2873 facilem
2899 2829 3238 2887 peccatorum
3292 2814 3696 2884 captivitatem.

2083 2910 2220 2965 Audi
2250 2911 2408 2980 igitur
2426 2910 2696 2981 quomodo
2726 2909 2841 2964 haec
2872 2907 3030 2961 ambo
3049 2904 3321 2975 Propheta
3355 2905 3692 2966 insinuavit;

2089 3001 2212 3055 Non
2251 3002 2325 3057 sic
2365 3001 2547 3072 impii,
2593 3018 2691 3054 non
2716 3001 2825 3065 sic,
2868 2997 2955 3052 sed
2995 3006 3250 3065 tamquam
3294 2995 3509 3065 pulvis,
3552 3011 3700 3063 quem

2086 3095 2288 3167 projicit
2312 3106 2486 3150 uentus
2507 3111 2538 3148 a
2565 3094 2694 3164 [acie
2719 3103 2865 3146 terra:
2893 3091 2911 3162 (
2943 3089 3090 3144 Psal.
3123 3091 3172 3143 1.
3205 3091 3238 3144 4
3258 3087 3300 3159 ).
3354 3091 3516 3146 Sicut
3554 3087 3698 3143 enim

2082 3185 2178 3241 ille
2215 3194 2496 3240 ventorum
2529 3181 2827 3236 incursibus
2856 3181 3009 3235 facile
3037 3178 3411 3250 projieiendns
3447 3177 3686 3248 proposi-

2085 3284 2172 3332 tus
2197 3285 2280 3331 est
2304 3296 2316 3330 :
2347 3278 2424 3330 sic
2453 3283 2509 3329 et
2539 3283 2787 3343 peccator
2815 3272 2882 3326 ab
2911 3271 3056 3326 omni
3089 3270 3392 3326 tentatione
3423 3269 3698 3324 subverti-

2085 3378 2190 3424 tur.
2223 3369 2358 3423 Cum
2384 3367 2526 3422 enim
2557 3365 2672 3434 ipse
2697 3365 2802 3420 sibi
2843 3372 3143 3434 repugnet,
3185 3373 3238 3417 et
3274 3361 3427 3418 hanc
3464 3376 3696 3432 pugnam

2084 3463 2283 3536 passim
2315 3457 2693 3525 circumferat;
2733 3473 2854 3528 quae
2885 3457 2985 3526 ipsi
3009 3471 3131 3526 spes
3161 3455 3356 3510 salutis
3387 3454 3540 3510 domi
3572 3465 3696 3522 pro-

2084 3557 2198 3613 dito
2223 3598 2238 3622 ,
2275 3563 2330 3611 et
2362 3554 2673 3609 continuum
2704 3551 2914 3606 hostem
2945 3549 3332 3605 conscientiam
3365 3563 3553 3603 secum
3587 3557 3692 3599 tra-

2085 3649 2280 3705 benti?
2316 3647 2422 3703 Sed
2452 3661 2557 3700 non
2590 3644 2705 3699 talis
2727 3644 2921 3714 justus.
2946 3641 3130 3708 Qualis
3153 3655 3281 3710 ergo
3301 3639 3328 3694 ἲ
3353 3639 3494 3694 Audi
3519 3639 3690 3707 ipsum

2075 3740 2400 3810 PrOpltetam
2447 3738 2714 3793 dicentem
2762 3755 2777 3790 :
2825 3734 2927 3802 Qui
2977 3733 3240 3802 conﬁdunt
3301 3732 3357 3786 in
3431 3731 3687 3793 Domino,

2085 3833 2230 3888 Sicut
2268 3847 2412 3885 mons
2461 3830 2589 3884 Sion
2633 3825 2821 3900 (Psal.
2867 3822 3030 3895 124).
3079 3822 3213 3890 Quid
3264 3822 3507 3877 tamdem
3559 3828 3682 3883 est,

2081 3923 2211 3977 sicut
2233 3937 2376 3975 mons
2395 3919 2552 3975 Sion?
2573 3917 2693 3972 Non
2714 3916 3101 3970 commovebitur
3121 3915 3173 3968 in
3199 3925 3449 3968 aeternum
3474 3909 3528 3981 (1
3535 3907 3682 3980 bid.),

2085 4018 2274 4088 inquit.
2319 4017 2680 4084 Quaecumque
2730 4013 2873 4066 enim
2918 4009 3224 4065 adhibueris
3281 4007 3685 4062 machinamen-

2083 4121 2177 4177 ta,
2237 4123 2586 4180 quaecumque
2638 4104 2955 4176 jaculaveris
3015 4103 3118 4157 tela
3185 4111 3428 4156 montem
3499 4098 3684 4152 demo-

2083 4203 2169 4258 liri
2205 4201 2389 4256 volens
2411 4241 2427 4265 ,
2463 4199 2609 4252 illum
2650 4195 2865 4266 quidem
2904 4208 3191 4264 numquam
3237 4190 3522 4262 superahis
3553 4206 3565 4240 :
3592 4185 3680 4257 qui

2085 4295 2231 4348 enim
2285 4290 2533 4362 poteris?
2582 4287 3006 4342 machinamenta
3059 4299 3185 4338 vero
3234 4283 3414 4337 solves
3459 4279 3680 4343 omnia,

2081 4385 2243 4440 etiam
2278 4393 2418 4436 luam
2439 4382 2687 4437 destrucs
2709 4377 3094 4433 fortitudinem.
3117 4375 3262 4431 Talis
3282 4384 3366 4429 est
3392 4383 3447 4428 et
3469 4373 3679 4442 justus:

2082 4489 2432 4545 quaecumque
2473 4470 2699 4524 vulnera
2742 4467 3055 4538 exceperit,
3109 4466 3224 4536 ipse
3263 4464 3481 4534 quidem
3521 4474 3681 4532 grave

2081 4567 2280 4638 patitur
2317 4566 2446 4621 nihil
2475 4606 2490 4631 ,
2541 4563 2634 4618 sed
2677 4560 3044 4616 insidiantium
3085 4559 3192 4612 vim
3247 4555 3533 4619 dissolvit,
3581 4565 3678 4606 nec

2082 4675 2212 4714 vero
2240 4657 2544 4712 mortalium
2574 4653 2734 4708 modo
2757 4694 2773 4717 ,
2802 4651 2896 4707 sed
2941 4652 3178 4720 ipsorum
3221 4663 3435 4717 quoque
3475 4644 3678 4698 daemo-

2081 4768 2230 4808 num.
2263 4750 2470 4805 Audisti
2503 4762 2732 4817 namque
2763 4745 2958 4816 sacpius
2981 4785 2998 4810 ,
3033 4751 3165 4812 quot
3193 4741 3442 4796 diabolus
3473 4733 3674 4792 machi-

2081 4850 2330 4900 namenta
2357 4841 2460 4897 Job
2480 4838 2824 4903 adhibuerit,
2846 4850 2946 4890 nec
2969 4834 3141 4889 solum
3167 4841 3340 4886 tamen
3360 4831 3506 4884 illum
3529 4839 3680 4880 mone

2084 4945 2192 4992 tem
2234 4951 2342 4991 non
2389 4930 2808 5004 conquassavit,
2849 4928 2943 4984 sed
2981 4936 3034 4983 et
3079 4934 3364 4982 enervatus
3413 4918 3674 4983 recessit,

2080 5029 2286 5099 sagittis
2316 5027 2445 5097 ipsis
2469 5023 2758 5079 confractis
2777 5064 2792 5088 ,
2823 5028 2877 5077 et
2916 5019 3358 5075 machinamentis
3403 5009 3676 5069 inutilibus

2079 5139 2145 5178 ex
2176 5122 2266 5175 illo
2293 5119 2496 5188 inflictu
2522 5115 2765 5171 redditis.

2153 5213 2206 5268 5.
2251 5211 2375 5266 llrec
2404 5209 2580 5278 itaque
2607 5205 2870 5271 scientes,
2915 5203 3078 5258 vitam
3115 5213 3362 5256 curemus
3390 5201 3624 5251 nostram
3660 5207 3672 5219 ·

2080 5317 2254 5373 neque
2281 5301 2420 5356 circa
2452 5299 2702 5369 pecunias
2735 5296 3044 5350 studeamus
3071 5335 3086 5360 ,
3117 5307 3234 5362 qua:
3265 5297 3486 5361 pereunt
3527 5301 3540 5336 :
3585 5295 3648 5335 ne

2080 5411 2184 5465 quc
2210 5395 2349 5449 circa
2381 5392 2602 5461 gloriam
2632 5431 2646 5453 ,
2676 5405 2794 5458 quae
2821 5386 3177 5454 exstinguitur
3207 5402 3220 5438 :
3254 5398 3358 5436 non
3380 5381 3517 5435 circa
3549 5389 3667 5429 cor-

2080 5500 2181 5556 pus
2202 5526 2215 5548 ,
2247 5482 2388 5553 quod
2429 5480 2698 5546 senescit,
2734 5495 2838 5532 non
2883 5478 3024 5531 circa
3056 5472 3520 5545 pulchritudinem.
3554 5474 3664 5531 quo?

2081 5574 2400 5644 marcescit,
2452 5589 2557 5628 non
2615 5573 2757 5626 circa
2799 5569 3058 5636 delicias,
3101 5581 3224 5637 quae
3256 5564 3518 5621 deﬂuunt;
3569 5550 3656 5608 sed

2143 5755 2157 5786 ι
2182 5754 2251 5804 sic
2274 5749 2413 5803 Savil.
2443 5756 2494 5800 et
2516 5748 2722 5800 maxima
2756 5759 2866 5811 pars
2888 5755 2997 5799 Mss.
3025 5753 3183 5799 recte.
3204 5743 3388 5805 March,
3403 5733 3598 5790 decoris.
