3998 6456
114 313 165 371 na
1104 305 1199 360 AD
1236 303 1562 360 PUPULUM
1600 303 1729 356 AN]
1746 304 2103 359 IUCHENUM
2144 303 2379 360 HOMIL.
2414 305 2543 360 VIII.

112 428 210 482 τῶν.
240 419 511 495 Καθάπερ
555 418 664 491 γὰρ
705 419 756 475 οἰ
796 417 1082 491 μέλλοντες
1124 420 1205 483 εἰς
1249 418 1597 488 δικαστήριον
1640 417 1756 469 εἰσ-

112 510 326 583 άγεσθαι,
342 509 439 564 καὶ
465 507 692 570 εὐθύνας
709 505 817 561 τῶν
834 506 1199 579 πεπλημμελη
1208 506 1383 578 μένων
1399 505 1640 575 ὑπέχειν,
1666 504 1748 557 αὐ.

116 602 341 673 γμῶντες,
375 596 680 668 ῥυπῶντες,
713 594 951 667 στυγνοὶ,
990 594 1424 667 κατεσταλμένοι
1453 597 1564 658 τοῖς
1599 593 1752 647 δικά-

114 694 234 755 ζουσι
261 686 560 758 φαίνονται,
588 684 730 739 ὥστε
759 685 855 739 καὶ
883 684 993 738 ἀπὸ
1015 680 1106 738 τοῦ
1140 684 1416 755 σχήματος
1447 682 1645 744 αὐτοὺς
1673 682 1755 743 εἰς

114 774 493 847 φιλανθρωπίαν
516 771 923 827 ἐπισπάσασθαι
960 771 1053 825 καὶ
1082 769 1232 824 ἔλεον
1257 770 1353 824 καὶ
1380 766 1712 839 συγγνώμην
1733 780 1746 794 ⁶

113 864 229 920 οὕτω
247 862 338 918 καὶ
363 862 460 917 ἐπὶ
482 860 576 914 τοῦ
615 859 788 931 Ἀδὰμ
810 859 1022 929 γέγονε.
1054 860 1165 912 Καὶ
1189 857 1300 930 γὰρ
1323 857 1430 910 ἔδει
1461 852 1754 911 κατεσταλ-

116 953 246 1021 μένον
274 952 353 1013 εἰς
394 948 458 1002 τὸ
489 947 838 1019 δικαστήριον
883 945 1204 1017 εἰσαχθῆναι
1240 943 1401 998 τοῦτο
1421 960 1435 975 ·
1476 942 1564 997 διὰ
1595 940 1752 994 τοῦτο

114 1036 362 1117 προλαϐὼν
391 1038 421 1091 ὀ
454 1035 610 1099 Θεὸς,
642 1035 807 1090 αὐτὸν
841 1034 1200 1088 συνέστειλεν.
1248 1032 1387 1086 Ἀλλ’
1411 1034 1495 1086 ὃτι
1538 1030 1637 1102 μέν
1666 1046 1753 1093 τις

114 1126 395 1199 πριεπάτει
435 1122 667 1196 ᾔσθετο·
709 1121 874 1176 πόθεν
905 1122 962 1176 δὲ
1003 1122 1256 1192 ἐνόμισεν
1292 1120 1374 1174 ὅτι
1419 1121 1448 1173 6
1480 1118 1613 1181 Θεὸς
1648 1132 1750 1169 πε-

117 1218 362 1289 ριεπάτεις
406 1212 664 1269 Τοιοῦτον
706 1212 817 1266 τῶν
857 1210 1281 1283 ἁμαρτανόντων
1335 1208 1395 1263 τὸ
1439 1207 1561 1271 ἔθος
1603 1205 1749 1260 ἐστί·

116 1306 260 1360 πάντα
284 1301 674 1368 ὑποπτεύουσι,
708 1301 807 1365 τάς
843 1301 1003 1362 σκιὰς
1038 1297 1326 1371 τρέμουσι,
1364 1296 1545 1351 πάντα
1580 1294 1753 1365 ψόφον

114 1393 365 1457 δεδοίκασι,
406 1390 506 1444 καὶ
538 1389 770 1443 ἕκαστον
812 1389 898 1441 ἐπ’
928 1388 1128 1450 αὐτοὺς
1159 1385 1398 1457 βαδίζειν
1445 1379 1747 1454 νομίζουσι.

115 1481 310 1543 Πολλοὺς
354 1476 489 1547 γοῦν
539 1475 800 1542 πολλάκις
848 1475 1048 1537 ἰδόντες
1096 1474 1179 1544 ἐφ’
1218 1473 1411 1542 ἑτέραν
1457 1470 1751 1544 τρέχοντας

112 1567 366 1634 διακονίαν,
396 1566 661 1637 ἐνόμισαν
685 1567 771 1619 ἐπ’
798 1565 994 1628 αὐτοὺς
1017 1563 1174 1635 ἥκειν
1198 1565 1247 1616 οἰ
1267 1562 1674 1634 ἁμαρτάνοντες
1698 1572 1747 1626 ι,

115 1658 185 1709 καὶ
209 1657 370 1712 ἀλλων
405 1654 546 1711 ἄλλα
576 1655 712 1729 πρὸς
736 1654 1000 1727 ἀλλήλους
1037 1651 1461 1722 διαλεγομένων,
1492 1653 1542 1705 οἰ
1571 1667 1749 1704 συνει-

113 1746 232 1809 δότες
256 1746 464 1810 ἑαυτοῖς
504 1744 802 1817 ἁμαρτίαν,
838 1742 968 1816 περὶ
1011 1739 1192 1795 αὐτῶν
1224 1740 1466 1806 ἐκείνους
1510 1739 1752 1811 διαλέγε-

116 1835 213 1888 σθαι
242 1833 533 1904 νομίζουσι.

168 1921 223 1991 β’.
241 1921 485 1977 Τοιοῦτον
519 1922 630 1996 γὰρ
652 1924 686 1995 ἡ
712 1922 974 1996 ἁμαρτία·
998 1925 1210 1991 οὐδενὸς
1227 1925 1539 1997 ἐλέγχοντος
1560 1922 1748 1994 προδί-

115 2009 261 2074 δωσιν,
292 2010 502 2075 οὐδενὸς
524 2012 963 2083 κατηγοροῦντος
987 2013 1361 2079 καταδικάζει,
1392 2013 1487 2067 καὶ
1510 2010 1747 2083 ψοφοδεῆ

115 2101 230 2150 me!
242 2099 328 2153 καί
350 2098 523 2152 δειλὸν
537 2098 631 2154 τὸν
646 2100 1001 2172 ἡμαρτηκότα
1017 2118 1031 2131 ·
1053 2100 1244 2175 ῶσπερ
1265 2097 1359 2156 οὖν
1378 2102 1413 2173 ἡ
1435 2098 1749 2169 δικαιοσύνη

115 2187 162 2240 :6
187 2187 422 2243 ἐναντίον.
453 2187 725 2242 Ἄκουσον
747 2188 877 2258 γοῦν
904 2189 1024 2254 πῶς
1050 2192 1146 2244 καὶ
1173 2190 1365 2244 τούτου
1396 2190 1495 2262 τὴν
1523 2187 1747 2253 δειλίαν,

116 2274 323 2328 κάκείνου
340 2275 439 2347 τήν
479 2275 795 2349 παρρησίαν
827 2276 1144 2348 ὑπέγραψεν
1169 2278 1203 2349 ἡ
1235 2278 1424 2350 Γραφή
1443 2295 1457 2309 ·
1484 2276 1691 2345 Φεύγει
1716 2277 1750 2330 ό

114 2360 318 2430 ἀσεϐὴς,
336 2360 520 2434 φησὶν,
538 2363 788 2432 οὐδενὸς
800 2365 1141 2434 διώκοντος.
1161 2366 1286 2431 Πῶς
1303 2365 1513 2430 οὐδενὸς
1528 2364 1752 2418 διώκον-

114 2466 185 2514 τος
197 2450 367 2521 φεύγει
382 2468 397 2518 ;
415 2454 608 2507 Ἐνδον
623 2453 736 2525 ἔχει
752 2453 779 2493 δ
799 2454 889 2508 τὸν
905 2454 1217 2521 ἐλαύνοντα,
1231 2454 1325 2508 τὸν
1340 2452 1435 2508 τοῦ
1449 2452 1749 2517 συνειδότος

115 2540 396 2612 κατήγορον,
414 2542 511 2596 καί⁵
531 2542 721 2596 τοῦτον
751 2544 1027 2614 πανταχοῦ
1043 2544 1362 2616 περιφέρει·
1386 2543 1479 2597 καὶ¹
1498 2540 1749 2613 καθάπερ

116 2625 270 2679 ἑαυτὸν
291 2628 385 2682 οὐκ
416 2628 484 2683 ἂν
511 2628 771 2701 δυνηθείη
796 2630 1042 2701 φεύγειν,
1073 2630 1248 2697 οὕτως
1281 2630 1404 2685 οὐδὲ
1423 2629 1514 2684 τὸν
1538 2628 1750 2683 ἔνδοθεν

116 2713 245 2767 αὐτὸν
282 2714 594 2782 ἐλαύνοντα,
636 2717 753 2773 ἀλλ’
790 2719 1037 2791 ὅπουπερ
1075 2719 1143 2779 ἀν
1194 2719 1383 2791 ἀπῄει,
1429 2717 1750 2791 μαστίζεται

118 2799 207 2875 [95]
236 2805 321 2859 καὶ
336 2804 560 2878 τραῦμα
587 2805 806 2862 ἀνίατον
836 2806 949 2878 ἔχει
970 2823 984 2839 ·
1011 2807 1128 2862 ἀλλ’
1156 2807 1255 2879 οὐχ
1283 2808 1313 2860 6
1344 2807 1549 2872 δίκαιος
1572 2804 1749 2861 τοιοῦ-

115 2904 201 2955 τος.
235 2890 341 2946 ἀλλ’
384 2895 591 2961 ὁποῖος,
640 2894 807 2951 άκουε
828 2912 843 2928 ·
884 2898 1121 2964 Δίκαιος
1150 2898 1234 2964 ὡς
1275 2896 1433 2953 λέων
1479 2897 1747 2953 πέποιθε.

117 2976 332 3047 Τοιοῦτος
350 2975 416 3055 ἦν
436 2984 465 3038 ὀ
507 2983 700 3048 Ἠλίας
720 3001 735 3016 ·
763 2979 871 3039 εἶδε
896 2985 1028 3055 γοῦν
1054 2986 1147 3040 τὸν
1177 2986 1402 3057 βασιλέα
1429 2985 1568 3058 πρὸς
1589 2986 1751 3040 αὐτὸν

116 3064 388 3139 ἐρχόμενον,
417 3071 514 3127 καὶ
551 3073 795 3138 εἰπόντος
834 3074 1067 3138 ἐκείνου,
1110 3075 1234 3130 Ἵνα
1270 3075 1330 3129 τι
1372 3074 1751 3145 διαστρέφεις

117 3154 199 3206 τὸν
236 3156 505 3226 Ἰσραήλ;
558 3162 681 3215 οὐκ
706 3160 823 3232 ἐγὼ
850 3160 1208 3231 διαστρέψω,
1252 3160 1440 3232 φησὶν,
1474 3162 1638 3217 ἀλλὰ
1668 3161 1750 3216 σὺ

118 3242 196 3295 καί
229 3246 260 3299 ό
284 3243 438 3315 οἶκος
458 3247 573 3304 τοῦ
592 3249 818 3317 πατρός
841 3263 978 3304 σου.
1021 3249 1260 3322 Ἀληθῶς
1291 3250 1496 3315 δίκαιος
1519 3250 1594 3314 ώς
1615 3249 1751 3304 λέων

123 3329 330 3388 πέποιθε.
346 3336 615 3409 Καθάπερ
631 3337 740 3410 γάρ
761 3328 898 3392 λέων
914 3337 1152 3393 κυνιδίου
1179 3338 1323 3403 τινὸς
1339 3337 1590 3402 εὐτελοῦς
1618 3355 1752 3393 κατ-

124 3417 341 3492 εξανέστη
377 3422 471 3477 τοῦ
519 3423 787 3495 βασιλέως
808 3441 823 3456 ·
867 3424 1045 3480 καίτοι
1082 3426 1390 3498 πορφυρίδα
1427 3421 1572 3497 εῖχεν
1603 3428 1752 3480 ἐκεῖ·

125 3520 212 3569 vos
238 3508 336 3562 ἀλλ’
371 3506 482 3583 εἶχε
520 3512 778 3586 μηλωτήν
818 3507 995 3580 οὗτος,
1026 3514 1241 3587 ἰμάτιον
1281 3513 1384 3586 τῆς
1420 3514 1754 3589 πορφυρίδος

126 3590 299 3666 ἐκείνης
324 3600 665 3672 σεμνότερον.

189 3681 242 3734 Ἡ
276 3683 363 3754 μὲν
398 3687 505 3759 γὰρ
538 3689 815 3761 πορφυρὶς
845 3688 1028 3763 ἐκείνη
1052 3690 1143 3746 τὸν
1172 3690 1334 3762 λιμὸν
1364 3691 1520 3745 ἔτεκε
1546 3691 1639 3745 τὸν
1660 3707 1755 3762 χα-

124 3765 273 3836 λεπὸν,
307 3774 339 3845 ἡ
385 3775 610 3849 μηλωτὴ
644 3775 702 3830 δέ
747 3776 886 3849 αὕτη
930 3777 1002 3832 τὰ
1039 3778 1190 3833 δεινά
1227 3779 1455 3833 ἔλυσεν·
1484 3778 1623 3850 αῦτη
1661 3778 1755 3832 τὸν

134 3852 361 3931 Ἰορδάνην
389 3861 627 3933 ἔσχισεν,
667 3864 806 3936 αὐτη
840 3865 935 3919 τὸν
975 3866 1274 3920 Ἐλισσαῖον
1310 3865 1533 3921 διπλοῦν
1566 3866 1753 3920 Ἠλίαν

127 3941 358 4035 ἐποίησεν.
391 3952 453 4035 ’ςο
474 3953 619 4023 πόση
647 3952 756 4007 τῶν
785 3953 956 4024 ἁγίων
988 3956 1021 4026 ή
1047 3956 1215 4026 ἀρετή
1241 3956 1254 4009 ἰ
1280 3955 1402 4026 οὐχὶ
1430 3954 1502 4008 τά
1536 3955 1755 4027 ῥήματα

129 4031 271 4088 αὐτῶν
294 4031 438 4107 μόνα,
477 4040 604 4095 οὐδὲ
632 4041 701 4095 τά
733 4041 982 4113 σώματα,
1014 4042 1150 4096 ἀλλά
1176 4042 1272 4096 καὶ
1303 4042 1442 4095 αὐτά
1466 4042 1537 4096 τά
1562 4040 1754 4113 ἱμάτια

129 4120 179 4187 τῇ
204 4124 353 4178 κτίσει
373 4127 521 4201 πάσῃ
548 4128 780 4183 πάντοτέ
810 4131 958 4184 ἐστιν
985 4130 1259 4201 αἰδέσιμα.
1299 4129 1364 4183 Ἤ
1391 4129 1613 4201 μηλωτὴ
1639 4129 1754 4184 τού·

130 4219 200 4289 του
222 4209 300 4264 τὸν
332 4214 600 4289 Ἰορδάνην
625 4216 826 4289 ἔσχισε,
858 4217 930 4272 τὰ
952 4218 1279 4289 ὑποδήματα
1298 4217 1407 4271 τῶν
1432 4215 1599 4288 τριῶν
1628 4217 1756 4271 παί-

131 4288 212 4345 δων
232 4296 282 4350 τὸ
304 4300 406 4372 πῦρ
432 4288 843 4376 κατεπάτησαν,
869 4304 934 4358 τὸ
973 4305 1129 4372 ξύλον
1156 4316 1179 4346 ο
1210 4304 1306 4359 τοῦ
1347 4304 1651 4358 Ἐλισσαίου
1688 4303 1758 4360 τὰ

134 4375 265 4435 ὕδατα
292 4388 566 4457 μετέϐαλε,
602 4392 696 4446 καὶ
724 4392 961 4464 σιδήριον
1000 4394 1141 4464 ὑπὲρ
1177 4392 1275 4464 τὴν
1305 4392 1628 4463 ἐπιφάνειαν
1658 4391 1755 4463 βα-

135 4468 309 4553 ῗτνάζειν
351 4478 639 4549 ἐποίησεν·
675 4480 710 4551 ή
771 4479 966 4552 ῥάϐδος
1014 4482 1301 4545 Μωῦσέως
1348 4480 1447 4552 τὴν
1486 4479 1757 4553 Ἐρυθρὰν

136 4550 280 4627 ἔσχισε
305 4561 593 4633 θάλασσαν,
622 4550 721 4638 τὴν
744 4550 951 4642 πέτραν
973 4568 1190 4640 ἔρρηξε,
1220 4568 1288 4622 τά
1316 4550 1509 4641 ἰμάτια
1539 4550 1756 4622 Παύλου

137 4647 370 4717 νοσήματα
394 4653 617 4725 ῆλασεν,
648 4657 683 4727 ἡ
713 4657 844 4711 σκιά
863 4655 1072 4726 Πέτρου
1096 4656 1327 4712 θάνατον
1363 4657 1754 4727 ἐφυγάδευσεν.

197 4731 253 4787 Ἡ
274 4736 434 4810 τέφρα
466 4741 576 4797 τῶν
615 4742 786 4812 ἁγίων
816 4742 1112 4815 μαρτύρων
1159 4745 1431 4817 πονηροὺς
1462 4743 1758 4799 ἀπελαύνει

138 4815 370 4890 δαίμονας.
414 4827 513 4883 Διά
543 4828 701 4885 τοῦτο
735 4833 852 4901 μετ’
883 4830 1133 4896 ἐξουσίας
1177 4815 1398 4886 ἅπαντα
1435 4831 1757 4902 πράττουσι,

140 4908 347 4992 καθάπερ
372 4916 463 4971 καί
491 4919 522 4971 6
566 4917 779 4983 Ἠλίας·
804 4919 867 4973 οὐ
890 4918 1000 4991 γάρ
1028 4918 1094 4991 δὴ
1124 4918 1273 4992 έώρα
1300 4920 1365 4974 τὸ
1391 4920 1631 4991 διάδημα
1664 4921 1761 4974 καὶ

140 4991 216 5064 τὴν
238 4995 414 5063 ἔἕωθεν
443 5005 745 5075 φαντασίαν
771 5005 866 5060 τοῦ
902 5007 1188 5078 βασιλέως,
1208 4991 1331 5061 ἀλλ’
1358 5006 1507 5081 ἐώρα
1545 5005 1644 5079 τὴν
1665 5006 1763 5077 ψυ-

142 5081 220 5151 χὴν
252 5088 403 5156 ῥάκια
439 5093 932 5167 περιϐεϐλημένην,
977 5095 1299 5167 αὐχμῶσαν,
1348 5095 1627 5166 ρυπῶσαν,
1665 5095 1761 5151 καὶ

144 5172 388 5231 καταδίκου
434 5180 632 5244 παντὸς
673 5181 1000 5255 ἀθλιώτερον
1046 5183 1432 5255 διακειμένην·
1488 5183 1581 5236 καὶ
1638 5182 1762 5237 ἰδὼν

146 5255 272 5313 αὐτὴν
292 5265 620 5335 αἰχμάλωτον
642 5271 736 5323 καὶ
757 5269 943 5325 δοῦλον
967 5271 1095 5325 ὄντα
1121 5271 1232 5324 τῶν
1260 5269 1472 5339 παθῶν,
1497 5256 1773 5342 κατεφρόέ

146 5357 274 5431 γησεν
302 5352 455 5408 αὐτοῦ
476 5347 573 5428 τῆς
599 5358 793 5430 ἀρχῆς.
831 5358 1101 5431 Καθάπερ
1131 5358 1242 5430 γὰρ
1274 5358 1367 5412 ἐπὶ
1394 5359 1497 5429 τῆς
1528 5359 1761 5429 σκηνῆς.

149 5429 237 5485 ἀλλ’
258 5437 349 5493 οὐκ
386 5443 475 5497 ιπι
501 5444 599 5516 τῆς
637 5429 897 5516 ἀληθείας
937 5429 1116 5501 ἐδόκει
1146 5429 1373 5519 βασιλέα
1428 5446 1668 5518 βλέπειν.
1697 5447 1764 5500 Τί

195 5635 220 5735 ἰ
238 5638 689 5735 ἑξξὶεὶιεσξιξάῖῖξς-

191 5702 226 5783 εἶ
239 5702 542 5783 ἑ¹ἓίιι¹οιζεηὲες
567 5702 756 5783 Ma;
776 5717 937 5783 ἐπειδή
962 5716 1143 5783 ἔνδοθεν
1162 5716 1278 5783 εχειἒ
1302 5714 1433 5783 [ατη
1453 5712 1601 5783 Savjl.
1625 5715 1765 5783 ᾳυγη.

199 5771 1762 5897 ξ’εει-γι·ιξ.ι;εξιὲιξιξ·.έξηξξιίιιειὲι¹ίίτξιπεῖςνιξῖοιιισάτξιῐ

167 5879 187 5903 ν.
243 5853 314 5900 τηε
334 5853 471 5884 Dav".
501 5853 553 5885 ει
573 5853 747 5888 omnes
772 5853 902 5901 pene
931 5854 1044 5889 mss.
1079 5853 1250 5890 ωσι-ει.
1277 5853 1339 5889 τα
1362 5853 1489 5897 ξύλα.
1528 5853 1652 5889 ima.
1677 5853 1766 5889 3a-

762 5902 934 5951 Μαι-ει.
961 5903 1078 5971 ὐπὶρ
1098 5905 1183 5966 τὴν
1207 5903 1493 5971 ἐπιφάνειαν.
1522 5901 1647 5952 Infra
1669 5902 1765 5952 duo

237 5987 246 5995 .
520 5976 580 5995 νη
639 5980 796 5995 unum“:
834 5978 961 5995 "Arna-

237 5987 246 5997 .
268 5958 396 6011 ἁγίων
419 5958 494 6006 καὶ
520 5958 796 6011 καλλινίκων
834 5978 974 6028 μαρτ.

3435 306 3537 364 100

1864 417 1974 488 γὰρ
2003 418 2194 488 ὄφελος
2215 418 2314 489 τῆς
2345 418 2545 487 ἔξωθεν
2572 418 2835 491 εὐπορίας
2856 415 2908 485 δ,
2939 419 3068 474 ὅταν
3094 419 3243 475 ἔνδον
3268 420 3433 475 πενία
3451 438 3524 475 το

1863 505 2036 576 σαύτη
2073 502 2143 580 ᾖς
2174 506 2229 560 τί
2263 507 2319 560 δὲ
2353 506 2548 578 βλάϐος
2587 507 2687 577 τῆς
2731 506 2932 574 ἔξωθεν
2970 506 3181 575 πενίας,
3216 508 3345 563 ὅταν
3388 507 3535 564 ἔνδον

1860 593 2115 658 τοσοῦτος
2159 595 2465 666 ἀποκέηται
2503 595 2768 662 πλοῦτος;
2806 595 3060 660 Τοιοῦτος
3085 591 3153 669 ἦν
3198 596 3333 650 λέων
3376 598 3471 652 καὶ
3507 599 3536 652 6

1864 681 2133 754 μακάριος
2161 682 2371 747 Παῦλος
2397 700 2411 714 ·
2444 681 2698 737 εἰσελθὼν
2720 683 2829 755 γὰρ
2853 684 2934 746 εἰς
2956 682 3018 737 τὸ
3044 683 3419 758 δεσμωτήριον
3440 687 3535 741 καὶ

1862 768 2064 842 βοήσας
2094 771 2276 842 μόνον,
2306 771 2377 827 τά
2409 770 2633 842 θεμέλια
2669 771 2847 825 πάντα
2879 769 3076 837 ἔσεισε,
3105 770 3175 826 τά
3200 772 3375 844 δεσμὰ
3402 791 3536 829 κατ-

1858 856 2081 928 έφαγεν,
2116 858 2217 913 οὐκ
2252 858 2432 913 ὀδοῦσι
2463 858 2830 931 χρησάμενος,
2863 857 3000 912 ἀλλά
3060 860 3270 931 ῥήμασι
3291 877 3307 891 ·
3345 860 3536 930 διόπερ

1860 947 1982 1018 οὐχί
2020 947 2239 1013 λέοντας
2275 948 2473 1013 αὐτοὺς
2507 949 2687 1020 μόνον,
2736 946 2872 1001 ἀλλά
2922 949 3016 1001 καὶ
3050 948 3240 1021 ἔτερόν
3271 966 3325 1004 τι
3372 950 3536 1004 πλέον

1859 1033 2090 1090 λεόντων
2127 1036 2233 1109 χρὴ
2276 1037 2483 1091 καλεῖν.
2532 1036 2591 1089 '0
2629 1034 2729 1107 μὲν
2759 1035 2867 1108 γὰρ
2903 1034 3041 1090 λέων
3075 1038 3155 1100 εἰς
3184 1037 3375 1091 δίκτυα
3406 1038 3537 1093 πολ-

1858 1121 2016 1187 λάκις
2053 1122 2309 1194 ἐμπεσὼν
2362 1122 2675 1177 ἁλίσκεται·
2712 1124 2761 1176 οἱ
2808 1122 2865 1176 δὲ
2915 1122 3061 1189 ἀγιοι
3103 1123 3369 1190 δεθέντες,
3413 1127 3535 1179 τότε

1862 1212 2199 1282 ἰσχυρότεροι
2222 1211 2495 1280 γίνονται·
2521 1210 2774 1280 καθάπερ
2798 1210 2892 1265 καὶ
2919 1213 2948 1265 ό
2974 1211 3241 1285 μακάριος
3265 1205 3420 1275 οὗτος
3442 1213 3535 1267 ἐπὶ

1858 1298 1954 1352 τοῦ
1992 1299 2369 1370 δεσμωτηρίου
2411 1298 2539 1352 τότε
2575 1299 2819 1369 ἐποίησε,
2858 1300 2984 1363 τούς
3021 1299 3304 1368 δεσμώτας
3344 1301 3531 1366 λύσας,

1858 1388 1986 1451 τούς
2009 1387 2224 1457 τοίχους
2250 1385 2537 1451 σολεύσας,
2570 1385 2662 1441 τὸν
2693 1385 3082 1456 δεσμοφύλακα
3104 1389 3296 1459 δήσας.
3328 1390 3423 1444 καὶ
3458 1389 3538 1460 τῷ

1857 1478 1958 1547 τῆς
1986 1474 2268 1539 εὐσεϐείας
2303 1475 2709 1546 χειρωσάμενος
2747 1474 2912 1546 λόγῳ.
2950 1474 3010 1529 '0
3045 1474 3181 1530 λέων
3215 1475 3534 1546 φθέγγεται,

1858 1562 1954 1614 καὶ
1979 1561 2048 1614 τὰ
2077 1559 2241 1632 θηρία
2270 1560 2565 1631 φυγαδεύει
2596 1562 2775 1615 πάντα
2794 1577 2807 1590 ·
2835 1563 2863 1614 6
2904 1560 3061 1630 ἅγιος
3090 1562 3405 1633 φθέγγεται,
3443 1564 3539 1616 καὶ

1856 1651 1984 1713 τοὺς
2017 1648 2279 1720 δαίμονας
2321 1647 2616 1704 ἀπελαύνει
2668 1649 2963 1703 πάντοθεν·
2996 1649 3138 1704 ὅπλα
3180 1648 3275 1704 τοῦ
3322 1650 3539 1715 λέοντος

1858 1738 2004 1810 κόμη
2037 1739 2261 1810 τριχῶν,
2307 1737 2514 1810 ὀνύχων
2559 1738 2733 1810 ἀκμὴ,
2769 1738 2864 1791 καλ⁸
2907 1737 3125 1802 ὀδόντες
3177 1738 3536 1811 ἡκονημένοι·

1859 1826 2000 1882 ὅπλα
2035 1827 2243 1882 δικαίου
2276 1826 2583 1898 φιλοσοφία,
2623 1826 2911 1900 καρτερία,
2963 1825 3232 1899 ὑπομονὴ,
3268 1827 3539 1900 ὑπεροψία

1856 1916 1965 1969 τῶν
1995 1917 2278 1989 παρόντων
2321 1917 2599 1971 ἁπάντων.
2627 1915 2813 1970 Ταῦτα
2844 1914 2913 1969 τὰ
2952 1913 3092 1968 ὅπλα
3124 1932 3209 1978 τις
3250 1914 3408 1985 ἔχων,
3436 1916 3539 1969 οὐκ

1858 2003 2160 2076 ἀνθρώπων
2192 2004 2353 2075 μόνον
2387 2002 2659 2076 πονηρῶν,
2685 2003 2820 2058 ἀλλά
2844 2001 2939 2056 καὶ
2960 2001 3140 2055 αὐτῶν
3167 2000 3538 2070 καταγελάσε-

1855 2108 1947 2146 ται
1985 2091 2094 2145 τῶν
2127 2091 2516 2162 ἀντικειμένων
2555 2090 2855 2162 δυνάμεων.
2884 2087 3175 2161 Φρόντισον
3219 2089 3397 2142 τοίνυν
3437 2089 3538 2159 τῆς

1858 2180 2000 2235 κατά
2031 2180 2164 2234 Θεὸν
2214 2180 2381 2252 ζωῆς,
2425 2180 2701 2254 ἄνθρωπε,
2731 2179 2825 2232 καί
2856 2179 3031 2242 οὐδεὶς
3076 2176 3392 2249 περιέσεται
3438 2175 3536 2229 σοῦ

1859 2286 2013 2333 ποτε,
2047 2268 2184 2324 ἀλλά
2210 2267 2312 2322 κᾶν
2344 2268 2600 2322 ἁπάντων
2622 2266 3002 2338 εὐτελέστερος
3032 2260 3173 2319 εἶναι
3197 2265 3381 2335 δοκῇς,
3409 2264 3537 2317 πάν-

1857 2375 1966 2413 των
1997 2355 2366 2430 δυνατώτερος
2417 2357 2551 2429 ἔσῃ·
2600 2355 2793 2427 ὥσπερ
2837 2353 2903 2408 ἀν
2934 2353 3217 2427 ἀμελήσῃς
3254 2352 3350 2422 τῆς
3391 2351 3535 2405 κατά

1856 2445 2036 2517 ψυχὴν
2071 2445 2297 2517 ἀρετῆς,
2344 2444 2448 2499 κᾶν
2480 2444 2734 2498 ἀπάντων
2762 2442 3131 2515 δυνατώτερος
3157 2438 3247 2513 ᾗς,
3275 2440 3536 2512 εὐχείρω-

1857 2551 1948 2599 τος
1970 2534 2070 2608 ἔσῃ
2092 2537 2205 2598 τοῖς
2230 2532 2670 2587 ἐπιϐουλεύουσιν
2698 2531 2885 2586 ἅπασι.
2918 2529 3032 2603 [94]
3056 2530 3165 2585 Καὶ
3186 2528 3343 2584 τοῦτο
3366 2528 3534 2594 ἔδειξε

1862 2622 1962 2694 μὲν
2009 2621 2081 2676 τὰ
2126 2622 2392 2694 εἰρημένα
2443 2620 2893 2694 παραδείγματα·
2926 2621 2974 2673 εἰ
3018 2619 3075 2672 δὲ
3113 2617 3293 2690 βούλει
3330 2617 3426 2672 καὶ
3466 2616 3532 2670 δι’

1857 2709 2035 2782 ἔργων
2062 2726 2123 2763 σε
2153 2708 2363 2775 διδάξαι
2402 2710 2735 2781 πειράσομαι
2766 2707 2873 2762 τῶν
2901 2707 3124 2761 δικαίων
3154 2706 3216 2760 τὸ
3249 2703 3536 2773 ἀκαταγώ-

1858 2815 2036 2855 νιστον
2052 2796 2145 2851 καὶ
2170 2797 2279 2851 τῶν
2303 2795 2644 2870 ἁμαρτωλῶν
2668 2794 2730 2848 τὸ
2749 2794 3096 2866 εὐχείρωτον.
3118 2793 3382 2847 Ἄκουσον
3402 2789 3536 2861 γοῦν

1859 2887 1978 2951 πῶς
2005 2885 2291 2958 ἀμφότερα
2318 2884 2493 2940 ταῦτα
2521 2887 2549 2939 6
2572 2884 2859 2955 προφήτης
2892 2881 3114 2955 ᾐνίξατο
3136 2899 3149 2913 ·
3193 2882 3317 2951 Οὐχ
3345 2880 3534 2946 οὕτως

1858 2977 1912 3029 οἱ
1940 2973 2198 3041 ἀσεϐεῖς,
2227 2973 2341 3041 οὐχ
2371 2972 2545 3035 οὕτω,
2581 2971 2765 3042 φησὶν,
2809 2970 2949 3024 ἀλλ’
2982 2968 3021 3039 ἢ
3054 2968 3197 3027 ώσεί
3226 2967 3434 3038 χνοῦς,
3462 2966 3538 3021 ὃν

1857 3061 2123 3130 ἐκρίπτει
2155 3064 2187 3116 ό
2212 3059 2433 3125 ἄνεμος
2461 3058 2580 3113 ἀπὸ
2610 3055 2934 3126 προσώπου
2964 3053 3076 3125 τῆς
3101 3053 3233 3125 γῆς.
3266 3055 3534 3129 Καθάπερ

1857 3149 1968 3219 γὰρ
1997 3150 2204 3211 ἐκεῖνος
2225 3149 2343 3210 ταῖς
2365 3144 2473 3198 τῶν
2497 3145 2713 3214 ἀνέμων
2744 3143 3002 3214 ἐμϐολαῖς
3029 3143 3312 3213 πρόκειται
3337 3142 3534 3214 ῥᾳδίως

1858 3233 2373 3307 ἀναῤῥιπιζόμενος,
2401 3230 2545 3286 οὕτω
2580 3230 2644 3302 δὴ
2674 3232 2767 3284 καὶ
2793 3231 2823 3283 6
2851 3228 3175 3301 ἁμαρτωλὸς
3200 3228 3304 3282 ὐπὸ
3332 3228 3533 3292 παντὸς

1860 3320 2171 3394 πειρασμοῦ
2209 3319 2612 3393 περιτρέπεται.
2650 3318 2820 3372 Ὅταν
2852 3316 2961 3389 γὰρ
3006 3316 3170 3381 αὐτὸς
3219 3315 3395 3388 ἐαυτῷ
3436 3335 3536 3371 πο·

1859 3411 2022 3483 λεμῇ,
2056 3411 2151 3465 καὶ
2178 3411 2277 3482 τὴν
2324 3409 2502 3481 μάχην
2550 3406 2828 3479 πανταχοῦ
2870 3405 3161 3481 περιφέρῃ,
3208 3405 3335 3459 ποία
3385 3405 3536 3478 αὐτῷ

1863 3499 2136 3571 σωτηρίας
2159 3496 2311 3561 ἐλπὶς
2337 3496 2549 3551 οἴκοθεν
2575 3495 2970 3568 προδεδομένῳ,
2994 3493 3089 3548 καὶ
3117 3494 3339 3567 διηνεκῆ
3375 3494 3536 3549 πολέ-

1864 3605 1985 3659 μιον
2018 3588 2335 3660 περιάγοντι
2358 3585 2421 3641 τδ
2453 3586 2726 3651 συνειδός;
2769 3585 2909 3639 Ἀλλ’
2946 3586 3046 3656 οὐχ
3078 3587 3107 3639 6
3131 3585 3335 3650 δίκαιος
3361 3583 3538 3639 τοιοῦ-

1859 3693 1972 3740 τος,
2012 3675 2149 3730 ἀλλά
2177 3675 2453 3740 ποταπός;
2496 3676 2762 3728 ιἈκουσον
2796 3673 2889 3728 τοῦ
2923 3672 3090 3729 αὐτοῦ
3131 3676 3413 3745 προφήτου
3446 3672 3528 3726 λέ-

1860 3780 2049 3832 γοντος
2073 3782 2086 3794 ·
2115 3766 2180 3817 Οἱ
2227 3762 2574 3829 πεποιθότες
2604 3761 2704 3816 ἐπὶ
2746 3763 2970 3831 Κύριον
2995 3762 3077 3829 ὡς
3104 3761 3241 3830 ὄρος
3266 3759 3435 3815 Σιών.
3470 3759 3537 3813 Τί

1862 3851 1980 3904 ποτ’
2010 3844 2103 3904 οὖν
2138 3851 2305 3913 ἐστιν,
2353 3849 2452 3914 Ὠς
2485 3848 2621 3915 ὄρος
2651 3847 2839 3914 Σιών;
2870 3852 2953 3903 Οὐ
2977 3846 3420 3914 σαλευθήσεται
3449 3849 3538 3915 εἰς

1861 3937 1970 3991 τὸν
1994 3934 2200 4000 αἰῶνα,
2234 3934 2387 4006 φησί.
2416 3934 2527 3988 Καὶ
2550 3934 2659 4006 γάρ
2683 3936 2785 3989 ὅσα
2816 3935 2884 3989 ἂν
2909 3933 3280 4005 προσενέγκῃς
3307 3944 3331 3972 θ
3359 3951 3539 4004 μηχα-

1861 4025 2098 4097 νήματα,
2125 4023 2226 4077 ὅσα
2262 4021 2327 4076 ἂν
2350 4022 2639 4095 ἀκοντίσῃς
2680 4021 2832 4093 βέλη,
2856 4021 2979 4093 ὅρος
3008 4019 3381 4091 καταστρέψαι
3416 4019 3540 4093 βου-

1861 4111 2109 4183 λόμενος,
2143 4109 2354 4164 ἐκείνου
2400 4110 2499 4181 μὲν
2532 4110 2787 4163 οὐδέποτε
2823 4108 3054 4182 περιέσῃ
3078 4108 3217 4181 (πῶς
3253 4108 3362 4180 γάρ
3377 4109 3417 4179 .;}
3430 4149 3444 4175 ,
3465 4111 3536 4163 τά

1863 4200 1919 4254 δὲ
1952 4199 2323 4272 μηχανήματα
2349 4196 2622 4262 διαλύσεις
2652 4197 2888 4263 ἅπαντα,
2918 4198 3012 4251 καὶ
3040 4196 3140 4268 τὴν
3172 4196 3403 4250 σεαυτοῦ
3432 4214 3534 4251 κα-

1861 4287 2115 4353 ταλύσεις
2158 4285 2331 4358 ἰσχύν.
2363 4285 2615 4349 Τοιοῦτός
2656 4285 2773 4338 ἐστι
2811 4284 2907 4337 καὶ
2952 4286 2981 4338 6
3026 4284 3272 4349 δίκαιος·
3304 4286 3435 4349 ὅσας
3470 4283 3541 4338 ἀν

1863 4375 2083 4448 δέξηται
2105 4373 2339 4446 πληγὰς,
2355 4373 2517 4436 αὐτὸς
2540 4372 2637 4443 μὲν
2653 4371 2803 4426 οὐδὲν
2820 4371 2989 4426 ἔπαθε
3011 4371 3327 4437 δεινὸν,τῶν
3348 4372 3406 4426 δέ
3426 4375 3542 4426 ἐπι-

1865 4463 2229 4517 ϐουλευόντων
2270 4460 2530 4515 καταλύει
2569 4459 2669 4531 τὴν
2709 4459 2959 4531 δύναμιν,
2991 4459 3092 4513 οὐκ
3143 4458 3450 4533 ἀνθρώπων
3481 4459 3540 4514 δὲ

1869 4553 2048 4622 μόνον,
2082 4549 2220 4604 άλλά
2252 4549 2347 4603 καὶ
2381 4548 2650 4619 δαιμόνων
2683 4547 2882 4601 αὐτῶν.
2923 4548 3204 4610 Ἤκουσας
3242 4545 3376 4616 γοῦν
3408 4546 3540 4600 πολ-

1865 4640 2022 4705 λάκις
2049 4638 2193 4693 πόσα
2224 4638 2547 4711 προσήγαγε
2574 4637 2942 4708 μηχανήματα
2963 4635 3042 4707 τῷ
3076 4635 3196 4690 Ἰὼϐ
3225 4637 3253 4689 ό
3273 4634 3537 4699 διάϐολος.

1866 4727 1962 4781 καὶ
2016 4727 2077 4780 οὐ
2115 4726 2275 4797 μόνον
2315 4726 2375 4779 οὐ
2414 4725 2730 4778 κατέσεισεν
2780 4726 2956 4777 ἐκεῖνο
2987 4724 3047 4776 τὸ
3084 4723 3229 4795 ὄρος,
3259 4721 3397 4776 ἀλλά
3444 4721 3542 4776 καὶ

1866 4816 2109 4882 ἐκλυθεὶς
2134 4814 2472 4889 ἀνεχώρησε,
2503 4812 2613 4869 τῶν
2637 4812 2805 4884 βελῶν
2835 4811 2999 4866 αὐτοῦ
3028 4809 3540 4876 κατακλασθέντων,

1866 4906 1962 4961 καὶ
2012 4905 2123 4959 τῶν
2169 4902 2576 4977 μηχανημάτων
2622 4899 2929 4971 γενομένων
2967 4900 3256 4971 ἀχρήστων
3297 4898 3405 4953 ἀπὸ
3441 4897 3544 4970 τῆς

1868 4991 2174 5067 προσϐολῆς
2200 4991 2435 5062 ἐκείνης.

1937 5087 2009 5150 γ’.
2034 5080 2221 5134 Ταῦτα
2238 5074 2329 5132 οὖν
2354 5076 2727 5146 ἐπιστάμενοι,
2745 5073 2847 5143 τῆς
2867 5072 3011 5143 ζωῆς
3038 5072 3427 5145 ἐπιμελώμεθα
3444 5073 3545 5146 τῆς

1868 5168 2163 5241 ἡμετέρας,
2212 5166 2308 5219 καὶ
2357 5166 2495 5237 μήτε
2539 5164 2668 5236 περὶ
2721 5163 2982 5235 χρήματα
3035 5161 3432 5235 σπουδάσωμεν
3474 5163 3545 5217 τά

1868 5256 2239 5329 ἀπολλύμενα,
2284 5256 2424 5328 μήτε
2468 5254 2599 5326 περὶ
2643 5251 2799 5317 δόξαν
2844 5250 2945 5323 τὴν
2977 5250 3370 5323 σϐεννυμένην,
3404 5250 3546 5322 μήτε

1870 5348 2002 5418 περὶ
2028 5346 2090 5400 τδ
2114 5345 2275 5417 σῶμα
2293 5345 2356 5398 τὸ
2377 5342 2679 5415 γηράσκον,
2715 5343 2853 5413 μήτε
2875 5342 3005 5413 περὶ
3033 5340 3230 5404 κάλλος
3257 5341 3319 5393 τὸ
3347 5354 3547 5410 μαραι-

1868 5438 2114 5509 νόμενον,
2149 5436 2289 5507 μήτε
2312 5433 2443 5505 περὶ
2462 5432 2677 5505 τρυφὴν
2702 5431 2802 5503 τὴν
2832 5430 3212 5504 διαρῤέουσαν,
3242 5428 3379 5483 ἀλλά
3415 5425 3548 5498 περὶ

1867 5524 2047 5600 ψυχὴν
2076 5524 2294 5582 ἃπασαν
2322 5519 2692 5595 ἀναλώσωμεν
2717 5517 2740 5560 ί
2771 5519 2871 5592 τὴν
2906 5518 3247 5591 ἐπιμέλειαν,
3286 5515 3381 5570 καὶ
3407 5512 3547 5569 ταύ-

1935 5707 1962 5749 εῙ
1986 5710 2069 5761 Sic
2088 5709 2241 5760 Savil.
2265 5713 2316 5758 et
2345 5708 2554 5759 maxima
2574 5718 2689 5768 pars
2702 5715 2826 5768 mss.
2862 5703 3022 5768 rect_e.
3048 5696 3223 5748 Morel.
3247 5693 3553 5768 εὐπρεπείασ.

1938 5773 1961 5801 ⁸
1986 5759 2087 5823 Alii
2104 5759 2432 5836 προσαγάγῃς.
2461 5759 2796 5831 Mox'quldam
2818 5775 2936 5812 mss.
2960 5763 3068 5827 ὀρος
3093 5759 3405 5822 κατασκάψαι
3435 5760 3551 5822 βου⁴¹

1872 5832 2223 5946 λοξεξῗιῗϋωῑ
2242 5895 2430 5957 aliquot
2462 5888 2949 5957 mss._&vu)\(‘0’xugp.ev,
2983 5883 3158 5957 Mprel.
3182 5886 3237 5957 gl
3250 5879 3335 5932 alii
3355 5880 3545 5957 ἀναλώ-

1876 5944 2051 6023 σωμεν.
2080 5944 2204 6008 Infra
2226 5944 2376 6007 Savil.
2404 5956 2483 6003 καὶ
2501 5956 2534 6010 ἡ
2558 5953 2639 6015 μὲν
2668 5947 2756 6000 τοῦ
2779 5944 3002 6015 σώματος
3022 5944 3264 6012 θεραπεία,
3291 5944 3372 5992 καὶ
3395 5957 3544 6008 φαρμ.
