4068 6436
524 345 625 406 ‘IOI

518 475 623 533 την
656 458 819 515 παντὶ
855 457 1277 531 θεραπεύσωμεν
1309 459 1514 532 τρόπῳ.
1566 458 1801 531 Σώματα
1832 460 1931 531 μὲν
1961 461 2067 532 γάρ
2096 461 2186 517 θε-

524 546 793 620 ραπεῦσαι
823 546 1145 619 νενοσηκότα
1173 547 1234 600 ού
1271 547 1433 601 παντὶ
1462 547 1666 619 ῥᾴδιον,
1701 546 1878 618 ψυχὴν
1924 547 1979 601 δὲ
2003 546 2188 620 ἀρρωὲ

524 633 752 688 στοῢσαν
788 634 1034 688 ἰάσασθαι
1064 634 1245 707 ῥᾴδιον
1281 634 1435 687 πᾶσι·
1478 635 1572 688 καὶ
1603 635 1637 706 ή
1668 633 1768 703 μὲν
1802 633 1894 688 τοῦ
1940 633 2190 706 σώματος

522 721 803 793 ἀρρωστία
831 723 924 775 καί¹
955 722 1262 793 φαρμάκων
1291 721 1483 788 δεῖται,
1512 722 1606 775 καὶ
1643 721 1903 793 ἀργυρίου
1936 722 2072 793 πρὸς
2101 722 2186 775 θε-

522 809 771 878 ραπείαν·
804 808 914 880 ήδὲ
935 809 1030 879 τῆς
1054 808 1232 879 ψυχῆς
1261 808 1531 879 θεραπεία
1553 806 1751 872 εύωνος
1777 811 1874 862 καὶ
1895 810 2186 873 ἀδάπανος⁶

520 894 614 949 καὶ
641 895 741 967 τῆς
771 894 870 967 μὲν
901 896 1103 967 σαρκὸς
1136 898 1169 968 ή
1196 895 1355 965 φύσις
1385 897 1522 968 μετά
1547 895 1740 948 πολλοῦ
1764 896 1858 949 τοῦ
1886 896 2049 949 πόνου
2081 896 2191 949 τῶν

519 980 878 1052 ἐνοχλούντων
904 984 1302 1037 ἀπαλλάττεται
1325 982 1675 1054 τραυμάτων·
1703 983 1925 1054 καὶγὰρ
1950 983 2190 1055 σιδήριον

518 1069 817 1138 ἐπαγαγεῖν
837 1072 1132 1139 ἀναγκαῖον
1161 1070 1440 1137 πολλάκις,
1468 1072 1562 1125 καὶ
1583 1071 1755 1143 πικρά
1786 1071 2072 1143 φάρμακα·
2098 1073 2191 1125 ἐπὶ

516 1156 573 1210 δὲ
596 1159 697 1229 τῆς
724 1157 907 1231 ψυχῆς
938 1159 1090 1215 οὐδὲν
1127 1160 1371 1214 τοιοῦτόν
1407 1161 1577 1220 ἐστιν.
1619 1160 1735 1214 ἀλλ’
1773 1162 1934 1233 ἀρκεῖ
1964 1160 2189 1232 θελῆσαι

517 1244 613 1298 καὶ
642 1244 966 1319 βουληθῆναι
989 1248 1168 1320 μόνον,
1192 1249 1284 1302 καὶ
1312 1248 1484 1303 πάντα
1509 1246 1886 1319 κατώρθωται.
1910 1247 2019 1302 Καὶ
2035 1247 2190 1301 τοῦτο

515 1333 615 1402 τῆς
653 1332 747 1386 τοῦ
778 1332 915 1388 Θεοῦ
950 1335 1205 1408 προνοίας
1247 1335 1407 1408 ἔργον
1449 1334 1692 1404 γέγονεν·
1729 1336 1916 1407 ἐπειδὴ
1945 1336 2054 1407 γὰρ
2083 1337 2190 1388 ἀπὸ

519 1419 618 1489 μὲν
652 1423 750 1491 τῆς
787 1421 881 1475 τοῦ
914 1421 1164 1494 σώματος
1192 1421 1503 1494 ἀρρωστίας
1534 1422 1595 1475 o6
1634 1421 1804 1494 πολλὴ
1839 1422 2035 1492 γένοιτ’
2062 1421 2128 1476 ἂν
2154 1424 2188 1494 ἡ

518 1504 688 1578 βλάϐη
719 1507 845 1576 (κᾶν
864 1509 972 1581 γὰρ
1007 1508 1082 1581 μὴ
1110 1511 1446 1581 νοσήσωμεν,
1470 1509 1714 1563 ἐπελθὼν
1742 1509 1770 1561 ὁ
1798 1508 2029 1573 θάνατος
2058 1511 2190 1564 αύτὸ

523 1589 708 1663 ρθερεῖ
742 1594 835 1646 καὶ
868 1594 1159 1648 καταλύσει
1198 1593 1458 1659 πάντως),
1482 1594 1542 1648 τὸ
1567 1595 1624 1648 δὲ
1648 1596 1755 1649 πᾶν
1784 1596 1841 1649 ἐν
1862 1597 1927 1666 τῇ
1956 1596 2055 1665 τῆς
2087 1595 2190 1665 ψυ-

514 1678 614 1748 χῆς
648 1676 829 1750 ἡμῶν
881 1680 1040 1753 ὑγεία
1068 1684 1268 1745 κεῖται,
1303 1681 1397 1735 τοῦ
1431 1681 1613 1752 πολλῷ
1641 1683 2062 1754 χρησιμωτέρου
2093 1684 2189 1737 καὶ

511 1765 935 1839 ἀναγκαιοτέρου
974 1769 1161 1841 ῥᾳδίαν
1199 1769 1422 1840 ἐποίησε
1446 1770 1539 1823 καὶ
1569 1770 1843 1823 ἀδάπανον
1865 1769 1960 1823 καὶ
1982 1768 2187 1824 ἀνώδυ-

512 1869 602 1907 νον
629 1853 726 1926 τὴν
756 1855 1072 1927 θεραπείαν.
1098 1856 1231 1912 Τίνα
1253 1853 1347 1912 οὖν
1371 1854 1566 1927 ἕξομεν
1593 1856 1911 1926 ἀπολογίαν.
1948 1858 2107 1913 ποίαν
2131 1857 2187 1912 δὲ

513 1942 864 2016 συγγνώμην,
892 1947 1020 1999 ὅταν
1047 1944 1301 2017 σώματος
1332 1947 1430 2017 μὲν
1466 1946 1770 2012 νοσοῦντος,
1800 1946 1928 2002 ἔνθα
1962 1948 2057 2002 κα)⁵
2086 1947 2186 2021 ἀρ-

509 2030 699 2104 γύριόν
725 2033 841 2085 ἐστι
876 2034 1226 2099 καταϐαλεῖν,
1258 2036 1355 2088 καὶ
1386 2037 1607 2108 ἰατροὺς
1637 2036 2050 2107 παρακαλέσαι,
2089 2036 2184 2089 καὶ

508 2117 700 2192 ὀδύνην
733 2119 1024 2193 ὑπομεῖναι
1053 2123 1277 2193 πολλὴν,
1301 2122 1569 2195 τοσαύτην
1598 2122 1881 2195 ποιώμεθα
1902 2122 2017 2195 [95]
2052 2123 2185 2195 πρό-

504 2222 674 2273 νοιαν,
703 2208 797 2262 καὶ
816 2208 988 2262 ταῦτα
1001 2210 1061 2262 ού
1080 2211 1280 2281 πολλῆς
1302 2211 1432 2283 ημῖν
1450 2211 1479 2251 δ
1496 2211 1596 2283 τῆς
1614 2210 1816 2283 βλάϐης
1838 2210 1945 2265 ἀπὸ
1962 2211 2061 2282 τῆς
2081 2210 2183 2283 ἀῤ·

505 2295 745 2364 ῥωστίας
780 2296 1074 2369 γινομένης
1116 2298 1349 2369 ἐκείνης·
1398 2299 1577 2370 ψυχῆς
1625 2299 1684 2353 δὲ
1726 2298 2181 2370 καταφρονῶμεν,

505 2384 601 2435 καὶ
628 2383 801 2437 ταῦτα
834 2387 972 2457 μήτε
1007 2384 1272 2458 ἀργύριον
1311 2386 1671 2441 καταϐάλλειν
1707 2385 2013 2457 μέλλοντες,
2046 2386 2184 2457 μήτε

504 2468 725 2542 ἐτέρους
746 2471 1055 2542 διενοχλεῖν,
1084 2474 1221 2544 μήτε
1259 2473 1449 2538 ὀδύνας
1474 2473 1826 2545 ὑφίστασθαι,
1852 2473 1989 2528 ἀλλά
2012 2475 2184 2546 χωρὶς

503 2554 709 2610 τούτων
739 2558 997 2613 ἀπάντων
1019 2559 1108 2613 διὰ
1126 2560 1219 2613 τοῦ
1240 2560 1569 2633 προελέσθαι
1602 2562 1697 2615 καὶ
1725 2559 2053 2632 βουληθῆναι
2082 2561 2180 2633 μό-

503 2660 614 2709 νον,
649 2646 830 2699 πᾶσαν
856 2646 1032 2718 αὐτῆς
1060 2633 1348 2719 δυνάμενοι
1382 2648 1711 2719 ποιήσασθαι
1741 2647 1838 2720 τὴν
1870 2647 2177 2720 διόρθωσιν,

505 2733 599 2786 καὶ
632 2733 875 2803 ἀκριϐῶς
916 2735 1138 2800 εἰδότες,
1168 2736 1244 2801 ὡς
1284 2737 1333 2790 εί
1379 2735 1455 2808 μὴ
1493 2735 1651 2790 τοῦτο
1694 2737 2042 2808 ποιήσαιμεν,
2079 2736 2180 2808 τὴν

502 2822 742 2894 ἐσχάτην
773 2823 1194 2897 ὑποπησόμεθα
1215 2823 1391 2896 δίκην,
1419 2824 1514 2878 καὶ
1540 2824 1637 2889 τάς
1657 2824 2067 2897 ἀπαραιτήτους
2090 2840 2182 2877 κο-

501 2910 689 2977 λάσεις
715 2912 810 2966 καὶ
829 2914 1132 2985 τιμωρίας;
1159 2914 1293 2967 Εἰπὲ
1315 2913 1422 2985 γάρ
1451 2930 1562 2985 μοι,
1591 2913 1646 2967 εἰ
1660 2931 1743 2977 τις
1764 2912 2031 2984 ὑπέσχετο
2054 2928 2182 2967 παι-

500 2998 687 3053 δεῦσαί
717 3018 774 3053 σε
810 3001 1006 3072 τέχνην
1041 2999 1290 3074 ἰατρικὴν
1324 3003 1381 3054 ἐν
1416 3000 1647 3073 βραχείᾳ
1674 2999 1867 3073 καιροῦ
1905 3002 2044 3073 ῥοπῇ
2071 3018 2180 3070 χω-

503 3085 589 3155 ρὶς
611 3086 876 3158 ἀργυρίου
902 3088 995 3141 καὶ
1023 3089 1210 3156 πόνου,
1238 3089 1338 3142 οὐκ
1364 3087 1429 3143 ἂν
1452 3089 1750 3161 εὐεργέτην
1770 3089 2057 3160 ἐνόμισας;
2079 3089 2180 3142 οὐκ

501 3172 570 3227 ἂν
602 3174 871 3243 κατεδέξω
897 3175 990 3229 καὶ
1023 3177 1246 3247 ποιῆσαι
1276 3176 1371 3229 καὶ
1404 3174 1599 3230 παθεῖν
1632 3175 1849 3230 ἀπάντα
1888 3174 2031 3247 άπερ
2060 3173 2179 3228 ἐκέ·

500 3259 691 3315 λευσεν
722 3264 749 3315 δ
781 3261 955 3317 ταῦτα
983 3262 1479 3333 ὲπαγγειλάμενος;
1532 3263 1663 3317 Ἰδοὺ
1690 3263 1785 3317 νῦν
1810 3262 1983 3328 ἔξεστι
2009 3265 2179 3336 χωρὶς

503 3348 678 3402 πόνων
706 3349 829 3420 οὐχὶ
860 3350 1149 3421 σωμάτων,
1185 3350 1322 3405 ἀλλά
1358 3350 1466 3405 τῶν
1503 3351 1605 3422 τῆς
1639 3349 1818 3422 ψυχῆς
1849 3351 2178 3422 τραυμάτων

500 3435 570 3490 τὰ
602 3436 869 3510 φάρμακα
899 3440 1102 3506 εὑρεῖν,
1144 3441 1240 3493 καί
1275 3440 1444 3511 χωρὶς
1474 3438 1668 3509 ὀδύνης
1698 3438 1844 3502 τινὸς
1872 3440 1953 3500 εἰς
1992 3438 2177 3506 ὑγείαν

500 3524 669 3595 αὐτὴν
690 3526 1080 3595 ἐπαναγαγεῖν.
1114 3527 1206 3597 Μὴ
1226 3527 1407 3581 τοίνυν
1431 3526 1743 3598 ἀμελῶμεν.
1769 3527 1904 3581 Ποία
1926 3525 2034 3597 γάρ
2060 3525 2178 3579 ὀδύ-

501 3629 592 3682 νη,
622 3612 744 3666 εἰπέ
779 3630 891 3685 μοι,
918 3614 1086 3688 ὀργὴν
1117 3615 1335 3685 ἀφεῖναι
1359 3615 1438 3686 τῷ
1460 3615 1823 3685 λελυπηκότι;
1862 3614 2051 3686 ὐδύνη
2077 3613 2176 3685 μὲν

499 3696 596 3755 οὖν
621 3701 739 3754 ἐστι
764 3700 826 3754 τὸ
855 3704 1233 3773 μνησικακεῖν,
1272 3698 1365 3756 καὶ
1394 3702 1469 3774 μὴ
1500 3702 1983 3757 καταλλάττεσθαι.
2019 3706 2177 3767 Πιῖος

500 3788 664 3852 πόνος
684 3787 945 3856 εὔξασθαι
969 3791 1061 3843 καί¹
1085 3791 1307 3862 αἰτῆσαι
1343 3790 1514 3863 μυρία
1540 3790 1721 3859 ἀγαθά
1746 3789 1897 3863 παρά
1922 3790 2016 3845 τοῦ
2044 3808 2178 3862 προ-

500 3874 689 3947 θύμως
722 3875 957 3942 διδόντος
980 3877 1145 3944 Θεοῦ;
1171 3880 1323 3942 ποῖος
1343 3878 1506 3942 πόνος
1541 3879 1616 3949 μὴ
1646 3878 1836 3943 κακῶς
1870 3880 2042 3933 εἰπεῖν
2073 3897 2178 3949 μη-

500 3963 655 4032 δένας
688 3964 814 4018 ποία
837 3965 1091 4019 δυσκολία
1109 3965 1486 4038 ἀπαλλαγῆναι
1506 3964 1699 4035 φθόνου
1723 3966 1815 4020 καὶ
1840 3965 2173 4036 βασκανίας;

504 4052 655 4115 ποῖος
689 4051 886 4125 μόχθος
909 4052 1131 4125 ἀγαπᾷν
1161 4053 1252 4106 τὸν
1278 4052 1533 4125 πλησίον;
1568 4053 1696 4106 ποία
1728 4051 2071 4125 ταλαιπωρία
2098 4052 2176 4125 μὴ

501 4138 836 4208 φθέγγεσθαι
882 4142 1084 4213 αἰσχρά
1131 4142 1372 4214 ῥήματα,
1431 4138 1566 4212 μηδὲ
1602 4138 1981 4211 λοιδορεῖσθαι,
2041 4139 2176 4211 μηδέ

499 4226 774 4297 ύϐρίζεινς
799 4230 949 4292 ποῖος
971 4231 1213 4301 κάματος
1245 4229 1319 4300 μὴ
1345 4229 1604 4300 ὀμνύναι;
1631 4228 1793 4282 πάλιν
1818 4227 1929 4299 γάρ
1956 4228 2051 4281 ἐπὶ
2075 4227 2176 4298 τὴν

503 4314 674 4385 αὐτὴν
702 4313 815 4384 ἥξω
846 4316 1183 4387 παραίνεσιν.
1221 4316 1389 4380 Πόνος
1422 4316 1518 4388 μὲν
1549 4311 1643 4369 οὖν
1675 4314 1932 4385 μέγιστος
1959 4314 2017 4368 τὸ
2046 4314 2176 4386 ὀμό-

504 4417 617 4454 σαι·
664 4401 921 4465 πολλάκις
960 4402 1089 4471 γοῦν
1130 4404 1236 4458 ὑπὸ
1275 4403 1450 4476 θυμοῦ
1481 4404 1577 4458 καὶ
1611 4404 1781 4476 ὀργῆς
1821 4403 2174 4474 κατεχόμενοι

503 4487 886 4560 διωμοσάμεθα
912 4490 1045 4561 μηδέ
1053 4507 1180 4544 ποτε
1194 4490 1603 4546 διαλλάττεσθαι
1622 4502 1646 4531 ε
1665 4492 1777 4556 τοῖς
1789 4488 2174 4563 λελυπηκόσιν,

504 4569 623 4628 εἶτα
649 4576 748 4645 τῆς
776 4577 945 4649 ὀργῆς
974 4577 1315 4649 σϐεσθείσης,
1346 4579 1439 4632 καὶ
1464 4579 1558 4633 τοῦ
1593 4579 1766 4650 θυμοῦ
1792 4578 2173 4650 χαλασθέντος,

503 4659 861 4735 βουληθέντες
902 4664 1332 4737 καταλλαγῆναι,
1371 4666 1466 4719 καὶ
1505 4665 1610 4719 ὑπὸ
1638 4666 1740 4736 τῆς
1773 4666 2018 4736 ἀνάγκης
2048 4683 2175 4720 κατ-

500 4750 752 4822 εχόμενοι
781 4752 890 4805 τῶν
912 4752 1113 4822 ὅρκων,
1147 4752 1466 4826 ἠλγήσαμεν
1493 4751 1682 4823 ῶσπερ
1705 4752 1811 4806 τινὶ
1834 4753 2019 4821 παγίδι
2052 4770 2178 4807 κατ-

504 4839 771 4912 εχόμενοι,
794 4841 888 4895 καὶ
914 4841 1133 4912 δεσμοῖς
1156 4840 1371 4904 ἀλύτοις
1394 4838 1785 4912 συνδεδεμένοι.
1824 4841 2001 4912 Ὅπερ
2032 4841 2124 4895 καὶ
2147 4843 2176 4896 ὁ

506 4925 750 4993 διάϐολος
781 4926 957 4993 εἰδὼς,
992 4928 1087 4983 καὶ
1116 4926 1362 4999 ἀκριϐῶς
1389 4929 1751 4998 ἐπιστάμενος
1779 4926 1862 4981 ὅτι
1892 4926 2004 4999 πῦρ
2025 4916 2173 4984 ἐστιν

501 5015 533 5067 ό
559 5013 748 5088 θυμὸς.
784 5017 876 5071 καί
907 5016 1104 5089 ῥᾳδίως
1137 5017 1444 5082 σϐέννυται,
1474 5016 1571 5071 καὶ
1599 5014 1693 5068 τοῦ
1724 5014 1898 5084 θυμοῦ
1925 5015 2178 5070 σϐεσθέν·

507 5112 615 5160 τος,
658 5098 966 5171 καταλλαγὴ
1004 5100 1214 5169 γίνεται
1253 5100 1346 5155 καὶ
1385 5099 1557 5169 φιλία,
1604 5098 1924 5171 βουλόμενος
1960 5100 2023 5154 τὸ
2064 5101 2176 5173 πῦρ

503 5177 661 5232 τοῦτο
697 5179 876 5250 μένειν
909 5181 1191 5247 ἄσϐεστον,
1220 5181 1369 5254 ὅρκῳ
1394 5181 1654 5246 πολλάκις
1676 5183 1824 5253 ἡμᾶς
1854 5182 2171 5253 κατέδησεν,

505 5256 616 5327 ῑνα,
650 5261 809 5332 κᾶνή
838 5261 974 5334 ὀργὴ
1001 5261 1162 5334 λήξῃ,
1193 5266 1227 5335 ή
1252 5265 1465 5336 ἀνάγκη
1488 5263 1578 5318 τοῦ
1606 5264 1771 5336 ὅρκου
1806 5263 2042 5335 μένουσα
2062 5264 2167 5319 δια-

568 5418 597 5486 ξ
621 5418 774 5486 ξανῇ
798 5424 852 5471 et
871 5421 1068 5486 quidam
1092 5434 1209 5486 ωεε.
1231 5420 1360 5486 fuit.
1388 5422 1561 5473 Morel.
1585 5430 1639 5474 et
1654 5423 1740 5473 alii
1765 5423 1920 5486 ἡμῶν.

566 5474 600 5546 Ῑξ
795 5489 849 5531 ει
867 5474 951 5532 51ἰὶ
1047 5474 1400 5546 μεγάληςῆμῖν.

569 5540 598 5571 ο
620 5540 691 5592 ιιι
708 5542 882 5594 Morel.
904 5550 957 5595 ει
973 5540 1125 5596 Sairill
1147 5540 1383 5605 recte,'ui
1401 5543 1597 5595 videtur
1618 5558 1630 5595 :
1652 5545 1841 5608 aliquot
1860 5551 2026 5596 autem
2050 5556 2167 5596 mss.

1369 344 1428 403 s.
1465 302 1754 403 Jomms
1789 344 2180 404 οιηινεοετ(

2318 345 2638 404 ARCHIEP.
2683 344 3224 404 CONSTANTINOP.
3266 416 3269 421 ι

3883 346 3972 403 102

2294 464 2434 537 τηρῇ
2462 461 2562 533 τὴν
2591 460 2770 533 πυράν
2809 461 2866 514 ἐν
2900 461 3053 532 ἡμῖν,
3085 458 3179 513 καὶ
3213 458 3356 513 δυοῖν
3392 458 3636 531 θάτερον
3671 458 3908 528 γένηται,
3944 462 3971 531 ἦ

2296 546 2729 617 καταλλαγέντες
2762 547 3201 618 ἐπιορκήσωμεν,
3234 544 3266 616 ἢ
3302 544 3375 616 μὴ
3401 543 3845 613 καταλλαγέντες
3871 552 3972 600 τοῖς

2294 638 2392 708 τῆς
2429 635 2797 707 μνησικακίας
2837 633 3133 705 ἐπιτιμίοις
3175 632 3522 696 ὑπευθύνους
3552 633 3785 697 ἑαυτοὺς
3818 649 3967 688 κατα-

2292 723 2604 794 στήσωμεν.

2357 810 2418 867 δ’.
2439 810 2623 863 Ταῦτα
2649 803 2741 863 οὖν
2767 806 2965 872 εἰδότες
2996 806 3282 881 φεύγωμεν
3309 806 3439 870 τοὺς
3457 805 3686 877 ὅρκους,
3711 808 3802 860 καὶ
3826 807 3965 879 μελε-

2288 897 2434 951 τάτω
2472 896 2533 951 τὸ
2571 897 2744 969 στόμα
2773 896 2930 968 ήμῶν
2957 897 3136 963 λέγειν
3176 894 3438 966 συνεχῶς·
3476 895 3846 948 Πίστευσον·
3884 898 3962 950 καὶ

2289 983 2618 1038 ἔσταιτοῦτο
2641 986 2822 1054 πάσης
2844 983 3131 1046 εὐλαϐείας
3155 981 3413 1046 ὑπόθεσις
3439 984 3606 1052 ἡμῖν.
3633 972 3852 1035 Γλῶττα
3870 983 3963 1051 γὰρ

2288 1072 2634 1127 παιδευθεῖσα
2668 1069 2827 1124 τοῦτο
2860 1072 3039 1140 λέγειν
3075 1070 3136 1124 τδ
3171 1070 3229 1123 ἓν
3253 1069 3279 1111 τι
3312 1071 3494 1141 ῥῆμα,
3526 1071 3846 1141 αἰσχύνεται
3881 1071 3965 1123 καὶ

2287 1159 2516 1232 ἐρυθριᾷ
2549 1161 2771 1232 ῥήματα
2798 1158 3102 1229 ἐξενεγκεῖν
3133 1158 3337 1231 αἰσχρά
3361 1159 3464 1211 καὶ
3495 1156 3701 1233 ἄτοπα·
3743 1157 3844 1211 κάν
3868 1158 3957 1211 ἀπό

2291 1246 2577 1320 συνηθείας
2602 1247 2850 1319 προαχθῇ
2884 1264 3036 1310 ποτε,
3072 1246 3302 1309 πολλοὺς
3331 1244 3543 1316 ἔχουσα
3577 1246 3707 1308 τοὺς
3739 1245 3958 1316 κατηγὸ-

2291 1351 2416 1407 ρους
2448 1334 2897 1405 ἀνασταλήσεται.
2936 1334 3103 1387 Ὅταν
3129 1332 3240 1404 γάρ
3268 1351 3350 1397 τις
3386 1332 3479 1405 ἴδῃ
3511 1331 3608 1385 τὸν
3639 1331 3716 1403 μὴ
3742 1331 3957 1402 ὀμνύντα

2287 1421 2487 1493 αἰσχρά
2520 1421 2907 1492 φθεγγόμενον,
2944 1420 3317 1492 ἐπεμϐήσεται
3350 1420 3561 1492 ῥαδίως
3584 1416 3735 1489 αὐτῷ
3762 1417 3850 1472 καὶ
3873 1435 3957 1472 κα-

2286 1510 2665 1578 ταγελάσεται,
2695 1509 2790 1562 καὶ
2828 1507 3104 1580 κωμῳδῶν
3149 1509 3283 1580 ἐρεῖ·
3310 1506 3384 1561 Σὺ
3425 1509 3458 1561 ὁ
3488 1506 3575 1572 τὸ,
3611 1507 3954 1573 Πίστευσον,

2287 1597 2381 1651 ἐπὶ
2412 1598 2545 1651 πᾶσι
2581 1596 2776 1665 λέγων,
2812 1597 2913 1650 οὐκ
2942 1596 3109 1668 ἀνέχῃ
3144 1596 3306 1666 ὅρκον
3345 1593 3645 1666 προέσθαι,
3674 1594 3769 1646 καὶ
3800 1594 3956 1665 ρήμα·

2289 1702 2375 1739 σιν
2403 1685 2650 1757 αἰσχροῖς
2692 1683 3076 1755 καταισχύνεις
3110 1699 3205 1737 σου
3237 1683 3338 1756 τὴν
3364 1682 3661 1752 γλῶτταν;
3693 1682 3848 1734 Ὥστε
3874 1681 3954 1733 καὶ

2286 1773 2532 1836 ἄκοντες,
2560 1772 2665 1825 ὑπὸ
2689 1770 2798 1826 τῶν
2828 1771 3115 1843 παρόντων
3143 1770 3626 1842 συνελαυνόμενοι,
3657 1767 3793 1840 πρὸς
3816 1766 3953 1821 εὐλά-

2289 1862 2442 1915 ϐειαν
2472 1860 2833 1932 ἐπανήξομεν.
2864 1861 2928 1913 Τί
2951 1856 3066 1925 οὖν,
3099 1860 3195 1914 ἐάν
3231 1860 3479 1929 ἀνάγκη.
3514 1858 3705 1930 φησὶν,
3744 1855 3946 1927 ὀμόσαις

2289 1949 2465 2002 Ὅπου
2494 1948 2662 2019 νόμου
2703 1946 3016 2020 παράϐασίς
3057 1946 3172 2020 [96]
3214 1951 3384 2009 ἐστιν,
3419 1948 3526 2000 οὐκ
3556 1945 3704 1999 ἔστιν
3739 1944 3947 2015 ἀνάγκη.

2284 2037 2396 2091 Καὶ
2422 2035 2664 2099 δυνατὸν,
2706 2036 2860 2107 φησι,
2904 2035 3135 2116 καθόλου
3170 2036 3245 2107 μὴ
3282 2034 3560 2106 δμνύναις
3603 2033 3669 2086 Τί
3704 2032 3947 2101 λέγειςςδ

2285 2124 2416 2188 Θεὸς
2435 2123 2710 2190 ἐκέλευσε,
2737 2125 2831 2178 καὶ
2857 2123 3064 2196 τολμᾷς
3092 2123 3371 2195 ἐρωτῆσαι
3399 2125 3452 2177 εί
3482 2121 3714 2177 δυνατὸν
3740 2120 3947 2190 φυλάξαι

2280 2213 2374 2267 τὸν
2396 2212 2592 2284 νόμον;
2628 2211 2916 2267 Ἀδύνατον
2951 2212 3051 2284 μὲν
3077 2208 3171 2267 οὖν
3198 2212 3259 2267 τὺ
3288 2212 3365 2284 μὴ
3402 2210 3666 2280 φυλάξαι·
3700 2208 3943 2264 καὶτοῦτο

2282 2298 2392 2355 ἀπὸ
2425 2300 2533 2355 τῶν
2564 2301 2849 2373 παρόντων
2878 2300 3021 2371 ὑμᾶς
3054 2301 3241 2355 πεῖσαι
3276 2299 3572 2370 βούλομαι,
3604 2300 3688 2352 δτι
3719 2297 3778 2351 οὗ
3804 2296 3859 2349 τὸ
3882 2295 3943 2367 μὴ

2282 2386 2534 2459 ὀμνύναι,
2569 2387 2706 2442 ἀλλά
2731 2388 2792 2441 τὸ
2818 2388 3049 2459 ὀμνύναι
3083 2387 3366 2442 ἀδύνατον.
3412 2386 3557 2441 Ἰδοὺ
3590 2384 3722 2457 γοῦν
3747 2384 3942 2455 χρυσίον

2282 2476 2682 2548 ἐκελεύσθησαν
2719 2479 3049 2547 εἰσενεγκεῖν
3073 2479 3123 2531 οί
3159 2476 3259 2550 τὴν
3288 2476 3448 2531 πόλιν
3480 2476 3755 2539 οἰκοῦντες
3776 2471 3939 2528 δοκοῦν

2282 2564 2382 2637 τὴν
2396 2563 2503 2619 τῶν
2520 2565 2731 2620 πολλῶν
2751 2564 3101 2638 ὑπερϐαίνειν
3126 2565 3375 2638 δύναμιν,
3396 2566 3518 2632 καὶ,
3543 2566 3606 2620 τδ
3625 2564 3782 2618 πλέον
3793 2564 3937 2617 εἰσεν-

2284 2650 2529 2722 ήνεκται,
2558 2652 2787 2707 καὶτῶν
2818 2652 3194 2708 ἀπαιτούντων
3224 2654 3373 2708 ἐστιν
3399 2653 3639 2709 ἀκοῦσαι
3676 2651 3932 2721 λεγόντων·

2284 2740 2351 2793 Τί
2378 2739 2629 2816 μέλλεις,
2648 2738 2899 2812 ἄνθρωπε
2920 2757 2934 2807 ;
2958 2740 3010 2794 τί
3037 2741 3095 2794 δέ
3124 2740 3339 2812 ἡμέραν
3359 2740 3419 2808 ἐξ
3451 2739 3668 2811 ἡμέρας
3693 2734 3934 2805 ἀναϐάλλῃ

2284 2826 2460 2898 ἡμᾶςς
2496 2826 2571 2899 μὴ
2607 2826 2717 2898 γὰρ
2746 2820 2972 2881 δυνατὸν
3001 2828 3295 2897 ἐκφυγεῖν;
3334 2825 3604 2898 βασιλέως
3646 2826 3800 2897 νόμος
3837 2822 3933 2874 ἐστὶ

2286 2912 2598 2985 μελλήσεως
2625 2915 2725 2968 οὐκ
2764 2912 3110 2985 ἀνεχόμενος.
3144 2914 3209 2967 Τί
3248 2914 3457 2983 λέγεις,
3504 2913 3629 2967 εἰπέ
3667 2928 3781 2983 μοι;
3811 2908 3933 2981 βασι-

2280 2996 2407 3062 λεὺς
2458 2997 2715 3052 ἐκέλευσε
2761 3001 3020 3070 χρήματα
3065 3000 3420 3069 εἰσενεγκεῖν,
3467 3002 3565 3054 καὶ
3598 2999 3843 3054 ἀδύνατον
3870 2995 3931 3066 μὴ

2280 3086 2629 3155 εἰσενεγκεῖν·
2670 3087 2699 3139 ὁ
2735 3085 2869 3149 Θεὸς
2901 3084 3157 3139 ἐκέλευσε
3191 3085 3418 3157 φεύγειν
3450 3086 3581 3151 τοὺς
3619 3086 3821 3157 ὅρκους,
3853 3083 3931 3137 καὶ

2280 3173 2464 3242 λέγεις
2495 3174 2579 3228 δτι
2613 3172 2873 3229 ἀδύνατον
2906 3173 3130 3245 φεύγειν
3160 3176 3289 3240 τοὺς
3326 3176 3565 3247 δρκους;
3602 3175 3798 3244 Ἐκτην
3838 3170 3930 3240 ἔχω

2277 3261 2487 3334 ταύτην
2504 3263 2725 3334 ἡμέραν
2748 3263 2878 3334 περὶ
2903 3263 3110 3333 ταύτης
3133 3263 3263 3334 ὑμῖν
3287 3262 3575 3337 παραινῶν
3593 3262 3695 3333 τῆς
3715 3259 3925 3330 ἐντολῆς·

2278 3349 2463 3403 λοιπὸν
2490 3348 2620 3420 ὑμῖν
2649 3347 3016 3415 συντάξασθαι
3046 3349 3306 3421 βούλομαι
3340 3350 3419 3415 ὡς
3448 3350 3828 3421 ἀφιστάμενος,
3854 3347 3925 3400 ἵνα

2258 3436 2673 3508 .ἀσφαλίζησθε.
2724 3438 2840 3491 Οὐκ
2883 3436 2963 3492 ἐτι
2998 3436 3266 3509 ἀπολογία
3314 3455 3400 3502 τις
3444 3440 3580 3510 ὑμῖν
3628 3438 3791 3498 ἔσται,
3826 3433 3924 3487 οὐδὲ

2281 3522 2602 3595 συγγνώμη·
2642 3524 2879 3596 μάλιστα
2912 3525 3010 3597 μὲν
3036 3524 3146 3599 γάρ
3183 3528 3233 3579 εί
3270 3524 3365 3579 καὶ
3399 3525 3571 3598 μηδὲν
3594 3523 3791 3596 εἴρητο,
3816 3520 3922 3589 παρ’

2280 3609 2436 3681 ὑμῶν
2470 3610 2650 3665 αὐτῶν
2680 3611 2786 3665 ἔδει
2812 3612 3173 3685 διορθωθῆναι
3199 3612 3381 3667 τοῦτο’
3421 3612 3547 3668 οὐδὲ
3574 3609 3682 3683 γάρ
3714 3607 3922 3663 ποικίλον

2279 3696 2448 3758 ἐστὶν,
2492 3698 2616 3752 οὐδὲ
2647 3698 2851 3769 πολλῆς
2878 3699 3134 3771 δεόμενον
3162 3696 3535 3773 κατασκευῆς.
3576 3699 3743 3754 Ὅταν
3768 3695 3820 3749 δὲ
3842 3694 3919 3747 καὶ

2276 3782 2547 3855 τοσαύτης
2574 3779 2674 3856 ἦτε
2714 3786 3095 3858 παραινέσεως
3125 3788 3221 3842 καὶ
3252 3787 3569 3859 συμϐουλῆς
3600 3778 3921 3843 ἀπολελαυκό-

2275 3889 2390 3952 τες,
2417 3872 2541 3927 τίνα
2574 3873 2873 3943 ἀπολογίαν
2903 3876 3077 3930 εἰπεῖν
3107 3875 3257 3942 ἕξετε
3296 3876 3707 3947 ἐγκαλούμενοι,
3738 3871 3824 3924 καὶ
3844 3865 3918 3920 ἐπὶ

2277 3959 2372 4014 τοῦ
2400 3959 2645 4031 βήματος
2673 3961 2907 4027 ἑστῶτες
2930 3962 3025 4017 τοῦ
3049 3963 3302 4036 φοϐεροῦ,
3324 3965 3417 4019 καὶ
3439 3963 3669 4026 εὐθύνας
3694 3953 3916 4014 ἀπαιτού-

2282 4064 2436 4118 μενοι
2461 4049 2565 4117 τῆς
2606 4049 2954 4120 παρανομίας
2985 4051 3225 4121 ταύτης;
3254 4052 3369 4106 Οὐκ
3407 4052 3557 4107 ἐστιν
3591 4046 3830 4119 οὐδεμίαν
3852 4042 3916 4095 εί·

2268 4138 2401 4189 ’πεῖν
2416 4136 2734 4206 ἀπολογίαν,
2761 4137 2877 4192 ἀλλ’
2894 4139 3132 4211 ἀνάγκη,
3152 4140 3186 4212 ἢ
3210 4139 3660 4213 κατορθώσαντας
3673 4131 3912 4191 ἀπελθεῖν,

2277 4221 2311 4293 ἢ
2353 4222 2426 4293 μὴ
2463 4223 2920 4297 κατορθώσαντας
2945 4226 3293 4293 κολάζεσθαι,
3323 4228 3419 4281 καὶ
3444 4227 3545 4299 τὴν
3566 4224 3786 4297 ἐσχάτην
3807 4220 3914 4272 ὐπο-

2280 4308 2463 4379 μένειν
2484 4309 2658 4382 δίκην.
2687 4310 2873 4367 Ταῦτα
2898 4310 2995 4367 οὖν
3019 4315 3370 4385 ἐννοήσαντες
3392 4315 3611 4369 ἃπαντα
3630 4324 3674 4376 ο,
3699 4307 3785 4364 καὶ
3801 4301 3913 4376 μετά

2277 4397 2479 4469 πολλῆς
2522 4399 2776 4455 ἐντεῦθεν
2818 4403 3278 4476 ἀναχωρήσαντες
3322 4404 3426 4477 τῆς
3457 4402 3749 4477 φροντίδος,
3784 4393 3912 4464 dm?

2279 4485 2403 4551 λους
2433 4488 2877 4559 παρακελεύεσθε
2908 4492 2979 4547 τά
3010 4494 3069 4547 ἐν
3100 4492 3391 4558 τοσαύταις
3419 4493 3654 4566 ἡμέραις
3681 4483 3910 4561 εἰρημένα

2283 4572 2429 4651 μετὰ.
2449 4573 2630 4644 πάσης
2656 4576 2895 4648 τηρῆσαι
2930 4577 3032 4650 τῆς
3061 4579 3314 4650 φυλακῆς
3343 4582 3436 4635 ἐπὶ
3462 4582 3561 4653 τῆς
3586 4575 3806 4637 διανοίας
3829 4569 3909 4638 τῆς

2281 4655 2446 4726 ύμετέ
2454 4673 2571 4729 ρας,
2598 4657 2688 4713 ἴνα
2706 4661 2799 4713 καὶ
2818 4660 2977 4733 ήμῶν
2998 4661 3275 4732 σιγώντων
3297 4664 3561 4737 ἀλλήλους
3579 4658 3908 4716 παιδεύοντες.

2276 4743 2708 4814 οἰκοδομοῦντες.
2743 4748 3217 4820 παρακαλοῦντες,
3247 4750 3452 4824 πολλὴν
3484 4743 3805 4817 ἐπιδείξησθε
3827 4739 3908 4809 τὴν

2275 4829 2538 4895 ἐπίδοσιν,
2567 4833 2662 4886 καὶ
2690 4835 2819 4898 τοὺς
2848 4835 3070 4900 λοιποὺς
3101 4836 3351 4902 ἅπαντας
3374 4823 3810 4910 ἐκπληρώσαντες
3833 4823 3908 4880 νό⁴

2283 4934 2437 4990 μους,
2467 4919 2816 4992 ἀπολαύσητε
2854 4922 2965 4977 τῶν
3007 4924 3241 4981 αἰωνίων
3284 4925 3584 4994 στεφάνων,
3626 4916 3698 4977 ὧν
3732 4916 3907 4989 γένοιτο

2278 5005 2489 5071 πάντας
2525 5010 2676 5079 ἡμᾶς
2722 5012 3024 5081 ἐπιτυχεῖν,
3069 5013 3255 5086 χάριτι
3303 5015 3398 5070 καὶ
3447 5007 3803 5085 φιλανθρωπίᾳ
3827 4997 3904 5055 τοῦ

2278 5093 2486 5165 Κυρίου
2509 5097 2668 5167 ἡμῶν
2705 5098 2881 5171 Ἰησοῦ
2914 5102 2960 5153 Χ
2968 5101 3177 5170 ριστοῢ,
3208 5102 3276 5156 δι’
3304 5097 3364 5158 οὗ
3389 5104 3482 5158 καὶ
3509 5100 3624 5175 μεθ’
3641 5091 3698 5153 οὗ
3718 5088 3899 5175 τῷᾲΠα⁶

2277 5180 2370 5252 τρὶ
2403 5181 2436 5251 ἡ
2470 5181 2600 5249 δόξα
2641 5183 2759 5255 ἅμα
2796 5185 2876 5255 τῷ
2919 5187 3062 5261 ἁγίῳ
3099 5188 3398 5262 Πνεύματι,
3451 5173 3532 5255 εἰς
3574 5187 3696 5251 τοὺς
3731 5173 3902 5238 αἰῶνας

2279 5267 2387 5321 τῶν
2424 5267 2657 5326 αἰώνων.
2702 5273 2899 5343 Ἀμήν.
3452 5290 3455 5295 ·

2281 5423 2587 5481 διαλέξεσθαι.

2340 5478 2368 5556 ⁴Ῐ
2385 5478 2629 5556 Ἕῗβὲθεί
2646 5491 2695 5539 in
2707 5491 3001 5554 qUibusdam
3018 5509 3132 5549 mss.
3147 5496 3275 5550 Inﬁ‘a
3290 5499 3400 5552 Sav.
3413 5499 3505 5551 ὑπὸ
3515 5495 3667 5556 συνηθ.
3682 5505 3741 5556 πρ
3771 5480 3904 5533 πάλιν.

2345 5550 2370 5581 °
2392 5549 2493 5601 Alli
2515 5549 2733 5608 ἀπαντεςξ
