4068 6428
107 375 118 384 ’
160 408 248 469 t0t

165 541 299 584 circa
331 525 578 578 animam
608 537 825 576 omnem
863 534 1042 574 curam
1084 515 1454 586 impendamus
1479 553 1494 578 ,
1535 519 1589 565 et
1630 509 1767 561 hanc

167 617 308 674 omni
337 616 502 672 modo
531 630 804 669 curenms.
837 613 1076 680 Corpora
1107 609 1303 679 quippe
1328 603 1634 674 languentia
1661 615 1765 654 non

170 709 422 763 omnibus
445 721 643 760 eurare
675 705 826 757 facile
851 712 932 756 est
957 743 971 766 ,
1003 701 1235 754 animam
1267 711 1395 750 vero
1433 693 1768 747 laborantem

169 811 250 852 est
276 798 474 866 cuique
507 795 760 850 medicari
791 793 1094 847 facillimum
1121 808 1135 844 :
1167 798 1221 842 et
1264 785 1506 855 corporis
1553 782 1768 853 quidem

171 889 382 942 curatio
406 929 423 954 ,
452 895 506 939 et
533 884 942 939 medicaminum
969 889 1023 936 et
1057 877 1260 948 argenti
1305 876 1543 946 indiget,
1581 871 1772 926 anima:

173 993 303 1034 vero
331 977 490 1032 facile
522 975 772 1046 parabilis
797 981 850 1028 et
882 970 1152 1040 impendio
1189 982 1380 1023 carens
1416 985 1430 1021 :
1458 965 1636 1018 carnis
1674 978 1773 1017 na-

175 1082 294 1127 tura
323 1072 497 1124 multo
521 1084 642 1124 eum
670 1067 853 1120 labore
879 1065 946 1117 ab
978 1060 1350 1116 infcstantibus
1379 1057 1632 1111 liberatur
1659 1055 1769 1107 vul-

172 1166 404 1222 neribus
440 1181 456 1216 :
489 1161 685 1217 etenim
721 1158 919 1212 ferrum
948 1171 1090 1225 smpe
1124 1164 1177 1209 et
1215 1166 1394 1205 amara
1424 1146 1776 1202 medicamina

175 1258 446 1315 adhibere
473 1252 835 1310 necessarium
868 1259 984 1316 est;
1027 1249 1079 1302 in
1124 1247 1296 1300 anima
1341 1259 1473 1298 vero
1519 1240 1647 1294 nihil
1696 1247 1778 1292 est

177 1351 288 1405 tale
318 1390 336 1416 ,
368 1347 464 1402 sed
499 1355 705 1401 tantum
738 1343 870 1398 velle
896 1352 948 1396 et
988 1355 1185 1409 cupere
1229 1336 1462 1400 sufficit,
1501 1341 1558 1388 et
1600 1331 1778 1386 omnia

178 1448 432 1496 correcta
481 1446 624 1490 sunt.
671 1435 738 1489 Et
779 1435 880 1488 hoc
924 1431 1022 1485 fuit
1065 1445 1198 1498 opus
1249 1427 1342 1481 Dei
1388 1423 1776 1495 providentiam

178 1531 443 1600 quoniam
492 1528 633 1582 enim
678 1542 741 1580 ex
788 1523 1027 1593 corporis
1063 1520 1369 1576 infirmitate
1409 1532 1513 1572 non
1556 1515 1780 1570 multum

182 1624 301 1678 fieri
335 1629 716 1676 nocumentum
751 1624 964 1687 potest:
1003 1630 1124 1669 nam
1151 1614 1311 1666 etiam
1343 1610 1386 1664 si
1419 1625 1527 1662 non
1555 1615 1782 1676 :egrote-

181 1730 308 1770 mus
335 1757 350 1782 ,
386 1729 533 1766 mors
562 1708 942 1779 superveniens
979 1707 1149 1776 ipsum
1194 1707 1500 1770 carrumpet
1522 1740 1537 1766 ,
1575 1710 1629 1753 et
1667 1712 1783 1752 om-

183 1810 319 1863 nino
348 1805 648 1861 dissolvet:
683 1811 851 1856 totum
892 1813 1020 1852 vero
1057 1797 1212 1850 nobis
1261 1795 1314 1847 in
1355 1793 1517 1846 animi
1558 1790 1786 1844 sanitate

183 1903 350 1956 situm
378 1907 464 1954 est
495 1916 508 1951 :
553 1896 721 1950 multo
749 1892 973 1947 utilioris
1002 1900 1057 1944 et
1082 1889 1248 1957 magis
1276 1883 1594 1940 necessaria:
1622 1881 1788 1951 partis

185 1993 526 2049 curationem
557 1988 678 2042 fecit
704 1985 908 2040 facilem
934 1992 990 2037 et
1020 1978 1288 2050 impendio
1310 1987 1363 2032 et
1385 1977 1569 2029 dolore
1597 1987 1756 2027 carcn
1775 2003 1787 2012 ο

185 2094 322 2140 tem.
375 2083 546 2148 Quam
592 2081 750 2150 igitur
784 2075 1181 2132 excusationem
1235 2066 1594 2125 habebimus?
1629 2080 1788 2135 quam

186 2186 372 2231 autem
398 2177 610 2230 veniam
640 2216 654 2241 ,
681 2187 800 2226 cum
831 2169 1070 2240 corporis
1099 2165 1314 2237 quidem
1341 2204 1354 2228 ,
1389 2162 1475 2215 ubi
1504 2167 1782 2228 argentum

193 2275 453 2338 erogatur
479 2307 494 2333 ,
541 2274 595 2318 et
637 2263 826 2317 medici
869 2269 1254 2322 accersuntur,
1300 2263 1354 2308 et
1397 2251 1596 2306 multus
1642 2249 1796 2303 dolor

195 2359 497 2413 sustinetur
521 2398 535 2423 ,
569 2363 769 2409 tantam
810 2365 1058 2422 geramus
1098 2361 1279 2402 curam
1306 2385 1320 2409 ,
1365 2344 1630 2414 praecipue
1674 2354 1794 2392 cum

194 2466 306 2507 non
335 2464 590 2518 magnum
621 2447 691 2499 sit
721 2444 874 2499 nobis
903 2441 1154 2496 damnum
1176 2453 1240 2492 ex
1269 2436 1414 2489 illius
1441 2430 1754 2502 aigritudine
1781 2446 1795 2492 ;

193 2542 436 2596 animam
465 2553 593 2592 vero
620 2544 1026 2590 contemnamus
1049 2571 1064 2596 ,
1096 2537 1153 2583 et
1189 2527 1292 2582 hoc
1319 2540 1440 2580 cum
1472 2537 1572 2578 nec
1609 2537 1799 2590 argen—

197 2647 312 2690 tum
344 2647 569 2702 erogare
592 2672 606 2693 ,
639 2643 736 2683 nec
779 2627 913 2680 alios
956 2621 1270 2693 perturbare
1293 2659 1308 2684 ,
1359 2629 1537 2684 neque
1577 2613 1791 2666 dolores

196 2727 472 2784 Sustinere
500 2723 794 2778 debeamus
819 2735 832 2784 ;
862 2717 954 2771 sed
985 2713 1188 2783 absque
1215 2711 1298 2765 his
1326 2707 1576 2762 omnibus
1605 2719 1800 2774 propo-

199 2820 307 2873 sito
340 2816 515 2870 solum
547 2821 601 2868 et
640 2811 914 2865 voluntate
953 2819 1165 2859 omnem
1210 2800 1377 2870 ipsius
1414 2795 1801 2852 correctionem

199 2909 384 2966 facere
417 2905 686 2978 possimus
714 2920 728 2956 :
757 2911 813 2956 et
845 2899 1048 2969 optime
1091 2896 1322 2951 sciamus
1360 2906 1458 2946 nos
1488 2930 1502 2956 ,
1552 2885 1655 2942 nisi
1703 2885 1804 2940 hoc

204 3000 500 3057 fecerimus
529 3041 544 3065 ,
576 3004 869 3051 extremam
899 2991 1172 3046 subituros
1201 2999 1408 3055 pmnam
1433 3023 1448 3048 ,
1487 2989 1544 3036 et
1584 2979 1808 3034 inevita-

207 3092 336 3147 bilia
367 3096 635 3144 tormenta
663 3095 822 3154 atque
853 3078 1156 3151 supplicia?
1188 3077 1280 3130 llic
1306 3087 1536 3142 namque
1562 3069 1693 3124 mihi
1716 3106 1736 3136 ,
1762 3067 1804 3122 si

205 3184 330 3246 quis
358 3190 529 3236 artem
553 3178 831 3234 medicina:
863 3173 1010 3228 brevi
1033 3167 1290 3240 temporis
1314 3172 1588 3220 momento
1607 3162 1809 3230 absque

207 3282 439 3345 argento
467 3281 519 3327 et
545 3271 728 3326 labore
756 3283 815 3322 se
856 3266 1140 3320 docturum
1190 3268 1242 3315 te
1280 3257 1618 3328 polliceretur
1641 3293 1657 3319 ,
1702 3266 1810 3305 non

209 3369 388 3436 ipsum
420 3371 635 3434 putares
681 3353 1118 3414 benefactorem?
1160 3364 1340 3406 nonne
1382 3345 1595 3402 subires
1631 3344 1810 3398 omnia

215 3435 394 3513 facere
422 3463 476 3510 et
503 3454 607 3524 pati
635 3495 650 3518 ,
682 3461 1033 3521 quaecumque
1063 3444 1179 3497 haec
1223 3441 1482 3511 pollicens
1519 3435 1812 3507 jussisset?

219 3549 359 3603 Ecce
393 3523 538 3600 nunc
573 3543 692 3598 sine
727 3537 998 3594 laboribus
1041 3535 1202 3597 licet,
1242 3546 1349 3585 non
1390 3527 1632 3597 corporis
1657 3567 1673 3592 ,
1719 3523 1811 3578 sed

220 3640 416 3692 anima:
447 3627 727 3690 vulnerum’
771 3628 1012 3685 invenire
1050 3623 1284 3680 remedia
1310 3663 1326 3689 ,
1367 3630 1422 3676 et
1456 3634 1573 3675 eam
1612 3618 1816 3686 absque

220 3730 412 3786 dolore
442 3727 550 3781 ullo
575 3725 640 3780 ad
677 3723 962 3778 sanitatem
994 3718 1294 3773 reducere:
1339 3727 1407 3769 ne
1453 3711 1612 3781 igitur
1652 3709 1818 3777 negli-

217 3834 433 3893 gamus.
461 3817 592 3884 Quis
619 3815 762 3870 enim
791 3853 808 3878 ,
852 3811 940 3866 die
984 3809 1155 3876 mihi,
1205 3805 1400 3867 dolor,
1443 3803 1575 3855 iram
1619 3797 1819 3854 coiitri-

219 3892 384 3968 Statili
413 3907 737 3966 remittere?
767 3905 934 3961 Dolor
973 3902 1189 3973 quidem
1235 3908 1320 3954 est
1368 3895 1588 3966 injurias
1631 3892 1816 3946 menti.

222 4005 371 4060 uisse
398 4045 413 4068 ,
447 4010 503 4056 et
529 4016 632 4053 non
657 3996 951 4053 conciliari.
979 3993 1111 4061 Quis
1141 3991 1294 4045 labor
1321 4001 1478 4043 orare
1500 4027 1515 4051 ,
1545 3993 1598 4039 et
1636 3997 1666 4037 a
1710 3983 1820 4036 Deo

227 4104 474 4168 prompte
495 4093 769 4163 praebente
787 4131 802 4155 ,
827 4089 1108 4143 innumera
1140 4084 1278 4137 bona
1300 4079 1519 4151 petere?
1536 4076 1655 4146 quis
1673 4074 1823 4128 labor

225 4189 516 4246 detrahere
547 4186 744 4240 nemini
767 4183 790 4238 ?
813 4199 933 4253 qua:
953 4179 1239 4237 difficultas
1257 4177 1328 4231 ab
1354 4173 1553 4229 invidia
1576 4180 1632 4225 et
1655 4171 1824 4224 livore

226 4281 487 4339 liberari?
531 4290 650 4349 qua:
719 4275 964 4331 molestia
1035 4271 1340 4342 proximum
1389 4266 1653 4336 diligere?
1703 4277 1822 4332 quae

231 4389 474 4432 aerumna
519 4387 625 4426 non
661 4369 834 4439 turpia
879 4367 1043 4422 verba
1094 4362 1281 4432 loqui,
1325 4373 1433 4413 non
1482 4353 1780 4412 convicium
1806 4393 1820 4416 ,

233 4483 342 4522 non
369 4465 617 4535 injuriam
645 4459 886 4516 inferre?
910 4473 1030 4528 quae
1057 4453 1292 4525 fatigatio
1317 4466 1422 4505 non
1449 4448 1630 4518 jurare
1653 4445 1677 4499 ?
1704 4459 1824 4500 rur-

173 4565 177 4568 '
236 4573 356 4612 sum
383 4556 524 4611 enim
555 4553 621 4608 ad
648 4552 892 4608 eamdem
919 4546 1202 4604 deveniam
1229 4540 1670 4599 admonitionem.
1715 4535 1827 4589 lmo

237 4651 393 4704 labor
435 4645 698 4701 maximus
731 4643 957 4714 jurare;
1007 4639 1203 4708 saepius
1241 4636 1386 4690 enim
1435 4635 1512 4687 ira
1549 4639 1604 4686 et
1651 4629 1828 4683 furore

238 4739 444 4798 detenti
472 4780 487 4806 ,
516 4753 613 4791 nos
641 4734 1001 4791 infestantium
1028 4729 1260 4799 cuipiam
1303 4741 1408 4780 non
1457 4721 1833 4778 reconciliatu-

240 4849 334 4888 ros
355 4830 651 4901 juravimus
673 4871 689 4895 ,
716 4835 900 4897 postea
929 4825 1005 4878 ira
1035 4822 1295 4877 existineta
1323 4827 1377 4872 et
1401 4815 1581 4871 furore
1608 4813 1790 4869 sedato
1811 4853 1827 4879 ,

244 4921 582 4979 reconciliari
634 4920 876 4973 volentes
901 4956 917 4984 ,
959 4924 1015 4970 et
1045 4914 1469 4984 juramentorum
1515 4906 1834 4962 necessitate

242 5013 461 5069 coerciti
488 5054 501 5074 .
527 5010 791 5065 doluimus
820 5017 1090 5075 tamquam
1137 5004 1328 5073 laqueo
1369 4999 1599 5072 quodam
1630 4995 1835 5053 detenti

243 5114 300 5159 ct
327 5103 555 5158 vinculis
585 5099 955 5155 insolubilibus
984 5093 1198 5151 irretiti.
1221 5092 1372 5160 Quod
1396 5101 1450 5146 et
1471 5089 1714 5146 diabolus
1737 5101 1836 5142 no-

244 5199 323 5252 vit
344 5237 360 5264 ,
395 5204 448 5251 et
473 5194 595 5265 quia
627 5193 780 5262 plane
805 5190 953 5246 novit
979 5189 1112 5243 iram
1158 5201 1278 5242 esse
1322 5185 1500 5254 ignem
1523 5223 1540 5250 ,
1585 5191 1639 5236 et
1681 5178 1840 5235 facile

249 5286 516 5356 exstingui
541 5327 556 5351 ,
584 5293 639 5340 et
665 5282 924 5338 exstincta
953 5280 1032 5335 ira
1060 5276 1550 5333 reconciliationem
1579 5281 1634 5328 et
1662 5271 1843 5326 amici-

252 5377 381 5430 tiam
428 5373 620 5442 sequi,
666 5369 885 5439 cupicns
940 5367 1120 5438 ignem
1169 5365 1313 5419 hunc
1355 5360 1840 5432 inexstinguibilem

251 5481 472 5524 manere
493 5507 511 5534 ,
539 5465 848 5536 iuramento
875 5475 975 5516 nos
998 5460 1194 5530 saepius
1221 5456 1451 5513 irrctivit
1474 5497 1490 5524 ,
1516 5465 1576 5510 ut
1601 5463 1656 5510 et
1692 5454 1738 5508 si
1764 5453 1843 5508 ira

247 5557 546 5626 desiverit,
585 5553 875 5627 juramenti
889 5552 1194 5624 necessitas
1222 5561 1447 5613 manens
1467 5589 1486 5618 ,
1513 5545 1762 5603 ardorem
1788 5545 1843 5600 in

1115 403 1205 460 AD
1243 395 1564 456 POPULUM
1603 388 2090 450 ANTIOCHENUM
2153 385 2379 441 llOMll..
2425 380 2549 438 VIII.

3363 364 3460 418 102

1877 503 2031 556 nobis
2056 507 2336 554 conservet
2361 539 2374 561 ,
2406 506 2457 550 et
2483 495 2708 547 duormu
2739 489 2826 542 tiat
2858 488 3080 538 alterum
3108 523 3121 546 ,
3151 479 3230 532 vel
3273 491 3452 530 recon-

1875 591 2036 646 ciliati
2077 589 2417 659 pejeremus,
2470 584 2554 636 vet
2601 597 2706 635 non
2752 572 3120 634 reconciliati,
3155 569 3262 622 odii
3297 568 3467 634 entpa=

1884 691 2092 737 nosmet
2122 693 2244 732 reos
2269 677 2676 731 constituamus.

1949 775 2003 827 4.
2048 771 2262 824 Moralis
2309 765 2593 821 exhortatio
2636 762 2705 815 ad
2753 759 3046 830 juramenta
3113 748 3345 806 vitanda.
3399 775 3464 787 --

1885 869 2010 921 llmc
2059 865 2216 934 igitur
2265 861 2535 921 scientes,
2585 855 2884 925 juramenta
2935 848 3194 916 fugiamus
3235 852 3286 896 cl
3340 840 3465 892 ass-iv

1883 957 1987 1012 due
2034 954 2322 1009 meditetur
2363 965 2424 1004 os
2469 956 2709 1003 nostrum
2763 943 2980 1001 dicere,
3029 935 3228 988 Crede:
3275 939 3331 984 et
3373 929 3472 981 hoc

1878 1050 1981 1104 erit
2053 1044 2207 1099 nobis
2276 1043 2437 1096 totius
2503 1036 2717 1106 pietatis
2799 1036 3188 1101 argumentum.
3273 1022 3469 1088 Lingua

1880 1141 2022 1194 enim
2072 1137 2290 1192 verbum
2351 1133 2452 1186 hoc
2494 1128 2701 1184 unum'
2749 1125 2929 1180 dicere
2972 1122 3147 1182 docta,
3192 1111 3473 1170 confundi-

1882 1240 1968 1286 tur
2024 1239 2080 1285 et
2143 1226 2415 1282 erubescit
2465 1223 2636 1290 turpia
2709 1227 2762 1273 et
2828 1212 3055 1269 absurda
3126 1208 3287 1262 verba
3351 1220 3474 1272 pro-

1885 1325 2024 1378 ferre
2055 1340 2068 1377 :
2097 1331 2152 1375 et
2176 1321 2219 1374 si
2250 1332 2458 1372 rursum
2487 1330 2515 1367 ιι
2541 1308 2926 1368 consuetudine
2965 1303 3269 1359 retrahatur
3298 1340 3312 1359 .
3342 1297 3471 1351 mul-

1887 1422 1970 1465 tos
2013 1411 2214 1465 habens
2254 1414 2593 1461 accusatores
2634 1398 2972 1467 corripietnr.
3015 1397 3142 1444 tium
3175 1391 3317 1445 enim
3357 1387 3475 1457 quis

1889 1501 2281 1572 nonjurantem
2312 1497 2481 1566 turpia
2527 1493 2720 1547 viderit
2748 1489 2909 1543 verba
2952 1484 3308 1554 proferentem
3337 1519 3352 1543 ,
3403 1478 3481 1530 in-

1891 1568 2110 1648 sultahit
2142 1590 2297 1644 facile
2321 1629 2334 1654 ,
2365 1586 2628 1644 deridebit
2657 1624 2673 1650 ,
2717 1591 2770 1636 et
2806 1592 3030 1648 carpens
3075 1574 3216 1628 dicet
3249 1591 3262 1626 :
3291 1571 3369 1625 Tu
3395 1568 3482 1638 qui

1891 1687 1944 1741 in
1975 1683 2226 1738 omnibus
2251 1681 2384 1736 dicis
2411 1721 2426 1747 ,
2456 1677 2616 1733 Crede
2635 1718 2650 1740 ,
2689 1675 3048 1744 juramentum
3094 1664 3332 1734 proferre
3378 1675 3483 1714 non

1891 1776 2094 1830 audens
2119 1815 2132 1834 .
2167 1772 2438 1842 quomodo
2483 1767 2727 1837 turpibus
2766 1765 2996 1832 linguam
3043 1770 3185 1811 tuam
3227 1753 3489 1809 Sermoni-

1894 1868 1993 1922 bus
2022 1864 2398 1920 contaminas?
2429 1863 2470 1916 lt
2490 1876 2607 1930 tque
2631 1867 2684 1911 et
2727 1856 2873 1911 inviti
2906 1869 2934 1905 a
2965 1847 3314 1920 praesentibus
3342 1861 3490 1898 com-

1896 1960 2070 2030 pulsi,
2104 1959 2170 2011 ad
2201 1959 2447 2027 pietatem
2473 1953 2782 2007 redibimus.
2810 1944 2946 2012 Quid
2990 1943 3149 2012 igitur
3192 1939 3234 1992 si
3272 1935 3485 2004 juramli

1902 2049 2195 2106 necessitas
2218 2048 2330 2101 sit?
2359 2046 2531 2114 inquit
2557 2042 2764 2110 aliquis.
2794 2039 2890 2093 lThi
2915 2045 2996 2089 est
3025 2032 3152 2101 legis
3181 2029 3492 2099 praivarica-

1905 2145 1976 2194 tio
2007 2183 2020 2207 ,
2044 2156 2150 2194 non
2183 2147 2263 2193 est
2287 2137 2602 2192 necessitas.
2637 2131 2702 2184 Et
2734 2127 2985 2199 possibile
3015 2134 3090 2178 est
3126 2122 3335 2190 penitus
3363 2158 3377 2180 ,
3407 2117 3491 2169 iu-

1904 2234 2058 2302 quit,
2088 2247 2192 2285 non
2213 2231 2394 2300 jurare
2416 2227 2440 2279 ?
2465 2225 2601 2292 Quid
2645 2221 2764 2276 ais?
2813 2220 2952 2272 Dens
2995 2216 3151 2287 jussit
3180 2254 3194 2278 ,
3245 2221 3298 2264 et
3332 2208 3494 2261 audes

1906 2322 2278 2390 interrogare,
2360 2334 2422 2370 an
2491 2317 2660 2385 legem
2726 2309 2993 2364 custodire
3059 2306 3126 2357 sit
3192 2299 3494 2372 possibile?

1912 2415 2023 2469 lmo
2078 2411 2406 2481 impossibile
2455 2424 2558 2460 non
2608 2402 2917 2464 custodire,
2971 2407 3023 2450 et
3072 2395 3174 2448 hoc
3226 2407 3318 2461 per
3363 2405 3500 2457 pra:-

1908 2508 2080 2560 seutia
2128 2503 2278 2557 vobis
2330 2499 2656 2570 persuadere
2722 2493 2844 2546 volo
2904 2488 3044 2560 quod
3117 2501 3221 2539 nou
3302 2483 3502 2549 impos-

1911 2599 2067 2654 sibile
2113 2596 2182 2650 sit
2233 2611 2335 2648 non
2378 2593 2601 2660 jurare,
2653 2585 2744 2640 sed
2791 2584 2993 2653 jurare.
3026 2579 3162 2632 Ecce
3195 2575 3336 2629 enim
3364 2569 3502 2639 jussi

1907 2698 2030 2744 sunt
2060 2688 2246 2742 urbem
2280 2683 2599 2745 habitantes,
2627 2677 2765 2750 quod
2795 2674 3077 2729 multorum
3103 2671 3242 2721 vires
3263 2663 3498 2720 excede-

1910 2796 1968 2834 re
1995 2779 2227 2837 videtur.
2254 2790 2441 2830 aurum
2469 2785 2710 2841 erogare,
2739 2779 2792 2822 et
2834 2764 3005 2832 major
3030 2777 3152 2832 pars
3170 2760 3276 2828 jam
3309 2755 3500 2810 collata

1911 2883 2016 2939 est,
2045 2880 2206 2942 atque
2255 2877 2535 2924 exactores
2584 2863 2771 2917 audire
2826 2859 2987 2922 licet,
3041 2855 3327 2909 dicentes:
3369 2847 3507 2914 Quid

1909 2966 2094 3022 tardas
2121 2963 2317 3019 homo?
2345 2959 2470 3030 quid
2511 2972 2640 3012 vero
2671 2969 2770 3009 nos
2803 2951 2869 3006 de
2898 2949 2984 3004 dic
3014 2949 3063 3001 iu
3098 2946 3238 2999 diem
3286 2939 3507 2996 differs?

1917 3074 2024 3114 non
2051 3057 2191 3112 enim
2220 3054 2452 3124 effugere
2486 3060 2636 3121 potes
2667 3066 2679 3100 :
2710 3046 2792 3100 lex
2846 3039 3188 3111 Imperatoris
3239 3043 3340 3099 est,
3386 3047 3506 3102 quas

1919 3165 2122 3205 moram
2159 3163 2266 3202 non
2321 3144 2539 3214 patitur.
2580 3138 2716 3208 Quid
2761 3150 2941 3206 qumso
2995 3129 3166 3184 dicis?
3216 3128 3509 3195 Imperator

1912 3241 2074 3311 jussit
2094 3237 2347 3309 pecunias
2379 3231 2570 3304 pendi,
2590 3237 2722 3284 etut
2752 3241 2856 3280 non
2890 3221 3111 3293 pendas,
3143 3218 3252 3272 fieri
3274 3231 3377 3270 nou
3409 3229 3508 3283 po-

1916 3341 2055 3396 test;
2089 3331 2229 3384 Deus
2275 3327 2576 3397 juramenta
2635 3319 2817 3388 fugere
2851 3315 3028 3385 jussit,
3087 3318 3138 3364 et
3183 3307 3336 3370 dicis,
3389 3304 3504 3358 Non

1918 3437 2201 3494 possumus
2229 3420 2412 3488 fugere
2435 3410 2778 3484 juramenta?
2805 3407 2997 3462 Sextus
3030 3403 3116 3454 hic
3143 3400 3256 3454 dies
3274 3395 3510 3466 estquod

1922 3512 1991 3568 de
2018 3512 2121 3565 hoc
2140 3525 2235 3564 vos
2265 3517 2534 3578 praecepto
2554 3502 2818 3556 admoneo
2851 3513 2863 3549 :
2902 3496 2952 3549 in
2977 3493 3209 3548 futurum
3238 3488 3511 3542 vobiscum

1924 3603 2120 3674 pacisci
2159 3602 2302 3662 volo,
2339 3576 2606 3666 tamquam
2635 3592 2933 3653 desistens,
2989 3595 3046 3637 ut
3099 3580 3354 3636 caveatis.
3397 3576 3515 3631 Nor.

1920 3693 2147 3763 amplius
2168 3691 2318 3745 vobis
2339 3687 2437 3742 erit
2459 3682 2732 3739 excusatio
2750 3693 2920 3748 neque
2942 3674 3114 3737 venia,
3140 3671 3371 3724 maxime
3395 3681 3517 3720 cum

1923 3758 2130 3838 etiamsi
2154 3797 2180 3833 a
2211 3779 2363 3834 nobis
2379 3777 2575 3832 dictum
2599 3773 2784 3828 fuisset
2811 3768 2937 3823 nihil
2966 3809 2980 3831 ,
3009 3781 3037 3818 a
3071 3763 3222 3817 vobis
3250 3761 3379 3828 ipsis
3412 3758 3516 3812 hoc

1930 3874 2122 3941 corrigi
2172 3869 2416 3926 debuerit
2460 3880 2603 3920 :nec
2653 3863 2792 3918 enim
2838 3858 3038 3913 varium
3095 3861 3196 3916 est,
3251 3862 3302 3906 et
3355 3852 3518 3904 multa

1928 3940 2319 4031 praeparatione
2349 3957 2609 4026 indigens.
2658 3953 2790 4007 Cum
2839 3963 2968 4002 vero
2994 3955 3195 3998 tantum
3225 3943 3342 3996 sutis
3382 3940 3520 3993 nacti

1929 4049 2306 4105 admonitionis
2328 4057 2381 4102 et
2407 4043 2636 4108 consilii,
2665 4056 2822 4111 quam
2842 4036 3103 4091 habebitis
3121 4033 3521 4087 excusationem

1929 4141 2184 4204 accusati,
2213 4157 2307 4206 pro
2330 4133 2580 4191 tribunali
2603 4129 2873 4186 constituti
2894 4123 3190 4187 tremendo,
3208 4136 3328 4174 cum
3347 4135 3520 4189 pruna:

1933 4229 2385 4302 prrcvarieationis
2439 4225 2598 4295 hujus
2652 4238 2681 4275 a
2730 4219 2881 4275 vobis
2934 4213 3268 4286 exigentur?
3306 4211 3514 4265 Nullam

1932 4322 2125 4377 afferre
2167 4321 2346 4375 licebit
2391 4315 2792 4372 excusationem
2822 4350 2837 4369 .
2880 4307 2973 4362 sed
3027 4319 3247 4360 necesse
3296 4302 3397 4356 erit
3439 4301 3525 4355 vel

1933 4413 2246 4471 emendatos
2273 4411 2440 4472 abire,
2477 4407 2560 4460 vel
2590 4421 2695 4460 non
2724 4401 3034 4458 emendatos
3053 4396 3246 4468 puniri,
3265 4404 3318 4449 et
3344 4404 3525 4446 extre~

1936 4521 2080 4560 mum
2125 4503 2305 4557 subire
2350 4497 2689 4568 supplicium.
2730 4490 2856 4548 Haec
2886 4492 3044 4562 igitur
3069 4487 3245 4543 omnia
3289 4483 3528 4555 cogitan-

1936 4605 2018 4652 tes
2043 4599 2086 4663 ²,
2117 4611 2236 4650 cum
2263 4593 2423 4648 multa
2454 4591 2575 4645 hinc
2609 4605 2733 4644 cura
2758 4584 3012 4655 digressi,
3056 4597 3173 4652 qure
3226 4588 3304 4633 tot
3339 4578 3532 4634 diebus

1937 4688 2076 4743 dicta
2098 4695 2222 4741 sunt
2247 4685 2392 4738 omni
2415 4681 2654 4738 custodia
2687 4680 2736 4734 in
2777 4684 2959 4732 mente
2991 4682 3164 4728 vestra
3206 4685 3530 4724 conservare

1941 4780 2081 4837 inter
2104 4794 2200 4836 vos
2229 4774 2588 4833 exhortamini
2619 4791 2631 4826 :
2665 4787 2770 4843 quo
2811 4769 2896 4824 vel
2935 4768 3089 4822 nobis
3119 4764 3419 4819 tacentibus
3446 4763 3530 4814 al-

1943 4882 2026 4931 ter
2049 4876 2274 4929 alterum
2303 4871 2557 4926 docentes
2576 4909 2590 4931 ,
2623 4864 2968 4924 aedificantes,
2999 4857 3341 4913 exhortantes
3361 4897 3374 4918 ,
3395 4853 3535 4907 mul-

1945 4974 2056 5022 tum
2083 4961 2461 5020 demonstretis
2489 4957 2804 5030 profectum,
2836 4963 2891 5007 et
2917 4964 3104 5005 omnes
3131 4946 3364 5015 reliquas
3389 4944 3538 5014 leges

1943 5059 2249 5132 implentes,
2285 5055 2501 5112 aeternis
2546 5048 2794 5106 fruamini
2836 5043 3238 5111 coroniszquas
3264 5037 3542 5109 Contingat

1948 5170 2049 5211 nos
2078 5166 2266 5209 omnes
2292 5146 2524 5217 assequi,
2556 5145 2721 5215 gratia
2747 5147 2803 5196 et
2823 5135 3149 5206 benignitate
3200 5131 3411 5186 Domini
3444 5145 3542 5186 no-

1947 5247 2046 5303 stri
2070 5241 2194 5299 Jesu
2223 5240 2441 5304 Christi,
2485 5253 2580 5308 per
2608 5249 2766 5306 quem
2797 5240 2850 5286 et
2889 5244 3010 5284 cum
3045 5242 3150 5298 quo
3191 5223 3333 5279 Patri
3369 5221 3542 5293 gloria

1955 5339 2215 5407 simulque
2234 5344 2418 5388 sancto
2431 5328 2671 5401 Spiritui,
2691 5326 2746 5379 in
2781 5322 2972 5379 smcula
2995 5315 3523 5375 smculorum.Ameii

2015 5491 2032 5521 ι
2059 5496 2177 5542 Vox.
2199 5497 2346 5535 unum
2367 5483 2512 5532 deest
2534 5481 2582 5529 in
2600 5477 2888 5543 quibusdam
2909 5481 3017 5524 Mss.

2014 5552 2035 5585 τ
2061 5551 2147 5599 Alii
2165 5539 2178 5600 ἐ
2205 5557 2320 5599 Herc
2338 5544 2484 5611 igitur
2505 5539 2667 5594 onmés
2688 5539 2962 5605 cogitantes.
