  <div class='ocr_page' id='page_1' title='image "/cluster/home/n/w/nwhite01/storage/ocr_20150623/49:no.2:pt.1/coo.31924054869486/105.png"; bbox 0 0 4068 6448; ppageno 0'>
   <div class='ocr_carea' id='block_1_1' title="bbox 592 447 710 523">
    <p class='ocr_par' dir='ltr' id='par_1_1' title="bbox 592 447 710 523">
     <span class='ocr_line' id='line_1_1' title="bbox 592 447 710 523; baseline 0.076 -24"><span class='ocrx_word' id='word_1_1' title='bbox 592 447 710 523; x_wconf 44' lang='lat'><strong>.308</strong></span> 
     </span>
    </p>
   </div>
   <div class='ocr_carea' id='block_1_2' title="bbox 1387 443 3188 506">
    <p class='ocr_par' dir='ltr' id='par_1_2' title="bbox 1387 443 3188 506">
     <span class='ocr_line' id='line_1_2' title="bbox 1387 443 3188 506; baseline -0.001 -4"><span class='ocrx_word' id='word_1_2' title='bbox 1387 447 1445 502; x_wconf 87' lang='lat' dir='ltr'><strong>S.</strong></span> <span class='ocrx_word' id='word_1_3' title='bbox 1485 443 1763 503; x_wconf 80' lang='lat' dir='ltr'><strong>JOANNIS</strong></span> <span class='ocrx_word' id='word_1_4' title='bbox 1787 443 2258 503; x_wconf 78' lang='lat' dir='ltr'><strong>CHRYSOSTOMI</strong></span> <span class='ocrx_word' id='word_1_5' title='bbox 2298 447 2614 506; x_wconf 79' lang='lat' dir='ltr'><strong>ARCHIEP.</strong></span> <span class='ocrx_word' id='word_1_6' title='bbox 2653 444 3188 506; x_wconf 71' lang='lat' dir='ltr'><strong>CONSTANTINOP.</strong></span> 
     </span>
    </p>
   </div>
   <div class='ocr_carea' id='block_1_3' title="bbox 3787 458 3881 517">
    <p class='ocr_par' dir='ltr' id='par_1_3' title="bbox 3787 458 3881 517">
     <span class='ocr_line' id='line_1_3' title="bbox 3787 458 3881 517; baseline 0.043 -5"><span class='ocrx_word' id='word_1_7' title='bbox 3787 458 3881 517; x_wconf 69' lang='grc'><strong>101.</strong></span> 
     </span>
    </p>
   </div>
   <div class='ocr_carea' id='block_1_4' title="bbox 747 585 3880 612">
    <p class='ocr_par' dir='ltr' id='par_1_4' title="bbox 747 585 3880 612">
     <span class='ocr_line' id='line_1_4' title="bbox 747 585 3880 612; baseline 0.004 -12"><span class='ocrx_word' id='word_1_8' title='bbox 747 585 3880 612; x_wconf 50' lang='lat' dir='ltr'><strong>mm</strong></span> 
     </span>
    </p>
   </div>
   <div class='ocr_carea' id='block_1_5' title="bbox 609 671 3879 728">
    <p class='ocr_par' dir='ltr' id='par_1_5' title="bbox 609 671 3879 728">
     <span class='ocr_line' id='line_1_5' title="bbox 609 671 3879 728; baseline 0.004 -15"><span class='ocrx_word' id='word_1_9' title='bbox 609 671 678 713; x_wconf 66' lang='lat' dir='ltr'><strong>LA</strong></span> <span class='ocrx_word' id='word_1_10' title='bbox 703 675 942 719; x_wconf 68' lang='lat' dir='ltr'><strong>CDATIO</strong></span> <span class='ocrx_word' id='word_1_11' title='bbox 983 674 1201 719; x_wconf 74' lang='lat' dir='ltr'><strong>EORUM</strong></span> <span class='ocrx_word' id='word_1_12' title='bbox 1243 674 1352 728; x_wconf 77' lang='lat' dir='ltr'><strong>QUI</strong></span> <span class='ocrx_word' id='word_1_13' title='bbox 1394 675 1670 719; x_wconf 72' lang='lat' dir='ltr'><strong>JURANDI</strong></span> <span class='ocrx_word' id='word_1_14' title='bbox 1710 675 2245 720; x_wconf 76' lang='lat' dir='ltr'><strong>CONSUETUDINEM</strong></span> <span class='ocrx_word' id='word_1_15' title='bbox 2288 674 2740 717; x_wconf 76' lang='lat' dir='ltr'><strong>DEPOSUERANT</strong></span> <span class='ocrx_word' id='word_1_16' title='bbox 2771 677 2786 716; x_wconf 73' lang='grc' dir='ltr'><strong>ἓ</strong></span> <span class='ocrx_word' id='word_1_17' title='bbox 2821 677 2899 718; x_wconf 84' lang='grc' dir='ltr'><strong>ΕΤ</strong></span> <span class='ocrx_word' id='word_1_18' title='bbox 2942 675 3113 728; x_wconf 82' lang='lat' dir='ltr'><strong>QUOD</strong></span> <span class='ocrx_word' id='word_1_19' title='bbox 3156 675 3331 720; x_wconf 75' lang='lat' dir='ltr'><strong>NEMO</strong></span> <span class='ocrx_word' id='word_1_20' title='bbox 3399 677 3879 726; x_wconf 72' lang='lat' dir='ltr'><strong>SUPERSTITIONB</strong></span> 
     </span>
    </p>
   </div>
   <div class='ocr_carea' id='block_1_6' title="bbox 701 773 3880 832">
    <p class='ocr_par' dir='ltr' id='par_1_6' title="bbox 701 773 3880 832">
     <span class='ocr_line' id='line_1_6' title="bbox 701 773 3880 832; baseline 0.004 -16"><span class='ocrx_word' id='word_1_21' title='bbox 701 773 935 816; x_wconf 74' lang='lat' dir='ltr'><strong>TENERI</strong></span> <span class='ocrx_word' id='word_1_22' title='bbox 976 774 1206 829; x_wconf 82' lang='lat' dir='ltr'><strong>DEBET,</strong></span> <span class='ocrx_word' id='word_1_23' title='bbox 1249 773 1333 817; x_wconf 75' lang='lat' dir='ltr'><strong>NE</strong></span> <span class='ocrx_word' id='word_1_24' title='bbox 1374 773 1529 817; x_wconf 79' lang='lat' dir='ltr'><strong>POST</strong></span> <span class='ocrx_word' id='word_1_25' title='bbox 1570 774 2017 818; x_wconf 75' lang='lat' dir='ltr'><strong>REFECTIONEM</strong></span> <span class='ocrx_word' id='word_1_26' title='bbox 2061 773 2310 816; x_wconf 77' lang='lat' dir='ltr'><strong>DIVINOS</strong></span> <span class='ocrx_word' id='word_1_27' title='bbox 2351 773 2416 816; x_wconf 82' lang='lat' dir='ltr'><strong>IN</strong></span> <span class='ocrx_word' id='word_1_28' title='bbox 2461 774 2753 817; x_wconf 77' lang='lat' dir='ltr'><strong>ECCLESIA</strong></span> <span class='ocrx_word' id='word_1_29' title='bbox 2797 775 3125 818; x_wconf 74' lang='lat' dir='ltr'><strong>SERMONES</strong></span> <span class='ocrx_word' id='word_1_30' title='bbox 3164 777 3405 820; x_wconf 72' lang='lat' dir='ltr'><strong>AUDIAT</strong></span> <span class='ocrx_word' id='word_1_31' title='bbox 3436 781 3450 820; x_wconf 75' lang='grc' dir='ltr'>ζ</span> <span class='ocrx_word' id='word_1_32' title='bbox 3485 779 3698 832; x_wconf 67' lang='grc' dir='ltr'><strong>ρυΔΒις</strong></span> <span class='ocrx_word' id='word_1_33' title='bbox 3741 784 3880 830; x_wconf 72' lang='grc'><strong>1³081³</strong></span> 
     </span>
    </p>
   </div>
   <div class='ocr_carea' id='block_1_7' title="bbox 695 872 3877 928">
    <p class='ocr_par' dir='ltr' id='par_1_7' title="bbox 695 872 3877 928">
     <span class='ocr_line' id='line_1_7' title="bbox 695 872 3877 928; baseline 0.003 -10"><span class='ocrx_word' id='word_1_34' title='bbox 695 872 968 919; x_wconf 64' lang='grc' dir='ltr'><strong>λίῠιἸὋΜ</strong></span> <span class='ocrx_word' id='word_1_35' title='bbox 1010 873 1259 920; x_wconf 72' lang='lat' dir='ltr'><strong>TBMPUS</strong></span> <span class='ocrx_word' id='word_1_36' title='bbox 1303 874 1542 917; x_wconf 71' lang='lat' dir='ltr'><strong>DIVINE</strong></span> <span class='ocrx_word' id='word_1_37' title='bbox 1585 874 1746 918; x_wconf 76' lang='lat' dir='ltr'><strong>SUNT</strong></span> <span class='ocrx_word' id='word_1_38' title='bbox 1792 874 2088 916; x_wconf 66' lang='grc' dir='ltr'><strong>ΤΒΔΒῙΤΕ</strong></span> <span class='ocrx_word' id='word_1_39' title='bbox 2132 872 2496 914; x_wconf 72' lang='grc' dir='ltr'>εριιιΡΤυιιιΕ</span> <span class='ocrx_word' id='word_1_40' title='bbox 2529 875 2543 914; x_wconf 77' lang='grc' dir='ltr'><strong>Ξ</strong></span> <span class='ocrx_word' id='word_1_41' title='bbox 2580 874 2660 914; x_wconf 81' lang='lat' dir='ltr'><strong>ET</strong></span> <span class='ocrx_word' id='word_1_42' title='bbox 2703 873 2766 914; x_wconf 81' lang='lat' dir='ltr'><strong>IN</strong></span> <span class='ocrx_word' id='word_1_43' title='bbox 2811 874 3022 928; x_wconf 80' lang='lat' dir='ltr'><strong>ILLUD,</strong></span> <span class='ocrx_word' id='word_1_44' title='bbox 3056 873 3212 918; x_wconf 77' lang='lat' dir='ltr'><strong>C(ELI</strong></span> <span class='ocrx_word' id='word_1_45' title='bbox 3243 875 3582 921; x_wconf 69' lang='lat' dir='ltr'><strong>ENABBANT</strong></span> <span class='ocrx_word' id='word_1_46' title='bbox 3610 879 3877 927; x_wconf 69' lang='lat' dir='ltr'><strong>GLOBIAM</strong></span> 
     </span>
    </p>
   </div>
   <div class='ocr_carea' id='block_1_8' title="bbox 697 954 3520 1038">
    <p class='ocr_par' dir='ltr' id='par_1_8' title="bbox 697 954 3520 1038">
     <span class='ocr_line' id='line_1_8' title="bbox 697 954 3520 1038; baseline 0 -20"><span class='ocrx_word' id='word_1_47' title='bbox 697 973 806 1018; x_wconf 77' lang='lat' dir='ltr'><strong>unt</strong></span> <span class='ocrx_word' id='word_1_48' title='bbox 839 954 1060 1038; x_wconf 74' lang='lat' dir='ltr'><strong>(Psal.</strong></span> <span class='ocrx_word' id='word_1_49' title='bbox 1107 955 1206 1025; x_wconf 82' lang='lat'><strong>18,</strong></span> <span class='ocrx_word' id='word_1_50' title='bbox 1249 955 1330 1036; x_wconf 83' lang='lat'><strong>2)</strong></span> <span class='ocrx_word' id='word_1_51' title='bbox 1366 973 1615 1017; x_wconf 72' lang='lat' dir='ltr'><strong>:MUNDI</strong></span> <span class='ocrx_word' id='word_1_52' title='bbox 1644 972 1991 1016; x_wconf 71' lang='grc' dir='ltr'>ιιΑτυιιΑιιε</span> <span class='ocrx_word' id='word_1_53' title='bbox 2019 969 2392 1013; x_wconf 80' lang='lat' dir='ltr'><strong>DESCRIPTIO</strong></span> <span class='ocrx_word' id='word_1_54' title='bbox 2425 972 2440 1012; x_wconf 91' lang='lat'><strong>:</strong></span> <span class='ocrx_word' id='word_1_55' title='bbox 2474 971 2555 1014; x_wconf 71' lang='lat' dir='ltr'><strong>ar</strong></span> <span class='ocrx_word' id='word_1_56' title='bbox 2585 971 2648 1014; x_wconf 68' lang='grc' dir='ltr'>ω</span> <span class='ocrx_word' id='word_1_57' title='bbox 2694 972 2865 1029; x_wconf 76' lang='lat' dir='ltr'><strong>FINE,</strong></span> <span class='ocrx_word' id='word_1_58' title='bbox 2911 973 2995 1014; x_wconf 70' lang='lat' dir='ltr'><strong>ne</strong></span> <span class='ocrx_word' id='word_1_59' title='bbox 3037 972 3162 1017; x_wconf 70' lang='lat' dir='ltr'><strong>non</strong></span> <span class='ocrx_word' id='word_1_60' title='bbox 3204 973 3520 1018; x_wconf 68' lang='lat' dir='ltr'><strong>wnuno.</strong></span> 
     </span>
    </p>
   </div>
   <div class='ocr_carea' id='block_1_9' title="bbox 2021 1098 2435 1166">
    <p class='ocr_par' dir='ltr' id='par_1_9' title="bbox 2021 1098 2435 1166">
     <span class='ocr_line' id='line_1_9' title="bbox 2021 1098 2435 1166; baseline -0.01 1"><span class='ocrx_word' id='word_1_61' title='bbox 2021 1098 2435 1166; x_wconf 52' lang='lat' dir='ltr'><strong>WW-</strong></span> 
     </span>
    </p>
   </div>
   <div class='ocr_carea' id='block_1_10' title="bbox 1243 1251 1572 1292">
    <p class='ocr_par' dir='ltr' id='par_1_10' title="bbox 1243 1251 1572 1292">
     <span class='ocr_line' id='line_1_10' title="bbox 1243 1251 1572 1292; baseline -0.006 0"><span class='ocrx_word' id='word_1_62' title='bbox 1243 1251 1461 1292; x_wconf 68' lang='grc' dir='ltr'>ποκιιιι</span> <span class='ocrx_word' id='word_1_63' title='bbox 1499 1253 1572 1291; x_wconf 78' lang='lat' dir='ltr'><strong>IX.</strong></span> 
     </span>
    </p>
   </div>
   <div class='ocr_carea' id='block_1_11' title="bbox 688 1351 2194 1424">
    <p class='ocr_par' dir='ltr' id='par_1_11' title="bbox 688 1351 2194 1424">
     <span class='ocr_line' id='line_1_11' title="bbox 688 1351 2194 1424; baseline -0.004 -14"><span class='ocrx_word' id='word_1_64' title='bbox 688 1357 738 1411; x_wconf 80' lang='lat' dir='ltr'><strong>l.</strong></span> <span class='ocrx_word' id='word_1_65' title='bbox 780 1352 849 1410; x_wconf 84' lang='lat' dir='ltr'><strong>Et</strong></span> <span class='ocrx_word' id='word_1_66' title='bbox 877 1369 1046 1424; x_wconf 81' lang='lat' dir='ltr'><strong>nuper</strong></span> <span class='ocrx_word' id='word_1_67' title='bbox 1074 1351 1140 1406; x_wconf 89' lang='lat' dir='ltr'><strong>ad</strong></span> <span class='ocrx_word' id='word_1_68' title='bbox 1168 1365 1265 1406; x_wconf 90' lang='lat' dir='ltr'><strong>vos</strong></span> <span class='ocrx_word' id='word_1_69' title='bbox 1291 1393 1304 1416; x_wconf 89' lang='lat'><strong>,</strong></span> <span class='ocrx_word' id='word_1_70' title='bbox 1335 1363 1388 1406; x_wconf 91' lang='lat' dir='ltr'><strong>et</strong></span> <span class='ocrx_word' id='word_1_71' title='bbox 1427 1367 1568 1405; x_wconf 92' lang='lat' dir='ltr'><strong>nunc</strong></span> <span class='ocrx_word' id='word_1_72' title='bbox 1598 1351 1666 1406; x_wconf 87' lang='lat' dir='ltr'><strong>ad</strong></span> <span class='ocrx_word' id='word_1_73' title='bbox 1707 1367 1802 1406; x_wconf 90' lang='lat' dir='ltr'><strong>vos</strong></span> <span class='ocrx_word' id='word_1_74' title='bbox 1826 1352 1986 1408; x_wconf 87' lang='lat' dir='ltr'><strong>verba</strong></span> <span class='ocrx_word' id='word_1_75' title='bbox 2011 1351 2147 1406; x_wconf 80' lang='lat' dir='ltr'><strong>facio</strong></span> <span class='ocrx_word' id='word_1_76' title='bbox 2179 1368 2194 1404; x_wconf 89' lang='lat'>:</span> 
     </span>
    </p>
   </div>
   <div class='ocr_carea' id='block_1_12' title="bbox 617 1442 2199 1514">
    <p class='ocr_par' dir='ltr' id='par_1_12' title="bbox 617 1442 2199 1514">
     <span class='ocr_line' id='line_1_12' title="bbox 617 1442 2199 1514; baseline -0.004 -11"><span class='ocrx_word' id='word_1_77' title='bbox 617 1449 815 1503; x_wconf 89' lang='lat' dir='ltr'><strong>utinam</strong></span> <span class='ocrx_word' id='word_1_78' title='bbox 848 1461 977 1500; x_wconf 91' lang='lat' dir='ltr'><strong>vero</strong></span> <span class='ocrx_word' id='word_1_79' title='bbox 1010 1452 1063 1499; x_wconf 90' lang='lat' dir='ltr'><strong>et</strong></span> <span class='ocrx_word' id='word_1_80' title='bbox 1096 1455 1312 1514; x_wconf 81' lang='lat' dir='ltr'><strong>semper</strong></span> <span class='ocrx_word' id='word_1_81' title='bbox 1333 1442 1634 1510; x_wconf 85' lang='lat' dir='ltr'><strong>vobiscum,</strong></span> <span class='ocrx_word' id='word_1_82' title='bbox 1665 1443 1773 1496; x_wconf 93' lang='lat' dir='ltr'><strong>imo</strong></span> <span class='ocrx_word' id='word_1_83' title='bbox 1795 1445 1969 1512; x_wconf 77' lang='lat' dir='ltr'><strong>potius</strong></span> <span class='ocrx_word' id='word_1_84' title='bbox 1988 1458 2199 1512; x_wconf 87' lang='lat' dir='ltr'><strong>semper</strong></span> 
     </span>
    </p>
   </div>
   <div class='ocr_carea' id='block_1_13' title="bbox 616 1533 2197 1604">
    <p class='ocr_par' dir='ltr' id='par_1_13' title="bbox 616 1533 2197 1604">
     <span class='ocr_line' id='line_1_13' title="bbox 616 1533 2197 1604; baseline -0.003 -13"><span class='ocrx_word' id='word_1_85' title='bbox 616 1538 890 1593; x_wconf 77' lang='lat' dir='ltr'><strong>vobiscum</strong></span> <span class='ocrx_word' id='word_1_86' title='bbox 914 1577 931 1604; x_wconf 89' lang='lat'><strong>,</strong></span> <span class='ocrx_word' id='word_1_87' title='bbox 961 1535 1061 1592; x_wconf 87' lang='lat' dir='ltr'><strong>etsi</strong></span> <span class='ocrx_word' id='word_1_88' title='bbox 1093 1550 1196 1588; x_wconf 89' lang='lat' dir='ltr'><strong>non</strong></span> <span class='ocrx_word' id='word_1_89' title='bbox 1224 1534 1464 1603; x_wconf 86' lang='lat' dir='ltr'><strong>corporis</strong></span> <span class='ocrx_word' id='word_1_90' title='bbox 1494 1534 1772 1603; x_wconf 72' lang='lat' dir='ltr'><strong>prmsentia</strong></span> <span class='ocrx_word' id='word_1_91' title='bbox 1790 1533 2004 1598; x_wconf 88' lang='lat' dir='ltr'><strong>,saltem</strong></span> <span class='ocrx_word' id='word_1_92' title='bbox 2020 1533 2197 1586; x_wconf 83' lang='lat' dir='ltr'><strong>chari-</strong></span> 
     </span>
    </p>
   </div>
   <div class='ocr_carea' id='block_1_14' title="bbox 616 1625 2198 1691">
    <p class='ocr_par' dir='ltr' id='par_1_14' title="bbox 616 1625 2198 1691">
     <span class='ocr_line' id='line_1_14' title="bbox 616 1625 2198 1691; baseline -0.004 -8"><span class='ocrx_word' id='word_1_93' title='bbox 616 1633 737 1683; x_wconf 87' lang='lat' dir='ltr'><strong>tatis</strong></span> <span class='ocrx_word' id='word_1_94' title='bbox 763 1627 815 1683; x_wconf 89' lang='lat' dir='ltr'><strong>vi</strong></span> <span class='ocrx_word' id='word_1_95' title='bbox 848 1645 861 1682; x_wconf 89' lang='lat'><strong>:</strong></span> <span class='ocrx_word' id='word_1_96' title='bbox 891 1643 988 1682; x_wconf 91' lang='lat' dir='ltr'><strong>nec</strong></span> <span class='ocrx_word' id='word_1_97' title='bbox 1013 1627 1152 1681; x_wconf 88' lang='lat' dir='ltr'><strong>enim</strong></span> <span class='ocrx_word' id='word_1_98' title='bbox 1186 1626 1312 1679; x_wconf 89' lang='lat' dir='ltr'><strong>mihi</strong></span> <span class='ocrx_word' id='word_1_99' title='bbox 1342 1633 1425 1680; x_wconf 88' lang='lat' dir='ltr'><strong>est</strong></span> <span class='ocrx_word' id='word_1_100' title='bbox 1459 1625 1561 1678; x_wconf 87' lang='lat' dir='ltr'><strong>alia</strong></span> <span class='ocrx_word' id='word_1_101' title='bbox 1594 1626 1700 1679; x_wconf 91' lang='lat' dir='ltr'><strong>vita</strong></span> <span class='ocrx_word' id='word_1_102' title='bbox 1724 1666 1738 1691; x_wconf 94' lang='lat'><strong>,</strong></span> <span class='ocrx_word' id='word_1_103' title='bbox 1772 1625 1874 1678; x_wconf 88' lang='lat' dir='ltr'><strong>nisi</strong></span> <span class='ocrx_word' id='word_1_104' title='bbox 1903 1639 1998 1678; x_wconf 88' lang='lat' dir='ltr'><strong>vos</strong></span> <span class='ocrx_word' id='word_1_105' title='bbox 2026 1633 2081 1678; x_wconf 92' lang='lat' dir='ltr'><strong>et</strong></span> <span class='ocrx_word' id='word_1_106' title='bbox 2114 1639 2198 1677; x_wconf 86' lang='lat' dir='ltr'><strong>sa-</strong></span> 
     </span>
    </p>
   </div>
   <div class='ocr_carea' id='block_1_15' title="bbox 621 1717 2198 1775">
    <p class='ocr_par' dir='ltr' id='par_1_15' title="bbox 621 1717 2198 1775">
     <span class='ocr_line' id='line_1_15' title="bbox 621 1717 2198 1775; baseline 0.001 -3"><span class='ocrx_word' id='word_1_107' title='bbox 621 1720 742 1773; x_wconf 91' lang='lat' dir='ltr'><strong>lutis</strong></span> <span class='ocrx_word' id='word_1_108' title='bbox 769 1731 958 1775; x_wconf 67' lang='lat' dir='ltr'><strong>vestrae</strong></span> <span class='ocrx_word' id='word_1_109' title='bbox 978 1735 1122 1773; x_wconf 91' lang='lat' dir='ltr'><strong>cura.</strong></span> <span class='ocrx_word' id='word_1_110' title='bbox 1153 1717 1302 1772; x_wconf 88' lang='lat' dir='ltr'><strong>Sicut</strong></span> <span class='ocrx_word' id='word_1_111' title='bbox 1323 1719 1462 1771; x_wconf 91' lang='lat' dir='ltr'><strong>enim</strong></span> <span class='ocrx_word' id='word_1_112' title='bbox 1486 1718 1707 1772; x_wconf 87' lang='lat' dir='ltr'><strong>eolonus</strong></span> <span class='ocrx_word' id='word_1_113' title='bbox 1728 1717 1858 1770; x_wconf 91' lang='lat' dir='ltr'><strong>nihil</strong></span> <span class='ocrx_word' id='word_1_114' title='bbox 1881 1717 2020 1772; x_wconf 86' lang='lat' dir='ltr'><strong>aliud</strong></span> <span class='ocrx_word' id='word_1_115' title='bbox 2046 1727 2198 1773; x_wconf 84' lang='lat' dir='ltr'><strong>curat</strong></span> 
     </span>
    </p>
   </div>
   <div class='ocr_carea' id='block_1_16' title="bbox 617 1807 2192 1880">
    <p class='ocr_par' dir='ltr' id='par_1_16' title="bbox 617 1807 2192 1880">
     <span class='ocr_line' id='line_1_16' title="bbox 617 1807 2192 1880; baseline -0.001 -17"><span class='ocrx_word' id='word_1_116' title='bbox 617 1820 812 1880; x_wconf 60' lang='lat' dir='ltr'><strong>printer</strong></span> <span class='ocrx_word' id='word_1_117' title='bbox 837 1810 1036 1864; x_wconf 85' lang='lat' dir='ltr'><strong>semina</strong></span> <span class='ocrx_word' id='word_1_118' title='bbox 1064 1817 1118 1861; x_wconf 90' lang='lat' dir='ltr'><strong>et</strong></span> <span class='ocrx_word' id='word_1_119' title='bbox 1151 1818 1358 1878; x_wconf 85' lang='lat' dir='ltr'><strong>segetes</strong></span> <span class='ocrx_word' id='word_1_120' title='bbox 1383 1848 1397 1872; x_wconf 94' lang='lat'><strong>,</strong></span> <span class='ocrx_word' id='word_1_121' title='bbox 1428 1818 1483 1860; x_wconf 85' lang='lat' dir='ltr'><strong>et</strong></span> <span class='ocrx_word' id='word_1_122' title='bbox 1510 1817 1665 1861; x_wconf 85' lang='lat' dir='ltr'><strong>nauta</strong></span> <span class='ocrx_word' id='word_1_123' title='bbox 1697 1807 1865 1861; x_wconf 84' lang='lat' dir='ltr'><strong>undas</strong></span> <span class='ocrx_word' id='word_1_124' title='bbox 1891 1819 1943 1863; x_wconf 92' lang='lat' dir='ltr'><strong>et</strong></span> <span class='ocrx_word' id='word_1_125' title='bbox 1969 1817 2152 1877; x_wconf 90' lang='lat' dir='ltr'><strong>portus</strong></span> <span class='ocrx_word' id='word_1_126' title='bbox 2180 1825 2192 1862; x_wconf 93' lang='lat'>:</span> 
     </span>
    </p>
   </div>
   <div class='ocr_carea' id='block_1_17' title="bbox 615 1899 2193 1970">
    <p class='ocr_par' dir='ltr' id='par_1_17' title="bbox 615 1899 2193 1970">
     <span class='ocr_line' id='line_1_17' title="bbox 615 1899 2193 1970; baseline 0 -15"><span class='ocrx_word' id='word_1_127' title='bbox 615 1902 693 1956; x_wconf 91' lang='lat' dir='ltr'><strong>sic</strong></span> <span class='ocrx_word' id='word_1_128' title='bbox 715 1912 770 1957; x_wconf 90' lang='lat' dir='ltr'><strong>et</strong></span> <span class='ocrx_word' id='word_1_129' title='bbox 802 1902 888 1970; x_wconf 84' lang='lat' dir='ltr'><strong>qui</strong></span> <span class='ocrx_word' id='word_1_130' title='bbox 918 1900 1172 1970; x_wconf 79' lang='lat' dir='ltr'><strong>loquitur,</strong></span> <span class='ocrx_word' id='word_1_131' title='bbox 1202 1899 1472 1954; x_wconf 85' lang='lat' dir='ltr'><strong>auditores</strong></span> <span class='ocrx_word' id='word_1_132' title='bbox 1499 1910 1668 1965; x_wconf 85' lang='lat' dir='ltr'><strong>curat,</strong></span> <span class='ocrx_word' id='word_1_133' title='bbox 1697 1909 1752 1954; x_wconf 88' lang='lat' dir='ltr'><strong>et</strong></span> <span class='ocrx_word' id='word_1_134' title='bbox 1778 1900 1986 1954; x_wconf 88' lang='lat' dir='ltr'><strong>illorum</strong></span> <span class='ocrx_word' id='word_1_135' title='bbox 2017 1899 2193 1969; x_wconf 85' lang='lat' dir='ltr'><strong>profc-</strong></span> 
     </span>
    </p>
   </div>
   <div class='ocr_carea' id='block_1_18' title="bbox 611 1991 2196 2062">
    <p class='ocr_par' dir='ltr' id='par_1_18' title="bbox 611 1991 2196 2062">
     <span class='ocr_line' id='line_1_18' title="bbox 611 1991 2196 2062; baseline 0.002 -15"><span class='ocrx_word' id='word_1_136' title='bbox 611 2003 777 2059; x_wconf 90' lang='lat' dir='ltr'><strong>ctum,</strong></span> <span class='ocrx_word' id='word_1_137' title='bbox 800 1992 936 2046; x_wconf 93' lang='lat' dir='ltr'><strong>sicut</strong></span> <span class='ocrx_word' id='word_1_138' title='bbox 959 2002 1014 2046; x_wconf 90' lang='lat' dir='ltr'><strong>et</strong></span> <span class='ocrx_word' id='word_1_139' title='bbox 1037 2007 1136 2062; x_wconf 93' lang='lat' dir='ltr'><strong>ego</strong></span> <span class='ocrx_word' id='word_1_140' title='bbox 1163 2006 1304 2047; x_wconf 90' lang='lat' dir='ltr'><strong>nunc</strong></span> <span class='ocrx_word' id='word_1_141' title='bbox 1325 1993 1363 2044; x_wconf 78' lang='grc' dir='ltr'><strong>ί.</strong></span> <span class='ocrx_word' id='word_1_142' title='bbox 1389 1991 1514 2046; x_wconf 80' lang='lat' dir='ltr'><strong>ideo</strong></span> <span class='ocrx_word' id='word_1_143' title='bbox 1535 2001 1588 2046; x_wconf 88' lang='lat' dir='ltr'><strong>et</strong></span> <span class='ocrx_word' id='word_1_144' title='bbox 1610 2008 1796 2047; x_wconf 89' lang='lat' dir='ltr'><strong>omnes</strong></span> <span class='ocrx_word' id='word_1_145' title='bbox 1822 2009 1917 2048; x_wconf 91' lang='lat' dir='ltr'><strong>vos</strong></span> <span class='ocrx_word' id='word_1_146' title='bbox 1939 1994 1991 2048; x_wconf 93' lang='lat' dir='ltr'><strong>in</strong></span> <span class='ocrx_word' id='word_1_147' title='bbox 2019 2003 2196 2050; x_wconf 84' lang='lat' dir='ltr'><strong>mente</strong></span> 
     </span>
    </p>
   </div>
   <div class='ocr_carea' id='block_1_19' title="bbox 613 2081 2190 2151">
    <p class='ocr_par' dir='ltr' id='par_1_19' title="bbox 613 2081 2190 2151">
     <span class='ocr_line' id='line_1_19' title="bbox 613 2081 2190 2151; baseline 0.004 -16"><span class='ocrx_word' id='word_1_148' title='bbox 613 2098 727 2137; x_wconf 80' lang='lat' dir='ltr'><strong>inea</strong></span> <span class='ocrx_word' id='word_1_149' title='bbox 754 2081 1101 2149; x_wconf 73' lang='lat' dir='ltr'><strong>circumfero,</strong></span> <span class='ocrx_word' id='word_1_150' title='bbox 1133 2099 1232 2139; x_wconf 90' lang='lat' dir='ltr'><strong>nec</strong></span> <span class='ocrx_word' id='word_1_151' title='bbox 1258 2099 1385 2138; x_wconf 87' lang='lat' dir='ltr'><strong>vero</strong></span> <span class='ocrx_word' id='word_1_152' title='bbox 1413 2083 1500 2139; x_wconf 91' lang='lat' dir='ltr'><strong>hic</strong></span> <span class='ocrx_word' id='word_1_153' title='bbox 1541 2093 1739 2138; x_wconf 88' lang='lat' dir='ltr'><strong>tantum</strong></span> <span class='ocrx_word' id='word_1_154' title='bbox 1763 2127 1778 2151; x_wconf 91' lang='lat'><strong>,</strong></span> <span class='ocrx_word' id='word_1_155' title='bbox 1811 2085 1904 2140; x_wconf 87' lang='lat' dir='ltr'><strong>sed</strong></span> <span class='ocrx_word' id='word_1_156' title='bbox 1947 2096 2001 2141; x_wconf 88' lang='lat' dir='ltr'><strong>et</strong></span> <span class='ocrx_word' id='word_1_157' title='bbox 2029 2087 2190 2141; x_wconf 91' lang='lat' dir='ltr'><strong>domi.</strong></span> 
     </span>
    </p>
   </div>
   <div class='ocr_carea' id='block_1_20' title="bbox 611 2171 2192 2244">
    <p class='ocr_par' dir='ltr' id='par_1_20' title="bbox 611 2171 2192 2244">
     <span class='ocr_line' id='line_1_20' title="bbox 611 2171 2192 2244; baseline 0.004 -16"><span class='ocrx_word' id='word_1_158' title='bbox 611 2172 724 2228; x_wconf 86' lang='lat' dir='ltr'><strong>Etsi</strong></span> <span class='ocrx_word' id='word_1_159' title='bbox 752 2171 893 2228; x_wconf 91' lang='lat' dir='ltr'><strong>enim</strong></span> <span class='ocrx_word' id='word_1_160' title='bbox 931 2172 1129 2228; x_wconf 90' lang='lat' dir='ltr'><strong>multus</strong></span> <span class='ocrx_word' id='word_1_161' title='bbox 1167 2185 1250 2228; x_wconf 86' lang='lat' dir='ltr'><strong>est</strong></span> <span class='ocrx_word' id='word_1_162' title='bbox 1289 2175 1538 2244; x_wconf 86' lang='lat' dir='ltr'><strong>pepulus,</strong></span> <span class='ocrx_word' id='word_1_163' title='bbox 1567 2185 1621 2231; x_wconf 93' lang='lat' dir='ltr'><strong>ct</strong></span> <span class='ocrx_word' id='word_1_164' title='bbox 1660 2175 1838 2232; x_wconf 87' lang='lat' dir='ltr'><strong>brevis</strong></span> <span class='ocrx_word' id='word_1_165' title='bbox 1872 2179 2049 2234; x_wconf 88' lang='lat' dir='ltr'><strong>cordis</strong></span> <span class='ocrx_word' id='word_1_166' title='bbox 2087 2181 2192 2236; x_wconf 90' lang='lat' dir='ltr'><strong>mei</strong></span> 
     </span>
    </p>
   </div>
   <div class='ocr_carea' id='block_1_21' title="bbox 609 2265 2194 2341">
    <p class='ocr_par' dir='ltr' id='par_1_21' title="bbox 609 2265 2194 2341">
     <span class='ocr_line' id='line_1_21' title="bbox 609 2265 2194 2341; baseline 0.003 -22"><span class='ocrx_word' id='word_1_167' title='bbox 609 2279 879 2330; x_wconf 82' lang='lat' dir='ltr'><strong>mensura,</strong></span> <span class='ocrx_word' id='word_1_168' title='bbox 902 2265 998 2320; x_wconf 92' lang='lat' dir='ltr'><strong>sed</strong></span> <span class='ocrx_word' id='word_1_169' title='bbox 1019 2266 1121 2319; x_wconf 86' lang='lat' dir='ltr'><strong>lata</strong></span> <span class='ocrx_word' id='word_1_170' title='bbox 1142 2265 1559 2334; x_wconf 88' lang='lat' dir='ltr'><strong>estcharitas,et</strong></span> <span class='ocrx_word' id='word_1_171' title='bbox 1575 2267 1694 2326; x_wconf 75' lang='lat' dir='ltr'><strong>Non</strong></span> <span class='ocrx_word' id='word_1_172' title='bbox 1707 2271 1760 2324; x_wconf 84' lang='lat' dir='ltr'><strong>in</strong></span> <span class='ocrx_word' id='word_1_173' title='bbox 1777 2268 1918 2323; x_wconf 72' lang='lat' dir='ltr'><strong>nobis</strong></span> <span class='ocrx_word' id='word_1_174' title='bbox 1935 2273 2194 2341; x_wconf 78' lang='lat' dir='ltr'><strong>angustia-</strong></span> 
     </span>
    </p>
   </div>
   <div class='ocr_carea' id='block_1_22' title="bbox 609 2355 2191 2430">
    <p class='ocr_par' dir='ltr' id='par_1_22' title="bbox 609 2355 2191 2430">
     <span class='ocr_line' id='line_1_22' title="bbox 609 2355 2191 2430; baseline 0.007 -22"><span class='ocrx_word' id='word_1_175' title='bbox 609 2358 732 2411; x_wconf 83' lang='lat' dir='ltr'><strong>nu’m&#39;</strong></span> <span class='ocrx_word' id='word_1_176' title='bbox 759 2357 837 2428; x_wconf 70' lang='grc'><strong>(2.</strong></span> <span class='ocrx_word' id='word_1_177' title='bbox 863 2355 981 2412; x_wconf 85' lang='lat' dir='ltr'><strong>Cor.</strong></span> <span class='ocrx_word' id='word_1_178' title='bbox 1011 2358 1064 2414; x_wconf 87' lang='lat'><strong>6.</strong></span> <span class='ocrx_word' id='word_1_179' title='bbox 1095 2357 1184 2428; x_wconf 72' lang='grc'><strong>12)</strong></span> <span class='ocrx_word' id='word_1_180' title='bbox 1209 2377 1222 2412; x_wconf 89' lang='lat'><strong>:</strong></span> <span class='ocrx_word' id='word_1_181' title='bbox 1247 2361 1521 2430; x_wconf 85' lang='lat' dir='ltr'><strong>sequentia</strong></span> <span class='ocrx_word' id='word_1_182' title='bbox 1553 2376 1677 2415; x_wconf 90' lang='lat' dir='ltr'><strong>vero</strong></span> <span class='ocrx_word' id='word_1_183' title='bbox 1705 2377 1810 2416; x_wconf 89' lang='lat' dir='ltr'><strong>non</strong></span> <span class='ocrx_word' id='word_1_184' title='bbox 1835 2362 2060 2429; x_wconf 89' lang='lat' dir='ltr'><strong>addam;</strong></span> <span class='ocrx_word' id='word_1_185' title='bbox 2094 2380 2191 2420; x_wconf 90' lang='lat' dir='ltr'><strong>ne-</strong></span> 
     </span>
    </p>
   </div>
   <div class='ocr_carea' id='block_1_23' title="bbox 612 2447 2190 2518">
    <p class='ocr_par' dir='ltr' id='par_1_23' title="bbox 612 2447 2190 2518">
     <span class='ocr_line' id='line_1_23' title="bbox 612 2447 2190 2518; baseline 0.006 -19"><span class='ocrx_word' id='word_1_186' title='bbox 612 2462 716 2516; x_wconf 88' lang='lat' dir='ltr'><strong>que</strong></span> <span class='ocrx_word' id='word_1_187' title='bbox 745 2447 887 2502; x_wconf 89' lang='lat' dir='ltr'><strong>enim</strong></span> <span class='ocrx_word' id='word_1_188' title='bbox 925 2461 1023 2501; x_wconf 92' lang='lat' dir='ltr'><strong>nos</strong></span> <span class='ocrx_word' id='word_1_189' title='bbox 1052 2447 1190 2517; x_wconf 89' lang='lat' dir='ltr'><strong>apud</strong></span> <span class='ocrx_word' id='word_1_190' title='bbox 1220 2463 1313 2503; x_wconf 90' lang='lat' dir='ltr'><strong>vos</strong></span> <span class='ocrx_word' id='word_1_191' title='bbox 1341 2451 1726 2518; x_wconf 86' lang='lat' dir='ltr'><strong>angustiamur.</strong></span> <span class='ocrx_word' id='word_1_192' title='bbox 1769 2450 1920 2506; x_wconf 87' lang='lat' dir='ltr'><strong>Unde</strong></span> <span class='ocrx_word' id='word_1_193' title='bbox 1948 2452 2047 2507; x_wconf 88' lang='lat' dir='ltr'><strong>hoc</strong></span> <span class='ocrx_word' id='word_1_194' title='bbox 2076 2469 2190 2508; x_wconf 91' lang='lat' dir='ltr'><strong>ma-</strong></span> 
     </span>
    </p>
   </div>
   <div class='ocr_carea' id='block_1_24' title="bbox 609 2539 2192 2607">
    <p class='ocr_par' dir='ltr' id='par_1_24' title="bbox 609 2539 2192 2607">
     <span class='ocr_line' id='line_1_24' title="bbox 609 2539 2192 2607; baseline 0.005 -13"><span class='ocrx_word' id='word_1_195' title='bbox 609 2540 894 2595; x_wconf 88' lang='lat' dir='ltr'><strong>nifestum?</strong></span> <span class='ocrx_word' id='word_1_196' title='bbox 919 2539 1050 2595; x_wconf 86' lang='lat' dir='ltr'><strong>Novi</strong></span> <span class='ocrx_word' id='word_1_197' title='bbox 1079 2541 1273 2596; x_wconf 88' lang='lat' dir='ltr'><strong>multos</strong></span> <span class='ocrx_word' id='word_1_198' title='bbox 1302 2542 1616 2607; x_wconf 81' lang='lat' dir='ltr'><strong>referentes,</strong></span> <span class='ocrx_word' id='word_1_199' title='bbox 1642 2543 1944 2598; x_wconf 81' lang='lat' dir='ltr'><strong>Mandatum</strong></span> <span class='ocrx_word' id='word_1_200' title='bbox 1969 2544 2192 2602; x_wconf 89' lang='lat' dir='ltr'><strong>fecimus</strong></span> 
     </span>
    </p>
   </div>
   <div class='ocr_carea' id='block_1_25' title="bbox 611 2629 2187 2704">
    <p class='ocr_par' dir='ltr' id='par_1_25' title="bbox 611 2629 2187 2704">
     <span class='ocr_line' id='line_1_25' title="bbox 611 2629 2187 2704; baseline 0.007 -23"><span class='ocrx_word' id='word_1_201' title='bbox 611 2629 754 2700; x_wconf 80' lang='lat' dir='ltr'><strong>leges</strong></span> <span class='ocrx_word' id='word_1_202' title='bbox 781 2629 1044 2684; x_wconf 84' lang='lat' dir='ltr'><strong>nobismet</strong></span> <span class='ocrx_word' id='word_1_203' title='bbox 1069 2641 1326 2699; x_wconf 89' lang='lat' dir='ltr'><strong>ponentes</strong></span> <span class='ocrx_word' id='word_1_204' title='bbox 1354 2633 1396 2696; x_wconf 81' lang='grc'><strong>¹,</strong></span> <span class='ocrx_word' id='word_1_205' title='bbox 1426 2642 1478 2686; x_wconf 93' lang='lat' dir='ltr'><strong>et</strong></span> <span class='ocrx_word' id='word_1_206' title='bbox 1503 2632 1809 2702; x_wconf 91' lang='lat' dir='ltr'><strong>jnrantibus</strong></span> <span class='ocrx_word' id='word_1_207' title='bbox 1838 2650 2024 2704; x_wconf 67' lang='lat' dir='ltr'><strong>poenas</strong></span> <span class='ocrx_word' id='word_1_208' title='bbox 2053 2636 2187 2692; x_wconf 83' lang='lat' dir='ltr'><strong>defl-</strong></span> 
     </span>
    </p>
   </div>
   <div class='ocr_carea' id='block_1_26' title="bbox 608 2721 2183 2796">
    <p class='ocr_par' dir='ltr' id='par_1_26' title="bbox 608 2721 2183 2796">
     <span class='ocr_line' id='line_1_26' title="bbox 608 2721 2183 2796; baseline 0.005 -20"><span class='ocrx_word' id='word_1_209' title='bbox 608 2721 836 2788; x_wconf 90' lang='lat' dir='ltr'><strong>nientes,</strong></span> <span class='ocrx_word' id='word_1_210' title='bbox 855 2730 910 2776; x_wconf 93' lang='lat' dir='ltr'><strong>et</strong></span> <span class='ocrx_word' id='word_1_211' title='bbox 930 2722 1098 2792; x_wconf 89' lang='lat' dir='ltr'><strong>legem</strong></span> <span class='ocrx_word' id='word_1_212' title='bbox 1123 2724 1626 2793; x_wconf 85' lang='lat' dir='ltr'><strong>transgredientibus</strong></span> <span class='ocrx_word' id='word_1_213' title='bbox 1645 2740 1854 2796; x_wconf 69' lang='lat' dir='ltr'><strong>pmnam</strong></span> <span class='ocrx_word' id='word_1_214' title='bbox 1873 2729 2183 2796; x_wconf 84' lang='lat' dir='ltr'><strong>inferentes,</strong></span> 
     </span>
    </p>
   </div>
   <div class='ocr_carea' id='block_1_27' title="bbox 607 2813 2188 2885">
    <p class='ocr_par' dir='ltr' id='par_1_27' title="bbox 607 2813 2188 2885">
     <span class='ocr_line' id='line_1_27' title="bbox 607 2813 2188 2885; baseline 0.008 -20"><span class='ocrx_word' id='word_1_215' title='bbox 607 2826 818 2881; x_wconf 80' lang='lat' dir='ltr'><strong>pcenam</strong></span> <span class='ocrx_word' id='word_1_216' title='bbox 849 2813 998 2868; x_wconf 90' lang='lat' dir='ltr'><strong>vobis</strong></span> <span class='ocrx_word' id='word_1_217' title='bbox 1035 2827 1343 2882; x_wconf 87' lang='lat' dir='ltr'><strong>congruam,</strong></span> <span class='ocrx_word' id='word_1_218' title='bbox 1380 2815 1519 2885; x_wconf 87' lang='lat' dir='ltr'><strong>quod</strong></span> <span class='ocrx_word' id='word_1_219' title='bbox 1553 2825 1637 2871; x_wconf 92' lang='lat' dir='ltr'><strong>est</strong></span> <span class='ocrx_word' id='word_1_220' title='bbox 1661 2820 2188 2878; x_wconf 50' lang='lat' dir='ltr'><strong>niaximalcliaritatis</strong></span> 
     </span>
    </p>
   </div>
   <div class='ocr_carea' id='block_1_28' title="bbox 608 2901 2186 2981">
    <p class='ocr_par' dir='ltr' id='par_1_28' title="bbox 608 2901 2186 2981">
     <span class='ocr_line' id='line_1_28' title="bbox 608 2901 2186 2981; baseline 0.008 -26"><span class='ocrx_word' id='word_1_221' title='bbox 608 2901 879 2956; x_wconf 91' lang='lat' dir='ltr'><strong>indicium.</strong></span> <span class='ocrx_word' id='word_1_222' title='bbox 903 2901 1018 2956; x_wconf 85' lang='lat' dir='ltr'><strong>Non</strong></span> <span class='ocrx_word' id='word_1_223' title='bbox 1040 2904 1180 2958; x_wconf 92' lang='lat' dir='ltr'><strong>enim</strong></span> <span class='ocrx_word' id='word_1_224' title='bbox 1201 2920 1287 2958; x_wconf 89' lang='lat' dir='ltr'><strong>me</strong></span> <span class='ocrx_word' id='word_1_225' title='bbox 1307 2904 1472 2976; x_wconf 87' lang='lat' dir='ltr'><strong>pudet</strong></span> <span class='ocrx_word' id='word_1_226' title='bbox 1492 2907 1617 2962; x_wconf 91' lang='lat' dir='ltr'><strong>talia</strong></span> <span class='ocrx_word' id='word_1_227' title='bbox 1638 2917 1914 2980; x_wconf 81' lang='lat' dir='ltr'><strong>satagere:</strong></span> <span class='ocrx_word' id='word_1_228' title='bbox 1936 2915 2186 2981; x_wconf 87' lang='lat' dir='ltr'><strong>quoniam</strong></span> 
     </span>
    </p>
   </div>
   <div class='ocr_carea' id='block_1_29' title="bbox 605 2993 2187 3069">
    <p class='ocr_par' dir='ltr' id='par_1_29' title="bbox 605 2993 2187 3069">
     <span class='ocr_line' id='line_1_29' title="bbox 605 2993 2187 3069; baseline 0.009 -23"><span class='ocrx_word' id='word_1_229' title='bbox 605 2993 658 3046; x_wconf 86' lang='lat' dir='ltr'><strong>in</strong></span> <span class='ocrx_word' id='word_1_230' title='bbox 686 2996 787 3048; x_wconf 91' lang='lat' dir='ltr'><strong>hoc</strong></span> <span class='ocrx_word' id='word_1_231' title='bbox 809 2993 1127 3048; x_wconf 87' lang='lat' dir='ltr'><strong>curiositatis</strong></span> <span class='ocrx_word' id='word_1_232' title='bbox 1155 2994 1284 3049; x_wconf 85' lang='lat' dir='ltr'><strong>nihil</strong></span> <span class='ocrx_word' id='word_1_233' title='bbox 1323 3006 1404 3050; x_wconf 90' lang='lat' dir='ltr'><strong>est</strong></span> <span class='ocrx_word' id='word_1_234' title='bbox 1426 3038 1442 3062; x_wconf 93' lang='lat'><strong>,</strong></span> <span class='ocrx_word' id='word_1_235' title='bbox 1472 2997 1567 3053; x_wconf 90' lang='lat' dir='ltr'><strong>sed</strong></span> <span class='ocrx_word' id='word_1_236' title='bbox 1591 3000 1936 3069; x_wconf 72' lang='lat' dir='ltr'><strong>providentia:</strong></span> <span class='ocrx_word' id='word_1_237' title='bbox 1965 3004 2079 3059; x_wconf 70' lang='grc' dir='ltr'><strong>ὴεεο</strong></span> <span class='ocrx_word' id='word_1_238' title='bbox 2103 3014 2187 3061; x_wconf 82' lang='lat' dir='ltr'><strong>est</strong></span> 
     </span>
    </p>
   </div>
   <div class='ocr_carea' id='block_1_30' title="bbox 602 3083 2184 3162">
    <p class='ocr_par' dir='ltr' id='par_1_30' title="bbox 602 3083 2184 3162">
     <span class='ocr_line' id='line_1_30' title="bbox 602 3083 2184 3162; baseline 0.008 -24"><span class='ocrx_word' id='word_1_239' title='bbox 602 3083 919 3139; x_wconf 78' lang='lat' dir='ltr'><strong>sollicitudo.</strong></span> <span class='ocrx_word' id='word_1_240' title='bbox 949 3084 1004 3140; x_wconf 86' lang='lat' dir='ltr'><strong>Si</strong></span> <span class='ocrx_word' id='word_1_241' title='bbox 1037 3085 1178 3140; x_wconf 86' lang='lat' dir='ltr'><strong>enim</strong></span> <span class='ocrx_word' id='word_1_242' title='bbox 1222 3086 1430 3141; x_wconf 90' lang='lat' dir='ltr'><strong>medico</strong></span> <span class='ocrx_word' id='word_1_243' title='bbox 1469 3104 1572 3142; x_wconf 90' lang='lat' dir='ltr'><strong>non</strong></span> <span class='ocrx_word' id='word_1_244' title='bbox 1614 3093 2074 3162; x_wconf 87' lang='lat' dir='ltr'><strong>est-opprobrium</strong></span> <span class='ocrx_word' id='word_1_245' title='bbox 2117 3096 2184 3152; x_wconf 92' lang='lat' dir='ltr'><strong>de</strong></span> 
     </span>
    </p>
   </div>
   <div class='ocr_carea' id='block_1_31' title="bbox 599 3176 2185 3257">
    <p class='ocr_par' dir='ltr' id='par_1_31' title="bbox 599 3176 2185 3257">
     <span class='ocr_line' id='line_1_31' title="bbox 599 3176 2185 3257; baseline 0.009 -29"><span class='ocrx_word' id='word_1_246' title='bbox 599 3185 802 3244; x_wconf 67' lang='lat' dir='ltr'><strong>aagroto</strong></span> <span class='ocrx_word' id='word_1_247' title='bbox 820 3176 1098 3241; x_wconf 88' lang='lat' dir='ltr'><strong>sciscitari,</strong></span> <span class='ocrx_word' id='word_1_248' title='bbox 1123 3193 1296 3246; x_wconf 88' lang='lat' dir='ltr'><strong>neque</strong></span> <span class='ocrx_word' id='word_1_249' title='bbox 1317 3180 1681 3236; x_wconf 88' lang='lat' dir='ltr'><strong>nobiscrimcn</strong></span> <span class='ocrx_word' id='word_1_250' title='bbox 1695 3183 1760 3237; x_wconf 88' lang='lat' dir='ltr'><strong>de</strong></span> <span class='ocrx_word' id='word_1_251' title='bbox 1779 3195 1952 3238; x_wconf 85' lang='lat' dir='ltr'><strong>vestra</strong></span> <span class='ocrx_word' id='word_1_252' title='bbox 1974 3201 2185 3257; x_wconf 81' lang='lat' dir='ltr'><strong>semper</strong></span> 
     </span>
    </p>
   </div>
   <div class='ocr_carea' id='block_1_32' title="bbox 601 3267 2179 3346">
    <p class='ocr_par' dir='ltr' id='par_1_32' title="bbox 601 3267 2179 3346">
     <span class='ocr_line' id='line_1_32' title="bbox 601 3267 2179 3346; baseline 0.009 -26"><span class='ocrx_word' id='word_1_253' title='bbox 601 3267 869 3336; x_wconf 87' lang='lat' dir='ltr'><strong>inquirere</strong></span> <span class='ocrx_word' id='word_1_254' title='bbox 898 3270 1090 3325; x_wconf 89' lang='lat' dir='ltr'><strong>salute.</strong></span> <span class='ocrx_word' id='word_1_255' title='bbox 1133 3269 1222 3326; x_wconf 87' lang='lat' dir='ltr'><strong>Sic</strong></span> <span class='ocrx_word' id='word_1_256' title='bbox 1248 3273 1390 3327; x_wconf 91' lang='lat' dir='ltr'><strong>enim</strong></span> <span class='ocrx_word' id='word_1_257' title='bbox 1419 3274 1604 3328; x_wconf 86' lang='lat' dir='ltr'><strong>moniti</strong></span> <span class='ocrx_word' id='word_1_258' title='bbox 1633 3275 1758 3344; x_wconf 75' lang='lat' dir='ltr'><strong>quid</strong></span> <span class='ocrx_word' id='word_1_259' title='bbox 1786 3277 1939 3331; x_wconf 86' lang='lat' dir='ltr'><strong>vobis</strong></span> <span class='ocrx_word' id='word_1_260' title='bbox 1969 3279 2179 3346; x_wconf 87' lang='lat' dir='ltr'><strong>quidem</strong></span> 
     </span>
    </p>
   </div>
   <div class='ocr_carea' id='block_1_33' title="bbox 596 3358 2181 3436">
    <p class='ocr_par' dir='ltr' id='par_1_33' title="bbox 596 3358 2181 3436">
     <span class='ocr_line' id='line_1_33' title="bbox 596 3358 2181 3436; baseline 0.006 -21"><span class='ocrx_word' id='word_1_261' title='bbox 596 3358 899 3429; x_wconf 75' lang='lat' dir='ltr'><strong>expeditum</strong></span> <span class='ocrx_word' id='word_1_262' title='bbox 927 3362 1011 3425; x_wconf 89' lang='lat' dir='ltr'><strong>sit,</strong></span> <span class='ocrx_word' id='word_1_263' title='bbox 1037 3360 1160 3429; x_wconf 85' lang='lat' dir='ltr'><strong>quid</strong></span> <span class='ocrx_word' id='word_1_264' title='bbox 1188 3377 1312 3415; x_wconf 91' lang='lat' dir='ltr'><strong>vero</strong></span> <span class='ocrx_word' id='word_1_265' title='bbox 1335 3363 1598 3430; x_wconf 88' lang='lat' dir='ltr'><strong>relictum,</strong></span> <span class='ocrx_word' id='word_1_266' title='bbox 1621 3381 1851 3436; x_wconf 84' lang='lat' dir='ltr'><strong>congrua</strong></span> <span class='ocrx_word' id='word_1_267' title='bbox 1877 3382 1997 3421; x_wconf 91' lang='lat' dir='ltr'><strong>cum</strong></span> <span class='ocrx_word' id='word_1_268' title='bbox 2019 3369 2181 3424; x_wconf 88' lang='lat' dir='ltr'><strong>disci-</strong></span> 
     </span>
    </p>
   </div>
   <div class='ocr_carea' id='block_1_34' title="bbox 596 3448 1562 3520">
    <p class='ocr_par' dir='ltr' id='par_1_34' title="bbox 596 3448 1562 3520">
     <span class='ocr_line' id='line_1_34' title="bbox 596 3448 1562 3520; baseline 0.004 -17"><span class='ocrx_word' id='word_1_269' title='bbox 596 3448 737 3520; x_wconf 83' lang='lat' dir='ltr'><strong>plina</strong></span> <span class='ocrx_word' id='word_1_270' title='bbox 767 3449 966 3520; x_wconf 87' lang='lat' dir='ltr'><strong>reliqua</strong></span> <span class='ocrx_word' id='word_1_271' title='bbox 993 3450 1277 3506; x_wconf 81' lang='lat' dir='ltr'><strong>aﬂ&#39;eremus</strong></span> <span class='ocrx_word' id='word_1_272' title='bbox 1307 3453 1562 3507; x_wconf 89' lang='lat' dir='ltr'><strong>remedia.</strong></span> 
     </span>
    </p>
   </div>
   <div class='ocr_carea' id='block_1_35' title="bbox 666 3538 2178 3620">
    <p class='ocr_par' dir='ltr' id='par_1_35' title="bbox 666 3538 2178 3620">
     <span class='ocr_line' id='line_1_35' title="bbox 666 3538 2178 3620; baseline 0.01 -28"><span class='ocrx_word' id='word_1_273' title='bbox 666 3538 934 3594; x_wconf 72' lang='lat' dir='ltr'><strong>Auditores</strong></span> <span class='ocrx_word' id='word_1_274' title='bbox 961 3557 993 3592; x_wconf 89' lang='lat' dir='ltr'><strong>a</strong></span> <span class='ocrx_word' id='word_1_275' title='bbox 1013 3541 1318 3611; x_wconf 72' lang='lat' dir='ltr'><strong>juramenlis</strong></span> <span class='ocrx_word' id='word_1_276' title='bbox 1345 3543 1443 3596; x_wconf 82' lang='lat' dir='ltr'><strong>cito</strong></span> <span class='ocrx_word' id='word_1_277' title='bbox 1471 3544 1740 3600; x_wconf 76' lang='lat' dir='ltr'><strong>emendati.</strong></span> <span class='ocrx_word' id='word_1_278' title='bbox 1767 3577 1836 3586; x_wconf 95' lang='lat'><em>—</em></span> <span class='ocrx_word' id='word_1_279' title='bbox 1867 3549 1991 3604; x_wconf 62' lang='lat' dir='ltr'><strong>lla‘c</strong></span> <span class='ocrx_word' id='word_1_280' title='bbox 2020 3549 2178 3620; x_wconf 84' lang='lat' dir='ltr'><strong>igitur</strong></span> 
     </span>
    </p>
   </div>
   <div class='ocr_carea' id='block_1_36' title="bbox 595 3630 2173 3712">
    <p class='ocr_par' dir='ltr' id='par_1_36' title="bbox 595 3630 2173 3712">
     <span class='ocr_line' id='line_1_36' title="bbox 595 3630 2173 3712; baseline 0.009 -28"><span class='ocrx_word' id='word_1_281' title='bbox 595 3630 809 3685; x_wconf 88' lang='lat' dir='ltr'><strong>curiose</strong></span> <span class='ocrx_word' id='word_1_282' title='bbox 833 3632 1048 3685; x_wconf 82' lang='lat' dir='ltr'><strong>scrutati</strong></span> <span class='ocrx_word' id='word_1_283' title='bbox 1077 3634 1417 3702; x_wconf 81' lang='lat' dir='ltr'><strong>cognovimus</strong></span> <span class='ocrx_word' id='word_1_284' title='bbox 1446 3675 1460 3699; x_wconf 92' lang='lat'><strong>,</strong></span> <span class='ocrx_word' id='word_1_285' title='bbox 1488 3645 1541 3690; x_wconf 90' lang='lat' dir='ltr'><strong>et</strong></span> <span class='ocrx_word' id='word_1_286' title='bbox 1577 3637 1683 3692; x_wconf 89' lang='lat' dir='ltr'><strong>Deo</strong></span> <span class='ocrx_word' id='word_1_287' title='bbox 1709 3640 1906 3707; x_wconf 85' lang='lat' dir='ltr'><strong>gratias</strong></span> <span class='ocrx_word' id='word_1_288' title='bbox 1932 3643 2136 3712; x_wconf 84' lang='lat' dir='ltr'><strong>egimus</strong></span> <span class='ocrx_word' id='word_1_289' title='bbox 2157 3685 2173 3710; x_wconf 93' lang='lat'><strong>,</strong></span> 
     </span>
    </p>
   </div>
   <div class='ocr_carea' id='block_1_37' title="bbox 594 3722 2171 3800">
    <p class='ocr_par' dir='ltr' id='par_1_37' title="bbox 594 3722 2171 3800">
     <span class='ocr_line' id='line_1_37' title="bbox 594 3722 2171 3800; baseline 0.008 -25"><span class='ocrx_word' id='word_1_290' title='bbox 594 3722 734 3791; x_wconf 88' lang='lat' dir='ltr'><strong>quod</strong></span> <span class='ocrx_word' id='word_1_291' title='bbox 759 3737 864 3776; x_wconf 87' lang='lat' dir='ltr'><strong>non</strong></span> <span class='ocrx_word' id='word_1_292' title='bbox 895 3722 947 3776; x_wconf 92' lang='lat' dir='ltr'><strong>in</strong></span> <span class='ocrx_word' id='word_1_293' title='bbox 980 3724 1142 3793; x_wconf 85' lang='lat' dir='ltr'><strong>petris</strong></span> <span class='ocrx_word' id='word_1_294' title='bbox 1166 3725 1542 3781; x_wconf 85' lang='lat' dir='ltr'><strong>seminavimus</strong></span> <span class='ocrx_word' id='word_1_295' title='bbox 1566 3768 1581 3791; x_wconf 92' lang='lat'><strong>,</strong></span> <span class='ocrx_word' id='word_1_296' title='bbox 1612 3744 1711 3782; x_wconf 90' lang='lat' dir='ltr'><strong>nec</strong></span> <span class='ocrx_word' id='word_1_297' title='bbox 1740 3730 1790 3782; x_wconf 90' lang='lat' dir='ltr'><strong>in</strong></span> <span class='ocrx_word' id='word_1_298' title='bbox 1815 3732 1994 3800; x_wconf 91' lang='lat' dir='ltr'><strong>spinas</strong></span> <span class='ocrx_word' id='word_1_299' title='bbox 2024 3735 2171 3788; x_wconf 82' lang='lat' dir='ltr'><strong>misi-</strong></span> 
     </span>
    </p>
   </div>
   <div class='ocr_carea' id='block_1_38' title="bbox 595 3815 2174 3894">
    <p class='ocr_par' dir='ltr' id='par_1_38' title="bbox 595 3815 2174 3894">
     <span class='ocr_line' id='line_1_38' title="bbox 595 3815 2174 3894; baseline 0.009 -28"><span class='ocrx_word' id='word_1_300' title='bbox 595 3831 712 3868; x_wconf 88' lang='lat' dir='ltr'><strong>mus</strong></span> <span class='ocrx_word' id='word_1_301' title='bbox 738 3815 959 3882; x_wconf 89' lang='lat' dir='ltr'><strong>semina,</strong></span> <span class='ocrx_word' id='word_1_302' title='bbox 985 3831 1156 3886; x_wconf 87' lang='lat' dir='ltr'><strong>neque</strong></span> <span class='ocrx_word' id='word_1_303' title='bbox 1183 3817 1348 3872; x_wconf 91' lang='lat' dir='ltr'><strong>multo</strong></span> <span class='ocrx_word' id='word_1_304' title='bbox 1377 3827 1614 3890; x_wconf 88' lang='lat' dir='ltr'><strong>tempore</strong></span> <span class='ocrx_word' id='word_1_305' title='bbox 1637 3821 1902 3894; x_wconf 90' lang='lat' dir='ltr'><strong>multaque</strong></span> <span class='ocrx_word' id='word_1_306' title='bbox 1923 3825 2174 3883; x_wconf 88' lang='lat' dir='ltr'><strong>dilatione</strong></span> 
     </span>
    </p>
   </div>
   <div class='ocr_carea' id='block_1_39' title="bbox 593 3903 2168 3984">
    <p class='ocr_par' dir='ltr' id='par_1_39' title="bbox 593 3903 2168 3984">
     <span class='ocr_line' id='line_1_39' title="bbox 593 3903 2168 3984; baseline 0.009 -27"><span class='ocrx_word' id='word_1_307' title='bbox 593 3903 908 3974; x_wconf 82' lang='lat' dir='ltr'><strong>indiguimus</strong></span> <span class='ocrx_word' id='word_1_308' title='bbox 934 3946 948 3971; x_wconf 95' lang='lat'><strong>,</strong></span> <span class='ocrx_word' id='word_1_309' title='bbox 986 3915 1043 3960; x_wconf 89' lang='lat' dir='ltr'><strong>ut</strong></span> <span class='ocrx_word' id='word_1_310' title='bbox 1073 3915 1278 3977; x_wconf 88' lang='lat' dir='ltr'><strong>segetes</strong></span> <span class='ocrx_word' id='word_1_311' title='bbox 1304 3919 1644 3966; x_wconf 88' lang='lat' dir='ltr'><strong>meteremus.</strong></span> <span class='ocrx_word' id='word_1_312' title='bbox 1683 3913 1966 3984; x_wconf 77' lang='lat' dir='ltr'><strong>PrOptei-ea</strong></span> <span class='ocrx_word' id='word_1_313' title='bbox 1995 3933 2087 3971; x_wconf 84' lang='lat' dir='ltr'><strong>vos</strong></span> <span class='ocrx_word' id='word_1_314' title='bbox 2118 3919 2168 3972; x_wconf 87' lang='lat' dir='ltr'><strong>in</strong></span> 
     </span>
    </p>
   </div>
   <div class='ocr_carea' id='block_1_40' title="bbox 587 3997 2169 4070">
    <p class='ocr_par' dir='ltr' id='par_1_40' title="bbox 587 3997 2169 4070">
     <span class='ocr_line' id='line_1_40' title="bbox 587 3997 2169 4070; baseline 0.008 -20"><span class='ocrx_word' id='word_1_315' title='bbox 587 3997 748 4051; x_wconf 91' lang='lat' dir='ltr'><strong>corde</strong></span> <span class='ocrx_word' id='word_1_316' title='bbox 775 4011 894 4052; x_wconf 88' lang='lat' dir='ltr'><strong>meo</strong></span> <span class='ocrx_word' id='word_1_317' title='bbox 912 3997 1126 4054; x_wconf 89' lang='lat' dir='ltr'><strong>assidue</strong></span> <span class='ocrx_word' id='word_1_318' title='bbox 1149 4014 1298 4069; x_wconf 84' lang='lat' dir='ltr'><strong>gero,</strong></span> <span class='ocrx_word' id='word_1_319' title='bbox 1322 4011 1596 4070; x_wconf 90' lang='lat' dir='ltr'><strong>propterea</strong></span> <span class='ocrx_word' id='word_1_320' title='bbox 1624 4019 1730 4058; x_wconf 92' lang='lat' dir='ltr'><strong>non</strong></span> <span class='ocrx_word' id='word_1_321' title='bbox 1754 4006 1925 4061; x_wconf 91' lang='lat' dir='ltr'><strong>sentio</strong></span> <span class='ocrx_word' id='word_1_322' title='bbox 1944 4007 2169 4063; x_wconf 81' lang='lat' dir='ltr'><strong>docendi</strong></span> 
     </span>
    </p>
   </div>
   <div class='ocr_carea' id='block_1_41' title="bbox 586 4083 2166 4154">
    <p class='ocr_par' dir='ltr' id='par_1_41' title="bbox 586 4083 2166 4154">
     <span class='ocr_line' id='line_1_41' title="bbox 586 4083 2166 4154; baseline 0.009 -16"><span class='ocrx_word' id='word_1_323' title='bbox 586 4083 820 4140; x_wconf 87' lang='lat' dir='ltr'><strong>laborem</strong></span> <span class='ocrx_word' id='word_1_324' title='bbox 839 4125 857 4152; x_wconf 92' lang='lat'><strong>,</strong></span> <span class='ocrx_word' id='word_1_325' title='bbox 886 4086 1184 4142; x_wconf 87' lang='lat' dir='ltr'><strong>auditorum</strong></span> <span class='ocrx_word' id='word_1_326' title='bbox 1213 4089 1361 4144; x_wconf 89' lang='lat' dir='ltr'><strong>lucro</strong></span> <span class='ocrx_word' id='word_1_327' title='bbox 1388 4091 1671 4147; x_wconf 86' lang='lat' dir='ltr'><strong>revelatus.</strong></span> <span class='ocrx_word' id='word_1_328' title='bbox 1706 4094 1830 4151; x_wconf 78' lang='lat' dir='ltr'><strong>lla-c</strong></span> <span class='ocrx_word' id='word_1_329' title='bbox 1856 4097 1994 4150; x_wconf 88' lang='lat' dir='ltr'><strong>enim</strong></span> <span class='ocrx_word' id='word_1_330' title='bbox 2023 4115 2166 4154; x_wconf 83' lang='lat' dir='ltr'><strong>mer-</strong></span> 
     </span>
    </p>
   </div>
   <div class='ocr_carea' id='block_1_42' title="bbox 585 4181 2164 4257">
    <p class='ocr_par' dir='ltr' id='par_1_42' title="bbox 585 4181 2164 4257">
     <span class='ocr_line' id='line_1_42' title="bbox 585 4181 2164 4257; baseline 0.011 -30"><span class='ocrx_word' id='word_1_331' title='bbox 585 4188 676 4228; x_wconf 88' lang='lat' dir='ltr'><strong>ces</strong></span> <span class='ocrx_word' id='word_1_332' title='bbox 712 4189 811 4228; x_wconf 89' lang='lat' dir='ltr'><strong>nos</strong></span> <span class='ocrx_word' id='word_1_333' title='bbox 839 4190 1087 4244; x_wconf 90' lang='lat' dir='ltr'><strong>reparare</strong></span> <span class='ocrx_word' id='word_1_334' title='bbox 1118 4186 1290 4246; x_wconf 88' lang='lat' dir='ltr'><strong>potest</strong></span> <span class='ocrx_word' id='word_1_335' title='bbox 1321 4188 1375 4234; x_wconf 89' lang='lat' dir='ltr'><strong>et</strong></span> <span class='ocrx_word' id='word_1_336' title='bbox 1411 4181 1649 4236; x_wconf 89' lang='lat' dir='ltr'><strong>relevare</strong></span> <span class='ocrx_word' id='word_1_337' title='bbox 1673 4193 1726 4238; x_wconf 90' lang='lat' dir='ltr'><strong>et</strong></span> <span class='ocrx_word' id='word_1_338' title='bbox 1752 4185 1953 4242; x_wconf 87' lang='lat' dir='ltr'><strong>alacres</strong></span> <span class='ocrx_word' id='word_1_339' title='bbox 1983 4203 2164 4257; x_wconf 85' lang='lat' dir='ltr'><strong>p:om-</strong></span> 
     </span>
    </p>
   </div>
   <div class='ocr_carea' id='block_1_43' title="bbox 585 4266 2169 4341">
    <p class='ocr_par' dir='ltr' id='par_1_43' title="bbox 585 4266 2169 4341">
     <span class='ocr_line' id='line_1_43' title="bbox 585 4266 2169 4341; baseline 0.011 -24"><span class='ocrx_word' id='word_1_340' title='bbox 585 4274 807 4336; x_wconf 90' lang='lat' dir='ltr'><strong>ptosque</strong></span> <span class='ocrx_word' id='word_1_341' title='bbox 831 4266 1004 4322; x_wconf 86' lang='lat' dir='ltr'><strong>facere</strong></span> <span class='ocrx_word' id='word_1_342' title='bbox 1027 4267 1092 4321; x_wconf 93' lang='lat' dir='ltr'><strong>ad</strong></span> <span class='ocrx_word' id='word_1_343' title='bbox 1118 4285 1328 4324; x_wconf 88' lang='lat' dir='ltr'><strong>omnem</strong></span> <span class='ocrx_word' id='word_1_344' title='bbox 1355 4287 1451 4341; x_wconf 91' lang='lat' dir='ltr'><strong>pro</strong></span> <span class='ocrx_word' id='word_1_345' title='bbox 1473 4272 1621 4327; x_wconf 88' lang='lat' dir='ltr'><strong>vobis</strong></span> <span class='ocrx_word' id='word_1_346' title='bbox 1644 4274 1880 4331; x_wconf 86' lang='lat' dir='ltr'><strong>laborem</strong></span> <span class='ocrx_word' id='word_1_347' title='bbox 1901 4280 2169 4334; x_wconf 87' lang='lat' dir='ltr'><strong>sustinen-</strong></span> 
     </span>
    </p>
   </div>
   <div class='ocr_carea' id='block_1_44' title="bbox 582 4357 2162 4441">
    <p class='ocr_par' dir='ltr' id='par_1_44' title="bbox 582 4357 2162 4441">
     <span class='ocr_line' id='line_1_44' title="bbox 582 4357 2162 4441; baseline 0.009 -29"><span class='ocrx_word' id='word_1_348' title='bbox 582 4358 732 4413; x_wconf 91' lang='lat' dir='ltr'><strong>dum.</strong></span> <span class='ocrx_word' id='word_1_349' title='bbox 780 4357 1042 4424; x_wconf 85' lang='lat' dir='ltr'><strong>Quoniam</strong></span> <span class='ocrx_word' id='word_1_350' title='bbox 1090 4360 1248 4431; x_wconf 83' lang='lat' dir='ltr'><strong>igitur</strong></span> <span class='ocrx_word' id='word_1_351' title='bbox 1292 4364 1454 4418; x_wconf 90' lang='lat' dir='ltr'><strong>multa</strong></span> <span class='ocrx_word' id='word_1_352' title='bbox 1493 4379 1586 4418; x_wconf 93' lang='lat' dir='ltr'><strong>vos</strong></span> <span class='ocrx_word' id='word_1_353' title='bbox 1623 4367 1758 4436; x_wconf 87' lang='lat' dir='ltr'><strong>grati</strong></span> <span class='ocrx_word' id='word_1_354' title='bbox 1803 4369 1966 4424; x_wconf 90' lang='lat' dir='ltr'><strong>animi</strong></span> <span class='ocrx_word' id='word_1_355' title='bbox 2014 4372 2162 4441; x_wconf 85' lang='lat' dir='ltr'><strong>signa</strong></span> 
     </span>
    </p>
   </div>
   <div class='ocr_carea' id='block_1_45' title="bbox 582 4448 2163 4531">
    <p class='ocr_par' dir='ltr' id='par_1_45' title="bbox 582 4448 2163 4531">
     <span class='ocr_line' id='line_1_45' title="bbox 582 4448 2163 4531; baseline 0.01 -29"><span class='ocrx_word' id='word_1_356' title='bbox 582 4448 824 4512; x_wconf 86' lang='lat' dir='ltr'><strong>dedistis,</strong></span> <span class='ocrx_word' id='word_1_357' title='bbox 855 4465 952 4519; x_wconf 87' lang='lat' dir='ltr'><strong>age</strong></span> <span class='ocrx_word' id='word_1_358' title='bbox 971 4451 1080 4518; x_wconf 90' lang='lat' dir='ltr'><strong>jam</strong></span> <span class='ocrx_word' id='word_1_359' title='bbox 1109 4460 1163 4506; x_wconf 90' lang='lat' dir='ltr'><strong>et</strong></span> <span class='ocrx_word' id='word_1_360' title='bbox 1187 4467 1284 4506; x_wconf 90' lang='lat' dir='ltr'><strong>nos</strong></span> <span class='ocrx_word' id='word_1_361' title='bbox 1311 4453 1544 4509; x_wconf 91' lang='lat' dir='ltr'><strong>debitum</strong></span> <span class='ocrx_word' id='word_1_362' title='bbox 1569 4471 1869 4527; x_wconf 86' lang='lat' dir='ltr'><strong>erogemus,</strong></span> <span class='ocrx_word' id='word_1_363' title='bbox 1897 4462 2036 4531; x_wconf 82' lang='lat' dir='ltr'><strong>quod</strong></span> <span class='ocrx_word' id='word_1_364' title='bbox 2067 4481 2163 4517; x_wconf 83' lang='lat' dir='ltr'><strong>nu-</strong></span> 
     </span>
    </p>
   </div>
   <div class='ocr_carea' id='block_1_46' title="bbox 583 4539 2162 4620">
    <p class='ocr_par' dir='ltr' id='par_1_46' title="bbox 583 4539 2162 4620">
     <span class='ocr_line' id='line_1_46' title="bbox 583 4539 2162 4620; baseline 0.011 -26"><span class='ocrx_word' id='word_1_365' title='bbox 583 4554 682 4608; x_wconf 91' lang='lat' dir='ltr'><strong>per</strong></span> <span class='ocrx_word' id='word_1_366' title='bbox 713 4539 1126 4608; x_wconf 85' lang='lat' dir='ltr'><strong>promiseramus</strong></span> <span class='ocrx_word' id='word_1_367' title='bbox 1163 4559 1176 4595; x_wconf 92' lang='lat'>:</span> <span class='ocrx_word' id='word_1_368' title='bbox 1211 4542 1334 4598; x_wconf 90' lang='lat' dir='ltr'><strong>licet</strong></span> <span class='ocrx_word' id='word_1_369' title='bbox 1363 4561 1469 4600; x_wconf 88' lang='lat' dir='ltr'><strong>non</strong></span> <span class='ocrx_word' id='word_1_370' title='bbox 1497 4547 1701 4602; x_wconf 89' lang='lat' dir='ltr'><strong>videam</strong></span> <span class='ocrx_word' id='word_1_371' title='bbox 1732 4562 2020 4620; x_wconf 76' lang='lat' dir='ltr'><strong>prznsentes</strong></span> <span class='ocrx_word' id='word_1_372' title='bbox 2041 4570 2162 4610; x_wconf 90' lang='lat' dir='ltr'><strong>esse</strong></span> 
     </span>
    </p>
   </div>
   <div class='ocr_carea' id='block_1_47' title="bbox 580 4628 2156 4704">
    <p class='ocr_par' dir='ltr' id='par_1_47' title="bbox 580 4628 2156 4704">
     <span class='ocr_line' id='line_1_47' title="bbox 580 4628 2156 4704; baseline 0.012 -24"><span class='ocrx_word' id='word_1_373' title='bbox 580 4628 700 4682; x_wconf 91' lang='lat' dir='ltr'><strong>illos</strong></span> <span class='ocrx_word' id='word_1_374' title='bbox 715 4643 922 4696; x_wconf 88' lang='lat' dir='ltr'><strong>omnes,</strong></span> <span class='ocrx_word' id='word_1_375' title='bbox 937 4630 1049 4700; x_wconf 89' lang='lat' dir='ltr'><strong>qui,</strong></span> <span class='ocrx_word' id='word_1_376' title='bbox 1064 4646 1184 4686; x_wconf 92' lang='lat' dir='ltr'><strong>cum</strong></span> <span class='ocrx_word' id='word_1_377' title='bbox 1203 4635 1608 4702; x_wconf 89' lang='lat' dir='ltr'><strong>promissionem</strong></span> <span class='ocrx_word' id='word_1_378' title='bbox 1627 4636 1746 4704; x_wconf 87' lang='lat' dir='ltr'><strong>feci,</strong></span> <span class='ocrx_word' id='word_1_379' title='bbox 1765 4641 1868 4697; x_wconf 92' lang='lat' dir='ltr'><strong>huc</strong></span> <span class='ocrx_word' id='word_1_380' title='bbox 1883 4656 2156 4699; x_wconf 88' lang='lat' dir='ltr'><strong>venerant.</strong></span> 
     </span>
    </p>
   </div>
   <div class='ocr_carea' id='block_1_48' title="bbox 577 4719 2161 4807">
    <p class='ocr_par' dir='ltr' id='par_1_48' title="bbox 577 4719 2161 4807">
     <span class='ocr_line' id='line_1_48' title="bbox 577 4719 2161 4807; baseline 0.013 -34"><span class='ocrx_word' id='word_1_381' title='bbox 577 4719 708 4788; x_wconf 66' lang='lat' dir='ltr'><strong>Quae</strong></span> <span class='ocrx_word' id='word_1_382' title='bbox 736 4721 946 4776; x_wconf 83' lang='lat' dir='ltr'><strong>tandem</strong></span> <span class='ocrx_word' id='word_1_383' title='bbox 972 4721 1148 4793; x_wconf 86' lang='lat' dir='ltr'><strong>itaque</strong></span> <span class='ocrx_word' id='word_1_384' title='bbox 1173 4740 1330 4780; x_wconf 87' lang='lat' dir='ltr'><strong>causa</strong></span> <span class='ocrx_word' id='word_1_385' title='bbox 1347 4726 1371 4782; x_wconf 71' lang='lat'>2</span> <span class='ocrx_word' id='word_1_386' title='bbox 1391 4728 1512 4796; x_wconf 91' lang='lat' dir='ltr'><strong>quid</strong></span> <span class='ocrx_word' id='word_1_387' title='bbox 1539 4728 1682 4799; x_wconf 90' lang='lat' dir='ltr'><strong>ipsos</strong></span> <span class='ocrx_word' id='word_1_388' title='bbox 1706 4749 1735 4785; x_wconf 93' lang='lat' dir='ltr'><strong>a</strong></span> <span class='ocrx_word' id='word_1_389' title='bbox 1761 4745 1940 4790; x_wconf 89' lang='lat' dir='ltr'><strong>nostra</strong></span> <span class='ocrx_word' id='word_1_390' title='bbox 1967 4740 2161 4807; x_wconf 86' lang='lat' dir='ltr'><strong>repulit</strong></span> 
     </span>
    </p>
   </div>
   <div class='ocr_carea' id='block_1_49' title="bbox 575 4813 2157 4898">
    <p class='ocr_par' dir='ltr' id='par_1_49' title="bbox 575 4813 2157 4898">
     <span class='ocr_line' id='line_1_49' title="bbox 575 4813 2157 4898; baseline 0.011 -31"><span class='ocrx_word' id='word_1_391' title='bbox 575 4813 798 4868; x_wconf 78' lang='lat' dir='ltr'><strong>mensa?</strong></span> <span class='ocrx_word' id='word_1_392' title='bbox 826 4813 927 4880; x_wconf 82' lang='lat' dir='ltr'><strong>Qui</strong></span> <span class='ocrx_word' id='word_1_393' title='bbox 955 4817 1288 4888; x_wconf 85' lang='lat' dir='ltr'><strong>corporalem</strong></span> <span class='ocrx_word' id='word_1_394' title='bbox 1317 4818 1488 4888; x_wconf 86' lang='lat' dir='ltr'><strong>attigit</strong></span> <span class='ocrx_word' id='word_1_395' title='bbox 1515 4837 1755 4878; x_wconf 84' lang='lat' dir='ltr'><strong>mensam</strong></span> <span class='ocrx_word' id='word_1_396' title='bbox 1787 4865 1802 4888; x_wconf 83' lang='lat'><strong>,</strong></span> <span class='ocrx_word' id='word_1_397' title='bbox 1835 4836 1892 4881; x_wconf 90' lang='lat' dir='ltr'><strong>ut</strong></span> <span class='ocrx_word' id='word_1_398' title='bbox 1916 4828 2157 4898; x_wconf 88' lang='lat' dir='ltr'><strong>videtur,</strong></span> 
     </span>
    </p>
   </div>
   <div class='ocr_carea' id='block_1_50' title="bbox 575 4906 2152 4984">
    <p class='ocr_par' dir='ltr' id='par_1_50' title="bbox 575 4906 2152 4984">
     <span class='ocr_line' id='line_1_50' title="bbox 575 4906 2152 4984; baseline 0.011 -24"><span class='ocrx_word' id='word_1_399' title='bbox 575 4906 848 4978; x_wconf 85' lang='lat' dir='ltr'><strong>indignum</strong></span> <span class='ocrx_word' id='word_1_400' title='bbox 871 4923 994 4964; x_wconf 85' lang='lat' dir='ltr'><strong>esse</strong></span> <span class='ocrx_word' id='word_1_401' title='bbox 1021 4912 1244 4980; x_wconf 87' lang='lat' dir='ltr'><strong>putavit,</strong></span> <span class='ocrx_word' id='word_1_402' title='bbox 1270 4921 1392 4982; x_wconf 91' lang='lat' dir='ltr'><strong>post</strong></span> <span class='ocrx_word' id='word_1_403' title='bbox 1417 4915 1656 4984; x_wconf 88' lang='lat' dir='ltr'><strong>corporis</strong></span> <span class='ocrx_word' id='word_1_404' title='bbox 1678 4917 2059 4976; x_wconf 87' lang='lat' dir='ltr'><strong>nutrimentum</strong></span> <span class='ocrx_word' id='word_1_405' title='bbox 2087 4923 2152 4978; x_wconf 90' lang='lat' dir='ltr'><strong>ad</strong></span> 
     </span>
    </p>
   </div>
   <div class='ocr_carea' id='block_1_51' title="bbox 572 4998 2154 5075">
    <p class='ocr_par' dir='ltr' id='par_1_51' title="bbox 572 4998 2154 5075">
     <span class='ocr_line' id='line_1_51' title="bbox 572 4998 2154 5075; baseline 0.01 -22"><span class='ocrx_word' id='word_1_406' title='bbox 572 4998 874 5055; x_wconf 89' lang='lat' dir='ltr'><strong>divinorum</strong></span> <span class='ocrx_word' id='word_1_407' title='bbox 911 5002 1236 5059; x_wconf 84' lang='lat' dir='ltr'><strong>auditionem</strong></span> <span class='ocrx_word' id='word_1_408' title='bbox 1275 5004 1606 5075; x_wconf 90' lang='lat' dir='ltr'><strong>eloquiorum</strong></span> <span class='ocrx_word' id='word_1_409' title='bbox 1647 5010 1847 5065; x_wconf 90' lang='lat' dir='ltr'><strong>venire.</strong></span> <span class='ocrx_word' id='word_1_410' title='bbox 1896 5011 2000 5067; x_wconf 89' lang='lat' dir='ltr'><strong>Sed</strong></span> <span class='ocrx_word' id='word_1_411' title='bbox 2051 5029 2154 5070; x_wconf 90' lang='lat' dir='ltr'><strong>non</strong></span> 
     </span>
    </p>
   </div>
   <div class='ocr_carea' id='block_1_52' title="bbox 571 5092 2157 5167">
    <p class='ocr_par' dir='ltr' id='par_1_52' title="bbox 571 5092 2157 5167">
     <span class='ocr_line' id='line_1_52' title="bbox 571 5092 2157 5167; baseline 0.009 -22"><span class='ocrx_word' id='word_1_412' title='bbox 571 5102 720 5147; x_wconf 90' lang='lat' dir='ltr'><strong>recte</strong></span> <span class='ocrx_word' id='word_1_413' title='bbox 741 5092 792 5145; x_wconf 93' lang='lat' dir='ltr'><strong>in</strong></span> <span class='ocrx_word' id='word_1_414' title='bbox 813 5092 912 5147; x_wconf 91' lang='lat' dir='ltr'><strong>hoc</strong></span> <span class='ocrx_word' id='word_1_415' title='bbox 941 5093 1176 5149; x_wconf 90' lang='lat' dir='ltr'><strong>sentiunt</strong></span> <span class='ocrx_word' id='word_1_416' title='bbox 1199 5113 1212 5149; x_wconf 91' lang='lat'>:</span> <span class='ocrx_word' id='word_1_417' title='bbox 1237 5111 1410 5167; x_wconf 91' lang='lat' dir='ltr'><strong>neque</strong></span> <span class='ocrx_word' id='word_1_418' title='bbox 1430 5098 1593 5164; x_wconf 91' lang='lat' dir='ltr'><strong>enim,</strong></span> <span class='ocrx_word' id='word_1_419' title='bbox 1616 5099 1660 5153; x_wconf 89' lang='lat' dir='ltr'><strong>si</strong></span> <span class='ocrx_word' id='word_1_420' title='bbox 1683 5099 1786 5155; x_wconf 92' lang='lat' dir='ltr'><strong>hoc</strong></span> <span class='ocrx_word' id='word_1_421' title='bbox 1805 5112 1945 5157; x_wconf 89' lang='lat' dir='ltr'><strong>esset</strong></span> <span class='ocrx_word' id='word_1_422' title='bbox 1967 5103 2157 5159; x_wconf 90' lang='lat' dir='ltr'><strong>absur-</strong></span> 
     </span>
    </p>
   </div>
   <div class='ocr_carea' id='block_1_53' title="bbox 569 5185 2153 5260">
    <p class='ocr_par' dir='ltr' id='par_1_53' title="bbox 569 5185 2153 5260">
     <span class='ocr_line' id='line_1_53' title="bbox 569 5185 2153 5260; baseline 0.009 -21"><span class='ocrx_word' id='word_1_423' title='bbox 569 5185 720 5251; x_wconf 88' lang='lat' dir='ltr'><strong>dum,</strong></span> <span class='ocrx_word' id='word_1_424' title='bbox 743 5186 936 5240; x_wconf 91' lang='lat' dir='ltr'><strong>multos</strong></span> <span class='ocrx_word' id='word_1_425' title='bbox 961 5195 1017 5241; x_wconf 92' lang='lat' dir='ltr'><strong>et</strong></span> <span class='ocrx_word' id='word_1_426' title='bbox 1039 5187 1226 5258; x_wconf 85' lang='lat' dir='ltr'><strong>longos</strong></span> <span class='ocrx_word' id='word_1_427' title='bbox 1251 5189 1598 5260; x_wconf 89' lang='lat' dir='ltr'><strong>impendisset</strong></span> <span class='ocrx_word' id='word_1_428' title='bbox 1618 5207 1891 5250; x_wconf 90' lang='lat' dir='ltr'><strong>sermones</strong></span> <span class='ocrx_word' id='word_1_429' title='bbox 1913 5197 2153 5254; x_wconf 78' lang='lat' dir='ltr'><strong>Christus</strong></span> 
     </span>
    </p>
   </div>
   <div class='ocr_carea' id='block_1_54' title="bbox 571 5273 2152 5356">
    <p class='ocr_par' dir='ltr' id='par_1_54' title="bbox 571 5273 2152 5356">
     <span class='ocr_line' id='line_1_54' title="bbox 571 5273 2152 5356; baseline 0.011 -29"><span class='ocrx_word' id='word_1_430' title='bbox 571 5282 691 5335; x_wconf 84' lang='lat' dir='ltr'><strong>post</strong></span> <span class='ocrx_word' id='word_1_431' title='bbox 731 5273 873 5328; x_wconf 89' lang='lat' dir='ltr'><strong>illam</strong></span> <span class='ocrx_word' id='word_1_432' title='bbox 911 5276 1189 5347; x_wconf 84' lang='lat' dir='ltr'><strong>mysticam</strong></span> <span class='ocrx_word' id='word_1_433' title='bbox 1234 5294 1442 5334; x_wconf 67' lang='lat' dir='ltr'><strong>orenam</strong></span> <span class='ocrx_word' id='word_1_434' title='bbox 1473 5299 1486 5332; x_wconf 90' lang='lat'><strong>:</strong></span> <span class='ocrx_word' id='word_1_435' title='bbox 1517 5297 1624 5336; x_wconf 88' lang='lat' dir='ltr'><strong>non</strong></span> <span class='ocrx_word' id='word_1_436' title='bbox 1661 5286 1844 5356; x_wconf 91' lang='lat' dir='ltr'><strong>utique</strong></span> <span class='ocrx_word' id='word_1_437' title='bbox 1869 5287 1913 5340; x_wconf 92' lang='lat' dir='ltr'><strong>si</strong></span> <span class='ocrx_word' id='word_1_438' title='bbox 1944 5287 2046 5343; x_wconf 92' lang='lat' dir='ltr'><strong>hoc</strong></span> <span class='ocrx_word' id='word_1_439' title='bbox 2075 5290 2152 5345; x_wconf 87' lang='lat' dir='ltr'><strong>in-</strong></span> 
     </span>
    </p>
   </div>
   <div class='ocr_carea' id='block_1_55' title="bbox 570 5369 2152 5443">
    <p class='ocr_par' dir='ltr' id='par_1_55' title="bbox 570 5369 2152 5443">
     <span class='ocr_line' id='line_1_55' title="bbox 570 5369 2152 5443; baseline 0.011 -23"><span class='ocrx_word' id='word_1_440' title='bbox 570 5381 860 5437; x_wconf 87' lang='lat' dir='ltr'><strong>congruum</strong></span> <span class='ocrx_word' id='word_1_441' title='bbox 887 5376 1054 5432; x_wconf 82' lang='lat' dir='ltr'><strong>esset,</strong></span> <span class='ocrx_word' id='word_1_442' title='bbox 1084 5369 1280 5425; x_wconf 87' lang='lat' dir='ltr'><strong>refecta</strong></span> <span class='ocrx_word' id='word_1_443' title='bbox 1309 5373 1504 5443; x_wconf 63' lang='lat' dir='ltr'><strong>saepius</strong></span> <span class='ocrx_word' id='word_1_444' title='bbox 1533 5374 1585 5430; x_wconf 90' lang='lat' dir='ltr'><strong>in</strong></span> <span class='ocrx_word' id='word_1_445' title='bbox 1615 5377 1829 5432; x_wconf 90' lang='lat' dir='ltr'><strong>deserto</strong></span> <span class='ocrx_word' id='word_1_446' title='bbox 1858 5379 2152 5436; x_wconf 89' lang='lat' dir='ltr'><strong>multitudi-</strong></span> 
     </span>
    </p>
   </div>
   <div class='ocr_carea' id='block_1_56' title="bbox 569 5456 2146 5530">
    <p class='ocr_par' dir='ltr' id='par_1_56' title="bbox 569 5456 2146 5530">
     <span class='ocr_line' id='line_1_56' title="bbox 569 5456 2146 5530; baseline 0.011 -23"><span class='ocrx_word' id='word_1_447' title='bbox 569 5472 634 5510; x_wconf 88' lang='lat' dir='ltr'><strong>ne</strong></span> <span class='ocrx_word' id='word_1_448' title='bbox 653 5456 814 5511; x_wconf 86' lang='lat' dir='ltr'><strong>etiam</strong></span> <span class='ocrx_word' id='word_1_449' title='bbox 837 5471 1113 5513; x_wconf 87' lang='lat' dir='ltr'><strong>sermones</strong></span> <span class='ocrx_word' id='word_1_450' title='bbox 1133 5459 1260 5527; x_wconf 85' lang='lat' dir='ltr'><strong>ipsis</strong></span> <span class='ocrx_word' id='word_1_451' title='bbox 1281 5473 1401 5530; x_wconf 92' lang='lat' dir='ltr'><strong>post</strong></span> <span class='ocrx_word' id='word_1_452' title='bbox 1424 5479 1661 5519; x_wconf 88' lang='lat' dir='ltr'><strong>mensam</strong></span> <span class='ocrx_word' id='word_1_453' title='bbox 1682 5469 2146 5526; x_wconf 87' lang='lat' dir='ltr'><strong>communicasset.</strong></span> 
     </span>
    </p>
   </div>
   <div class='ocr_carea' id='block_1_57' title="bbox 567 5545 2144 5634">
    <p class='ocr_par' dir='ltr' id='par_1_57' title="bbox 567 5545 2144 5634">
     <span class='ocr_line' id='line_1_57' title="bbox 567 5545 2144 5634; baseline 0.012 -36"><span class='ocrx_word' id='word_1_454' title='bbox 567 5545 620 5598; x_wconf 82' lang='lat' dir='ltr'><strong>Si</strong></span> <span class='ocrx_word' id='word_1_455' title='bbox 641 5548 784 5603; x_wconf 89' lang='lat' dir='ltr'><strong>enim</strong></span> <span class='ocrx_word' id='word_1_456' title='bbox 808 5547 884 5603; x_wconf 86' lang='lat' dir='ltr'><strong>fas</strong></span> <span class='ocrx_word' id='word_1_457' title='bbox 908 5559 990 5604; x_wconf 76' lang='grc' dir='ltr'><strong>εει</strong></span> <span class='ocrx_word' id='word_1_458' title='bbox 1009 5549 1203 5620; x_wconf 90' lang='lat' dir='ltr'><strong>aliquid</strong></span> <span class='ocrx_word' id='word_1_459' title='bbox 1226 5552 1382 5606; x_wconf 85' lang='lat' dir='ltr'><strong>etiam</strong></span> <span class='ocrx_word' id='word_1_460' title='bbox 1407 5564 1598 5623; x_wconf 57' lang='lat' dir='ltr'><strong>praeter</strong></span> <span class='ocrx_word' id='word_1_461' title='bbox 1617 5556 1920 5628; x_wconf 87' lang='lat' dir='ltr'><strong>opinionem</strong></span> <span class='ocrx_word' id='word_1_462' title='bbox 1943 5561 2144 5634; x_wconf 87' lang='lat' dir='ltr'><strong>dicere,</strong></span> 
     </span>
    </p>
   </div>
   <div class='ocr_carea' id='block_1_58' title="bbox 568 5639 2143 5723">
    <p class='ocr_par' dir='ltr' id='par_1_58' title="bbox 568 5639 2143 5723">
     <span class='ocr_line' id='line_1_58' title="bbox 568 5639 2143 5723; baseline 0.018 -41"><span class='ocrx_word' id='word_1_463' title='bbox 568 5639 692 5692; x_wconf 87' lang='lat' dir='ltr'><strong>tunc</strong></span> <span class='ocrx_word' id='word_1_464' title='bbox 729 5639 963 5706; x_wconf 85' lang='lat' dir='ltr'><strong>profecto</strong></span> <span class='ocrx_word' id='word_1_465' title='bbox 1001 5640 1338 5698; x_wconf 91' lang='lat' dir='ltr'><strong>utilissimum</strong></span> <span class='ocrx_word' id='word_1_466' title='bbox 1378 5654 1462 5700; x_wconf 90' lang='lat' dir='ltr'><strong>est</strong></span> <span class='ocrx_word' id='word_1_467' title='bbox 1496 5645 1690 5702; x_wconf 86' lang='lat' dir='ltr'><strong>divinis</strong></span> <span class='ocrx_word' id='word_1_468' title='bbox 1717 5649 1944 5723; x_wconf 86' lang='lat' dir='ltr'><strong>eloquiis</strong></span> <span class='ocrx_word' id='word_1_469' title='bbox 1985 5667 2143 5710; x_wconf 88' lang='lat' dir='ltr'><strong>aures</strong></span> 
     </span>
    </p>
   </div>
   <div class='ocr_carea' id='block_1_59' title="bbox 630 5763 1551 5854">
    <p class='ocr_par' dir='ltr' id='par_1_59' title="bbox 630 5763 1551 5854">
     <span class='ocr_line' id='line_1_59' title="bbox 630 5763 1551 5854; baseline 0.018 0"><span class='ocrx_word' id='word_1_470' title='bbox 630 5763 652 5854; x_wconf 72' lang='grc' dir='ltr'>ζ</span> <span class='ocrx_word' id='word_1_471' title='bbox 681 5763 873 5854; x_wconf 58' lang='grc' dir='ltr'><strong>ἓξὲεὲ</strong></span> <span class='ocrx_word' id='word_1_472' title='bbox 886 5775 1429 5854; x_wconf 74' lang='grc' dir='ltr'><strong>.ει</strong></span> <span class='ocrx_word' id='word_1_473' title='bbox 1448 5793 1551 5843; x_wconf 64' lang='lat' dir='ltr'><strong>e9&quot;-</strong></span> 
     </span>
    </p>
   </div>
   <div class='ocr_carea' id='block_1_60' title="bbox 681 5824 1747 5902">
    <p class='ocr_par' dir='ltr' id='par_1_60' title="bbox 681 5824 1747 5902">
     <span class='ocr_line' id='line_1_60' title="bbox 681 5824 1747 5902; baseline 0.022 -29"><span class='ocrx_word' id='word_1_474' title='bbox 681 5824 876 5880; x_wconf 79' lang='lat' dir='ltr'><strong>Quidatn</strong></span> <span class='ocrx_word' id='word_1_475' title='bbox 897 5847 912 5882; x_wconf 85' lang='lat'><strong>:</strong></span> <span class='ocrx_word' id='word_1_476' title='bbox 939 5824 1747 5902; x_wconf 61' lang='lat' dir='ltr'><strong>ugein&#39;nbbi’i&#39;iiiaiééxii’bbmm.</strong></span> 
     </span>
    </p>
   </div>
   <div class='ocr_carea' id='block_1_61' title="bbox 2310 1237 3873 1311">
    <p class='ocr_par' dir='ltr' id='par_1_61' title="bbox 2310 1237 3873 1311">
     <span class='ocr_line' id='line_1_61' title="bbox 2310 1237 3873 1311; baseline 0 -16"><span class='ocrx_word' id='word_1_477' title='bbox 2310 1237 2734 1295; x_wconf 84' lang='lat' dir='ltr'><strong>accommodare.</strong></span> <span class='ocrx_word' id='word_1_478' title='bbox 2763 1237 2893 1293; x_wconf 91' lang='lat' dir='ltr'><strong>Cum</strong></span> <span class='ocrx_word' id='word_1_479' title='bbox 2914 1238 3054 1294; x_wconf 87' lang='lat' dir='ltr'><strong>enim</strong></span> <span class='ocrx_word' id='word_1_480' title='bbox 3081 1237 3171 1294; x_wconf 92' lang='lat' dir='ltr'><strong>tibi</strong></span> <span class='ocrx_word' id='word_1_481' title='bbox 3194 1239 3544 1308; x_wconf 88' lang='lat' dir='ltr'><strong>persuaseris,</strong></span> <span class='ocrx_word' id='word_1_482' title='bbox 3575 1251 3694 1311; x_wconf 89' lang='lat' dir='ltr'><strong>post</strong></span> <span class='ocrx_word' id='word_1_483' title='bbox 3713 1239 3873 1296; x_wconf 87' lang='lat' dir='ltr'><strong>cibum</strong></span> 
     </span>
    </p>
   </div>
   <div class='ocr_carea' id='block_1_62' title="bbox 2303 1331 3871 1402">
    <p class='ocr_par' dir='ltr' id='par_1_62' title="bbox 2303 1331 3871 1402">
     <span class='ocr_line' id='line_1_62' title="bbox 2303 1331 3871 1402; baseline -0.001 -14"><span class='ocrx_word' id='word_1_484' title='bbox 2303 1342 2359 1388; x_wconf 87' lang='lat' dir='ltr'><strong>et</strong></span> <span class='ocrx_word' id='word_1_485' title='bbox 2386 1340 2568 1401; x_wconf 92' lang='lat' dir='ltr'><strong>potum</strong></span> <span class='ocrx_word' id='word_1_486' title='bbox 2596 1340 2650 1386; x_wconf 90' lang='lat' dir='ltr'><strong>et</strong></span> <span class='ocrx_word' id='word_1_487' title='bbox 2677 1331 2743 1385; x_wconf 89' lang='lat' dir='ltr'><strong>ad</strong></span> <span class='ocrx_word' id='word_1_488' title='bbox 2769 1331 3010 1402; x_wconf 73' lang='lat' dir='ltr'><strong>synaxim</strong></span> <span class='ocrx_word' id='word_1_489' title='bbox 3037 1333 3322 1385; x_wconf 89' lang='lat' dir='ltr'><strong>convenire</strong></span> <span class='ocrx_word' id='word_1_490' title='bbox 3348 1347 3566 1386; x_wconf 88' lang='lat' dir='ltr'><strong>necesse</strong></span> <span class='ocrx_word' id='word_1_491' title='bbox 3592 1348 3738 1399; x_wconf 87' lang='lat' dir='ltr'><strong>esse,</strong></span> <span class='ocrx_word' id='word_1_492' title='bbox 3765 1349 3871 1388; x_wconf 75' lang='lat' dir='ltr'><strong>orn--</strong></span> 
     </span>
    </p>
   </div>
   <div class='ocr_carea' id='block_1_63' title="bbox 2304 1422 3875 1492">
    <p class='ocr_par' dir='ltr' id='par_1_63' title="bbox 2304 1422 3875 1492">
     <span class='ocr_line' id='line_1_63' title="bbox 2304 1422 3875 1492; baseline 0.001 -16"><span class='ocrx_word' id='word_1_493' title='bbox 2304 1424 2430 1478; x_wconf 92' lang='lat' dir='ltr'><strong>nino</strong></span> <span class='ocrx_word' id='word_1_494' title='bbox 2469 1423 2551 1477; x_wconf 89' lang='lat' dir='ltr'><strong>vel</strong></span> <span class='ocrx_word' id='word_1_495' title='bbox 2582 1422 2776 1476; x_wconf 90' lang='lat' dir='ltr'><strong>invitus</strong></span> <span class='ocrx_word' id='word_1_496' title='bbox 2812 1422 3030 1476; x_wconf 91' lang='lat' dir='ltr'><strong>multam</strong></span> <span class='ocrx_word' id='word_1_497' title='bbox 3069 1437 3223 1492; x_wconf 88' lang='lat' dir='ltr'><strong>geres</strong></span> <span class='ocrx_word' id='word_1_498' title='bbox 3253 1422 3557 1476; x_wconf 87' lang='lat' dir='ltr'><strong>sobrietatis</strong></span> <span class='ocrx_word' id='word_1_499' title='bbox 3583 1437 3763 1477; x_wconf 84' lang='lat' dir='ltr'><strong>curam</strong></span> <span class='ocrx_word' id='word_1_500' title='bbox 3783 1463 3796 1488; x_wconf 91' lang='lat'><strong>,</strong></span> <span class='ocrx_word' id='word_1_501' title='bbox 3826 1433 3875 1478; x_wconf 85' lang='lat' dir='ltr'><strong>et</strong></span> 
     </span>
    </p>
   </div>
   <div class='ocr_carea' id='block_1_64' title="bbox 2306 1515 3872 1587">
    <p class='ocr_par' dir='ltr' id='par_1_64' title="bbox 2306 1515 3872 1587">
     <span class='ocr_line' id='line_1_64' title="bbox 2306 1515 3872 1587; baseline -0.001 -15"><span class='ocrx_word' id='word_1_502' title='bbox 2306 1533 2480 1587; x_wconf 89' lang='lat' dir='ltr'><strong>neque</strong></span> <span class='ocrx_word' id='word_1_503' title='bbox 2509 1517 2561 1570; x_wconf 93' lang='lat' dir='ltr'><strong>in</strong></span> <span class='ocrx_word' id='word_1_504' title='bbox 2591 1516 2901 1571; x_wconf 88' lang='lat' dir='ltr'><strong>ebrietatem</strong></span> <span class='ocrx_word' id='word_1_505' title='bbox 2927 1531 3102 1585; x_wconf 89' lang='lat' dir='ltr'><strong>neque</strong></span> <span class='ocrx_word' id='word_1_506' title='bbox 3129 1518 3183 1569; x_wconf 92' lang='lat' dir='ltr'><strong>in</strong></span> <span class='ocrx_word' id='word_1_507' title='bbox 3216 1515 3485 1583; x_wconf 88' lang='lat' dir='ltr'><strong>crapulam</strong></span> <span class='ocrx_word' id='word_1_508' title='bbox 3517 1531 3762 1584; x_wconf 90' lang='lat' dir='ltr'><strong>umquam</strong></span> <span class='ocrx_word' id='word_1_509' title='bbox 3786 1515 3872 1570; x_wconf 68' lang='lat' dir='ltr'><strong>deo</strong></span> 
     </span>
    </p>
   </div>
   <div class='ocr_carea' id='block_1_65' title="bbox 2304 1605 3870 1675">
    <p class='ocr_par' dir='ltr' id='par_1_65' title="bbox 2304 1605 3870 1675">
     <span class='ocr_line' id='line_1_65' title="bbox 2304 1605 3870 1675; baseline -0.003 -12"><span class='ocrx_word' id='word_1_510' title='bbox 2304 1608 2515 1663; x_wconf 86' lang='lat' dir='ltr'><strong>duceris</strong></span> <span class='ocrx_word' id='word_1_511' title='bbox 2542 1624 2556 1661; x_wconf 89' lang='lat'><strong>:</strong></span> <span class='ocrx_word' id='word_1_512' title='bbox 2583 1622 2710 1662; x_wconf 85' lang='lat' dir='ltr'><strong>cura</strong></span> <span class='ocrx_word' id='word_1_513' title='bbox 2750 1607 2891 1662; x_wconf 91' lang='lat' dir='ltr'><strong>enim</strong></span> <span class='ocrx_word' id='word_1_514' title='bbox 2935 1615 2990 1661; x_wconf 90' lang='lat' dir='ltr'><strong>et</strong></span> <span class='ocrx_word' id='word_1_515' title='bbox 3030 1607 3355 1675; x_wconf 78' lang='lat' dir='ltr'><strong>exspectatio</strong></span> <span class='ocrx_word' id='word_1_516' title='bbox 3396 1607 3448 1660; x_wconf 92' lang='lat' dir='ltr'><strong>in</strong></span> <span class='ocrx_word' id='word_1_517' title='bbox 3487 1605 3712 1660; x_wconf 90' lang='lat' dir='ltr'><strong>ecclesia</strong></span> <span class='ocrx_word' id='word_1_518' title='bbox 3754 1621 3870 1660; x_wconf 87' lang='lat' dir='ltr'><strong>eon-</strong></span> 
     </span>
    </p>
   </div>
   <div class='ocr_carea' id='block_1_66' title="bbox 2305 1699 3870 1768">
    <p class='ocr_par' dir='ltr' id='par_1_66' title="bbox 2305 1699 3870 1768">
     <span class='ocr_line' id='line_1_66' title="bbox 2305 1699 3870 1768; baseline -0.001 -14"><span class='ocrx_word' id='word_1_519' title='bbox 2305 1701 2552 1758; x_wconf 85' lang='lat' dir='ltr'><strong>veniendi</strong></span> <span class='ocrx_word' id='word_1_520' title='bbox 2584 1716 2703 1756; x_wconf 89' lang='lat' dir='ltr'><strong>cum</strong></span> <span class='ocrx_word' id='word_1_521' title='bbox 2740 1699 2960 1754; x_wconf 86' lang='lat' dir='ltr'><strong>honesta</strong></span> <span class='ocrx_word' id='word_1_522' title='bbox 3001 1714 3249 1754; x_wconf 87' lang='lat' dir='ltr'><strong>mensura</strong></span> <span class='ocrx_word' id='word_1_523' title='bbox 3288 1699 3463 1755; x_wconf 87' lang='lat' dir='ltr'><strong>cibum</strong></span> <span class='ocrx_word' id='word_1_524' title='bbox 3491 1707 3548 1754; x_wconf 90' lang='lat' dir='ltr'><strong>et</strong></span> <span class='ocrx_word' id='word_1_525' title='bbox 3576 1708 3753 1768; x_wconf 91' lang='lat' dir='ltr'><strong>potum</strong></span> <span class='ocrx_word' id='word_1_526' title='bbox 3788 1714 3870 1753; x_wconf 88' lang='lat' dir='ltr'><strong>su-</strong></span> 
     </span>
    </p>
   </div>
   <div class='ocr_carea' id='block_1_67' title="bbox 2303 1791 3870 1862">
    <p class='ocr_par' dir='ltr' id='par_1_67' title="bbox 2303 1791 3870 1862">
     <span class='ocr_line' id='line_1_67' title="bbox 2303 1791 3870 1862; baseline -0.001 -13"><span class='ocrx_word' id='word_1_527' title='bbox 2303 1810 2452 1850; x_wconf 84' lang='lat' dir='ltr'><strong>mere</strong></span> <span class='ocrx_word' id='word_1_528' title='bbox 2489 1795 2674 1861; x_wconf 82' lang='lat' dir='ltr'><strong>docet,</strong></span> <span class='ocrx_word' id='word_1_529' title='bbox 2720 1809 2788 1848; x_wconf 89' lang='lat' dir='ltr'><strong>ne</strong></span> <span class='ocrx_word' id='word_1_530' title='bbox 2830 1794 3098 1862; x_wconf 86' lang='lat' dir='ltr'><strong>ingressus</strong></span> <span class='ocrx_word' id='word_1_531' title='bbox 3137 1803 3190 1847; x_wconf 89' lang='lat' dir='ltr'><strong>et</strong></span> <span class='ocrx_word' id='word_1_532' title='bbox 3233 1791 3486 1847; x_wconf 90' lang='lat' dir='ltr'><strong>fratribus</strong></span> <span class='ocrx_word' id='word_1_533' title='bbox 3524 1791 3870 1856; x_wconf 80' lang='lat' dir='ltr'><strong>commixtus,</strong></span> 
     </span>
    </p>
   </div>
   <div class='ocr_carea' id='block_1_68' title="bbox 2302 1882 3872 1957">
    <p class='ocr_par' dir='ltr' id='par_1_68' title="bbox 2302 1882 3872 1957">
     <span class='ocr_line' id='line_1_68' title="bbox 2302 1882 3872 1957; baseline -0.002 -17"><span class='ocrx_word' id='word_1_534' title='bbox 2302 1895 2485 1957; x_wconf 84' lang='lat' dir='ltr'><strong>postea</strong></span> <span class='ocrx_word' id='word_1_535' title='bbox 2516 1888 2696 1940; x_wconf 89' lang='lat' dir='ltr'><strong>vinum</strong></span> <span class='ocrx_word' id='word_1_536' title='bbox 2734 1885 2983 1939; x_wconf 79' lang='lat' dir='ltr'><strong>redoleas</strong></span> <span class='ocrx_word' id='word_1_537' title='bbox 3006 1925 3021 1951; x_wconf 95' lang='lat'><strong>,</strong></span> <span class='ocrx_word' id='word_1_538' title='bbox 3063 1895 3118 1939; x_wconf 88' lang='lat' dir='ltr'><strong>et</strong></span> <span class='ocrx_word' id='word_1_539' title='bbox 3155 1884 3469 1938; x_wconf 90' lang='lat' dir='ltr'><strong>immodeste</strong></span> <span class='ocrx_word' id='word_1_540' title='bbox 3507 1894 3784 1949; x_wconf 81' lang='lat' dir='ltr'><strong>eructans,</strong></span> <span class='ocrx_word' id='word_1_541' title='bbox 3811 1882 3872 1937; x_wconf 85' lang='lat' dir='ltr'><strong>ab</strong></span> 
     </span>
    </p>
   </div>
   <div class='ocr_carea' id='block_1_69' title="bbox 2300 1973 3872 2045">
    <p class='ocr_par' dir='ltr' id='par_1_69' title="bbox 2300 1973 3872 2045">
     <span class='ocr_line' id='line_1_69' title="bbox 2300 1973 3872 2045; baseline -0.004 -13"><span class='ocrx_word' id='word_1_542' title='bbox 2300 1977 2548 2032; x_wconf 89' lang='lat' dir='ltr'><strong>omnibus</strong></span> <span class='ocrx_word' id='word_1_543' title='bbox 2574 1976 2922 2045; x_wconf 56' lang='lat' dir='ltr'><strong>pricsentibus</strong></span> <span class='ocrx_word' id='word_1_544' title='bbox 2943 1974 3258 2030; x_wconf 81' lang='lat' dir='ltr'><strong>deridearis.</strong></span> <span class='ocrx_word' id='word_1_545' title='bbox 3289 1975 3413 2028; x_wconf 71' lang='grc' dir='ltr'><strong>Ηωο</strong></span> <span class='ocrx_word' id='word_1_546' title='bbox 3439 1989 3545 2027; x_wconf 90' lang='lat' dir='ltr'><strong>non</strong></span> <span class='ocrx_word' id='word_1_547' title='bbox 3573 1973 3723 2027; x_wconf 80' lang='lat' dir='ltr'><strong>Vobis</strong></span> <span class='ocrx_word' id='word_1_548' title='bbox 3747 1987 3872 2026; x_wconf 89' lang='lat' dir='ltr'><strong>nunc</strong></span> 
     </span>
    </p>
   </div>
   <div class='ocr_carea' id='block_1_70' title="bbox 2304 2062 3871 2137">
    <p class='ocr_par' dir='ltr' id='par_1_70' title="bbox 2304 2062 3871 2137">
     <span class='ocr_line' id='line_1_70' title="bbox 2304 2062 3871 2137; baseline -0.003 -15"><span class='ocrx_word' id='word_1_549' title='bbox 2304 2067 2654 2137; x_wconf 66' lang='lat' dir='ltr'><strong>pra-sentibus</strong></span> <span class='ocrx_word' id='word_1_550' title='bbox 2672 2108 2687 2131; x_wconf 89' lang='lat'><strong>,</strong></span> <span class='ocrx_word' id='word_1_551' title='bbox 2718 2065 2810 2121; x_wconf 90' lang='lat' dir='ltr'><strong>sed</strong></span> <span class='ocrx_word' id='word_1_552' title='bbox 2844 2066 2908 2119; x_wconf 90' lang='lat' dir='ltr'><strong>iis</strong></span> <span class='ocrx_word' id='word_1_553' title='bbox 2936 2065 3024 2134; x_wconf 90' lang='lat' dir='ltr'><strong>qui</strong></span> <span class='ocrx_word' id='word_1_554' title='bbox 3049 2065 3246 2120; x_wconf 86' lang='lat' dir='ltr'><strong>absunt</strong></span> <span class='ocrx_word' id='word_1_555' title='bbox 3270 2064 3418 2130; x_wconf 87' lang='lat' dir='ltr'><strong>dico,</strong></span> <span class='ocrx_word' id='word_1_556' title='bbox 3447 2071 3506 2116; x_wconf 89' lang='lat' dir='ltr'><strong>ut</strong></span> <span class='ocrx_word' id='word_1_557' title='bbox 3533 2062 3649 2116; x_wconf 59' lang='lat' dir='ltr'><strong>haec</strong></span> <span class='ocrx_word' id='word_1_558' title='bbox 3677 2077 3767 2131; x_wconf 90' lang='lat' dir='ltr'><strong>per</strong></span> <span class='ocrx_word' id='word_1_559' title='bbox 3789 2078 3871 2118; x_wconf 90' lang='lat' dir='ltr'><strong>vos</strong></span> 
     </span>
    </p>
   </div>
   <div class='ocr_carea' id='block_1_71' title="bbox 2297 2155 3868 2214">
    <p class='ocr_par' dir='ltr' id='par_1_71' title="bbox 2297 2155 3868 2214">
     <span class='ocr_line' id='line_1_71' title="bbox 2297 2155 3868 2214; baseline -0.003 -1"><span class='ocrx_word' id='word_1_560' title='bbox 2297 2158 2527 2214; x_wconf 89' lang='lat' dir='ltr'><strong>discant.</strong></span> <span class='ocrx_word' id='word_1_561' title='bbox 2571 2157 2688 2212; x_wconf 90' lang='lat' dir='ltr'><strong>Non</strong></span> <span class='ocrx_word' id='word_1_562' title='bbox 2734 2158 2876 2211; x_wconf 89' lang='lat' dir='ltr'><strong>enim</strong></span> <span class='ocrx_word' id='word_1_563' title='bbox 2929 2157 3211 2212; x_wconf 89' lang='lat' dir='ltr'><strong>comedere</strong></span> <span class='ocrx_word' id='word_1_564' title='bbox 3253 2155 3503 2210; x_wconf 85' lang='lat' dir='ltr'><strong>audiendi</strong></span> <span class='ocrx_word' id='word_1_565' title='bbox 3551 2156 3868 2210; x_wconf 87' lang='lat' dir='ltr'><strong>obstaculum</strong></span> 
     </span>
    </p>
   </div>
   <div class='ocr_carea' id='block_1_72' title="bbox 2297 2248 3868 2321">
    <p class='ocr_par' dir='ltr' id='par_1_72' title="bbox 2297 2248 3868 2321">
     <span class='ocr_line' id='line_1_72' title="bbox 2297 2248 3868 2321; baseline -0.002 -17"><span class='ocrx_word' id='word_1_566' title='bbox 2297 2249 2524 2321; x_wconf 79' lang='lat' dir='ltr'><strong>praebet,</strong></span> <span class='ocrx_word' id='word_1_567' title='bbox 2552 2249 2644 2304; x_wconf 89' lang='lat' dir='ltr'><strong>sed</strong></span> <span class='ocrx_word' id='word_1_568' title='bbox 2673 2258 2917 2318; x_wconf 89' lang='lat' dir='ltr'><strong>torpere;</strong></span> <span class='ocrx_word' id='word_1_569' title='bbox 2950 2259 3004 2302; x_wconf 92' lang='lat' dir='ltr'><strong>tu</strong></span> <span class='ocrx_word' id='word_1_570' title='bbox 3035 2263 3162 2304; x_wconf 84' lang='lat' dir='ltr'><strong>vero</strong></span> <span class='ocrx_word' id='word_1_571' title='bbox 3187 2248 3387 2303; x_wconf 89' lang='lat' dir='ltr'><strong>crimen</strong></span> <span class='ocrx_word' id='word_1_572' title='bbox 3415 2263 3536 2303; x_wconf 86' lang='lat' dir='ltr'><strong>esse</strong></span> <span class='ocrx_word' id='word_1_573' title='bbox 3564 2257 3748 2318; x_wconf 90' lang='lat' dir='ltr'><strong>putans</strong></span> <span class='ocrx_word' id='word_1_574' title='bbox 3775 2263 3868 2301; x_wconf 91' lang='lat' dir='ltr'><strong>non</strong></span> 
     </span>
    </p>
   </div>
   <div class='ocr_carea' id='block_1_73' title="bbox 2292 2339 3869 2412">
    <p class='ocr_par' dir='ltr' id='par_1_73' title="bbox 2292 2339 3869 2412">
     <span class='ocr_line' id='line_1_73' title="bbox 2292 2339 3869 2412; baseline -0.004 -14"><span class='ocrx_word' id='word_1_575' title='bbox 2292 2343 2557 2412; x_wconf 86' lang='lat' dir='ltr'><strong>jejunare,</strong></span> <span class='ocrx_word' id='word_1_576' title='bbox 2579 2343 2629 2398; x_wconf 91' lang='lat' dir='ltr'><strong>in</strong></span> <span class='ocrx_word' id='word_1_577' title='bbox 2651 2342 2793 2396; x_wconf 88' lang='lat' dir='ltr'><strong>aliud</strong></span> <span class='ocrx_word' id='word_1_578' title='bbox 2818 2341 3044 2396; x_wconf 88' lang='lat' dir='ltr'><strong>incurris</strong></span> <span class='ocrx_word' id='word_1_579' title='bbox 3063 2342 3288 2406; x_wconf 89' lang='lat' dir='ltr'><strong>crimen,</strong></span> <span class='ocrx_word' id='word_1_580' title='bbox 3312 2340 3476 2394; x_wconf 91' lang='lat' dir='ltr'><strong>multo</strong></span> <span class='ocrx_word' id='word_1_581' title='bbox 3499 2339 3674 2409; x_wconf 85' lang='lat' dir='ltr'><strong>majus</strong></span> <span class='ocrx_word' id='word_1_582' title='bbox 3695 2349 3745 2392; x_wconf 90' lang='lat' dir='ltr'><strong>et</strong></span> <span class='ocrx_word' id='word_1_583' title='bbox 3763 2354 3869 2408; x_wconf 86' lang='lat' dir='ltr'><strong>gra-</strong></span> 
     </span>
    </p>
   </div>
   <div class='ocr_carea' id='block_1_74' title="bbox 2297 2430 3865 2504">
    <p class='ocr_par' dir='ltr' id='par_1_74' title="bbox 2297 2430 3865 2504">
     <span class='ocr_line' id='line_1_74' title="bbox 2297 2430 3865 2504; baseline -0.005 -15"><span class='ocrx_word' id='word_1_584' title='bbox 2297 2435 2434 2500; x_wconf 90' lang='lat' dir='ltr'><strong>vius,</strong></span> <span class='ocrx_word' id='word_1_585' title='bbox 2459 2435 2600 2504; x_wconf 90' lang='lat' dir='ltr'><strong>quod</strong></span> <span class='ocrx_word' id='word_1_586' title='bbox 2620 2449 2786 2489; x_wconf 75' lang='lat' dir='ltr'><strong>sacra:</strong></span> <span class='ocrx_word' id='word_1_587' title='bbox 2810 2434 2964 2504; x_wconf 86' lang='lat' dir='ltr'><strong>hujus</strong></span> <span class='ocrx_word' id='word_1_588' title='bbox 2985 2447 3182 2488; x_wconf 71' lang='lat' dir='ltr'><strong>mensa:</strong></span> <span class='ocrx_word' id='word_1_589' title='bbox 3202 2449 3306 2486; x_wconf 89' lang='lat' dir='ltr'><strong>non</strong></span> <span class='ocrx_word' id='word_1_590' title='bbox 3331 2433 3597 2501; x_wconf 77' lang='lat' dir='ltr'><strong>particeps</strong></span> <span class='ocrx_word' id='word_1_591' title='bbox 3617 2430 3865 2495; x_wconf 77' lang='lat' dir='ltr'><strong>efficiat-is,</strong></span> 
     </span>
    </p>
   </div>
   <div class='ocr_carea' id='block_1_75' title="bbox 2296 2521 3866 2596">
    <p class='ocr_par' dir='ltr' id='par_1_75' title="bbox 2296 2521 3866 2596">
     <span class='ocr_line' id='line_1_75' title="bbox 2296 2521 3866 2596; baseline -0.005 -15"><span class='ocrx_word' id='word_1_592' title='bbox 2296 2536 2350 2581; x_wconf 90' lang='lat' dir='ltr'><strong>et</strong></span> <span class='ocrx_word' id='word_1_593' title='bbox 2373 2525 2515 2596; x_wconf 87' lang='lat' dir='ltr'><strong>quod</strong></span> <span class='ocrx_word' id='word_1_594' title='bbox 2545 2540 2738 2595; x_wconf 89' lang='lat' dir='ltr'><strong>corpus</strong></span> <span class='ocrx_word' id='word_1_595' title='bbox 2765 2534 2909 2578; x_wconf 90' lang='lat' dir='ltr'><strong>tuum</strong></span> <span class='ocrx_word' id='word_1_596' title='bbox 2941 2524 3111 2587; x_wconf 86' lang='lat' dir='ltr'><strong>alens,</strong></span> <span class='ocrx_word' id='word_1_597' title='bbox 3145 2525 3374 2576; x_wconf 88' lang='lat' dir='ltr'><strong>animam</strong></span> <span class='ocrx_word' id='word_1_598' title='bbox 3402 2521 3543 2576; x_wconf 89' lang='lat' dir='ltr'><strong>fame</strong></span> <span class='ocrx_word' id='word_1_599' title='bbox 3567 2535 3866 2575; x_wconf 82' lang='lat' dir='ltr'><strong>consumas:</strong></span> 
     </span>
    </p>
   </div>
   <div class='ocr_carea' id='block_1_76' title="bbox 2295 2613 3863 2688">
    <p class='ocr_par' dir='ltr' id='par_1_76' title="bbox 2295 2613 3863 2688">
     <span class='ocr_line' id='line_1_76' title="bbox 2295 2613 3863 2688; baseline -0.006 -15"><span class='ocrx_word' id='word_1_600' title='bbox 2295 2626 2350 2673; x_wconf 88' lang='lat' dir='ltr'><strong>et</strong></span> <span class='ocrx_word' id='word_1_601' title='bbox 2397 2632 2553 2688; x_wconf 91' lang='lat' dir='ltr'><strong>quam</strong></span> <span class='ocrx_word' id='word_1_602' title='bbox 2600 2617 3001 2672; x_wconf 83' lang='lat' dir='ltr'><strong>excusationem</strong></span> <span class='ocrx_word' id='word_1_603' title='bbox 3050 2614 3304 2670; x_wconf 85' lang='lat' dir='ltr'><strong>habebis?</strong></span> <span class='ocrx_word' id='word_1_604' title='bbox 3353 2615 3408 2668; x_wconf 89' lang='lat' dir='ltr'><strong>In</strong></span> <span class='ocrx_word' id='word_1_605' title='bbox 3445 2614 3652 2684; x_wconf 88' lang='lat' dir='ltr'><strong>jejunio</strong></span> <span class='ocrx_word' id='word_1_606' title='bbox 3688 2613 3863 2684; x_wconf 84' lang='lat' dir='ltr'><strong>quippe</strong></span> 
     </span>
    </p>
   </div>
   <div class='ocr_carea' id='block_1_77' title="bbox 2295 2708 3864 2780">
    <p class='ocr_par' dir='ltr' id='par_1_77' title="bbox 2295 2708 3864 2780">
     <span class='ocr_line' id='line_1_77' title="bbox 2295 2708 3864 2780; baseline -0.005 -14"><span class='ocrx_word' id='word_1_607' title='bbox 2295 2712 2534 2780; x_wconf 80' lang='lat' dir='ltr'><strong>corporis</strong></span> <span class='ocrx_word' id='word_1_608' title='bbox 2553 2711 2962 2766; x_wconf 85' lang='lat' dir='ltr'><strong>imbecillitatem</strong></span> <span class='ocrx_word' id='word_1_609' title='bbox 2985 2708 3313 2779; x_wconf 60' lang='lat' dir='ltr'><strong>praetendere</strong></span> <span class='ocrx_word' id='word_1_610' title='bbox 3331 2709 3558 2762; x_wconf 89' lang='lat' dir='ltr'><strong>fortasse</strong></span> <span class='ocrx_word' id='word_1_611' title='bbox 3579 2708 3769 2777; x_wconf 88' lang='lat' dir='ltr'><strong>poteris</strong></span> <span class='ocrx_word' id='word_1_612' title='bbox 3785 2748 3800 2772; x_wconf 93' lang='lat'><strong>,</strong></span> <span class='ocrx_word' id='word_1_613' title='bbox 3817 2711 3864 2758; x_wconf 87' lang='lat' dir='ltr'><strong>in</strong></span> 
     </span>
    </p>
   </div>
   <div class='ocr_carea' id='block_1_78' title="bbox 2292 2797 3862 2870">
    <p class='ocr_par' dir='ltr' id='par_1_78' title="bbox 2292 2797 3862 2870">
     <span class='ocr_line' id='line_1_78' title="bbox 2292 2797 3862 2870; baseline -0.003 -16"><span class='ocrx_word' id='word_1_614' title='bbox 2292 2800 2557 2855; x_wconf 88' lang='lat' dir='ltr'><strong>audiendo</strong></span> <span class='ocrx_word' id='word_1_615' title='bbox 2577 2811 2752 2856; x_wconf 88' lang='lat' dir='ltr'><strong>autem</strong></span> <span class='ocrx_word' id='word_1_616' title='bbox 2773 2800 2897 2870; x_wconf 89' lang='lat' dir='ltr'><strong>quid</strong></span> <span class='ocrx_word' id='word_1_617' title='bbox 2921 2799 3134 2855; x_wconf 88' lang='lat' dir='ltr'><strong>tandem</strong></span> <span class='ocrx_word' id='word_1_618' title='bbox 3157 2799 3336 2853; x_wconf 87' lang='lat' dir='ltr'><strong>dicere</strong></span> <span class='ocrx_word' id='word_1_619' title='bbox 3361 2799 3590 2867; x_wconf 56' lang='lat' dir='ltr'><strong>posses?</strong></span> <span class='ocrx_word' id='word_1_620' title='bbox 3611 2813 3713 2852; x_wconf 92' lang='lat' dir='ltr'><strong>non</strong></span> <span class='ocrx_word' id='word_1_621' title='bbox 3735 2797 3862 2851; x_wconf 87' lang='lat' dir='ltr'><strong>enim</strong></span> 
     </span>
    </p>
   </div>
   <div class='ocr_carea' id='block_1_79' title="bbox 2291 2890 3862 2962">
    <p class='ocr_par' dir='ltr' id='par_1_79' title="bbox 2291 2890 3862 2962">
     <span class='ocr_line' id='line_1_79' title="bbox 2291 2890 3862 2962; baseline -0.002 -16"><span class='ocrx_word' id='word_1_622' title='bbox 2291 2892 2534 2962; x_wconf 88' lang='lat' dir='ltr'><strong>corporis</strong></span> <span class='ocrx_word' id='word_1_623' title='bbox 2580 2892 2860 2946; x_wconf 86' lang='lat' dir='ltr'><strong>infirmitas</strong></span> <span class='ocrx_word' id='word_1_624' title='bbox 2905 2891 3207 2946; x_wconf 85' lang='lat' dir='ltr'><strong>divinorqu</strong></span> <span class='ocrx_word' id='word_1_625' title='bbox 3257 2890 3504 2960; x_wconf 86' lang='lat' dir='ltr'><strong>prohibet</strong></span> <span class='ocrx_word' id='word_1_626' title='bbox 3549 2892 3862 2962; x_wconf 88' lang='lat' dir='ltr'><strong>eloquiorum</strong></span> 
     </span>
    </p>
   </div>
   <div class='ocr_carea' id='block_1_80' title="bbox 2291 2982 3862 3054">
    <p class='ocr_par' dir='ltr' id='par_1_80' title="bbox 2291 2982 3862 3054">
     <span class='ocr_line' id='line_1_80' title="bbox 2291 2982 3862 3054; baseline -0.001 -16"><span class='ocrx_word' id='word_1_627' title='bbox 2291 2983 2597 3053; x_wconf 85' lang='lat' dir='ltr'><strong>participem</strong></span> <span class='ocrx_word' id='word_1_628' title='bbox 2638 2982 2774 3038; x_wconf 84' lang='lat' dir='ltr'><strong>fieri.</strong></span> <span class='ocrx_word' id='word_1_629' title='bbox 2818 2982 2874 3038; x_wconf 90' lang='lat' dir='ltr'><strong>Si</strong></span> <span class='ocrx_word' id='word_1_630' title='bbox 2914 2983 3057 3038; x_wconf 91' lang='lat' dir='ltr'><strong>enim</strong></span> <span class='ocrx_word' id='word_1_631' title='bbox 3097 2982 3348 3037; x_wconf 78' lang='lat' dir='ltr'><strong>dixissem</strong></span> <span class='ocrx_word' id='word_1_632' title='bbox 3388 3000 3402 3037; x_wconf 91' lang='lat'><strong>:</strong></span> <span class='ocrx_word' id='word_1_633' title='bbox 3441 2982 3616 3038; x_wconf 88' lang='lat' dir='ltr'><strong>Nemo</strong></span> <span class='ocrx_word' id='word_1_634' title='bbox 3657 2996 3862 3054; x_wconf 85' lang='lat' dir='ltr'><strong>pransus</strong></span> 
     </span>
    </p>
   </div>
   <div class='ocr_carea' id='block_1_81' title="bbox 2287 3071 3863 3145">
    <p class='ocr_par' dir='ltr' id='par_1_81' title="bbox 2287 3071 3863 3145">
     <span class='ocr_line' id='line_1_81' title="bbox 2287 3071 3863 3145; baseline -0.002 -17"><span class='ocrx_word' id='word_1_635' title='bbox 2287 3073 2408 3129; x_wconf 89' lang='lat' dir='ltr'><strong>aliis</strong></span> <span class='ocrx_word' id='word_1_636' title='bbox 2437 3075 2741 3139; x_wconf 89' lang='lat' dir='ltr'><strong>misceatur,</strong></span> <span class='ocrx_word' id='word_1_637' title='bbox 2772 3083 2889 3143; x_wconf 89' lang='lat' dir='ltr'><strong>post</strong></span> <span class='ocrx_word' id='word_1_638' title='bbox 2914 3073 3092 3130; x_wconf 91' lang='lat' dir='ltr'><strong>cibum</strong></span> <span class='ocrx_word' id='word_1_639' title='bbox 3117 3073 3297 3128; x_wconf 91' lang='lat' dir='ltr'><strong>audiat</strong></span> <span class='ocrx_word' id='word_1_640' title='bbox 3324 3089 3501 3141; x_wconf 89' lang='lat' dir='ltr'><strong>nemo,</strong></span> <span class='ocrx_word' id='word_1_641' title='bbox 3527 3075 3753 3145; x_wconf 89' lang='lat' dir='ltr'><strong>aliquam</strong></span> <span class='ocrx_word' id='word_1_642' title='bbox 3777 3071 3863 3126; x_wconf 76' lang='lat' dir='ltr'><strong>ha—</strong></span> 
     </span>
    </p>
   </div>
   <div class='ocr_carea' id='block_1_82' title="bbox 2289 3164 3858 3230">
    <p class='ocr_par' dir='ltr' id='par_1_82' title="bbox 2289 3164 3858 3230">
     <span class='ocr_line' id='line_1_82' title="bbox 2289 3164 3858 3230; baseline -0.002 -10"><span class='ocrx_word' id='word_1_643' title='bbox 2289 3165 2495 3220; x_wconf 86' lang='lat' dir='ltr'><strong>buisses</strong></span> <span class='ocrx_word' id='word_1_644' title='bbox 2523 3165 2764 3230; x_wconf 86' lang='lat' dir='ltr'><strong>veniam;</strong></span> <span class='ocrx_word' id='word_1_645' title='bbox 2796 3180 2936 3220; x_wconf 90' lang='lat' dir='ltr'><strong>nunc</strong></span> <span class='ocrx_word' id='word_1_646' title='bbox 2960 3180 3089 3220; x_wconf 89' lang='lat' dir='ltr'><strong>vero</strong></span> <span class='ocrx_word' id='word_1_647' title='bbox 3115 3181 3236 3220; x_wconf 91' lang='lat' dir='ltr'><strong>cum</strong></span> <span class='ocrx_word' id='word_1_648' title='bbox 3267 3181 3360 3220; x_wconf 88' lang='lat' dir='ltr'><strong>vos</strong></span> <span class='ocrx_word' id='word_1_649' title='bbox 3392 3166 3689 3230; x_wconf 88' lang='lat' dir='ltr'><strong>trahamus,</strong></span> <span class='ocrx_word' id='word_1_650' title='bbox 3715 3174 3766 3220; x_wconf 90' lang='lat' dir='ltr'><strong>et</strong></span> <span class='ocrx_word' id='word_1_651' title='bbox 3787 3164 3858 3217; x_wconf 90' lang='lat' dir='ltr'><strong>al-</strong></span> 
     </span>
    </p>
   </div>
   <div class='ocr_carea' id='block_1_83' title="bbox 2288 3255 3856 3326">
    <p class='ocr_par' dir='ltr' id='par_1_83' title="bbox 2288 3255 3856 3326">
     <span class='ocr_line' id='line_1_83' title="bbox 2288 3255 3856 3326; baseline -0.001 -17"><span class='ocrx_word' id='word_1_652' title='bbox 2288 3255 2550 3320; x_wconf 89' lang='lat' dir='ltr'><strong>liciamus,</strong></span> <span class='ocrx_word' id='word_1_653' title='bbox 2578 3266 2630 3309; x_wconf 90' lang='lat' dir='ltr'><strong>et</strong></span> <span class='ocrx_word' id='word_1_654' title='bbox 2660 3256 2726 3310; x_wconf 89' lang='lat' dir='ltr'><strong>ad</strong></span> <span class='ocrx_word' id='word_1_655' title='bbox 2754 3271 2852 3310; x_wconf 88' lang='lat' dir='ltr'><strong>nos</strong></span> <span class='ocrx_word' id='word_1_656' title='bbox 2882 3271 3156 3323; x_wconf 89' lang='lat' dir='ltr'><strong>vocemus,</strong></span> <span class='ocrx_word' id='word_1_657' title='bbox 3187 3273 3345 3326; x_wconf 88' lang='lat' dir='ltr'><strong>quam</strong></span> <span class='ocrx_word' id='word_1_658' title='bbox 3377 3258 3680 3313; x_wconf 85' lang='lat' dir='ltr'><strong>resilientes</strong></span> <span class='ocrx_word' id='word_1_659' title='bbox 3703 3273 3856 3312; x_wconf 77' lang='lat' dir='ltr'><strong>excu-</strong></span> 
     </span>
    </p>
   </div>
   <div class='ocr_carea' id='block_1_84' title="bbox 2285 3349 3856 3407">
    <p class='ocr_par' dir='ltr' id='par_1_84' title="bbox 2285 3349 3856 3407">
     <span class='ocr_line' id='line_1_84' title="bbox 2285 3349 3856 3407; baseline 0.001 -6"><span class='ocrx_word' id='word_1_660' title='bbox 2285 3350 2545 3402; x_wconf 88' lang='lat' dir='ltr'><strong>sationem</strong></span> <span class='ocrx_word' id='word_1_661' title='bbox 2588 3349 2887 3404; x_wconf 79' lang='lat' dir='ltr'><strong>habebitis?</strong></span> <span class='ocrx_word' id='word_1_662' title='bbox 2913 3350 3123 3406; x_wconf 85' lang='lat' dir='ltr'><strong>Etenim</strong></span> <span class='ocrx_word' id='word_1_663' title='bbox 3155 3367 3257 3405; x_wconf 89' lang='lat' dir='ltr'><strong>non</strong></span> <span class='ocrx_word' id='word_1_664' title='bbox 3289 3352 3512 3406; x_wconf 87' lang='lat' dir='ltr'><strong>idoneus</strong></span> <span class='ocrx_word' id='word_1_665' title='bbox 3543 3353 3751 3407; x_wconf 89' lang='lat' dir='ltr'><strong>auditor</strong></span> <span class='ocrx_word' id='word_1_666' title='bbox 3777 3351 3856 3405; x_wconf 89' lang='lat' dir='ltr'><strong>ille</strong></span> 
     </span>
    </p>
   </div>
   <div class='ocr_carea' id='block_1_85' title="bbox 2283 3442 3854 3516">
    <p class='ocr_par' dir='ltr' id='par_1_85' title="bbox 2283 3442 3854 3516">
     <span class='ocr_line' id='line_1_85' title="bbox 2283 3442 3854 3516; baseline 0.001 -22"><span class='ocrx_word' id='word_1_667' title='bbox 2283 3450 2445 3506; x_wconf 87' lang='lat' dir='ltr'><strong>esset,</strong></span> <span class='ocrx_word' id='word_1_668' title='bbox 2471 3457 2574 3494; x_wconf 92' lang='lat' dir='ltr'><strong>non</strong></span> <span class='ocrx_word' id='word_1_669' title='bbox 2602 3442 2690 3510; x_wconf 91' lang='lat' dir='ltr'><strong>qui</strong></span> <span class='ocrx_word' id='word_1_670' title='bbox 2719 3443 3041 3499; x_wconf 90' lang='lat' dir='ltr'><strong>comedisset</strong></span> <span class='ocrx_word' id='word_1_671' title='bbox 3065 3455 3156 3499; x_wconf 91' lang='lat' dir='ltr'><strong>aut</strong></span> <span class='ocrx_word' id='word_1_672' title='bbox 3186 3444 3428 3509; x_wconf 89' lang='lat' dir='ltr'><strong>bibisset,</strong></span> <span class='ocrx_word' id='word_1_673' title='bbox 3456 3446 3552 3499; x_wconf 89' lang='lat' dir='ltr'><strong>sed</strong></span> <span class='ocrx_word' id='word_1_674' title='bbox 3582 3447 3669 3516; x_wconf 90' lang='lat' dir='ltr'><strong>qui</strong></span> <span class='ocrx_word' id='word_1_675' title='bbox 3697 3445 3854 3500; x_wconf 80' lang='lat' dir='ltr'><strong>verbis</strong></span> 
     </span>
    </p>
   </div>
   <div class='ocr_carea' id='block_1_86' title="bbox 2287 3531 3855 3607">
    <p class='ocr_par' dir='ltr' id='par_1_86' title="bbox 2287 3531 3855 3607">
     <span class='ocr_line' id='line_1_86' title="bbox 2287 3531 3855 3607; baseline 0.001 -22"><span class='ocrx_word' id='word_1_676' title='bbox 2287 3547 2391 3585; x_wconf 88' lang='lat' dir='ltr'><strong>non</strong></span> <span class='ocrx_word' id='word_1_677' title='bbox 2419 3531 2738 3596; x_wconf 88' lang='lat' dir='ltr'><strong>attenderet,</strong></span> <span class='ocrx_word' id='word_1_678' title='bbox 2767 3533 3002 3589; x_wconf 87' lang='lat' dir='ltr'><strong>oscitans</strong></span> <span class='ocrx_word' id='word_1_679' title='bbox 3030 3543 3086 3589; x_wconf 89' lang='lat' dir='ltr'><strong>et</strong></span> <span class='ocrx_word' id='word_1_680' title='bbox 3107 3536 3416 3602; x_wconf 86' lang='lat' dir='ltr'><strong>dissolutus,</strong></span> <span class='ocrx_word' id='word_1_681' title='bbox 3444 3537 3535 3606; x_wconf 88' lang='lat' dir='ltr'><strong>qui</strong></span> <span class='ocrx_word' id='word_1_682' title='bbox 3567 3553 3756 3607; x_wconf 89' lang='lat' dir='ltr'><strong>corpus</strong></span> <span class='ocrx_word' id='word_1_683' title='bbox 3780 3536 3855 3589; x_wconf 85' lang='lat' dir='ltr'><strong>hic</strong></span> 
     </span>
    </p>
   </div>
   <div class='ocr_carea' id='block_1_87' title="bbox 2285 3621 3851 3698">
    <p class='ocr_par' dir='ltr' id='par_1_87' title="bbox 2285 3621 3851 3698">
     <span class='ocr_line' id='line_1_87' title="bbox 2285 3621 3851 3698; baseline 0.003 -24"><span class='ocrx_word' id='word_1_684' title='bbox 2285 3621 2507 3686; x_wconf 85' lang='lat' dir='ltr'><strong>habens,</strong></span> <span class='ocrx_word' id='word_1_685' title='bbox 2533 3633 2709 3676; x_wconf 83' lang='lat' dir='ltr'><strong>meme</strong></span> <span class='ocrx_word' id='word_1_686' title='bbox 2738 3623 2844 3676; x_wconf 91' lang='lat' dir='ltr'><strong>alio</strong></span> <span class='ocrx_word' id='word_1_687' title='bbox 2874 3636 3186 3693; x_wconf 85' lang='lat' dir='ltr'><strong>vagaretur;</strong></span> <span class='ocrx_word' id='word_1_688' title='bbox 3215 3626 3302 3690; x_wconf 86' lang='lat' dir='ltr'><strong>hic</strong></span> <span class='ocrx_word' id='word_1_689' title='bbox 3326 3627 3774 3698; x_wconf 81' lang='lat' dir='ltr'><strong>etiamsijejnnet,</strong></span> <span class='ocrx_word' id='word_1_690' title='bbox 3793 3626 3851 3679; x_wconf 88' lang='lat' dir='ltr'><strong>ad</strong></span> 
     </span>
    </p>
   </div>
   <div class='ocr_carea' id='block_1_88' title="bbox 2278 3712 3850 3790">
    <p class='ocr_par' dir='ltr' id='par_1_88' title="bbox 2278 3712 3850 3790">
     <span class='ocr_line' id='line_1_88' title="bbox 2278 3712 3850 3790; baseline 0.003 -24"><span class='ocrx_word' id='word_1_691' title='bbox 2278 3712 2601 3768; x_wconf 88' lang='lat' dir='ltr'><strong>audiendum</strong></span> <span class='ocrx_word' id='word_1_692' title='bbox 2634 3713 2832 3768; x_wconf 89' lang='lat' dir='ltr'><strong>inutilis</strong></span> <span class='ocrx_word' id='word_1_693' title='bbox 2867 3725 2951 3770; x_wconf 89' lang='lat' dir='ltr'><strong>est</strong></span> <span class='ocrx_word' id='word_1_694' title='bbox 2977 3733 2991 3768; x_wconf 89' lang='lat'>:</span> <span class='ocrx_word' id='word_1_695' title='bbox 3017 3717 3282 3774; x_wconf 82' lang='lat' dir='ltr'><strong>excitatus</strong></span> <span class='ocrx_word' id='word_1_696' title='bbox 3307 3728 3492 3773; x_wconf 90' lang='lat' dir='ltr'><strong>contra</strong></span> <span class='ocrx_word' id='word_1_697' title='bbox 3523 3729 3580 3773; x_wconf 88' lang='lat' dir='ltr'><strong>et</strong></span> <span class='ocrx_word' id='word_1_698' title='bbox 3605 3719 3816 3790; x_wconf 85' lang='lat' dir='ltr'><strong>vigilans</strong></span> <span class='ocrx_word' id='word_1_699' title='bbox 3837 3759 3850 3779; x_wconf 90' lang='lat'>.</span> 
     </span>
    </p>
   </div>
   <div class='ocr_carea' id='block_1_89' title="bbox 2279 3804 3850 3878">
    <p class='ocr_par' dir='ltr' id='par_1_89' title="bbox 2279 3804 3850 3878">
     <span class='ocr_line' id='line_1_89' title="bbox 2279 3804 3850 3878; baseline 0.004 -21"><span class='ocrx_word' id='word_1_700' title='bbox 2279 3815 2561 3872; x_wconf 88' lang='lat' dir='ltr'><strong>menteque</strong></span> <span class='ocrx_word' id='word_1_701' title='bbox 2586 3804 2891 3871; x_wconf 88' lang='lat' dir='ltr'><strong>attendens,</strong></span> <span class='ocrx_word' id='word_1_702' title='bbox 2923 3806 3038 3862; x_wconf 87' lang='lat' dir='ltr'><strong>sive</strong></span> <span class='ocrx_word' id='word_1_703' title='bbox 3060 3808 3354 3864; x_wconf 86' lang='lat' dir='ltr'><strong>comederit</strong></span> <span class='ocrx_word' id='word_1_704' title='bbox 3379 3810 3490 3863; x_wconf 91' lang='lat' dir='ltr'><strong>sive</strong></span> <span class='ocrx_word' id='word_1_705' title='bbox 3521 3810 3733 3878; x_wconf 88' lang='lat' dir='ltr'><strong>biberit,</strong></span> <span class='ocrx_word' id='word_1_706' title='bbox 3761 3825 3850 3864; x_wconf 92' lang='lat' dir='ltr'><strong>no-</strong></span> 
     </span>
    </p>
   </div>
   <div class='ocr_carea' id='block_1_90' title="bbox 2277 3897 3851 3969">
    <p class='ocr_par' dir='ltr' id='par_1_90' title="bbox 2277 3897 3851 3969">
     <span class='ocr_line' id='line_1_90' title="bbox 2277 3897 3851 3969; baseline 0.004 -17"><span class='ocrx_word' id='word_1_707' title='bbox 2277 3897 2358 3952; x_wconf 91' lang='lat' dir='ltr'><strong>bis</strong></span> <span class='ocrx_word' id='word_1_708' title='bbox 2399 3898 2503 3953; x_wconf 91' lang='lat' dir='ltr'><strong>erit</strong></span> <span class='ocrx_word' id='word_1_709' title='bbox 2546 3900 2783 3954; x_wconf 90' lang='lat' dir='ltr'><strong>omnium</strong></span> <span class='ocrx_word' id='word_1_710' title='bbox 2827 3901 3135 3969; x_wconf 89' lang='lat' dir='ltr'><strong>aptissimus</strong></span> <span class='ocrx_word' id='word_1_711' title='bbox 3177 3903 3406 3959; x_wconf 90' lang='lat' dir='ltr'><strong>auditor.</strong></span> <span class='ocrx_word' id='word_1_712' title='bbox 3459 3905 3513 3958; x_wconf 89' lang='lat' dir='ltr'><strong>ln</strong></span> <span class='ocrx_word' id='word_1_713' title='bbox 3559 3919 3851 3962; x_wconf 79' lang='lat' dir='ltr'><strong>exterarum</strong></span> 
     </span>
    </p>
   </div>
   <div class='ocr_carea' id='block_1_91' title="bbox 2275 3991 3848 4069">
    <p class='ocr_par' dir='ltr' id='par_1_91' title="bbox 2275 3991 3848 4069">
     <span class='ocr_line' id='line_1_91' title="bbox 2275 3991 3848 4069; baseline 0.005 -25"><span class='ocrx_word' id='word_1_714' title='bbox 2275 3991 2417 4044; x_wconf 90' lang='lat' dir='ltr'><strong>enim</strong></span> <span class='ocrx_word' id='word_1_715' title='bbox 2440 3991 2653 4061; x_wconf 89' lang='lat' dir='ltr'><strong>judiciis</strong></span> <span class='ocrx_word' id='word_1_716' title='bbox 2684 4002 2739 4047; x_wconf 89' lang='lat' dir='ltr'><strong>et</strong></span> <span class='ocrx_word' id='word_1_717' title='bbox 2773 3995 3010 4050; x_wconf 78' lang='lat' dir='ltr'><strong>consiliis</strong></span> <span class='ocrx_word' id='word_1_718' title='bbox 3038 4011 3272 4067; x_wconf 85' lang='lat' dir='ltr'><strong>congrue</strong></span> <span class='ocrx_word' id='word_1_719' title='bbox 3300 3998 3384 4052; x_wconf 83' lang='lat' dir='ltr'><strong>lex</strong></span> <span class='ocrx_word' id='word_1_720' title='bbox 3411 3999 3508 4053; x_wconf 90' lang='lat' dir='ltr'><strong>ista</strong></span> <span class='ocrx_word' id='word_1_721' title='bbox 3540 4000 3808 4069; x_wconf 59' lang='lat' dir='ltr'><strong>praevaluit</strong></span> <span class='ocrx_word' id='word_1_722' title='bbox 3834 4015 3848 4052; x_wconf 92' lang='lat'><strong>:</strong></span> 
     </span>
    </p>
   </div>
   <div class='ocr_carea' id='block_1_92' title="bbox 2277 4084 3852 4158">
    <p class='ocr_par' dir='ltr' id='par_1_92' title="bbox 2277 4084 3852 4158">
     <span class='ocr_line' id='line_1_92' title="bbox 2277 4084 3852 4158; baseline 0.005 -22"><span class='ocrx_word' id='word_1_723' title='bbox 2277 4098 2373 4138; x_wconf 88' lang='lat' dir='ltr'><strong>nec</strong></span> <span class='ocrx_word' id='word_1_724' title='bbox 2399 4084 2540 4138; x_wconf 90' lang='lat' dir='ltr'><strong>enim</strong></span> <span class='ocrx_word' id='word_1_725' title='bbox 2572 4095 2768 4140; x_wconf 87' lang='lat' dir='ltr'><strong>norunt</strong></span> <span class='ocrx_word' id='word_1_726' title='bbox 2794 4086 3172 4158; x_wconf 86' lang='lat' dir='ltr'><strong>philosophari,</strong></span> <span class='ocrx_word' id='word_1_727' title='bbox 3208 4090 3326 4145; x_wconf 90' lang='lat' dir='ltr'><strong>ideo</strong></span> <span class='ocrx_word' id='word_1_728' title='bbox 3355 4105 3460 4145; x_wconf 89' lang='lat' dir='ltr'><strong>non</strong></span> <span class='ocrx_word' id='word_1_729' title='bbox 3489 4093 3774 4148; x_wconf 89' lang='lat' dir='ltr'><strong>comedunt</strong></span> <span class='ocrx_word' id='word_1_730' title='bbox 3797 4101 3852 4144; x_wconf 87' lang='lat' dir='ltr'><strong>ut</strong></span> 
     </span>
    </p>
   </div>
   <div class='ocr_carea' id='block_1_93' title="bbox 2275 4179 3848 4252">
    <p class='ocr_par' dir='ltr' id='par_1_93' title="bbox 2275 4179 3848 4252">
     <span class='ocr_line' id='line_1_93' title="bbox 2275 4179 3848 4252; baseline 0.004 -22"><span class='ocrx_word' id='word_1_731' title='bbox 2275 4179 2576 4231; x_wconf 86' lang='lat' dir='ltr'><strong>nutriantur</strong></span> <span class='ocrx_word' id='word_1_732' title='bbox 2598 4219 2612 4243; x_wconf 90' lang='lat'><strong>,</strong></span> <span class='ocrx_word' id='word_1_733' title='bbox 2643 4179 2735 4233; x_wconf 89' lang='lat' dir='ltr'><strong>sed</strong></span> <span class='ocrx_word' id='word_1_734' title='bbox 2777 4189 2833 4234; x_wconf 91' lang='lat' dir='ltr'><strong>ut</strong></span> <span class='ocrx_word' id='word_1_735' title='bbox 2871 4179 3270 4252; x_wconf 87' lang='lat' dir='ltr'><strong>disrumpantur</strong></span> <span class='ocrx_word' id='word_1_736' title='bbox 3301 4201 3316 4238; x_wconf 87' lang='lat'><strong>:</strong></span> <span class='ocrx_word' id='word_1_737' title='bbox 3344 4198 3486 4252; x_wconf 76' lang='lat' dir='ltr'><strong>saepe</strong></span> <span class='ocrx_word' id='word_1_738' title='bbox 3528 4185 3673 4238; x_wconf 87' lang='lat' dir='ltr'><strong>enim</strong></span> <span class='ocrx_word' id='word_1_739' title='bbox 3702 4197 3848 4252; x_wconf 82' lang='lat' dir='ltr'><strong>supra</strong></span> 
     </span>
    </p>
   </div>
   <div class='ocr_carea' id='block_1_94' title="bbox 2271 4270 3842 4345">
    <p class='ocr_par' dir='ltr' id='par_1_94' title="bbox 2271 4270 3842 4345">
     <span class='ocr_line' id='line_1_94' title="bbox 2271 4270 3842 4345; baseline 0.003 -21"><span class='ocrx_word' id='word_1_740' title='bbox 2271 4270 2570 4326; x_wconf 86' lang='lat' dir='ltr'><strong>satietatem</strong></span> <span class='ocrx_word' id='word_1_741' title='bbox 2606 4271 2791 4326; x_wconf 89' lang='lat' dir='ltr'><strong>bibunt</strong></span> <span class='ocrx_word' id='word_1_742' title='bbox 2820 4291 2835 4327; x_wconf 91' lang='lat'><strong>:</strong></span> <span class='ocrx_word' id='word_1_743' title='bbox 2874 4282 3153 4343; x_wconf 87' lang='lat' dir='ltr'><strong>propterea</strong></span> <span class='ocrx_word' id='word_1_744' title='bbox 3189 4277 3394 4345; x_wconf 89' lang='lat' dir='ltr'><strong>seipsos</strong></span> <span class='ocrx_word' id='word_1_745' title='bbox 3421 4292 3602 4330; x_wconf 90' lang='lat' dir='ltr'><strong>rerum</strong></span> <span class='ocrx_word' id='word_1_746' title='bbox 3630 4277 3842 4331; x_wconf 54' lang='lat' dir='ltr'><strong>adminiv</strong></span> 
     </span>
    </p>
   </div>
   <div class='ocr_carea' id='block_1_95' title="bbox 2271 4360 3820 4434">
    <p class='ocr_par' dir='ltr' id='par_1_95' title="bbox 2271 4360 3820 4434">
     <span class='ocr_line' id='line_1_95' title="bbox 2271 4360 3820 4434; baseline 0.004 -20"><span class='ocrx_word' id='word_1_747' title='bbox 2271 4360 2511 4415; x_wconf 88' lang='lat' dir='ltr'><strong>strationi</strong></span> <span class='ocrx_word' id='word_1_748' title='bbox 2543 4363 2746 4431; x_wconf 89' lang='lat' dir='ltr'><strong>ineptos</strong></span> <span class='ocrx_word' id='word_1_749' title='bbox 2773 4363 3056 4419; x_wconf 87' lang='lat' dir='ltr'><strong>reddentes</strong></span> <span class='ocrx_word' id='word_1_750' title='bbox 3074 4407 3090 4430; x_wconf 92' lang='lat'><strong>,</strong></span> <span class='ocrx_word' id='word_1_751' title='bbox 3121 4379 3343 4434; x_wconf 88' lang='lat' dir='ltr'><strong>vespere</strong></span> <span class='ocrx_word' id='word_1_752' title='bbox 3371 4373 3426 4420; x_wconf 92' lang='lat' dir='ltr'><strong>et</strong></span> <span class='ocrx_word' id='word_1_753' title='bbox 3455 4366 3681 4422; x_wconf 87' lang='lat' dir='ltr'><strong>meridie</strong></span> <span class='ocrx_word' id='word_1_754' title='bbox 3707 4381 3737 4421; x_wconf 85' lang='lat' dir='ltr'><strong>a</strong></span> <span class='ocrx_word' id='word_1_755' title='bbox 3764 4380 3820 4420; x_wconf 83' lang='lat' dir='ltr'><strong>se</strong></span> 
     </span>
    </p>
   </div>
   <div class='ocr_carea' id='block_1_96' title="bbox 2273 4452 3842 4524">
    <p class='ocr_par' dir='ltr' id='par_1_96' title="bbox 2273 4452 3842 4524">
     <span class='ocr_line' id='line_1_96' title="bbox 2273 4452 3842 4524; baseline 0.003 -18"><span class='ocrx_word' id='word_1_756' title='bbox 2273 4460 2397 4506; x_wconf 90' lang='lat' dir='ltr'><strong>natu</strong></span> <span class='ocrx_word' id='word_1_757' title='bbox 2424 4461 2479 4507; x_wconf 91' lang='lat' dir='ltr'><strong>et</strong></span> <span class='ocrx_word' id='word_1_758' title='bbox 2501 4452 2715 4522; x_wconf 73' lang='lat' dir='ltr'><strong>judiciis</strong></span> <span class='ocrx_word' id='word_1_759' title='bbox 2743 4454 3032 4510; x_wconf 89' lang='lat' dir='ltr'><strong>abstinent.</strong></span> <span class='ocrx_word' id='word_1_760' title='bbox 3065 4455 3159 4510; x_wconf 82' lang='lat' dir='ltr'><strong>llic</strong></span> <span class='ocrx_word' id='word_1_761' title='bbox 3187 4468 3362 4510; x_wconf 86' lang='lat' dir='ltr'><strong>autem</strong></span> <span class='ocrx_word' id='word_1_762' title='bbox 3392 4473 3499 4512; x_wconf 94' lang='lat' dir='ltr'><strong>non</strong></span> <span class='ocrx_word' id='word_1_763' title='bbox 3545 4460 3636 4524; x_wconf 89' lang='lat' dir='ltr'><strong>ita,</strong></span> <span class='ocrx_word' id='word_1_764' title='bbox 3675 4457 3808 4512; x_wconf 90' lang='lat' dir='ltr'><strong>absit</strong></span> <span class='ocrx_word' id='word_1_765' title='bbox 3835 4497 3842 4503; x_wconf 59' lang='grc' dir='ltr'><strong><em>η</em></strong></span> 
     </span>
    </p>
   </div>
   <div class='ocr_carea' id='block_1_97' title="bbox 2269 4543 3871 4621">
    <p class='ocr_par' dir='ltr' id='par_1_97' title="bbox 2269 4543 3871 4621">
     <span class='ocr_line' id='line_1_97' title="bbox 2269 4543 3871 4621; baseline 0.002 -23"><span class='ocrx_word' id='word_1_766' title='bbox 2269 4543 2362 4598; x_wconf 89' lang='lat' dir='ltr'><strong>sed</strong></span> <span class='ocrx_word' id='word_1_767' title='bbox 2389 4544 2476 4614; x_wconf 90' lang='lat' dir='ltr'><strong>qui</strong></span> <span class='ocrx_word' id='word_1_768' title='bbox 2497 4545 2757 4609; x_wconf 87' lang='lat' dir='ltr'><strong>comedit,</strong></span> <span class='ocrx_word' id='word_1_769' title='bbox 2785 4545 2970 4616; x_wconf 90' lang='lat' dir='ltr'><strong>jejuno</strong></span> <span class='ocrx_word' id='word_1_770' title='bbox 2997 4547 3160 4601; x_wconf 87' lang='lat' dir='ltr'><strong>animi</strong></span> <span class='ocrx_word' id='word_1_771' title='bbox 3189 4548 3448 4603; x_wconf 88' lang='lat' dir='ltr'><strong>modestia</strong></span> <span class='ocrx_word' id='word_1_772' title='bbox 3471 4549 3573 4604; x_wconf 89' lang='lat' dir='ltr'><strong>erit</strong></span> <span class='ocrx_word' id='word_1_773' title='bbox 3593 4549 3806 4621; x_wconf 81' lang='lat' dir='ltr'><strong>a-qualis</strong></span> <span class='ocrx_word' id='word_1_774' title='bbox 3827 4561 3871 4601; x_wconf 70' lang='grc' dir='ltr'><strong>τ’</strong></span> 
     </span>
    </p>
   </div>
   <div class='ocr_carea' id='block_1_98' title="bbox 2268 4637 3843 4707">
    <p class='ocr_par' dir='ltr' id='par_1_98' title="bbox 2268 4637 3843 4707">
     <span class='ocr_line' id='line_1_98' title="bbox 2268 4637 3843 4707; baseline 0.004 -19"><span class='ocrx_word' id='word_1_775' title='bbox 2268 4649 2373 4688; x_wconf 92' lang='lat' dir='ltr'><strong>non</strong></span> <span class='ocrx_word' id='word_1_776' title='bbox 2413 4637 2553 4689; x_wconf 88' lang='lat' dir='ltr'><strong>enim</strong></span> <span class='ocrx_word' id='word_1_777' title='bbox 2591 4644 2646 4688; x_wconf 92' lang='lat' dir='ltr'><strong>ut</strong></span> <span class='ocrx_word' id='word_1_778' title='bbox 2686 4644 2927 4691; x_wconf 85' lang='lat' dir='ltr'><strong>ventrem</strong></span> <span class='ocrx_word' id='word_1_779' title='bbox 2965 4637 3260 4707; x_wconf 88' lang='lat' dir='ltr'><strong>disrumpat</strong></span> <span class='ocrx_word' id='word_1_780' title='bbox 3295 4648 3388 4694; x_wconf 87' lang='lat' dir='ltr'><strong>aut</strong></span> <span class='ocrx_word' id='word_1_781' title='bbox 3417 4640 3679 4696; x_wconf 87' lang='lat' dir='ltr'><strong>rationem</strong></span> <span class='ocrx_word' id='word_1_782' title='bbox 3703 4641 3843 4695; x_wconf 79' lang='lat' dir='ltr'><strong>oble-</strong></span> 
     </span>
    </p>
   </div>
   <div class='ocr_carea' id='block_1_99' title="bbox 2267 4725 3839 4803">
    <p class='ocr_par' dir='ltr' id='par_1_99' title="bbox 2267 4725 3839 4803">
     <span class='ocr_line' id='line_1_99' title="bbox 2267 4725 3839 4803; baseline 0.004 -24"><span class='ocrx_word' id='word_1_783' title='bbox 2267 4725 2486 4793; x_wconf 87' lang='lat' dir='ltr'><strong>nebret,</strong></span> <span class='ocrx_word' id='word_1_784' title='bbox 2515 4726 2748 4782; x_wconf 89' lang='lat' dir='ltr'><strong>comedit</strong></span> <span class='ocrx_word' id='word_1_785' title='bbox 2781 4737 2834 4782; x_wconf 90' lang='lat' dir='ltr'><strong>et</strong></span> <span class='ocrx_word' id='word_1_786' title='bbox 2871 4727 3024 4796; x_wconf 88' lang='lat' dir='ltr'><strong>bibit,</strong></span> <span class='ocrx_word' id='word_1_787' title='bbox 3061 4729 3153 4786; x_wconf 87' lang='lat' dir='ltr'><strong>sed</strong></span> <span class='ocrx_word' id='word_1_788' title='bbox 3195 4739 3253 4785; x_wconf 93' lang='lat' dir='ltr'><strong>ut</strong></span> <span class='ocrx_word' id='word_1_789' title='bbox 3284 4746 3482 4803; x_wconf 83' lang='lat' dir='ltr'><strong>corpus</strong></span> <span class='ocrx_word' id='word_1_790' title='bbox 3516 4732 3839 4789; x_wconf 85' lang='lat' dir='ltr'><strong>debilitatum</strong></span> 
     </span>
    </p>
   </div>
   <div class='ocr_carea' id='block_1_100' title="bbox 2264 4825 2500 4886">
    <p class='ocr_par' dir='ltr' id='par_1_100' title="bbox 2264 4825 2500 4886">
     <span class='ocr_line' id='line_1_100' title="bbox 2264 4825 2500 4886; baseline 0 -15"><span class='ocrx_word' id='word_1_791' title='bbox 2264 4825 2500 4886; x_wconf 84' lang='lat' dir='ltr'><strong>reparet.</strong></span> 
     </span>
    </p>
   </div>
   <div class='ocr_carea' id='block_1_101' title="bbox 2330 4908 3841 4984">
    <p class='ocr_par' dir='ltr' id='par_1_101' title="bbox 2330 4908 3841 4984">
     <span class='ocr_line' id='line_1_101' title="bbox 2330 4908 3841 4984; baseline 0.005 -24"><span class='ocrx_word' id='word_1_792' title='bbox 2330 4908 2385 4961; x_wconf 76' lang='grc'><strong>2.</strong></span> <span class='ocrx_word' id='word_1_793' title='bbox 2427 4908 2534 4965; x_wconf 87' lang='lat' dir='ltr'><strong>Sed</strong></span> <span class='ocrx_word' id='word_1_794' title='bbox 2572 4909 2686 4966; x_wconf 59' lang='lat' dir='ltr'><strong>haec</strong></span> <span class='ocrx_word' id='word_1_795' title='bbox 2711 4924 2807 4980; x_wconf 89' lang='lat' dir='ltr'><strong>pro</strong></span> <span class='ocrx_word' id='word_1_796' title='bbox 2833 4911 3194 4968; x_wconf 89' lang='lat' dir='ltr'><strong>admonitione</strong></span> <span class='ocrx_word' id='word_1_797' title='bbox 3219 4916 3383 4980; x_wconf 88' lang='lat' dir='ltr'><strong>satis;</strong></span> <span class='ocrx_word' id='word_1_798' title='bbox 3407 4915 3517 4984; x_wconf 90' lang='lat' dir='ltr'><strong>jam</strong></span> <span class='ocrx_word' id='word_1_799' title='bbox 3544 4931 3673 4970; x_wconf 88' lang='lat' dir='ltr'><strong>vero</strong></span> <span class='ocrx_word' id='word_1_800' title='bbox 3709 4924 3841 4971; x_wconf 88' lang='lat' dir='ltr'><strong>tem-</strong></span> 
     </span>
    </p>
   </div>
   <div class='ocr_carea' id='block_1_102' title="bbox 2263 5000 3838 5077">
    <p class='ocr_par' dir='ltr' id='par_1_102' title="bbox 2263 5000 3838 5077">
     <span class='ocr_line' id='line_1_102' title="bbox 2263 5000 3838 5077; baseline 0.003 -24"><span class='ocrx_word' id='word_1_801' title='bbox 2263 5012 2362 5067; x_wconf 91' lang='lat' dir='ltr'><strong>pus</strong></span> <span class='ocrx_word' id='word_1_802' title='bbox 2397 5000 2573 5055; x_wconf 90' lang='lat' dir='ltr'><strong>estad</strong></span> <span class='ocrx_word' id='word_1_803' title='bbox 2598 5013 2968 5072; x_wconf 88' lang='lat' dir='ltr'><strong>argumentum</strong></span> <span class='ocrx_word' id='word_1_804' title='bbox 2999 5006 3304 5060; x_wconf 88' lang='lat' dir='ltr'><strong>transeundi</strong></span> <span class='ocrx_word' id='word_1_805' title='bbox 3330 5046 3346 5072; x_wconf 92' lang='lat'><strong>,</strong></span> <span class='ocrx_word' id='word_1_806' title='bbox 3383 5006 3508 5062; x_wconf 89' lang='lat' dir='ltr'><strong>licet</strong></span> <span class='ocrx_word' id='word_1_807' title='bbox 3543 5006 3764 5077; x_wconf 88' lang='lat' dir='ltr'><strong>refugiat</strong></span> <span class='ocrx_word' id='word_1_808' title='bbox 3788 5015 3838 5058; x_wconf 87' lang='lat' dir='ltr'><strong>et</strong></span> 
     </span>
    </p>
   </div>
   <div class='ocr_carea' id='block_1_103' title="bbox 2261 5092 3837 5170">
    <p class='ocr_par' dir='ltr' id='par_1_103' title="bbox 2261 5092 3837 5170">
     <span class='ocr_line' id='line_1_103' title="bbox 2261 5092 3837 5170; baseline 0.004 -27"><span class='ocrx_word' id='word_1_809' title='bbox 2261 5099 2468 5159; x_wconf 90' lang='lat' dir='ltr'><strong>torpeat</strong></span> <span class='ocrx_word' id='word_1_810' title='bbox 2492 5092 2633 5146; x_wconf 91' lang='lat' dir='ltr'><strong>circa</strong></span> <span class='ocrx_word' id='word_1_811' title='bbox 2658 5092 2953 5149; x_wconf 92' lang='lat' dir='ltr'><strong>doctrinam</strong></span> <span class='ocrx_word' id='word_1_812' title='bbox 2985 5096 3120 5151; x_wconf 92' lang='lat' dir='ltr'><strong>hanc</strong></span> <span class='ocrx_word' id='word_1_813' title='bbox 3147 5097 3396 5168; x_wconf 85' lang='lat' dir='ltr'><strong>cogitatio</strong></span> <span class='ocrx_word' id='word_1_814' title='bbox 3422 5108 3599 5154; x_wconf 90' lang='lat' dir='ltr'><strong>nostra</strong></span> <span class='ocrx_word' id='word_1_815' title='bbox 3627 5107 3837 5170; x_wconf 87' lang='lat' dir='ltr'><strong>propter</strong></span> 
     </span>
    </p>
   </div>
   <div class='ocr_carea' id='block_1_104' title="bbox 2257 5183 3833 5258">
    <p class='ocr_par' dir='ltr' id='par_1_104' title="bbox 2257 5183 3833 5258">
     <span class='ocr_line' id='line_1_104' title="bbox 2257 5183 3833 5258; baseline 0.004 -24"><span class='ocrx_word' id='word_1_816' title='bbox 2257 5195 2372 5246; x_wconf 88' lang='lat' dir='ltr'><strong>eos,</strong></span> <span class='ocrx_word' id='word_1_817' title='bbox 2417 5183 2506 5252; x_wconf 91' lang='lat' dir='ltr'><strong>qui</strong></span> <span class='ocrx_word' id='word_1_818' title='bbox 2547 5198 2653 5237; x_wconf 87' lang='lat' dir='ltr'><strong>non</strong></span> <span class='ocrx_word' id='word_1_819' title='bbox 2682 5194 2961 5240; x_wconf 88' lang='lat' dir='ltr'><strong>venerunt.</strong></span> <span class='ocrx_word' id='word_1_820' title='bbox 3008 5187 3075 5241; x_wconf 87' lang='lat' dir='ltr'><strong>Et</strong></span> <span class='ocrx_word' id='word_1_821' title='bbox 3101 5188 3238 5242; x_wconf 90' lang='lat' dir='ltr'><strong>sicut</strong></span> <span class='ocrx_word' id='word_1_822' title='bbox 3279 5189 3364 5258; x_wconf 91' lang='lat' dir='ltr'><strong>pia</strong></span> <span class='ocrx_word' id='word_1_823' title='bbox 3394 5201 3564 5247; x_wconf 89' lang='lat' dir='ltr'><strong>mater</strong></span> <span class='ocrx_word' id='word_1_824' title='bbox 3601 5206 3833 5246; x_wconf 86' lang='lat' dir='ltr'><strong>mensam</strong></span> 
     </span>
    </p>
   </div>
   <div class='ocr_carea' id='block_1_105' title="bbox 2257 5273 3834 5350">
    <p class='ocr_par' dir='ltr' id='par_1_105' title="bbox 2257 5273 3834 5350">
     <span class='ocr_line' id='line_1_105' title="bbox 2257 5273 3834 5350; baseline 0.006 -25"><span class='ocrx_word' id='word_1_825' title='bbox 2257 5287 2532 5341; x_wconf 87' lang='lat' dir='ltr'><strong>apponens</strong></span> <span class='ocrx_word' id='word_1_826' title='bbox 2553 5314 2570 5338; x_wconf 86' lang='lat'><strong>,</strong></span> <span class='ocrx_word' id='word_1_827' title='bbox 2597 5276 2843 5332; x_wconf 88' lang='lat' dir='ltr'><strong>omnibus</strong></span> <span class='ocrx_word' id='word_1_828' title='bbox 2885 5277 3006 5332; x_wconf 83' lang='lat' dir='ltr'><strong>filiis</strong></span> <span class='ocrx_word' id='word_1_829' title='bbox 3046 5293 3153 5333; x_wconf 89' lang='lat' dir='ltr'><strong>non</strong></span> <span class='ocrx_word' id='word_1_830' title='bbox 3192 5273 3542 5350; x_wconf 66' lang='lat' dir='ltr'><strong>praesentibus</strong></span> <span class='ocrx_word' id='word_1_831' title='bbox 3563 5325 3580 5348; x_wconf 87' lang='lat'><strong>,</strong></span> <span class='ocrx_word' id='word_1_832' title='bbox 3607 5282 3752 5337; x_wconf 89' lang='lat' dir='ltr'><strong>dolet</strong></span> <span class='ocrx_word' id='word_1_833' title='bbox 3784 5291 3834 5334; x_wconf 89' lang='lat' dir='ltr'><strong>et</strong></span> 
     </span>
    </p>
   </div>
   <div class='ocr_carea' id='block_1_106' title="bbox 2256 5365 3829 5440">
    <p class='ocr_par' dir='ltr' id='par_1_106' title="bbox 2256 5365 3829 5440">
     <span class='ocr_line' id='line_1_106' title="bbox 2256 5365 3829 5440; baseline 0.004 -21"><span class='ocrx_word' id='word_1_834' title='bbox 2256 5365 2420 5434; x_wconf 86' lang='lat' dir='ltr'><strong>gemit</strong></span> <span class='ocrx_word' id='word_1_835' title='bbox 2446 5382 2462 5418; x_wconf 88' lang='lat'><strong>:</strong></span> <span class='ocrx_word' id='word_1_836' title='bbox 2493 5367 2593 5422; x_wconf 90' lang='lat' dir='ltr'><strong>hoc</strong></span> <span class='ocrx_word' id='word_1_837' title='bbox 2619 5378 2673 5423; x_wconf 93' lang='lat' dir='ltr'><strong>et</strong></span> <span class='ocrx_word' id='word_1_838' title='bbox 2695 5384 2794 5438; x_wconf 88' lang='lat' dir='ltr'><strong>ego</strong></span> <span class='ocrx_word' id='word_1_839' title='bbox 2823 5385 2964 5425; x_wconf 91' lang='lat' dir='ltr'><strong>nunc</strong></span> <span class='ocrx_word' id='word_1_840' title='bbox 2991 5373 3182 5440; x_wconf 86' lang='lat' dir='ltr'><strong>patior,</strong></span> <span class='ocrx_word' id='word_1_841' title='bbox 3209 5383 3266 5429; x_wconf 91' lang='lat' dir='ltr'><strong>et</strong></span> <span class='ocrx_word' id='word_1_842' title='bbox 3287 5374 3510 5430; x_wconf 86' lang='lat' dir='ltr'><strong>fratrum</strong></span> <span class='ocrx_word' id='word_1_843' title='bbox 3535 5387 3829 5430; x_wconf 88' lang='lat' dir='ltr'><strong>nostrorum</strong></span> 
     </span>
    </p>
   </div>
   <div class='ocr_carea' id='block_1_107' title="bbox 2253 5457 3826 5539">
    <p class='ocr_par' dir='ltr' id='par_1_107' title="bbox 2253 5457 3826 5539">
     <span class='ocr_line' id='line_1_107' title="bbox 2253 5457 3826 5539; baseline 0.011 -29"><span class='ocrx_word' id='word_1_844' title='bbox 2253 5457 2546 5512; x_wconf 85' lang='lat' dir='ltr'><strong>absentiam</strong></span> <span class='ocrx_word' id='word_1_845' title='bbox 2563 5461 2822 5530; x_wconf 84' lang='lat' dir='ltr'><strong>cogitans,</strong></span> <span class='ocrx_word' id='word_1_846' title='bbox 2836 5477 2865 5515; x_wconf 88' lang='lat' dir='ltr'><strong>a</strong></span> <span class='ocrx_word' id='word_1_847' title='bbox 2885 5463 3151 5519; x_wconf 88' lang='lat' dir='ltr'><strong>solutione</strong></span> <span class='ocrx_word' id='word_1_848' title='bbox 3170 5465 3416 5539; x_wconf 77' lang='lat' dir='ltr'><strong>retrahor</strong></span> <span class='ocrx_word' id='word_1_849' title='bbox 3430 5471 3826 5537; x_wconf 75' lang='lat' dir='ltr'><strong>promissorum:</strong></span> 
     </span>
    </p>
   </div>
   <div class='ocr_carea' id='block_1_108' title="bbox 2250 5547 3819 5626">
    <p class='ocr_par' dir='ltr' id='par_1_108' title="bbox 2250 5547 3819 5626">
     <span class='ocr_line' id='line_1_108' title="bbox 2250 5547 3819 5626; baseline 0.003 -23"><span class='ocrx_word' id='word_1_850' title='bbox 2250 5547 2347 5603; x_wconf 86' lang='lat' dir='ltr'><strong>sed</strong></span> <span class='ocrx_word' id='word_1_851' title='bbox 2377 5562 2472 5603; x_wconf 82' lang='lat' dir='ltr'><strong>vos</strong></span> <span class='ocrx_word' id='word_1_852' title='bbox 2501 5550 2720 5617; x_wconf 88' lang='lat' dir='ltr'><strong>potestis</strong></span> <span class='ocrx_word' id='word_1_853' title='bbox 2746 5552 2886 5607; x_wconf 87' lang='lat' dir='ltr'><strong>hunc</strong></span> <span class='ocrx_word' id='word_1_854' title='bbox 2908 5552 3104 5622; x_wconf 87' lang='lat' dir='ltr'><strong>ejicere</strong></span> <span class='ocrx_word' id='word_1_855' title='bbox 3134 5565 3428 5626; x_wconf 90' lang='lat' dir='ltr'><strong>torporem.</strong></span> <span class='ocrx_word' id='word_1_856' title='bbox 3457 5556 3516 5612; x_wconf 86' lang='lat' dir='ltr'><strong>Si</strong></span> <span class='ocrx_word' id='word_1_857' title='bbox 3543 5557 3682 5612; x_wconf 89' lang='lat' dir='ltr'><strong>enim</strong></span> <span class='ocrx_word' id='word_1_858' title='bbox 3713 5555 3819 5624; x_wconf 78' lang='lat' dir='ltr'><strong>pol-</strong></span> 
     </span>
    </p>
   </div>
   <div class='ocr_carea' id='block_1_109' title="bbox 2249 5640 3826 5719">
    <p class='ocr_par' dir='ltr' id='par_1_109' title="bbox 2249 5640 3826 5719">
     <span class='ocr_line' id='line_1_109' title="bbox 2249 5640 3826 5719; baseline 0.003 -25"><span class='ocrx_word' id='word_1_859' title='bbox 2249 5640 2516 5696; x_wconf 88' lang='lat' dir='ltr'><strong>liceamini</strong></span> <span class='ocrx_word' id='word_1_860' title='bbox 2543 5643 2671 5697; x_wconf 92' lang='lat' dir='ltr'><strong>mihi</strong></span> <span class='ocrx_word' id='word_1_861' title='bbox 2696 5658 2791 5698; x_wconf 80' lang='lat' dir='ltr'><strong>vos</strong></span> <span class='ocrx_word' id='word_1_862' title='bbox 2814 5645 2991 5698; x_wconf 89' lang='lat' dir='ltr'><strong>omnia</strong></span> <span class='ocrx_word' id='word_1_863' title='bbox 3018 5645 3086 5700; x_wconf 93' lang='lat' dir='ltr'><strong>ad</strong></span> <span class='ocrx_word' id='word_1_864' title='bbox 3113 5646 3233 5702; x_wconf 92' lang='lat' dir='ltr'><strong>illos</strong></span> <span class='ocrx_word' id='word_1_865' title='bbox 3257 5664 3377 5702; x_wconf 91' lang='lat' dir='ltr'><strong>cum</strong></span> <span class='ocrx_word' id='word_1_866' title='bbox 3405 5647 3671 5719; x_wconf 88' lang='lat' dir='ltr'><strong>diligentia</strong></span> <span class='ocrx_word' id='word_1_867' title='bbox 3698 5653 3826 5702; x_wconf 75' lang='lat' dir='ltr'><strong>rela-</strong></span> 
     </span>
    </p>
   </div>
   <div class='ocr_carea' id='block_1_110' title="bbox 2247 5734 3820 5809">
    <p class='ocr_par' dir='ltr' id='par_1_110' title="bbox 2247 5734 3820 5809">
     <span class='ocr_line' id='line_1_110' title="bbox 2247 5734 3820 5809; baseline 0.004 -23"><span class='ocrx_word' id='word_1_868' title='bbox 2247 5740 2416 5798; x_wconf 90' lang='lat' dir='ltr'><strong>turos,</strong></span> <span class='ocrx_word' id='word_1_869' title='bbox 2440 5748 2539 5788; x_wconf 93' lang='lat' dir='ltr'><strong>nos</strong></span> <span class='ocrx_word' id='word_1_870' title='bbox 2562 5734 2711 5788; x_wconf 91' lang='lat' dir='ltr'><strong>vobis</strong></span> <span class='ocrx_word' id='word_1_871' title='bbox 2732 5737 2907 5790; x_wconf 90' lang='lat' dir='ltr'><strong>omnia</strong></span> <span class='ocrx_word' id='word_1_872' title='bbox 2929 5747 3173 5809; x_wconf 90' lang='lat' dir='ltr'><strong>prompte</strong></span> <span class='ocrx_word' id='word_1_873' title='bbox 3193 5740 3530 5808; x_wconf 87' lang='lat' dir='ltr'><strong>erogabimus</strong></span> <span class='ocrx_word' id='word_1_874' title='bbox 3553 5759 3568 5795; x_wconf 88' lang='lat'><strong>:</strong></span> <span class='ocrx_word' id='word_1_875' title='bbox 3589 5749 3666 5793; x_wconf 76' lang='lat' dir='ltr'><strong>sic</strong></span> <span class='ocrx_word' id='word_1_876' title='bbox 3687 5755 3820 5793; x_wconf 80' lang='lat' dir='ltr'><strong>enim</strong></span> 
     </span>
    </p>
   </div>
   <div class='ocr_carea' id='block_1_111' title="bbox 2247 5823 3818 5899">
    <p class='ocr_par' dir='ltr' id='par_1_111' title="bbox 2247 5823 3818 5899">
     <span class='ocr_line' id='line_1_111' title="bbox 2247 5823 3818 5899; baseline 0.004 -23"><span class='ocrx_word' id='word_1_877' title='bbox 2247 5823 2352 5883; x_wconf 83' lang='lat' dir='ltr'><strong>illis</strong></span> <span class='ocrx_word' id='word_1_878' title='bbox 2384 5825 2482 5880; x_wconf 87' lang='lat' dir='ltr'><strong>erit</strong></span> <span class='ocrx_word' id='word_1_879' title='bbox 2509 5824 2765 5882; x_wconf 66' lang='lat' dir='ltr'><strong>absentiae</strong></span> <span class='ocrx_word' id='word_1_880' title='bbox 2793 5828 3106 5899; x_wconf 88' lang='lat' dir='ltr'><strong>consolatio,</strong></span> <span class='ocrx_word' id='word_1_881' title='bbox 3122 5842 3314 5891; x_wconf 75' lang='lat' dir='ltr'><strong>vestrm</strong></span> <span class='ocrx_word' id='word_1_882' title='bbox 3327 5833 3597 5891; x_wconf 66' lang='lat' dir='ltr'><strong>claritatis</strong></span> <span class='ocrx_word' id='word_1_883' title='bbox 3623 5829 3818 5885; x_wconf 70' lang='lat' dir='ltr'><strong>docui-</strong></span> 
     </span>
    </p>
   </div>
  </div>
