4068 6438
271 401 373 460 103

1327 395 1419 450 AD
1455 391 1784 452 POPULUII
1825 391 2319 448 ANTIOCHENUM
2361 392 2590 447 IIOMIL.
2635 391 2722 447 IX.

3654 388 3747 443 IN

272 706 560 775 Ἐ’πιιινος
587 704 713 760 τῶν
744 702 1215 772 κατωρθωκότων
1240 700 1309 756 τὸ
1333 700 1420 771 μὴ
1449 701 1723 772 ὀμνύειν·
1772 701 1871 755 καί
1914 700 2003 754 ὅτι
2040 701 2152 754 οὐκ
2186 698 2415 768 ὀφείλει
2457 715 2549 764 τις
2590 697 2999 767 διακρίνεσθαι
3033 696 3179 765 μετὰ
3228 695 3509 751 ἑστίασιν
3534 695 3757 766 ἀκροᾶ-

352 806 496 860 σθαι
541 801 718 857 θείων
744 798 961 868 λογίων
1013 797 1085 852 ἐν
1124 797 1459 864 ἐκκλησίᾳο
1494 797 1590 850 καὶ
1631 793 1729 849 διὰ
1754 795 1813 847 τί
1836 792 1988 862 μετὰ
2025 793 2250 862 χρόνον
2278 789 2477 844 πολὺν
2516 789 2824 855 ἐδόθησαν
2878 790 2939 842 αἱ
2989 788 3146 859 ἅγιαι
3187 790 3454 858 Γραφαί·
3512 790 3612 844 καί
3666 792 3757 859 εις

348 898 441 964 τὸ,
471 897 534 951 Οί
581 893 807 967 οὐρανοὶ
854 890 1166 965 διηγοῦνται
1195 890 1353 958 δόξαν
1383 887 1518 944 Θεοῦ
1540 905 1554 921 ·
1587 887 1687 943 καί
1718 886 2085 958 φυσιολογία
2108 885 2367 954 κόσμου,
2400 882 2499 937 καὶ
2541 882 2692 950 πρὸς
2722 881 2803 948 τῷ
2829 879 3007 947 τέλει,
3042 882 3175 952 περὶ
3219 881 3326 936 τοῦ
3355 881 3443 954 μὴ
3484 886 3751 953 ὀμνύειν.

2892 970 2907 997 χ

958 1167 1188 1236 Ὀμιλία
1215 1168 1282 1221 θ’.

345 1268 414 1319 α’.
429 1261 541 1317 Καὶ⁸
558 1260 750 1334 πρώην
772 1258 909 1332 πρὸς
932 1258 1097 1330 ὑμᾶς,
1116 1258 1211 1312 καὶ
1232 1254 1330 1311 νῦν
1351 1253 1488 1325 πρὸς
1504 1252 1649 1325 ὑμᾶς
1664 1250 1829 1321 λέγω·
1854 1249 1965 1304 εἴθε

274 1351 333 1406 δὲ
366 1351 461 1406 καὶ
490 1351 577 1406 ἀεὶ
615 1350 731 1421 μεθ’
768 1347 944 1419 ὑμῶν,
982 1346 1182 1417 μᾶλλον
1210 1344 1269 1398 δὲ
1302 1342 1398 1398 καὶ
1429 1342 1517 1396 ἀεὶ
1554 1340 1674 1411 μεθ’
1708 1338 1882 1410 ὑμῶν,
1915 1340 1964 1392 εἰ

276 1441 375 1495 καὶ
397 1453 425 1483 ι
454 1440 530 1512 μὴ
563 1436 816 1511 σώματος
852 1437 1143 1509 παρουσίᾳ,
1180 1434 1294 1489 ἀλλ’
1318 1432 1540 1503 ἀγάπης
1566 1431 1813 1502 δυνάμειο
1842 1429 1964 1483 οὑδὲ

275 1526 388 1599 γὰρ
414 1526 606 1597 ἕτερός
632 1544 721 1597 μοι
744 1524 858 1595 βίος
872 1524 956 1589 τίς
981 1525 1151 1581 ἐστιν.
1183 1521 1299 1575 ἀλλ’
1334 1521 1367 1592 ἢ
1396 1521 1555 1586 ὑμεῖς
1579 1519 1673 1573 καὶ
1698 1518 1797 1589 τῆς
1829 1519 1965 1587 ὑμε-

274 1615 445 1687 τέρας
478 1614 755 1686 σωτηρίας
786 1616 819 1685 ή
849 1611 1090 1684 φροντίς.
1124 1612 1339 1682 Ὥσπερ
1372 1608 1488 1682 [97]
1522 1608 1634 1680 γὰρ
1658 1609 1687 1661 6
1717 1605 1963 1678 γεωργὸς

273 1702 432 1757 οὐδὲν
469 1703 659 1774 ἕτερον
694 1702 953 1774 μεριμνᾷ,
983 1699 1099 1754 ἀλλ’
1123 1699 1154 1770 ἢ
1180 1699 1249 1753 τά
1274 1698 1569 1769 σπέρματα
1594 1698 1690 1751 καὶ
1712 1694 1782 1749 τά
1807 1695 1960 1767 λήῖα,

272 1791 373 1845 καλ⁵
398 1793 428 1845 6
451 1790 793 1861 κυϐερνήτης
816 1788 883 1842 τὰ
915 1786 1136 1857 κύματα
1160 1787 1253 1840 καὶ
1275 1787 1399 1850 τοὺς
1424 1785 1673 1855 λιμένας·
1696 1784 1839 1838 οὑτω
1867 1784 1964 1838 καὶ

271 1880 301 1934 6
347 1879 526 1947 λέγων
567 1879 695 1942 τοὺς
738 1876 1038 1939 ἀκούοντας
1099 1874 1198 1929 καὶ
1229 1874 1330 1945 τήν
1375 1873 1602 1927 ἐκείνων
1650 1872 1958 1944 προκοπὴν,

265 1969 530 2040 καθάπερ
558 1968 653 2022 καὶ
687 1967 799 2035 ἐγὼ
821 1967 851 2008 δ
879 1966 997 2019 νῦν.
1039 1965 1131 2018 Διὸ
1170 1964 1266 2018 καὶ
1298 1963 1507 2026 πάντας
1547 1964 1695 2033 ὑμᾶς
1736 1962 1831 2014 ἐπὶ
1863 1961 1962 2031 τῆς

266 2057 514 2119 διανοίας
535 2056 818 2127 περιφέρω
836 2058 937 2125 τῆς
959 2050 1224 2123 ἐμαυτοῦ,
1246 2053 1347 2106 οὑκ
1370 2049 1606 2106 ἐνταῦθα
1625 2051 1806 2121 μόνον,
1824 2048 1960 2104 ἀλλά

266 2147 368 2200 καὶ
399 2146 559 2200 οῖκοι.
590 2144 655 2198 Εί
685 2143 795 2215 γάρ
829 2142 923 2196 καὶ
956 2140 1124 2203 πολὺς
1166 2142 1194 2194 6
1236 2139 1429 2209 δῆμος,
1482 2138 1577 2192 καὶ
1626 2136 1801 2208 βραχὺ
1857 2135 1960 2205 τῆς

266 2236 417 2306 ἐμῆς
445 2232 675 2305 καρδίας
710 2232 770 2285 τὸ
801 2230 1019 2301 μέτρον.
1060 2228 1175 2285 ἀλλ’
1209 2228 1399 2298 εὑρεῖα
1435 2228 1468 2297 ή
1502 2225 1717 2295 ἀγάπη,
1754 2225 1847 2278 καὶ
1876 2226 1960 2280 Οὐ

266 2319 746 2390 στενοχωρεῖσθε
776 2319 846 2372 ἐν
871 2316 1035 2386 ἡμῖν’
1057 2316 1118 2370 16
1139 2316 1194 2369 δὲ
1221 2316 1349 2386 ἑξῆς
1373 2314 1475 2368 οὑκ
1507 2313 1586 2368 ἔτι
1619 2313 1804 2367 λοιπὸν
1825 2313 1958 2382 ἐρῶο

263 2409 396 2463 οὑδὲ
422 2407 533 2480 γάρ
560 2409 723 2479 ἡμεῖς
753 2403 1239 2476 στενοχωρούμεθα
1278 2403 1408 2472 παρ’
1432 2402 1579 2472 ὑμῖν.
1608 2400 1781 2455 Πόθεν
1797 2400 1958 2456 τοῦτο

262 2498 461 2568 δῆλονς
492 2494 703 2565 Ἐγνων
726 2492 936 2548 πολλῶν
964 2491 1437 2561 ἀπαγγειλάντων,
1461 2491 1543 2544 ὅτι
1572 2487 1646 2543 T6
1672 2489 1961 2560 ἐπιταχθὲν

262 2588 633 2658 ἐποιήσαμεν,
660 2584 857 2655 νόμους
882 2581 1135 2652 ἀλλήλοις
1159 2580 1343 2644 θέντες
1363 2590 1412 2643 ε,
1430 2578 1524 2632 καὶ
1543 2577 1839 2642 καταδίκας
1858 2577 1962 2649 6p!-

261 2691 469 2739 σαντες
510 2675 622 2737 τοῖς
663 2671 947 2743 ὀμνύουσι,
984 2669 1079 2723 καὶ
1120 2668 1393 2740 τιμωρίας
1436 2665 1812 2736 ἐπαγαγόντες
1849 2668 1961 2731 τοῖς

258 2761 365 2818 τὸν
386 2762 552 2832 νόμον
575 2758 993 2831 παραϐαίνουσι,
1015 2755 1288 2828 τιμωρίαν
1313 2754 1413 2825 τὴν
1443 2754 1574 2824 ὑμῖν
1614 2753 1956 2824 πρέπουσαν,

258 2851 412 2922 ὅπερ
447 2848 710 2920 μεγίστης
735 2846 957 2916 ἀγάπης
981 2844 1306 2914 τεκμήριον.
1332 2842 1469 2897 Οὑδέ
1495 2841 1606 2913 γάρ
1634 2835 1957 2910 αἰσχύνομαι

260 2936 749 3013 ⁸πολυπραγμονῶν
803 2933 999 3000 ταῦτα,
1050 2932 1239 3005 ἐπειδὴ
1286 2932 1362 3003 μὴ
1417 2929 1740 3002 περιεργίας
1787 2928 1956 2994 ἐστὶν,

263 3029 411 3084 ἀλλά
440 3026 769 3095 κηδεμονίας
797 3022 939 3094 αῦτη
965 3024 999 3094 ή
1037 3019 1550 3092 φιλοπραγμοσύνῃ.
1596 3018 1661 3072 Εἰ
1701 3017 1813 3089 γὰρ
1857 3018 1959 3073 οὑκ

212 3180 215 3187 γ
264 3116 421 3171 ἔστιν
447 3114 647 3176 ὄνειδος
668 3110 744 3182 τῷ
770 3109 940 3182 ἰατρῷ
966 3108 1332 3163 πυνθάνεσθαι
1361 3108 1489 3178 περὶ
1511 3105 1607 3160 τοῦ
1633 3105 1957 3176 κάμνοντος,

262 3206 395 3259 οὑδὲ
423 3207 557 3274 ήμῖν
586 3201 838 3272 ἔγκλημα
877 3198 1006 3272 περὶ⁷
1036 3201 1138 3270 τῆς
1171 3196 1444 3268 ὑμετέρας
1470 3192 1746 3261 ἐξετάζειν
1781 3211 1956 3266 σωτη-

266 3294 399 3363 ρίας
427 3291 536 3347 ἀεί’
573 3290 715 3345 οὑτω
742 3290 852 3362 γὰρ
896 3287 1165 3360 μαθόντες
1196 3287 1250 3340 τί
1293 3286 1392 3357 μὲν
1432 3286 1559 3356 ὑμῖν
1597 3283 1955 3354 ἀπήρτισται,

262 3382 324 3436 τί
349 3381 407 3436 δέ
438 3380 800 3441 ἐλλέλειπται,
835 3376 971 3449 μετά
1001 3376 1101 3446 τῆς
1126 3372 1516 3448 προσηκούσης
1546 3372 1859 3442 ἐπιστήμης
1890 3370 1958 3426 τὰ

266 3468 438 3523 λοιπά
463 3468 796 3539 ἐπιθήσομεν
828 3466 1116 3538 φάρμακα.

348 3558 638 3628 Ἕγνωμεν
665 3555 843 3610 τοίνυν
873 3553 1046 3607 ταῦτα
1080 3549 1603 3623 περιεργασάμενοι,
1647 3548 1744 3603 καὶ
1779 3549 1956 3621 ηὑχα-

271 3645 614 3717 ριστήσαμεν
648 3643 725 3713 τῷ
766 3641 909 3714 Θεῷ,
951 3642 1034 3695 ὅτι
1069 3641 1173 3695 οὑκ
1212 3642 1292 3703 είς
1336 3639 1550 3709 πέτρας
1594 3636 1952 3709 ἐσπείραμεν,

266 3732 396 3787 οὑδὲ
419 3733 500 3797 είς
519 3730 760 3794 ἀκάνθας
784 3728 1158 3799 κατεϐἀλομεν
1180 3725 1247 3780 τά
1276 3725 1590 3797 σπέρματα,
1610 3724 1731 3778 οὑδὲ
1755 3721 1952 3778 πολλοῦ

267 3820 468 3891 χρόνον
493 3821 586 3873 καὶ
610 3819 813 3889 πολλῆς
841 3817 1141 3887 ἐδεήθημεν
1162 3813 1451 3883 ἀναϐολῆς,
1480 3810 1621 3866 ὥστε
1649 3811 1862 3884 θερίσαι
1884 3812 1955 3866 τὰ

266 3909 420 3979 λήῖα.
447 3907 547 3961 Διά
572 3906 740 3961 ταῦτα
775 3906 804 3959 ὑ
814 3906 919 3977 μᾶς
948 3904 1041 3957 ἐπὶ
1069 3904 1168 3971 τῆς
1194 3901 1421 3973 καρδίας
1452 3900 1561 3970 ἐχω
1588 3898 1829 3970 συνεχῶς
1848 3899 1951 3969 τῆς

269 3996 538 4069 ἐμαυτοῦ,
571 3995 659 4050 διά
690 3994 864 4048 ταῦτα
891 3993 992 4047 οὑκ
1023 3991 1355 4060 αἰσθάνομαι
1386 3989 1480 4043 τοῦ
1526 3988 1693 4043 πόνου
1733 3990 1834 4059 τῆς
1873 3988 1953 4042 δι-

270 4085 592 4150 δασκαλίας,
651 4083 730 4155 τῷ
774 4082 875 4149 τῆς
925 4080 1245 4151 ἀκροάσεως
1295 4075 1690 4147 κουφιζόμενος
1746 4075 1949 4147 κέρδει.

283 4174 497 4238 Ἱκανὸς
520 4175 628 4244 γὰρ
650 4172 797 4243 ἡμᾶς
821 4162 977 4232 οὗτος
1000 4169 1028 4223 6
1056 4167 1248 4236 μισθὸς
1272 4163 1683 4234 ἀνακτήσασθαι
1705 4162 1802 4217 καλ⁸
1827 4180 1955 4217 111e-

272 4261 457 4333 ρῶσαι
487 4261 581 4315 καὶ
616 4258 941 4330 μεταρσίους
972 4255 1222 4325 ποιῆσαι.
1258 4251 1354 4305 καὶ
1387 4253 1573 4305 πεῖσαι
1603 4250 1782 4305 πάντα
1813 4250 1954 4325 ὑπὲρ

270 4349 436 4420 ὑμῶν
465 4348 754 4419 ὑπομένειν
784 4345 966 4398 πόνον.
1011 4342 1166 4395 Ἐπεὶ
1204 4334 1296 4395 οὖν
1327 4336 1529 4407 πολλὴν
1555 4335 1654 4407 τὴν
1684 4335 1958 4408 εὐγνωμο-

272 4436 448 4506 σύνην
477 4437 634 4506 ὑμεῖς
656 4429 1024 4497 ἐπεδείξασθε,
1051 4428 1184 4499 φέρε
1210 4428 1273 4497 δὴ
1302 4427 1397 4480 καὶ
1415 4426 1578 4496 ἡμεῖς
1602 4423 1663 4477 τὸ
1679 4424 1842 4495 χρέος
1863 4443 1958 4479 κα-

270 4524 601 4595 ταϐάλωμεν
613 4522 675 4574 16
689 4518 897 4581 λοιπὸν,
924 4518 1059 4588 ὅπερ
1082 4512 1437 4585 ὑπεσχόμεθα
1457 4509 1670 4581 πρώηνο
1691 4511 1867 4564 καίτοι
1892 4529 1956 4579 γε

272 4612 374 4682 οὑχ
398 4610 511 4681 όρῶ
544 4608 817 4684 παρόντας
850 4607 1098 4666 ἅπαντας
1121 4603 1246 4665 τοὺς
1271 4601 1433 4671 ήνίκα
1454 4597 1481 4636 ἀ
1523 4597 1828 4669 ἐποιούμην
1852 4599 1953 4671 τὴν

273 4701 574 4770 ὑπόσχεσιν
602 4693 1080 4768 παραγενομένους
1112 4689 1371 4744 ἐνταῦθα.
1398 4687 1463 4740 Τί
1490 4703 1621 4740 ποτε
1646 4684 1754 4757 ἄρα
1782 4686 1843 4739 16
1874 4687 1958 4742 αῖ-

268 4804 425 4853 τιον;
458 4786 512 4839 τί
533 4784 632 4855 τῆς
653 4783 930 4854 ἡμετέρας
956 4778 1240 4851 τραπέζης
1261 4777 1459 4839 αὑτοὺς
1482 4774 1858 4844 ἀπεσόϐησεν;
1896 4773 1957 4830 '0

268 4875 578 4948 τραπέζης,
611 4873 687 4938 ὡς
717 4872 886 4935 ἔοικε,
922 4867 1210 4942 μετασχὼν
1241 4864 1529 4933 αἰσθητῆς,
1574 4861 1828 4933 ἐνόμισεν
1861 4862 1956 4917 ἀνα

273 4947 428 5030 ἀξιον
470 4959 609 5016 εἶναι
654 4958 793 5030 μετά
832 4955 1039 5029 τροφὴν
1086 4952 1353 5024 αἰσθητήν
1398 4951 1492 5005 ἐπὶ
1548 4949 1709 5003 θείων
1760 4947 1959 5017 λογίων

274 5050 547 5122 ἀκρόασιν
577 5047 773 5102 ἐλθεῖνο
812 5044 925 5099 ἀλλ’
948 5043 1009 5098 οὑ
1032 5042 1260 5103 δικαίως
1285 5036 1448 5093 τοῦτο
1467 5035 1803 5109 νομίζουσιν’
1834 5036 1957 5090 οὑδέ

273 5139 390 5211 γάρ
425 5136 513 5204 ἂν,
541 5136 595 5190 εί
619 5133 777 5189 τοῦτο
803 5129 871 5204 ἦν
897 5132 1120 5197 ἄτοπον,
1150 5128 1279 5192 τοὺς
1307 5126 1556 5199 μακροὺς
1593 5124 1688 5178 καὶ
1728 5122 1958 5187 πολλοὺς

279 5225 558 5299 ἀνήλωσεν
597 5224 627 5277 6
661 5221 898 5294 Χριστὸς
937 5218 1132 5288 λόγους
1164 5214 1303 5289 μετὰ
1335 5213 1398 5299 16
1437 5215 1652 5268 δεῖπνον
1687 5213 1865 5266 ἐκεῖνο
1896 5211 1958 5265 16

278 5298 566 5384 μυστικόνο
593 5311 693 5365 οὑκ
717 5309 804 5372 ἃν,
835 5310 884 5362 εἰ
911 5306 1074 5363 τοῦτο
1100 5303 1348 5377 ἀπρεπὲς
1372 5298 1460 5374 ἦν,
1485 5300 1741 5363 ἑστιάσας
1760 5299 1959 5353 πολλά-

280 5418 367 5466 κις
392 5401 458 5455 16
489 5398 693 5470 πλῆθος
727 5397 821 5452 ἐπὶ
851 5396 951 5467 τῆς
972 5396 1204 5467 ἐρήμου,
1241 5392 1336 5447 καὶ
1380 5390 1558 5459 λόγων
1595 5389 1778 5452 αὐτοῖς
1827 5404 1956 5458 μετ-

276 5487 487 5544 έδωκεν
512 5488 580 5543 ἂν
609 5485 749 5560 μετά
783 5484 883 5559 τὴν
916 5481 1217 5554 τράπεζαν.
1250 5481 1315 5535 Εἰ
1344 5478 1455 5551 γὰρ
1477 5477 1582 5551 χρή
1608 5493 1662 5530 τι
1694 5474 1790 5530 καὶ
1823 5473 1959 5529 θαυο

277 5577 488 5649 μαστὸν
516 5579 713 5641 εἰπεῖν,
746 5573 869 5628 τότε
902 5571 1004 5643 μὲν
1036 5565 1130 5625 οὑν
1161 5565 1562 5641 χρησιμωτάτη
1593 5565 1626 5634 ή
1654 5562 1765 5649 τῶν
1799 5560 1963 5616 θείων

279 5646 474 5735 λογίων
510 5662 796 5736 ἀκρόασις.
847 5661 1018 5715 Ὅταν
1060 5656 1171 5729 γὰρ
1200 5650 1269 5731 ᾗς
1303 5651 1501 5709 σαυτὸν
1535 5646 1837 5713 πεπεικὼς,
1875 5649 1959 5701 ὅτι

340 5769 372 5800 ⁸
393 5769 498 5818 Non
520 5782 670 5819 sanus
700 5767 897 5815 videtur
928 5765 1087 5821 locus,
1110 5774 1259 5822 quem
1294 5758 1367 5810 sic
1404 5754 1541 5822 reﬁci
1566 5755 1716 5822 velim
1741 5752 1877 5822 :_eIO§
1905 5750 1960 5802 δι

277 5833 362 5910 1μὶ
469 5814 690 5910 Ῑεέῑιῖέέι
707 5814 817 5891 ὑμῖν
841 5814 1270 5890 λέγοιμι),’μδιλλον
1292 5823 1346 5873 δὲ
1359 5821 1442 5871 καὶ
1463 5819 1538 5870 ἀεὶ
1559 5818 1657 5882 μεθ’
1676 5815 1811 5878 ὑμῶν
1835 5814 1955 5875 εἵην,

280 5894 320 5944 tl
344 5893 479 5941 καί...
512 5892 643 5942 Ευιτ.

344 5953 372 5990 ι’
408 5954 605 6014 A1iquot
632 5956 748 6001 mss.
772 5949 984 6014 καθάπερ
1003 5947 1087 5997 οὖν
1106 5947 1187 5996 καὶ
1206 5947 1319 6009 ἐγώ.

348 6018 369 6045 ε
395 6016 487 6076 Alii
505 6012 682 6076 νόμους
700 6012 884 6068 ἑαυτοῖς
909 6012 1075 6066 θέντες.

347 6075 373 6117 ἰ
404 6075 553 6127 Savil.
569 6067 680 6139 ’όρῶ
704 6076 937 6139 παρόντας
957 6077 1089 6137 ὑμῶν
1110 6070 1218 6127 τοὺς
1236 6067 1399 6128 ἡνίκα.

2070 1154 2213 1226 μετά
2259 1154 2322 1208 16
2369 1154 2565 1222 φαγεῖν
2611 1152 2708 1207 καὶ
2761 1153 2907 1206 πιεῖν
2951 1151 3163 1223 ἀνάγκη
3216 1151 3312 1206 κα)⁵
3360 1151 3497 1222 πρὸς
3531 1149 3751 1217 σύναξιν

2067 1242 2403 1313 ἀπαντῆσαι,
2438 1241 2660 1304 πάντως
2698 1241 2795 1295 καὶ
2831 1240 2982 1294 άκων
3018 1240 3281 1303 πολλάκις
3305 1240 3616 1312 ἐπιμελήσῃ
3650 1241 3750 1313 τῆς

2070 1331 2446 1402 σωφροσύνης,
2479 1330 2573 1383 καὶ
2605 1328 2730 1383 οὔτε
2780 1331 2861 1395 είς
2911 1329 3107 1401 μέθην,
3158 1328 3283 1382 οὔτε
3327 1331 3408 1392 είς
3440 1329 3751 1399 ἀδηφαγίαν

2066 1420 2436 1492 κατενεχθήσῃ
2474 1418 2682 1490 ποτέ’ή
2718 1418 2829 1490 γὰρ
2860 1419 3083 1490 φροντὶς
3116 1419 3211 1472 καὶ
3243 1418 3276 1489 ή
3318 1417 3612 1489 προσδοκία
3654 1420 3752 1487 τῆς

2065 1510 2146 1573 εἰς
2168 1509 2266 1578 τὴν
2291 1506 2588 1575 ἐκκλησίαν
2618 1506 2858 1574 ἀφίξεως
2882 1506 3129 1561 παιδεύει
3154 1506 3292 1577 μετά
3317 1508 3417 1577 τῆς
3437 1507 3754 1579 προσηκού-

2067 1614 2169 1668 σης
2208 1594 2526 1665 εὐκοσμίας,
2578 1594 2673 1648 καὶ
2706 1595 2912 1667 τροφῆς
2944 1596 3040 1649 καί⁵
3084 1594 3250 1649 ποτοῦ
3286 1595 3748 1666 μεταλαμϐάνειν,

2066 1682 2154 1737 ἵνα
2191 1681 2265 1754 μὴ
2299 1680 2556 1737 εἰσελθὼν
2608 1681 2703 1736 καὶ
2754 1686 2868 1746 τοῖς
2928 1683 3178 1751 ἀδελφοῖς
3230 1681 3577 1754 ἀναμιχθεὶς,
3629 1678 3752 1738 εἶτα

2063 1771 2352 1826 ἀποπνέων
2382 1770 2526 1825 οἴνου
2575 1771 2669 1825 καὶ
2716 1771 3080 1841 ἐρευγόμενος
3121 1771 3399 1835 ἀτάκτως,
3445 1772 3753 1839 καταγελα-

2066 1860 2200 1930 σθῇς
2223 1859 2375 1930 παρὰ
2392 1858 2500 1913 τῶν
2528 1859 2814 1928 παρόντων
2839 1860 3115 1913 ἀπάντων.
3145 1859 3333 1914 Ταῦτα
3350 1859 3412 1913 οὑ
3441 1859 3580 1930 πρὸς
3606 1860 3753 1930 ὑμᾶς

2062 1946 2207 2016 λέγω
2238 1947 2354 2006 νῦν,
2390 1946 2528 2001 ἀλλὰ
2558 1946 2696 2017 πρὸς
2724 1948 2850 2010 τοὺς
2877 1945 3313 2015 ἀπολειφθέντας
3343 1945 3518 2016 ὑμῶν,
3562 1946 3652 2000 ἵνα
3682 1945 3750 1999 δι’

2062 2035 2217 2106 ὑμῶν
2247 2035 2420 2089 ταῦτα
2447 2035 2691 2105 μάθωσιν
2713 2047 2756 2089 ο.
2787 2036 2860 2088 Οὑ
2895 2034 3003 2105 γάρ
3033 2033 3150 2106 [98]
3183 2032 3245 2087 16
3287 2034 3485 2103 φαγεῖν
3516 2031 3750 2101 κώλυμα

2062 2122 2400 2193 ἀκροάσεως,
2434 2120 2573 2175 ἀλλά
2600 2121 2661 2175 16
2699 2121 2985 2193 ῥᾳθυμεῖν·
3023 2122 3087 2174 σὺ
3126 2120 3184 2173 δέ
3222 2121 3568 2189 κατάγνωσιν
3606 2115 3749 2178 εἶναι

2061 2209 2299 2280 νομίζων
2325 2209 2387 2263 16
2419 2209 2495 2279 μὴ
2525 2208 2844 2279 νηστεῦσαι.
2876 2209 2973 2263 καὶ
2994 2207 3183 2280 ἕτερον
3216 2206 3516 2278 προστίθης
3545 2207 3746 2278 ἐγκλη-

2065 2315 2143 2370 μα
2167 2296 2345 2368 πολλῷ
2362 2297 2659 2367 μεῖζονκαὶ
2684 2296 3089 2369 χαλεπώτερον,
3117 2296 3177 2350 16
3204 2296 3280 2367 μὴ
3302 2295 3405 2366 τῆς
3437 2297 3591 2368 ἱερᾶς
3616 2295 3750 2350 ταὺ-

2061 2403 2161 2457 της
2184 2388 2475 2456 μετασχεῖν
2498 2384 2801 2456 τραπέζης,
2825 2386 2921 2438 καὶ
2943 2383 3151 2455 θρέψας
3174 2401 3266 2436 σου
3287 2384 3349 2438 16
3381 2383 3562 2455 σῶμα,
3586 2401 3751 2438 κατα-

2062 2475 2251 2544 τήκεις
2277 2474 2421 2545 λιμῷ
2446 2474 2546 2544 τὴν
2567 2474 2764 2544 ψυχήν·
2789 2474 2883 2527 καὶ
2911 2474 3070 2526 ποίαν
3089 2472 3234 2537 ἔξεις
3253 2472 3585 2541 ἀπολογίαν;
3625 2473 3751 2527 Ἐπὶ⁹

2066 2563 2165 2633 μὲν
2204 2562 2314 2634 γὰρ
2345 2563 2445 2633 τῆς
2491 2563 2748 2631 νηστείας
2790 2561 2922 2624 ἴσως
2974 2560 3119 2632 ἔχεις
3167 2559 3418 2631 σώματος
3466 2560 3752 2615 ἀσθένειαν

2064 2649 2456 2722 προϐαλέσθαιο
2492 2652 2585 2705 ἐπὶ
2617 2650 2675 2703 δὲ
2708 2650 3030 2720 ἀκροάσεως
3071 2648 3125 2702 τί
3153 2648 3219 2703 ἃν
3252 2647 3400 2719 ἔχοις
3436 2648 3645 2715 εἰπεῖν;
3685 2646 3750 2702 οὑ

2061 2735 2172 2808 γάρ
2194 2735 2258 2808 δὴ
2283 2733 2536 2805 σώματος
2567 2736 2821 2791 ἀσθένεια
2849 2735 3049 2789 κωλύει
3081 2736 3191 2791 τῶν
3224 2735 3386 2789 θείων
3422 2734 3618 2804 λογίων
3648 2752 3748 2807 με-

2059 2826 2282 2894 τασχεῖν
2304 2823 2348 2879 τ.
2376 2825 2441 2877 Εἰ
2481 2823 2578 2894 μὲν
2606 2821 2715 2892 γὰρ
2735 2819 2950 2889 ἐλεγον·
2978 2820 3186 2893 Μηδεὶς
3205 2821 3520 2893 ήριστηκὼς
3542 2840 3751 2893 συμμι-

2061 2908 2265 2981 γέσθω,
2302 2909 2490 2981 μηδεὶς
2521 2906 2714 2978 φαγὼν
2738 2907 3054 2979 ἀκροάσθω,
3080 2904 3227 2978 εἷχές
3249 2925 3372 2962 τινα
3394 2908 3745 2982 συγγνώμηνο

2060 2998 2175 3052 νυνί
2206 2997 2263 3052 δέ
2296 2999 2426 3053 ὅταν
2460 2999 2626 3069 ήμεῖς
2649 2996 2925 3066 ἕλκωμεν,
2947 2996 3043 3051 καὶ
3069 2995 3453 3066 ὲπισπὼμεθα,
3486 2996 3583 3051 καὶ
3612 2997 3751 3069 πρδς

2061 3085 2291 3151 ἑαυτοὺς
2316 3083 2596 3156 καλῶμεν,
2621 3084 2781 3138 ποίαν
2811 3082 2962 3148 ἕξετε
2993 3084 3291 3152 ἀπολογίαν
3321 3084 3747 3156 ἀποπηδῶντεςς

2059 3172 2170 3227 Καὶ
2210 3172 2320 3245 γὰρ
2352 3172 2731 3243 ἀνεπιτήδειος
2773 3175 2801 3226 6
2834 3172 3114 3243 ἀκροατὴς
3149 3175 3355 3237 ἐκεῖνος
3398 3173 3466 3227 ἂν
3511 3173 3745 3242 γένοιτο,

2058 3261 2158 3334 οὑχ
2183 3263 2212 3316 6
2240 3261 2432 3331 φαγὼν
2455 3261 2549 3316 καὶ
2578 3260 2738 3319 πιὼν,
2762 3261 2877 3314 ἀλλ’
2909 3263 2937 3314 6
2971 3260 3045 3332 μή
3074 3261 3360 3333 προσέχων
3386 3264 3500 3326 τοῖς
3520 3262 3750 3334 λεγομέ-

2058 3368 2190 3417 νοις,
2225 3353 2254 3405 ό
2278 3349 2642 3422 χασμὼμενος
2663 3349 2758 3404 καὶ
2779 3348 3136 3420 ἐκλελυμένος
3164 3351 3212 3410 ε.
3238 3349 3332 3402 καὶ
3360 3349 3420 3403 16
3447 3349 3547 3421 μὲν
3579 3350 3744 3420 σῶμα

2058 3439 2299 3495 ἐνταῦθα
2329 3439 2488 3511 ἔχων,
2522 3440 2621 3511 τὴν
2649 3440 2705 3493 δέ
2729 3438 2968 3493 διάνοιαν
2990 3438 3224 3509 ἀλλαχοῦ
3252 3437 3633 3511 πλανωμένην·
3660 3434 3751 3495 οὑ-

2058 3546 2150 3594 τος
2177 3527 2280 3583 κᾶν
2309 3529 2568 3601 νηστεὺῃ,
2592 3528 2732 3600 πρὸς
2758 3528 3022 3598 ἀκρόασίν
3058 3527 3206 3580 ἐστιν
3229 3527 3523 3599 ἄχρηστος
3557 3530 3586 3581 6
3617 3531 3747 3599 μέν-

2058 3634 2140 3671 τοι
2172 3616 2601 3687 διεγηγερμένος
2628 3616 2722 3670 καὶ
2755 3616 2940 3685 νήφων
2964 3615 3058 3669 καὶ
3099 3615 3389 3671 συντείνων
3416 3616 3611 3671 ἐαυτοῦ
3645 3617 3745 3688 τήν

2060 3702 2314 3767 διάνοιαν.
2357 3704 2461 3758 κᾶν
2501 3702 2693 3772 φαγὼν
2739 3703 2835 3757 καὶ
2870 3702 3144 3766 πεπωκὼς
3189 3699 3247 3777 ᾖ,
3293 3703 3512 3759 πάντων
3555 3708 3748 3776 ἐπιτη-

2058 3791 2332 3856 δειότατος
2387 3791 2661 3863 ἀκροατὴς
2721 3791 2788 3846 ἂν
2850 3793 2977 3863 ἡμῖν
3002 3792 3230 3859 γένοιτο.
3303 3793 3427 3846 Ἐπὶ
3477 3793 3579 3863 μὲν
3635 3794 3745 3866 γὰρ

2057 3879 2169 3935 τῶν
2213 3881 2413 3947 ἔξωθεν
2460 3879 2831 3951 δικαστηρίων
2872 3881 2966 3933 κοιλ¹
3007 3879 3408 3952 βουλευτηρίων
3454 3882 3680 3945 εἰκότως
3714 3885 3746 3939 6

2060 3969 2223 4040 νόμος
2254 3963 2409 4033 οὗτος
2441 3971 2765 4040 ἐκράτησεν·
2800 3969 2922 4020 οὑδέ
2960 3967 3069 4039 γὰρ
3102 3967 3251 4022 ίσασι
3289 3968 3622 4038 φιλοσοφεῖνο
3664 3971 3745 4025 διὸ

2060 4058 2183 4112 οὑδέ
2209 4058 2478 4112 ἐσθίουσιν
2509 4057 2650 4111 ὥστε
2682 4058 2979 4128 τραφῆναι,
3025 4056 3141 4110 ἀλλ’
3180 4056 3321 4110 ὥστε
3355 4057 3741 4130 διαρῤαγῆναιο

2063 4145 2277 4201 πίνουσι
2317 4145 2426 4219 γὰρ
2475 4146 2615 4216 ὑπὲρ
2664 4144 2826 4216 κόρον
2874 4144 3156 4207 πολλάκις
3188 4144 3277 4199 διὰ
3316 4145 3476 4200 τοῦτο
3513 4147 3744 4213 ἑαυτοὺς

2062 4232 2369 4305 ἀχρήστους
2401 4233 2538 4305 πρὸς
2573 4232 2673 4304 τὴν
2722 4232 2831 4285 τῶν
2883 4231 3225 4303 πραγμάτων
3259 4233 3571 4304 οἰκονομίαν
3605 4235 3741 4289 καθ-

2067 4321 2341 4386 ιστῶντες,
2370 4322 2465 4375 καὶ
2506 4321 2835 4391 δικαστήρια
2881 4321 2976 4373 καὶ
3007 4319 3363 4391 βουλευτήρια
3394 4322 3743 4380 ἀποκλείουσι

2064 4410 2244 4483 δείλης
2281 4412 2375 4466 καὶ
2409 4410 2780 4481 μεσημϐρίας.
2814 4410 3080 4463 Ἐνταῦθα
3109 4409 3166 4462 δὲ
3201 4410 3352 4464 οὑδὲν
3374 4409 3634 4465 τοιοῦτοψ
3665 4414 3741 4486 μὴ

2063 4498 2292 4567 γένοιτο·
2330 4497 2447 4552 ἀλλ’
2472 4500 2500 4552 6
2529 4496 2719 4567 φαγὼν
2744 4496 2822 4568 τῷ
2861 4496 3180 4568 νηστεύοντι
3208 4498 3350 4552 κατὰ
3374 4498 3475 4569 τὴν
3507 4500 3606 4564 τῆς
3635 4500 3746 4570 ψυ-

2062 4586 2165 4656 χῆς
2199 4584 2552 4658 σωφροσύνην
2586 4584 2883 4656 ἐφάμιλλος
2919 4584 3091 4639 ἔσται·
3119 4586 3180 4639 οὑ
3208 4585 3318 4658 γάρ
3349 4588 3490 4643 ὥστε
3516 4588 3746 4661 διαρρῆ-

2062 4673 2196 4741 ξαιι³
2227 4674 2326 4743 τὴν
2369 4674 2634 4745 γαστέρα,
2689 4673 2811 4727 οὑδέ
2863 4672 3005 4727 ὥστε
3051 4674 3320 4728 σκοτῶσαι
3359 4674 3451 4728 16v
3485 4675 3744 4749 λογισμὲν

2060 4761 2230 4815 ἐσθίει
2263 4763 2356 4817 καὶ
2385 4763 2552 4829 πίνει,
2576 4761 2692 4817 ἀλλ’
2718 4762 2860 4816 ὥστε
2886 4762 2948 4815 16
2975 4760 3134 4822 σῶμα
3166 4762 3468 4834 ήσθενηκὸς
3497 4764 3735 4838 ἀνακτήο

2061 4848 2279 4904 σασθαι.

2131 4936 2197 5007 β’.
2227 4937 2387 4992 Ἀλλά
2400 4940 2501 5015 τῆς
2519 4938 2619 5008 μὲν
2635 4937 3011 5010 παραινέσεως
3024 4935 3227 5007 ταύτης
3250 4937 3391 4999 ἃλις,
3416 4937 3534 5011 ὥρα
3554 4940 3614 4995 δὲ
3627 4940 3745 4998 λοι..

2059 5021 2160 5076 πὺν
2187 5024 2290 5094 τῆς
2318 5018 2625 5088 ὑποθέσεως
2662 5022 2934 5093 ἅψασθαι*
2980 5021 3159 5075 καίτοι
3202 5039 3266 5090 γε
3309 5024 3600 5082 ἀναδύεται
3645 5029 3742 5084 καὶ

2057 5108 2208 5164 ὀκνεῖ
2230 5109 2367 5178 πρὸς
2397 5110 2496 5181 τὴν
2526 5109 2873 5164 διδασκαλίαν
2896 5108 3103 5179 ταύτην
3128 5110 3263 5180 ήμῖν
3304 5113 3333 5165 6
3368 5113 3625 5184 λογισμὸς
3649 5115 3743 5173 διά

2057 5195 2185 5259 τοὺς
2213 5196 2286 5267 μή
2314 5196 2809 5269 παραγενομένους.
2836 5194 2946 5249 Καὶ
2976 5194 3225 5267 καθάπερ
3247 5197 3433 5269 μήτηρ
3456 5199 3738 5271 φιλόστορο

2057 5298 2154 5351 γος
2182 5283 2462 5355 τράπεζαν
2488 5283 2687 5356 έχουσα
2724 5281 3067 5355 παραθεῖναι,
3093 5284 3204 5337 τῶν
3234 5285 3438 5339 παίδων
3472 5285 3545 5356 μή
3590 5303 3739 5357 πσρ-

2056 5369 2225 5424 όντων
2259 5372 2513 5427 ἁπάντων
2539 5370 2694 5440 ἀλγεῖ
2725 5372 2818 5424 καὶ
2851 5370 3130 5426 ὀδυνάων
3162 5371 3317 5427 τοῦτο
3343 5373 3407 5444 δὴ
3441 5373 3595 5440 κάγὼ
3628 5375 3739 5431 πά-

2060 5473 2173 5528 σχω
2204 5456 2322 5522 νῦν,
2360 5458 2455 5513 καὶ
2492 5456 2599 5511 τῶν
2642 5456 2889 5526 ἀδελφῶν
2930 5457 3041 5513 τῶν
3082 5458 3366 5530 ἡμετέρων
3409 5456 3606 5512 ἐννοῶν
3636 5460 3738 5531 τὴν

2057 5543 2344 5603 ἀπουσίαν.
2375 5545 2673 5615 ἀναδύομαι
2715 5543 2853 5614 πρὸς
2893 5543 2991 5615 τὴν
3030 5543 3235 5599 ἔκτισιν
3256 5561 3271 5574 ’
3309 5543 3423 5596 ἀλλ’
3454 5545 3612 5616 ὑμεῖς
3639 5546 3741 5600 κύ·

2061 5650 2167 5705 ριοι
2199 5634 2291 5691 τὸν
2317 5635 2474 5689 ὄκνον
2502 5634 2692 5689 τοῦτον
2723 5632 2991 5687 ἐκϐαλεῖν.
3031 5633 3095 5686 Εἰ
3136 5632 3245 5705 γάρ
3288 5632 3612 5703 ὑπόσχοισθέ
3646 5650 3740 5706 μοι

2062 5722 2200 5794 μετὰ
2237 5723 2521 5799 ἀκριϐείας
2560 5720 2775 5777 ἅπαντα
2806 5719 2942 5792 πρὸς
2977 5719 3219 5786 ἐκείνους
3256 5719 3731 5797 διαπορθμεύσειν,

2126 5868 2152 5932 ξ
2173 5868 2273 5919 Am
2301 5867 2612 5932 μανθάνωσιν,

2127 5928 2150 6004 ξ
2296 5923 2527 6004 μετέχειν,
2550 5925 2637 5977 alii
2666 5923 2936 5987 μετασχεῖν.

2123 5994 2150 6033 ε
2177 5992 2274 6041 Alii
2299 5992 2593 6052 ἐκλυόμενος.

2119 6051 2149 6097 δ
2174 6055 2275 6107 Alii
2302 6051 2621 6118 διαρραγῆναι.
