4068 6446
374 386 477 443 105

370 498 511 570 μετά
535 495 841 571 προθυμίας
870 496 1021 564 ἡμεῖς
1044 494 1257 548 ἅπαντα
1283 493 1696 563 καταϐαλοῦμεν
1719 495 1847 565 ὑμῖν
1865 512 1878 525 ο
1900 493 2049 552 οὕτω

367 585 480 657 γὰρ
502 584 729 646 ἐκείνοις
752 600 809 635 τε
834 582 985 635 ἔσται
1010 582 1108 652 τῆς
1136 581 1401 646 ἀπουσίας
1432 582 1754 654 παραμυθία
1779 583 1880 653 τῆς
1908 586 2045 654 ὑμε-

371 672 534 741 τέρας
560 670 780 738 ἀγάπης
813 671 844 739 ή
881 668 1221 735 διδασκαλία,
1248 668 1406 740 ὑμεῖς
1447 687 1508 723 τε
1547 670 2051 743 προσεκτικωτέρον

374 759 404 828 ἡ
413 757 528 829 μῶν
552 756 866 819 ἀκούσεσθε,
886 755 1083 819 είδότες
1103 756 1184 810 ὅτι
1203 757 1298 810 καὶ
1323 756 1459 827 πρὸς
1478 757 1696 827 ἑτέρους
1723 758 1851 828 ὑμῖν
1868 759 2049 825 ἀπαγ-

373 846 546 907 γεὶλαι
577 843 748 899 ταῦτα
773 845 1009 915 ἀνάγκη.
1047 845 1165 898 ’Ἰνα
1190 840 1283 900 οὖν
1314 844 1644 915 σαφέστερος
1668 848 1800 917 ἡμῖν
1834 848 1863 900 0
1892 847 2048 916 λόγος

336 998 337 1001 η
371 933 613 1004 γένηται,
643 931 847 985 ἀνωθεν
875 930 1238 996 ἀναλαϐόντες
1270 933 1433 986 αὐτὸν
1463 933 1727 1004 εἴπωμεν.

450 1018 779 1089 Ἐζητοῦμεν
809 1018 989 1071 τοίνυν
1020 1016 1209 1089 πρώην
1234 1018 1380 1082 τίνος
1408 1019 1593 1074 ἕνεκεν
1621 1021 1757 1091 μετά
1795 1019 1889 1092 ἔτη
1920 1037 2043 1074 τοσ-

371 1104 509 1158 αὖτα
537 1104 796 1176 ἐδόθησαν
827 1105 884 1157 αἰ
930 1105 1171 1176 Γραφαί’
1203 1105 1263 1159 ού
1303 1105 1409 1178 γάρ
1432 1105 1523 1159 ἐπὶ
1565 1106 1661 1159 τοῦ
1704 1107 1895 1178 Ἀδὰμ,
1925 1106 2046 1160 οὐδὲ

372 1189 463 1244 ἐπὶ
487 1189 580 1244 τοῦ
610 1190 757 1255 Νῶε,
789 1191 885 1243 καὶ
915 1189 1009 1243 τοῦ
1048 1189 1318 1263 Ἀϐραὰμ,
1346 1191 1482 1245 ἀλλά
1513 1192 1605 1245 ἐπὶ
1630 1190 1723 1244 τοῦ
1769 1193 1902 1245 Μωῦ
1914 1193 2045 1255 σέως

372 1275 526 1349 ἐδόθη
556 1274 715 1330 τοῦτο
746 1276 807 1329 10
846 1273 1082 1346 βιϐλίον’
1126 1277 1220 1330 καὶ
1265 1276 1474 1330 πολλῶν
1516 1277 1701 1331 ἀκούω
1753 1276 2041 1345 λεγόντων,

369 1363 472 1427 δτι,
499 1363 547 1415 εἰ
576 1362 845 1434 χρήσιμον
873 1356 961 1433 ἦν,
990 1362 1048 1429 ἐξ
1072 1363 1246 1434 ἀρχῆς
1272 1360 1377 1416 ἔδει
1402 1360 1655 1433 δοθῆναι·
1690 1364 1740 1416 εί
1785 1363 1841 1415 δὲ
1872 1362 2045 1434 ἄχρη-

370 1466 495 1503 στον
527 1445 614 1521 ἦν,
647 1448 767 1503 οὐδὲ
805 1447 943 1520 μετά
974 1447 1144 1502 ταῦτα
1191 1447 1409 1519 δοθῆναι
1453 1449 1639 1520 ἐχρῆν.
1689 1449 1826 1502 Ἀλλ’
1878 1448 2044 1512 ἕωλος

367 1530 522 1599 οὗτος
563 1535 591 1587 0
634 1534 922 1606 λογισμός·
973 1535 1034 1588 οὐ
1065 1534 1173 1605 γάρ
1222 1534 1286 1606 δὴ
1337 1535 1573 1600 πάντως,
1609 1534 1663 1587 εἴ
1690 1552 1744 1587 τι
1776 1535 2044 1606 χρήσιμον

369 1623 510 1693 μετά
541 1623 733 1686 ταῦτα,
759 1623 815 1689 ἐξ
839 1623 1011 1693 ἀρχῆς
1035 1622 1240 1691 ὀφείλει
1270 1622 1534 1677 δίδοσθαι·
1570 1624 1691 1677 οὐδὲ
1724 1626 1776 1677 εί
1809 1640 1862 1676 τι
1895 1624 2045 1694 παρά

370 1714 468 1782 τὴν
499 1709 671 1782 ἀρχὴν
702 1710 875 1779 ἐδόθη,
914 1708 1028 1782 [99]
1064 1709 1222 1764 τοῦτο
1265 1710 1482 1774 πάντως
1524 1711 1728 1779 ὀφείλει
1762 1711 1856 1764 καλ¹
1907 1711 2044 1780 μετά

372 1796 541 1852 ταῦτα
575 1799 773 1869 μένειν.
813 1798 962 1851 Ἐπεὶ
993 1799 1086 1851 καὶ
1118 1798 1179 1852 10
1209 1797 1350 1866 γάλα
1402 1798 1691 1869 χρήσιμον,
1727 1797 1841 1852 ἀλλ’
1869 1799 1929 1850 οὐ
1968 1797 2045 1850 δι-

371 1885 580 1956 ηνεκῶς
616 1885 834 1945 δίδοται,
869 1885 1004 1939 ἀλλά
1049 1886 1232 1939 παισὶν
1257 1882 1405 1938 οὖσιν
1437 1885 1567 1955 ἡμῖν
1606 1885 1806 1938 δίδοται
1853 1883 2040 1954 μόνον·

373 1972 465 2026 καὶ¹
495 1974 528 2043 ή
557 1973 751 2043 στερεά
777 1973 949 2045 τροφὴ
983 1974 1270 2045 χρήσιμος,
1304 1971 1418 2026 ἀλλ’
1446 1972 1620 2035 οὐδεὶς
1650 1974 1779 2044 ήμῖν
1812 1973 1870 2025 ἐν
1900 1972 2043 2042 ἀρχῇ

374 2057 723 2128 μεταδίδωσιν
747 2059 933 2128 αὐτῆς.
962 2060 1075 2113 ἀλλ’
1103 2061 1319 2113 ἐπειδὰν
1344 2058 1440 2130 τὴν
1466 2059 1719 2128 παιδικὴν
1743 2056 2046 2127 ἐξέλθωμεν

371 2146 611 2217 ἠλικίαν·
649 2146 810 2200 πάλιν
843 2147 903 2199 10
945 2146 1101 2220 θέρος
1138 2154 1441 2219 χρήσιμον,
1486 2146 1600 2199 ἀλλ’
1648 2147 1709 2198 ού
1753 2144 2047 2208 διαπαντὸς

369 2232 615 2301 φαίνεται
633 2249 647 2262 ·
676 2233 767 2287 καὶ
796 2233 824 2286 0
854 2230 1062 2304 χειμὼν
1103 2233 1428 2304 ἐπιτήδειος,
1456 2231 1593 2286 ἀλλά
1630 2232 1723 2284 καὶ
1762 2226 1915 2294 οὗτος
1944 2231 2049 2283 ὑπ-

373 2319 663 2387 εξίσταται.
694 2319 759 2374 Τί
785 2317 877 2375 οὖν
900 2339 916 2387 ;
943 2323 997 2374 αἱ
1022 2321 1253 2392 Γραςαὶ,
1278 2321 1464 2392 φησὶν,
1490 2321 1589 2373 οὐκ
1619 2319 1725 2372 εἰσί
1750 2321 2045 2389 χρήσιμοι;

371 2407 797 2477 Χρησιμὼταται
848 2409 944 2478 μὲν
983 2404 1076 2461 οὖν
1123 2407 1217 2460 καὶ
1267 2407 1710 2475 ἀναγκαιόταται.
1754 2405 1910 2467 Τίνος
1955 2400 2049 2459 οὖν

370 2494 618 2559 ἐνεκενα,
646 2494 830 2566 φησὶν,
864 2494 920 2560 ἐξ
972 2493 1148 2565 ἀρχῆς
1176 2495 1308 2564 ἡμῖν
1351 2494 1451 2546 οὐκ
1487 2492 1747 2562 ἐδόθησαν
1771 2508 1785 2557 ;
1811 2493 1938 2545 Ὀτι
1987 2492 2047 2545 00

367 2580 458 2634 διά
491 2582 856 2653 γραμμάτων,
897 2581 1033 2635 ἀλλά
1076 2580 1162 2634 διὰ
1205 2580 1565 2651 πραγμάτων,
1611 2579 1871 2650 ἠϐούλετο
1921 2597 2051 2633 παις-

367 2669 546 2723 δεύειν
571 2668 677 2722 τῶν
706 2667 1007 2740 ἀνθρώπων
1028 2669 1127 2740 τὴν
1155 2668 1316 2737 φύσιν
1341 2670 1370 2721 0
1392 2667 1541 2730 Θεός.
1569 2667 1633 2718 Τί
1666 2668 1794 2720 ποτέ
1822 2669 1937 2720 ἐστι
1963 2667 2050 2721 διὰ

316 2772 323 2778 ’
371 2756 746 2828 πραγμάτωνς
774 2756 871 2809 Διά
902 2756 999 2828 τῆς
1030 2755 1257 2819 κτίσεως
1287 2754 1479 2825 αὐτῆς.
1516 2755 1610 2818 Εἰς
1638 2754 1796 2809 τοῦτο
1830 2755 1961 2823 γοῦν
1988 2755 2050 2809 10

374 2842 664 2911 κεφάλαιον
689 2839 941 2910 ἐμπεσὼν
956 2845 983 2895 0
1010 2840 1350 2904 Ἀπόστολος,
1370 2840 1465 2894 καὶ
1487 2840 1620 2911 πρὸς
1633 2840 1899 2912 Ἕλληνας
1923 2842 2052 2893 ἀποο

372 2929 678 3001 τεινόμενος
708 2930 834 2994 τοὺς
881 2928 1159 2997 λέγοντας,
1202 2929 1282 2982 ὅτι
1307 2929 1421 2982 Οὐκ
1460 2927 1737 2998 ἐμάθομεν
1778 2928 1835 2994 ἐξ
1875 2930 2050 2999 ἀρχῆς

372 3017 524 3087 παρά
552 3016 663 3069 τῶν
707 3015 938 3088 Γραφῶν
973 3015 1325 3085 θεογνωσίαν,
1355 3015 1456 3088 δρα
1490 3014 1608 3078 πῶς
1646 3015 2045 3085 ἀπελογήσατο.

377 3107 556 3162 Εἰπὼν
587 3108 717 3178 γὰρ,
751 3108 833 3161 ὅτι
870 3108 1381 3162 Ἀποκαλύπτεται
1413 3106 1559 3176 ὀργὴ
1610 3106 1759 3161 Θεοῦ
1800 3106 1901 3161 ἀπ’
1950 3110 2047 3161 οὑ-

369 3196 557 3265 ρανοῦ
597 3195 694 3248 ἐπὶ
739 3194 947 3250 πᾶσαν
975 3196 1259 3249 ἀσέϐειαν
1304 3195 1404 3249 καί
1445 3194 1686 3249 ἀδικίαν
1726 3193 2052 3262 ἀνθρώπων

373 3283 493 3338 τῶν
517 3283 632 3353 τὴν
663 3282 954 3350 ἀλήθειαν
986 3282 1057 3335 ἐν
1083 3282 1286 3350 ἀδικίᾳ
1324 3282 1719 3352 κατεχόντων,
1758 3281 1947 3352 ἐπειδὴ
1976 3277 2052 3333 εἴ-

369 3371 463 3424 δεν
494 3371 766 3424 ἀντίθεσιν
809 3369 1238 3424 ἀντιπίπτουσαν
1281 3369 1449 3440 αὐτῷ,
1518 3369 1613 3422 καὶ
1660 3369 1883 3433 πολλοὺς
1929 3370 2053 3421 ἀντ-

375 3457 696 3529 ερωτῶντας
740 3457 790 3521 ιι,
814 3458 895 3510 ὅτι
914 3457 1027 3510 Καὶ
1068 3456 1230 3510 πόθεν
1258 3457 1458 3526 ⁴ᾔδεσαν
1491 3454 1749 3525 Ἕλληνες
1782 3454 1879 3526 τὴν
1920 3454 2048 3524 ἀλήα

376 3545 528 3598 θειαν
560 3541 653 3596 τοῦ
678 3543 840 3608 Θεοῦ;
877 3545 1127 3613 ἐπήγαγε
1151 3542 1345 3610 λέγων’
1371 3542 1527 3595 Διότι
1550 3541 1618 3594 τὸ
1648 3541 1921 3612 γνωστόν
1944 3541 2051 3595 τοῦ

378 3630 528 3685 Θεοῦ
553 3633 819 3703 φανερόν
844 3630 1015 3684 ἐστιν
1042 3631 1110 3684 ἐν
1127 3629 1350 3696 αὐτοῖς.
1379 3629 1487 3683 Καὶ¹
1511 3629 1626 3693 πῶς
1653 3629 1884 3700 φανερόν
1906 3631 2054 3682 ἐστιν

377 3720 436 3773 ἐν
468 3718 685 3784 αὑτοῖς;
729 3719 845 3783 πῶς
872 3718 928 3771 δὲ
962 3717 1222 3788 ἠδύναντο
1259 3716 1460 3770 εἰδέναι
1499 3716 1651 3779 Θεὸν,
1684 3718 1778 3771 καὶ
1808 3718 1892 3781 τίς
1922 3717 2055 3770 ἔδει-

380 3806 501 3874 ξενς
536 3806 677 3861 εἰπέ.
711 3807 775 3860 Ὃ
823 3804 934 3876 γὰρ
991 3806 1135 3871 Θεὸς
1177 3803 1557 3874 ἐφανέρωσεν
1610 3804 1837 3871 αὐτοῖς,
1898 3806 2050 3876 φησί.

378 3894 524 3966 Ποίῳ
558 3895 781 3967 τρόπῳς
821 3897 973 3949 ποῖον
1003 3894 1287 3966 προφήτην
1319 3893 1579 3964 πέμψας
1608 3895 1731 3948 τίνα
1773 3894 2055 3962 εὐαγγελι-

379 3984 510 4055 στήν
534 4000 549 4049 ;
576 3985 727 4037 ποῖον
748 3982 1086 4043 διδάσκαλον,
1119 3983 1167 4035 εἰ
1196 3983 1251 4036 αἰ
1276 3982 1491 4052 Γραφαί
1520 3982 1746 4053 μηδέπω
1769 3976 1945 4055 ἦσαν;
1978 3982 2055 4036 Τὰ

377 4072 490 4142 γὰρ
518 4072 740 4141 ἀόρατα
776 4069 987 4138 αὐτοῦ,
1016 4071 1201 4142 φησιν,
1232 4069 1351 4124 ἀπὸ
1384 4069 1636 4135 κτίσεως
1662 4071 1894 4139 κόσμου
1932 4069 2055 4137 τοῖς

377 4159 666 4231 ποιήμασι
696 4160 996 4228 νοούμενα
1035 4157 1379 4227 καθορᾶται,
1430 4157 1470 4225 ἢ
1515 4174 1581 4211 τε
1630 4157 1821 4224 ἀΐδιος
1867 4159 2055 4214 αὐτοῦ

377 4247 628 4315 δύναμις
660 4246 757 4300 καὶ
789 4245 1039 4314 θειότης.
1080 4247 1148 4298 Ὃ
1181 4245 1239 4298 δὲ
1269 4243 1440 4313 λέγει,
1473 4242 1712 4298 τοιοῦτόν
1753 4247 1870 4299 ἐστι
1891 4263 1905 4277 ο
1945 4246 2056 4319 Τὴν

380 4332 554 4387 κτίσιν
587 4334 665 4396 εἰς
706 4332 870 4404 μέσον
897 4331 1170 4404 προέθηκε
1203 4331 1311 4405 πρδ
1346 4329 1454 4386 τῶν
1483 4330 1778 4402 ὀφθαλμῶν
1814 4331 2053 4398 πάντων,

379 4423 466 4475 ἵνα
503 4420 613 4475 ἀπὸ
636 4420 748 4474 τῶν
784 4420 962 4492 ἔργων
1002 4420 1093 4474 τὸν
1125 4420 1457 4493 δημιουργὸν
1488 4420 1855 4490 στοχάζωνται
1877 4437 1892 4451 ·
1920 4421 2057 4492 ὅπερ

378 4505 472 4563 οὖν
507 4506 603 4562 καὶ
637 4508 822 4577 ἕτερος
851 4506 1064 4575 ἐλεγενο
1102 4508 1204 4560 Ἐκ
1236 4506 1346 4577 γὰρ
1377 4505 1668 4577 μεγέθους
1704 4508 1803 4561 καὶ
1837 4511 2058 4562 καλλο-

380 4590 495 4662 νῆς
545 4590 888 4663 κτισμάτων
930 4592 1241 4661 ἀναλόγως
1294 4596 1327 4647 ό
1378 4594 1801 4664 τενεσιουργός
1856 4593 2059 4650 αὐτῶν

383 4678 725 4750 καθορᾶται.
773 4674 925 4743 Εἶδες
962 4681 1024 4733 10
1066 4679 1330 4750 μέγεθοςς
1371 4679 1651 4751 θαύμασον
1696 4682 1793 4754 τὴν
1830 4682 2059 4754 δύναμιν

381 4768 480 4824 τοῦ
504 4768 847 4842 ποιήσαντος.
870 4764 1022 4833 Εἶδες
1046 4768 1107 4821 τὸ
1131 4767 1360 4833 κάλλος;
1397 4768 1703 4841 ἐκπλάγηθι
1739 4770 1838 4841 τὴν
1868 4771 2060 4840 σοφίαν

383 4855 479 4909 τοῦ
525 4857 929 4928 κοσμήσαντοςο
973 4856 1110 4928 ὅπερ
1143 4852 1238 4909 οὖν
1278 4857 1374 4910 καὶ
1408 4857 1437 4910 ὀ
1465 4857 1749 4927 προφήτης
1780 4857 2062 4927 ἐμφαίνων

385 4942 598 5012 ἔλεγεν*
633 4945 699 4996 Ol
720 4942 962 5011 οὐρανοί
1004 4934 1350 5013 διηγοῦνται
1391 4942 1508 5014 τὴν
1541 4941 1729 5008 δόξαν
1752 4942 1859 4998 τοῦ
1888 4942 2057 4999 Θεοῦ.

386 5031 532 5094 Πῶς,
563 5028 684 5084 εἰπέ
730 5047 839 5101 μοι,
885 5031 1235 5102 διηγοῦνταις
1271 5031 1459 5104 φωνὴν
1500 5032 1600 5085 οὐκ
1647 5029 1850 5102 ἔχουσι,
1887 5030 2062 5103 στόμα

383 5120 446 5173 οὐ
473 5118 787 5188 κέκτηνται,
805 5118 1020 5188 γλῶττα
1040 5120 1168 5191 παρ’
1188 5120 1369 5185 αὐτοῖς
1415 5119 1516 5173 οὐκ
1552 5118 1689 5183 ἔστι,
1711 5118 1830 5183 πῶς
1859 5114 1952 5174 οὖν
1984 5119 2063 5173 δι-

385 5203 682 5277 ηγοῦνταις
714 5203 813 5258 Διά
839 5205 938 5277 τῆς
968 5204 1146 5275 ὅψεως
1174 5204 1370 5277 αὐτῆς·
1402 5206 1530 5263 ὅταν
1560 5203 1671 5277 γάρ
1689 5204 1806 5278 ἴδῃς
1836 5204 1897 5259 10
1929 5205 2061 5260 κάλ-

385 5292 497 5359 λος,
521 5294 583 5347 10
614 5292 862 5365 μέγεθος,
890 5291 953 5346 10
980 5292 1134 5363 ὕψος,
1165 5293 1265 5364 τὴν
1300 5292 1470 5358 θέσιν,
1501 5293 1563 5347 10
1593 5292 1802 5365 σχῆμα,
1832 5292 1893 5347 10
1926 5294 2063 5363 πρὸς

388 5380 638 5436 τοσοῦτον
666 5381 859 5455 χρόνον
885 5379 1124 5452 διαρκὲς,
1154 5378 1342 5453 ῶσπερ
1379 5380 1563 5451 φωνῆς
1589 5381 1825 5446 ἀκούων,
1856 5381 1951 5435 καὶ
1979 5381 2051 5435 δι-

386 5466 722 5539 δασκόμενος
751 5468 840 5523 διὰ
880 5467 980 5539 τῆς
1019 5466 1215 5538 ὅψεως,
1263 5470 1589 5541 προσκυνεῖς
1626 5467 1719 5522 τὸν
1763 5470 2065 5540 ποιήσαντα

392 5553 553 5624 σι’ῖιμα
583 5556 742 5609 καλὸν
763 5554 908 5611 οὕτω
934 5556 1031 5611 καὶ
1056 5555 1379 5628 παράδοξον.
1401 5556 1539 5627 Σιγᾷ
1570 5557 1599 5610 0
1625 5555 1869 5626 οὐρανὸς,
1887 5556 2003 5612 ἀλλ’
2026 5558 2060 5628 ή

390 5639 513 5712 δψις
534 5641 697 5697 αὑτοῦ
734 5645 917 5715 φωνὴν
960 5639 1261 5714 σάλπιγγος
1302 5643 1689 5716 λαμπροτέραν
1731 5644 1945 5716 ἀφίησι,
1997 5642 2063 5697 δι’

390 5727 683 5799 ὀφθαλμῶν
706 5733 874 5802 ἡμᾶς,
900 5733 961 5787 00
987 5732 1056 5787 6:’
1083 5728 1255 5804 ἀκοῆς
1281 5730 1639 5787 παιδεύουσαν
1679 5732 1774 5787 καὶ
1819 5731 1929 5805 γὰρ
1963 5732 2061 5785 πέ-

393 5831 564 5883 φυκεν
585 5815 724 5890 αὕτη
749 5819 963 5893 ἐκείνης
992 5821 1029 5893 ή
1054 5821 1308 5893 αἴσθησις
1332 5820 1429 5876 καί
1458 5819 1753 5892 πιστοτέρα
1787 5816 1924 5876 εἶναι
1968 5818 2062 5875 καὶ

460 5914 479 5987 ς
501 5915 651 5987 ξενίἰ.
677 5919 760 5987 καὶ
785 5921 1240 5987 εί-χριήσιμοιιτίνος
1257 5924 1435 5987 ἕνεκεν,
1463 5925 1603 5987 eUta
1625 5925 1893 5987 interpres.
1919 5920 2057 5987 E911.

456 5960 657 6052 »ῥιπῇ
680 5960 967 6052 ξῖῐιὶιθξιίἶ
976 5960 2062 6050 ῒιῖΐάὖὲὶῖρὶὶᾇζῖςῗιῖιὶιῗιίἑὶὲῖιίἳῗιὶρ⁶³εῑὲὁξ

398 6034 569 6095 ιδιιζιν
585 6039 768 6105 αὐτοῖς,
781 6034 921 6105 ξνησί.

1200 382 1256 434 S.
1297 378 1577 435 JOANN’IS
1607 380 1741 435 (Ξἰίίί
1754 378 2024 437 νεοδτο

2163 376 2454 435 ιΒΟΙηΕΡ.
2495 370 3052 432 CONSTANTINOP.

3770 363 3875 419 106

2156 493 2488 567 σαφεστέρα.
2518 492 2582 546 Εἰ
2616 491 2714 563 μὲν
2734 490 2845 561 γὰρ
2871 488 2958 542 διὰ
2985 485 3203 557 βιϐλίων
3235 483 3537 537 ἐπαίδευσε
3573 492 3599 521 ε
3640 480 3743 535 καὶ
3780 481 3874 538 διά

2148 583 2519 655 γραμμάτων,
2548 581 2577 633 0
2606 578 2704 649 μὲν
2735 576 2892 640 εἰδὼς
2919 575 3226 646 γράμματα
3256 570 3462 642 ἔμαθεν
3494 570 3571 623 ἂν
3598 569 3674 623 τὰ
3706 571 3873 655 ἐγγε-

2150 654 2468 740 γραμμένα,
2506 669 2536 720 0
2580 665 2636 719 δὲ
2671 665 2773 718 οὑκ
2828 661 2986 725 εἰδὼς
3015 656 3257 730 ἀπῆλθεν
3297 656 3369 710 ἀν
3400 656 3589 728 μηδὲν
3651 654 3872 708 ἐκεῖθεν

2147 755 2471 827 ὠφεληθεὶς,
2507 756 2556 806 εί
2597 753 2671 823 μή
2710 767 2792 812 τις
2822 750 3089 820 ἐνήγαγεν
3117 746 3333 816 ἕτερος·
3358 745 3456 798 καὶ
3490 745 3525 798 0
3563 742 3677 815 μὲν
3702 741 3869 795 εὔπο-

2150 860 2243 915 ρος
2276 842 2507 913 ἐπρίατο
2555 841 2620 894 ἂν
2661 839 2721 892 τδ
2755 838 2979 908 βιϐλίον,
3028 838 3058 890 0
3093 835 3152 889 δὲ
3189 834 3359 905 πένης
3384 833 3494 887 οὐκ
3547 832 3625 887 ἃν
3673 830 3869 902 ἴσχυσε

2148 928 2450 1000 κτήσασθαι
2476 944 2490 957 ⁸
2534 926 2696 980 πάλιν
2731 927 2760 978 0
2802 924 2902 996 μὲν
2934 924 3033 995 τὴν
3072 920 3256 992 φωνὴν
3294 919 3518 991 ἐκείνην
3558 916 3734 980 εἰδὼς
3765 916 3871 989 τὴν

2147 1014 2235 1068 διά
2260 1014 2368 1067 τῶν
2393 1014 2737 1084 γραμμάτων
2768 1010 3176 1082 σημαινομένην
3201 1007 3344 1076 ἔγνω
3374 1005 3535 1080 [100]
3575 1005 3652 1059 ἂν
3680 1005 3754 1058 τά
3782 1005 3870 1074 ἐγ-

2147 1100 2395 1170 κείμενα,
2424 1100 2453 1151 ὁ
2485 1098 2542 1152 δὲ
2572 1097 2805 1165 Σκύθης,
2836 1096 2931 1150 καὶ
2956 1098 2984 1149 0
3020 1094 3313 1166 βάρϐαρος,
3340 1094 3436 1147 καὶ
3463 1094 3497 1146 0
3544 1089 3742 1157 Ἰνδὸς,
3768 1092 3868 1150 καὶ

2146 1189 2176 1241 0
2200 1187 2514 1257 Αἰγύπτιος.
2545 1188 2639 1240 καὶ
2666 1186 2862 1249 πάντες
2885 1185 2935 1238 οἱ
2961 1184 3058 1253 τῆς
3081 1182 3329 1253 γλώττης
3361 1180 3594 1249 ἐκείνης
3628 1181 3869 1235 ἀπεστε-

2149 1275 2376 1348 ρημένοι
2404 1274 2432 1314 ἀ
2465 1274 2708 1346 ἀπῆλθον
2744 1272 2809 1327 ἂν
2844 1271 3010 1343 μηδὲν
3057 1270 3350 1341 μαθόντες·
3384 1270 3479 1322 ἐπὶ
3516 1269 3581 1324 δὲ
3620 1268 3724 1322 τοῦ
3770 1269 3865 1322 ού-

2151 1361 2309 1435 ρανοῦ
2342 1362 2441 1416 οὐκ
2463 1361 2577 1415 ἐστι
2604 1360 2759 1415 τοῦτο
2782 1362 2974 1420 εἰπεῖν,
3007 1357 3142 1411 ἀλλὰ
3175 1357 3271 1411 καὶ
3302 1356 3550 1427 Σκύθης,
3585 1356 3691 1410 καὶ
3727 1355 3866 1427 βάρ-

2147 1451 2337 1523 ϐαρος,
2383 1450 2479 1504 καὶ
2515 1449 2696 1514 Ἰνδὸς,
2741 1449 2834 1502 καὶ
2886 1447 3203 1516 Αἰγύπτιος,
3250 1446 3345 1500 καὶ
3395 1446 3509 1509 πᾶς
3556 1443 3862 1516 ἄνθρωπος

2147 1539 2240 1591 ἐπὶ
2263 1537 2362 1608 τῆς
2387 1538 2487 1608 γῆς
2519 1536 2746 1607 βαδίζων
2788 1534 2987 1605 ταύτης
3036 1533 3331 1590 ἀκούσεται
3374 1533 3475 1603 τῆς
3533 1533 3772 1602 φωνῆς’
3799 1534 3860 1586 ού

2146 1625 2256 1697 γὰρ
2277 1624 2342 1679 δι’
2371 1624 2542 1691 ὢτων,
2573 1625 2707 1677 ἀλλά
2734 1624 2826 1677 καὶ
2857 1622 2923 1676 δι’
2956 1623 3131 1692 ὅψεως
3164 1625 3242 1685 εἰς
3272 1623 3368 1694 τὴν
3396 1622 3658 1675 διάνοιαν
3694 1620 3861 1691 ἐμπί-

2148 1731 2272 1767 πτει
2303 1712 2400 1785 τὴν
2424 1712 2721 1785 ἡμετέραν.
2762 1713 2828 1765 Ἢ
2858 1711 2915 1765 δέ
2939 1711 3047 1764 τῶν
3075 1709 3370 1781 ὁρωμένων
3418 1709 3729 1780 ἀντίληψις
3763 1708 3859 1779 μία

2146 1800 2231 1864 τίς
2273 1802 2408 1860 ἐστι,
2441 1801 2531 1853 καὶ
2553 1800 2613 1852 ού
2646 1799 2920 1868 διάφορος,
2955 1798 3205 1869 καθάπερ
3232 1797 3265 1868 ἡ
3296 1796 3406 1850 τῶν
3436 1796 3744 1866 γλωσσῶνο
3779 1797 3859 1859 εἰς

2148 1887 2307 1941 τοῦτο
2332 1887 2423 1942 x01
2454 1887 2668 1958 ἰδιώτης
2691 1888 2785 1938 καὶ
2817 1885 2977 1954 σοφὸς
3009 1886 3297 1956 δυνήσεται
3322 1886 3383 1938 τὸ
3407 1885 3627 1956 βιϐλίον
3652 1885 3858 1958 ὁμοίως

2153 1977 2301 2039 ίδεῖν,
2329 1976 2424 2030 καὶ
2451 1974 2621 2045 πένης
2645 1975 2738 2026 καὶ
2772 1973 3038 2037 πλούσιος,
3074 1973 3165 2027 καὶ
3211 1974 3454 2046 ὅπουπερ
3487 1974 3560 2026 ἄν
3599 1990 3692 2037 τις
3744 1974 3857 2041 ἀφ-

2154 2063 2360 2135 ίκηται,
2397 2061 2698 2129 ἀναϐλέψαι
2728 2062 2807 2124 εἰς
2838 2060 2929 2114 τδν
2961 2061 3188 2132 οὐρανὸν
3212 2060 3489 2133 ἀρκοῦσαν
3516 2062 3764 2134 λήψεται
3779 2062 3859 2115 δι-

2149 2154 2445 2209 δασκαλίαν
2478 2153 2586 2207 ἀπὸ
2619 2153 2718 2222 τῆς
2749 2152 3015 2224 θεωρίας·
3056 2153 3191 2225 ὅπερ
3227 2154 3320 2206 καὶ
3355 2153 3524 2217 αὐτὸς
3566 2154 3596 2206 0
3634 2152 3858 2223 προφή-

2148 2257 2249 2314 της
2275 2240 2643 2310 αἰνιττόμενος
2669 2240 2761 2293 καί
2785 2240 3020 2303 δεικνὺς,
3048 2240 3129 2293 ὅτι
3161 2240 3344 2309 φωνὴν
3371 2243 3404 2311 ἡ
3431 2240 3624 2305 κτίσις
3659 2240 3856 2312 ἀφίησι

2150 2330 2245 2382 καὶ
2279 2328 2575 2400 βαρϐάροις
2597 2328 2692 2383 καὶ
2723 2326 2951 2400 Ἕλλησι
2981 2331 3077 2381 καὶ
3109 2329 3274 2381 πᾶσιν
3302 2327 3493 2392 ἀπλῶς
3532 2327 3856 2398 ἀνθρώποις

2152 2416 2501 2479 εὐσύνοπτον,
2544 2415 2717 2481 οὕτως
2746 2416 2961 2485 ἔλεγεν·
2996 2419 3117 2471 Οὐκ
3144 2417 3265 2471 εἰσί
3303 2417 3512 2471 λαῑιαί
3558 2417 3713 2471 οὐδὲ
3754 2415 3855 2471 λό-

2151 2521 2265 2574 γοι,
2291 2497 2377 2557 ὧν
2408 2502 2546 2572 οὐχὶ
2573 2504 2895 2558 ἀκούονται
2928 2508 2987 2558 al
3019 2504 3207 2573 φωναί
3248 2504 3463 2558 αὐτῶν.
3509 2505 3580 2557 Ὃ
3604 2505 3663 2558 δὲ
3708 2504 3852 2571 λέγει

2150 2591 2391 2646 τοιοῦτόν
2446 2593 2629 2645 ἐστιν·
2662 2592 2775 2645 Οὐκ
2820 2591 2964 2645 ἔστιν
3014 2592 3184 2655 ἔθνος,
3224 2591 3346 2645 ούδέ
3376 2591 3623 2661 γλῶττα,
3667 2589 3849 2663 φησὶν,

2150 2681 2185 2752 ἡ
2223 2679 2297 2752 μὴ
2338 2680 2607 2752 δυναμένη
2655 2680 2889 2734 συνιέναι
2919 2679 3019 2749 τῆς
3065 2680 3249 2751 φωνῆς
3282 2680 3484 2750 ταύτης
3507 2695 3523 2708 ·
3560 2674 3703 2734 ἀλλά
3741 2695 3851 2731 10:-

2149 2769 2306 2832 οὗτος
2343 2768 2522 2821 αὐτῶν
2553 2770 2699 2822 ἐστιν
2737 2770 2765 2822 0
2805 2769 3059 2840 φθόγγος,
3091 2768 3230 2821 ὥστε
3264 2767 3525 2823 δύνασθαι
3575 2769 3685 2823 ὑπὸ
3720 2767 3851 2820 πάν·

2149 2874 2259 2910 των
2289 2854 2592 2924 ἀνθρώπων
2619 2856 2932 2923 ἀκούεσθαι,
2969 2856 3065 2910 καὶ
3097 2857 3219 2927 οὐχὶ
3250 2856 3345 2909 τοῦ
3388 2856 3631 2929 ούρανοῦ
3672 2856 3848 2928 μόνον,

2151 2944 2287 2998 ἀλλά
2331 2944 2427 2999 καὶ
2472 2942 2574 3013 τῆς
2617 2943 2829 3015 ἡμέρας
2866 2946 2959 2997 καὶ
3005 2944 3106 3014 τῆς
3153 2944 3365 3008 νυκτός.
3414 2945 3532 2998 Καὶ
3583 2944 3705 3008 πῶς
3753 2942 3850 3013 τῆς

2151 3033 2363 3107 ἡμέρας
2391 3033 2485 3087 καὶ
2515 3034 2611 3104 τῆς
2640 3034 2865 3099 νυκτός;
2892 3025 3046 3098 οὗτος
3075 3033 3174 3105 μὲν
3200 3033 3308 3105 γὰρ
3341 3033 3435 3088 καὶ
3467 3033 3565 3087 διὰ
3587 3032 3683 3086 τοῦ
3720 3030 3847 3086 κάλ-

2150 3120 2299 3184 λους,
2333 3121 2426 3174 καὶ
2456 3120 2543 3173 διά
2570 3119 2662 3173 τοῦ
2695 3119 2979 3192 μεγέθους,
3015 3122 3109 3175 καὶ
3139 3120 3226 3174 διά
3252 3121 3361 3174 τῶν
3387 3121 3569 3176 ἄλλων
3596 3120 3848 3175 ἁπάντων

2152 3208 2444 3280 ἐκπλήττει
2495 3209 2622 3273 τοὺς
2673 3208 2907 3273 θεατὰς,
2952 3209 3044 3263 καὶ
3099 3209 3236 3281 πρὸς
3273 3208 3333 3263 τὸ
3383 3208 3576 3281 θαῦμα
3614 3208 3713 3263 τοῦ
3751 3207 3843 3278 δη-

2155 3295 2589 3366 μιουργήσαντος
2629 3295 2791 3348 αὐτὸν
2833 3295 3244 3368 παραπέμπτει,
3285 3294 3318 3367 ή
3360 3295 3419 3349 δὲ
3462 3296 3658 3367 ἡμέρα
3695 3293 3844 3363 καὶή

2152 3382 2249 3448 νὺξ
2289 3381 2345 3435 τί
2390 3382 2629 3435 τοιοῦτον
2663 3381 2728 3436 ἂν
2767 3381 2941 3453 ἔχοιεν
2971 3385 3104 3454 ἡμῖν
3142 3382 3510 3451 ἐπιδείξασθαι
3541 3400 3558 3449 ;
3596 3380 3844 3436 Τοιοῦτον

2157 3470 2256 3541 μὲν
2297 3470 2470 3533 οὐδὲν,
2511 3470 2675 3539 ἔτερα
2725 3470 2783 3524 δὲ
2820 3471 2922 3524 οὐκ
2953 3470 3210 3524 ἐλάττονα
3241 3470 3462 3537 τούτων,
3490 3470 3589 3524 10v
3623 3468 3843 3544 ῥυθμὸν,

2152 3557 2253 3625 τὴν
2273 3556 2425 3622 τάξιν
2452 3556 2552 3627 τὴν
2581 3558 2698 3627 μετ’
2724 3556 3006 3628 ἀκριϐείας
3039 3557 3278 3629 ἀπάσης.
3308 3557 3478 3611 Ὅταν
3509 3558 3630 3630 γὰρ
3668 3557 3843 3625 ἐννοή-

2157 3658 2257 3716 σῃς
2304 3642 2422 3707 πῶς
2464 3643 2555 3696 10v
2594 3643 2835 3699 ἐνιαυτὸν
2881 3644 3094 3698 ἅπαντα
3130 3643 3486 3716 διενείμαντο,
3532 3646 3635 3700 καὶ
3680 3642 3842 3696 καθά-

2155 3746 2261 3801 περ
2292 3733 2351 3785 ἐν
2388 3729 2536 3802 ζυγῷ
2564 3731 2658 3785 καὶ
2688 3732 2983 3801 πλάστιγγι
3027 3730 3119 3786 τοῦ
3161 3731 3361 3796 παντὸς
3387 3732 3759 3804 διαστήματος
3785 3728 3841 3781 10

2158 3815 2333 3887 μῆκος
2354 3816 2636 3881 διείλαντο,
2665 3816 2987 3890 ὲκπλαγήσῃ
3023 3818 3114 3872 τὸν
3150 3818 3406 3885 τάξαντα.
3432 3818 3706 3889 Καθάπερ
3736 3815 3837 3883 γάρ

2154 3921 2298 3968 τινες
2338 3904 2565 3974 ἀδελφαὶ
2594 3903 2684 3958 10v
2717 3904 2971 3977 πατρῷον
3013 3905 3427 3977 διανειμάμεναι
3462 3906 3668 3978 κλῆρον
3708 3902 3837 3975 μετά

2156 3989 2356 4061 πολλῆς
2380 3990 2481 4061 τῆς
2507 3991 2748 4064 ἀγάπης,
2778 3992 2900 4046 οὐδὲ
2923 3991 2984 4046 10
3015 3992 3177 4064 τυχὸν
3210 3993 3466 4063 ἀλλήλαις
3496 3990 3837 4065 ἐπηρεάζου-

2159 4095 2247 4133 σαι
2279 4089 2324 4119 ε·
2360 4078 2504 4133 οὕτω
2536 4079 2599 4151 δὴ
2627 4079 2722 4133 καὶ
2749 4080 2783 4151 ή
2816 4079 2999 4151 ήμὲρα
3038 4080 3135 4133 καὶ
3175 4081 3210 4152 ἡ
3255 4080 3353 4144 νὺξ
3387 4080 3526 4151 μετά
3556 4077 3836 4151 ἀκριϐείας

2159 4166 2343 4238 πάσης
2374 4165 2465 4218 10v
2506 4165 2749 4220 ἐνιαυτὸν
2779 4167 2837 4221 ἐν
2873 4166 3149 4240 ἰσομοιρία
3202 4166 3437 4238 τοσαύτῃ
3482 4167 3834 4239 διενείμαντο,

2158 4252 2254 4307 καὶ
2280 4253 2407 4318 τοὺς
2433 4254 2668 4318 οἰκείους
2692 4255 3037 4328 διατηροῦσιν
3069 4256 3250 4326 ὅρους,
3276 4256 3370 4310 καὶ
3392 4256 3654 4311 οὐδέποτε
3682 4253 3835 4326 ἑτέρα

2157 4337 2256 4410 τὴν
2293 4339 2485 4411 ἑτέραν
2522 4337 2829 4412 ὲξώθησεν·
2865 4341 3120 4395 οὐδέποτε
3158 4336 3252 4396 οὖν
3294 4343 3352 4395 ἐν
3386 4343 3617 4415 χειμῶνι
3660 4337 3837 4413 μακρά

2158 4426 2383 4496 γέγονεν
2408 4428 2442 4499 ή
2466 4427 2669 4501 ήμέρα,
2696 4428 2884 4501 ὥσπερ
2910 4429 3168 4483 οὐδέποτε
3198 4431 3257 4483 ὲν
3289 4429 3439 4501 θέρει
3469 4431 3663 4502 μακρά
3686 4427 3836 4499 γέγυ-

2158 4530 2250 4569 νεν
2282 4515 2316 4586 ή
2342 4515 2460 4582 νὺξ,
2497 4515 2767 4571 τοσούτων
2802 4515 3184 4588 παρελθουσῶν
3216 4517 3417 4587 γενεῶν
3436 4534 3452 4548 θ
3482 4517 3600 4572 ἀλλ’
3625 4519 3683 4572 ἐν
3715 4530 3833 4569 τοσ-

2160 4602 2303 4673 ούτῳ
2346 4602 2670 4674 διαστήματι
2716 4604 2812 4658 καὶ
2857 4605 3040 4676 μήκει,
3070 4604 3190 4659 οὐδὲ
3239 4601 3547 4677 ἀκαριαῖον,
3587 4607 3687 4677 οὐχ
3716 4605 3836 4674 ήμι-

2160 4688 2408 4763 ὠριον,ού
2428 4691 2591 4764 ῥιπήν
2604 4691 2923 4764 όφθαλμοῦἠ
2938 4692 3025 4748 ἐτέ
3033 4710 3098 4765 ρα
3113 4692 3208 4765 τὴν
3223 4693 3415 4765 ἑτέραν
3429 4694 3827 4759 ἐπλεονέκτησε.

2230 4786 2299 4850 γ’.
2319 4778 2418 4833 Διά
2441 4778 2613 4833 ταῦτα
2631 4780 2725 4833 καὶ
2741 4781 2770 4834 0
2786 4778 3075 4852 ψαλμῳδδς
3095 4780 3389 4851 ἐκπλαγεὶς
3404 4782 3584 4836 αὐτῶν
3601 4782 3700 4853 τὴν
3731 4775 3832 4832 ίσό-

2161 4883 2321 4938 τητα,
2356 4866 2485 4920 ἐϐόα
2525 4866 2697 4936 λέγων
2718 4883 2732 4897 ·
2792 4867 2923 4933 Νὺξ
2974 4869 3149 4923 νυκτὶ
3195 4869 3554 4940 ἀναγγέλλει
3597 4868 3827 4941 γνῶσιν.

2168 4956 2266 5009 “Av
2289 4954 2464 5010 ταῦτα
2489 4955 2637 5026 εἰδῇς
2669 4954 3000 5026 φιλοσοφεῖν,
3042 4955 3346 5026 θαυμάσεις
3385 4956 3478 5010 τὸν
3520 4957 3660 5012 οὕτω
3689 4949 3832 5025 παρά

2162 5043 2261 5116 τὴν
2281 5042 2453 5115 ἀρχὴν
2473 5042 2709 5107 τάξαντα
2731 5043 2857 5107 τοὺς
2877 5043 3170 5114 ἀκινήτους
3195 5043 3416 5108 τούτους
3438 5045 3614 5118 ὄρους.
3633 5037 3831 5097 ’Δκουέ-

2162 5148 2345 5186 τωσαν
2374 5130 2577 5186 τούτων
2605 5131 2655 5184 οἱ
2696 5130 3016 5201 πλεονέκται
3052 5131 3147 5185 καὶ
3174 5130 3280 5186 τῶν
3308 5131 3603 5204 ἀλλοτρίων
3626 5128 3829 5198 ἐφιέμε-

2164 5237 2245 5274 νοι
2272 5219 2594 5292 χρημάτων,
2624 5220 2719 5273 καὶ
2749 5218 3125 5292 μιμείσθωσαν
3147 5218 3360 5291 ἡμέρας
3392 5220 3485 5274 καὶ
3531 5218 3715 5281 νυκτὸς
3739 5213 3828 5284 τὴν

2168 5311 2417 5381 ἰσότηταο
2443 5310 2788 5364 ἀκουέτωσαν
2814 5310 2863 5364 οἰ
2890 5308 3297 5380 πεφυσιωμένοι
3333 5308 3353 5348 τ
3387 5310 3480 5363 καὶ
3509 5308 3827 5381 μεγαλοφρο-

2166 5399 2403 5465 νοῦντες,
2432 5399 2527 5451 καὶ
2553 5398 2627 5471 μὴ
2649 5398 2964 5470 βουλόμενοι
2983 5396 3090 5452 τῶν
3117 5397 3400 5469 πρωτείων
3433 5397 3639 5468 ἑτέροις
3667 5406 3828 5463 παρα-

2165 5488 2380 5560 χωρεῖν.
2415 5485 2484 5540 Ἦ
2513 5485 2698 5557 ἡμέρα
2724 5486 2791 5557 τῇ
2824 5483 2980 5538 νυκτὶ
3013 5483 3351 5554 παραχωρεῖ,
3378 5484 3475 5537 καὶ
3508 5484 3606 5537 οὐκ
3633 5473 3826 5533 ἐπιϐαί-

2163 5590 2245 5628 νει
2291 5573 2405 5636 τοῖς
2449 5572 2750 5646 ἀλλοτρίοις
2792 5572 2978 5643 ὄροις’
3012 5570 3076 5625 σὺ
3124 5570 3182 5625 δὲ
3221 5570 3308 5624 ἀεὶ
3357 5569 3523 5642 τιμῆς
3560 5562 3826 5646 ἀπολαύων

2162 5659 2265 5714 οὐκ
2293 5658 2463 5734 ἀνέχῃ
2490 5650 2603 5723 τοῖς
2617 5643 2872 5729 ἀδελφοῖς
2899 5655 3220 5729 μεταδοῦναι
3252 5655 3488 5727 ταύτης;
3516 5655 3623 5710 Καὶ
3645 5643 3820 5701 σκόπει

2230 5858 2253 5887 ο
2289 5852 2439 5905 Savil.
2466 5857 2520 5904 et
2539 5851 2736 5915 quidam
2758 5863 2876 5901 mss.
2897 5849 3134 5915 ἐπαίδευε.

2225 5917 2254 5960 (1
2287 5919 2384 5981 Alii
2405 5930 2503 5981 non
2522 5914 2663 5981 pangi
2683 5914 3094 5981 ἀποστερηθέντες.

2232 5985 2255 6014 ⁸
2283 5980 2433 6031 Savil.
2463 5977 2818 6042 ἐπηρεάζουσιν.

2226 6043 2255 6091 ,τ
2278 6042 2379 6099 ,ιω
2401 6043 2446 6092 οι
2465 6039 2816 6106 mbo-nm“,
