4068 6436
267 392 353 447 105

264 522 322 559 na
350 522 362 556 :
392 514 586 570 vosque
616 511 711 552 nos
751 495 1005 551 attentius
1040 492 1268 549 audietis
1289 534 1303 556 ,
1339 491 1570 547 scientes
1598 488 1664 544 ad
1694 487 1826 541 alios

262 597 397 650 vobis
426 595 539 649 haec
566 591 763 648 referre
795 589 1153 645 necessarium
1183 602 1322 641 esse.
1369 583 1440 640 Ut
1474 583 1633 654 igitur
1658 582 1829 637 mani-

262 690 427 747 testior
444 689 598 742 nobis
617 686 786 741 oratio
810 686 922 752 tiat,
944 698 977 739 a
1000 680 1366 753 superioribus
1390 679 1557 749 ipsam
1582 687 1830 745 repeten-

262 795 333 841 tes
355 782 607 838 dicamus.
1821 760 1833 789 ί

321 874 418 931 Cur
458 871 729 943 Scriptura
767 886 869 925 non
909 878 1131 939 tempore
1172 865 1338 920 Adam
1384 876 1544 933 neque
1589 859 1705 914 Noe
1750 857 1829 910 vel

258 968 457 1025 Abrahae
480 967 602 1020 data
640 966 724 1018 sit.
750 992 825 1005 -—
848 962 1028 1032 Nuper
1064 960 1244 1029 itaque
1280 956 1652 1028 quaerebamus
1675 994 1693 1020 ,
1721 968 1823 1022 qua

257 1060 315 1115 de
349 1072 497 1112 causa
525 1064 649 1127 post
692 1063 769 1109 tot
809 1068 979 1108 annos
1007 1052 1164 1107 edita:
1192 1059 1317 1105 sunt
1343 1048 1632 1118 Scriptura:
1669 1064 1684 1100 :
1716 1061 1822 1099 non

256 1150 380 1205 enim
402 1147 566 1203 Adam
595 1161 769 1216 neque
799 1144 910 1201 Noe
937 1151 995 1200 et
1018 1141 1287 1198 Abraham
1310 1150 1572 1209 tempore,
1598 1136 1692 1193 sed
1715 1136 1825 1191 Mo-

255 1242 321 1296 sis
340 1283 354 1307 ,
384 1240 514 1295 liber
542 1238 630 1293 hic
656 1237 881 1293 traditus
907 1244 1023 1301 est;
1050 1246 1105 1291 et
1133 1235 1330 1289 multos
1354 1232 1513 1287 audio
1539 1232 1779 1286 dicentes
1805 1270 1821 1297 ,

256 1332 380 1403 quod
408 1330 455 1384 si
488 1330 632 1385 utilis
659 1338 776 1385 erat
796 1369 814 1396 ,
844 1329 914 1385 ab
951 1328 1100 1383 initio
1127 1325 1308 1381 datum
1336 1339 1459 1381 esse
1485 1322 1762 1393 oportebat
1806 1336 1821 1372 :

256 1425 295 1479 si
319 1438 436 1478 vero
460 1421 661 1476 inutilis
684 1428 820 1487 erat,
842 1435 1016 1491 neque
1038 1428 1224 1491 postea
1247 1417 1527 1489 oportebat
1549 1415 1688 1471 dari.
1714 1412 1820 1470 Sed

253 1528 369 1568 rana
396 1513 507 1567 btec
530 1511 895 1571 ratiocinatio;
916 1527 1023 1566 non
1036 1509 1182 1566 enim
1197 1508 1443 1573 omnino,
1459 1508 1505 1563 si
1523 1506 1652 1576 quid
1672 1513 1819 1575 post-

255 1618 308 1657 ea
344 1602 467 1656 utile
524 1609 610 1657 est
650 1599 882 1655 futurum
907 1635 925 1662 ,
954 1597 1024 1654 ab
1062 1599 1214 1653 initio
1244 1599 1377 1653 tradi
1409 1598 1570 1654 debet
1599 1616 1612 1652 :
1646 1614 1821 1667 neque

252 1690 290 1743 si
315 1687 431 1757 quid
471 1704 502 1743 a
541 1689 808 1759 principio
836 1688 1017 1744 datum
1043 1697 1127 1745 est
1148 1730 1165 1753 ,
1196 1688 1300 1744 hoc
1333 1688 1554 1744 omnino
1579 1689 1737 1744 debet
1768 1699 1823 1744 et

253 1789 414 1850 postea
444 1794 681 1836 manere.
709 1779 971 1847 Quoniam
993 1790 1050 1836 et
1075 1780 1159 1836 lac
1177 1779 1328 1847 utile,
1354 1795 1455 1836 nec
1480 1790 1657 1834 tamen
1680 1794 1821 1834 sem-

250 1886 368 1940 per,
397 1871 487 1926 sed
526 1872 709 1942 pueris
747 1881 949 1928 tantum
977 1873 1133 1928 nobis
1159 1873 1317 1928 datur
1342 1891 1356 1928 :
1386 1883 1442 1929 et
1466 1874 1693 1929 solidum
1723 1891 1823 1928 nu-

251 1964 532 2018 trimentum
560 1964 695 2019 utile
716 2004 735 2031 ,
767 1964 860 2019 sed
895 1979 1056 2020 nemo
1081 1966 1235 2020 nobis
1265 1965 1439 2035 ipsum
1471 1965 1522 2020 in
1559 1966 1820 2037 principio

251 2058 410 2123 tradit,
432 2057 522 2112 sed
546 2067 830 2128 postquam
855 2058 1108 2127 puerilem
1130 2057 1388 2114 fuerimus
1410 2068 1624 2115 aetatem
1645 2073 1820 2130 egres-

246 2153 305 2206 si.
333 2153 549 2206 Rursum
583 2162 746 2207 aestas
773 2152 919 2207 utilis
938 2194 954 2218 ,
983 2153 1076 2208 sed
1102 2169 1206 2207 non
1234 2169 1447 2223 semper
1469 2161 1692 2223 apparet
1720 2171 1736 2208 :
1765 2164 1820 2209 et

250 2242 414 2314 byems
438 2242 719 2299 commoda
738 2284 757 2309 ,
786 2243 882 2298 sed
907 2253 962 2299 et
987 2242 1104 2299 haec
1129 2245 1339 2299 transit.
1364 2244 1500 2313 Quid
1526 2246 1706 2315 igitur,
1735 2245 1819 2301 di-

250 2344 321 2388 cet
333 2335 531 2405 aliquis,
552 2336 844 2406 Scriptura:
858 2352 965 2391 non
986 2347 1111 2391 sunt
1128 2337 1317 2392 utiles?
1339 2338 1649 2395 Utilissimtn
1663 2353 1814 2406 sane,

250 2434 296 2481 et
318 2425 595 2482 admodum
623 2429 961 2482 necessaria}.
1001 2426 1071 2483 Et
1097 2429 1140 2483 si
1167 2428 1357 2491 utiles,
1385 2429 1592 2498 inquit,
1619 2446 1722 2500 qua
1747 2429 1818 2486 de

246 2532 385 2571 causa
414 2534 514 2573 non
545 2528 674 2573 sunt
701 2519 909 2575 tradita:
934 2521 1089 2575 nobis
1112 2522 1181 2576 ab
1209 2521 1398 2576 initio?
1423 2522 1558 2589 Quia
1586 2538 1692 2577 non
1721 2539 1817 2591 per

246 2608 447 2673 litteras,
474 2611 567 2666 sed
602 2627 697 2681 per
723 2627 808 2666 res
839 2611 976 2666 Deus
1006 2622 1249 2667 naturam
1279 2613 1565 2669 humanam
1620 2615 1814 2673 docere

245 2703 450 2757 volebat.
481 2704 622 2770 Quid
655 2705 867 2759 tandem
899 2713 984 2760 est
1005 2746 1021 2771 ,
1052 2720 1146 2775 per
1173 2707 1300 2761 res?
1336 2707 1439 2761 Per
1468 2708 1636 2778 ipsam
1662 2722 1813 2764 crea-

246 2802 417 2848 turam.
450 2794 501 2848 lu
532 2795 676 2851 hanc
706 2796 848 2851 enim
875 2796 1462 2853 sentcntiamincidens
1482 2799 1809 2869 Apostolus,

243 2896 290 2938 et
323 2888 370 2940 in
398 2888 622 2957 gentiles
646 2888 927 2942 intendens
947 2930 962 2955 ,
992 2889 1233 2943 dicentes
1256 2931 1272 2952 ,
1302 2888 1420 2943 Non
1445 2889 1513 2942 ab
1537 2888 1687 2942 initio
1715 2887 1808 2942 Dei

242 2980 579 3047 cognitionem
616 2993 681 3034 ex
710 2977 1000 3050 Scripturis
1028 2979 1353 3045 didicimus;
1386 2979 1507 3034 vide
1543 2978 1812 3049 quomodo

244 3072 510 3139 respondit.
539 3074 677 3127 Cum
706 3072 849 3126 enim
876 3072 1132 3139 dixisset,
1168 3069 1493 3126 Revelabitur
1519 3071 1598 3124 ira
1623 3069 1722 3124 Dei
1747 3072 1812 3124 de

242 3165 353 3215 aeto
381 3180 528 3234 super
568 3179 769 3218 omnem
797 3163 1105 3231 impietatem
1137 3172 1184 3217 et
1223 3163 1526 3234 iniustitiam
1550 3162 1812 3216 hominum

243 3272 412 3320 eorum,
440 3258 524 3324 qui
552 3259 811 3314 veritatem
833 3258 932 3313 Dei
957 3257 1010 3311 in
1032 3257 1284 3328 injustitia
1308 3256 1530 3311 detinent
1554 3256 1730 3327 (liam.
1756 3256 1808 3309 1.

246 3348 341 3421 t8),
365 3359 416 3405 et
440 3351 665 3409 vidisset
684 3352 1038 3421 objectionem
1061 3350 1160 3406 sibi
1183 3358 1576 3415 occurrentem,
1599 3358 1655 3407 et
1677 3350 1813 3404 mul-

246 3447 316 3496 tos
348 3454 523 3498 contra
566 3453 902 3514 quazrentes,
944 3444 1083 3500 unde
1118 3445 1349 3515 gentiles
1396 3444 1489 3500 Dei
1529 3444 1810 3500 veritatem

247 3539 614 3606 cognovissent,
638 3538 815 3593 intulit
838 3539 1025 3594 dicens
1046 3557 1062 3593 :
1089 3538 1223 3607 Quia
1241 3539 1376 3609 quod
1400 3548 1574 3593 notam
1597 3550 1670 3592 est
1696 3538 1808 3605 Dei,

245 3627 537 3696 manifestum
568 3638 643 3683 est
668 3628 720 3682 in
748 3630 853 3684 illis
877 3627 1063 3703 (1b.v.
1095 3629 1207 3699 i9).
1240 3628 1312 3683 Et.
1339 3629 1606 3699 quomodo
1633 3630 1809 3684 mani-

243 3714 413 3772 festum
438 3730 519 3774 est
547 3721 607 3774 in
644 3720 786 3775 illis?
811 3722 1080 3792 quomodo
1105 3738 1233 3778 vero
1274 3724 1441 3778 Deum
1468 3738 1628 3778 nosse
1659 3734 1812 3793 pote-

244 3804 380 3856 rant?
404 3806 520 3873 quis
544 3806 818 3860 ostendit?
842 3805 947 3861 dic.
967 3805 1107 3861 Deus
1135 3809 1266 3862 enim
1291 3808 1749 3880 illismanifestauit
1766 3811 1809 3873 ⁸,

243 3894 409 3966 inquit.
441 3900 560 3968 Quo
611 3898 801 3968 pacto?
827 3915 985 3971 quem
1014 3901 1331 3973 prephetam
1382 3903 1620 3970 mittens,
1649 3918 1809 3974 quem

242 3991 601 4059 evangelistam
624 3993 648 4045 ’ἐ
675 4007 833 4061 quem
863 3992 1162 4059 doctorem,
1192 3993 1238 4047 si
1262 3994 1552 4064 Scripturae
1574 3994 1809 4048 nondum

243 4081 412 4134 erant?
440 4081 728 4137 lntn'sibilia
744 4084 876 4138 enim
901 4086 1081 4154 ipsius,
1112 4087 1301 4157 inquit,
1328 4103 1360 4140 rt
1383 4095 1615 4140 creatura
1636 4085 1813 4139 mandi

242 4186 320 4235 per
338 4188 393 4225 ea
415 4190 526 4246 quia
553 4174 691 4243 facta
718 4187 835 4229 sunt
853 4217 868 4242 ,
898 4177 1154 4232 intellecta
1179 4179 1559 4251 conspiciuntur
1577 4220 1593 4244 ,
1621 4179 1811 4248 sempi-

242 4270 458 4335 ternaque
479 4269 641 4322 uirtus
661 4268 769 4341 ejus
788 4279 835 4323 et
855 4269 1095 4324 diuinitas
1113 4269 1218 4343 (Ib.
1240 4286 1288 4324 υ.
1319 4270 1430 4341 20).
1456 4270 1607 4338 Quod
1634 4283 1812 4327 autem

241 4355 385 4425 dicit,
414 4361 520 4417 tale
562 4370 646 4417 est
675 4378 690 4417 :
724 4363 864 4418 Ante
906 4363 1143 4418 omnium
1189 4363 1376 4419 oculos
1415 4372 1717 4420 creaturam
1757 4364 1814 4419 in

242 4450 401 4505 medio
448 4437 757 4522 proposuit,
801 4465 962 4517 ut,ex
1009 4455 1261 4524 Operibus
1295 4468 1592 4511 creatorem
1638 4456 1812 4525 conji-

241 4540 400 4599 ciant:
425 4547 569 4615 quod
595 4545 809 4616 quidem
838 4556 893 4602 et
921 4547 1058 4603 alius
1082 4548 1292 4604 diccbat
1317 4566 1330 4602 :
1363 4548 1444 4605 Ea:
1467 4549 1815 4619 magnitudine

242 4636 360 4689 enim
404 4648 452 4693 et
497 4639 878 4709 pulchritudine
925 4650 1273 4695 creaturarum
1319 4639 1818 4711 proportionabiliter

241 4728 450 4796 ipsarum
480 4740 662 4785 auctor
686 4731 1039 4786 consideratur
1066 4732 1225 4803 (Sap.
1258 4735 1345 4789 15.
1376 4732 1454 4804 5).
1489 4732 1678 4788 Vidisti
1701 4749 1817 4788 ma—

242 4820 594 4886 gnitudinem?
617 4826 897 4881 considera
924 4828 1214 4896 potentiam
1242 4826 1547 4883 Conditoris
1572 4843 1694 4883 cum
1720 4829 1817 4885 ad-

242 4912 526 4972 miratione.
566 4915 757 4973 Vidisti
792 4918 1284 4988 pulchritudinem?
1310 4920 1625 4989 sapientiam
1653 4936 1816 4977 exor-

245 5005 428 5059 natoris
464 5008 825 5077 obstupesce,
871 5010 1013 5080 quod
1059 5019 1118 5067 et
1138 5008 1400 5081 Pr0pheta
1439 5012 1816 5072 demonstrans

245 5095 437 5155 dicebat
467 5119 483 5156 :
510 5100 636 5159 Caeli
681 5114 921 5159 enarrant
957 5103 1176 5176 gloriam
1214 5104 1315 5159 Dei
1358 5105 1378 5177 (
1404 5105 1550 5161 Psal.
1596 5109 1682 5163 18.
1718 5110 1815 5179 2).

244 5188 506 5257 Quomodo
529 5197 709 5268 igitur,
735 5213 947 5269 quzcso,
975 5200 1228 5253 narrant?
1255 5215 1439 5256 vocem
1466 5218 1569 5255 non
1596 5200 1813 5267 habent,

246 5297 299 5336 os
320 5301 422 5341 non
450 5289 752 5359 possident,
788 5305 892 5346 non
919 5301 1001 5347 est
1027 5292 1158 5360 ipsis
1183 5292 1358 5361 lingua
1390 5310 1403 5345 :
1428 5293 1696 5362 quomodo
1722 5294 1820 5364 igi-

247 5380 322 5427 tur
347 5380 596 5434 narrant?
627 5381 729 5435 Per
756 5381 927 5450 ipsum
957 5391 1252 5451 aspectum.
1284 5383 1420 5438 Cum
1447 5384 1589 5439 enim
1620 5383 1819 5439 videris

249 5466 701 5538 pulchritudinem,
727 5474 1166 5545 magnitudinem,
1197 5474 1593 5542 celsitudinem,
1626 5478 1813 5541 situm,

251 5555 458 5616 ianuam
497 5579 588 5632 per
629 5576 830 5621 tantum
874 5568 1130 5639 temporis
1162 5584 1479 5639 permanere
1501 5611 1516 5633 ,
1548 5580 1818 5640 tamquam

254 5662 419 5708 Vocem
445 5655 688 5725 audiens,
717 5666 773 5713 ct
798 5674 894 5729 per
917 5669 1193 5730 aspectum
1223 5660 1411 5716 dicens
1429 5703 1445 5728 ,
1472 5662 1664 5719 adoras
1692 5677 1818 5737 cum

309 5830 323 5865 ³
348 5838 452 5885 Sor.
482 5845 531 5888 et
551 5837 745 5897 quidam
762 5836 843 5888 alii
868 5853 883 5889 :
910 5848 1042 5892 Deus
1062 5846 1190 5896 enim
1210 5839 1310 5893 illis
1323 5836 1622 5891 monstravit.

532 5928 803 5993 PATROL.
851 5935 968 5995 Gn.
1016 5935 1243 5995 XLIX.

1212 379 1305 433 AD
1344 372 1664 433 POPULUM
1702 369 2191 428 ANTIOCIIENUM
2255 374 2481 430 llOillL.
2526 374 2611 430 1X.

3422 380 3524 436 N36

1938 485 2027 556 qui
2052 495 2157 541 tam
2178 488 2458 558 pulchrum
2484 498 2536 544 ct
2555 490 2868 546 admirabile
2892 507 3085 561 corpus
3110 494 3330 549 creavit.
3360 495 3526 552 Tacet

1932 576 2158 644 coelum,
2202 579 2298 633 sed
2340 579 2505 650 ipsius
2548 592 2793 652 aspectus
2835 597 3020 639 vocem
3069 584 3192 639 tuba
3239 587 3523 645 clariorem

1932 668 2128 722 emittit
2150 711 2166 733 ,
2192 683 2292 739 per
2316 668 2501 725 oculos
2526 712 2541 735 ,
2573 688 2679 726 non
2719 688 2812 740 per
2846 689 3006 729 aures
3034 689 3130 730 nos
3158 675 3358 734 docens
3388 697 3402 733 :
3439 679 3527 736 hic

1931 760 2075 813 enim
2106 774 2299 816 sensus
2336 776 2367 815 a
2412 772 2598 816 natura
2624 774 2708 818 est
2736 763 2831 820 illo
2858 767 3057 821 certior
3082 778 3137 821 et
3164 770 3522 827 manifestior.

1930 850 1984 903 Si
2010 857 2153 905 enim
2178 867 2274 921 per
2297 853 2461 908 libros
2480 855 2753 912 docuisset
2775 867 2831 913 et
2857 857 3378 925 litteras,litterarum
3403 866 3524 934 qui-

1929 942 2051 997 dem
2089 945 2291 1015 peritus
2324 947 2522 1017 scripta
2564 947 3171 1017 didicisset.illittcratus
3216 972 3345 1011 vero
3389 958 3522 1014 nihil

1932 1036 2055 1093 inde
2083 1039 2296 1108 adjutus
2329 1041 2546 1096 abiisset
2570 1085 2586 1110 ,
2619 1044 2664 1098 si
2702 1045 2823 1115 quis
2862 1047 2999 1102 alius
3037 1063 3144 1103 non
3174 1049 3471 1108 induxisset
3503 1096 3520 1109 .

1926 1130 2079 1184 dives
2116 1131 2309 1186 librum
2339 1134 2592 1198 emisset,
2627 1152 2832 1207 pauper
2857 1154 3037 1195 emere
3078 1157 3182 1196 non
3214 1144 3517 1212 potuisset:

1929 1237 2141 1277 rursum
2168 1224 2259 1294 qui
2280 1225 2443 1280 sciret
2455 1242 2642 1284 vocem
2657 1232 2801 1285 illam
2817 1245 2911 1299 per
2923 1231 3127 1291 litteras
3143 1234 3517 1306 significatam,

1927 1310 2072 1366 intus
2093 1314 2262 1381 posita
2283 1325 2501 1382 nosset;
2526 1314 2724 1390 Scytha
2747 1334 2878 1374 vero
2903 1329 2957 1377 et
2976 1320 3261 1389 Barbarus,
3285 1336 3338 1381 et
3356 1325 3519 1383 Indus

1927 1412 1982 1458 et
2009 1403 2313 1478 Egyptius,
2343 1420 2396 1463 ct
2419 1425 2606 1467 omnes
2629 1412 2808 1485 lingua
2831 1425 3074 1472 carentes
3099 1417 3210 1482 illa,
3234 1419 3366 1476 nihil
3390 1423 3522 1478 edo-

1925 1496 1995 1550 cti
2023 1498 2300 1554 abiissent.
2326 1500 2441 1556 Hoc
2461 1512 2640 1558 autem
2667 1504 2735 1560 de
2756 1507 2891 1563 cmlo
2915 1508 3093 1565 dicere
3118 1527 3225 1566 non
3250 1512 3395 1581 licet,
3422 1517 3517 1571 sed

1925 1596 1981 1642 ct
2000 1587 2197 1660 Scytha
2219 1598 2271 1644 et
2293 1591 2574 1657 Barbarus,
2599 1604 2653 1650 et
2678 1593 2840 1653 Indus
2859 1607 2914 1652 et
2934 1598 3240 1672 Egyptius,
3265 1614 3319 1659 et
3340 1606 3520 1660 omnis

1927 1680 2088 1735 homo
2132 1696 2297 1752 super
2326 1694 2520 1739 terram
2562 1687 2854 1757 incedens,
2886 1690 3026 1746 hanc
3063 1709 3251 1749 vocem
3290 1696 3515 1752 audiet:

1925 1788 2031 1827 non
2057 1775 2202 1829 enim
2234 1791 2329 1844 per
2354 1792 2513 1833 aures
2535 1821 2550 1843 ,
2580 1779 2675 1836 sed
2707 1796 2804 1850 per
2830 1783 3017 1839 oculos
3044 1784 3101 1840 in
3124 1797 3358 1843 mentem
3384 1788 3521 1845 inci-

1923 1862 2002 1918 dit
2022 1875 2286 1923 nostram.
2308 1868 2607 1925 Visibilium
2629 1882 2806 1928 autem
2832 1875 3169 1945 participatio
3190 1878 3377 1934 eadem
3403 1891 3515 1945 est,

1925 1971 2098 2028 neque
2135 1958 2389 2016 diﬂ‘erens
2414 1961 2554 2017 sicut
2592 1963 2891 2035 linguarum
2923 1985 2939 2022 :
2971 1967 3023 2021 in
3054 1967 3198 2024 hunc
3224 1971 3424 2040 pariter
3447 1973 3515 2027 li—

1924 2046 2080 2102 brum
2109 2057 2163 2104 et
2187 2049 2350 2106 idiota
2373 2061 2429 2108 et
2452 2054 2668 2124 sapiens
2691 2056 2884 2112 intueri
2913 2068 3196 2129 poterunt,
3228 2071 3284 2117 et
3310 2077 3519 2134 pauper

1921 2150 1977 2197 et
2001 2142 2172 2209 dives,
2201 2156 2256 2200 et
2283 2161 2618 2219 quocumque
2644 2150 2762 2218 quis
2787 2153 3016 2220 venerit,
3045 2153 3098 2209 iu
3123 2153 3314 2214 omium
3344 2159 3518 2228 respi-

1920 2233 2110 2300 ciens,
2161 2234 2513 2293 suflicientem
2557 2241 2729 2310 capiet
2775 2240 3073 2298 doctrinam
3120 2260 3188 2299 ex
3244 2255 3510 2316 aspectu:

1919 2324 2060 2394 quod
2080 2328 2359 2399 quidemet
2376 2330 2490 2402 ipse
2504 2330 2768 2406 Propheta
2791 2334 3020 2389 innuens
3036 2346 3087 2390 et
3107 2335 3509 2408 demonstrans,

1919 2417 2060 2487 quod
2090 2433 2277 2474 vocem
2316 2430 2561 2477 creatura
2590 2432 2644 2478 et
2674 2423 2914 2480 barbaris
2940 2429 3148 2484 emittat
3177 2439 3231 2484 et
3268 2430 3471 2489 Graecis
3494 2475 3511 2500 ,

1919 2519 1973 2564 et
1992 2512 2308 2567 omnibusin
2328 2514 2632 2569 universum
2657 2515 2963 2573 hominibus
2985 2520 3253 2577 intellectu
3278 2523 3508 2590 facilem,

1917 2604 2130 2660 dicebat
2168 2624 2181 2661 :
2216 2606 2337 2662 Non
2376 2618 2492 2662 sunt
2530 2610 2742 2676 loquela
2779 2629 2936 2682 neque
2972 2631 3257 2683 sermones,
3298 2636 3514 2689 quorum

1918 2712 2019 2751 non
2047 2699 2321 2753 audiantur
2347 2716 2488 2754 voces
2514 2717 2685 2755 eorum
2712 2703 2887 2772 (Psal.
2920 2707 3009 2761 18.
3037 2706 3115 2778 4).
3144 2708 3296 2775 Quod
3327 2721 3510 2767 autent

1916 2789 2065 2858 dicit,
2097 2792 2202 2847 tale
2230 2803 2315 2846 est
2345 2811 2359 2848 :
2389 2792 2506 2848 Non
2540 2804 2622 2849 est
2648 2811 2782 2865 gens
2810 2812 2986 2868 neque
3017 2799 3195 2871 lingua
3224 2818 3343 2871 qtne
3374 2803 3514 2859 hanc

1914 2895 2104 2936 vocem
2150 2884 2448 2956 intelligere
2493 2903 2599 2943 non
2632 2890 2831 2958 possit;
2865 2891 2962 2946 sed
2994 2893 3114 2947 talis
3148 2904 3231 2949 est
3270 2895 3509 2965 ipsorum

1914 2986 2038 3037 vox,
2067 2982 2124 3027 ut
2149 2973 2217 3029 ab
2242 2977 2491 3034 omnibus
2515 2979 2818 3037 hominibus
2844 2985 3017 3040 audiri
3041 2988 3206 3054 possit
3232 3005 3244 3040 :
3269 3004 3369 3043 nec
3393 2990 3510 3045 εωιί

1916 3071 2166 3130 tantum,
2200 3067 2295 3121 sed
2333 3076 2388 3122 et
2423 3070 2528 3126 diei
2563 3080 2619 3126 et
2658 3075 2850 3129 noetis.
2898 3075 2967 3130 Et
3004 3079 3272 3145 quomodo
3310 3079 3415 3135 diei
3459 3094 3513 3138 et

1917 3155 2128 3210 noctis?
2157 3157 2288 3213 illud
2314 3161 2455 3215 enim
2483 3172 2538 3218 et
2563 3180 2661 3234 per
2688 3167 3166 3236 pulchritudinem,
3194 3183 3253 3228 et
3277 3189 3372 3243 per
3397 3191 3510 3228 ma-

1914 3247 2244 3315 gnitudinem
2270 3291 2285 3312 ,
2315 3260 2371 3307 et
2401 3269 2498 3323 per
2525 3255 2628 3311 alia
2659 3260 2840 3314 omnia
2866 3272 3194 3331 spectatores
3225 3268 3466 3335 percellit
3492 3311 3508 3332 ,

1916 3350 1970 3394 et
2014 3341 2066 3395 in
2110 3342 2275 3413 ipsius
2309 3345 2583 3403 Creatoris
2624 3348 3037 3410 admirationem
3085 3357 3347 3426 traducit;
3392 3358 3511 3415 dies

1915 3448 2045 3490 vero
2066 3445 2121 3490 et
2146 3453 2249 3490 uox
2279 3438 2405 3509 quid
2433 3442 2588 3496 nobis
2617 3452 2888 3500 Ostentare
2918 3448 3172 3516 possent?
3196 3450 3510 3525 llujusmodi

1915 3526 2129 3596 quidem
2159 3528 2316 3597 nihil,
2345 3531 2442 3587 sed
2472 3532 2573 3588 alia
2603 3534 2688 3588 his
2715 3552 2819 3590 non
2853 3537 3103 3594 inferiora
3139 3558 3153 3594 :
3184 3544 3512 3598 convenien-

1916 3618 2044 3673 tiam
2070 3661 2087 3684 ,
2115 3620 2358 3676 ordinem
2388 3639 2509 3678 cum
2548 3627 2695 3681 omni
2735 3627 3006 3700 diligentia
3044 3642 3335 3690 servatum.
3374 3636 3511 3694 Cum

1915 3711 2061 3765 enim
2096 3714 2414 3783 cogitaveris
2438 3756 2455 3782 ,
2484 3720 2753 3787 quomodo
2783 3732 2950 3777 totum
2984 3741 3079 3793 per
3101 3743 3298 3783 annum
3328 3728 3513 3786 distri-

1919 3803 2180 3869 buuntur,
2209 3816 2263 3862 et
2294 3816 2560 3877 tamquam
2592 3809 2646 3867 in
2678 3802 2813 3865 libra
2843 3823 2898 3868 et
2927 3815 3135 3872 bilance
3161 3819 3322 3874 totius
3350 3822 3510 3890 spatii

1917 3893 2300 3964 longitudinem
2340 3896 2637 3955 diviserunt
2672 3918 2685 3954 :
2727 3918 2851 3958 eum
2891 3907 2983 3975 qui
3028 3909 3294 3964 ordinavit
3335 3912 3511 3967 admi-

1918 3985 2145 4039 raberis.
2175 3986 2337 4041 Velut
2365 3988 2508 4044 enim
2552 4007 2774 4049 sorores
2808 3995 3051 4066 quaedam
3095 4007 3371 4069 paternam
3394 4015 3502 4056 ιιω-

1916 4078 2199 4133 reditatem
2214 4081 2418 4148 partitae
2429 4098 2550 4136 eum
2563 4084 2824 4140 charitate
2838 4086 3019 4149 multa,
3033 4088 3357 4145 nullomodo
3370 4089 3510 4146 inter

1917 4187 1977 4227 se
1995 4171 2406 4239 calumniantes,
2436 4173 2517 4229 sic
2540 4181 2596 4228 et
2617 4173 2734 4228 dies
2759 4184 2815 4229 et
2839 4191 2942 4230 nox
2969 4193 3090 4231 cum
3112 4183 3257 4235 omni
3279 4181 3507 4254 diligen-

1921 4267 1990 4321 tia
2030 4282 2230 4322 annum
2260 4269 2563 4339 atqualitate
2598 4276 2742 4323 tanta
2772 4268 3135 4339 distribuunt,
3163 4283 3216 4328 et
3258 4277 3503 4345 preprios

1917 4371 2236 4416 conservant
2263 4360 2397 4417 lines
2422 4403 2436 4425 ,
2468 4375 2572 4417 nec
2602 4376 2852 4431 umquam
2884 4362 3106 4417 alteram
3137 4362 3303 4420 altera
3334 4368 3503 4436 pellit.

1918 4453 2215 4520 Numquam
2240 4452 2398 4522 igitur
2435 4450 2613 4507 hieme
2635 4452 2751 4507 dies
2778 4452 2874 4506 fuit
2898 4452 3075 4523 longa,
3105 4454 3240 4511 sicut
3264 4473 3367 4513 nec
3391 4476 3507 4514 um-

1918 4559 2077 4616 quam
2104 4553 2289 4600 azstate
2316 4544 2472 4614 longa
2500 4544 2598 4599 fuit
2626 4560 2751 4609 nox.
2782 4553 2862 4600 tot
2891 4546 3177 4616 praeteritis
3203 4552 3505 4619 generatio-

1921 4640 2077 4695 nibus
2099 4682 2116 4707 ,
2148 4639 2244 4695 sed
2273 4638 2324 4693 in
2354 4638 2547 4694 eodem
2585 4639 2863 4695 intervallo
2894 4649 2948 4694 et
2975 4640 3308 4711 longitudine
3335 4658 3509 4714 neque

1920 4729 2188 4785 tnodicum
2213 4746 2310 4784 nec
2331 4729 2606 4785 dimidiam
2629 4731 2812 4786 horam
2837 4746 2937 4787 nec
2955 4733 3096 4787 oculi
3117 4734 3318 4789 uictum
3342 4735 3510 4791 altera

1921 4839 2081 4895 quam
2109 4824 2273 4878 altera
2301 4822 2420 4893 plus
2447 4823 2650 4880 habuit.

1992 4918 2048 4972 5.
2071 4917 2171 4973 Dei
2186 4919 2436 4986 sapientia
2459 4918 2511 4973 in
2531 4935 2701 4972 rerum
2720 4919 3030 4973 naturalium
3056 4919 3327 4975 ordine.—-
3373 4921 3509 4977 Pro—

1921 5020 2107 5078 pterea
2133 5020 2188 5065 et
2207 5004 2495 5063 Psalmista
2512 5004 2752 5073 ipsorum
2807 5008 3162 5078 aequalitatem
3193 5010 3510 5077 admiratus,

1922 5100 2183 5156 clamabat
2213 5100 2395 5154 dicens
2427 5114 2441 5152 :
2477 5097 2599 5152 Nox
2636 5099 2772 5153 nocti
2797 5102 2990 5155 indicat
3017 5096 3324 5176 scientiam(
3362 5104 3513 5162 Psat.

1924 5194 2011 5248 18.
2037 5192 2071 5246 5
2096 5192 2138 5262 ).
2168 5190 2223 5246 Si
2258 5190 2372 5245 hate
2414 5190 2783 5260 philosophari
2833 5191 2994 5257 scias,
3033 5194 3112 5249 sic
3163 5195 3517 5254 admiraberis

1922 5298 2068 5343 eum.
2097 5282 2185 5353 qui
2215 5281 2283 5337 ab
2333 5280 2485 5335 initio
2526 5278 2625 5334 bos
2664 5281 2970 5340 immobiles
3000 5288 3263 5343 terminos
3303 5289 3511 5344 statuit.

1925 5375 2159 5432 Audiant
2201 5373 2318 5429 lucc
2363 5373 2508 5427 avari
2535 5381 2591 5426 et
2616 5372 2789 5429 aliena
2816 5378 3263 5446 concupiscentes
3281 5419 3296 5442 ,
3322 5388 3379 5433 et
3405 5377 3512 5434 dict

1926 5469 2205 5537 noctisque
2249 5463 2955 5536 :equalitatcmimitentnr.
2986 5469 3220 5524 Audiant
3264 5467 3430 5523 inflati
3462 5479 3512 5524 et

1925 5561 2031 5615 alta
2053 5561 2344 5629 sapientes,
2374 5566 2430 5613 et
2469 5560 2715 5613 nolentes
2743 5559 2943 5627 primas
2962 5571 3143 5630 partes
3166 5559 3289 5615 aliis
3312 5575 3511 5617 conce-

1925 5652 2076 5708 dere.
2097 5652 2217 5707 Dies
2236 5650 2376 5706 nocti
2398 5650 2539 5706 cedit
2556 5665 2656 5706 nec
2679 5650 2880 5706 alienos
2901 5653 3033 5706 lines
3058 5651 3280 5718 invadit;
3306 5661 3363 5708 tu
3386 5669 3529 5723 vero;

1927 5757 2140 5814 semper
2182 5743 2389 5798 honore
2441 5742 2623 5797 fruens
2668 5743 2919 5797 tratribus
2948 5743 3088 5798 hunc
3114 5746 3515 5803 communicare

1930 5853 2037 5895 non
2070 5836 2351 5906 dignaris?
2377 5836 2445 5892 Et
2468 5834 2746 5891 considera
2789 5835 2920 5891 mihi
2959 5836 3278 5907 legislatorts
3306 5839 3519 5909 sapien-

3107 5938 3147 5997 7
