4068 6428
572 316 668 369 107

567 433 712 486 tiam.
740 429 798 486 In
830 430 1024 503 hyeme
1064 430 1271 500 longam
1304 439 1514 485 noctem
1559 444 1677 485 esse
1700 429 1900 499 jussit,
1929 427 2147 499 quando

570 523 811 578 molliora
850 522 1052 577 semina
1087 527 1144 576 c't
1175 521 1342 592 magis
1376 520 1664 593 frigescere
1699 520 1987 589 indigentia
2009 560 2025 586 ,
2050 534 2147 575 nec

565 604 889 669 calidiorcm’
922 612 1127 669 radium
1180 611 1413 667 tolerant
1446 627 1459 668 :
1494 620 1771 681 postquam
1814 623 1946 664 vero
1996 618 2147 663 aucta

564 704 759 760 fuerint
782 746 798 768 ,
831 719 934 760 una
959 720 1081 760 cum
1114 705 1244 774 ipsis
1270 704 1464 760 crescit
1501 718 1713 758 rursum
1759 703 1875 758 dies
1897 742 1914 769 ,
1940 710 1994 757 et
2024 710 2149 757 tunc

572 796 630 850 lit
653 796 881 867 longior,
912 794 1128 866 quando
1148 794 1258 866 jam
1295 795 1440 864 viget
1485 793 1709 847 fructus.
1741 792 1852 847 lloe
1875 806 2004 846 vero
2042 807 2149 845 non

558 885 849 942 seminibus
868 893 1093 952 tantum,
1120 884 1215 939 sed
1236 885 1396 939 etiam
1422 883 1738 954 corporibus
1763 891 2142 952 opportunum.

557 977 819 1046 Quoniam
867 974 1061 1048 hyeme
1113 987 1271 1031 nauta
1299 1017 1316 1043 ,
1346 971 1669 1047 gubernator
1692 986 1745 1029 et
1772 974 1962 1039 viator,
1992 974 2146 1028 miles

559 1080 612 1124 et
649 1069 881 1139 agricola
919 1069 1143 1124 multum
1193 1068 1337 1123 domi
1368 1066 1589 1134 sedent,
1611 1066 1731 1137 gelu
1763 1065 2072 1132 constricti,
2092 1073 2146 1120 et

556 1163 650 1216 otii
683 1171 895 1231 tempus
938 1170 1019 1217 est
1067 1162 1121 1217 iu
1151 1160 1348 1233 hyeme
1371 1202 1386 1227 ,
1430 1161 1551 1231 plus
1580 1160 1833 1230 temporis
1875 1159 1929 1212 in
1959 1167 2146 1214 noctes

554 1252 790 1323 impendi
817 1251 958 1306 Deus
993 1252 1289 1318 constituit,
1329 1266 1396 1306 ne
1431 1251 1535 1306 diei
1584 1248 1857 1320 longitudo
1876 1246 2144 1318 superﬂua

540 1344 649 1408 ~sit,
678 1342 809 1398 nihil
837 1338 1143 1399 hominibus
1173 1342 1350 1397 facere
1369 1340 1689 1397 valentibus.
1720 1340 1850 1407 Quis
1876 1340 2001 1395 anni
2023 1355 2145 1410 par-

555 1435 684 1489 tium
734 1434 977 1488 ordinem
1029 1433 1211 1488 dicere
1263 1431 1771 1503 possitiquomodo
1798 1442 1852 1486 et
1878 1430 1962 1487 btr
2001 1441 2139 1486 tam-

557 1541 714 1594 quam
741 1526 978 1595 virgines
1009 1525 1252 1596 quaedam
1286 1525 1339 1579 in
1374 1540 1507 1597 gyro
1526 1526 1803 1590 saltantes,
1822 1540 1943 1579 cum
1975 1525 2138 1580 multa

557 1617 764 1671 ratione
794 1618 894 1673 sibi
921 1627 1105 1673 mutuo
1129 1617 1445 1684 succedunt,
1475 1626 1528 1672 et
1557 1617 1809 1686 paulatim
1840 1617 1959 1672 sine
1994 1625 2135 1672 stre-

557 1708 667 1777 pitu
699 1706 765 1762 ad
787 1710 1083 1765 contrarias
1105 1708 1296 1763 mediae
1326 1708 1553 1764 transire
1583 1723 1687 1763 non
1716 1717 1929 1764 cessant
1952 1707 1975 1762 ?
1997 1708 2133 1762 Pro-

554 1809 732 1870 pterea
761 1816 860 1857 nec
882 1801 950 1857 ab
996 1802 1187 1873 hyeme
1215 1819 1312 1858 nos
1350 1802 1547 1873 exeipit
1576 1811 1754 1865 aestas,
1788 1818 1887 1857 nec
1929 1802 1996 1858 ab
2021 1802 2138 1873 ipsa

552 1893 731 1948 statim
760 1892 974 1965 hyems,
1004 1894 1097 1949 sed
1124 1894 1356 1950 medium
1391 1909 1488 1949 ver
1515 1893 1887 1964 interpositum
1915 1903 2028 1963 est,
2062 1896 2135 1951 ita

551 1994 606 2038 ut
634 1984 837 2040 sensim
864 1994 919 2040 et
943 1985 1197 2055 paulatim
1227 1984 1638 2041 succedentibus
1668 1985 1887 2040 densata
1905 2001 2131 2057 corpora

549 2086 729 2131 nostra
764 2076 937 2131 testati
977 2077 1093 2133 sine
1145 2077 1355 2131 tristitia
1405 2075 1673 2132 adducat:
1709 2077 1959 2147 quoniam
1991 2078 2135 2132 enim

546 2168 840 2225 subitanete
871 2169 921 2223 in
953 2170 1285 2225 contrarium
1327 2169 1649 2224 mutationes
1676 2178 2053 2225 nocumentum
2081 2178 2137 2226 et

546 2263 792 2316 morbum
842 2263 1053 2332 pariunt
1105 2270 1446 2329 extremum,
1488 2261 1817 2332 dispensavit
1874 2261 2019 2317 Deus
2067 2261 2135 2316 ab

547 2355 737 2424 hyeme
758 2354 971 2423 quidem
997 2369 1092 2408 ver
1120 2367 1218 2407 nos
1243 2354 1493 2424 excipere
1515 2393 1531 2418 ,
1560 2369 1592 2408 a
1624 2368 1750 2408 vere
1775 2368 1937 2423 porro
1963 2363 2125 2408 msul-

554 2458 683 2511 tem,
705 2444 773 2499 ab
796 2453 980 2499 a'state
1003 2455 1336 2509 autumnum,
1360 2454 1412 2498 et
1437 2446 1514 2501 sic
1533 2444 1712 2516 byemi
1743 2444 2132 2500 transmittere:

547 2539 725 2607 itaque
756 2537 999 2591 innocuae
1034 2544 1094 2593 et
1140 2520 1489 2607 procedentes
1532 2537 1783 2607 paulatim
1814 2536 2134 2593 mutationes

546 2647 609 2684 ex
636 2629 917 2686 contrariis
935 2630 1062 2685 anni
1081 2629 1485 2699 tempestatibus
1514 2645 1608 2699 per
1625 2630 1832 2685 medias
1854 2631 2009 2685 nobis
2033 2630 2133 2684 ad-

547 2722 783 2776 veniunt.
810 2721 940 2790 Quis
969 2721 1127 2792 igitur
1147 2729 1253 2776 tam
1280 2720 1443 2776 miser
1466 2729 1521 2776 et
1546 2735 1901 2787 aarumnosus,
1918 2704 2008 2790 qui
2029 2737 2139 2777 cm—

547 2813 654 2866 lntn
687 2812 904 2882 quidem
930 2826 1160 2868 cernens
1181 2854 1196 2879 ,
1228 2827 1454 2867 cernens
1485 2827 1613 2868 vero
1643 2828 1791 2867 mare
1832 2823 1886 2868 et
1911 2821 2130 2880 terram,

546 2907 928 2971 tempestatum
948 2905 1072 2959 anni
1104 2905 1413 2975 temperiem
1446 2914 1555 2959 tam
1578 2904 1860 2975 diligenter
1890 2905 2133 2960 modera-

547 3005 689 3061 tam,
713 3002 770 3049 et
810 2992 1183 3050 inconcussum
1227 2996 1332 3051 diei
1398 3005 1453 3050 et
1498 2997 1669 3051 noctis
1710 2997 1985 3063 ordinem,
2019 2997 2134 3053 hzec

550 3096 740 3156 sponte
767 3087 880 3142 fieri
911 3096 1058 3158 putet
1081 3131 1095 3154 ,
1126 3104 1225 3143 nec
1253 3089 1437 3144 adoret
1466 3104 1586 3145 eum
1612 3131 1626 3154 ,
1655 3090 1744 3160 qui
1791 3090 1908 3145 haec
1954 3091 2131 3146 omnia

543 3194 663 3234 eum
694 3180 951 3250 sapientia
990 3194 1222 3251 congrua
1244 3180 1549 3251 disposuit?
1575 3178 1757 3237 Habeo
1782 3181 1923 3252 quod
1953 3181 2130 3238 dicam

544 3280 599 3324 et
638 3271 725 3324 his
764 3272 936 3342 majus
984 3288 999 3326 :
1046 3287 1150 3326 non
1174 3272 1317 3327 enim
1364 3272 1674 3343 magnitudo
1700 3281 1901 3327 tantum
1932 3281 1984 3328 et
2014 3274 2131 3342 pul-

547 3362 815 3429 chritudo,
845 3364 939 3418 sed
967 3371 1023 3418 et
1051 3363 1164 3432 ipse
1191 3363 1477 3418 creationis
1503 3362 1695 3418 modus
1723 3362 1962 3417 omnium
1992 3378 2128 3417 con-

544 3456 771 3511 ditorem
816 3456 1168 3511 demonstrat.
1220 3456 1485 3522 Quoniam
1547 3455 1692 3511 enim
1750 3455 2002 3511 condenti
2070 3463 2126 3511 et

547 3545 748 3601 creanti
791 3547 967 3601 omnia
1008 3547 1075 3602 ab
1100 3546 1252 3619 initio
1281 3561 1385 3602 non
1406 3545 1707 3609 aderamus,
1738 3562 1930 3618 neque,
1959 3547 2005 3601 si
2032 3547 2131 3600 ad-

548 3638 850 3703 fuissemus,
879 3637 1146 3709 quomodo
1176 3637 1376 3693 fiebant
1414 3636 1555 3692 seire
1583 3648 1912 3708 poteramus,
1940 3637 2128 3692 invisi-

546 3731 636 3786 bili
689 3730 884 3785 virtute
926 3740 1114 3785 cuneta
1170 3739 1562 3800 componente,
1615 3731 1791 3800 ipsum
1844 3730 2131 3785 creationis

547 3821 761 3877 modum
790 3821 1051 3889 optimum
1078 3820 1231 3877 nobis
1258 3822 1570 3892 magistrum
1607 3835 1727 3876 esse
1767 3821 1911 3888 fecit,
1937 3836 2129 3892 super-

546 3913 769 3969 uaturali
800 3914 1179 3985 consequentia
1214 3926 1540 3984 componens
1560 3914 1737 3969 omnia
1764 3930 1880 3985 quae
1910 3914 2125 3969 fiebant.

546 4001 704 4062 Forte
741 4006 881 4077 quod
931 4006 1040 4061 dixi
1070 4006 1349 4062 obscurius
1383 4014 1466 4062 est
1506 4024 1520 4060 :
1568 4005 1732 4079 igitur
1772 4022 1993 4062 necesse
2029 4008 2131 4062 hoc

548 4113 757 4154 rursum
798 4098 1127 4153 manifestius
1168 4098 1370 4153 dicere.
1421 4098 1620 4153 Omnes
1645 4098 1826 4168 utique
1862 4097 2132 4153 fateantur

546 4198 747 4243 natura:
789 4191 1225 4260 consequentiam
1274 4204 1395 4245 esse
1420 4231 1434 4256 ,
1466 4198 1525 4245 ut
1574 4204 1713 4258 aqua
1745 4203 1905 4259 super
1931 4197 2129 4245 terram

545 4278 640 4334 sed
684 4296 788 4335 non
821 4290 960 4335 terra
1013 4281 1081 4337 ab
1108 4281 1260 4351 aquis
1306 4279 1527 4336 feratur.
1552 4270 1719 4335 Terra
1771 4280 1967 4350 quippe
2007 4294 2130 4334 cum

547 4370 614 4424 sit
643 4369 805 4426 densa
835 4412 849 4437 ,
879 4371 1012 4425 dura
1040 4380 1094 4426 et
1136 4386 1241 4426 non
1271 4371 1467 4427 cedens
1493 4413 1509 4435 ,
1541 4380 1702 4442 atque
1743 4371 1911 4427 solida
1934 4413 1948 4437 ,
1977 4369 2131 4427 facile

550 4466 722 4528 potest
762 4474 1017 4529 aquarum
1053 4472 1293 4515 naturam
1343 4466 1605 4516 sustinere
1635 4479 1650 4527 ;
1682 4476 1819 4533 aqua
1855 4477 1983 4517 vero
2005 4476 2128 4517 cum

444 4586 451 4594 .
550 4550 744 4619 liquida
769 4551 838 4605 sit
868 4560 922 4605 et
945 4552 1142 4616 mollis,
1176 4562 1465 4624 teneraque
1493 4562 1547 4609 et
1570 4552 1837 4621 difﬂuens,
1869 4563 1923 4610 et
1951 4556 2128 4611 omni-

548 4643 648 4698 bus
675 4643 872 4699 cedeus
920 4645 1321 4700 occurrentibus
1344 4687 1359 4713 ,
1387 4644 1588 4701 nullum
1639 4658 1834 4716 cerpus
1879 4663 2127 4719 umquam

468 4761 481 4781 κ
546 4736 813 4793 sustinere
840 4737 1064 4803 valeret,
1088 4738 1296 4793 etiamsi
1325 4737 1650 4794 levissimum
1696 4741 1764 4795 sit
1791 4756 1806 4794 :
1838 4753 1961 4796 nam
1987 4756 2131 4811 saepe

543 4829 720 4899 lapillo
750 4829 999 4885 incidenti
1028 4845 1192 4900 parvo
1219 4830 1360 4886 cedit
1388 4839 1442 4886 et
1484 4831 1708 4902 refugit,
1756 4832 2035 4904 ipsumque
2062 4835 2130 4890 ad

544 4918 859 4988 profundum
892 4920 1359 4977 transmittit.Cum
1379 4921 1576 4977 videris
1602 4923 1758 4993 igitur
1770 4939 1873 4978 non
1897 4925 2129 4994 lapillum

543 5027 762 5080 parvum
780 5054 796 5078 ,
816 5009 910 5065 sed
929 5018 1126 5067 terram
1159 5029 1371 5069 omnem
1414 5028 1574 5083 super
1596 5029 1759 5084 aquas
1784 5014 1931 5083 ferri,
1961 5032 2131 5086 neque

540 5102 830 5174 submergi.
853 5103 1114 5160 admirare
1139 5105 1427 5174 potentiam
1452 5119 1610 5175 supra
1634 5113 1873 5159 naturam
1901 5105 2014 5161 hare
2034 5107 2135 5160 mi—

544 5195 779 5250 rabiliter
799 5208 1128 5265 operantem.
1163 5199 1228 5252 Et
1278 5197 1420 5253 unde
1451 5197 1553 5254 hoc
1579 5198 1938 5265 manifestum,
1988 5200 2129 5269 quod

1271 315 1327 371 S.
1368 315 1644 373 JOANNIS
1681 313 2156 373 CllRYSOSTOMl
2199 316 2511 375 ARCllli-LP.
2555 319 2865 380 CONSTAN
2882 324 3086 383 HNUP.

3742 339 3833 398 ma

2260 437 2311 483 et
2338 427 2511 497 bruta,
2535 441 2589 486 et
2616 448 2720 488 non
2756 435 3147 507 suhmergitur?
3174 438 3240 495 Et
3267 441 3387 511 quid
3413 443 3560 513 dico,
3585 461 3687 502 non
3714 454 3834 504 sub—

2260 521 2518 590 mergitur
2546 538 2561 586 ;
2590 525 2856 593 quomodo
2897 527 3116 582 inferius
3167 530 3548 590 circumstante
3572 537 3672 592 sibi
3702 556 3828 611 aqua

2258 618 2402 664 tanto
2427 621 2667 682 tempore
2702 629 2820 675 ,non
2849 625 2935 671 est
2973 619 3266 688 dissoluta,
3316 638 3410 679 nec
3457 627 3628 681 lutum
3669 634 3835 685 omnia

2256 700 2388 755 facta
2411 705 2579 759 sunt?
2602 703 2656 760 Si
2685 708 2826 761 enim
2852 708 3115 779 lignorum
3142 724 3333 769 natura
3364 731 3549 785 parum
3584 727 3831 791 temporis

2254 795 2403 883 aquis
2425 797 2703 852 immorata
2730 804 3087 871 corrumpitur
3110 816 3162 860 et
3187 806 3534 876 dissolvitur;
3565 813 3690 883 quid
3717 815 3833 871 dico

2256 882 2523 951 lignorum
2567 890 2803 943 natura?
2830 892 2955 961 quid
2997 892 3139 951 ferro
3194 897 3422 953 validius
3467 882 3597 957 esse
3630 907 3834 973 possit?

2252 974 2344 1029 sed
2372 987 2427 1031 et
2457 977 2558 1034 hoc
2584 996 2726 1051 saepe
2752 985 3017 1040 mollescit
3046 1028 3061 1052 ,
3094 1004 3214 1043 cum
3241 1005 3450 1061 semper
3476 994 3527 1047 in
3552 998 3703 1062 aquis
3730 1014 3830 1052 ma-

2254 1079 2362 1133 net,
2392 1078 2446 1124 et
2476 1075 2672 1129 merito
2702 1092 2715 1128 :
2748 1078 2944 1146 quippe
2965 1087 3017 1133 et
3048 1079 3218 1149 ipsum
3241 1097 3271 1137 a
3301 1091 3443 1138 terra
3487 1085 3827 1144 substantiam

2251 1158 2427 1215 habet.
2472 1162 2761 1233 Propterea
2809 1168 2964 1222 multi
3012 1168 3353 1241 fugitivorum
3389 1191 3665 1231 servorum
3693 1190 3828 1248 post-

2247 1267 2406 1321 quam
2427 1256 2712 1324 compedes
2738 1267 2792 1313 et
2821 1268 3035 1316 catenas
3062 1264 3428 1333 pertrahentes
3459 1268 3737 1339 fugerunt,
3764 1273 3826 1328 ad

2247 1343 2391 1399 rivos
2418 1360 2672 1414 aquarum
2705 1350 2979 1405 venientes
3022 1361 3078 1407 et
3121 1354 3328 1411 vinctos
3365 1358 3519 1426 aquis
3551 1360 3712 1428 pedes
3735 1360 3826 1416 im-

2246 1435 2517 1492 mittentes
2540 1479 2554 1503 ,
2581 1447 2635 1493 et
2672 1442 2750 1496 sic
2781 1443 2992 1497 mollius
3021 1442 3225 1500 ferrum
3268 1447 3548 1515 facientes,
3578 1452 3724 1508 facile
3745 1452 3820 1508 la-

2247 1526 2366 1595 pide
2414 1531 2783 1599 percutientes
2810 1533 3139 1605 diﬂ‘ringunt.
3192 1536 3355 1609 lgitur
3391 1541 3593 1597 ferrum
3621 1544 3822 1614 quidem

2244 1618 2527 1687 mollescit,
2560 1620 2700 1692 ligna
2731 1625 3022 1693 putrefiunt
3043 1668 3059 1693 ,
3090 1636 3146 1683 et
3188 1629 3393 1700 lapides
3419 1646 3824 1705 corrumpuntur

2244 1709 2311 1763 ab
2338 1724 2594 1781 aquarum
2627 1722 2817 1770 natura
2842 1733 2857 1780 ;
2885 1725 3039 1772 terrae
3059 1735 3188 1775 vero
3212 1723 3521 1793 magnitudo
3542 1734 3686 1783 tanto
3706 1738 3821 1783 tem-

2245 1817 2375 1871 pore
2404 1805 2556 1874 aquis
2594 1807 2837 1877 imposita
2859 1851 2874 1877 ,
2926 1826 3032 1865 non
3059 1821 3141 1868 est
3169 1816 3449 1873 submersa
3470 1861 3486 1885 ,
3534 1835 3631 1876 nec
3659 1820 3819 1876 disso-

2246 1891 2375 1958 luta,
2407 1910 2506 1950 nec
2534 1896 2761 1965 perdita.

2310 1985 2363 2038 4.
2397 1985 2462 2039 Et
2487 1988 2605 2055 quis
2636 1988 2749 2043 haec
2780 2005 2882 2046 non
2913 1991 3255 2064 Obstupescat
3279 2006 3333 2052 et
3364 1998 3690 2064 admiretur,
3726 2018 3817 2059 nec

2240 2087 2361 2128 cum
2390 2074 2580 2131 fiducia
2609 2078 2768 2145 dicat,
2801 2096 2904 2135 non
2932 2098 3051 2138 esse
3081 2095 3283 2141 natura:
3311 2102 3477 2157 opera
3496 2093 3609 2158 ,sed
3630 2089 3811 2148 Provi-

2238 2164 2432 2220 dentiae
2471 2178 2713 2225 naturam
2742 2172 3094 2229 excedentis?
3138 2176 3260 2231 ldeo
3289 2180 3506 2249 quidam
3540 2182 3665 2236 dicit
3685 2201 3698 2237 :
3720 2166 3813 2250 Qui

2237 2261 2498 2327 suspendit
2526 2270 2710 2316 terram
2738 2280 2888 2334 super
2929 2266 3089 2321 nihilo
3121 2266 3243 2338 (Job
3292 2270 3386 2325 26.
3418 2270 3472 2344 7)
3498 2291 3512 2327 :
3536 2274 3668 2328 alius
3693 2290 3813 2330 vero

2237 2350 2450 2419 quidam
2484 2371 2497 2406 :
2530 2350 2599 2407 In
2637 2370 2793 2409 manu
2841 2356 3000 2427 ipsius
3042 2360 3168 2427 ﬁnes
3210 2372 3356 2416 terra
3396 2362 3568 2431 (Psul.
3612 2366 3697 2420 94.
3738 2366 3809 2435 ι).

2237 2438 2407 2509 Item,
2455 2441 2625 2513 Super
2677 2448 2840 2501 maria
2886 2450 3117 2521 fundavit
3163 2440 3275 2506 cani
3323 2453 3494 2526 (Psal.
3530 2458 3617 2511 25.
3646 2458 3721 2527 2).
3750 2459 3808 2514 Et

2239 2530 2355 2587 hare
2386 2533 2598 2603 quidem
2629 2540 2895 2593 contraria
2923 2554 3042 2597 esse
3065 2541 3347 2609 videntur,
3397 2546 3614 2601 multam
3646 2559 3808 2607 tamen

2238 2621 2436 2679 habent
2463 2629 2887 2684 consonantiam.
2920 2630 3019 2698 Qui
3051 2633 3191 2686 enim
3235 2634 3407 2702 dixit,
3452 2638 3617 2706 Super
3660 2639 3807 2693 maria

2239 2715 2469 2784 fundavit
2494 2733 2635 2784 eam,
2670 2717 2809 2775 idem
2835 2720 2966 2776 dixit
2992 2730 3149 2793 atque
3188 2725 3235 2779 is
3274 2726 3362 2796 qui
3392 2728 3468 2782 ait
3494 2729 3631 2799 quod
3660 2743 3808 2799 super

2238 2805 2405 2861 nihilo
2449 2816 2642 2863 terram
2693 2811 3072 2881 suspenderit:
3104 2829 3266 2883 super
3303 2830 3473 2886 aquas
3514 2819 3651 2873 enim
3691 2832 3808 2874 con-

2235 2896 2425 2953 sistere
2450 2900 2653 2969 mquale
2674 2910 2756 2956 est
2777 2917 2838 2957 ac
2858 2917 3019 2973 super
3044 2905 3210 2960 nihilo
3235 2910 3514 2977 suspendi.
3543 2909 3637 2965 Ubi
3663 2912 3807 2980 igitur

2234 3003 2489 3059 suspensa
2520 3001 2576 3047 et
2603 3000 2794 3048 statuta
2823 2996 2939 3050 est?
2969 2996 3106 3051 Audi
3161 2999 3412 3055 eumdem
3439 3002 3692 3058 dicentem
3712 3020 3724 3055 :
3745 3000 3803 3055 In

2235 3096 2390 3133 manu
2440 3080 2599 3151 ipsius
2646 3083 2773 3151 ﬁnes
2820 3093 2983 3140 terra.
3037 3086 3152 3141 Non
3200 3089 3340 3158 quod
3396 3107 3585 3146 manus
3630 3092 3804 3145 habent

2235 3168 2377 3225 Deus
2399 3211 2412 3234 ,
2445 3171 2538 3226 sed
2570 3179 2628 3226 ut
2653 3173 2861 3242 discas,
2912 3175 3080 3244 ipsius
3111 3180 3402 3247 potentiam
3434 3182 3673 3236 omnibus
3692 3194 3804 3252 pro-

2234 3262 2499 3318 videntem
2529 3280 2649 3320 essc
2668 3308 2683 3333 ,
2715 3282 2833 3336 qua:
2864 3277 3019 3323 terra:
3047 3285 3239 3341 corpus
3271 3275 3511 3329 continet
3538 3285 3590 3329 et
3623 3283 3800 3344 portat.

2235 3354 2291 3409 Si
2328 3355 2483 3411 dictis
2523 3374 2626 3412 non
2657 3360 2831 3415 credis
2852 3402 2865 3425 ,
2912 3362 2976 3417 iis
3004 3377 3123 3433 qua:
3153 3364 3299 3420 vides
3333 3367 3497 3422 crede
3520 3384 3533 3419 :
3556 3377 3608 3421 et
3631 3364 3679 3420 in
3706 3366 3801 3419 alio

2234 3445 2428 3515 quippe
2445 3447 2711 3503 elemento
2731 3450 2865 3505 bane
2884 3452 3177 3508 mirabilem
3195 3457 3561 3525 operationem
3583 3456 3801 3512 invenire

2234 3537 2377 3592 licet.
2407 3539 2546 3609 lgnis
2569 3542 2710 3595 enim
2741 3553 2923 3599 natura
2954 3545 3059 3600 alta
3089 3548 3238 3615 petit,
3260 3557 3313 3603 et
3342 3549 3395 3603 in
3430 3550 3650 3605 sublime
3676 3563 3800 3603 sem-

2236 3643 2333 3698 per
2359 3631 2499 3696 salit,
2533 3641 2587 3687 et
2611 3648 2640 3687 a
2673 3645 2860 3691 natura
2889 3647 2947 3692 ut
2974 3638 3209 3703 exsiliat,
3242 3640 3405 3696 habet
3431 3662 3444 3698 :
3469 3650 3521 3697 et
3550 3643 3665 3698 licet
3690 3641 3798 3695 inli-

2235 3720 2342 3773 nita
2368 3735 2561 3792 cogant
2587 3735 2641 3780 et
2667 3739 2921 3797 urgeant,
2950 3730 3015 3784 ad
3046 3729 3295 3787 inferiora
3325 3732 3524 3790 deferri
3550 3749 3651 3789 non
3675 3732 3799 3802 pati-

2236 3819 2340 3867 tur.
2371 3812 2774 3887 Nonnumquam
2813 3820 2955 3876 enim
2999 3820 3166 3877 facem
3207 3839 3486 3880 accensam
3517 3826 3797 3895 capientes,

2233 3913 2289 3961 et
2315 3906 2366 3961 iu
2394 3918 2550 3978 caput
2575 3910 2922 3980 inclinantes,
2970 3914 3107 3983 ignis
3145 3917 3400 3985 impetum
3434 3919 3648 3973 inferius
3688 3914 3797 3969 ferri

2234 4013 2341 4054 non
2376 4001 2624 4073 cogimus
2649 4022 2662 4060 :
2685 4004 2778 4059 sed
2807 4014 2861 4059 et
2885 4007 2962 4061 sic
2989 4007 3042 4061 in
3071 4009 3343 4077 superiora
3374 4010 3635 4075 recurrit,
3677 4014 3728 4062 et
3751 4006 3798 4059 in

2235 4095 2461 4149 sublime
2492 4095 2697 4151 inferne
2727 4095 2968 4164 festinat;
3018 4100 3069 4154 in
3115 4102 3227 4156 sole
3251 4117 3381 4156 vero
3415 4113 3576 4157 totum
3602 4106 3798 4156 contra-

2234 4186 2371 4242 rium
2402 4186 2539 4243 Deus
2583 4186 2708 4243 fecit
2731 4206 2744 4242 :
2770 4188 2936 4258 ipsius
2971 4192 3112 4245 enim
3158 4192 3336 4247 radios
3366 4194 3435 4248 ad
3468 4204 3656 4248 terram
3683 4203 3800 4243 cou-

2233 4279 2427 4345 vertit,
2470 4288 2525 4333 et
2559 4278 2731 4334 lucem
2780 4280 2906 4335 fecit
2943 4280 3162 4336 inferius
3195 4298 3450 4353 vergere;
3484 4292 3676 4337 tantum
3702 4291 3798 4332 non

2235 4369 2418 4424 dicens
2444 4370 2541 4439 ipsi
2572 4386 2667 4440 per
2694 4371 2934 4441 ﬁguram,
2970 4370 3193 4426 Inferius
3220 4375 3483 4442 pr05pice.
3508 4382 3559 4457 et
3583 4366 3797 4424 homini-

2235 4463 2335 4515 bus
2374 4461 2761 4531 luee:propter
2800 4461 2918 4517 illos
2961 4463 3101 4517 enim
3152 4462 3324 4519 factus
3364 4480 3441 4519 es.
3486 4464 3548 4518 Et
3586 4462 3797 4515 lucerna:

2234 4550 2446 4620 quidem
2475 4549 2687 4605 ﬂamma
2719 4551 2819 4605 hoc
2849 4552 2952 4620 pati
2986 4567 3090 4606 non
3133 4561 3338 4622 potest;
3372 4554 3517 4607 sidus
3542 4564 3664 4605 vero
3701 4555 3795 4600 tam

2235 4657 2482 4712 magnum
2510 4652 2564 4697 et
2592 4641 2903 4698 admirabile
2931 4643 2998 4698 ad
3024 4643 3274 4699 inferiora
3315 4645 3484 4715 vergit
3521 4651 3575 4698 et
3611 4639 3674 4694 ad
3703 4647 3799 4690 ter-

2234 4749 2348 4791 ram
2379 4735 2626 4805 respicit,
2675 4745 2861 4789 contra
2900 4749 3057 4805 quam
3104 4736 3273 4805 ignis,
3319 4744 3537 4807 propter
3572 4731 3682 4800 ejus
3714 4724 3795 4794 qui

2230 4825 2391 4896 jussit
2438 4826 2748 4896 potentiam.
2797 4824 2889 4880 Vis
2918 4835 2984 4891 et
3020 4826 3163 4880 aliud
3212 4826 3315 4881 tale
3361 4813 3797 4883 commemorent?

2237 4919 2404 4974 Dorsa
2424 4918 2538 4972 cteli
2565 4917 2721 4987 hujus
2746 4918 2898 4971 nobis
2926 4919 3196 4988 conspicui
3228 4934 3379 4988 aqua:
3408 4915 3634 4985 undique
3656 4922 3787 4963 com-

2237 5009 2590 5079 prehendunt,
2622 5019 2677 5062 et
2706 5024 2877 5079 neque
2904 5009 3143 5065 defluunt
3173 5025 3343 5078 neque
3371 5006 3628 5064 excedunt
3650 5018 3663 5053 :
3685 4999 3794 5052 licet

2236 5116 2341 5155 non
2372 5100 2491 5155 talis
2514 5101 2581 5154 sit
2610 5115 2866 5169 aquarum
2899 5110 3105 5166 natura,
3138 5100 3230 5156 sed
3265 5101 3314 5154 in
3345 5111 3571 5154 concava
3595 5088 3790 5163 quidem

2237 5194 2388 5249 facile
2414 5204 2769 5259 concurrant;
2801 5207 2922 5248 cum
2966 5203 3144 5247 autem
3172 5193 3242 5246 sit
3265 5206 3456 5260 corpus
3481 5193 3756 5244 convexum
3775 5214 3790 5239 ν

544 5299 682 5341 terra
709 5302 866 5355 super
882 5302 1043 5357 aquas
1064 5287 1303 5343 feratur?
1325 5288 1589 5357 Propheta
1616 5289 1717 5344 hoe
1742 5290 1887 5345 dicit:
1912 5267 2032 5360 Ipse
2045 5307 2134 5345 su-
2168 5298 2193 5315 *
2236 5287 2465 5356 undique
2486 5284 2741 5352 defluunt,
2765 5294 2821 5340 et
2840 5300 3010 5355 neque
3036 5285 3240 5339 modica
3267 5299 3447 5340 earum
3478 5293 3595 5351 pars
3622 5289 3671 5329 1η
3711 5267 3788 5360 “lli

543 5396 634 5449 per
655 5378 815 5432 maria
837 5378 1068 5450 fundavit
1096 5395 1203 5433 eam
1221 5388 1265 5433 et
1285 5396 1438 5450 super
1462 5381 1674 5450 ﬂumina
1698 5382 2000 5451 praeparavit
2021 5398 2129 5436 eam

543 5468 888 5542 (Psal.23.2):
905 5480 956 5524 et
982 5484 1214 5533 rursum,
1241 5469 1342 5537 Qui
1357 5470 1583 5538 {undavit
1604 5481 1788 5526 terram
1800 5489 1950 5541 super
1971 5489 2131 5542 aquas

542 5560 714 5628 (Psal.
749 5562 872 5618 155.
895 5560 1117 5633 6).Quid
1167 5560 1341 5616 dicis?
1371 5561 1605 5630 lapillum
1628 5564 1872 5633 exiguum
1912 5579 2045 5633 aqua
2073 5563 2127 5619 in

542 5651 822 5722 superficie
848 5652 989 5709 ferre
1021 5668 1125 5708 non
1153 5662 1362 5724 potest,
1393 5663 1449 5708 et
1492 5664 1683 5709 terram
1717 5665 1914 5710 tantam
1941 5657 2078 5727 gerit
2105 5696 2121 5722 ,

542 5754 598 5799 et
623 5753 850 5814 montes,
881 5752 935 5802 et
954 5745 1139 5817 colles,
1166 5754 1221 5803 et
1249 5744 1428 5817 urbes,
1451 5753 1505 5804 et
1527 5745 1756 5818 plantas,
1778 5756 1832 5804 et
1856 5747 2119 5818 homines,

2236 5386 2413 5448 posset
2456 5377 2571 5430 loco
2615 5377 2929 5431 subsistere.
2974 5374 3080 5430 Sed
3119 5391 3245 5430 ecce
3280 5375 3383 5430 hoc
3420 5365 3713 5427 miraculum
3743 5357 3788 5408 in

2229 5468 2377 5524 caelis
2406 5468 2600 5524 factum
2627 5478 2727 5530 est,
2759 5477 2813 5521 et
2840 5466 2942 5521 hoc
2967 5468 3138 5536 ipsum
3170 5480 3353 5521 rursus
3377 5465 3651 5523 insinuans
3668 5455 3783 5509 PrO'

2234 5562 2412 5633 pheta,
2444 5562 2653 5617 dicebat
2678 5580 2692 5615 :
2719 5560 2948 5615 Laudate
2975 5558 3249 5613 Dominum
3268 5599 3281 5623 ,
3313 5571 3484 5627 aqua,
3515 5564 3626 5620 quw
3652 5549 3783 5633 stipe?

2233 5630 2381 5711 eiulas
2425 5657 2542 5710 estis
2594 5654 2763 5728 (Psai.
2813 5653 2937 5709 148.
2990 5654 3072 5720 4).
3128 5654 3197 5707 Et
3248 5664 3417 5721 neque
3461 5656 3589 5712 aqua
3635 5630 3780 5686 80³6⁸³³

2236 5751 2521 5820 exstinxit,
2564 5763 2736 5821 neque
2781 5747 2860 5803 sol
2905 5754 3051 5801 tanto
3090 5744 3276 5801 subtus
3306 5739 3497 5798 vadens
3535 5730 3781 5796 tempore.
