4068 6456
215 379 312 437 107

217 511 308 567 μοι
333 491 626 565 νομοθέτου
655 490 868 560 σοφίαν.
903 489 993 543 Ἐν
1022 489 1251 562 χειμῶνι
1284 489 1504 563 μακράν
1535 487 1722 555 ἔταξεν
1756 480 1896 539 εἶναι

206 578 305 649 τήν
327 577 516 640 νύκτα,
536 576 629 629 ὅτε
657 573 985 645 ἁπαλώτερα
1021 573 1092 627 τά
1131 573 1423 645 σπέρματα
1450 571 1547 627 καὶ
1578 569 1890 640 καταψύχε-

209 666 332 720 σθαι
364 664 502 737 [1οη
533 664 764 735 δεόμενα
802 662 1022 733 μᾶλλον,
1054 661 1149 717 κοιλ¹
1177 660 1515 733 θερμοτέρας
1557 660 1659 713 οὑκ
1697 658 1891 728 ἀνέχε-

205 771 296 808 ται
331 755 434 825 τῆς
458 754 707 816 ἀκτῖνοςο
752 750 969 805 ἐπειδὰν
990 750 1049 804 δέ
1086 748 1319 821 αὐξηθῇ,
1360 746 1685 813 συναύξεται
1731 746 1894 800 πάλιν

208 844 392 905 αὐτοῖς
428 844 463 914 ἡ
507 840 712 913 ἡμέρα,
758 840 857 894 καὶ
909 839 1031 892 τότε
1079 837 1291 907 γίνεται
1340 835 1675 909 μακροτέρα,
1704 835 1832 887 ὃταν
1865 834 1894 886 6

207 928 418 998 καρπὸς
459 926 682 998 ἀκμάζῃ
733 925 937 980 λοιπόν.
985 925 1061 978 Οὐ
1109 926 1222 988 τοῖς
1281 923 1560 994 σπέρμασι
1614 922 1673 975 δέ
1714 920 1894 983 τοῦτο,

207 1017 345 1071 ἀλλά
388 1017 484 1070 καὶ
531 1017 647 1079 τοῖς
690 1014 935 1086 σώμασιν
975 1012 1297 1083 ἐπιτήδειον.
1350 1010 1601 1064 Ἐπειδὰν
1650 1008 1760 1079 γάρ
1796 1008 1893 1061 τοῦ

206 1103 475 1176 χειμῶνος
517 1102 613 1155 καὶ
659 1101 880 1173 ναύτης,
916 1101 1008 1155 καί
1051 1100 1411 1171 κυϐερνήτης,
1460 1099 1554 1151 καὶ
1593 1095 1893 1168 ὁδοιπόρος,

207 1194 302 1247 καὶ
338 1189 697 1263 στρατιώτης,
733 1190 825 1244 καὶ
854 1189 1098 1261 γεωργὸς
1129 1189 1199 1241 τά
1243 1186 1415 1241 πολλά
1445 1187 1583 1239 οἴκοι
1629 1184 1896 1255 κάθηνται

205 1279 284 1351 τῷ
315 1278 516 1351 κρυμῷ
547 1277 938 1347 συνδεδεμένοι,
970 1277 1064 1330 καὶ
1095 1273 1292 1346 ἀργίας
1340 1272 1535 1345 καιρὸς
1578 1274 1607 1326 6
1640 1271 1737 1325 τοῦ
1781 1288 1896 1341 χει-

210 1368 390 1438 μῶνός
421 1368 560 1428 ἐστι,
585 1366 647 1420 τὸ
667 1367 829 1420 πλέον
854 1364 948 1420 τοῦ
975 1363 1169 1438 χρόνου
1196 1366 1276 1428 εἰς
1299 1362 1473 1417 νύκτα
1503 1361 1895 1417 ἀναλίσκεσθαι

206 1457 462 1527 ἐποίησεν
496 1458 525 1509 6
556 1454 706 1519 Θεὸς,
742 1454 829 1507 ἵνα
867 1454 942 1525 μὴ
972 1453 1223 1526 περιττὸν
1328 1451 1429 1522 τῆς
1456 1450 1671 1522 ἡμέρας
1698 1450 1759 1505 τὸ
1791 1451 1898 1523 μῆ-

207 1563 325 1609 κος,
350 1545 504 1598 οὐδὲν
552 1544 868 1612 δυναμένων
917 1544 1092 1596 ποιεῖν
1134 1540 1242 1595 τῶν
1264 1537 1587 1609 ἀνθρώπων.
1618 1539 1683 1593 Τί
1721 1541 1787 1594 ἄν
1811 1557 1898 1605 τις

207 1632 356 1687 είποι
385 1632 497 1685 τῶν
542 1630 701 1703 ὡρῶν
729 1630 829 1699 τὴν
856 1628 1133 1693 εὑταξίαν;
1174 1626 1291 1691 πῶς
1321 1627 1415 1680 καὶ
1441 1620 1600 1681 αὗται
1643 1626 1896 1696 καθάπερ

208 1720 475 1793 παρθένοι
507 1718 652 1781 τινὲς
697 1714 1017 1788 χορεύουσαι
1051 1718 1109 1769 ἐν
1142 1715 1330 1786 κύκλῳ
1375 1713 1516 1786 μετά
1563 1713 1766 1784 πολλῆς
1795 1714 1899 1785 τῆς

210 1808 469 1874 εὐταξίας
487 1806 724 1877 ἀλλήλας
744 1805 1096 1876 διαδέχονται,
1131 1805 1226 1858 καὶ
1257 1803 1400 1857 κατά
1431 1801 1627 1874 μικρὸν
1649 1803 1745 1856 καὶ
1772 1803 1901 1872 ἀψο-

211 1898 347 1969 φητὶ
358 1896 495 1967 πρὸς
514 1894 614 1958 τὰς
629 1892 877 1957 ἐναντίας
902 1895 958 1947 αί
987 1891 1148 1964 μέσαι
1175 1889 1587 1955 διαϐιϐάζουσαι
1615 1890 1677 1943 οὑ
1694 1889 1899 1943 παύον-

209 2001 328 2048 ται;
360 1984 460 2037 Διὰ
474 1980 633 2037 τοῦτο
659 1978 784 2034 οὔτε
806 1979 915 2034 άπὸ
935 1978 1204 2051 χειμῶνος
1230 1980 1263 2049 ή
1272 1979 1377 2049 μᾶς
1396 1977 1701 2048 διαδέχεται
1717 1976 1898 2049 θέρος,
1920 1969 1927 1978 ’

210 2074 341 2127 οὔτε
372 2070 580 2126 ἐκεῖθεν
608 2067 816 2141 χειμὼν
832 2067 1054 2133 εὐθέως,
1090 2067 1226 2122 άλλά
1260 2066 1425 2138 μέσον
1449 2064 1900 2137 παρεμϐέϐληται

209 2162 272 2215 τὸ
296 2161 422 2232 ἔαρ,
439 2158 581 2213 ὥστε
596 2158 781 2231 ἡρέμα
795 2156 890 2211 καὶ
911 2156 1055 2210 κατά
1085 2155 1282 2228 μικρὸν
1308 2154 1704 2226 διαδεχομένων
1720 2155 1752 2224 ἡ
1761 2152 1899 2223 μῶν,

211 2247 625 2318 πεπυκνωμένα
659 2244 729 2299 τά
757 2243 984 2315 σώματα
1026 2244 1251 2308 ἀλύπως
1286 2243 1586 2315 προσάγειν
1618 2241 1698 2312 τῷ
1729 2240 1898 2313 θέρει.

223 2337 448 2407 Ἐπειδὴ
472 2336 582 2405 γὰρ
601 2335 657 2388 αί
691 2332 883 2404 ἀθρόαι
912 2333 1049 2403 πρὸς
1075 2332 1135 2385 τὸ
1159 2331 1403 2385 ἐναντίον
1427 2329 1725 2402 μεταϐολαὶ
1749 2330 1904 2385 νόσον

210 2429 311 2482 καὶ
335 2424 542 2495 βλάϐην
558 2423 802 2477 τίκτουσι
818 2420 917 2492 τὴν
943 2420 1202 2491 ἐσχάτην,
1227 2419 1579 2491 ᾠκοδόμησεν
1599 2420 1628 2473 6
1648 2418 1782 2483 Θεὸς
1796 2417 1905 2472 άπὸ

214 2517 321 2585 μὲν
351 2513 448 2568 τοῦ
479 2512 748 2585 χειμῶνος
787 2512 936 2582 ἡμᾶς
957 2510 1019 2565 τὸ
1052 2511 1154 2581 ἔαρ
1180 2509 1543 2581 διαδέχεσθαι,
1585 2507 1692 2562 ἀπὸ
1720 2507 1777 2561 δέ
1805 2503 1904 2560 τοῦ

215 2604 387 2675 ἔαρος
415 2603 478 2656 τὸ
507 2601 686 2673 θέρος,
721 2600 829 2654 ἀπὸ
881 2600 939 2654 δέ
989 2599 1084 2653 τοῦ
1120 2599 1312 2672 θέρους
1341 2598 1404 2651 τὸ
1430 2598 1769 2670 μετόπωρον,
1808 2597 1905 2651 καὶ

208 2691 363 2747 o’wm
389 2690 471 2762 τῷ
496 2690 725 2762 χειμῶνι
751 2689 1166 2761 παραπέμπειν,
1186 2687 1327 2742 ὥστε
1352 2687 1612 2751 ἀϐλαϐεῖς
1632 2686 1729 2740 καὶ
1763 2686 1905 2740 κατὰ

213 2782 421 2854 μικρὸν
450 2781 549 2844 τὰς
601 2779 900 2850 μεταϐολὰς
944 2778 1043 2842 τὰς
1091 2781 1155 2832 ἐκ
1199 2778 1308 2831 τῶν
1342 2778 1603 2832 ἐναντίων
1634 2775 1793 2848 ὡρῶν
1819 2776 1907 2830 διὰ

208 2871 326 2924 τῶν
367 2871 549 2940 μέσων
580 2871 712 2940 ἡμῖν
765 2866 1098 2937 ἐγγίνεσθαι.
1137 2866 1234 2931 Τίς
1262 2861 1356 2920 οὖν
1388 2866 1564 2930 οὕτως
1594 2865 1778 2930 ἄθλιος
1811 2865 1908 2919 καὶ

209 2958 588 3028 ταλαίπωρος,
622 2957 681 3021 ὃς
706 2955 848 3028 ὁρῶν
872 2958 971 3028 μὲν
991 2956 1241 3026 οὐρανὸν,
1275 2956 1417 3027 ὁρῶν
1435 2956 1491 3009 δὲ
1520 2954 1790 3009 θάλατταν
1811 2953 1907 3007 καὶ

210 3049 347 3120 γῆν,
384 3048 529 3119 ὀρῶν
557 3049 614 3101 δὲ
642 3047 913 3117 τοσαύτην
951 3046 1111 3119 ὡρῶν
1151 3046 1449 3118 εὐκρασίαν
1474 3044 1648 3108 οὕτως
1679 3045 1903 3117 ἀκριϐῆ,

210 3139 318 3191 καὶ
356 3137 571 3207 ἡμέρας
604 3137 697 3190 καὶ
721 3136 913 3197 νυκτὸς
946 3135 1286 3189 ἀδιάπτωτον
1319 3133 1494 3198 τάξιν,
1531 3132 1775 3204 νομίζειν
1808 3133 1907 3187 αὑ-

212 3242 278 3278 το
287 3226 479 3295 μάτως
500 3224 670 3279 ταῦτα
691 3223 967 3293 γενέσθαι,
985 3222 1122 3278 ἀλλά
1142 3223 1216 3295 μὴ
1239 3224 1566 3294 προσκυνεῖν
1581 3222 1671 3275 τὸν
1694 3221 1909 3275 ἅπαντα

216 3313 401 3369 ταῦτα
414 3314 555 3385 μετά
572 3313 764 3382 σοφίας
790 3313 891 3383 τῆς
908 3311 1294 3384 προσηκούσης
1314 3309 1706 3382 διαταξάμενον
1723 3329 1736 3371 ;
1758 3311 1910 3381 Ἔχω

218 3420 276 3456 τι
315 3404 415 3456 καὶ
448 3403 608 3456 πλέον
629 3402 834 3456 τούτων
856 3404 1032 3457 εἰπεῖν
1052 3418 1066 3432 ο
1099 3401 1161 3454 οὑ
1193 3401 1302 3471 γάρ
1318 3399 1382 3471 δὴ
1407 3400 1566 3471 μόνον
1591 3399 1653 3452 τὸ
1684 3399 1912 3471 μέγεθος

224 3487 325 3542 καὶ
359 3487 573 3551 κάλλος,
613 3487 750 3541 ἀλλά
790 3486 888 3540 καί
928 3485 1090 3549 αὐτὸς
1117 3486 1145 3538 6
1176 3485 1379 3556 τρόπος
1412 3484 1509 3555 τῆς
1547 3483 1912 3554 δημιουργίας

224 3578 485 3649 ἐμφαίνει
510 3575 606 3631 τὸν
626 3575 1033 3647 ωγκροτοῦντα
1053 3575 1124 3627 τά
1151 3575 1329 3628 πάντα
1359 3572 1512 3626 Θεόν.
1552 3572 1774 3642 Ἐπειδὴ
1801 3571 1912 3644 γὰρ

224 3665 470 3729 κτίζοντι
502 3665 599 3718 καὶ
650 3662 1077 3736 δημιουργοῦντι
1105 3662 1283 3716 πάντα
1328 3659 1481 3732 παρὰ
1508 3659 1607 3731 τὴν
1635 3658 1810 3731 ἀρχὴν
1850 3661 1913 3713 οὑ

220 3754 506 3824 παρῆμεν,
533 3753 655 3806 ούδέ
684 3754 734 3805 εί
766 3752 1047 3822 παρῆμεν,
1080 3750 1293 3820 εἴδομεν
1316 3748 1383 3802 ἂν
1417 3747 1536 3812 πῶς
1557 3747 1794 3816 ἐγένετο,
1815 3749 1916 3819 τῆς

219 3842 468 3914 ἀοράτου
507 3842 790 3911 δυνάμεως
846 3838 988 3893 αὑτά
1034 3836 1586 3906 κατασκευαζούσης,
1632 3836 1798 3889 αὑτὸν
1823 3837 1916 3890 τὸν

217 3930 434 4002 τρόπον
458 3930 555 4001 τῆς
593 3927 956 3999 δημιουργίας
988 3929 1121 3998 ἡμῖν
1154 3926 1378 3997 ἄριστον
1409 3925 1666 3996 ἐποίησεν
1692 3925 1915 3993 ἐγγενέ-

221 4018 358 4073 σθαι
375 4018 715 4084 διδάσκαλον,
734 4018 875 4089 ὑπὲρ
897 4015 1114 4086 φύσεως
1130 4014 1451 4068 ἀκολουθίαν
1474 4012 1688 4075 συνθεὶς
1701 4012 1916 4067 ἅπαντα

217 4109 292 4163 ⁸ιά
322 4107 613 4179 γενόμενα.
655 4106 809 4178 Τάχα
826 4103 1200 4175 ἀσαφέστερόν
1226 4104 1375 4156 ἐστιν
1408 4103 1543 4174 ὅπερ
1570 4097 1725 4155 εἷπον
1748 4118 1763 4131 ·
1790 4102 1918 4154 οὑκ-

217 4198 320 4251 οῧν
354 4197 567 4267 ἀνάγκη
602 4194 936 4266 σαφέστερον
990 4192 1149 4246 τοῦτο
1184 4191 1347 4246 πάλιν
1381 4192 1577 4244 εἰπεῖν·
1611 4191 1821 4254 Πάντες
1851 4188 1919 4243 ἂν

218 4286 647 4358 ὁμολογήσαιεν,
677 4286 758 4339 ὅτι
782 4280 997 4354 φύσεώς
1024 4284 1173 4335 ἐστιν
1206 4279 1498 4334 ἀκολουθία
1520 4279 1582 4332 τὸ
1611 4278 1755 4351 ὕδωρ
1778 4279 1920 4347 ὑπὲρ

217 4376 328 4447 τὴν
373 4374 480 4444 γῆν
526 4373 807 4444 φέρεσθαι,
842 4371 957 4426 ἀλλ’
989 4370 1112 4440 οὐχὶ
1138 4369 1238 4441 τὴν
1265 4368 1369 4438 γῆν
1404 4367 1500 4421 ἐπὶ
1535 4367 1644 4420 τῶν
1674 4367 1913 4421 ὑδάτων·

219 4468 253 4535 ὴ
291 4464 399 4535 μὲν
427 4465 538 4535 γάρ
558 4465 629 4535 γῆ
660 4463 841 4533 πυκνή
870 4479 953 4526 τις
988 4455 1125 4515 οὖσα
1150 4459 1246 4512 καὶ
1267 4458 1481 4529 σκληρά
1506 4459 1602 4511 καὶ
1628 4457 1920 4521 ἀντίτυπος

222 4555 323 4608 καὶ
361 4554 608 4623 συνεχὴς,
649 4552 846 4624 ῥαδίως
893 4549 1119 4604 δύναται
1171 4547 1385 4617 στέγειν
1420 4546 1532 4600 τῶν
1568 4545 1779 4599 ὑδάτων
1820 4544 1921 4616 τὴν

223 4642 399 4711 φύσιν
425 4658 438 4670 ⁸
469 4641 527 4693 τὸ
553 4640 607 4693 δὲ
654 4640 798 4712 ὕδωρ
830 4638 987 4711 ῥυτὸν
1018 4637 1078 4691 ὃν
1102 4637 1196 4690 καὶ
1215 4636 1436 4706 χαῦνον,
1478 4634 1717 4705 μαλακόν
1740 4650 1799 4686 τε
1825 4634 1922 4686 καὶ

222 4729 509 4802 διαρρέον,
538 4730 770 4792 καὶτοῖς
815 4727 1182 4799 ἐμπίπτουσιν
1224 4723 1371 4779 εἶκον
1410 4725 1635 4784 ἀπασιν,
1666 4721 1819 4774 οὐδὲν
1855 4723 1924 4775 ἂν

222 4817 489 4887 δυνηθείη
528 4816 688 4888 σῶμα
714 4816 947 4885 στέγειν,
974 4813 1079 4868 κᾶν
1096 4813 1305 4885 σφόδρα
1329 4813 1660 4880 κουφότατον
1794 4809 1925 4864 πολ-

220 4908 393 4971 λάκις
418 4907 550 4976 γοῦν
588 4907 820 4977 ψηφῖδος
849 4906 1053 4978 μικράς
1089 4903 1441 4975 ἐμπεσούσης
1487 4896 1619 4967 εἶξε,
1656 4902 1751 4956 καὶ
1782 4916 1925 4971 παρ-

221 4997 504 5069 ἐχώρησε,
549 4995 645 5050 καὶ
670 4995 808 5066 πρὸς
830 4994 894 5067 τὸ
926 4993 1089 5065 βάθος
1136 4993 1307 5063 αὐτὴν
1343 4990 1727 5063 παρέπεμψεν.
1756 4990 1925 5044 ’Όταν

222 5081 321 5139 οὖν
340 5084 458 5155 ἴδῃς
475 5083 594 5155 οὐχὶ
611 5082 822 5155 ψηφῖδα
847 5081 1070 5153 μικράν.
1098 5081 1237 5137 άλλά
1257 5080 1356 5153 τὴν
1385 5082 1488 5152 γῆν
1517 5080 1736 5135 ἃπασαν
1755 5079 1925 5151 ὑπερ-

225 5176 351 5229 ἀνω
398 5173 512 5225 τῶν
542 5171 754 5227 ὑδάτων
788 5171 1097 5244 φερομένην
1123 5171 1220 5225 καί¹
1249 5169 1324 5243 μὴ
1357 5166 1921 5239 καταποντιζομένην,

227 5262 519 5333 θαύμασον
548 5261 649 5333 τὴν
665 5258 894 5332 δύναμιν
913 5261 1012 5333 τὴν
1028 5259 1170 5331 ὑπὲρ
1186 5259 1349 5329 φύσιν
1372 5256 1547 5311 ταῦτα
1581 5256 1929 5328 θαυματουρ-

225 5351 460 5421 γοῦσαν.
490 5351 603 5405 Καὶ
634 5349 797 5404 πόθεν
831 5349 991 5404 τοῦτο
1016 5348 1194 5420 δῆλον,
1238 5348 1321 5400 ὄτι
1361 5349 1393 5415 ἠ
1424 5349 1495 5418 γῆ
1521 5346 1782 5419 ὑπεράνω
1814 5343 1926 5398 τῶν

227 5439 446 5493 ὑδάτων
468 5438 723 5510 φέρεται;
748 5438 807 5493 '0
828 5438 1117 5511 προφήτης
1142 5435 1301 5490 τοῦτό
1331 5452 1515 5507 φησιν,
1544 5433 1689 5488 οὕτω
1713 5433 1889 5502 λέγων
1908 5450 1923 5465 ’

223 5524 421 5590 Αὐτὸς
458 5523 558 5576 ἐπὶ
585 5521 919 5579 θαλασσῶν
967 5522 1365 5592 ἐθεμελίωσεν
1412 5517 1629 5584 αὐτὴν,
1677 5518 1778 5573 καὶ
1825 5517 1926 5572 ἐπὶ

229 5610 520 5682 ποταμῶν
547 5611 703 5685 [102]
735 5611 1069 5682 ἡτοίμασεν
1107 5610 1322 5675 αὐτήν.
1362 5609 1473 5661 Καὶ
1511 5606 1695 5670 πάλιν,
1728 5605 1811 5672 Τῷ
1831 5609 1918 5661 68-

229 5702 597 5771 μελιὼσαντι
628 5700 747 5768 τὴν
771 5699 893 5771 γῆν
921 5698 1163 5754 ἐπὶτῶν
1189 5698 1444 5754 ὑδάτων.
1479 5696 1544 5749 Τί
1583 5695 1793 5763 λέγεις;
1818 5695 1928 5767 ψη-

232 5791 366 5859 φῖδα
392 5790 597 5861 μικράν
618 5788 765 5859 ὕδωρ
792 5789 884 5842 ἐπὶ
906 5787 1016 5842 τῶν
1037 5788 1221 5842 νώτων
1233 5787 1335 5841 ούκ
1355 5786 1420 5840 ἂν
1439 5784 1693 5855 δυνηθείη
1728 5783 1929 5853 βαστά-

235 5891 356 5938 σαι,
382 5876 474 5929 καὶ
508 5876 614 5945 γῆν
645 5874 912 5944 τοσαύτην
946 5873 1120 5947 φέρει.
1155 5873 1250 5928 καὶ
1276 5872 1400 5943 ὖρη,
1433 5871 1524 5925 καὶ
1564 5869 1806 5940 βουνοὺς,
1832 5869 1927 5923 καὶ

232 5963 441 6027 πόλεις,
498 5965 595 6018 καὶ
657 5963 936 6034 φυτᾶι.καλ⁸
987 5961 1328 6034 ἀνθρώπους.
1371 5961 1465 6014 καὶ
1522 5959 1716 6027 ἄλογα,
1743 5957 1841 6028 καὶ
1862 5958 1925 6012 οὑ

234 6047 724 6116 καταποντῖζεται;
748 6047 802 6101 τί
823 6046 987 6116 λέγω,
1006 6047 1064 6099 ού
1089 6043 1578 6110 κπαποντίιζεταη
1608 6044 1722 6107 πῶς
1748 6041 1925 6096 κάτω-

1226 372 1321 428 Δὶ)
1361 368 1690 432 POPULUM
1726 367 2232 425 ANI‘IULHENUM
2266 366 2500 426 HOMIL.
2560 374 2649 427 lx.

3579 371 3683 429 108

2005 482 2097 536 θεν
2126 482 2445 555 ὁμιλοῦντος
2476 485 2614 556 αὐτῇ
2650 481 2745 539 τοῦ
2777 482 2968 548 ὓδατος
2998 481 3251 538 τοσοῦτον
3278 483 3468 556 χρόνον
3514 484 3575 539 ού
3599 484 3685 542 δι-

1995 571 2162 642 ελύθη
2199 572 2296 625 καὶ
2341 572 2514 643 πηλὸς
2540 573 2733 641 γέγονε
2772 573 2835 626 τὺ
2862 574 3007 636 πᾶν;
3038 572 3104 626 Ei
3129 573 3240 645 γὰρ
3274 572 3446 638 ξύλων
3477 574 3686 645 ιφύσις

1998 656 2154 712 ὕδασι
2174 658 2381 730 βραχὺν
2403 658 2793 732 ἐνδιατρίψασα
2803 659 2993 731 χρόνον
3010 661 3244 733 σήπεται
3266 660 3362 714 καὶ
3385 660 3683 717 διαλύεται·

1994 747 2091 799 κα)⁸
2119 747 2173 800 τί
2200 746 2347 815 λέγω
2377 745 2551 814 ξύλων
2577 746 2774 817 φύσις,
2796 746 2850 800 τί
2884 747 3104 819 σιδήρου
3141 747 3340 818 γένοιτ’
3370 747 3438 805 ἂν
3456 748 3690 803 εὐτονώ-

1998 850 2092 905 ρον
2114 850 2130 897 ;
2156 834 2294 889 ἀλλὰ
2313 835 2409 889 καὶ⁵
2435 826 2593 900 οὗτος
2615 835 2910 906 χαυνοῦται
2937 836 3221 902 πολλάκις,
3240 838 3369 892 ὅταν
3394 836 3689 902 διαπαντὸς

1994 924 2054 976 ἐν
2082 920 2238 977 ὕδατι
2269 922 2407 996 μένῃ
2436 940 2451 955 σ
2480 923 2581 976 καὶ
2630 923 2777 994 μάλα
2820 924 3047 989 είκότως
3066 939 3081 954 ⁸
3127 925 3224 979 καὶ
3256 925 3368 997 γὰρ
3398 927 3494 979 κα)⁵
3521 926 3689 984 αὑτὸς

1994 1009 2103 1064 ἀπὸ
2128 1010 2232 1080 γῆς
2262 1009 2376 1081 ἔχει
2416 1010 2515 1082 τὴν
2556 1010 2813 1082 ὓπαρξιν.
2863 1012 2963 1066 Διὰ
3000 1011 3159 1066 τοῦτο
3193 1013 3381 1067 πολλοὶ
3413 1014 3524 1069 τῶν
3553 1013 3687 1086 δρα-

1995 1098 2331 1152 πετευόντων
2358 1098 2606 1162 οἰκετῶν.
2634 1099 2856 1155 ἐπειδάν
2883 1101 2983 1165 τὰς
3013 1100 3179 1165 πέδας
3209 1101 3302 1154 καὶ
3329 1101 3429 1165 τὰς
3461 1099 3688 1159 ἁλύσεις

1996 1186 2377 1258 ἐπισυρόμενοι
2405 1185 2643 1256 φύγωσι,
2663 1188 2816 1258 παρά
2830 1187 3039 1260 ῥύακας
3062 1188 3273 1242 ὑδάτων
3302 1188 3571 1253 ἐλθόντες,
3590 1190 3688 1246 καὶ

1995 1274 2312 1347 δεδεμένους
2329 1275 2558 1330 ἐναποθέ
2567 1294 2715 1347 μενοι
2731 1277 2858 1340 τοὺς
2883 1276 3046 1339 πόδας
3076 1279 3188 1340 τοῖς
3222 1275 3404 1342 ὕδασι,
3437 1279 3534 1332 καὶ
3557 1294 3689 1349 χαυ-

1997 1364 2217 1436 νότερον
2267 1365 2443 1439 ταύτῃ
2493 1366 2823 1436 ποιήσαντες
2879 1364 2972 1417 τὸν
3023 1363 3263 1435 σίδηρον,
3307 1364 3508 1436 ῥᾳδίως
3554 1365 3693 1438 λίθῳ

1998 1452 2253 1516 παίοντες
2296 1453 2610 1508 διακλῶσιν.
2670 1447 2806 1507 Εἶτα
2837 1452 3059 1523 σίδηρος
3090 1453 3189 1522 μὲν
3238 1450 3554 1523 χαυνοῢται,
3593 1456 3695 1511 καὶ

1999 1539 2133 1607 ξύλα
2162 1542 2418 1613 σήπεται,
2454 1542 2551 1596 καὶ
2578 1541 2717 1595 λίθοι
2761 1540 3078 1612 φθείρονται
3113 1539 3221 1593 ὑπὸ
3248 1541 3344 1612 τῆς
3376 1540 3408 1580 δ
3433 1541 3540 1594 τῶν
3565 1542 3695 1597 ὑδά-

1998 1644 2108 1683 των
2134 1628 2372 1698 φύσεως.
2403 1631 2509 1700 γῆς
2535 1629 2593 1682 δὲ
2625 1629 2791 1698 ὄγκος
2812 1629 3070 1692 τοσοῦτος
3098 1628 3195 1680 ἐπὶ
3220 1627 3472 1682 τοσοῦτον
3498 1628 3697 1699 χρόνον

2002 1716 2350 1788 ἐπικείμενος
2368 1721 2480 1783 τοῖς
2511 1717 2717 1785 ὑδασιν,
2745 1715 2870 1771 οὔτε
2884 1715 3306 1789 κατεποντίσθη,
3324 1715 3449 1771 οὕτε
3473 1716 3699 1791 διελύθη

2001 1804 2098 1859 καὶ
2123 1802 2394 1862 ἀπώλετο.

2070 1893 2134 1947 δ’.
2153 1895 2264 1948 Καὶ
2279 1894 2365 1958 τίς
2382 1895 2483 1949 οὑκ
2500 1893 2565 1949 ἂν
2580 1892 2880 1967 ἐκπλαγείη
2903 1892 3078 1949 ταῦτα
3100 1894 3196 1949 καὶ
3211 1892 3510 1966 θαυμάσειε
3533 1907 3579 1956 ο,
3601 1898 3697 1952 καὶ

2003 1980 2223 2055 θαρρῶν
2251 1982 2320 2038 ἀν
2346 1982 2513 2047 είποι,
2540 1982 2660 2053 οὐχὶ
2678 1982 2896 2053 φύσεως
2915 1980 3056 2037 εἶναι
3082 1982 3242 2055 ἔργα,
3267 1982 3404 2037 ἀλλὰ
3427 1987 3529 2055 τῆς
3551 1985 3694 2056 ὑπὲρ

2005 2070 2167 2140 φύσιν
2200 2071 2499 2143 Προνοίας;
2521 2071 2621 2125 Διά
2647 2070 2823 2125 ταῦτά
2846 2071 2934 2136 τίς
2960 2087 3151 2141 φησιν·
3168 2071 3233 2125 '0
3254 2071 3563 2143 κρεμάσας
3579 2072 3698 2141 τὴν

2004 2158 2123 2229 γῆν
2149 2159 2239 2213 ἐπ’
2255 2159 2509 2227 οὐδενός
2526 2177 2542 2192 ο
2576 2159 2736 2224 ἄλλος
2754 2159 2814 2214 δέ
2842 2177 2931 2224 τις
2948 2198 2965 2224 ,
3009 2161 3115 2214 Ἐν
3133 2158 3210 2228 τῇ
3241 2160 3396 2231 χειρί
3413 2162 3601 2216 αὐτοῦ
3620 2162 3699 2215 τὰ

2003 2247 2230 2316 πέρατα
2252 2246 2362 2317 τῆς
2377 2245 2492 2318 γῆς
2512 2264 2528 2279 ο
2559 2249 2674 2313 καὶ,
2690 2249 2772 2302 ὅτι
2786 2248 2914 2302 Ἐπί
2941 2246 3274 2304 θαλασσῶν
3300 2247 3701 2319 ἐθεμελίωσεν

2003 2333 2217 2403 αὐτήν.
2251 2334 2357 2390 Καὶ
2383 2336 2533 2390 δοκεῖ
2562 2336 2664 2408 μὲν
2708 2335 2928 2390 ἐναντία
2975 2335 3152 2391 ταῦτα
3190 2330 3351 2401 εἶναι,
3407 2338 3610 2410 πολλὴν
3641 2338 3699 2397 δὲ

2006 2421 2120 2493 ἔχει
2142 2422 2241 2494 τὴν
2262 2424 2603 2495 συμφωνίαν.
2651 2424 2710 2477 '0
2753 2424 2864 2497 γὰρ
2901 2423 3091 2488 εἰπὼν,
3127 2425 3211 2478 ὅτι
3253 2425 3387 2480 Ἐπί
3415 2427 3534 2479 τῶν
3554 2426 3701 2481 ὺδιί-

2004 2525 2124 2562 των
2140 2508 2538 2578 ἐθεμελίωσεν
2575 2510 2793 2579 αὐτὴν,
2834 2511 3032 2565 ταυτὸν
3055 2507 3180 2565 εἷπε
3214 2513 3293 2584 τῷ
3319 2515 3584 2585 εἰρηκότι.
3615 2515 3700 2569 ὃτι

2006 2598 2095 2650 ἐπ’
2123 2596 2337 2662 οὑδενὸς
2358 2598 2530 2671 αὐτὴν
2545 2600 2823 2671 ἐκρέμασε
2849 2616 2862 2629 ο
2888 2600 2949 2653 τὸ
2978 2599 3087 2672 γάρ
3118 2602 3212 2654 ἐπὶ
3235 2602 3446 2656 ὑδάτων
3476 2604 3699 2659 ἑστάναι

2009 2685 2121 2739 ἴσον
2151 2686 2271 2739 ἐστὶ
2297 2685 2393 2739 τοῦ
2421 2688 2737 2759 κρέμασθαι
2765 2690 2850 2742 ἐπ’
2883 2687 3121 2751 οὐδενός.
3152 2688 3264 2743 Ποῦ
3298 2686 3392 2744 οὖν
3423 2691 3700 2762 κρέμαται

2008 2774 2104 2827 καὶ
2126 2773 2357 2845 ἕστηκεν
2378 2791 2392 2840 ;
2416 2775 2684 2830 ’Ἄκουσον
2705 2775 2798 2831 τοῦ
2823 2777 2989 2831 αὑτοῦ
3021 2777 3301 2845 λέγοντος·
3327 2779 3431 2833 Ἐν
3457 2778 3531 2847 τῇ
3549 2781 3699 2847 χειρὶ

2008 2862 2195 2918 αὑτοῦ
2217 2863 2291 2917 τὰ
2325 2862 2551 2932 πέρατα
2564 2865 2677 2934 τῆς
2709 2864 2823 2936 γῆς
2843 2882 2856 2899 ⁸
2888 2868 2988 2937 ούχ
3012 2866 3094 2920 ὅτι
3122 2869 3312 2939 χεῖρας
3341 2866 3455 2937 ἔχει
3493 2870 3522 2920 6
3544 2869 3698 2931 Θεὸς,

2008 2948 2234 3005 ἀλλ’ἵνα
2252 2951 2430 3025 μάθῃς
2458 2952 2543 3006 ὅτι
2565 2954 2599 3023 ή
2628 2951 2855 3024 δύναμις
2889 2952 3055 3007 αὑτοῦ
3073 2954 3106 3025 ή
3123 2953 3352 3026 προνοοῦ
3362 2971 3428 3007 σα
3456 2957 3700 3020 πάντων,

2008 3035 2147 3110 αὓτη
2177 3039 2325 3092 ἐστὶν
2351 3041 2385 3111 ἡ
2416 3039 2800 3112 συγκρατοῠσα
2828 3042 2927 3095 καὶ
2957 3040 3400 3107 διαϐαστάζουσα
3419 3041 3447 3081 ιι
3466 3042 3527 3096 τὸ
3541 3043 3699 3112 σῶμα

2008 3131 2108 3201 τῆς
2132 3128 2262 3201 γῆς.
2302 3130 2444 3185 Ἀλλ’
2462 3131 2523 3184 ού
2560 3130 2721 3204 πείθῃ
2743 3133 2857 3194 τοῖς
2884 3132 3234 3203 είρημένοις;
3270 3131 3569 3188 Πίστευσον
3589 3135 3704 3199 τοῖς

2009 3221 2308 3293 ὁρωμένοις
2327 3238 2343 3253 ο
2381 3220 2606 3292 καὶγὰρ
2629 3224 2723 3275 καὶ
2751 3224 2836 3290 ἐφ’
2861 3223 3050 3294 ἐτέρου
3085 3222 3349 3294 στοιχείου
3367 3223 3465 3294 τὴν
3490 3223 3705 3294 θαυμαη

2010 3310 2273 3380 τουργίαν
2306 3311 2513 3382 ταύτην
2562 3310 2716 3364 ἔστιν
2751 3311 2957 3380 εὑρεῖν.
2994 3310 3102 3364 Τοῦ
3128 3312 3239 3383 γάρ
3268 3311 3440 3383 πυρὸς
3472 3313 3505 3383 ἡ
3539 3311 3703 3381 φύσις

2012 3398 2305 3470 άνωφερής
2331 3399 2415 3462 τίς
2449 3401 2567 3452 ἐστι
2590 3401 2685 3453 καὶ
2704 3400 2842 3471 πρὸς
2868 3400 2930 3453 τὸ
2959 3399 3093 3470 ὕψος
3119 3401 3207 3454 ἀεὶ
3228 3401 3404 3471 πηδᾷν
3428 3402 3522 3454 καὶ
3547 3400 3707 3455 ἀλλε-

2016 3487 2140 3542 σθαι
2180 3488 2412 3557 πέφυκε,
2442 3486 2544 3542 κᾶν
2578 3488 2746 3558 μυρία
2775 3488 2936 3561 βιάσῃ
2983 3491 3081 3544 καὶ
3110 3490 3562 3563 καταναγκάσης,
3601 3491 3706 3547 οὐκ

2015 3575 2083 3630 ἂν
2115 3577 2405 3648 ἀνάσχοιτο
2435 3576 2536 3648 τῆς
2562 3577 2712 3632 κάτω
2734 3579 2926 3650 φορᾶς.
2955 3579 3222 3644 Πολλάκις
3244 3578 3375 3650 γοῦν
3404 3579 3537 3649 δᾷδα
3555 3596 3707 3633 καιο-

2019 3665 2188 3736 μένην
2214 3676 2238 3704 ο
2268 3665 2548 3729 λαϐόντες,
2570 3666 2665 3719 καὶ
2689 3666 2832 3719 κατὰ
2852 3666 3097 3738 κεφαλῆς
3120 3667 3403 3731 κλίναντες
3419 3667 3515 3720 τοῦ
3533 3666 3708 3739 πυρὸς

2014 3753 2115 3823 τὴν
2142 3752 2319 3825 ὁρμὴν
2352 3754 2453 3807 οὑκ
2484 3754 2880 3823 ἠναγκάσαμεν
2895 3755 3048 3809 κάτω
3074 3755 3456 3814 νεῦσαι,.άλλά
3489 3756 3585 3809 καὶ
3608 3755 3705 3811 οὓς

2015 3857 2125 3904 τως
2161 3842 2274 3895 άνω
2317 3841 2521 3913 τρέχει,
2552 3841 2648 3895 καὶ
2677 3842 2816 3914 πρὸς
2853 3844 2916 3897 τὺ
2944 3843 3078 3915 ύψος
3105 3845 3387 3913 ἐπείγεται
3415 3844 3664 3899 κάτωθεν
3686 3863 3701 3878 ·

2018 3930 2111 3983 ἐπὶ
2137 3929 2193 3983 δέ
2224 3929 2317 3983 τοῦ
2346 3930 2498 4001 ἡλίου
2518 3932 2831 3987 τούναντίον
2869 3932 3019 3987 ἆπαν
3041 3933 3298 4004 ἐποίησεν
3335 3935 3365 3987 6
3405 3934 3572 3996 Θεός·
3606 3934 3710 3998 τάς

2018 4018 2129 4089 γάρ
2144 4018 2369 4081 ἀκτῖνας
2391 4018 2555 4072 αὑτοῦ
2579 4019 2716 4090 πρὸς
2729 4018 2827 4089 τὴν
2856 4020 2960 4091 γῆν
2980 4019 3196 4091 ἔτρεψε,
3222 4022 3317 4074 καὶ
3341 4022 3402 4075 τὸ
3427 4020 3543 4090 φῶς
3556 4022 3711 4077 κάτω

2018 4105 2195 4158 νεύειν
2209 4106 2458 4177 ἐποίησε,
2489 4108 2769 4178 μονονουχὶ
2797 4107 2971 4177 λέγων
2994 4109 3144 4178 αὑτῷ
3176 4109 3264 4163 διά
3284 4107 3381 4162 τοῦ
3403 4110 3705 4180 σχήματος·

2020 4193 2189 4248 Κάτω
2220 4194 2405 4265 βλέπε,
2442 4196 2597 4268 φησι,
2632 4197 2729 4250 καὶ
2765 4199 2877 4260 τοῖς
2905 4195 3217 4269 ἀνθρώποις
3236 4201 3406 4268 ’φαῖνε
3430 4215 3446 4230 ⁸
3480 4199 3571 4254 διὰ
3598 4200 3711 4270 γὰρ

2023 4284 2267 4349 ἐκείνους
2295 4284 2502 4353 ἐγένου.
2536 4287 2647 4340 Καὶ
2670 4285 2866 4356 λύχνου
2904 4282 3013 4357 μὲν
3036 4285 3170 4355 φλὸξ
3191 4287 3291 4341 οὑκ
3318 4286 3386 4341 ἂν
3418 4288 3712 4359 ἀνάσχοιτο

2022 4372 2182 4426 τοῦτο
2212 4373 2424 4436 παθεῖν,
2442 4374 2641 4445 ἄστρον
2668 4374 2726 4427 δέ
2753 4373 2896 4429 οὑτω
2922 4374 3065 4445 μέγα
3090 4376 3185 4428 καὶ
3213 4374 3533 4446 θαυμαστὸν
3555 4375 3711 4429 κάτω

2023 4460 2192 4525 νεύει,
2228 4461 2324 4514 καὶ
2352 4461 2489 4533 πρὸς
2518 4463 2619 4533 τὴν
2650 4463 2754 4533 γῆν
2802 4462 2989 4533 βλέπει
3046 4463 3379 4528 ἀπεναντίας
3412 4463 3491 4535 τῷ
3548 4464 3706 4535 πυρὶ,

2023 4546 2111 4600 διὰ
2142 4548 2243 4617 τὴν
2273 4547 2365 4600 τοῦ
2402 4547 2557 4622 [105]
2589 4548 2950 4614 κελεύσαντος
2986 4548 3238 4621 δύναμιν.
3270 4549 3460 4605 Βούλει
3483 4552 3580 4606 καὶ
3594 4552 3716 4606 ἔτει

2026 4652 2119 4707 ρον
2147 4634 2287 4689 εἴπω
2321 4638 2596 4704 τοιοῦτον;
2630 4638 2713 4693 Τά
2739 4639 2884 4694 νῶτα
2918 4640 3011 4694 τοῦ
3055 4641 3293 4713 ούρανοῦ
3320 4641 3416 4696 τοῦ
3444 4642 3714 4713 φαινομέ-

2024 4740 2117 4777 νου
2151 4722 2323 4778 ὕδατα
2347 4724 2745 4799 περιλαμϐάνει
2773 4728 3058 4789 πάντοθεν,
3078 4730 3170 4782 καὶ
3192 4730 3253 4782 οὑ
3275 4731 3565 4802 καταρρεῖ,
3587 4729 3714 4784 οὐδὲ

2025 4811 2323 4879 ἐξίσταται,
2351 4814 2529 4869 καίτοι
2557 4832 2620 4883 γε
2636 4817 2743 4883 ,οὐκ
2775 4816 2892 4869 ἐστι
2919 4816 3141 4887 τοιαύτη
3167 4816 3276 4870 τῶν
3310 4816 3519 4871 ὑδάτων
3552 4818 3586 4889 ἡ
3610 4817 3715 4888 φύ-

2028 4917 2113 4965 σις
2131 4918 2146 4933 ·
2171 4901 2286 4956 ἀλλ’
2315 4904 2396 4967 είς
2424 4904 2526 4974 μὲν
2553 4903 2624 4957 τά
2649 4904 2806 4958 κοῖλα
2831 4905 3113 4977 συντρέχει
3145 4904 3373 4976 ῥᾳδίως·
3406 4905 3631 4961 ἐπειδάν
3653 4907 3715 4962 δὲ

2026 4986 2509 5064 κεκυρτωμένονῇ
2558 4990 2739 5061 σῶμα,
2774 4989 3117 5046 διολισθαίνει
3164 4992 3453 5059 πάντοθεν,
3484 4995 3715 5053 καὶούκ

2027 5076 2095 5132 ἂν
2122 5078 2286 5132 αὐτοῦ
2325 5080 2445 5133 οὐδέ
2465 5079 2662 5151 μικρὸν
2684 5078 2846 5148 σταίη
2882 5078 3050 5149 μέρος
3072 5079 3166 5132 ἐπὶ
3198 5080 3295 5135 τοῦ
3317 5082 3561 5137 τοιούτου
3579 5086 3717 5155 σχή-

2032 5184 2220 5237 ματος.
2270 5166 2409 5221 Ἀλλ’
2440 5168 2549 5220 ἰδοὺ
2580 5166 2642 5220 τὸ
2672 5165 2971 5236 παράδοξον
3009 5166 3170 5221 τοῦτο
3217 5169 3444 5239 γέγονεν
3485 5171 3580 5225 ἐπὶ
3602 5171 3715 5225 τῶν

2028 5254 2274 5326 οὐρανῶν
2293 5271 2306 5284 ·
2342 5255 2438 5309 καὶ
2459 5254 2616 5308 τούτο
2636 5253 2772 5309 αὑτὸ
2791 5241 2957 5308 πάλιν
2979 5255 3008 5308 6
3028 5257 3317 5329 προφήτης
3340 5258 3716 5329 αἰνιττόμενος

2029 5343 2178 5413 λέγει
2202 5361 2216 5374 ·
2236 5343 2464 5399 Αἰνεῖτε
2493 5341 2602 5396 τὸν
2623 5342 2864 5412 Κύριον,
2889 5342 2963 5397 τὰ
2981 5343 3175 5402 ὕδατα
3189 5346 3265 5401 τὰ
3288 5345 3566 5413 ὑπεράνω
3592 5343 3717 5400 τῶν

2030 5432 2324 5502 οὐρανῶν.
2355 5432 2466 5487 Καὶ⁸
2508 5430 2631 5486 οὔτε
2658 5432 2720 5486 τὸ
2762 5431 2909 5507 ὕδωρ
2939 5434 3031 5488 τὸν
3059 5436 3212 5511 ἥλιον
3254 5435 3497 5501 ἔσϐεσεν,
3533 5432 3657 5489 οὔτε
3686 5435 3719 5491 ὁ

2030 5522 2181 5594 ήλιος
2214 5522 2309 5576 ἐπὶ
2367 5521 2614 5577 τοσούτον
2646 5521 2837 5594 χρόνον
2862 5521 3098 5593 βαδίζων
3124 5522 3371 5579 κάτωθεν
3400 5523 3464 5576 τὸ
3503 5524 3716 5579 ἐπικεί-

2095 5735 2113 5802 ῗ
2140 5737 2293 5802 εθῖὶιρ
2323 5738 2459 5802 ἡγὰρ
2481 5735 2523 5797 ξέ

2092 5799 2120 5839 δ
2154 5806 2183 5849 Α
2196 5798 2245 5848 lii
2270 5798 2491 5861 ἀπὸ

2097 5864 2120 5928 ξ
2151 5863 2210 5928 AI
2220 5865 2248 5928 iAi
2262 5865 2667 5928 ὑπερθαυμάσας.

2094 5924 2121 5964 d
2148 5924 2558 5992 Quiﬂpm'mssly'}
2590 5925 2925 5992 συγκροτοῦσα
2951 5927 3166 5988 πάντων,
3198 5927 3280 5977 καὶ
3310 5928 3720 5988 διαϐαστάζουσα.

2030 5986 2144 6054 Μοκ
2166 5988 2364 6054 αυξᾶεηη
2388 5988 2606 6054 πείσθητι
2630 5986 2729 6045 τοῖς
2758 5990 3030 6054 ὁρωμένοις.

2102 6052 2125 6082 θ
2151 6049 2349 6112 Aliquot
2373 6063 2488 6100 mss.
2514 6052 2636 6116 δᾷδα
2654 6049 2886 6115 ἡμμένην,
2909 6053 2993 6102 alii
3013 6065 3126 6103 cum
3151 6052 3272 6102 Mor.
3298 6054 3422 6121 δᾷδα
3444 6058 3713 6121 καιομένην-
