4068 6460
403 487 564 541 μενον
616 468 946 539 ἀνεξήρανε-θ
994 465 1157 536 ὕδωρ.
1200 465 1385 517 Βούλει
1427 482 1485 517 σε
1519 464 1681 519 πάλιν
1727 466 1807 527 εἰς
1839 464 1939 534 τὴν
1974 463 2076 532 γῆν

398 556 821 627 καταγάγωμεν,
871 555 963 606 καὶ
1017 553 1078 606 τὸ
1110 552 1296 622 θαῦμα
1340 552 1732 623 ἐπιδείξωμενς
1778 552 1891 621 Οὐχ
1943 552 2072 621 ὁρᾷς

393 646 620 714 ταυτηνὶ
632 645 731 716 τὴν
753 642 1044 706 θάλατταν,
1070 640 1170 713 τὴν
1203 641 1462 712 κυμάτων
1488 641 1764 712 γέμουσαν
1793 639 1887 694 καὶ
1913 656 2071 693 πνευ-

397 736 585 807 μάτων
610 733 839 806 βιαίων;
878 731 996 786 ἀλλ’
1039 732 1179 803 αῦτη
1210 733 1245 802 ή
1278 731 1520 785 Θάλαττα
1566 732 1601 801 ή
1635 729 1946 801 εὐρύχωρος
1982 730 2075 781 καὶ

396 823 604 894 μεγάλη
636 822 730 876 καὶ
766 819 1068 892 μαινομένη
1100 818 1320 874 ἀσθενεῖ
1349 818 1566 890 ψάμμῳ
1609 818 1929 889 τειχίζεται.
1964 817 2075 870 Καὶ

393 912 586 966 σκόπει
630 909 766 964 Θεοῦ
804 910 1024 979 σοφίαν·
1053 909 1155 962 οὐκ
1187 908 1398 979 ἀφῆκεν
1436 906 1606 977 αὐτὴν
1639 906 1932 978 ἡσυχάζειν
1951 905 2075 959 οὐδέ

392 1001 643 1071 ἠρεμεῖν,
698 997 785 1052 ἵνα
837 998 912 1071 μὴ
938 998 1036 1069 τῆς
1066 996 1283 1066 φύσεως
1333 995 1508 1065 αὐτῆς
1537 990 1679 1049 εἶναι
1717 993 1946 1065 νομίσῃς
1972 992 2073 1064 τὴν

390 1088 663 1152 εὐταξίαν,
699 1087 814 1142 ἀλλ’
845 1086 994 1141 ἔνδον
1023 1086 1260 1157 μένουσα
1289 1083 1408 1155 βοᾷ,
1449 1085 1545 1137 καί⁸
1590 1082 1945 1155 ταράττεται,
1976 1083 2073 1135 καὶ

393 1176 606 1245 μεγάλα
627 1177 770 1247 ήχεῖ,
796 1174 892 1229 καὶ
911 1172 981 1228 τά
1006 1172 1228 1244 κύματα
1245 1172 1381 1244 πρὸς
1408 1171 1543 1242 ὕψος
1568 1171 1905 1241 διανίστησιν
1931 1170 2075 1239 ἀφα-

388 1279 509 1319 τον⁶
543 1263 764 1319 ἐπειδὰν
785 1263 844 1318 δὲ
871 1264 1002 1336 ἔλθῃ
1031 1263 1169 1334 πρὸς
1185 1263 1311 1326 τοὺς
1337 1260 1640 1331 αἰγιαλοὺς,
1673 1262 1768 1316 καὶ
1793 1260 1891 1332 τὴν
1922 1259 2073 1331 ψάμ-

392 1368 492 1424 μον
655 1352 966 1407 διαλυθεῖσα
994 1350 1133 1422 πρὸς
1159 1351 1360 1420 ἑαυτὴν
1389 1350 1550 1405 πάλιν
1575 1348 1845 1414 ἐπάνεισι,
1873 1348 1941 1402 δι’
1962 1348 2072 1418 ἀμ-

388 1441 631 1512 φοτέρων
680 1459 739 1494 σε
776 1440 982 1494 τούτων
1008 1439 1354 1501 διδάσκουσα,
1388 1438 1471 1491 ὅτι
1512 1437 1634 1507 οὐχὶ
1668 1436 1884 1508 φύσεως
1908 1434 2071 1508 ἔργον

390 1529 506 1583 ἐστί
539 1530 602 1583 τὸ
636 1529 817 1600 μένειν
850 1529 1018 1598 αὐτὴν
1050 1527 1184 1580 εἵσω
1210 1524 1319 1578 τῶν
1362 1525 1581 1578 οἰκείων
1604 1526 1768 1595 ὅρων,
1804 1522 1944 1576 ἀλλά
1969 1523 2069 1593 τῆς

386 1617 482 1670 τοῦ
543 1618 863 1688 κατέχοντος
916 1615 1082 1687 αὐτὴν
1138 1614 1443 1685 δυνάμεως.
1478 1613 1577 1666 Διά
1622 1612 1784 1667 τοῦτο
1814 1610 1945 1681 γοῦν
1974 1610 2069 1664 καὶ

386 1705 611 1771 ἀσθενὲς
634 1705 694 1760 τὸ
718 1706 920 1777 τειχίον
957 1704 1204 1774 ἐποίησε,
1234 1703 1330 1756 καὶ
1363 1702 1423 1754 οὐ
1450 1700 1581 1766 ξύλα
1616 1701 1710 1755 καὶ
1740 1700 1922 1763 λίθους
1947 1698 2069 1752 οὐδέ

385 1795 487 1865 ὅρη
536 1796 649 1858 τοῖς
700 1793 968 1863 αἰγιαλοῖς
1018 1790 1310 1861 περιέϐαλε
1352 1791 1584 1854 τούτοις,
1615 1790 1703 1843 ἵνα
1758 1788 1833 1860 μὴ
1858 1787 2070 1852 τούτοις

385 1882 574 1955 λογίσῃ
602 1881 695 1935 τοῦ
724 1882 986 1953 στοιχείου
1012 1880 1110 1952 τὴν
1128 1878 1404 1944 εὐταξίαν.
1427 1878 1599 1932 Τοῦτο
1626 1876 1757 1947 γοῦν
1787 1877 1879 1931 καὶ
1905 1874 2070 1939 αὐτός

385 1987 513 2023 ποτε
543 1972 654 2033 τοῖς
694 1968 966 2032 Ἰουδαίοις
981 1966 1253 2032 ὀνειδίζων
1280 1966 1498 2035 ἔλεγεν·
1546 1966 1679 2036 Ἐμὲ
1703 1968 1775 2021 οὐ
1806 1960 2069 2035 φοϐηθή-

382 2060 568 2111 σεσθε
590 2056 697 2111 τὸν
716 2056 983 2121 τάξαντα
1007 2053 1206 2123 ἄμμον
1225 2054 1390 2122 ὅριον
1404 2052 1477 2122 τῇ
1503 2052 1812 2121 θαλάσσῃ,
1837 2049 1937 2105 καὶ
1953 2050 2025 2104 οὐ
2029 2068 2067 2119 χ

381 2145 815 2214 ὑπερϐήσεται;
854 2144 930 2197 Οὐ
982 2142 1141 2196 τοῦτο
1181 2140 1240 2194 δὲ
1278 2140 1439 2212 μόνον
1467 2140 1684 2195 ὲστί,τὸ
1729 2137 2064 2209 θαυμαστὸν,

380 2238 464 2290 ὅτι
499 2237 674 2306 μέγαν
697 2234 791 2287 καὶ
820 2230 1134 2302 θαυμαστὸν
1178 2230 1267 2283 τὸν
1297 2228 1503 2299 κόσμον
1531 2229 1810 2297 ἐποίησεν,
1838 2226 1950 2280 οὐδ’
1982 2227 2066 2279 ὅτι

382 2324 525 2394 ὑπὲρ
559 2322 775 2393 φύσεως
802 2318 1127 2374 ἀκολουθίαν
1155 2317 1318 2371 αὐτὸν
1344 2315 1668 2386 συνέπηξεν,
1700 2315 1817 2369 ἀλλ’
1856 2316 1938 2369 ὅτι
1969 2316 2066 2369 καὶ

380 2412 440 2478 ἐξ
464 2411 721 2466 ἐναντίων
741 2409 904 2462 αὐτὸν
929 2406 1247 2478 συνέστησε,
1274 2404 1481 2477 θερμοῦ
1508 2407 1604 2457 καὶ
1629 2402 1867 2474 ψυχροῦ,
1894 2402 2063 2475 ξηροῦ

382 2499 478 2554 καὶ
494 2498 682 2570 ὑγροῦ,
699 2497 871 2566 πυρὸς
902 2495 997 2549 καὶ
1027 2493 1239 2557 ὓδατος,
1257 2493 1361 2565 γῆς
1379 2492 1473 2546 καί.
1494 2491 1682 2562 ἀέρος’
1709 2493 1803 2545 καί
1818 2491 1886 2546 τά
1908 2494 2064 2544 ἐναν-

380 2588 471 2641 τία
496 2587 667 2640 ταῦτα
708 2586 967 2655 στοιχεῖα,
992 2582 1082 2650 ἀφ’
1113 2576 1188 2635 ὧν
1212 2580 1329 2634 τόδε
1364 2581 1427 2633 τὸ
1453 2580 1563 2633 πᾶν
1592 2579 1944 2650 συνέστηκεν,
1968 2579 2063 2633 ἁλ-

379 2675 564 2748 λήλοις
595 2674 876 2745 μαχόμενα
916 2673 1009 2726 ὑπ’
1043 2670 1290 2741 ἀλλήλων
1320 2669 1420 2723 οὐκ
1466 2666 1743 2738 ἀνηλώθη,
1772 2669 1835 2720 οὐ
1860 2668 1920 2721 τὸ
1950 2668 2063 2739 πῦρ

379 2764 657 2835 ἐπέδραμε
687 2762 782 2816 καὶ
806 2760 1011 2832 ἀνῆψεν
1046 2759 1284 2821 ἅπαντα,
1322 2758 1382 2811 οὐ
1433 2756 1498 2810 τὸ
1527 2754 1673 2826 ὓδωρ
1704 2754 1930 2809 ἐπελθὸν
1959 2757 2060 2810 ἐπ-

380 2852 574 2906 έκλυσε
599 2850 698 2921 τὴν
736 2848 1082 2919 οἰκουμένην.
1116 2846 1255 2899 Ἀλλ’
1280 2844 1374 2899 ἐπὶ
1402 2846 1499 2916 μὲν
1525 2844 1633 2898 τῶν
1671 2845 1940 2915 σωμάτων
1954 2843 2062 2899 τῶν

377 2940 411 3011 ή
422 2939 665 3010 μετέρων
676 2936 848 2993 ταῦτα
869 2937 1102 3006 γίνεται,
1122 2938 1217 2990 καί
1243 2936 1407 3007 χολῆς
1422 2934 1797 3005 αὐξανομένης
1814 2934 2062 2987 τίκτεται

378 3025 632 3098 πυρετος,
660 3025 757 3079 καὶ
792 3023 870 3095 τῷ
897 3025 1060 3078 παντὶ
1093 3023 1218 3095 ζώῳ
1254 3023 1609 3094 λυμαίνεται·
1635 3023 1727 3074 καὶ
1749 3021 2061 3092 φλέγματος

377 3114 762 3177 πλεονάζοντος
798 3112 968 3168 πολλά
995 3113 1123 3183 νοσὴ
1134 3129 1282 3183 ματα
1310 3110 1528 3181 φύεται,
1550 3112 1645 3164 καὶ⁸
1672 3110 1977 3182 διαφθείρει
1998 3112 2059 3164 τὸ

376 3201 534 3266 ζῶον.
586 3201 710 3255 Ἐπὶ
741 3202 798 3256 δὲ
838 3201 993 3255 τοῦδε
1040 3200 1137 3255 τοῦ
1172 3200 1373 3265 παντὸς
1412 3199 1566 3254 οὐδὲν
1598 3198 1805 3253 τούτων
1835 3198 2058 3270 συνέϐη,

375 3289 490 3342 ἀλλ’
523 3288 752 3342 ἕκαστον
787 3288 937 3359 μένει
985 3288 1238 3359 καθάπερ
1272 3289 1381 3356 τινὶ
1412 3284 1618 3358 χαλινῷ
1642 3287 1736 3340 καὶ
1758 3285 1946 3356 δεσμῷ
1978 3285 2058 3356 τῷ

377 3377 677 3449 βουλήματι
734 3376 828 3431 τοῦ
874 3377 1200 3448 ποιήσαντος
1257 3376 1384 3438 τοὺς
1412 3374 1646 3438 οἰκείους
1696 3372 2058 3443 διαφυλάττον

374 3469 560 3539 ὅρους,
609 3468 707 3521 καὶ
741 3469 777 3537 ή
828 3466 976 3537 μάχη
1013 3465 1221 3519 τούτων
1279 3466 1518 3536 εἰρήνης·
1543 3463 1694 3517 αἰτία
1729 3462 1940 3532 γίνεται
1980 3461 2059 3534 τῷ

375 3556 560 3611 παντί.
614 3555 801 3611 Ταῦτα
861 3556 982 3625 οὐχὶ
1032 3555 1128 3608 καί⁸
1158 3552 1346 3623 τυφλῷ
1385 3553 1543 3622 δῆλα,
1574 3552 1668 3605 καὶ
1708 3554 1822 3615 τοῖς
1849 3551 2058 3621 σφόδρα

373 3645 623 3716 ἀνοήτοις
654 3643 980 3708 εὐσύνοπτα,
1032 3643 1116 3697 ὃτι
1143 3643 1209 3695 ἐκ
1242 3641 1500 3713 προνοίας
1526 3639 1673 3705 τινὸς
1725 3640 1917 3709 γέγονε
1962 3643 2057 3696 καὶ

378 3734 772 3802 συγκρατεῖται
798 3744 860 3796 ιι;
890 3730 987 3794 Τίς
1021 3730 1131 3801 γάρ
1157 3727 1333 3793 οὕτως
1364 3729 1554 3799 ἄφρων
1575 3728 1670 3782 καὶ
1706 3728 2051 3800 ἀναίσθητος,

371 3820 432 3884 δς
489 3820 634 3893 ὀρῶν
680 3819 935 3875 τοσοῦτον
985 3818 1253 3889 σωμάτων
1304 3816 1489 3887 ὄγκον,
1532 3816 1790 3871 τοσοῦτον
1833 3818 2051 3884 κάλλος,

368 3907 640 3981 τοσαύτην
667 3907 938 3969 σύνθεσιν,
966 3906 1225 3961 τοιούτων
1277 3905 1560 3976 στοιχείων
1586 3904 1766 3977 μάχην
1790 3905 1941 3981 [104]
1974 3908 2055 3962 δι-

368 3996 545 4069 ηνεκῆ
573 3997 669 4051 καί.
699 3996 1035 4061 ἐναντίωσιν,
1052 3995 1147 4051 καὶ
1158 3994 1441 4067 διαμονὴν,
1474 3995 1549 4066 μὴ
1577 3994 1893 4064 λογίσασθαι
1917 3997 2053 4069 πρὸς

370 4084 563 4139 ἑαυτὸν
601 4086 697 4153 καὶ
729 4087 1022 4150 εἰπεῖν,ὃτι
1055 4086 1104 4138 εἰ
1134 4082 1209 4156 μὴ
1232 4082 1464 4154 πρόνοιά
1484 4099 1571 4145 τις
1604 4078 1674 4154 ἦν
1703 4086 1737 4154 ἡ
1770 4083 1861 4138 τὸν
1888 4083 2053 4154 ὀγκον

368 4173 480 4227 τῶν
514 4173 784 4244 σωμάτων
814 4170 1201 4245 διακρατοῦσα,
1229 4173 1324 4225 καὶ
1373 4173 1448 4243 μὴ
1482 4170 1844 4243 συγχωροῦσα
1864 4173 1922 4226 τὸ
1941 4174 2051 4228 πᾶν

367 4261 666 4327 διαπεσεῖν,
687 4262 788 4316 οὑκ
815 4260 882 4315 ἂν
916 4261 1154 4333 ἔμεινεν,
1168 4260 1271 4314 οὐκ
1287 4261 1352 4314 ἂν
1367 4259 1625 4330 διήρκεσε
1643 4275 1658 4325 ;
1684 4260 1934 4332 Τοσαύτη
1952 4261 2051 4332 μὲν

367 4349 529 4420 ὡρῶν
555 4349 799 4418 εὐταξία,
828 4349 1066 4422 τοσαύτη
1082 4349 1140 4403 δέ
1160 4348 1375 4421 ἡμέρας
1401 4348 1499 4403 καὶ
1524 4348 1719 4412 νυκτὸς
1739 4349 2048 4421 συμφωνία,

365 4437 637 4492 τοσούτων
658 4437 717 4492 δὲ
743 4437 956 4504 ἀλόγων
980 4436 1136 4501 ζώων
1160 4437 1317 4508 γένη,
1344 4436 1440 4490 καὶ
1456 4436 1660 4507 φυτῶν,
1678 4438 1773 4491 καὶ
1795 4439 2049 4510 σπερμά-

366 4541 497 4591 των,
533 4525 629 4579 καὶ
658 4524 897 4595 βοτανῶν
926 4525 1033 4595 ὁδῷ
1054 4524 1281 4594 βαδίζει,
1313 4526 1406 4579 καὶ
1426 4525 1581 4579 οὐδὲν
1603 4527 1684 4590 εἰς
1713 4526 1813 4598 τὴν
1842 4528 2049 4600 παροῦ-

370 4630 470 4667 σαν
507 4612 723 4685 ἡμέραν
769 4611 894 4666 οὐτε
926 4614 1194 4677 διέπεσεν,
1232 4612 1356 4667 οὐτε
1385 4613 1640 4687 ἀνηλώθη
1675 4615 1951 4683 καθάπαξ.

436 4706 499 4757 ε’.
518 4703 594 4755 Οὐ
620 4700 794 4755 ταῦτα
817 4700 874 4754 δὲ
903 4701 1082 4773 μόνον,
1112 4701 1251 4756 ἀλλά
1279 4702 1373 4755 καὶ
1398 4702 1572 4756 πολλά
1599 4704 1763 4776 ἕτερα
1787 4704 1817 4746 b
1837 4705 2044 4760 τούτων

366 4789 589 4846 πλείονα
611 4792 705 4845 καὶ
733 4789 1010 4862 βαθύτερα
1042 4787 1110 4863 ἦν
1133 4793 1330 4859 εἰπεῖν,
1358 4793 1453 4845 καὶ
1478 4793 1609 4864 περὶ
1638 4793 1808 4864 αὐτῆς
1838 4794 2047 4863 φιλοσο-

366 4879 537 4950 φῆσαι
553 4881 651 4951 τῆς
665 4880 914 4943 κτίσεωςο
933 4879 1032 4934 ἀλλ
1045 4879 1062 4902 ’
1076 4883 1156 4943 εἰς
1173 4882 1271 4952 τὴν
1287 4880 1545 4936 ἐπιοῦσαν
1555 4884 1735 4936 ἐκεῖνα
1743 4899 1812 4935 τα
1819 4885 2047 4953 μιευσά-

369 4985 541 5038 μενοι,
577 4969 969 5039 σπουδάσωμεν
999 4968 1072 5021 τά
1103 4969 1369 5040 εἰρημένα
1400 4968 1537 5040 μετά
1559 4954 1844 5041 ἀκριϐείας
1874 4988 2045 5026 κατα-

368 5060 538 5129 σχεῖν,
563 5058 658 5110 καί
690 5060 770 5122 εἰς
796 5059 1017 5130 ἐτέρους
1051 5057 1376 5127 ἐξενεγκεῖν.
1413 5060 1524 5113 Καὶ
1551 5054 1670 5113 οἶδα
1703 5060 1802 5130 μὲν
1827 5060 1911 5114 ὅτι
1940 5063 2041 5132 τὴν

364 5145 534 5216 ἀκοὴν
579 5146 733 5215 ὑμῶν
767 5144 972 5210 ἐξένισε
1014 5145 1123 5200 τῶν
1150 5146 1437 5218 νοημάτων
1479 5147 1539 5200 τὸ
1570 5147 1753 5218 βάθος,
1797 5148 1911 5203 ἀλλ’
1943 5151 2039 5203 ἐάν

362 5234 542 5301 ὀλίγον
563 5231 843 5303 νήφωμεν,
875 5236 970 5287 καὶ
1012 5237 1072 5287 ἐν
1102 5234 1313 5298 τούτοις
1341 5235 1613 5307 ἐθίσωμεν
1659 5238 1907 5302 ἑαυτοὺς,
1945 5241 2040 5292 καὶ

361 5320 568 5390 ἑτέροις
600 5319 798 5392 ῥᾳδίως
814 5320 1054 5392 ἐσόμεθα
1078 5321 1405 5376 διδάσκαλοι.
1434 5323 1587 5387 Τέως
1610 5324 1668 5377 δὲ
1694 5326 1872 5379 ἐκεῖνο
1898 5327 2037 5397 πρὸς

360 5407 462 5475 τὴν
482 5407 752 5479 ὑμετέραν
769 5407 988 5477 ἀγάπην
1005 5410 1300 5477 ἀναγκαῖον
1322 5412 1497 5463 εἰπεῖν
1514 5426 1528 5439 ’
1558 5412 1771 5483 Ὥσπερ
1786 5413 2036 5477 ἐδόξασεν

362 5493 508 5560 ἡμᾶς
539 5495 568 5546 ὁ
598 5494 731 5557 Θεὸς
759 5494 847 5548 διὰ
876 5496 977 5566 τῆς
1006 5496 1272 5567 τοσαύτης
1302 5498 1683 5568 δημιουργίας,
1714 5499 1858 5554 οὕτω
1881 5500 2032 5565 δοξά-

366 5595 545 5645 σωμεν
571 5582 730 5635 αὐτὸν
768 5583 862 5637 καὶ
891 5586 1053 5654 ἡμεῖς
1077 5584 1169 5638 διά
1199 5587 1298 5656 τῆς
1330 5586 1606 5650 πολιτείας
1634 5589 1733 5659 τῆς
1767 5590 2031 5661 καθαρᾶς,

368 5668 431 5717 Οἱ
459 5668 697 5732 οὐρανοὶ
716 5670 1059 5742 διηγοῦνται
1085 5674 1275 5739 δόξαν
1304 5676 1475 5739 Θεοῦ,
1514 5679 1827 5747 φαινόμενοι
1849 5680 2030 5751 μόνον’

364 5751 459 5802 καὶ
486 5753 642 5821 ἡμεῖς
685 5758 864 5812 τοίνυν
894 5761 1281 5835 διηγησώμεθα
1309 5762 1468 5828 δόξαν
1489 5765 1648 5831 Θεοῦ,
1676 5771 1750 5840 μὴ
1784 5769 2035 5837 λέγοντες
2096 5788 2106 5794 ν

425 5927 603 6010 ζρηιιε
623 5935 702 5981 καὶ
730 5935 1137 6010 σύγκειταιζῐηφῖΐει
1161 5943 1311 5994 Savil.
1340 5944 1561 6005 τοιαύτην
1584 5946 1834 6010 στοιχείων
1854 5947 2026 6010 μάχην.

423 5992 455 6035 b
478 5993 593 6042 1:05
617 6010 728 6043 mss.
760 5992 838 6044 ναὶ
865 6003 1024 6061 πο),ὶῷ
1052 6004 1202 6055 ξτεςα,
1592 5992 1605 5994 ⁷
1855 5992 1951 6010 rm“

1227 348 1281 399 S.
1325 344 1612 400 JOANNIS
1652 346 2148 406 CIIRYSOSTUMI
2187 346 2508 406 ARCHIEP.
2551 351 3105 409 CONSTANTINOP.
3730 369 3816 425 ηο

2187 462 2367 555 μόνον,
2413 465 2548 519 ἀλλά
2578 469 2669 521 καὶ
2697 469 2978 536 σιγῶντες,
3019 469 3114 523 καὶ
3146 472 3212 540 τῇ
3246 468 3336 523 τοῦ
3374 472 3484 542 βίου
3509 476 3818 555 λαμπρότητι

2186 550 2394 614 πάντας
2426 553 2842 626 ὲκπλήττοντες.
2890 557 3195 626 Δαμψςάτω
3215 557 3344 628 γάρ,
3383 562 3564 630 φησὶν,
3587 566 3740 634 ὑμῶν
3759 550 3821 625 τὸ

2163 635 2307 719 ’φῶς
2350 637 2694 707 ἔμπροσθεν
2718 641 2840 696 τῶν
2879 643 3225 713 ἀνθρώπων,
3256 644 3414 712 ὅπως
3444 648 3646 705 ἴδωσιν
3672 655 3823 724 iw?»

2178 725 2249 777 τὰ
2265 726 2423 780 καλὰ
2441 727 2604 798 ἔργα,
2632 731 2732 784 καί
2756 731 3065 796 δοξάσωσι
3090 732 3199 787 τὸν
3225 735 3455 802 Πατέρα
3470 737 3631 806 ὑμῶν
3659 742 3822 798 τὸν-ὲν

2176 812 2302 879 τοῖς
2331 816 2632 884 οὐρανοῖς.
2676 820 2845 873 Ὅταν
2884 820 2995 891 γάρ
3018 822 3047 874 ὑ
3069 821 3295 885 ἄπιστος
3329 822 3412 895 ἴδῃ
3446 825 3504 877 σὲ
3532 824 3619 880 τὸν
3655 829 3820 885 πιστὸν

2176 902 2632 974 κατεσταλμένον,
2667 908 3072 981 σωφρονοῦντα,
3095 909 3321 981 κόσμιον
3339 910 3488 975 ὄντα,
3517 914 3823 988 ἐκπλαγήσε-

2175 1005 2264 1041 ται
2297 990 2396 1043 καὶ
2433 993 2584 1063 ἐρεῖ·
2634 995 2875 1067 Ἀληθῶς
2910 996 3086 1067 μέγας
3116 999 3147 1051 ὀ
3193 997 3305 1053 τῶν
3327 1001 3658 1069 Χριστιανῶν
3682 1005 3819 1073 Θεὸς,

2174 1076 2321 1143 οἵους
2341 1081 2678 1152 κατέστησεν
2705 1082 3047 1154 ἀνθρώπους,
3066 1085 3212 1148 οῐους
3230 1086 3290 1153 ἐξ
3318 1088 3443 1141 οίων
3466 1090 3724 1161 ἐποίησεν,
3741 1096 3820 1163 ἀγ·

2173 1166 2365 1254 γέλους
2392 1170 2588 1234 αὐτοὺς
2613 1170 2672 1238 ἐξ
2709 1172 3013 1244 ἀνθρώπων
3036 1174 3352 1245 εἰργάσατο.
3390 1178 3487 1231 Ἂν
3507 1178 3695 1254 ὑϐρίσῃ
3726 1199 3817 1250 τις,

2172 1253 2232 1305 οὐ
2263 1253 2630 1325 λοιδοροῦνται
2650 1272 2666 1289 ’
2697 1257 2765 1312 ἂν
2784 1262 3036 1334 τυπτήσῃ
3061 1277 3166 1326 τις,
3195 1263 3296 1316 οὐκ
3324 1253 3734 1333 ἀγανακτοῦσιν*
3762 1271 3819 1323 ἂν

2174 1341 2407 1416 ἀδικήσῃ
2423 1362 2528 1410 τις,
2559 1346 2953 1419 ὑπερεύχονται
2980 1350 3076 1404 τοῦ
3103 1349 3502 1423 λελυπηκότοςο
3537 1355 3718 1427 ἐχθρὸν
3733 1358 3818 1412 οὐκ

2173 1430 2377 1502 ἔχουσι,
2415 1438 2776 1507 μνησικακεῖν
2802 1438 2904 1492 οὐκ
2937 1439 3278 1506 ἐπίστανται,
3306 1441 3562 1513 φλυαρεῖν
3592 1444 3686 1498 οὐκ
3712 1443 3817 1499 ἰσα-

2174 1535 2277 1583 σιν,
2312 1520 2413 1574 οὐκ
2450 1521 2656 1594 ἔμαθον
2686 1524 3012 1594 ψεύδεσθαι,
3058 1529 3337 1601 ἐπιορκεῖν
3379 1531 3480 1584 οὐκ
3519 1532 3813 1602 ἀνέχονται,

2175 1609 2377 1678 μᾶλλον
2406 1611 2463 1665 δὲ
2488 1614 2611 1667 οὐδὲ
2642 1615 2865 1686 ὀμνύειν
2885 1633 2899 1648 ·
2932 1617 3068 1672 ἀλλά
3099 1620 3199 1691 τὴν
3232 1620 3478 1689 γλῶτταν
3504 1622 3818 1695 ἐκτμηθῆναι

2173 1697 2240 1750 ἂν
2290 1698 2494 1753 ἕλοιντο
2539 1703 2828 1774 πρότερον,
2867 1705 2903 1776 ἦ
2939 1705 3104 1777 ὅρκον
3150 1705 3272 1761 τινὰ
3300 1708 3409 1762 ἀπὸ
3438 1708 3529 1762 τοῦ
3575 1712 3817 1781 στόματος

2173 1787 2457 1859 προέσθαι.
2488 1789 2673 1847 Ταῦτα
2704 1791 2886 1863 δῶμεν
2937 1793 3122 1858 αὐτοῖς
3149 1796 3278 1869 περὶ
3318 1797 3353 1866 ή
3364 1796 3476 1867 μῶν
3513 1796 3703 1867 λέγειν,
3734 1801 3816 1853 καὶ

2170 1873 2270 1959 τὴν
2319 1878 2564 1949 πονηρὰν
2616 1877 2727 1933 τῶν
2754 1880 2935 1952 ὅρκων
2983 1882 3277 1954 συνήθειαν
3315 1884 3690 1955 άπελάσωμεν,
3736 1889 3816 1940 καί

2171 1964 2441 2037 τοσαύτην
2467 1965 2647 2039 δῶμεν
2670 1967 2751 2038 τῷ
2772 1968 2893 2041 Θεῷ
2914 1970 3100 2042 τιμὴν,
3127 1972 3260 2043 ὅσην
3288 1976 3404 2036 τοῖς
3439 1976 3664 2043 ἰματίοις
3680 1975 3815 2045 ήμῶν

2170 2058 2283 2119 τοῖς
2309 2058 2800 2132 πολυτελεστέροις.
2842 2058 2967 2123 Πῶς
3000 2060 3110 2132 γάρ
3143 2061 3245 2116 οὐκ
3267 2061 3470 2117 ἀτοπον
3498 2062 3699 2133 ἱμάτιον
3730 2064 3816 2135 μὲν

2170 2141 2390 2212 ἔχοντας
2415 2146 2524 2199 τῶν
2551 2144 2753 2201 λοιπῶν
2779 2146 2984 2217 βέλτιον
3013 2149 3087 2218 μὴ
3115 2148 3407 2220 ἀνέχεσθαι
3436 2149 3665 2221 συνεχῶς
3687 2150 3815 2221 αὑτῷ

2171 2233 2570 2305 καταχρᾶσθαι,
2587 2234 2648 2287 τὸ
2667 2234 2724 2287 δὲ
2746 2234 2841 2288 τοῦ
2866 2234 3001 2287 Θεοῦ
3028 2234 3201 2306 ὄνομα
3231 2235 3507 2306 πανταχοῦ
3529 2236 3814 2308 περισύρειν

2170 2320 2356 2386 ἁπλῶς
2383 2322 2478 2375 καὶ
2502 2321 2578 2385 ὡς
2600 2322 2758 2392 ἔτυχε
2778 2338 2793 2388 ;
2814 2323 2928 2394 Μὴ,
2954 2323 3144 2394 δέομαι
3171 2324 3267 2377 καὶ
3290 2324 3571 2391 ἀντιϐολῶ,
3602 2324 3671 2396 μὴ
3692 2324 3816 2379 οὕτω

2170 2409 2601 2481 καταφρονῶμεν
2642 2410 2801 2481 ήμῶν
2830 2410 2933 2481 τῆς
2980 2413 3251 2484 σωτηρίας
3292 2413 3433 2468 ἀλλά
3478 2413 3575 2485 τὴν
3605 2413 3813 2483 σπουδὴν

2169 2498 2236 2569 ήν
2258 2497 2318 2562 ἐξ
2341 2499 2517 2569 ἀρχῆς
2547 2500 2924 2570 ἐποιησάμεθα
2949 2511 2971 2537 π
2997 2501 3125 2572 περί
3150 2500 3250 2572 τὴν
3274 2501 3497 2574 ἐντολὴν
3523 2501 3730 2573 ταύτην,
3745 2503 3813 2565 εἰς

2167 2585 2320 2648 τέλος
2341 2585 2663 2657 ἀγάγωμεν.
2684 2586 2793 2639 Καὶ
2815 2586 2921 2657 γάρ
2942 2585 3054 2654 ἐγὼ
3073 2586 3160 2640 διά
3178 2586 3340 2641 τοῦτο
3363 2588 3561 2659 συνεχῆ
3581 2587 3813 2659 ποιοῦμαι

2165 2672 2264 2743 τὴν
2294 2673 2642 2745 παράκλησιν
2684 2673 2784 2744 τὴν
2814 2674 2947 2745 περὶ
2973 2674 3081 2727 τῶν
3115 2675 3316 2745 ὅρκων,
3358 2676 3459 2730 οὐκ
3499 2676 3675 2748 ἐπειδὴ
3701 2693 3814 2729 κατ-

2166 2760 2341 2828 έγνων
2369 2760 2523 2831 ὑμῶν
2553 2760 2847 2832 ῥαθυμίαν,
2866 2760 2983 2815 ἀλλ’
3003 2762 3191 2833 ἐπειδὴ
3218 2763 3280 2816 τὸ
3306 2762 3472 2818 πλέον
3500 2762 3813 2836 κατορθωθὲν

2167 2849 2293 2919 ὑμῖν
2326 2845 2486 2914 εἶδον,
2522 2851 2620 2904 καὶ
2645 2850 2859 2903 σπεύδω
2888 2851 2984 2903 καὶ
3025 2852 3319 2922 ἐπείγομαι
3357 2852 3420 2905 τὸ
3461 2854 3566 2906 πᾶν
3604 2855 3814 2923 ἀπαρτι-

2167 2935 2362 3007 σθῆναι
2398 2938 2493 2991 καί
2523 2936 2676 3001 τέλος
2705 2936 2910 2991 λαϐεῖν.
2946 2936 3104 2992 Οῦτω
3147 2940 3244 2993 καὶ
3284 2941 3334 2992 οἰ
3377 2938 3564 2994 θεαταὶ
3603 2938 3809 3003 ποιοῦσι,

2163 3026 2289 3090 τοὺς
2321 3027 2489 3094 ἐγγὺς
2512 3025 2673 3089 ὄντας
2700 3026 2808 3079 τῶν
2849 3025 3119 3097 βραϐείων
3140 3027 3472 3099 διεγείρουσι
3503 3028 3708 3099 μᾶλλον.
3731 3028 3811 3098 Μὴ

2162 3113 2341 3167 τοίνυν
2375 3113 2753 3184 ἀποκάμωμεν
2783 3113 2917 3184 μηδὲ
2961 3116 3147 3184 ἡμεῖς,
3187 3115 3283 3168 καὶ
3317 3114 3434 3188 γὰρ
3467 3117 3628 3185 ὲγγύς
3668 3115 3811 3185 ἐστή-

2162 3218 2338 3271 καμεν
2366 3199 2460 3254 τοῦ
2489 3200 2691 3264 παντὸς
2722 3198 3163 3271 κατορθώματος,
3199 3203 3295 3255 καὶ
3328 3204 3367 3274 ἡ
3397 3202 3650 3257 δυσκολία
3677 3201 3810 3273 παρά

2160 3287 2260 3359 τὴν
2301 3289 2477 3360 ἀρχὴν
2524 3284 2615 3360 ἦν.
2650 3285 2804 3360 [105]
2844 3287 2974 3343 Ὅτε
3018 3289 3076 3342 δὲ
3117 3288 3178 3342 τὸ
3209 3288 3378 3343 πλέον
3426 3291 3523 3361 τῆς
3553 3288 3811 3361 συνηθείας

2162 3378 2454 3449 ὑπετμήθη
2493 3376 2610 3441 νῦν,
2649 3376 2747 3431 καὶ
2802 3377 2997 3448 μικρὸν
3036 3377 3425 3432 ὑπολέλειπται
3461 3379 3669 3441 λοιπὸν,
3708 3376 3810 3430 οὐδὲ

2164 3465 2327 3519 πόνου
2368 3464 2528 3536 χρεία
2571 3464 2751 3530 τινὸς,
2783 3464 2920 3519 ἀλλά
2969 3466 3173 3536 μικρᾶς
3221 3467 3688 3538 παρατηρήσεως,
3732 3463 3811 3517 καὶ

2163 3551 2421 3623 βραχείας
2451 3552 2598 3616 τινὸς
2627 3552 2916 3623 ἀκριϐείας
2960 3551 3212 3623 δεόμεθα,
3246 3553 3334 3607 ῖνα
3380 3554 3533 3609 αὑτοί
3559 3550 3808 3624 κατορθώ-

2164 3657 2357 3705 σαντες
2382 3642 2477 3695 καὶ
2506 3641 2718 3713 ἑτέροις
2739 3639 3028 3712 γενώμεθα
3051 3640 3389 3706 διδάσκαλοι,
3412 3644 3507 3697 καὶ
3532 3641 3663 3712 μετά
3687 3640 3809 3710 παῤ-

2163 3728 2361 3801 ῥησίας
2398 3729 2462 3782 τὸ
2512 3729 2658 3801 ἱερὸν
2690 3727 2894 3799 ῖδωμεν
2935 3729 3153 3800 Πάσχα,
3185 3729 3282 3782 καὶ
3314 3732 3456 3801 μετά
3492 3729 3685 3800 πολλῆς
3722 3728 3808 3796 τῆς

2159 3818 2356 3891 ἡδονῆς
2398 3816 2716 3872 διπλασίονα
2750 3817 2847 3870 καὶ
2883 3815 3242 3887 τριπλασίονα
3278 3818 3382 3889 τῆς
3417 3818 3663 3881 εἰωθυίας
3690 3831 3809 3883 καρ-

2158 3901 2473 3975 πωσώμεθα
2502 3903 2600 3975 τὴν
2629 3902 2990 3974 εὐφροσύνην.
3020 3903 3097 3956 Οὐ
3120 3902 3231 3974 γὰρ
3264 3903 3411 3958 οὓτω
3438 3904 3497 3958 τὸ
3523 3902 3628 3956 τῶν
3650 3901 3807 3954 πόνων

2158 3994 2306 4065 ἡμᾶς
2338 3990 2719 4062 ἀπαλλαγῆναι
2756 3990 2850 4045 καὶ
2884 3990 2995 4045 τῶν
3036 3990 3276 4065 ἱδρώτων
3304 3992 3403 4062 τῆς
3446 3990 3691 4062 νηστείας
3723 3989 3804 4042 εὐ-

2158 4081 2398 4154 φραίνει,
2433 4082 2511 4143 ὡς
2532 4079 2595 4132 τὸ
2634 4078 2775 4149 μετά
2802 4077 3232 4149 κατορθώματος
3261 4079 3358 4135 καὶ
3390 4079 3647 4149 στεφάνου
3679 4075 3806 4145 λαμ·

2155 4167 2299 4240 προῦ
2332 4169 2412 4229 εἰς
2439 4164 2537 4238 τὴν
2566 4167 2718 4237 ίεράν
2746 4164 2959 4236 ἐκείνην
2981 4165 3174 4236 ἑορτὴν
3196 4166 3528 4237 ἀπαντῆσαι,
3562 4161 3805 4233 στεφάνου

2158 4255 2429 4328 μηδέποτε
2471 4254 2896 4326 μαραινομένου.
2919 4254 3083 4308 Ὥστε
3128 4254 3191 4307 δέ
3223 4255 3532 4326 ταχυτέραν
3574 4249 3804 4322 γενέσθαι

2153 4343 2253 4415 τὴν
2278 4342 2591 4414 διόρθωσιν,
2636 4340 2795 4394 τοῦτο
2830 4340 3055 4412 ποίησον
3081 4340 3110 4394 ὃ
3147 4341 3292 4410 λέγω
3317 4359 3330 4373 ·
3368 4340 3581 4413 Γράψον
3614 4339 3703 4393 ἐπὶ
3723 4334 3804 4389 τὸν

2152 4433 2332 4499 τοῖχον
2364 4430 2465 4499 τῆς
2504 4429 2680 4491 οἰκίας
2720 4444 2835 4491 σου,
2865 4428 2960 4480 καὶ
2998 4427 3094 4481 ἐπὶ
3134 4427 3225 4480 τὸν
3253 4430 3433 4497 τοῖχον
3473 4427 3572 4494 τῆς
3599 4422 3804 4495 καρδίας

2156 4534 2250 4569 σου
2285 4516 2385 4587 τὴν
2413 4515 2688 4589 δρεπάνην
2717 4515 2817 4585 τὴν
2846 4514 3157 4584 πετομένην
3197 4513 3435 4585 ἐκείνην,
3489 4513 3583 4567 καὶ
3618 4510 3803 4579 ταύτην

2152 4606 2246 4658 ἐπὶ
2272 4604 2371 4675 τῆς
2392 4604 2533 4674 ἀρᾶς
2572 4600 2829 4655 πέτεσθαι
2861 4599 3072 4672 νόμιζε,
3097 4600 3192 4653 καὶ
3223 4599 3464 4670 συνεχῶς
3492 4598 3657 4669 αὐτὴν
3683 4597 3802 4650 ἀνα-

2150 4693 2364 4763 λογίζου
2385 4712 2398 4724 ·
2436 4693 2537 4747 κᾶν
2566 4692 2753 4763 ἕτερον
2789 4690 3060 4761 ὀμνύοντα
3103 4689 3241 4763 ἴδῃς,
3274 4691 3521 4760 ἐπίσχες,
3559 4686 3800 4747 κώλυσον,

2149 4781 2246 4834 καὶ
2272 4779 2380 4834 τῶν
2403 4779 2634 4834 οἰκετῶν
2675 4777 3039 4849 ἐπιμελήθητι
3069 4777 3179 4839 τῶν
3232 4775 3364 4832 σῶν.
3396 4778 3493 4831 Ἂν
3528 4775 3636 4845 γάρ
3660 4770 3801 4826 τοῦτο

2151 4870 2519 4941 σκοπήσωμεν
2552 4868 2773 4931 ά,δπως
2823 4867 2898 4937 μὴ
2942 4866 3101 4936 μόνον
3144 4866 3298 4919 αὐτοὶ
3335 4864 3797 4937 κατορθώσωμεν.

2146 4957 2283 5010 ἀλλά
2325 4958 2419 5009 καὶ
2449 4958 2667 5028 ἐτέρους
2706 4956 2786 5018 εἰς
2822 4954 2980 5008 τοῦτο
3008 4955 3390 5024 ἐναγάγοιμεν,
3418 4953 3626 5024 ταχέως
3661 4948 3800 5003 αὐτοὶ

2146 5044 2285 5116 πρὸς
2317 5044 2377 5096 τὸ
2407 5043 2580 5114 πέρας
2610 5041 2830 5113 ἥξομεν.
2857 5043 2920 5096 Οἱ
2946 5041 3055 5112 γὰρ
3086 5042 3307 5111 ἐτέρους
3337 5040 3613 5094 παιδεύειν
3648 5050 3799 5090 κατα-

2142 5133 2444 5204 δεξάμενοι,
2464 5132 2864 5203 ἐρυθριάσομεν
2887 5132 2981 5184 καὶ
3003 5128 3424 5201 αἰσχυνούμεθα.
3453 5129 3489 5184 ὃ.
3509 5131 3616 5190 τοῖς
3633 5124 3797 5185 ἄλλοις

2143 5222 2526 5290 ἐπιτάττομεν,
2564 5220 2737 5273 ταῦτα
2766 5218 3187 5286 ἐλλιμπάνοντες
3223 5217 3378 5271 αὐτοί
3405 5216 3652 5286 φανῆναι.
3678 5210 3797 5265 Οὐδὲ

2142 5310 2300 5380 χρεία
2331 5309 2594 5362 πλειόνων
2620 5306 2792 5374 λόγων
2813 5324 2826 5337 ο
2859 5305 3032 5359 πολλὰ
3067 5305 3177 5377 γάρ
3211 5305 3306 5359 καὶ
3342 5304 3410 5358 τά
3446 5303 3632 5373 πρώην
3658 5301 3796 5370 εἰρη-

2143 5398 2301 5468 μένα,
2330 5397 2426 5449 καὶ
2458 5396 2630 5449 ταῦτα
2661 5395 2717 5448 δὲ
2743 5394 3103 5463 ὑπομνήσεως
3137 5392 3296 5465 χάριν
3326 5392 3493 5462 μόνης
3523 5402 3545 5429 ε
3575 5391 3789 5460 εἴρηται.

2152 5485 2208 5537 Ὀ
2241 5484 2297 5537 δὲ
2341 5484 2494 5547 Θεὸς,
2527 5486 2554 5536 ὁ
2601 5481 2801 5554 μᾶλλον
2834 5481 2993 5552 ήμῶν
3018 5479 3127 5534 τῶν
3174 5480 3456 5551 ἡμετέρων
3502 5476 3793 5548 φειδόμενος

2136 5571 2345 5642 ψυχῶν,
2375 5573 2470 5624 καὶ
2509 5573 2566 5623 ἐν
2611 5569 2785 5639 τούτῳ
2815 5569 2913 5622 καὶ
2949 5569 3008 5620 ἐν
3042 5571 3208 5621 παντὶ
3238 5567 3616 5638 καταρτίσειεν
3657 5561 3791 5633 ἡμᾶς

2139 5658 2364 5731 ἀγαθῷ,
2401 5660 2488 5713 ἴνα
2530 5657 2919 5729 πληρώσαντες
2969 5656 3145 5711 πάντα
3177 5653 3387 5727 καρπὸν
3428 5650 3789 5720 δικαιοσύνης,

2200 5824 2223 5885 ξ
2246 5823 2344 5871 Alii
2370 5821 2667 5885 ἐποιούμεθα.

2194 5883 2224 5924 ά
2249 5886 2397 5934 Savil.
2426 5890 2479 5933 et
2498 5876 2694 5947 qilidaAm
2722 5893 2838 5947 mss.
2863 5882 3137 5947 σκοπῶμεν.
3162 5879 3289 5931 Infra
3310 5878 3459 5929 iidem
3504 5876 3783 5941 ἐνατάγοῳεν

2135 5950 2183 6014 (ς
2208 5950 2337 6014 Slgut
2354 5958 2446 6014 ρος
2466 5943 2558 6008 prb
2576 5945 2705 6014 ναις.
2730 5943 2984 6014 ἀγάγοιμεν
3017 5944 3082 6001 ι).

2205 6014 2228 6042 θ
2252 6009 2400 6057 Sui].
2428 6003 2740 6068 ὑπομνήσεως
2761 6005 2903 6066 μόνης
2927 6003 3098 6053 ἕνεκεν.
