4068 6440
336 452 427 506 109
1254 443 1348 497 AD
1388 439 1708 498 POPULUM
1748 439 2235 497 ANTIOCHENUM
2300 439 2528 495 llOlllL.
2569 439 2661 496 IX.

330 559 705 632 superpositam
762 571 953 627 aquam
1008 554 1310 610 exsiccavit.
1360 553 1454 608 Vis
1504 562 1554 608 te
1601 552 1654 606 in
1703 560 1896 607 terram

331 655 515 709 iterum
545 649 880 714 reducamus,
909 654 965 702 et
980 645 1121 717 quod
1143 645 1353 699 mireris
1376 643 1756 699 ostendamus?
1781 641 1896 695 Non

331 742 497 799 cernis
522 741 625 794 hoc
648 754 794 793 mare
818 736 972 791 undis
989 778 1003 803 ,
1037 745 1094 791 et
1116 736 1364 791 violentis
1389 735 1600 789 ﬂatibus
1638 733 1852 803 plenum
1877 731 1901 784 ’ἓ

333 832 421 888 sed
452 833 551 886 hoc
574 846 721 885 mare
747 832 1038 901 spatiosum
1066 837 1121 883 et
1148 842 1395 898 magnum
1416 867 1431 893 ,
1475 834 1531 881 et
1569 824 1751 881 furens
1770 866 1783 888 ,
1816 825 1900 878 in~

334 926 475 977 tirtna
502 920 805 976 continetur
828 933 1012 974 arena.
1043 919 1110 973 Et
1132 917 1408 973 considera
1431 916 1525 971 Dei
1552 916 1898 986 sapientiam:

336 1029 432 1067 non
474 1011 710 1082 permisit
749 1010 920 1082 ipsum
947 1010 1220 1080 quiescere
1241 1050 1258 1077 ,
1297 1024 1471 1081 neque
1495 1022 1716 1065 manere
1743 1006 1903 1062 seda-

336 1114 460 1169 tum,
491 1118 557 1157 ne
587 1102 637 1156 id
666 1116 786 1156 esse
809 1110 1014 1157 naturae
1039 1101 1206 1171 ipsius
1229 1102 1469 1157 ordinem
1494 1100 1786 1165 existimes,
1809 1097 1903 1152 sed

336 1195 462 1248 intra
492 1194 747 1246 terminos
777 1206 995 1245 manens
1024 1191 1236 1257 clamat,
1266 1190 1524 1256 turbatur,
1558 1188 1905 1244 vehementer

336 1289 558 1345 resonat,
588 1290 643 1334 et
671 1280 1072 1335 inenarrabilem
1103 1280 1154 1334 in
1179 1280 1507 1335 altitudinem
1534 1278 1729 1334 ﬂuctus
1756 1277 1904 1333 exci-

338 1382 436 1436 tat;
452 1387 573 1427 cum
584 1382 764 1427 autem
788 1372 855 1427 ad
883 1372 1030 1427 littus
1041 1381 1095 1428 et
1108 1387 1325 1428 arenam
1340 1372 1658 1445 pervenerit,
1673 1372 1903 1428 dissolu-

338 1473 440 1517 tum
470 1477 682 1517 rursum
707 1463 773 1517 ad
798 1463 1030 1534 seipsum
1068 1465 1386 1529 revertitur,
1415 1479 1514 1535 per
1544 1464 1660 1520 bare
1686 1473 1907 1535 utraque

337 1562 386 1608 te
421 1553 654 1622 docens,
699 1555 841 1625 quod
885 1571 990 1610 non
1040 1564 1240 1611 naturae
1279 1570 1413 1627 opus
1451 1567 1535 1612 est
1568 1558 1741 1628 ipsum
1765 1558 1907 1612 intra

335 1647 571 1716 proprios
599 1646 731 1704 lines
758 1663 1008 1714 manere,
1048 1648 1143 1704 sed
1183 1649 1392 1704 virtutis
1419 1649 1569 1720 ejus,
1608 1650 1697 1721 qui
1732 1650 1906 1720 ipsum

335 1736 559 1794 cohibet.
578 1738 867 1809 Propterea
889 1740 1031 1795 enim
1054 1739 1321 1796 inﬁrmum
1341 1741 1504 1813 ipsius
1528 1757 1737 1797 murum
1759 1741 1904 1809 fecit,

341 1845 438 1885 non
466 1830 633 1901 ligna,
654 1847 759 1887 non
785 1833 1007 1903 lapides,
1038 1848 1143 1889 non
1172 1842 1381 1890 montes
1408 1833 1493 1890 his
1517 1834 1784 1890 littoribus
1803 1833 1909 1889 cir-

337 1922 663 1992 cumposuit,
708 1932 768 1976 ut
799 1938 903 1978 non
940 1922 1023 1980 his
1046 1924 1369 1981 elementum
1414 1925 1468 1980 in
1509 1924 1752 1982 ordinem
1789 1924 1910 1996 cogi

340 2021 501 2081 putes.
530 2013 646 2068 lloc
674 2013 830 2085 igitur
865 2024 920 2069 et
958 2016 1068 2084 ipse
1106 2016 1388 2086 aliquando
1419 2016 1618 2072 Judzris
1643 2017 1909 2087 imprope-

339 2118 457 2159 rans
484 2103 735 2159 dicebat:
760 2103 847 2159 Me
872 2121 973 2159 non
999 2106 1256 2173 timebitis,
1296 2108 1382 2178 qui
1405 2122 1612 2162 oratam
1649 2107 1778 2161 mari
1806 2118 1907 2162 ter-

341 2195 520 2261 minum
550 2190 813 2263 constitui,
825 2199 869 2244 el
886 2192 1312 2249 nontranscendet
1336 2195 1527 2266 (Jer.5.
1543 2196 1787 2262 ‘22)?Non
1813 2215 1906 2255 au-

343 2291 441 2339 tem
457 2283 557 2339 hoc
572 2295 768 2351 sctum,
793 2301 826 2339 ο
846 2286 1026 2356 homo,
1043 2297 1128 2343 est
1145 2287 1474 2357 admirabile,
1496 2291 1640 2361 quod
1658 2308 1908 2363 maguum

341 2384 390 2428 et
414 2374 710 2430 mirabilem
737 2375 920 2432 fecerit
966 2376 1107 2433 hunc
1133 2378 1386 2434 mundum
1405 2420 1422 2446 ,
1453 2380 1593 2450 quod
1621 2397 1781 2452 supra
1811 2399 1910 2439 na-

342 2475 464 2521 turae
504 2470 940 2539 consequentiam
982 2470 1154 2541 ipsum
1204 2473 1572 2543 compcgerit,
1622 2474 1722 2530 sed
1769 2476 1914 2546 quod

338 2556 490 2612 etiam
518 2573 587 2613 ex
614 2560 896 2616 contrariis
919 2561 1092 2632 ipsum
1126 2562 1502 2633 constituerit,
1540 2565 1713 2622 calido
1736 2578 1789 2622 et
1813 2567 1910 2622 fri-

338 2652 477 2721 gido,
499 2651 647 2708 sicco
671 2662 724 2708 et
750 2652 987 2720 humido,
1015 2655 1134 2727 igne
1164 2667 1218 2711 et
1245 2672 1402 2729 aqua,
1433 2668 1569 2714 terra
1599 2668 1655 2714 et
1680 2674 1805 2715 aere
1825 2679 1837 2718 :
1857 2669 1913 2716 ct

339 2745 598 2798 contraria
638 2742 753 2800 haec
800 2745 1081 2813 elementa,
1128 2764 1197 2803 ex
1241 2749 1307 2804 iis
1349 2748 1544 2820 quibus
1591 2748 1694 2806 hoc
1744 2759 1914 2805 totum

338 2833 610 2901 consistit,
639 2834 778 2890 inter
805 2851 866 2892 se
891 2841 1196 2909 pugnantia,
1242 2854 1273 2893 a
1311 2853 1436 2895 sese
1475 2855 1585 2895 non
1620 2850 1743 2895 sunt
1781 2856 1911 2897 con-

339 2932 537 2991 sumpta
561 2942 577 2979 :
606 2939 710 2979 non
740 2926 877 2997 ignis
900 2929 1206 2996 supervenit
1230 2937 1284 2984 et
1309 2930 1548 2984 ascendit
1575 2930 1775 2996 omnia,
1806 2946 1914 2986 non

340 3028 466 3084 aqua
494 3018 880 3086 superveniens
919 3019 1104 3073 orbem
1129 3019 1434 3076 submersit.
1463 3019 1569 3076 Sed
1593 3021 1645 3075 in
1674 3023 1912 3092 corpori-

343 3106 433 3163 bus
451 3107 669 3178 quidem
698 3110 894 3165 nostris
915 3110 1031 3166 hzcc
1053 3112 1205 3177 liunt,
1233 3121 1288 3167 et
1310 3112 1417 3168 bile
1437 3122 1712 3169 crescente
1737 3115 1912 3169 nasci-

342 3209 419 3252 tur
454 3198 650 3268 febris,
681 3212 736 3255 et
765 3210 931 3257 totum
958 3202 1154 3257 animal
1188 3202 1333 3259 ircdit
1358 3222 1372 3258 :
1395 3214 1449 3260 et
1478 3205 1661 3274 pituita
1692 3221 1912 3276 supera-

341 3288 606 3347 bundante
634 3291 845 3360 plurimi
891 3302 1181 3347 nascuntur
1207 3292 1417 3360 morbi,
1463 3302 1520 3350 et
1558 3295 1754 3351 animal
1795 3310 1916 3351 cor-

340 3391 609 3452 rumpunt.
640 3382 695 3438 lu
718 3383 822 3440 hoc
846 3393 1024 3441 autem
1052 3387 1300 3442 universo
1322 3387 1454 3442 nihil
1481 3387 1671 3444 lterum
1698 3388 1910 3455 accidit,

341 3472 426 3527 sed
448 3473 863 3546 unumquodque
889 3484 1100 3543 manet,
1129 3485 1396 3549 tamquam
1424 3479 1655 3551 quodam
1682 3479 1835 3536 freno
1861 3489 1917 3538 et

342 3562 564 3632 vinculo,
594 3564 898 3621 Conditoris
918 3567 1189 3624 voluntate
1208 3569 1453 3640 proprios
1473 3571 1779 3628 custodiens
1804 3581 1915 3628 ter-

341 3653 533 3721 tninos,
576 3664 635 3711 et
661 3655 851 3711 horum
876 3673 1053 3729 pugna
1094 3659 1296 3714 mundo
1322 3662 1415 3716 toti
1451 3662 1599 3731 pacis
1636 3661 1698 3717 ﬁt
1733 3678 1912 3719 causa.

342 3744 522 3802 Annon
550 3746 669 3802 btee
694 3758 748 3803 et
767 3764 910 3804 caeco
937 3759 1063 3806 sunt
1090 3750 1367 3807 manifesta
1387 3793 1402 3817 ,
1430 3762 1486 3809 et
1523 3754 1679 3809 valde
1716 3755 1916 3825 impru-

342 3834 579 3892 dentibus
605 3836 969 3909 intelligibilia,
992 3839 1131 3909 quod
1157 3841 1484 3909 providentia
1504 3844 1754 3913 quapiam
1778 3844 1916 3900 faeta

343 3929 441 3984 sint
482 3940 537 3985 et
579 3932 989 3988 contineantur?
1025 3932 1155 4001 Quis
1188 3935 1330 3990 enim
1369 3943 1475 3990 tam
1505 3936 1699 3991 stultus
1739 3947 1822 3991 est
1861 3946 1918 3994 et

341 4021 615 4090 stupidus,
661 4023 752 4092 qui
790 4031 989 4079 tantam
1028 4025 1220 4080 molem
1250 4040 1511 4095 cernens,
1555 4035 1755 4081 tantatn
1798 4028 1918 4097 pul-

342 4110 692 4169 chritudinem
718 4154 735 4180 ,
781 4122 981 4170 tantam
1004 4116 1445 4186 compositionem
1467 4158 1483 4183 ,
1531 4117 1713 4172 talium
1746 4117 1920 4173 conti-

344 4215 494 4256 nuam
542 4201 932 4261 elementorum
979 4219 1208 4275 pugnam
1258 4215 1313 4262 et
1362 4208 1815 4276 contrarietatem,
1863 4217 1918 4265 et

343 4293 789 4358 perseverantiam
813 4335 831 4361 ,
873 4309 978 4350 non
1014 4297 1152 4350 intra
1189 4297 1423 4367 seipsum
1451 4299 1829 4369 ratiocinetur,
1864 4310 1919 4357 et

342 4380 512 4436 dicat:
537 4382 646 4438 Nisi
676 4383 1007 4453 providentia
1035 4384 1278 4456 quaedam
1322 4396 1467 4442 esset
1494 4402 1778 4459 corporum
1806 4404 1921 4446 ma-

341 4473 666 4540 gnitudinem
698 4475 976 4541 cohibens,
1006 4490 1107 4531 nec
1132 4476 1443 4545 permittens
1468 4486 1635 4532 totum
1663 4478 1917 4549 dissilire,

342 4578 438 4618 nec
473 4580 823 4635 permanere,
868 4581 967 4621 nec
999 4566 1192 4622 durare
1227 4569 1518 4637 potuisset?
1557 4569 1755 4624 Tantus
1793 4571 1921 4627 anni

344 4664 714 4725 tempestatum
747 4656 911 4722 ordo,
944 4667 1087 4711 tanta
1116 4659 1289 4713 noctis
1310 4667 1365 4714 et
1387 4659 1490 4714 diei
1517 4659 1917 4726 convenientia,

338 4755 414 4801 tot
446 4747 833 4802 irrationalium
868 4763 1063 4817 genera
1101 4749 1409 4805 animalium
1429 4790 1445 4817 ,
1472 4749 1770 4819 plantarum
1792 4791 1808 4818 ,
1835 4764 1921 4804 se—

339 4836 543 4891 minum
580 4846 632 4892 et
664 4838 947 4893 herbarum
981 4848 1223 4895 tenorem
1250 4856 1403 4896 suum
1434 4848 1681 4907 servant,
1709 4848 1762 4896 et
1788 4838 1919 4895 nihil

338 4928 388 4981 in
424 4938 743 4998 praesentem
781 4930 922 4985 diem
968 4946 1140 5001 neque
1174 4932 1475 4999 intercidit,
1515 4948 1687 5003 neque
1713 4932 1923 5002 penitus

338 5030 711 5089 consumptum
755 5030 856 5076 est.

410 5109 467 5164 5.
512 5108 627 5164 Non
675 5110 792 5166 haec
838 5127 965 5167 vero
993 5121 1230 5179 tantum,
1273 5112 1367 5168 sed
1411 5121 1465 5168 et
1505 5112 1605 5168 alia
1650 5113 1816 5168 multo
1842 5114 1923 5170 his

347 5198 493 5268 plura
521 5213 573 5255 et
600 5202 946 5272 profundiora
970 5203 1075 5257 dici
1102 5212 1367 5273 poterant,
1408 5212 1463 5259 et
1500 5203 1568 5259 de
1593 5204 1706 5274 ipsa
1735 5205 1922 5260 disseri

347 5302 616 5359 creatura;
642 5294 737 5349 sed
762 5294 813 5348 in
838 5295 1128 5349 crastinum
1172 5294 1261 5349 illa
1289 5294 1626 5360 differentes,
1672 5295 1809 5350 dicta
1840 5297 1924 5351 di-

349 5379 571 5444 ligenter
596 5382 829 5438 retinere
857 5391 911 5437 et
939 5384 993 5439 in
1016 5384 1151 5439 alios
1169 5383 1360 5439 eﬂ‘erre
1386 5385 1708 5440 studeamus.
1731 5385 1798 5439 Et
1816 5385 1926 5439 scio

349 5471 560 5539 quidem
605 5473 989 5529 sententiarum
1030 5473 1442 5544 profunditatem
1481 5476 1697 5530 auribus
1737 5477 1927 5533 vestris

352 5564 648 5620 inusitatam
677 5581 796 5622 esse
818 5609 834 5633 ,
874 5568 967 5622 sed
993 5568 1037 5624 si
1070 5583 1354 5638 parumper
1393 5567 1702 5637 vigilemus,
1747 5577 1801 5623 et
1843 5568 1926 5624 bis

354 5673 449 5713 nos
489 5659 631 5727 ipsos
672 5658 1121 5724 assuefaeiamns,
1167 5662 1327 5715 etiam
1373 5660 1491 5715 aliis
1534 5660 1731 5715 erimus
1774 5661 1929 5716 facile

354 5750 614 5809 doctores.
654 5754 869 5809 Interim
896 5769 1025 5810 vero
1039 5752 1170 5809 illttd
1184 5751 1429 5809 charitati
1457 5762 1646 5808 vestra:
1684 5766 1927 5808 necessa-

358 5844 494 5903 rium
513 5860 592 5905 εει
610 5848 788 5906 dicere
807 5864 821 5903 :
845 5849 979 5906 sicut
1002 5863 1100 5905 nos
1116 5848 1425 5921 gloriﬁcavit
1449 5848 1587 5905 Deus
1612 5861 1705 5920 per
1727 5857 1925 5903 tantam

3487 444 3588 491 lit)

2007 559 2330 617 creaturam,
2366 551 2436 604 ita
2466 565 2564 606 nos
2590 564 2799 620 quoque
2828 564 2921 620 per
2947 564 3133 621 puram
3160 549 3333 620 ipsum
3364 562 3590 603 conver-

2005 640 2264 697 sationem
2281 641 2655 711 gloriticemus.
2676 639 2800 695 ϐαυιὶ
2818 648 3054 694 enat-rant
3068 639 3283 711 gloriam
3298 637 3398 695 Dei
3416 637 3590 708 (Paul.

2007 733 2094 789 18.
2126 732 2184 804 2)
2209 773 2226 800 ,
2270 733 2396 788 dum
2427 742 2688 803 apparent
2714 734 2886 788 solum
2911 750 2926 786 :
2950 738 3005 788 et
3029 746 3129 787 nos
3156 732 3317 803 igitur
3347 732 3445 787 Dei
3472 731 3583 802 glo-

2006 826 2140 880 riam
2161 840 2492 892 enarremus,
2517 841 2622 879 non
2642 825 2880 881 dicentes
2901 832 3126 893 tantum,
3144 824 3236 880 sed
3257 831 3311 879 et
3326 832 3588 889 tacentes,

2007 926 2061 972 et
2085 917 2208 972 vita:
2228 918 2470 972 claritate
2496 932 2685 972 omnes
2710 918 2763 971 in
2795 917 3202 972 admirationem
3227 914 3589 971 adducentes:

2008 1008 2195 1064 Luceat
2222 1010 2387 1077 enim,
2419 1009 2495 1063 ait
2520 1049 2535 1076 ,
2568 1009 2660 1063 tua:
2687 1018 2848 1063 vestra
2875 1024 3043 1061 coram
3084 1006 3396 1073 hominibus,
3434 1017 3490 1060 ut
3515 1007 3593 1060 vi-

2008 1100 2159 1154 deant
2185 1118 2338 1169 opera
2364 1111 2526 1156 vcstra
2554 1101 2682 1155 bona
2700 1142 2716 1168 ,
2741 1110 2787 1154 et
2813 1099 3095 1170 gloriﬁcent
3140 1097 3348 1152 Patrem
3371 1106 3593 1151 vestrum

2007 1189 2096 1262 qui
2120 1202 2194 1247 est
2220 1193 2272 1245 in
2300 1191 2436 1246 coriis
2467 1191 2678 1264 (Matth.
2721 1192 2773 1247 5.
2808 1190 2918 1258 l6).
2960 1191 3092 1246 Cum
3119 1190 3262 1245 enim
3292 1189 3484 1244 viderit
3507 1189 3594 1242 iu-

2010 1282 2182 1340 fidelis
2210 1293 2261 1338 te
2307 1282 2513 1337 ﬁdelem
2542 1281 2895 1352 compositura
2920 1323 2934 1348 ,
2964 1281 3266 1336 modestum
3299 1322 3315 1346 ,
3345 1288 3593 1335 ornatum

2009 1390 2150 1443 esse,
2180 1375 2458 1432 mirabitur
2479 1385 2532 1431 et
2556 1375 2697 1431 dicet
2721 1393 2734 1430 :
2757 1374 2896 1430 Vere
2926 1389 3148 1444 magnus
3170 1372 3591 1428 Christianorum

2011 1467 2153 1521 Deus
2176 1485 2189 1522 :
2210 1466 2397 1537 quales
2433 1467 2707 1522 constituit
2753 1466 2998 1521 homines
3020 1505 3036 1531 ,
3077 1463 3263 1535 quales
3288 1479 3319 1519 e
3351 1462 3595 1534 qualibus

2010 1556 2137 1613 fecit
2160 1557 2176 1611 ε
2202 1558 2422 1628 angelos
2458 1573 2524 1613 ex
2568 1556 2869 1613 hominibus
2916 1556 3063 1625 ipsos
3090 1553 3337 1611 reddidit.
3375 1551 3431 1608 Si
3474 1552 3594 1623 quis

2011 1648 2386 1704 contumeliam
2427 1648 2642 1714 fecerit,
2684 1662 2793 1702 non
2828 1642 3296 1702 convicianturzsi
3323 1641 3442 1713 quis
3471 1657 3595 1712 per-

2011 1740 2258 1809 cusserit,
2289 1755 2398 1795 non
2423 1756 2564 1811 mgre
2592 1742 2769 1795 ferunt
2794 1758 2809 1796 :
2830 1738 2877 1794 si
2901 1739 3021 1809 quis
3047 1736 3296 1806 iniuriam
3322 1733 3592 1798 intulerit,

2012 1845 2110 1900 pro
2140 1831 2205 1885 iis
2229 1831 2320 1902 qui
2348 1845 2408 1887 se
2434 1831 2691 1899 laeserint,
2722 1841 2879 1886 orant
2901 1848 2915 1885 :
2938 1829 3210 1885 inimicum
3241 1842 3347 1882 non
3374 1826 3596 1887 habent,

2011 1920 2146 1976 iram
2187 1936 2404 1978 servare
2438 1936 2545 1978 non
2592 1929 2816 1989 norunt,
2852 1919 3038 1991 nugari
3075 1918 3339 1985 nesciunt,
3382 1914 3593 1971 mentiri

2012 2028 2119 2068 non
2163 2014 2498 2080 didicerunt,
2548 2013 2792 2085 pejerare
2839 2027 2943 2068 non
2986 2009 3281 2075 sustinent,
3335 2007 3443 2062 imo
3493 2020 3591 2060 nec

2007 2104 2216 2174 jurare,
2257 2105 2351 2161 sed
2396 2105 2626 2177 linguam
2653 2103 2823 2160 excidi
2852 2102 3102 2167 mallent,
3147 2114 3304 2171 quam
3335 2096 3497 2152 ullum
3525 2111 3589 2149 ex

2012 2211 2107 2252 ore
2142 2196 2501 2266 juramentum
2544 2197 2810 2252 emittere.
2852 2194 2979 2250 lia‘c
3018 2193 3121 2247 illis
3164 2189 3495 2263 praebeamus
3527 2186 3595 2242 de

2012 2287 2167 2343 nobis
2187 2287 2431 2352 dicenda,
2463 2296 2518 2343 et
2546 2286 2842 2357 improbam
2867 2285 3288 2355 juramentorum
3316 2287 3597 2335 consueto—

2014 2379 2194 2433 dinem
2221 2380 2551 2451 expellamus
2574 2397 2587 2432 :
2612 2388 2667 2434 et
2689 2378 2773 2432 vel
2802 2386 3003 2432 tantum
3044 2376 3151 2429 Deo
3178 2373 3475 2428 tribuamus
3501 2370 3600 2424 ho-

2015 2469 2161 2524 noris
2191 2510 2207 2535 ,
2261 2479 2514 2540 quantum
2562 2467 2895 2523 vestimentis
2938 2465 3135 2519 nostris
3170 2460 3596 2535 pretiosioribus.

2016 2559 2296 2627 Quomodo
2321 2561 2465 2615 enim
2496 2575 2602 2615 non
2632 2558 2921 2614 absurdum
2952 2565 3055 2621 est,
3082 2555 3454 2610 vestimentum
3485 2552 3600 2620 qui-

2017 2651 2138 2707 dem
2169 2651 2427 2707 habentes
2451 2650 2668 2721 reliquis
2693 2649 2882 2704 ntelius
2899 2690 2914 2716 ,
2961 2648 3077 2717 ipso
3119 2644 3428 2718 frequenter
3453 2642 3606 2698 abuti

2016 2759 2122 2799 non
2151 2743 2437 2808 sustinere,
2484 2742 2577 2797 Dei
2602 2755 2730 2796 vero
2756 2754 2949 2795 nomen
2980 2737 3174 2808 ubique
3202 2744 3403 2791 temere
3421 2775 3437 2800 ,
3463 2744 3518 2788 et
3547 2741 3601 2786 ut

2016 2835 2270 2902 occurrit,
2298 2832 2629 2889 distrahere?
2659 2832 2820 2903 Igitur
2848 2844 3036 2901 precor
3060 2837 3116 2882 et
3142 2826 3403 2897 supplico,
3432 2840 3501 2880 ne
3524 2824 3602 2879 sic

2017 2927 2241 2981 salutent
2269 2933 2677 2980 contemnamus
2705 2932 2942 2978 nostram
2965 2963 2981 2988 ,
3027 2919 3120 2974 scd
3160 2917 3391 2973 studium
3412 2958 3428 2983 ,
3458 2917 3597 2986 quod

2016 3015 2085 3071 ab
2120 3015 2270 3070 initio
2297 3017 2437 3070 circa
2466 3013 2772 3069 mandatum
2803 3012 2944 3068 istud
2973 3011 3355 3065 adhibebatnus
3374 3047 3393 3074 ,
3431 3006 3599 3061 dedu-

2019 3121 2203 3162 camus
2246 3105 2521 3162 adfinem.
2550 3106 2838 3174 Propterea
2878 3118 2977 3173 ego
3005 3101 3311 3155 continuam
3350 3098 3418 3153 de
3457 3097 3602 3168 jura—

2019 3198 2214 3254 mentis
2265 3196 2694 3252 exhortationem
2746 3194 2920 3260 facio,
2971 3208 3077 3247 non
3129 3190 3271 3261 quod
3330 3198 3598 3259 torporem

2018 3297 2252 3346 vestrum
2288 3288 2633 3344 condemnem
2660 3327 2674 3350 ,
2720 3286 2814 3341 scd
2856 3285 2995 3356 quod
3036 3284 3293 3353 majorem
3337 3290 3539 3351 partem
3569 3295 3611 3334 a.

2019 3379 2172 3435 vobis
2200 3388 2494 3436 correctam
2524 3377 2736 3431 videam
2767 3387 2859 3431 :et
2887 3374 3075 3430 studeo
3106 3372 3408 3442 festinoque
3433 3379 3611 3425 totum.

2022 3469 2313 3541 perfectum
2338 3484 2486 3536 esse,
2516 3476 2571 3523 et
2592 3466 2754 3524 tinem
2783 3466 3045 3537 accipere.
3087 3464 3176 3520 Sic
3200 3471 3254 3518 et
3279 3469 3602 3533 spectatores

2020 3562 2241 3630 faciunt,
2272 3562 2363 3633 qui
2387 3561 2584 3617 braviis
2608 3560 2880 3631 proximos
2905 3559 3074 3630 magis
3098 3558 3348 3613 excitant.
3379 3554 3488 3611 Nec
3507 3569 3602 3609 nos

2024 3652 2184 3724 igitur
2238 3653 2497 3708 lassemur
2526 3668 2539 3706 :
2569 3665 2752 3707 sumus
2794 3652 2937 3705 enim
2994 3663 3161 3719 prope
3209 3650 3377 3702 totius
3424 3660 3604 3701 corrc-

2019 3746 2215 3801 ctionis
2258 3744 2449 3810 linem,
2498 3753 2552 3797 et
2598 3743 2738 3798 circa
2782 3740 3096 3812 principium
3140 3746 3259 3794 erat
3298 3735 3601 3791 difficultas.

2021 3835 2244 3904 Quando
2270 3849 2400 3890 vero
2426 3832 2826 3889 consuetudinis
2866 3830 3155 3902 plurimum
3184 3841 3328 3883 nunc
3354 3834 3437 3882 est
3462 3824 3603 3879 reci-

2020 3941 2162 3993 sum,
2189 3934 2247 3981 et
2271 3924 2538 3980 modicum
2563 3929 2841 3991 superest:
2864 3921 2973 3990 jam
2998 3934 3098 3974 nec
3122 3917 3229 3972 ullo
3260 3915 3443 3971 labore
3470 3928 3604 3984 opus

2021 4026 2135 4083 est,
2184 4016 2279 4073 sed
2324 4015 2533 4071 modica
2577 4014 2984 4077 observatione;
3035 4019 3092 4065 et
3133 4008 3277 4064 brevi
3329 4006 3603 4076 diligentia

2022 4124 2260 4180 egemus,
2292 4117 2351 4163 ttt
2377 4106 2479 4178 ipsi
2502 4105 2728 4160 correcti
2753 4103 2871 4159 aliis
2896 4102 3144 4158 doctores
3176 4098 3374 4162 simus,
3406 4104 3603 4152 etcum

2023 4201 2216 4257 fiducia
2241 4215 2451 4256 sacrum
2481 4197 2679 4267 pascha
2708 4194 3007 4259 videamus,
3032 4200 3089 4247 et
3112 4205 3232 4246 eum
3255 4188 3423 4244 multa
3448 4186 3602 4241 volu-

2022 4303 2167 4366 ptate
2208 4292 2423 4362 duplam
2461 4299 2516 4346 et
2555 4289 2768 4359 triplam
2809 4293 3120 4341 consuetam
3163 4281 3434 4352 capiamus
3465 4279 3600 4334 ireti-

2025 4386 2171 4441 tiam.
2198 4383 2313 4439 Non
2337 4382 2479 4437 enim
2507 4389 2708 4435 tantum
2734 4390 2834 4432 nos
2854 4375 3040 4447 jejunii
3066 4372 3340 4430 laboribus
3364 4379 3418 4428 et
3438 4368 3605 4426 sudo-

2023 4476 2169 4532 ribus
2195 4476 2443 4530 liberatos
2464 4486 2583 4527 esse
2614 4470 2844 4526 delectat
2863 4507 2878 4531 ,
2906 4475 3161 4538 quantum
3190 4478 3309 4518 cum
3336 4460 3528 4517 merito
3551 4464 3611 4515 et

2024 4566 2299 4641 splendida
2346 4580 2547 4621 corona
2589 4576 2757 4618 sacrae
2802 4560 2879 4616 illi
2927 4556 3251 4614 solemnitati
3294 4562 3609 4618 occurrere,"

2025 4675 2222 4717 corona
2244 4673 2534 4729 numquam
2559 4661 2945 4710 marcescente.
2969 4649 3040 4706 Ut
3059 4659 3237 4704 autem
3264 4646 3490 4702 celerior
3519 4641 3607 4698 ﬁat

2026 4750 2351 4818 emendatio,
2394 4752 2496 4803 hoc
2533 4747 2617 4801 fac
2654 4742 2796 4816 quod
2821 4743 2940 4798 dico
2961 4758 2976 4795 ε
2999 4739 3173 4795 scribe
3198 4738 3250 4791 in
3280 4735 3480 4805 pariete
3507 4733 3608 4788 do-

2029 4856 2147 4897 mus
2176 4850 2280 4896 tua:
2298 4882 2313 4905 ,
2342 4849 2397 4894 et
2422 4840 2477 4894 in
2503 4834 2682 4893 cordis
2710 4835 2783 4889 tui
2813 4833 3015 4904 pariete
3038 4829 3229 4885 falcem
3256 4827 3396 4882 illam
3425 4824 3608 4878 volan-

2029 4945 2158 4998 tem,
2188 4940 2243 4987 et
2267 4932 2403 4986 hanc
2426 4929 2495 4984 ad
2518 4927 2941 4983 maledictionem
2967 4921 3149 4976 volare
3177 4926 3300 4989 puta
3329 4914 3510 4986 (Zach.
3544 4915 3600 4970 5.

2031 5023 2152 5094 1-5)
2174 5040 2185 5077 :
2210 5029 2266 5078 et
2291 5020 2505 5075 assidue
2538 5018 2706 5089 ipsam
2733 5014 2987 5084 recogita,
3021 5012 3135 5066 sive
3161 5009 3321 5064 alium
3341 5009 3610 5077 jurantem

2030 5114 2231 5179 videas,
2257 5112 2465 5176 cohibe,
2488 5120 2627 5174 veta,
2650 5114 2704 5161 et
2722 5119 2903 5160 curam
2930 5113 3140 5157 tuorum
3166 5112 3293 5171 gere
3311 5111 3606 5153 servorum.

2030 5205 2085 5260 Si
2107 5203 2248 5258 enim
2278 5203 2377 5256 hoc
2403 5199 2821 5261 consideremus,
2847 5192 3116 5265 quomodo
3143 5207 3249 5247 non
3276 5198 3480 5246 tantum
3511 5188 3610 5259 ipsi

2032 5302 2177 5349 recte
2220 5307 2318 5346 nos
2343 5303 2589 5361 geramus
2608 5329 2624 5354 ,
2669 5285 2765 5341 sed
2809 5293 2864 5340 et
2891 5285 3023 5340 alios
3049 5285 3103 5338 in
3132 5283 3234 5337 hoc
3261 5282 3569 5337 inducamus
3591 5318 3609 5343 ,

2032 5384 2274 5440 celeriter
2296 5383 2395 5453 ipsi
2418 5380 2484 5435 ad
2505 5380 2663 5434 tinem
2690 5377 2984 5432 veniemus.
3007 5374 3155 5430 Alios
3173 5372 3313 5429 enim
3341 5369 3611 5438 corrigere

2033 5475 2397 5547 aggredientes
2418 5515 2432 5538 ,
2466 5470 2831 5528 erubescimus
2854 5478 2909 5523 et
2932 5465 3326 5527 confundimur,
3353 5475 3471 5531 qua:
3491 5459 3611 5515 aliis

2034 5568 2366 5632 mandamus,
2391 5569 2505 5621 haec
2524 5566 2626 5636 ipsi
2646 5565 2971 5619 amittentes.
2993 5559 3102 5614 Nec
3123 5556 3357 5627 pluribus
3377 5561 3459 5609 est
3476 5565 3614 5622 opus

2034 5658 2370 5717 sermonibus
2394 5676 2407 5712 :
2431 5656 2597 5711 multa
2639 5655 2783 5711 enim
2821 5652 2967 5722 prius
2995 5658 3119 5703 sunt
3154 5652 3567 5701 commemorata
3592 5681 3612 5707 ,

2035 5761 2089 5809 et
2117 5751 2231 5806 haec
2254 5749 2573 5807 renovandae
2596 5744 2866 5802 memoriae
2892 5749 3093 5796 tantum
3119 5753 3276 5792 causa
3297 5736 3438 5792 dicta
3462 5742 3610 5790 sunt.

2039 5844 2178 5901 Deus
2204 5856 2332 5897 vero
2356 5839 2446 5914 qui
2470 5838 2637 5911 magis
2666 5849 2822 5908 quam
2852 5847 2948 5889 nos
2973 5831 3168 5889 nostris
3196 5829 3365 5899 parcit
3388 5823 3605 5889 animis.
