  <div class='ocr_page' id='page_1' title='image "/cluster/home/n/w/nwhite01/storage/ocr_20150623/49:no.2:pt.1/coo.31924054869486/113.png"; bbox 0 0 4068 6464; ppageno 0'>
   <div class='ocr_carea' id='block_1_1' title="bbox 1253 425 3807 515">
    <p class='ocr_par' dir='ltr' id='par_1_1' title="bbox 1253 425 3807 515">
     <span class='ocr_line' id='line_1_1' title="bbox 1253 425 3807 515; baseline 0.007 -35"><span class='ocrx_word' id='word_1_1' title='bbox 1253 427 1308 480; x_wconf 82' lang='lat' dir='ltr'><strong>S.</strong></span> <span class='ocrx_word' id='word_1_2' title='bbox 1349 425 1626 481; x_wconf 72' lang='lat' dir='ltr'><strong>JOANNIS</strong></span> <span class='ocrx_word' id='word_1_3' title='bbox 1663 427 1838 481; x_wconf 54' lang='lat' dir='ltr'><strong>Clll’.‘</strong></span> <span class='ocrx_word' id='word_1_4' title='bbox 1855 425 2142 482; x_wconf 75' lang='lat' dir='ltr'><strong>SOSTOMI</strong></span> <span class='ocrx_word' id='word_1_5' title='bbox 2179 431 2496 488; x_wconf 78' lang='lat' dir='ltr'><strong>ARCHIEP.</strong></span> <span class='ocrx_word' id='word_1_6' title='bbox 2537 432 3070 496; x_wconf 74' lang='lat' dir='ltr'><strong>CONSTANTINOP.</strong></span> <span class='ocrx_word' id='word_1_7' title='bbox 3711 458 3807 515; x_wconf 61' lang='grc' dir='ltr'><strong>ηε</strong></span> 
     </span>
    </p>
   </div>
   <div class='ocr_carea' id='block_1_2' title="bbox 2231 545 3802 634">
    <p class='ocr_par' dir='ltr' id='par_1_2' title="bbox 2231 545 3802 634">
     <span class='ocr_line' id='line_1_2' title="bbox 2231 545 3802 634; baseline 0.017 -34"><span class='ocrx_word' id='word_1_8' title='bbox 2231 545 2354 600; x_wconf 79' lang='lat' dir='ltr'><strong>Jesn</strong></span> <span class='ocrx_word' id='word_1_9' title='bbox 2397 547 2625 616; x_wconf 87' lang='lat' dir='ltr'><strong>Christi,</strong></span> <span class='ocrx_word' id='word_1_10' title='bbox 2678 564 2773 618; x_wconf 90' lang='lat' dir='ltr'><strong>per</strong></span> <span class='ocrx_word' id='word_1_11' title='bbox 2811 567 2970 620; x_wconf 87' lang='lat' dir='ltr'><strong>quem</strong></span> <span class='ocrx_word' id='word_1_12' title='bbox 3000 563 3056 608; x_wconf 92' lang='lat' dir='ltr'><strong>et</strong></span> <span class='ocrx_word' id='word_1_13' title='bbox 3082 568 3203 608; x_wconf 90' lang='lat' dir='ltr'><strong>cum</strong></span> <span class='ocrx_word' id='word_1_14' title='bbox 3231 571 3338 626; x_wconf 90' lang='lat' dir='ltr'><strong>quo</strong></span> <span class='ocrx_word' id='word_1_15' title='bbox 3365 558 3504 617; x_wconf 87' lang='lat' dir='ltr'><strong>Patri</strong></span> <span class='ocrx_word' id='word_1_16' title='bbox 3531 565 3695 634; x_wconf 86' lang='lat' dir='ltr'><strong>gloria</strong></span> <span class='ocrx_word' id='word_1_17' title='bbox 3732 578 3802 628; x_wconf 82' lang='lat' dir='ltr'><strong>si-</strong></span> 
     </span>
    </p>
   </div>
   <div class='ocr_carea' id='block_1_3' title="bbox 2233 637 3800 720">
    <p class='ocr_par' dir='ltr' id='par_1_3' title="bbox 2233 637 3800 720">
     <span class='ocr_line' id='line_1_3' title="bbox 2233 637 3800 720; baseline 0.018 -30"><span class='ocrx_word' id='word_1_18' title='bbox 2233 637 2450 708; x_wconf 90' lang='lat' dir='ltr'><strong>mulque</strong></span> <span class='ocrx_word' id='word_1_19' title='bbox 2477 651 2663 695; x_wconf 84' lang='lat' dir='ltr'><strong>sancto</strong></span> <span class='ocrx_word' id='word_1_20' title='bbox 2683 640 2926 712; x_wconf 79' lang='lat' dir='ltr'><strong>Spiritui,</strong></span> <span class='ocrx_word' id='word_1_21' title='bbox 2957 643 3011 698; x_wconf 92' lang='lat' dir='ltr'><strong>in</strong></span> <span class='ocrx_word' id='word_1_22' title='bbox 3039 645 3234 701; x_wconf 74' lang='lat' dir='ltr'><strong>szecula</strong></span> <span class='ocrx_word' id='word_1_23' title='bbox 3259 651 3592 710; x_wconf 70' lang='lat' dir='ltr'><strong>saeculorum.</strong></span> <span class='ocrx_word' id='word_1_24' title='bbox 3617 662 3800 720; x_wconf 71' lang='lat' dir='ltr'><strong>Amen.</strong></span> 
     </span>
    </p>
   </div>
   <div class='ocr_carea' id='block_1_4' title="bbox 537 427 630 484">
    <p class='ocr_par' dir='ltr' id='par_1_4' title="bbox 537 427 630 484">
     <span class='ocr_line' id='line_1_4' title="bbox 537 427 630 484; baseline -0.022 -1"><span class='ocrx_word' id='word_1_25' title='bbox 537 427 630 484; x_wconf 78' lang='lat' dir='ltr'><strong>Hi</strong></span> 
     </span>
    </p>
   </div>
   <div class='ocr_carea' id='block_1_5' title="bbox 530 540 2120 611">
    <p class='ocr_par' dir='ltr' id='par_1_5' title="bbox 530 540 2120 611">
     <span class='ocr_line' id='line_1_5' title="bbox 530 540 2120 611; baseline -0.001 -13"><span class='ocrx_word' id='word_1_26' title='bbox 530 554 584 598; x_wconf 88' lang='lat' dir='ltr'><strong>et</strong></span> <span class='ocrx_word' id='word_1_27' title='bbox 610 544 664 599; x_wconf 87' lang='lat' dir='ltr'><strong>in</strong></span> <span class='ocrx_word' id='word_1_28' title='bbox 695 541 798 599; x_wconf 88' lang='lat' dir='ltr'><strong>hoc</strong></span> <span class='ocrx_word' id='word_1_29' title='bbox 832 551 888 597; x_wconf 86' lang='lat' dir='ltr'><strong>et</strong></span> <span class='ocrx_word' id='word_1_30' title='bbox 927 542 978 596; x_wconf 91' lang='lat' dir='ltr'><strong>in</strong></span> <span class='ocrx_word' id='word_1_31' title='bbox 1015 541 1158 595; x_wconf 91' lang='lat' dir='ltr'><strong>omni</strong></span> <span class='ocrx_word' id='word_1_32' title='bbox 1205 557 1304 595; x_wconf 91' lang='lat' dir='ltr'><strong>nos</strong></span> <span class='ocrx_word' id='word_1_33' title='bbox 1338 541 1476 596; x_wconf 91' lang='lat' dir='ltr'><strong>bono</strong></span> <span class='ocrx_word' id='word_1_34' title='bbox 1518 540 1782 611; x_wconf 82' lang='lat' dir='ltr'><strong>perfectos</strong></span> <span class='ocrx_word' id='word_1_35' title='bbox 1828 543 2014 608; x_wconf 88' lang='lat' dir='ltr'><strong>faciat,</strong></span> <span class='ocrx_word' id='word_1_36' title='bbox 2061 552 2120 597; x_wconf 90' lang='lat' dir='ltr'><strong>ut</strong></span> 
     </span>
    </p>
   </div>
   <div class='ocr_carea' id='block_1_6' title="bbox 527 634 2120 705">
    <p class='ocr_par' dir='ltr' id='par_1_6' title="bbox 527 634 2120 705">
     <span class='ocr_line' id='line_1_6' title="bbox 527 634 2120 705; baseline 0.001 -17"><span class='ocrx_word' id='word_1_37' title='bbox 527 650 743 690; x_wconf 86' lang='lat' dir='ltr'><strong>onmem</strong></span> <span class='ocrx_word' id='word_1_38' title='bbox 781 635 999 704; x_wconf 73' lang='lat' dir='ltr'><strong>justitia:</strong></span> <span class='ocrx_word' id='word_1_39' title='bbox 1041 635 1271 688; x_wconf 86' lang='lat' dir='ltr'><strong>fructum</strong></span> <span class='ocrx_word' id='word_1_40' title='bbox 1316 635 1625 705; x_wconf 89' lang='lat' dir='ltr'><strong>assequuti,</strong></span> <span class='ocrx_word' id='word_1_41' title='bbox 1666 634 1922 688; x_wconf 77' lang='lat' dir='ltr'><strong>emlorum</strong></span> <span class='ocrx_word' id='word_1_42' title='bbox 1955 650 2120 704; x_wconf 87' lang='lat' dir='ltr'><strong>regno</strong></span> 
     </span>
    </p>
   </div>
   <div class='ocr_carea' id='block_1_7' title="bbox 527 726 2121 798">
    <p class='ocr_par' dir='ltr' id='par_1_7' title="bbox 527 726 2121 798">
     <span class='ocr_line' id='line_1_7' title="bbox 527 726 2121 798; baseline -0.001 -16"><span class='ocrx_word' id='word_1_43' title='bbox 527 729 670 798; x_wconf 81' lang='lat' dir='ltr'><strong>digni</strong></span> <span class='ocrx_word' id='word_1_44' title='bbox 698 742 1017 783; x_wconf 90' lang='lat' dir='ltr'><strong>censeamur</strong></span> <span class='ocrx_word' id='word_1_45' title='bbox 1035 767 1051 793; x_wconf 90' lang='lat'><strong>,</strong></span> <span class='ocrx_word' id='word_1_46' title='bbox 1091 727 1258 796; x_wconf 86' lang='lat' dir='ltr'><strong>gratia</strong></span> <span class='ocrx_word' id='word_1_47' title='bbox 1286 737 1340 781; x_wconf 92' lang='lat' dir='ltr'><strong>et</strong></span> <span class='ocrx_word' id='word_1_48' title='bbox 1371 726 1694 795; x_wconf 87' lang='lat' dir='ltr'><strong>benignitate</strong></span> <span class='ocrx_word' id='word_1_49' title='bbox 1722 726 1930 779; x_wconf 84' lang='lat' dir='ltr'><strong>Domini</strong></span> <span class='ocrx_word' id='word_1_50' title='bbox 1953 727 2121 780; x_wconf 86' lang='lat' dir='ltr'><strong>nostri</strong></span> 
     </span>
    </p>
   </div>
   <div class='ocr_carea' id='block_1_8' title="bbox 2105 857 3798 893">
    <p class='ocr_par' dir='ltr' id='par_1_8' title="bbox 2105 857 3798 893">
     <span class='ocr_line' id='line_1_8' title="bbox 2105 857 3798 893; baseline 0.007 -27"><span class='ocrx_word' id='word_1_51' title='bbox 2105 857 3798 893; x_wconf 46' lang='grc' dir='ltr'><strong>Ἢ,-</strong></span> 
     </span>
    </p>
   </div>
   <div class='ocr_carea' id='block_1_9' title="bbox 519 945 3795 1028">
    <p class='ocr_par' dir='ltr' id='par_1_9' title="bbox 519 945 3795 1028">
     <span class='ocr_line' id='line_1_9' title="bbox 519 945 3795 1028; baseline 0.004 -32"><span class='ocrx_word' id='word_1_52' title='bbox 519 951 673 996; x_wconf 63' lang='grc' dir='ltr'><strong>[λεδ</strong></span> <span class='ocrx_word' id='word_1_53' title='bbox 718 951 939 995; x_wconf 68' lang='grc' dir='ltr'><strong>εοιιυΜ</strong></span> <span class='ocrx_word' id='word_1_54' title='bbox 982 951 1092 1004; x_wconf 82' lang='lat' dir='ltr'><strong>QUI</strong></span> <span class='ocrx_word' id='word_1_55' title='bbox 1135 950 1288 992; x_wconf 79' lang='lat' dir='ltr'><strong>POST</strong></span> <span class='ocrx_word' id='word_1_56' title='bbox 1330 950 1529 992; x_wconf 78' lang='lat' dir='ltr'><strong>CIBUM</strong></span> <span class='ocrx_word' id='word_1_57' title='bbox 1572 951 1657 992; x_wconf 74' lang='lat' dir='ltr'><strong>AD</strong></span> <span class='ocrx_word' id='word_1_58' title='bbox 1715 947 2094 991; x_wconf 78' lang='lat' dir='ltr'><strong>AUDIENDUM</strong></span> <span class='ocrx_word' id='word_1_59' title='bbox 2147 945 2510 1001; x_wconf 71' lang='lat' dir='ltr'><strong>VENERANT,</strong></span> <span class='ocrx_word' id='word_1_60' title='bbox 2577 947 2658 990; x_wconf 76' lang='lat' dir='ltr'><strong>ET</strong></span> <span class='ocrx_word' id='word_1_61' title='bbox 2728 950 3080 998; x_wconf 71' lang='lat' dir='ltr'><strong>NATURALIS</strong></span> <span class='ocrx_word' id='word_1_62' title='bbox 3147 958 3356 1003; x_wconf 70' lang='lat' dir='ltr'><strong>MUNDI</strong></span> <span class='ocrx_word' id='word_1_63' title='bbox 3419 963 3795 1028; x_wconf 69' lang='grc' dir='ltr'><strong>ΕΜιιιιιτιω,</strong></span> 
     </span>
    </p>
   </div>
   <div class='ocr_carea' id='block_1_10' title="bbox 677 1042 3639 1110">
    <p class='ocr_par' dir='ltr' id='par_1_10' title="bbox 677 1042 3639 1110">
     <span class='ocr_line' id='line_1_10' title="bbox 677 1042 3639 1110; baseline 0.006 -17"><span class='ocrx_word' id='word_1_64' title='bbox 677 1052 836 1094; x_wconf 78' lang='lat' dir='ltr'><strong>ITEM</strong></span> <span class='ocrx_word' id='word_1_65' title='bbox 879 1051 1129 1094; x_wconf 73' lang='lat' dir='ltr'><strong>CONTRA</strong></span> <span class='ocrx_word' id='word_1_66' title='bbox 1173 1049 1478 1092; x_wconf 70' lang='lat' dir='ltr'><strong>GENTILES</strong></span> <span class='ocrx_word' id='word_1_67' title='bbox 1511 1048 1898 1091; x_wconf 73' lang='lat' dir='ltr'><strong>CREATURAM</strong></span> <span class='ocrx_word' id='word_1_68' title='bbox 1946 1047 2028 1088; x_wconf 84' lang='lat' dir='ltr'><strong>UT</strong></span> <span class='ocrx_word' id='word_1_69' title='bbox 2068 1044 2249 1087; x_wconf 78' lang='lat' dir='ltr'><strong>DEUM</strong></span> <span class='ocrx_word' id='word_1_70' title='bbox 2291 1042 2631 1104; x_wconf 80' lang='lat' dir='ltr'><strong>COLENTES,</strong></span> <span class='ocrx_word' id='word_1_71' title='bbox 2678 1049 2759 1091; x_wconf 81' lang='lat' dir='ltr'><strong>ET</strong></span> <span class='ocrx_word' id='word_1_72' title='bbox 2800 1049 2883 1093; x_wconf 82' lang='lat' dir='ltr'><strong>DE</strong></span> <span class='ocrx_word' id='word_1_73' title='bbox 2931 1053 3211 1101; x_wconf 61' lang='grc' dir='ltr'>νηησοο</span> <span class='ocrx_word' id='word_1_74' title='bbox 3241 1059 3639 1110; x_wconf 71' lang='lat' dir='ltr'><strong>JURAMENTO.</strong></span> 
     </span>
    </p>
   </div>
   <div class='ocr_carea' id='block_1_11' title="bbox 1936 1171 2356 1226">
    <p class='ocr_par' dir='ltr' id='par_1_11' title="bbox 1936 1171 2356 1226">
     <span class='ocr_line' id='line_1_11' title="bbox 1936 1171 2356 1226; baseline -0.005 -6"><span class='ocrx_word' id='word_1_75' title='bbox 1936 1171 2356 1226; x_wconf 64' lang='grc' dir='ltr'><strong>εθίρωοεοοκε)</strong></span> 
     </span>
    </p>
   </div>
   <div class='ocr_carea' id='block_1_12' title="bbox 1164 1315 1472 1356">
    <p class='ocr_par' dir='ltr' id='par_1_12' title="bbox 1164 1315 1472 1356">
     <span class='ocr_line' id='line_1_12' title="bbox 1164 1315 1472 1356; baseline -0.006 0"><span class='ocrx_word' id='word_1_76' title='bbox 1164 1315 1378 1356; x_wconf 61' lang='grc' dir='ltr'><strong>ηουιιιΑ</strong></span> <span class='ocrx_word' id='word_1_77' title='bbox 1417 1316 1448 1354; x_wconf 74' lang='grc' dir='ltr'><strong>Χ</strong></span> <span class='ocrx_word' id='word_1_78' title='bbox 1459 1338 1472 1354; x_wconf 78' lang='grc' dir='ltr'><strong><em>ο</em></strong></span> 
     </span>
    </p>
   </div>
   <div class='ocr_carea' id='block_1_13' title="bbox 583 1388 2103 1464">
    <p class='ocr_par' dir='ltr' id='par_1_13' title="bbox 583 1388 2103 1464">
     <span class='ocr_line' id='line_1_13' title="bbox 583 1388 2103 1464; baseline -0.006 -14"><span class='ocrx_word' id='word_1_79' title='bbox 583 1397 634 1452; x_wconf 83' lang='grc'><strong>1.</strong></span> <span class='ocrx_word' id='word_1_80' title='bbox 675 1394 896 1452; x_wconf 87' lang='lat' dir='ltr'><strong>Gaudeo</strong></span> <span class='ocrx_word' id='word_1_81' title='bbox 915 1438 930 1462; x_wconf 90' lang='lat'><strong>,</strong></span> <span class='ocrx_word' id='word_1_82' title='bbox 968 1404 1024 1450; x_wconf 91' lang='lat' dir='ltr'><strong>et</strong></span> <span class='ocrx_word' id='word_1_83' title='bbox 1071 1394 1309 1464; x_wconf 77' lang='lat' dir='ltr'><strong>gratulor</strong></span> <span class='ocrx_word' id='word_1_84' title='bbox 1338 1392 1584 1448; x_wconf 86' lang='lat' dir='ltr'><strong>omnibus</strong></span> <span class='ocrx_word' id='word_1_85' title='bbox 1613 1391 1767 1446; x_wconf 82' lang='lat' dir='ltr'><strong>vobis</strong></span> <span class='ocrx_word' id='word_1_86' title='bbox 1791 1431 1806 1457; x_wconf 91' lang='lat'><strong>,</strong></span> <span class='ocrx_word' id='word_1_87' title='bbox 1835 1388 1976 1461; x_wconf 87' lang='lat' dir='ltr'><strong>quod</strong></span> <span class='ocrx_word' id='word_1_88' title='bbox 2011 1388 2103 1442; x_wconf 81' lang='lat' dir='ltr'><strong>ad-</strong></span> 
     </span>
    </p>
   </div>
   <div class='ocr_carea' id='block_1_14' title="bbox 511 1482 2103 1555">
    <p class='ocr_par' dir='ltr' id='par_1_14' title="bbox 511 1482 2103 1555">
     <span class='ocr_line' id='line_1_14' title="bbox 511 1482 2103 1555; baseline -0.004 -15"><span class='ocrx_word' id='word_1_89' title='bbox 511 1487 857 1541; x_wconf 88' lang='lat' dir='ltr'><strong>monitionem</strong></span> <span class='ocrx_word' id='word_1_90' title='bbox 893 1496 1131 1540; x_wconf 89' lang='lat' dir='ltr'><strong>nostram</strong></span> <span class='ocrx_word' id='word_1_91' title='bbox 1160 1526 1174 1553; x_wconf 95' lang='lat'><strong>,</strong></span> <span class='ocrx_word' id='word_1_92' title='bbox 1207 1499 1364 1555; x_wconf 87' lang='lat' dir='ltr'><strong>quam</strong></span> <span class='ocrx_word' id='word_1_93' title='bbox 1396 1500 1490 1552; x_wconf 93' lang='lat' dir='ltr'><strong>pro</strong></span> <span class='ocrx_word' id='word_1_94' title='bbox 1512 1499 1617 1538; x_wconf 92' lang='lat' dir='ltr'><strong>non</strong></span> <span class='ocrx_word' id='word_1_95' title='bbox 1658 1482 2019 1552; x_wconf 87' lang='lat' dir='ltr'><strong>jejunantibus</strong></span> <span class='ocrx_word' id='word_1_96' title='bbox 2047 1489 2103 1534; x_wconf 90' lang='lat' dir='ltr'><strong>et</strong></span> 
     </span>
    </p>
   </div>
   <div class='ocr_carea' id='block_1_15' title="bbox 513 1573 2103 1647">
    <p class='ocr_par' dir='ltr' id='par_1_15' title="bbox 513 1573 2103 1647">
     <span class='ocr_line' id='line_1_15' title="bbox 513 1573 2103 1647; baseline -0.003 -18"><span class='ocrx_word' id='word_1_97' title='bbox 513 1587 790 1647; x_wconf 78' lang='lat' dir='ltr'><strong>propterea</strong></span> <span class='ocrx_word' id='word_1_98' title='bbox 834 1577 1144 1632; x_wconf 77' lang='lat' dir='ltr'><strong>absentibus</strong></span> <span class='ocrx_word' id='word_1_99' title='bbox 1171 1590 1342 1645; x_wconf 85' lang='lat' dir='ltr'><strong>nuper</strong></span> <span class='ocrx_word' id='word_1_100' title='bbox 1366 1573 1502 1636; x_wconf 85' lang='lat' dir='ltr'><strong>feci,</strong></span> <span class='ocrx_word' id='word_1_101' title='bbox 1533 1589 1592 1629; x_wconf 90' lang='lat' dir='ltr'><strong>re</strong></span> <span class='ocrx_word' id='word_1_102' title='bbox 1630 1573 1970 1644; x_wconf 73' lang='lat' dir='ltr'><strong>prmstitistis.</strong></span> <span class='ocrx_word' id='word_1_103' title='bbox 1999 1574 2103 1625; x_wconf 86' lang='lat' dir='ltr'><strong>Ar-</strong></span> 
     </span>
    </p>
   </div>
   <div class='ocr_carea' id='block_1_16' title="bbox 511 1659 2100 1734">
    <p class='ocr_par' dir='ltr' id='par_1_16' title="bbox 511 1659 2100 1734">
     <span class='ocr_line' id='line_1_16' title="bbox 511 1659 2100 1734; baseline -0.005 -14"><span class='ocrx_word' id='word_1_104' title='bbox 511 1667 679 1720; x_wconf 90' lang='lat' dir='ltr'><strong>bitror</strong></span> <span class='ocrx_word' id='word_1_105' title='bbox 699 1667 838 1720; x_wconf 81' lang='lat' dir='ltr'><strong>etiim</strong></span> <span class='ocrx_word' id='word_1_106' title='bbox 869 1667 1063 1720; x_wconf 86' lang='lat' dir='ltr'><strong>inultos</strong></span> <span class='ocrx_word' id='word_1_107' title='bbox 1095 1666 1203 1734; x_wconf 86' lang='lat' dir='ltr'><strong>jam</strong></span> <span class='ocrx_word' id='word_1_108' title='bbox 1229 1678 1452 1734; x_wconf 89' lang='lat' dir='ltr'><strong>pransos</strong></span> <span class='ocrx_word' id='word_1_109' title='bbox 1476 1662 1636 1717; x_wconf 88' lang='lat' dir='ltr'><strong>hodie</strong></span> <span class='ocrx_word' id='word_1_110' title='bbox 1669 1662 1855 1717; x_wconf 85' lang='lat' dir='ltr'><strong>adesse</strong></span> <span class='ocrx_word' id='word_1_111' title='bbox 1891 1669 1940 1714; x_wconf 90' lang='lat' dir='ltr'><strong>et</strong></span> <span class='ocrx_word' id='word_1_112' title='bbox 1983 1659 2100 1728; x_wconf 85' lang='lat' dir='ltr'><strong>pul-</strong></span> 
     </span>
    </p>
   </div>
   <div class='ocr_carea' id='block_1_17' title="bbox 506 1753 2096 1828">
    <p class='ocr_par' dir='ltr' id='par_1_17' title="bbox 506 1753 2096 1828">
     <span class='ocr_line' id='line_1_17' title="bbox 506 1753 2096 1828; baseline -0.004 -16"><span class='ocrx_word' id='word_1_113' title='bbox 506 1761 690 1814; x_wconf 89' lang='lat' dir='ltr'><strong>chram</strong></span> <span class='ocrx_word' id='word_1_114' title='bbox 725 1759 860 1814; x_wconf 89' lang='lat' dir='ltr'><strong>hanc</strong></span> <span class='ocrx_word' id='word_1_115' title='bbox 890 1760 1043 1814; x_wconf 90' lang='lat' dir='ltr'><strong>nobis</strong></span> <span class='ocrx_word' id='word_1_116' title='bbox 1083 1759 1307 1828; x_wconf 91' lang='lat' dir='ltr'><strong>implere</strong></span> <span class='ocrx_word' id='word_1_117' title='bbox 1328 1758 1640 1812; x_wconf 85' lang='lat' dir='ltr'><strong>concionem</strong></span> <span class='ocrx_word' id='word_1_118' title='bbox 1666 1774 1678 1810; x_wconf 94' lang='lat'>:</span> <span class='ocrx_word' id='word_1_119' title='bbox 1709 1764 1763 1810; x_wconf 91' lang='lat' dir='ltr'><strong>et</strong></span> <span class='ocrx_word' id='word_1_120' title='bbox 1799 1755 1900 1808; x_wconf 88' lang='lat' dir='ltr'><strong>hoc</strong></span> <span class='ocrx_word' id='word_1_121' title='bbox 1923 1753 2096 1822; x_wconf 87' lang='lat' dir='ltr'><strong>conji-</strong></span> 
     </span>
    </p>
   </div>
   <div class='ocr_carea' id='block_1_18' title="bbox 506 1847 2097 1921">
    <p class='ocr_par' dir='ltr' id='par_1_18' title="bbox 506 1847 2097 1921">
     <span class='ocr_line' id='line_1_18' title="bbox 506 1847 2097 1921; baseline -0.003 -17"><span class='ocrx_word' id='word_1_122' title='bbox 506 1852 590 1905; x_wconf 91' lang='lat' dir='ltr'><strong>cio</strong></span> <span class='ocrx_word' id='word_1_123' title='bbox 635 1868 699 1905; x_wconf 91' lang='lat' dir='ltr'><strong>eo</strong></span> <span class='ocrx_word' id='word_1_124' title='bbox 723 1893 736 1915; x_wconf 92' lang='lat'><strong>,</strong></span> <span class='ocrx_word' id='word_1_125' title='bbox 771 1851 912 1921; x_wconf 89' lang='lat' dir='ltr'><strong>quod</strong></span> <span class='ocrx_word' id='word_1_126' title='bbox 961 1851 1192 1921; x_wconf 85' lang='lat' dir='ltr'><strong>amplius</strong></span> <span class='ocrx_word' id='word_1_127' title='bbox 1234 1850 1387 1905; x_wconf 91' lang='lat' dir='ltr'><strong>nobis</strong></span> <span class='ocrx_word' id='word_1_128' title='bbox 1429 1849 1690 1903; x_wconf 80' lang='lat' dir='ltr'><strong>theatrum</strong></span> <span class='ocrx_word' id='word_1_129' title='bbox 1723 1847 1917 1902; x_wconf 87' lang='lat' dir='ltr'><strong>factum</strong></span> <span class='ocrx_word' id='word_1_130' title='bbox 1948 1848 2015 1901; x_wconf 87' lang='lat' dir='ltr'><strong>sit</strong></span> <span class='ocrx_word' id='word_1_131' title='bbox 2042 1855 2097 1901; x_wconf 87' lang='lat' dir='ltr'><strong>et</strong></span> 
     </span>
    </p>
   </div>
   <div class='ocr_carea' id='block_1_19' title="bbox 505 1943 2090 2015">
    <p class='ocr_par' dir='ltr' id='par_1_19' title="bbox 505 1943 2090 2015">
     <span class='ocr_line' id='line_1_19' title="bbox 505 1943 2090 2015; baseline -0.002 -19"><span class='ocrx_word' id='word_1_132' title='bbox 505 1945 673 2015; x_wconf 84' lang='lat' dir='ltr'><strong>major</strong></span> <span class='ocrx_word' id='word_1_133' title='bbox 700 1948 1032 2003; x_wconf 86' lang='lat' dir='ltr'><strong>audientium</strong></span> <span class='ocrx_word' id='word_1_134' title='bbox 1061 1957 1373 2003; x_wconf 91' lang='lat' dir='ltr'><strong>conventus.</strong></span> <span class='ocrx_word' id='word_1_135' title='bbox 1398 1945 1513 2000; x_wconf 86' lang='lat' dir='ltr'><strong>Non</strong></span> <span class='ocrx_word' id='word_1_136' title='bbox 1542 1946 1756 2010; x_wconf 83' lang='lat' dir='ltr'><strong>frustra,</strong></span> <span class='ocrx_word' id='word_1_137' title='bbox 1781 1953 1836 1998; x_wconf 89' lang='lat' dir='ltr'><strong>ut</strong></span> <span class='ocrx_word' id='word_1_138' title='bbox 1863 1943 2090 2008; x_wconf 89' lang='lat' dir='ltr'><strong>videtur,</strong></span> 
     </span>
    </p>
   </div>
   <div class='ocr_carea' id='block_1_20' title="bbox 504 2035 2092 2110">
    <p class='ocr_par' dir='ltr' id='par_1_20' title="bbox 504 2035 2092 2110">
     <span class='ocr_line' id='line_1_20' title="bbox 504 2035 2092 2110; baseline 0.002 -21"><span class='ocrx_word' id='word_1_139' title='bbox 504 2039 704 2092; x_wconf 81' lang='lat' dir='ltr'><strong>inultos</strong></span> <span class='ocrx_word' id='word_1_140' title='bbox 743 2040 810 2094; x_wconf 93' lang='lat' dir='ltr'><strong>de</strong></span> <span class='ocrx_word' id='word_1_141' title='bbox 858 2041 988 2110; x_wconf 88' lang='lat' dir='ltr'><strong>ipsis</strong></span> <span class='ocrx_word' id='word_1_142' title='bbox 1033 2055 1310 2096; x_wconf 87' lang='lat' dir='ltr'><strong>sermones</strong></span> <span class='ocrx_word' id='word_1_143' title='bbox 1353 2053 1532 2108; x_wconf 82' lang='lat' dir='ltr'><strong>nuper</strong></span> <span class='ocrx_word' id='word_1_144' title='bbox 1570 2035 1924 2106; x_wconf 80' lang='lat' dir='ltr'><strong>impendimus</strong></span> <span class='ocrx_word' id='word_1_145' title='bbox 1949 2076 1964 2102; x_wconf 89' lang='lat'><strong>,</strong></span> <span class='ocrx_word' id='word_1_146' title='bbox 1994 2049 2092 2089; x_wconf 83' lang='lat' dir='ltr'><strong>ve-</strong></span> 
     </span>
    </p>
   </div>
   <div class='ocr_carea' id='block_1_21' title="bbox 501 2127 2093 2198">
    <p class='ocr_par' dir='ltr' id='par_1_21' title="bbox 501 2127 2093 2198">
     <span class='ocr_line' id='line_1_21' title="bbox 501 2127 2093 2198; baseline -0.001 -19"><span class='ocrx_word' id='word_1_147' title='bbox 501 2137 665 2181; x_wconf 86' lang='lat' dir='ltr'><strong>stram</strong></span> <span class='ocrx_word' id='word_1_148' title='bbox 693 2129 1040 2185; x_wconf 72' lang='lat' dir='ltr'><strong>exhortantes</strong></span> <span class='ocrx_word' id='word_1_149' title='bbox 1061 2130 1404 2194; x_wconf 84' lang='lat' dir='ltr'><strong>charitatem,</strong></span> <span class='ocrx_word' id='word_1_150' title='bbox 1434 2130 1579 2198; x_wconf 79' lang='lat' dir='ltr'><strong>ipsos</strong></span> <span class='ocrx_word' id='word_1_151' title='bbox 1620 2127 1691 2182; x_wconf 89' lang='lat' dir='ltr'><strong>ad</strong></span> <span class='ocrx_word' id='word_1_152' title='bbox 1729 2135 1953 2181; x_wconf 88' lang='lat' dir='ltr'><strong>matrem</strong></span> <span class='ocrx_word' id='word_1_153' title='bbox 1985 2136 2093 2180; x_wconf 82' lang='lat' dir='ltr'><strong>tra-</strong></span> 
     </span>
    </p>
   </div>
   <div class='ocr_carea' id='block_1_22' title="bbox 499 2217 2091 2294">
    <p class='ocr_par' dir='ltr' id='par_1_22' title="bbox 499 2217 2091 2294">
     <span class='ocr_line' id='line_1_22' title="bbox 499 2217 2091 2294; baseline 0.001 -22"><span class='ocrx_word' id='word_1_154' title='bbox 499 2217 657 2286; x_wconf 85' lang='lat' dir='ltr'><strong>here,</strong></span> <span class='ocrx_word' id='word_1_155' title='bbox 690 2231 744 2277; x_wconf 90' lang='lat' dir='ltr'><strong>et</strong></span> <span class='ocrx_word' id='word_1_156' title='bbox 767 2223 832 2276; x_wconf 84' lang='lat' dir='ltr'><strong>iis</strong></span> <span class='ocrx_word' id='word_1_157' title='bbox 856 2223 1182 2294; x_wconf 89' lang='lat' dir='ltr'><strong>persuadere</strong></span> <span class='ocrx_word' id='word_1_158' title='bbox 1221 2222 1364 2294; x_wconf 89' lang='lat' dir='ltr'><strong>quod</strong></span> <span class='ocrx_word' id='word_1_159' title='bbox 1404 2222 1562 2277; x_wconf 87' lang='lat' dir='ltr'><strong>liceat</strong></span> <span class='ocrx_word' id='word_1_160' title='bbox 1589 2230 1645 2276; x_wconf 91' lang='lat' dir='ltr'><strong>et</strong></span> <span class='ocrx_word' id='word_1_161' title='bbox 1687 2229 1807 2290; x_wconf 89' lang='lat' dir='ltr'><strong>post</strong></span> <span class='ocrx_word' id='word_1_162' title='bbox 1846 2221 2091 2291; x_wconf 87' lang='lat' dir='ltr'><strong>corporis</strong></span> 
     </span>
    </p>
   </div>
   <div class='ocr_carea' id='block_1_23' title="bbox 497 2314 2086 2386">
    <p class='ocr_par' dir='ltr' id='par_1_23' title="bbox 497 2314 2086 2386">
     <span class='ocr_line' id='line_1_23' title="bbox 497 2314 2086 2386; baseline 0.001 -22"><span class='ocrx_word' id='word_1_163' title='bbox 497 2314 879 2370; x_wconf 87' lang='lat' dir='ltr'><strong>nutrimentum</strong></span> <span class='ocrx_word' id='word_1_164' title='bbox 947 2316 1240 2386; x_wconf 79' lang='lat' dir='ltr'><strong>Spiritualis</strong></span> <span class='ocrx_word' id='word_1_165' title='bbox 1305 2330 1444 2370; x_wconf 74' lang='lat' dir='ltr'><strong>esca:</strong></span> <span class='ocrx_word' id='word_1_166' title='bbox 1505 2314 1911 2384; x_wconf 82' lang='lat' dir='ltr'><strong>participatione</strong></span> <span class='ocrx_word' id='word_1_167' title='bbox 1979 2328 2086 2366; x_wconf 91' lang='lat' dir='ltr'><strong>non</strong></span> 
     </span>
    </p>
   </div>
   <div class='ocr_carea' id='block_1_24' title="bbox 496 2402 2085 2477">
    <p class='ocr_par' dir='ltr' id='par_1_24' title="bbox 496 2402 2085 2477">
     <span class='ocr_line' id='line_1_24' title="bbox 496 2402 2085 2477; baseline 0.001 -21"><span class='ocrx_word' id='word_1_168' title='bbox 496 2402 746 2459; x_wconf 87' lang='lat' dir='ltr'><strong>fraudari.</strong></span> <span class='ocrx_word' id='word_1_169' title='bbox 779 2407 1004 2476; x_wconf 82' lang='lat' dir='ltr'><strong>Quando</strong></span> <span class='ocrx_word' id='word_1_170' title='bbox 1032 2424 1196 2474; x_wconf 89' lang='lat' dir='ltr'><strong>vero,</strong></span> <span class='ocrx_word' id='word_1_171' title='bbox 1241 2421 1455 2477; x_wconf 80' lang='lat' dir='ltr'><strong>quzeso,</strong></span> <span class='ocrx_word' id='word_1_172' title='bbox 1486 2421 1585 2460; x_wconf 84' lang='lat' dir='ltr'><strong>vos</strong></span> <span class='ocrx_word' id='word_1_173' title='bbox 1607 2447 1620 2469; x_wconf 89' lang='lat'><strong>,</strong></span> <span class='ocrx_word' id='word_1_174' title='bbox 1645 2405 1858 2469; x_wconf 90' lang='lat' dir='ltr'><strong>dilecti,</strong></span> <span class='ocrx_word' id='word_1_175' title='bbox 1893 2405 2085 2460; x_wconf 89' lang='lat' dir='ltr'><strong>melius</strong></span> 
     </span>
    </p>
   </div>
   <div class='ocr_carea' id='block_1_25' title="bbox 494 2494 2082 2569">
    <p class='ocr_par' dir='ltr' id='par_1_25' title="bbox 494 2494 2082 2569">
     <span class='ocr_line' id='line_1_25' title="bbox 494 2494 2082 2569; baseline -0.001 -22"><span class='ocrx_word' id='word_1_176' title='bbox 494 2495 735 2551; x_wconf 81' lang='lat' dir='ltr'><strong>fecistis?</strong></span> <span class='ocrx_word' id='word_1_177' title='bbox 770 2514 835 2552; x_wconf 88' lang='lat' dir='ltr'><strong>an</strong></span> <span class='ocrx_word' id='word_1_178' title='bbox 869 2499 1136 2567; x_wconf 59' lang='lat' dir='ltr'><strong>pratici-ita</strong></span> <span class='ocrx_word' id='word_1_179' title='bbox 1166 2499 1352 2569; x_wconf 73' lang='lat' dir='ltr'><strong>synaxi</strong></span> <span class='ocrx_word' id='word_1_180' title='bbox 1381 2538 1394 2561; x_wconf 92' lang='lat'><strong>,</strong></span> <span class='ocrx_word' id='word_1_181' title='bbox 1436 2494 1650 2565; x_wconf 90' lang='lat' dir='ltr'><strong>quando</strong></span> <span class='ocrx_word' id='word_1_182' title='bbox 1688 2503 1810 2564; x_wconf 91' lang='lat' dir='ltr'><strong>post</strong></span> <span class='ocrx_word' id='word_1_183' title='bbox 1844 2509 2082 2549; x_wconf 89' lang='lat' dir='ltr'><strong>mensam</strong></span> 
     </span>
    </p>
   </div>
   <div class='ocr_carea' id='block_1_26' title="bbox 492 2589 2082 2654">
    <p class='ocr_par' dir='ltr' id='par_1_26' title="bbox 492 2589 2082 2654">
     <span class='ocr_line' id='line_1_26' title="bbox 492 2589 2082 2654; baseline -0.001 -13"><span class='ocrx_word' id='word_1_184' title='bbox 492 2589 558 2642; x_wconf 86' lang='lat' dir='ltr'><strong>ad</strong></span> <span class='ocrx_word' id='word_1_185' title='bbox 584 2604 831 2644; x_wconf 88' lang='lat' dir='ltr'><strong>somnum</strong></span> <span class='ocrx_word' id='word_1_186' title='bbox 862 2590 1336 2652; x_wconf 87' lang='lat' dir='ltr'><strong>convertebamini,</strong></span> <span class='ocrx_word' id='word_1_187' title='bbox 1368 2603 1434 2641; x_wconf 91' lang='lat' dir='ltr'><strong>an</strong></span> <span class='ocrx_word' id='word_1_188' title='bbox 1462 2600 1605 2640; x_wconf 92' lang='lat' dir='ltr'><strong>nunc</strong></span> <span class='ocrx_word' id='word_1_189' title='bbox 1634 2600 1752 2639; x_wconf 86' lang='lat' dir='ltr'><strong>eum</strong></span> <span class='ocrx_word' id='word_1_190' title='bbox 1785 2594 1905 2654; x_wconf 86' lang='lat' dir='ltr'><strong>post</strong></span> <span class='ocrx_word' id='word_1_191' title='bbox 1931 2601 2082 2639; x_wconf 83' lang='lat' dir='ltr'><strong>men-</strong></span> 
     </span>
    </p>
   </div>
   <div class='ocr_carea' id='block_1_27' title="bbox 489 2677 2080 2753">
    <p class='ocr_par' dir='ltr' id='par_1_27' title="bbox 489 2677 2080 2753">
     <span class='ocr_line' id='line_1_27' title="bbox 489 2677 2080 2753; baseline -0.002 -19"><span class='ocrx_word' id='word_1_192' title='bbox 489 2696 603 2734; x_wconf 85' lang='lat' dir='ltr'><strong>sam</strong></span> <span class='ocrx_word' id='word_1_193' title='bbox 632 2681 697 2736; x_wconf 86' lang='lat' dir='ltr'><strong>ad</strong></span> <span class='ocrx_word' id='word_1_194' title='bbox 723 2681 929 2737; x_wconf 88' lang='lat' dir='ltr'><strong>divinas</strong></span> <span class='ocrx_word' id='word_1_195' title='bbox 957 2683 1104 2753; x_wconf 89' lang='lat' dir='ltr'><strong>leges</strong></span> <span class='ocrx_word' id='word_1_196' title='bbox 1145 2680 1440 2736; x_wconf 88' lang='lat' dir='ltr'><strong>audiendas</strong></span> <span class='ocrx_word' id='word_1_197' title='bbox 1468 2677 1831 2733; x_wconf 82' lang='lat' dir='ltr'><strong>convenistis?</strong></span> <span class='ocrx_word' id='word_1_198' title='bbox 1868 2677 2080 2746; x_wconf 85' lang='lat' dir='ltr'><strong>quando</strong></span> 
     </span>
    </p>
   </div>
   <div class='ocr_carea' id='block_1_28' title="bbox 489 2768 2079 2838">
    <p class='ocr_par' dir='ltr' id='par_1_28' title="bbox 489 2768 2079 2838">
     <span class='ocr_line' id='line_1_28' title="bbox 489 2768 2079 2838; baseline -0.001 -12"><span class='ocrx_word' id='word_1_199' title='bbox 489 2773 543 2827; x_wconf 90' lang='lat' dir='ltr'><strong>in</strong></span> <span class='ocrx_word' id='word_1_200' title='bbox 587 2773 706 2829; x_wconf 90' lang='lat' dir='ltr'><strong>foro</strong></span> <span class='ocrx_word' id='word_1_201' title='bbox 751 2774 1265 2838; x_wconf 87' lang='lat' dir='ltr'><strong>commorabamini,</strong></span> <span class='ocrx_word' id='word_1_202' title='bbox 1299 2783 1355 2828; x_wconf 93' lang='lat' dir='ltr'><strong>et</strong></span> <span class='ocrx_word' id='word_1_203' title='bbox 1395 2785 1743 2826; x_wconf 90' lang='lat' dir='ltr'><strong>consessuum</strong></span> <span class='ocrx_word' id='word_1_204' title='bbox 1791 2768 1922 2823; x_wconf 90' lang='lat' dir='ltr'><strong>nihil</strong></span> <span class='ocrx_word' id='word_1_205' title='bbox 1953 2769 2079 2824; x_wconf 92' lang='lat' dir='ltr'><strong>boni</strong></span> 
     </span>
    </p>
   </div>
   <div class='ocr_carea' id='block_1_29' title="bbox 491 2862 2077 2947">
    <p class='ocr_par' dir='ltr' id='par_1_29' title="bbox 491 2862 2077 2947">
     <span class='ocr_line' id='line_1_29' title="bbox 491 2862 2077 2947; baseline -0.003 -27"><span class='ocrx_word' id='word_1_206' title='bbox 491 2866 801 2922; x_wconf 85' lang='lat' dir='ltr'><strong>habentium</strong></span> <span class='ocrx_word' id='word_1_207' title='bbox 849 2869 1132 2940; x_wconf 89' lang='lat' dir='ltr'><strong>participes</strong></span> <span class='ocrx_word' id='word_1_208' title='bbox 1184 2870 1346 2924; x_wconf 86' lang='lat' dir='ltr'><strong>eratis</strong></span> <span class='ocrx_word' id='word_1_209' title='bbox 1371 2910 1384 2931; x_wconf 86' lang='lat'><strong>,</strong></span> <span class='ocrx_word' id='word_1_210' title='bbox 1419 2881 1485 2920; x_wconf 90' lang='lat' dir='ltr'><strong>an</strong></span> <span class='ocrx_word' id='word_1_211' title='bbox 1533 2878 1674 2918; x_wconf 92' lang='lat' dir='ltr'><strong>nunc</strong></span> <span class='ocrx_word' id='word_1_212' title='bbox 1707 2862 1919 2932; x_wconf 87' lang='lat' dir='ltr'><strong>quando</strong></span> <span class='ocrx_word' id='word_1_213' title='bbox 1954 2877 2077 2947; x_wconf 89' lang='lat' dir='ltr'><strong>cum</strong></span> 
     </span>
    </p>
   </div>
   <div class='ocr_carea' id='block_1_30' title="bbox 486 2957 2078 3029">
    <p class='ocr_par' dir='ltr' id='par_1_30' title="bbox 486 2957 2078 3029">
     <span class='ocr_line' id='line_1_30' title="bbox 486 2957 2078 3029; baseline 0.006 -21"><span class='ocrx_word' id='word_1_214' title='bbox 486 2957 742 3011; x_wconf 77' lang='lat' dir='ltr'><strong>fratribus</strong></span> <span class='ocrx_word' id='word_1_215' title='bbox 770 2961 965 3014; x_wconf 85' lang='lat' dir='ltr'><strong>vestris</strong></span> <span class='ocrx_word' id='word_1_216' title='bbox 991 2957 1144 3014; x_wconf 88' lang='lat' dir='ltr'><strong>statis</strong></span> <span class='ocrx_word' id='word_1_217' title='bbox 1184 2969 1239 3014; x_wconf 91' lang='lat' dir='ltr'><strong>et</strong></span> <span class='ocrx_word' id='word_1_218' title='bbox 1283 2960 1624 3029; x_wconf 85' lang='lat' dir='ltr'><strong>prepheticos</strong></span> <span class='ocrx_word' id='word_1_219' title='bbox 1662 2978 1940 3019; x_wconf 86' lang='lat' dir='ltr'><strong>sermones</strong></span> <span class='ocrx_word' id='word_1_220' title='bbox 1983 2979 2078 3018; x_wconf 87' lang='lat' dir='ltr'><strong>au-</strong></span> 
     </span>
    </p>
   </div>
   <div class='ocr_carea' id='block_1_31' title="bbox 480 3047 2076 3122">
    <p class='ocr_par' dir='ltr' id='par_1_31' title="bbox 480 3047 2076 3122">
     <span class='ocr_line' id='line_1_31' title="bbox 480 3047 2076 3122; baseline 0.007 -23"><span class='ocrx_word' id='word_1_221' title='bbox 480 3047 641 3101; x_wconf 84' lang='lat' dir='ltr'><strong>ditis?</strong></span> <span class='ocrx_word' id='word_1_222' title='bbox 662 3047 777 3104; x_wconf 88' lang='lat' dir='ltr'><strong>Non</strong></span> <span class='ocrx_word' id='word_1_223' title='bbox 803 3060 886 3104; x_wconf 91' lang='lat' dir='ltr'><strong>est</strong></span> <span class='ocrx_word' id='word_1_224' title='bbox 914 3051 1203 3121; x_wconf 77' lang='lat' dir='ltr'><strong>ignominia</strong></span> <span class='ocrx_word' id='word_1_225' title='bbox 1225 3051 1507 3108; x_wconf 84' lang='lat' dir='ltr'><strong>comedere</strong></span> <span class='ocrx_word' id='word_1_226' title='bbox 1525 3096 1544 3122; x_wconf 76' lang='lat'><strong>,.</strong></span> <span class='ocrx_word' id='word_1_227' title='bbox 1571 3055 1778 3121; x_wconf 89' lang='lat' dir='ltr'><strong>dilecti,</strong></span> <span class='ocrx_word' id='word_1_228' title='bbox 1812 3056 1905 3110; x_wconf 92' lang='lat' dir='ltr'><strong>sed</strong></span> <span class='ocrx_word' id='word_1_229' title='bbox 1929 3070 2076 3110; x_wconf 90' lang='lat' dir='ltr'><strong>sum-</strong></span> 
     </span>
    </p>
   </div>
   <div class='ocr_carea' id='block_1_32' title="bbox 482 3140 2075 3217">
    <p class='ocr_par' dir='ltr' id='par_1_32' title="bbox 482 3140 2075 3217">
     <span class='ocr_line' id='line_1_32' title="bbox 482 3140 2075 3217; baseline 0.007 -27"><span class='ocrx_word' id='word_1_230' title='bbox 482 3150 572 3208; x_wconf 83' lang='lat' dir='ltr'><strong>pto</strong></span> <span class='ocrx_word' id='word_1_231' title='bbox 600 3140 722 3195; x_wconf 88' lang='lat' dir='ltr'><strong>cibo</strong></span> <span class='ocrx_word' id='word_1_232' title='bbox 746 3141 889 3196; x_wconf 90' lang='lat' dir='ltr'><strong>domi</strong></span> <span class='ocrx_word' id='word_1_233' title='bbox 913 3159 1190 3198; x_wconf 88' lang='lat' dir='ltr'><strong>remanere</strong></span> <span class='ocrx_word' id='word_1_234' title='bbox 1217 3153 1270 3198; x_wconf 90' lang='lat' dir='ltr'><strong>et</strong></span> <span class='ocrx_word' id='word_1_235' title='bbox 1305 3145 1402 3199; x_wconf 90' lang='lat' dir='ltr'><strong>hac</strong></span> <span class='ocrx_word' id='word_1_236' title='bbox 1426 3160 1576 3200; x_wconf 88' lang='lat' dir='ltr'><strong>sacra</strong></span> <span class='ocrx_word' id='word_1_237' title='bbox 1603 3147 1940 3202; x_wconf 86' lang='lat' dir='ltr'><strong>solemnitate</strong></span> <span class='ocrx_word' id='word_1_238' title='bbox 1966 3149 2075 3217; x_wconf 91' lang='lat' dir='ltr'><strong>pri-</strong></span> 
     </span>
    </p>
   </div>
   <div class='ocr_carea' id='block_1_33' title="bbox 481 3232 2072 3306">
    <p class='ocr_par' dir='ltr' id='par_1_33' title="bbox 481 3232 2072 3306">
     <span class='ocr_line' id='line_1_33' title="bbox 481 3232 2072 3306; baseline 0.005 -20"><span class='ocrx_word' id='word_1_239' title='bbox 481 3232 612 3286; x_wconf 75' lang='lat' dir='ltr'><strong>vari.</strong></span> <span class='ocrx_word' id='word_1_240' title='bbox 642 3232 795 3287; x_wconf 89' lang='lat' dir='ltr'><strong>Domi</strong></span> <span class='ocrx_word' id='word_1_241' title='bbox 813 3235 956 3288; x_wconf 90' lang='lat' dir='ltr'><strong>enim</strong></span> <span class='ocrx_word' id='word_1_242' title='bbox 978 3251 1201 3290; x_wconf 87' lang='lat' dir='ltr'><strong>manens</strong></span> <span class='ocrx_word' id='word_1_243' title='bbox 1237 3235 1458 3290; x_wconf 85' lang='lat' dir='ltr'><strong>Otiosior</strong></span> <span class='ocrx_word' id='word_1_244' title='bbox 1483 3237 1590 3290; x_wconf 88' lang='lat' dir='ltr'><strong>eris</strong></span> <span class='ocrx_word' id='word_1_245' title='bbox 1609 3246 1662 3291; x_wconf 92' lang='lat' dir='ltr'><strong>et</strong></span> <span class='ocrx_word' id='word_1_246' title='bbox 1690 3239 1939 3306; x_wconf 80' lang='lat' dir='ltr'><strong>segnior:</strong></span> <span class='ocrx_word' id='word_1_247' title='bbox 1967 3239 2072 3294; x_wconf 91' lang='lat' dir='ltr'><strong>huc</strong></span> 
     </span>
    </p>
   </div>
   <div class='ocr_carea' id='block_1_34' title="bbox 477 3325 2070 3398">
    <p class='ocr_par' dir='ltr' id='par_1_34' title="bbox 477 3325 2070 3398">
     <span class='ocr_line' id='line_1_34' title="bbox 477 3325 2070 3398; baseline 0.005 -21"><span class='ocrx_word' id='word_1_248' title='bbox 477 3333 654 3378; x_wconf 87' lang='lat' dir='ltr'><strong>autem</strong></span> <span class='ocrx_word' id='word_1_249' title='bbox 681 3325 902 3380; x_wconf 90' lang='lat' dir='ltr'><strong>veniens</strong></span> <span class='ocrx_word' id='word_1_250' title='bbox 925 3367 941 3393; x_wconf 91' lang='lat'><strong>,</strong></span> <span class='ocrx_word' id='word_1_251' title='bbox 970 3342 1184 3380; x_wconf 89' lang='lat' dir='ltr'><strong>omnem</strong></span> <span class='ocrx_word' id='word_1_252' title='bbox 1227 3341 1474 3382; x_wconf 88' lang='lat' dir='ltr'><strong>somnum</strong></span> <span class='ocrx_word' id='word_1_253' title='bbox 1512 3337 1568 3382; x_wconf 94' lang='lat' dir='ltr'><strong>et</strong></span> <span class='ocrx_word' id='word_1_254' title='bbox 1597 3338 1865 3398; x_wconf 88' lang='lat' dir='ltr'><strong>torporem</strong></span> <span class='ocrx_word' id='word_1_255' title='bbox 1906 3345 2070 3384; x_wconf 83' lang='lat' dir='ltr'><strong>excu-</strong></span> 
     </span>
    </p>
   </div>
   <div class='ocr_carea' id='block_1_35' title="bbox 477 3414 2066 3485">
    <p class='ocr_par' dir='ltr' id='par_1_35' title="bbox 477 3414 2066 3485">
     <span class='ocr_line' id='line_1_35' title="bbox 477 3414 2066 3485; baseline 0.004 -17"><span class='ocrx_word' id='word_1_256' title='bbox 477 3414 612 3481; x_wconf 90' lang='lat' dir='ltr'><strong>ties,</strong></span> <span class='ocrx_word' id='word_1_257' title='bbox 650 3431 750 3471; x_wconf 84' lang='lat' dir='ltr'><strong>nec</strong></span> <span class='ocrx_word' id='word_1_258' title='bbox 780 3427 1048 3485; x_wconf 87' lang='lat' dir='ltr'><strong>torporem</strong></span> <span class='ocrx_word' id='word_1_259' title='bbox 1093 3432 1223 3472; x_wconf 90' lang='lat' dir='ltr'><strong>vero</strong></span> <span class='ocrx_word' id='word_1_260' title='bbox 1269 3425 1510 3482; x_wconf 88' lang='lat' dir='ltr'><strong>tantum,</strong></span> <span class='ocrx_word' id='word_1_261' title='bbox 1557 3419 1649 3473; x_wconf 91' lang='lat' dir='ltr'><strong>sed</strong></span> <span class='ocrx_word' id='word_1_262' title='bbox 1697 3428 1751 3473; x_wconf 83' lang='lat' dir='ltr'><strong>et</strong></span> <span class='ocrx_word' id='word_1_263' title='bbox 1801 3421 2066 3476; x_wconf 79' lang='lat' dir='ltr'><strong>tristitiam</strong></span> 
     </span>
    </p>
   </div>
   <div class='ocr_carea' id='block_1_36' title="bbox 474 3507 2068 3576">
    <p class='ocr_par' dir='ltr' id='par_1_36' title="bbox 474 3507 2068 3576">
     <span class='ocr_line' id='line_1_36' title="bbox 474 3507 2068 3576; baseline 0.004 -17"><span class='ocrx_word' id='word_1_264' title='bbox 474 3522 690 3561; x_wconf 85' lang='lat' dir='ltr'><strong>onmem</strong></span> <span class='ocrx_word' id='word_1_265' title='bbox 719 3507 994 3576; x_wconf 90' lang='lat' dir='ltr'><strong>deponens</strong></span> <span class='ocrx_word' id='word_1_266' title='bbox 1013 3551 1028 3575; x_wconf 94' lang='lat'><strong>,</strong></span> <span class='ocrx_word' id='word_1_267' title='bbox 1061 3507 1269 3563; x_wconf 82' lang='lat' dir='ltr'><strong>facilior</strong></span> <span class='ocrx_word' id='word_1_268' title='bbox 1298 3518 1353 3564; x_wconf 89' lang='lat' dir='ltr'><strong>et</strong></span> <span class='ocrx_word' id='word_1_269' title='bbox 1392 3511 1566 3564; x_wconf 67' lang='lat' dir='ltr'><strong>laetior</strong></span> <span class='ocrx_word' id='word_1_270' title='bbox 1607 3509 1658 3562; x_wconf 88' lang='lat' dir='ltr'><strong>in</strong></span> <span class='ocrx_word' id='word_1_271' title='bbox 1685 3511 1932 3566; x_wconf 86' lang='lat' dir='ltr'><strong>omnibus</strong></span> <span class='ocrx_word' id='word_1_272' title='bbox 1960 3513 2068 3566; x_wconf 89' lang='lat' dir='ltr'><strong>eris</strong></span> 
     </span>
    </p>
   </div>
   <div class='ocr_carea' id='block_1_37' title="bbox 472 3597 2066 3669">
    <p class='ocr_par' dir='ltr' id='par_1_37' title="bbox 472 3597 2066 3669">
     <span class='ocr_line' id='line_1_37' title="bbox 472 3597 2066 3669; baseline 0.003 -17"><span class='ocrx_word' id='word_1_273' title='bbox 472 3597 706 3652; x_wconf 87' lang='lat' dir='ltr'><strong>casibus.</strong></span> <span class='ocrx_word' id='word_1_274' title='bbox 738 3598 803 3651; x_wconf 89' lang='lat' dir='ltr'><strong>Et</strong></span> <span class='ocrx_word' id='word_1_275' title='bbox 830 3598 954 3668; x_wconf 88' lang='lat' dir='ltr'><strong>quid</strong></span> <span class='ocrx_word' id='word_1_276' title='bbox 993 3614 1126 3669; x_wconf 91' lang='lat' dir='ltr'><strong>opus</strong></span> <span class='ocrx_word' id='word_1_277' title='bbox 1164 3609 1246 3653; x_wconf 89' lang='lat' dir='ltr'><strong>est</strong></span> <span class='ocrx_word' id='word_1_278' title='bbox 1288 3599 1440 3668; x_wconf 91' lang='lat' dir='ltr'><strong>plura</strong></span> <span class='ocrx_word' id='word_1_279' title='bbox 1475 3599 1691 3654; x_wconf 86' lang='lat' dir='ltr'><strong>dicere?</strong></span> <span class='ocrx_word' id='word_1_280' title='bbox 1718 3599 1810 3654; x_wconf 88' lang='lat' dir='ltr'><strong>Sta</strong></span> <span class='ocrx_word' id='word_1_281' title='bbox 1861 3609 2066 3657; x_wconf 91' lang='lat' dir='ltr'><strong>tantum</strong></span> 
     </span>
    </p>
   </div>
   <div class='ocr_carea' id='block_1_38' title="bbox 472 3690 2069 3761">
    <p class='ocr_par' dir='ltr' id='par_1_38' title="bbox 472 3690 2069 3761">
     <span class='ocr_line' id='line_1_38' title="bbox 472 3690 2069 3761; baseline 0.002 -18"><span class='ocrx_word' id='word_1_282' title='bbox 472 3705 641 3759; x_wconf 84' lang='lat' dir='ltr'><strong>pmpe</strong></span> <span class='ocrx_word' id='word_1_283' title='bbox 688 3690 1056 3760; x_wconf 88' lang='lat' dir='ltr'><strong>jejunantem,</strong></span> <span class='ocrx_word' id='word_1_284' title='bbox 1108 3701 1164 3746; x_wconf 92' lang='lat' dir='ltr'><strong>et</strong></span> <span class='ocrx_word' id='word_1_285' title='bbox 1211 3691 1377 3761; x_wconf 87' lang='lat' dir='ltr'><strong>ipsius</strong></span> <span class='ocrx_word' id='word_1_286' title='bbox 1428 3692 1605 3746; x_wconf 91' lang='lat' dir='ltr'><strong>statim</strong></span> <span class='ocrx_word' id='word_1_287' title='bbox 1655 3691 1839 3746; x_wconf 88' lang='lat' dir='ltr'><strong>odoris</strong></span> <span class='ocrx_word' id='word_1_288' title='bbox 1887 3692 2069 3747; x_wconf 83' lang='lat' dir='ltr'><strong>suavi-</strong></span> 
     </span>
    </p>
   </div>
   <div class='ocr_carea' id='block_1_39' title="bbox 473 3781 2062 3853">
    <p class='ocr_par' dir='ltr' id='par_1_39' title="bbox 473 3781 2062 3853">
     <span class='ocr_line' id='line_1_39' title="bbox 473 3781 2062 3853; baseline 0.002 -19"><span class='ocrx_word' id='word_1_289' title='bbox 473 3791 633 3835; x_wconf 88' lang='lat' dir='ltr'><strong>tatem</strong></span> <span class='ocrx_word' id='word_1_290' title='bbox 664 3781 884 3836; x_wconf 89' lang='lat' dir='ltr'><strong>senties.</strong></span> <span class='ocrx_word' id='word_1_291' title='bbox 928 3781 1060 3836; x_wconf 85' lang='lat' dir='ltr'><strong>Nam</strong></span> <span class='ocrx_word' id='word_1_292' title='bbox 1086 3783 1174 3853; x_wconf 86' lang='lat' dir='ltr'><strong>qui</strong></span> <span class='ocrx_word' id='word_1_293' title='bbox 1198 3781 1404 3853; x_wconf 88' lang='lat' dir='ltr'><strong>jejunat</strong></span> <span class='ocrx_word' id='word_1_294' title='bbox 1425 3824 1439 3847; x_wconf 93' lang='lat'><strong>,</strong></span> <span class='ocrx_word' id='word_1_295' title='bbox 1489 3791 1812 3851; x_wconf 80' lang='lat' dir='ltr'><strong>unguentum</strong></span> <span class='ocrx_word' id='word_1_296' title='bbox 1841 3792 1924 3837; x_wconf 93' lang='lat' dir='ltr'><strong>est</strong></span> <span class='ocrx_word' id='word_1_297' title='bbox 1951 3784 2062 3852; x_wconf 89' lang='lat' dir='ltr'><strong>spi-</strong></span> 
     </span>
    </p>
   </div>
   <div class='ocr_carea' id='block_1_40' title="bbox 469 3871 2062 3944">
    <p class='ocr_par' dir='ltr' id='par_1_40' title="bbox 469 3871 2062 3944">
     <span class='ocr_line' id='line_1_40' title="bbox 469 3871 2062 3944; baseline 0.003 -18"><span class='ocrx_word' id='word_1_298' title='bbox 469 3871 662 3926; x_wconf 83' lang='lat' dir='ltr'><strong>ritualc</strong></span> <span class='ocrx_word' id='word_1_299' title='bbox 684 3913 698 3935; x_wconf 86' lang='lat'><strong>,</strong></span> <span class='ocrx_word' id='word_1_300' title='bbox 727 3882 783 3927; x_wconf 88' lang='lat' dir='ltr'><strong>et</strong></span> <span class='ocrx_word' id='word_1_301' title='bbox 827 3889 921 3942; x_wconf 89' lang='lat' dir='ltr'><strong>per</strong></span> <span class='ocrx_word' id='word_1_302' title='bbox 955 3873 1140 3928; x_wconf 88' lang='lat' dir='ltr'><strong>oculos</strong></span> <span class='ocrx_word' id='word_1_303' title='bbox 1165 3881 1216 3928; x_wconf 91' lang='lat' dir='ltr'><strong>et</strong></span> <span class='ocrx_word' id='word_1_304' title='bbox 1244 3889 1341 3942; x_wconf 87' lang='lat' dir='ltr'><strong>per</strong></span> <span class='ocrx_word' id='word_1_305' title='bbox 1383 3875 1613 3944; x_wconf 81' lang='lat' dir='ltr'><strong>linguam</strong></span> <span class='ocrx_word' id='word_1_306' title='bbox 1651 3885 1704 3929; x_wconf 92' lang='lat' dir='ltr'><strong>et</strong></span> <span class='ocrx_word' id='word_1_307' title='bbox 1752 3890 1846 3943; x_wconf 87' lang='lat' dir='ltr'><strong>per</strong></span> <span class='ocrx_word' id='word_1_308' title='bbox 1883 3877 2062 3931; x_wconf 87' lang='lat' dir='ltr'><strong>omnia</strong></span> 
     </span>
    </p>
   </div>
   <div class='ocr_carea' id='block_1_41' title="bbox 468 3963 2062 4033">
    <p class='ocr_par' dir='ltr' id='par_1_41' title="bbox 468 3963 2062 4033">
     <span class='ocr_line' id='line_1_41' title="bbox 468 3963 2062 4033; baseline 0.003 -15"><span class='ocrx_word' id='word_1_309' title='bbox 468 3963 664 4018; x_wconf 88' lang='lat' dir='ltr'><strong>bonam</strong></span> <span class='ocrx_word' id='word_1_310' title='bbox 712 3964 904 4019; x_wconf 69' lang='lat' dir='ltr'><strong>animae</strong></span> <span class='ocrx_word' id='word_1_311' title='bbox 940 3964 1346 4033; x_wconf 86' lang='lat' dir='ltr'><strong>dispositionem</strong></span> <span class='ocrx_word' id='word_1_312' title='bbox 1390 3966 1671 4020; x_wconf 85' lang='lat' dir='ltr'><strong>exhibens.</strong></span> <span class='ocrx_word' id='word_1_313' title='bbox 1697 3965 1822 4020; x_wconf 71' lang='lat' dir='ltr'><strong>llaec</strong></span> <span class='ocrx_word' id='word_1_314' title='bbox 1857 3982 1960 4022; x_wconf 90' lang='lat' dir='ltr'><strong>non</strong></span> <span class='ocrx_word' id='word_1_315' title='bbox 2004 3978 2062 4023; x_wconf 90' lang='lat' dir='ltr'><strong>ut</strong></span> 
     </span>
    </p>
   </div>
   <div class='ocr_carea' id='block_1_42' title="bbox 465 4057 2058 4128">
    <p class='ocr_par' dir='ltr' id='par_1_42' title="bbox 465 4057 2058 4128">
     <span class='ocr_line' id='line_1_42' title="bbox 465 4057 2058 4128; baseline 0.004 -18"><span class='ocrx_word' id='word_1_316' title='bbox 465 4071 695 4126; x_wconf 79' lang='lat' dir='ltr'><strong>pransus</strong></span> <span class='ocrx_word' id='word_1_317' title='bbox 723 4072 974 4114; x_wconf 87' lang='lat' dir='ltr'><strong>accusem</strong></span> <span class='ocrx_word' id='word_1_318' title='bbox 1006 4057 1113 4114; x_wconf 78' lang='lat' dir='ltr'><strong>dixi</strong></span> <span class='ocrx_word' id='word_1_319' title='bbox 1137 4099 1154 4125; x_wconf 96' lang='lat'><strong>,</strong></span> <span class='ocrx_word' id='word_1_320' title='bbox 1184 4057 1283 4113; x_wconf 90' lang='lat' dir='ltr'><strong>sed</strong></span> <span class='ocrx_word' id='word_1_321' title='bbox 1304 4067 1361 4112; x_wconf 92' lang='lat' dir='ltr'><strong>ut</strong></span> <span class='ocrx_word' id='word_1_322' title='bbox 1387 4057 1571 4128; x_wconf 84' lang='lat' dir='ltr'><strong>jejunii</strong></span> <span class='ocrx_word' id='word_1_323' title='bbox 1600 4059 1804 4113; x_wconf 91' lang='lat' dir='ltr'><strong>lucrum</strong></span> <span class='ocrx_word' id='word_1_324' title='bbox 1830 4059 2058 4116; x_wconf 86' lang='lat' dir='ltr'><strong>demon-</strong></span> 
     </span>
    </p>
   </div>
   <div class='ocr_carea' id='block_1_43' title="bbox 467 4160 655 4208">
    <p class='ocr_par' dir='ltr' id='par_1_43' title="bbox 467 4160 655 4208">
     <span class='ocr_line' id='line_1_43' title="bbox 467 4160 655 4208; baseline -0.016 0"><span class='ocrx_word' id='word_1_325' title='bbox 467 4160 655 4208; x_wconf 84' lang='lat' dir='ltr'><strong>strem.</strong></span> 
     </span>
    </p>
   </div>
   <div class='ocr_carea' id='block_1_44' title="bbox 539 4242 2056 4314">
    <p class='ocr_par' dir='ltr' id='par_1_44' title="bbox 539 4242 2056 4314">
     <span class='ocr_line' id='line_1_44' title="bbox 539 4242 2056 4314; baseline 0 -16"><span class='ocrx_word' id='word_1_326' title='bbox 539 4243 761 4298; x_wconf 75' lang='lat' dir='ltr'><strong>Prwstat</strong></span> <span class='ocrx_word' id='word_1_327' title='bbox 787 4243 988 4298; x_wconf 70' lang='lat' dir='ltr'><strong>verbum</strong></span> <span class='ocrx_word' id='word_1_328' title='bbox 1015 4243 1110 4298; x_wconf 83' lang='lat' dir='ltr'><strong>Dei</strong></span> <span class='ocrx_word' id='word_1_329' title='bbox 1151 4243 1329 4297; x_wconf 80' lang='lat' dir='ltr'><strong>audire</strong></span> <span class='ocrx_word' id='word_1_330' title='bbox 1355 4259 1506 4312; x_wconf 88' lang='lat' dir='ltr'><strong>quam</strong></span> <span class='ocrx_word' id='word_1_331' title='bbox 1525 4243 1784 4312; x_wconf 83' lang='lat' dir='ltr'><strong>jejunare.</strong></span> <span class='ocrx_word' id='word_1_332' title='bbox 1812 4273 1882 4282; x_wconf 90' lang='lat'>—</span> <span class='ocrx_word' id='word_1_333' title='bbox 1905 4242 2056 4314; x_wconf 80' lang='lat' dir='ltr'><strong>Jeju-</strong></span> 
     </span>
    </p>
   </div>
   <div class='ocr_carea' id='block_1_45' title="bbox 466 4337 2052 4403">
    <p class='ocr_par' dir='ltr' id='par_1_45' title="bbox 466 4337 2052 4403">
     <span class='ocr_line' id='line_1_45' title="bbox 466 4337 2052 4403; baseline -0.001 -11"><span class='ocrx_word' id='word_1_334' title='bbox 466 4337 615 4392; x_wconf 83' lang='lat' dir='ltr'><strong>ninm</strong></span> <span class='ocrx_word' id='word_1_335' title='bbox 650 4353 781 4392; x_wconf 89' lang='lat' dir='ltr'><strong>vero</strong></span> <span class='ocrx_word' id='word_1_336' title='bbox 824 4354 930 4392; x_wconf 92' lang='lat' dir='ltr'><strong>non</strong></span> <span class='ocrx_word' id='word_1_337' title='bbox 960 4339 1201 4392; x_wconf 90' lang='lat' dir='ltr'><strong>ciborum</strong></span> <span class='ocrx_word' id='word_1_338' title='bbox 1231 4337 1613 4392; x_wconf 87' lang='lat' dir='ltr'><strong>abstinentiam</strong></span> <span class='ocrx_word' id='word_1_339' title='bbox 1658 4346 1863 4390; x_wconf 89' lang='lat' dir='ltr'><strong>tantum</strong></span> <span class='ocrx_word' id='word_1_340' title='bbox 1894 4337 2014 4390; x_wconf 93' lang='lat' dir='ltr'><strong>dico</strong></span> <span class='ocrx_word' id='word_1_341' title='bbox 2035 4377 2052 4403; x_wconf 89' lang='lat'><strong>,</strong></span> 
     </span>
    </p>
   </div>
   <div class='ocr_carea' id='block_1_46' title="bbox 462 4427 2056 4498">
    <p class='ocr_par' dir='ltr' id='par_1_46' title="bbox 462 4427 2056 4498">
     <span class='ocr_line' id='line_1_46' title="bbox 462 4427 2056 4498; baseline 0 -16"><span class='ocrx_word' id='word_1_342' title='bbox 462 4427 562 4482; x_wconf 79' lang='lat' dir='ltr'><strong>sed</strong></span> <span class='ocrx_word' id='word_1_343' title='bbox 588 4436 643 4482; x_wconf 90' lang='lat' dir='ltr'><strong>et</strong></span> <span class='ocrx_word' id='word_1_344' title='bbox 658 4435 993 4495; x_wconf 87' lang='lat' dir='ltr'><strong>peccatorum</strong></span> <span class='ocrx_word' id='word_1_345' title='bbox 1022 4427 1196 4496; x_wconf 81' lang='lat' dir='ltr'><strong>fugam</strong></span> <span class='ocrx_word' id='word_1_346' title='bbox 1220 4429 1387 4497; x_wconf 89' lang='lat' dir='ltr'><strong>magis</strong></span> <span class='ocrx_word' id='word_1_347' title='bbox 1415 4443 1573 4498; x_wconf 93' lang='lat' dir='ltr'><strong>quam</strong></span> <span class='ocrx_word' id='word_1_348' title='bbox 1596 4428 1738 4481; x_wconf 90' lang='lat' dir='ltr'><strong>illam</strong></span> <span class='ocrx_word' id='word_1_349' title='bbox 1761 4445 1774 4481; x_wconf 92' lang='lat'><strong>:</strong></span> <span class='ocrx_word' id='word_1_350' title='bbox 1804 4430 2056 4496; x_wconf 90' lang='lat' dir='ltr'><strong>quoniam</strong></span> 
     </span>
    </p>
   </div>
   <div class='ocr_carea' id='block_1_47' title="bbox 463 4518 2056 4588">
    <p class='ocr_par' dir='ltr' id='par_1_47' title="bbox 463 4518 2056 4588">
     <span class='ocr_line' id='line_1_47' title="bbox 463 4518 2056 4588; baseline -0.002 -13"><span class='ocrx_word' id='word_1_351' title='bbox 463 4529 521 4576; x_wconf 87' lang='lat' dir='ltr'><strong>et</strong></span> <span class='ocrx_word' id='word_1_352' title='bbox 549 4519 896 4583; x_wconf 89' lang='lat' dir='ltr'><strong>convivatus,</strong></span> <span class='ocrx_word' id='word_1_353' title='bbox 919 4527 976 4573; x_wconf 89' lang='lat' dir='ltr'><strong>et</strong></span> <span class='ocrx_word' id='word_1_354' title='bbox 1014 4518 1120 4572; x_wconf 92' lang='lat' dir='ltr'><strong>huc</strong></span> <span class='ocrx_word' id='word_1_355' title='bbox 1157 4533 1278 4572; x_wconf 92' lang='lat' dir='ltr'><strong>cum</strong></span> <span class='ocrx_word' id='word_1_356' title='bbox 1323 4518 1583 4572; x_wconf 89' lang='lat' dir='ltr'><strong>modestia</strong></span> <span class='ocrx_word' id='word_1_357' title='bbox 1616 4518 1885 4588; x_wconf 89' lang='lat' dir='ltr'><strong>profectus</strong></span> <span class='ocrx_word' id='word_1_358' title='bbox 1927 4534 2056 4573; x_wconf 89' lang='lat' dir='ltr'><strong>con-</strong></span> 
     </span>
    </p>
   </div>
   <div class='ocr_carea' id='block_1_48' title="bbox 461 4609 2052 4681">
    <p class='ocr_par' dir='ltr' id='par_1_48' title="bbox 461 4609 2052 4681">
     <span class='ocr_line' id='line_1_48' title="bbox 461 4609 2052 4681; baseline -0.001 -16"><span class='ocrx_word' id='word_1_359' title='bbox 461 4625 592 4681; x_wconf 82' lang='lat' dir='ltr'><strong>grua</strong></span> <span class='ocrx_word' id='word_1_360' title='bbox 613 4651 633 4676; x_wconf 90' lang='lat'><strong>,</strong></span> <span class='ocrx_word' id='word_1_361' title='bbox 661 4625 766 4663; x_wconf 89' lang='lat' dir='ltr'><strong>non</strong></span> <span class='ocrx_word' id='word_1_362' title='bbox 795 4610 964 4664; x_wconf 92' lang='lat' dir='ltr'><strong>multo</strong></span> <span class='ocrx_word' id='word_1_363' title='bbox 989 4625 1017 4664; x_wconf 91' lang='lat' dir='ltr'><strong>a</strong></span> <span class='ocrx_word' id='word_1_364' title='bbox 1041 4609 1315 4678; x_wconf 88' lang='lat' dir='ltr'><strong>jejunante</strong></span> <span class='ocrx_word' id='word_1_365' title='bbox 1353 4609 1584 4662; x_wconf 89' lang='lat' dir='ltr'><strong>vincitur</strong></span> <span class='ocrx_word' id='word_1_366' title='bbox 1614 4627 1628 4662; x_wconf 88' lang='lat'><strong>:</strong></span> <span class='ocrx_word' id='word_1_367' title='bbox 1658 4609 1794 4663; x_wconf 90' lang='lat' dir='ltr'><strong>sicut</strong></span> <span class='ocrx_word' id='word_1_368' title='bbox 1819 4609 2052 4663; x_wconf 90' lang='lat' dir='ltr'><strong>vicissim</strong></span> 
     </span>
    </p>
   </div>
   <div class='ocr_carea' id='block_1_49' title="bbox 459 4699 2051 4773">
    <p class='ocr_par' dir='ltr' id='par_1_49' title="bbox 459 4699 2051 4773">
     <span class='ocr_line' id='line_1_49' title="bbox 459 4699 2051 4773; baseline -0.001 -17"><span class='ocrx_word' id='word_1_369' title='bbox 459 4702 709 4773; x_wconf 68' lang='lat' dir='ltr'><strong>jejunans</strong></span> <span class='ocrx_word' id='word_1_370' title='bbox 745 4717 847 4756; x_wconf 90' lang='lat' dir='ltr'><strong>nec</strong></span> <span class='ocrx_word' id='word_1_371' title='bbox 873 4716 993 4756; x_wconf 92' lang='lat' dir='ltr'><strong>cum</strong></span> <span class='ocrx_word' id='word_1_372' title='bbox 1038 4699 1218 4755; x_wconf 91' lang='lat' dir='ltr'><strong>studio</strong></span> <span class='ocrx_word' id='word_1_373' title='bbox 1250 4710 1304 4755; x_wconf 90' lang='lat' dir='ltr'><strong>et</strong></span> <span class='ocrx_word' id='word_1_374' title='bbox 1327 4699 1599 4769; x_wconf 83' lang='lat' dir='ltr'><strong>diligentia</strong></span> <span class='ocrx_word' id='word_1_375' title='bbox 1630 4701 1694 4754; x_wconf 90' lang='lat' dir='ltr'><strong>iis</strong></span> <span class='ocrx_word' id='word_1_376' title='bbox 1720 4716 1839 4769; x_wconf 68' lang='lat' dir='ltr'><strong>quae</strong></span> <span class='ocrx_word' id='word_1_377' title='bbox 1861 4701 2051 4755; x_wconf 90' lang='lat' dir='ltr'><strong>dicun-</strong></span> 
     </span>
    </p>
   </div>
   <div class='ocr_carea' id='block_1_50' title="bbox 461 4792 2054 4863">
    <p class='ocr_par' dir='ltr' id='par_1_50' title="bbox 461 4792 2054 4863">
     <span class='ocr_line' id='line_1_50' title="bbox 461 4792 2054 4863; baseline -0.003 -12"><span class='ocrx_word' id='word_1_378' title='bbox 461 4805 551 4852; x_wconf 86' lang='lat' dir='ltr'><strong>tur</strong></span> <span class='ocrx_word' id='word_1_379' title='bbox 581 4794 893 4858; x_wconf 87' lang='lat' dir='ltr'><strong>attendens,</strong></span> <span class='ocrx_word' id='word_1_380' title='bbox 934 4792 1068 4848; x_wconf 80' lang='lat' dir='ltr'><strong>nihil</strong></span> <span class='ocrx_word' id='word_1_381' title='bbox 1093 4809 1158 4847; x_wconf 83' lang='lat' dir='ltr'><strong>ex</strong></span> <span class='ocrx_word' id='word_1_382' title='bbox 1188 4793 1291 4847; x_wconf 92' lang='lat' dir='ltr'><strong>hoc</strong></span> <span class='ocrx_word' id='word_1_383' title='bbox 1307 4792 1514 4863; x_wconf 89' lang='lat' dir='ltr'><strong>jejunio</strong></span> <span class='ocrx_word' id='word_1_384' title='bbox 1544 4808 1793 4861; x_wconf 89' lang='lat' dir='ltr'><strong>magnum</strong></span> <span class='ocrx_word' id='word_1_385' title='bbox 1822 4793 2054 4848; x_wconf 77' lang='lat' dir='ltr'><strong>lucrabi-</strong></span> 
     </span>
    </p>
   </div>
   <div class='ocr_carea' id='block_1_51' title="bbox 461 4885 2052 4954">
    <p class='ocr_par' dir='ltr' id='par_1_51' title="bbox 461 4885 2052 4954">
     <span class='ocr_line' id='line_1_51' title="bbox 461 4885 2052 4954; baseline -0.002 -13"><span class='ocrx_word' id='word_1_386' title='bbox 461 4898 565 4941; x_wconf 90' lang='lat' dir='ltr'><strong>tur.</strong></span> <span class='ocrx_word' id='word_1_387' title='bbox 605 4887 906 4941; x_wconf 76' lang='lat' dir='ltr'><strong>Comedens</strong></span> <span class='ocrx_word' id='word_1_388' title='bbox 951 4886 1096 4940; x_wconf 90' lang='lat' dir='ltr'><strong>enim</strong></span> <span class='ocrx_word' id='word_1_389' title='bbox 1138 4894 1192 4940; x_wconf 89' lang='lat' dir='ltr'><strong>et</strong></span> <span class='ocrx_word' id='word_1_390' title='bbox 1233 4885 1510 4939; x_wconf 90' lang='lat' dir='ltr'><strong>concionis</strong></span> <span class='ocrx_word' id='word_1_391' title='bbox 1563 4893 1764 4939; x_wconf 66' lang='lat' dir='ltr'><strong>sanctae</strong></span> <span class='ocrx_word' id='word_1_392' title='bbox 1814 4899 2052 4954; x_wconf 85' lang='lat' dir='ltr'><strong>congruo</strong></span> 
     </span>
    </p>
   </div>
   <div class='ocr_carea' id='block_1_52' title="bbox 459 4975 2053 5048">
    <p class='ocr_par' dir='ltr' id='par_1_52' title="bbox 459 4975 2053 5048">
     <span class='ocr_line' id='line_1_52' title="bbox 459 4975 2053 5048; baseline -0.003 -14"><span class='ocrx_word' id='word_1_393' title='bbox 459 4979 638 5034; x_wconf 86' lang='lat' dir='ltr'><strong>studio</strong></span> <span class='ocrx_word' id='word_1_394' title='bbox 668 4979 977 5048; x_wconf 89' lang='lat' dir='ltr'><strong>participem</strong></span> <span class='ocrx_word' id='word_1_395' title='bbox 1006 4993 1064 5034; x_wconf 88' lang='lat' dir='ltr'><strong>se</strong></span> <span class='ocrx_word' id='word_1_396' title='bbox 1095 4976 1316 5043; x_wconf 88' lang='lat' dir='ltr'><strong>faciens,</strong></span> <span class='ocrx_word' id='word_1_397' title='bbox 1342 4975 1470 5030; x_wconf 88' lang='lat' dir='ltr'><strong>nihil</strong></span> <span class='ocrx_word' id='word_1_398' title='bbox 1509 4975 1824 5032; x_wconf 90' lang='lat' dir='ltr'><strong>comedente</strong></span> <span class='ocrx_word' id='word_1_399' title='bbox 1863 4985 1918 5030; x_wconf 87' lang='lat' dir='ltr'><strong>et</strong></span> <span class='ocrx_word' id='word_1_400' title='bbox 1955 4978 2053 5030; x_wconf 88' lang='lat' dir='ltr'><strong>ab-</strong></span> 
     </span>
    </p>
   </div>
   <div class='ocr_carea' id='block_1_53' title="bbox 458 5067 2050 5126">
    <p class='ocr_par' dir='ltr' id='par_1_53' title="bbox 458 5067 2050 5126">
     <span class='ocr_line' id='line_1_53' title="bbox 458 5067 2050 5126; baseline -0.004 0"><span class='ocrx_word' id='word_1_401' title='bbox 458 5081 614 5126; x_wconf 90' lang='lat' dir='ltr'><strong>sente</strong></span> <span class='ocrx_word' id='word_1_402' title='bbox 639 5069 807 5124; x_wconf 90' lang='lat' dir='ltr'><strong>multo</strong></span> <span class='ocrx_word' id='word_1_403' title='bbox 837 5071 1025 5124; x_wconf 89' lang='lat' dir='ltr'><strong>melior</strong></span> <span class='ocrx_word' id='word_1_404' title='bbox 1051 5079 1134 5125; x_wconf 89' lang='lat' dir='ltr'><strong>est</strong></span> <span class='ocrx_word' id='word_1_405' title='bbox 1163 5086 1175 5121; x_wconf 90' lang='lat'><strong><em>:</em></strong></span> <span class='ocrx_word' id='word_1_406' title='bbox 1206 5085 1310 5123; x_wconf 93' lang='lat' dir='ltr'><strong>non</strong></span> <span class='ocrx_word' id='word_1_407' title='bbox 1338 5069 1480 5123; x_wconf 88' lang='lat' dir='ltr'><strong>enim</strong></span> <span class='ocrx_word' id='word_1_408' title='bbox 1515 5076 1718 5122; x_wconf 88' lang='lat' dir='ltr'><strong>tantum</strong></span> <span class='ocrx_word' id='word_1_409' title='bbox 1751 5082 1848 5121; x_wconf 91' lang='lat' dir='ltr'><strong>nos</strong></span> <span class='ocrx_word' id='word_1_410' title='bbox 1878 5067 2050 5122; x_wconf 90' lang='lat' dir='ltr'><strong>inedia</strong></span> 
     </span>
    </p>
   </div>
   <div class='ocr_carea' id='block_1_54' title="bbox 458 5158 2047 5233">
    <p class='ocr_par' dir='ltr' id='par_1_54' title="bbox 458 5158 2047 5233">
     <span class='ocr_line' id='line_1_54' title="bbox 458 5158 2047 5233; baseline -0.003 -15"><span class='ocrx_word' id='word_1_411' title='bbox 458 5165 714 5233; x_wconf 77' lang='lat' dir='ltr'><strong>adjuvare</strong></span> <span class='ocrx_word' id='word_1_412' title='bbox 759 5163 988 5232; x_wconf 85' lang='lat' dir='ltr'><strong>poterit,</strong></span> <span class='ocrx_word' id='word_1_413' title='bbox 1017 5171 1272 5232; x_wconf 89' lang='lat' dir='ltr'><strong>quantum</strong></span> <span class='ocrx_word' id='word_1_414' title='bbox 1301 5161 1519 5232; x_wconf 87' lang='lat' dir='ltr'><strong>prodest</strong></span> <span class='ocrx_word' id='word_1_415' title='bbox 1545 5171 1600 5216; x_wconf 92' lang='lat' dir='ltr'><strong>et</strong></span> <span class='ocrx_word' id='word_1_416' title='bbox 1624 5160 1822 5216; x_wconf 89' lang='lat' dir='ltr'><strong>bonum</strong></span> <span class='ocrx_word' id='word_1_417' title='bbox 1851 5158 2047 5228; x_wconf 84' lang='lat' dir='ltr'><strong>affert,</strong></span> 
     </span>
    </p>
   </div>
   <div class='ocr_carea' id='block_1_55' title="bbox 457 5241 2043 5326">
    <p class='ocr_par' dir='ltr' id='par_1_55' title="bbox 457 5241 2043 5326">
     <span class='ocr_line' id='line_1_55' title="bbox 457 5241 2043 5326; baseline -0.003 -15"><span class='ocrx_word' id='word_1_418' title='bbox 457 5253 722 5326; x_wconf 82' lang='lat' dir='ltr'><strong>Spirituali</strong></span> <span class='ocrx_word' id='word_1_419' title='bbox 751 5252 1046 5321; x_wconf 64' lang='lat' dir='ltr'><strong>disciplinae</strong></span> <span class='ocrx_word' id='word_1_420' title='bbox 1076 5254 1356 5308; x_wconf 84' lang='lat' dir='ltr'><strong>interesse.</strong></span> <span class='ocrx_word' id='word_1_421' title='bbox 1388 5252 1615 5308; x_wconf 87' lang='lat' dir='ltr'><strong>Ubinam</strong></span> <span class='ocrx_word' id='word_1_422' title='bbox 1665 5241 1780 5306; x_wconf 62' lang='lat' dir='ltr'><strong>hate</strong></span> <span class='ocrx_word' id='word_1_423' title='bbox 1826 5251 2043 5318; x_wconf 85' lang='lat' dir='ltr'><strong>audies,</strong></span> 
     </span>
    </p>
   </div>
   <div class='ocr_carea' id='block_1_56' title="bbox 455 5343 2048 5418">
    <p class='ocr_par' dir='ltr' id='par_1_56' title="bbox 455 5343 2048 5418">
     <span class='ocr_line' id='line_1_56' title="bbox 455 5343 2048 5418; baseline -0.003 -18"><span class='ocrx_word' id='word_1_424' title='bbox 455 5363 576 5418; x_wconf 59' lang='lat' dir='ltr'><strong>quas</strong></span> <span class='ocrx_word' id='word_1_425' title='bbox 603 5346 691 5400; x_wconf 88' lang='lat' dir='ltr'><strong>hic</strong></span> <span class='ocrx_word' id='word_1_426' title='bbox 719 5343 1157 5414; x_wconf 80' lang='lat' dir='ltr'><strong>philosopharis?</strong></span> <span class='ocrx_word' id='word_1_427' title='bbox 1186 5343 1240 5399; x_wconf 89' lang='lat' dir='ltr'><strong>Si</strong></span> <span class='ocrx_word' id='word_1_428' title='bbox 1273 5344 1330 5398; x_wconf 90' lang='lat' dir='ltr'><strong>in</strong></span> <span class='ocrx_word' id='word_1_429' title='bbox 1356 5344 1528 5398; x_wconf 90' lang='lat' dir='ltr'><strong>forum</strong></span> <span class='ocrx_word' id='word_1_430' title='bbox 1576 5343 1736 5398; x_wconf 86' lang='lat' dir='ltr'><strong>iveris</strong></span> <span class='ocrx_word' id='word_1_431' title='bbox 1760 5383 1776 5410; x_wconf 91' lang='lat'><strong>,</strong></span> <span class='ocrx_word' id='word_1_432' title='bbox 1807 5343 1938 5398; x_wconf 71' lang='lat' dir='ltr'><strong>rixae</strong></span> <span class='ocrx_word' id='word_1_433' title='bbox 1975 5343 2048 5397; x_wconf 93' lang='lat' dir='ltr'><strong>ibi</strong></span> 
     </span>
    </p>
   </div>
   <div class='ocr_carea' id='block_1_57' title="bbox 454 5433 2046 5512">
    <p class='ocr_par' dir='ltr' id='par_1_57' title="bbox 454 5433 2046 5512">
     <span class='ocr_line' id='line_1_57' title="bbox 454 5433 2046 5512; baseline -0.004 -17"><span class='ocrx_word' id='word_1_434' title='bbox 454 5452 506 5495; x_wconf 86' lang='lat' dir='ltr'><strong>et</strong></span> <span class='ocrx_word' id='word_1_435' title='bbox 537 5456 725 5512; x_wconf 79' lang='lat' dir='ltr'><strong>pugna:</strong></span> <span class='ocrx_word' id='word_1_436' title='bbox 755 5458 768 5493; x_wconf 92' lang='lat'><strong>:</strong></span> <span class='ocrx_word' id='word_1_437' title='bbox 801 5439 845 5492; x_wconf 92' lang='lat' dir='ltr'><strong>si</strong></span> <span class='ocrx_word' id='word_1_438' title='bbox 877 5438 929 5491; x_wconf 89' lang='lat' dir='ltr'><strong>in</strong></span> <span class='ocrx_word' id='word_1_439' title='bbox 951 5438 1174 5499; x_wconf 87' lang='lat' dir='ltr'><strong>curiam,</strong></span> <span class='ocrx_word' id='word_1_440' title='bbox 1201 5438 1432 5491; x_wconf 78' lang='lat' dir='ltr'><strong>civilium</strong></span> <span class='ocrx_word' id='word_1_441' title='bbox 1463 5452 1641 5492; x_wconf 87' lang='lat' dir='ltr'><strong>rerum</strong></span> <span class='ocrx_word' id='word_1_442' title='bbox 1678 5451 1803 5491; x_wconf 88' lang='lat' dir='ltr'><strong>cura</strong></span> <span class='ocrx_word' id='word_1_443' title='bbox 1830 5453 1844 5489; x_wconf 91' lang='lat'><strong>:</strong></span> <span class='ocrx_word' id='word_1_444' title='bbox 1876 5435 1922 5489; x_wconf 91' lang='lat' dir='ltr'><strong>si</strong></span> <span class='ocrx_word' id='word_1_445' title='bbox 1947 5433 2046 5489; x_wconf 82' lang='lat' dir='ltr'><strong>do-</strong></span> 
     </span>
    </p>
   </div>
   <div class='ocr_carea' id='block_1_58' title="bbox 453 5526 2046 5604">
    <p class='ocr_par' dir='ltr' id='par_1_58' title="bbox 453 5526 2046 5604">
     <span class='ocr_line' id='line_1_58' title="bbox 453 5526 2046 5604; baseline -0.005 -16"><span class='ocrx_word' id='word_1_446' title='bbox 453 5550 599 5588; x_wconf 84' lang='lat' dir='ltr'><strong>munt</strong></span> <span class='ocrx_word' id='word_1_447' title='bbox 622 5575 638 5601; x_wconf 89' lang='lat'><strong>,</strong></span> <span class='ocrx_word' id='word_1_448' title='bbox 671 5534 994 5604; x_wconf 87' lang='lat' dir='ltr'><strong>privatarum</strong></span> <span class='ocrx_word' id='word_1_449' title='bbox 1039 5529 1337 5584; x_wconf 88' lang='lat' dir='ltr'><strong>sollicitudo</strong></span> <span class='ocrx_word' id='word_1_450' title='bbox 1383 5528 1616 5598; x_wconf 87' lang='lat' dir='ltr'><strong>undique</strong></span> <span class='ocrx_word' id='word_1_451' title='bbox 1642 5527 1830 5596; x_wconf 83' lang='lat' dir='ltr'><strong>afﬂigit</strong></span> <span class='ocrx_word' id='word_1_452' title='bbox 1861 5544 1873 5580; x_wconf 92' lang='lat'><strong>:</strong></span> <span class='ocrx_word' id='word_1_453' title='bbox 1918 5527 1962 5580; x_wconf 90' lang='lat' dir='ltr'><strong>si</strong></span> <span class='ocrx_word' id='word_1_454' title='bbox 1994 5526 2046 5580; x_wconf 90' lang='lat' dir='ltr'><strong>in</strong></span> 
     </span>
    </p>
   </div>
   <div class='ocr_carea' id='block_1_59' title="bbox 451 5618 2046 5682">
    <p class='ocr_par' dir='ltr' id='par_1_59' title="bbox 451 5618 2046 5682">
     <span class='ocr_line' id='line_1_59' title="bbox 451 5618 2046 5682; baseline -0.007 0"><span class='ocrx_word' id='word_1_455' title='bbox 451 5627 556 5682; x_wconf 83' lang='lat' dir='ltr'><strong>fori</strong></span> <span class='ocrx_word' id='word_1_456' title='bbox 582 5622 950 5682; x_wconf 87' lang='lat' dir='ltr'><strong>conventicula</strong></span> <span class='ocrx_word' id='word_1_457' title='bbox 979 5631 1033 5678; x_wconf 89' lang='lat' dir='ltr'><strong>et</strong></span> <span class='ocrx_word' id='word_1_458' title='bbox 1056 5636 1340 5677; x_wconf 84' lang='lat' dir='ltr'><strong>consessus</strong></span> <span class='ocrx_word' id='word_1_459' title='bbox 1361 5661 1379 5681; x_wconf 82' lang='lat'><strong><em>.</em></strong></span> <span class='ocrx_word' id='word_1_460' title='bbox 1411 5619 1589 5672; x_wconf 88' lang='lat' dir='ltr'><strong>omnia</strong></span> <span class='ocrx_word' id='word_1_461' title='bbox 1621 5618 1726 5672; x_wconf 92' lang='lat' dir='ltr'><strong>illic</strong></span> <span class='ocrx_word' id='word_1_462' title='bbox 1750 5626 1962 5672; x_wconf 86' lang='lat' dir='ltr'><strong>terrena</strong></span> <span class='ocrx_word' id='word_1_463' title='bbox 1991 5627 2046 5671; x_wconf 86' lang='lat' dir='ltr'><strong>et</strong></span> 
     </span>
    </p>
   </div>
   <div class='ocr_carea' id='block_1_60' title="bbox 451 5706 2043 5787">
    <p class='ocr_par' dir='ltr' id='par_1_60' title="bbox 451 5706 2043 5787">
     <span class='ocr_line' id='line_1_60' title="bbox 451 5706 2043 5787; baseline -0.006 -17"><span class='ocrx_word' id='word_1_464' title='bbox 451 5718 817 5787; x_wconf 89' lang='lat' dir='ltr'><strong>corruptibilia</strong></span> <span class='ocrx_word' id='word_1_465' title='bbox 845 5733 861 5772; x_wconf 88' lang='lat'><strong>:</strong></span> <span class='ocrx_word' id='word_1_466' title='bbox 892 5715 978 5771; x_wconf 87' lang='lat' dir='ltr'><strong>vel</strong></span> <span class='ocrx_word' id='word_1_467' title='bbox 1009 5714 1149 5770; x_wconf 88' lang='lat' dir='ltr'><strong>enim</strong></span> <span class='ocrx_word' id='word_1_468' title='bbox 1178 5712 1244 5767; x_wconf 86' lang='lat' dir='ltr'><strong>de</strong></span> <span class='ocrx_word' id='word_1_469' title='bbox 1266 5709 1571 5771; x_wconf 86' lang='lat' dir='ltr'><strong>venalibus,</strong></span> <span class='ocrx_word' id='word_1_470' title='bbox 1599 5709 1682 5763; x_wconf 90' lang='lat' dir='ltr'><strong>vel</strong></span> <span class='ocrx_word' id='word_1_471' title='bbox 1706 5707 1774 5763; x_wconf 89' lang='lat' dir='ltr'><strong>de</strong></span> <span class='ocrx_word' id='word_1_472' title='bbox 1799 5706 2009 5761; x_wconf 88' lang='lat' dir='ltr'><strong>tributis</strong></span> <span class='ocrx_word' id='word_1_473' title='bbox 2029 5749 2043 5771; x_wconf 93' lang='lat'><strong>,</strong></span> 
     </span>
    </p>
   </div>
   <div class='ocr_carea' id='block_1_61' title="bbox 455 5801 2046 5875">
    <p class='ocr_par' dir='ltr' id='par_1_61' title="bbox 455 5801 2046 5875">
     <span class='ocr_line' id='line_1_61' title="bbox 455 5801 2046 5875; baseline -0.008 -8"><span class='ocrx_word' id='word_1_474' title='bbox 455 5815 538 5870; x_wconf 87' lang='lat' dir='ltr'><strong>vel</strong></span> <span class='ocrx_word' id='word_1_475' title='bbox 565 5813 634 5868; x_wconf 88' lang='lat' dir='ltr'><strong>de</strong></span> <span class='ocrx_word' id='word_1_476' title='bbox 660 5812 798 5866; x_wconf 89' lang='lat' dir='ltr'><strong>lauta</strong></span> <span class='ocrx_word' id='word_1_477' title='bbox 825 5824 1010 5864; x_wconf 85' lang='lat' dir='ltr'><strong>mensa</strong></span> <span class='ocrx_word' id='word_1_478' title='bbox 1035 5851 1048 5874; x_wconf 95' lang='lat'><strong>,</strong></span> <span class='ocrx_word' id='word_1_479' title='bbox 1080 5809 1165 5864; x_wconf 87' lang='lat' dir='ltr'><strong>vel</strong></span> <span class='ocrx_word' id='word_1_480' title='bbox 1199 5806 1267 5862; x_wconf 93' lang='lat' dir='ltr'><strong>de</strong></span> <span class='ocrx_word' id='word_1_481' title='bbox 1291 5819 1542 5875; x_wconf 88' lang='lat' dir='ltr'><strong>agrorum</strong></span> <span class='ocrx_word' id='word_1_482' title='bbox 1581 5802 1887 5858; x_wconf 86' lang='lat' dir='ltr'><strong>venditione</strong></span> <span class='ocrx_word' id='word_1_483' title='bbox 1908 5844 1923 5870; x_wconf 96' lang='lat'><strong>,</strong></span> <span class='ocrx_word' id='word_1_484' title='bbox 1956 5801 2046 5856; x_wconf 87' lang='lat' dir='ltr'><strong>vel</strong></span> 
     </span>
    </p>
   </div>
   <div class='ocr_carea' id='block_1_62' title="bbox 453 5890 2054 5971">
    <p class='ocr_par' dir='ltr' id='par_1_62' title="bbox 453 5890 2054 5971">
     <span class='ocr_line' id='line_1_62' title="bbox 453 5890 2054 5971; baseline -0.011 -7"><span class='ocrx_word' id='word_1_485' title='bbox 453 5906 522 5966; x_wconf 87' lang='lat' dir='ltr'><strong>de</strong></span> <span class='ocrx_word' id='word_1_486' title='bbox 549 5906 668 5966; x_wconf 82' lang='lat' dir='ltr'><strong>aliis</strong></span> <span class='ocrx_word' id='word_1_487' title='bbox 697 5902 1056 5961; x_wconf 85' lang='lat' dir='ltr'><strong>contractibus</strong></span> <span class='ocrx_word' id='word_1_488' title='bbox 1075 5941 1090 5971; x_wconf 93' lang='lat'><strong>,</strong></span> <span class='ocrx_word' id='word_1_489' title='bbox 1123 5901 1208 5959; x_wconf 86' lang='lat' dir='ltr'><strong>vel</strong></span> <span class='ocrx_word' id='word_1_490' title='bbox 1239 5899 1305 5959; x_wconf 82' lang='lat' dir='ltr'><strong>de</strong></span> <span class='ocrx_word' id='word_1_491' title='bbox 1334 5897 1700 5968; x_wconf 84' lang='lat' dir='ltr'><strong>testamentis,</strong></span> <span class='ocrx_word' id='word_1_492' title='bbox 1759 5890 1844 5949; x_wconf 90' lang='lat' dir='ltr'><strong>vel</strong></span> <span class='ocrx_word' id='word_1_493' title='bbox 1860 5890 1926 5949; x_wconf 88' lang='lat' dir='ltr'><strong>dc</strong></span> <span class='ocrx_word' id='word_1_494' title='bbox 1941 5890 2054 5948; x_wconf 73' lang='lat' dir='ltr'><strong>hae-</strong></span> 
     </span>
    </p>
   </div>
   <div class='ocr_carea' id='block_1_63' title="bbox 2215 1292 3793 1379">
    <p class='ocr_par' dir='ltr' id='par_1_63' title="bbox 2215 1292 3793 1379">
     <span class='ocr_line' id='line_1_63' title="bbox 2215 1292 3793 1379; baseline 0.023 -37"><span class='ocrx_word' id='word_1_495' title='bbox 2215 1292 2563 1365; x_wconf 89' lang='lat' dir='ltr'><strong>reditatibus,</strong></span> <span class='ocrx_word' id='word_1_496' title='bbox 2593 1302 2674 1356; x_wconf 91' lang='lat' dir='ltr'><strong>vel</strong></span> <span class='ocrx_word' id='word_1_497' title='bbox 2703 1302 2770 1359; x_wconf 92' lang='lat' dir='ltr'><strong>de</strong></span> <span class='ocrx_word' id='word_1_498' title='bbox 2806 1305 2922 1361; x_wconf 87' lang='lat' dir='ltr'><strong>aliis</strong></span> <span class='ocrx_word' id='word_1_499' title='bbox 2951 1309 3142 1366; x_wconf 89' lang='lat' dir='ltr'><strong>talibus</strong></span> <span class='ocrx_word' id='word_1_500' title='bbox 3181 1326 3211 1366; x_wconf 88' lang='lat' dir='ltr'><strong>a</strong></span> <span class='ocrx_word' id='word_1_501' title='bbox 3249 1317 3455 1369; x_wconf 89' lang='lat' dir='ltr'><strong>cunctis</strong></span> <span class='ocrx_word' id='word_1_502' title='bbox 3493 1333 3559 1373; x_wconf 91' lang='lat' dir='ltr'><strong>eo</strong></span> <span class='ocrx_word' id='word_1_503' title='bbox 3603 1336 3793 1379; x_wconf 81' lang='lat' dir='ltr'><strong>conve-</strong></span> 
     </span>
    </p>
   </div>
   <div class='ocr_carea' id='block_1_64' title="bbox 2211 1385 3789 1478">
    <p class='ocr_par' dir='ltr' id='par_1_64' title="bbox 2211 1385 3789 1478">
     <span class='ocr_line' id='line_1_64' title="bbox 2211 1385 3789 1478; baseline 0.021 -41"><span class='ocrx_word' id='word_1_504' title='bbox 2211 1385 2478 1445; x_wconf 90' lang='lat' dir='ltr'><strong>nientibus</strong></span> <span class='ocrx_word' id='word_1_505' title='bbox 2514 1407 2789 1453; x_wconf 91' lang='lat' dir='ltr'><strong>sermones</strong></span> <span class='ocrx_word' id='word_1_506' title='bbox 2825 1399 3108 1458; x_wconf 89' lang='lat' dir='ltr'><strong>habentur.</strong></span> <span class='ocrx_word' id='word_1_507' title='bbox 3139 1404 3202 1459; x_wconf 86' lang='lat' dir='ltr'><strong>Et</strong></span> <span class='ocrx_word' id='word_1_508' title='bbox 3231 1407 3273 1460; x_wconf 90' lang='lat' dir='ltr'><strong>si</strong></span> <span class='ocrx_word' id='word_1_509' title='bbox 3305 1409 3356 1461; x_wconf 92' lang='lat' dir='ltr'><strong>in</strong></span> <span class='ocrx_word' id='word_1_510' title='bbox 3388 1409 3552 1478; x_wconf 91' lang='lat' dir='ltr'><strong>ipsam</strong></span> <span class='ocrx_word' id='word_1_511' title='bbox 3589 1418 3789 1470; x_wconf 88' lang='lat' dir='ltr'><strong>veneris</strong></span> 
     </span>
    </p>
   </div>
   <div class='ocr_carea' id='block_1_65' title="bbox 2210 1481 3788 1564">
    <p class='ocr_par' dir='ltr' id='par_1_65' title="bbox 2210 1481 3788 1564">
     <span class='ocr_line' id='line_1_65' title="bbox 2210 1481 3788 1564; baseline 0.021 -33"><span class='ocrx_word' id='word_1_512' title='bbox 2210 1481 2408 1548; x_wconf 85' lang='lat' dir='ltr'><strong>regiam</strong></span> <span class='ocrx_word' id='word_1_513' title='bbox 2430 1523 2445 1547; x_wconf 90' lang='lat'><strong>,</strong></span> <span class='ocrx_word' id='word_1_514' title='bbox 2471 1494 2523 1538; x_wconf 90' lang='lat' dir='ltr'><strong>et</strong></span> <span class='ocrx_word' id='word_1_515' title='bbox 2553 1487 2658 1542; x_wconf 92' lang='lat' dir='ltr'><strong>illic</strong></span> <span class='ocrx_word' id='word_1_516' title='bbox 2687 1505 2898 1546; x_wconf 90' lang='lat' dir='ltr'><strong>rursum</strong></span> <span class='ocrx_word' id='word_1_517' title='bbox 2929 1508 3117 1550; x_wconf 89' lang='lat' dir='ltr'><strong>omnes</strong></span> <span class='ocrx_word' id='word_1_518' title='bbox 3141 1497 3464 1557; x_wconf 88' lang='lat' dir='ltr'><strong>disserentes</strong></span> <span class='ocrx_word' id='word_1_519' title='bbox 3504 1506 3685 1562; x_wconf 88' lang='lat' dir='ltr'><strong>audies</strong></span> <span class='ocrx_word' id='word_1_520' title='bbox 3725 1511 3788 1564; x_wconf 92' lang='lat' dir='ltr'><strong>de</strong></span> 
     </span>
    </p>
   </div>
   <div class='ocr_carea' id='block_1_66' title="bbox 2209 1571 3782 1663">
    <p class='ocr_par' dir='ltr' id='par_1_66' title="bbox 2209 1571 3782 1663">
     <span class='ocr_line' id='line_1_66' title="bbox 2209 1571 3782 1663; baseline 0.02 -41"><span class='ocrx_word' id='word_1_521' title='bbox 2209 1571 2469 1640; x_wconf 88' lang='lat' dir='ltr'><strong>pecuniis,</strong></span> <span class='ocrx_word' id='word_1_522' title='bbox 2497 1574 2566 1630; x_wconf 89' lang='lat' dir='ltr'><strong>de</strong></span> <span class='ocrx_word' id='word_1_523' title='bbox 2591 1579 2846 1646; x_wconf 86' lang='lat' dir='ltr'><strong>potentia,</strong></span> <span class='ocrx_word' id='word_1_524' title='bbox 2875 1582 2943 1637; x_wconf 92' lang='lat' dir='ltr'><strong>de</strong></span> <span class='ocrx_word' id='word_1_525' title='bbox 2971 1585 3138 1653; x_wconf 88' lang='lat' dir='ltr'><strong>gloria</strong></span> <span class='ocrx_word' id='word_1_526' title='bbox 3158 1629 3172 1653; x_wconf 94' lang='lat'><strong>,</strong></span> <span class='ocrx_word' id='word_1_527' title='bbox 3196 1604 3315 1658; x_wconf 78' lang='lat' dir='ltr'><strong>quae</strong></span> <span class='ocrx_word' id='word_1_528' title='bbox 3345 1593 3429 1646; x_wconf 87' lang='lat' dir='ltr'><strong>hic</strong></span> <span class='ocrx_word' id='word_1_529' title='bbox 3464 1593 3748 1652; x_wconf 89' lang='lat' dir='ltr'><strong>honoratur</strong></span> <span class='ocrx_word' id='word_1_530' title='bbox 3767 1640 3782 1663; x_wconf 82' lang='lat'><em>.</em></span> 
     </span>
    </p>
   </div>
   <div class='ocr_carea' id='block_1_67' title="bbox 2205 1663 3784 1753">
    <p class='ocr_par' dir='ltr' id='par_1_67' title="bbox 2205 1663 3784 1753">
     <span class='ocr_line' id='line_1_67' title="bbox 2205 1663 3784 1753; baseline 0.019 -39"><span class='ocrx_word' id='word_1_531' title='bbox 2205 1663 2480 1731; x_wconf 90' lang='lat' dir='ltr'><strong>spiritualc</strong></span> <span class='ocrx_word' id='word_1_532' title='bbox 2507 1684 2634 1724; x_wconf 87' lang='lat' dir='ltr'><strong>vero</strong></span> <span class='ocrx_word' id='word_1_533' title='bbox 2660 1672 2788 1725; x_wconf 91' lang='lat' dir='ltr'><strong>nihil</strong></span> <span class='ocrx_word' id='word_1_534' title='bbox 2821 1690 2834 1727; x_wconf 89' lang='lat'><strong>:</strong></span> <span class='ocrx_word' id='word_1_535' title='bbox 2869 1673 2957 1730; x_wconf 89' lang='lat' dir='ltr'><strong>hic</strong></span> <span class='ocrx_word' id='word_1_536' title='bbox 2987 1692 3113 1732; x_wconf 91' lang='lat' dir='ltr'><strong>vero</strong></span> <span class='ocrx_word' id='word_1_537' title='bbox 3141 1683 3467 1738; x_wconf 89' lang='lat' dir='ltr'><strong>contrarium</strong></span> <span class='ocrx_word' id='word_1_538' title='bbox 3496 1696 3660 1741; x_wconf 91' lang='lat' dir='ltr'><strong>totum</strong></span> <span class='ocrx_word' id='word_1_539' title='bbox 3679 1731 3694 1753; x_wconf 91' lang='lat'><strong>,</strong></span> <span class='ocrx_word' id='word_1_540' title='bbox 3721 1690 3784 1746; x_wconf 86' lang='lat' dir='ltr'><strong>de</strong></span> 
     </span>
    </p>
   </div>
   <div class='ocr_carea' id='block_1_68' title="bbox 2204 1754 3778 1846">
    <p class='ocr_par' dir='ltr' id='par_1_68' title="bbox 2204 1754 3778 1846">
     <span class='ocr_line' id='line_1_68' title="bbox 2204 1754 3778 1846; baseline 0.017 -38"><span class='ocrx_word' id='word_1_541' title='bbox 2204 1754 2270 1810; x_wconf 92' lang='lat' dir='ltr'><strong>iis</strong></span> <span class='ocrx_word' id='word_1_542' title='bbox 2295 1772 2414 1826; x_wconf 58' lang='lat' dir='ltr'><strong>quas</strong></span> <span class='ocrx_word' id='word_1_543' title='bbox 2441 1759 2490 1813; x_wconf 92' lang='lat' dir='ltr'><strong>in</strong></span> <span class='ocrx_word' id='word_1_544' title='bbox 2520 1763 2652 1816; x_wconf 66' lang='lat' dir='ltr'><strong>cado</strong></span> <span class='ocrx_word' id='word_1_545' title='bbox 2673 1776 2796 1818; x_wconf 91' lang='lat' dir='ltr'><strong>sunt</strong></span> <span class='ocrx_word' id='word_1_546' title='bbox 2824 1767 3001 1834; x_wconf 87' lang='lat' dir='ltr'><strong>rebus,</strong></span> <span class='ocrx_word' id='word_1_547' title='bbox 3034 1769 3101 1824; x_wconf 88' lang='lat' dir='ltr'><strong>de</strong></span> <span class='ocrx_word' id='word_1_548' title='bbox 3129 1772 3326 1841; x_wconf 89' lang='lat' dir='ltr'><strong>anima,</strong></span> <span class='ocrx_word' id='word_1_549' title='bbox 3355 1775 3422 1829; x_wconf 92' lang='lat' dir='ltr'><strong>de</strong></span> <span class='ocrx_word' id='word_1_550' title='bbox 3447 1777 3554 1831; x_wconf 89' lang='lat' dir='ltr'><strong>vita</strong></span> <span class='ocrx_word' id='word_1_551' title='bbox 3589 1793 3778 1846; x_wconf 80' lang='lat' dir='ltr'><strong>nosua,</strong></span> 
     </span>
    </p>
   </div>
   <div class='ocr_carea' id='block_1_69' title="bbox 2203 1852 3781 1942">
    <p class='ocr_par' dir='ltr' id='par_1_69' title="bbox 2203 1852 3781 1942">
     <span class='ocr_line' id='line_1_69' title="bbox 2203 1852 3781 1942; baseline 0.018 -40"><span class='ocrx_word' id='word_1_552' title='bbox 2203 1857 2257 1902; x_wconf 90' lang='lat' dir='ltr'><strong>et</strong></span> <span class='ocrx_word' id='word_1_553' title='bbox 2294 1867 2458 1919; x_wconf 89' lang='lat' dir='ltr'><strong>quare</strong></span> <span class='ocrx_word' id='word_1_554' title='bbox 2485 1852 2606 1907; x_wconf 87' lang='lat' dir='ltr'><strong>facti</strong></span> <span class='ocrx_word' id='word_1_555' title='bbox 2650 1872 2860 1922; x_wconf 85' lang='lat' dir='ltr'><strong>sumus,</strong></span> <span class='ocrx_word' id='word_1_556' title='bbox 2895 1869 2948 1914; x_wconf 91' lang='lat' dir='ltr'><strong>et</strong></span> <span class='ocrx_word' id='word_1_557' title='bbox 2973 1877 3138 1931; x_wconf 87' lang='lat' dir='ltr'><strong>quare</strong></span> <span class='ocrx_word' id='word_1_558' title='bbox 3184 1864 3269 1920; x_wconf 93' lang='lat' dir='ltr'><strong>hic</strong></span> <span class='ocrx_word' id='word_1_559' title='bbox 3299 1876 3502 1923; x_wconf 91' lang='lat' dir='ltr'><strong>tantum</strong></span> <span class='ocrx_word' id='word_1_560' title='bbox 3535 1874 3781 1942; x_wconf 90' lang='lat' dir='ltr'><strong>temporis</strong></span> 
     </span>
    </p>
   </div>
   <div class='ocr_carea' id='block_1_70' title="bbox 2199 1950 3778 2035">
    <p class='ocr_par' dir='ltr' id='par_1_70' title="bbox 2199 1950 3778 2035">
     <span class='ocr_line' id='line_1_70' title="bbox 2199 1950 3778 2035; baseline 0.019 -43"><span class='ocrx_word' id='word_1_561' title='bbox 2199 1955 2612 2035; x_wconf 75' lang='lat' dir='ltr'><strong>commorantur,</strong></span> <span class='ocrx_word' id='word_1_562' title='bbox 2633 1957 2684 2002; x_wconf 91' lang='lat' dir='ltr'><strong>et</strong></span> <span class='ocrx_word' id='word_1_563' title='bbox 2704 1950 2768 2003; x_wconf 88' lang='lat' dir='ltr'><strong>ad</strong></span> <span class='ocrx_word' id='word_1_564' title='bbox 2797 1967 2914 2019; x_wconf 71' lang='lat' dir='ltr'><strong>qua:</strong></span> <span class='ocrx_word' id='word_1_565' title='bbox 2946 1952 3068 2009; x_wconf 93' lang='lat' dir='ltr'><strong>hinc</strong></span> <span class='ocrx_word' id='word_1_566' title='bbox 3100 1957 3406 2026; x_wconf 88' lang='lat' dir='ltr'><strong>migramus,</strong></span> <span class='ocrx_word' id='word_1_567' title='bbox 3438 1972 3493 2016; x_wconf 90' lang='lat' dir='ltr'><strong>et</strong></span> <span class='ocrx_word' id='word_1_568' title='bbox 3517 1965 3640 2032; x_wconf 89' lang='lat' dir='ltr'><strong>quid</strong></span> <span class='ocrx_word' id='word_1_569' title='bbox 3669 1979 3778 2035; x_wconf 88' lang='lat' dir='ltr'><strong>post</strong></span> 
     </span>
    </p>
   </div>
   <div class='ocr_carea' id='block_1_71' title="bbox 2201 2029 3778 2126">
    <p class='ocr_par' dir='ltr' id='par_1_71' title="bbox 2201 2029 3778 2126">
     <span class='ocr_line' id='line_1_71' title="bbox 2201 2029 3778 2126; baseline 0.017 -42"><span class='ocrx_word' id='word_1_570' title='bbox 2201 2029 2314 2086; x_wconf 64' lang='lat' dir='ltr'><strong>haec</strong></span> <span class='ocrx_word' id='word_1_571' title='bbox 2343 2048 2441 2088; x_wconf 93' lang='lat' dir='ltr'><strong>nos</strong></span> <span class='ocrx_word' id='word_1_572' title='bbox 2470 2038 2721 2105; x_wconf 88' lang='lat' dir='ltr'><strong>suscipiet</strong></span> <span class='ocrx_word' id='word_1_573' title='bbox 2749 2081 2764 2104; x_wconf 94' lang='lat'><strong>,</strong></span> <span class='ocrx_word' id='word_1_574' title='bbox 2797 2051 2851 2095; x_wconf 88' lang='lat' dir='ltr'><strong>et</strong></span> <span class='ocrx_word' id='word_1_575' title='bbox 2877 2058 3036 2112; x_wconf 87' lang='lat' dir='ltr'><strong>quam</strong></span> <span class='ocrx_word' id='word_1_576' title='bbox 3067 2045 3136 2100; x_wconf 94' lang='lat' dir='ltr'><strong>ob</strong></span> <span class='ocrx_word' id='word_1_577' title='bbox 3160 2063 3376 2104; x_wconf 81' lang='lat' dir='ltr'><strong>causam</strong></span> <span class='ocrx_word' id='word_1_578' title='bbox 3417 2029 3572 2109; x_wconf 84' lang='lat' dir='ltr'><strong>nobis</strong></span> <span class='ocrx_word' id='word_1_579' title='bbox 3595 2029 3778 2126; x_wconf 76' lang='lat' dir='ltr'><strong>corpus</strong></span> 
     </span>
    </p>
   </div>
   <div class='ocr_carea' id='block_1_72' title="bbox 2195 2125 3777 2212">
    <p class='ocr_par' dir='ltr' id='par_1_72' title="bbox 2195 2125 3777 2212">
     <span class='ocr_line' id='line_1_72' title="bbox 2195 2125 3777 2212; baseline 0.018 -36"><span class='ocrx_word' id='word_1_580' title='bbox 2195 2132 2280 2177; x_wconf 93' lang='lat' dir='ltr'><strong>est</strong></span> <span class='ocrx_word' id='word_1_581' title='bbox 2310 2125 2504 2181; x_wconf 90' lang='lat' dir='ltr'><strong>luteum</strong></span> <span class='ocrx_word' id='word_1_582' title='bbox 2532 2170 2546 2194; x_wconf 95' lang='lat'><strong>,</strong></span> <span class='ocrx_word' id='word_1_583' title='bbox 2576 2139 2630 2183; x_wconf 91' lang='lat' dir='ltr'><strong>et</strong></span> <span class='ocrx_word' id='word_1_584' title='bbox 2657 2148 2774 2200; x_wconf 81' lang='lat' dir='ltr'><strong>qua:</strong></span> <span class='ocrx_word' id='word_1_585' title='bbox 2804 2137 2987 2190; x_wconf 89' lang='lat' dir='ltr'><strong>mortis</strong></span> <span class='ocrx_word' id='word_1_586' title='bbox 3021 2149 3206 2193; x_wconf 89' lang='lat' dir='ltr'><strong>natura</strong></span> <span class='ocrx_word' id='word_1_587' title='bbox 3230 2181 3246 2207; x_wconf 93' lang='lat'><strong>,</strong></span> <span class='ocrx_word' id='word_1_588' title='bbox 3291 2143 3416 2212; x_wconf 89' lang='lat' dir='ltr'><strong>quid</strong></span> <span class='ocrx_word' id='word_1_589' title='bbox 3461 2147 3672 2202; x_wconf 88' lang='lat' dir='ltr'><strong>tandem</strong></span> <span class='ocrx_word' id='word_1_590' title='bbox 3688 2125 3777 2206; x_wconf 78' lang='lat' dir='ltr'><strong>est</strong></span> 
     </span>
    </p>
   </div>
   <div class='ocr_carea' id='block_1_73' title="bbox 2196 2220 3772 2306">
    <p class='ocr_par' dir='ltr' id='par_1_73' title="bbox 2196 2220 3772 2306">
     <span class='ocr_line' id='line_1_73' title="bbox 2196 2220 3772 2306; baseline 0.017 -39"><span class='ocrx_word' id='word_1_591' title='bbox 2196 2229 2432 2283; x_wconf 67' lang='lat' dir='ltr'><strong>praesens</strong></span> <span class='ocrx_word' id='word_1_592' title='bbox 2456 2220 2560 2274; x_wconf 92' lang='lat' dir='ltr'><strong>vita</strong></span> <span class='ocrx_word' id='word_1_593' title='bbox 2587 2231 2640 2275; x_wconf 94' lang='lat' dir='ltr'><strong>et</strong></span> <span class='ocrx_word' id='word_1_594' title='bbox 2665 2239 2784 2291; x_wconf 72' lang='lat' dir='ltr'><strong>qua:</strong></span> <span class='ocrx_word' id='word_1_595' title='bbox 2809 2224 2980 2279; x_wconf 90' lang='lat' dir='ltr'><strong>futura</strong></span> <span class='ocrx_word' id='word_1_596' title='bbox 3013 2245 3027 2282; x_wconf 90' lang='lat'><strong>:</strong></span> <span class='ocrx_word' id='word_1_597' title='bbox 3068 2229 3198 2285; x_wconf 91' lang='lat' dir='ltr'><strong>nihil</strong></span> <span class='ocrx_word' id='word_1_598' title='bbox 3227 2247 3441 2299; x_wconf 90' lang='lat' dir='ltr'><strong>prorsus</strong></span> <span class='ocrx_word' id='word_1_599' title='bbox 3471 2245 3734 2294; x_wconf 91' lang='lat' dir='ltr'><strong>terrenum</strong></span> <span class='ocrx_word' id='word_1_600' title='bbox 3756 2281 3772 2306; x_wconf 88' lang='lat'><strong>,</strong></span> 
     </span>
    </p>
   </div>
   <div class='ocr_carea' id='block_1_74' title="bbox 2192 2307 3769 2398">
    <p class='ocr_par' dir='ltr' id='par_1_74' title="bbox 2192 2307 3769 2398">
     <span class='ocr_line' id='line_1_74' title="bbox 2192 2307 3769 2398; baseline 0.017 -39"><span class='ocrx_word' id='word_1_601' title='bbox 2192 2307 2285 2360; x_wconf 90' lang='lat' dir='ltr'><strong>sed</strong></span> <span class='ocrx_word' id='word_1_602' title='bbox 2313 2322 2501 2364; x_wconf 89' lang='lat' dir='ltr'><strong>omnes</strong></span> <span class='ocrx_word' id='word_1_603' title='bbox 2525 2311 2593 2366; x_wconf 90' lang='lat' dir='ltr'><strong>de</strong></span> <span class='ocrx_word' id='word_1_604' title='bbox 2621 2315 2983 2382; x_wconf 90' lang='lat' dir='ltr'><strong>spiritualibus</strong></span> <span class='ocrx_word' id='word_1_605' title='bbox 3004 2333 3279 2379; x_wconf 90' lang='lat' dir='ltr'><strong>sermones</strong></span> <span class='ocrx_word' id='word_1_606' title='bbox 3303 2327 3456 2381; x_wconf 92' lang='lat' dir='ltr'><strong>nobis</strong></span> <span class='ocrx_word' id='word_1_607' title='bbox 3481 2328 3769 2398; x_wconf 86' lang='lat' dir='ltr'><strong>habentur;</strong></span> 
     </span>
    </p>
   </div>
   <div class='ocr_carea' id='block_1_75' title="bbox 2191 2405 3769 2488">
    <p class='ocr_par' dir='ltr' id='par_1_75' title="bbox 2191 2405 3769 2488">
     <span class='ocr_line' id='line_1_75' title="bbox 2191 2405 3769 2488; baseline 0.018 -37"><span class='ocrx_word' id='word_1_608' title='bbox 2191 2407 2244 2452; x_wconf 91' lang='lat' dir='ltr'><strong>et</strong></span> <span class='ocrx_word' id='word_1_609' title='bbox 2292 2416 2480 2469; x_wconf 87' lang='lat' dir='ltr'><strong>magna</strong></span> <span class='ocrx_word' id='word_1_610' title='bbox 2515 2405 2701 2461; x_wconf 89' lang='lat' dir='ltr'><strong>salutis</strong></span> <span class='ocrx_word' id='word_1_611' title='bbox 2746 2418 2942 2464; x_wconf 78' lang='lat' dir='ltr'><strong>nostra:</strong></span> <span class='ocrx_word' id='word_1_612' title='bbox 2985 2412 3172 2469; x_wconf 89' lang='lat' dir='ltr'><strong>viatica</strong></span> <span class='ocrx_word' id='word_1_613' title='bbox 3207 2419 3514 2488; x_wconf 86' lang='lat' dir='ltr'><strong>capientes,</strong></span> <span class='ocrx_word' id='word_1_614' title='bbox 3545 2423 3666 2478; x_wconf 90' lang='lat' dir='ltr'><strong>hinc</strong></span> <span class='ocrx_word' id='word_1_615' title='bbox 3704 2425 3769 2478; x_wconf 89' lang='lat' dir='ltr'><strong>ita</strong></span> 
     </span>
    </p>
   </div>
   <div class='ocr_carea' id='block_1_76' title="bbox 2190 2491 2996 2568">
    <p class='ocr_par' dir='ltr' id='par_1_76' title="bbox 2190 2491 2996 2568">
     <span class='ocr_line' id='line_1_76' title="bbox 2190 2491 2996 2568; baseline 0.019 -28"><span class='ocrx_word' id='word_1_616' title='bbox 2190 2503 2308 2542; x_wconf 93' lang='lat' dir='ltr'><strong>cum</strong></span> <span class='ocrx_word' id='word_1_617' title='bbox 2340 2491 2478 2547; x_wconf 88' lang='lat' dir='ltr'><strong>bona</strong></span> <span class='ocrx_word' id='word_1_618' title='bbox 2508 2508 2604 2563; x_wconf 89' lang='lat' dir='ltr'><strong>spe</strong></span> <span class='ocrx_word' id='word_1_619' title='bbox 2631 2499 2996 2568; x_wconf 86' lang='lat' dir='ltr'><strong>migrabimus.</strong></span> 
     </span>
    </p>
   </div>
   <div class='ocr_carea' id='block_1_77' title="bbox 2259 2581 3768 2672">
    <p class='ocr_par' dir='ltr' id='par_1_77' title="bbox 2259 2581 3768 2672">
     <span class='ocr_line' id='line_1_77' title="bbox 2259 2581 3768 2672; baseline 0.018 -38"><span class='ocrx_word' id='word_1_620' title='bbox 2259 2581 2311 2635; x_wconf 75' lang='grc'><strong>2.</strong></span> <span class='ocrx_word' id='word_1_621' title='bbox 2349 2585 2607 2651; x_wconf 87' lang='lat' dir='ltr'><strong>Quoniam</strong></span> <span class='ocrx_word' id='word_1_622' title='bbox 2634 2589 2792 2659; x_wconf 86' lang='lat' dir='ltr'><strong>igitur</strong></span> <span class='ocrx_word' id='word_1_623' title='bbox 2821 2608 2926 2646; x_wconf 92' lang='lat' dir='ltr'><strong>non</strong></span> <span class='ocrx_word' id='word_1_624' title='bbox 2959 2602 3158 2650; x_wconf 87' lang='lat' dir='ltr'><strong>temere</strong></span> <span class='ocrx_word' id='word_1_625' title='bbox 3185 2599 3385 2653; x_wconf 90' lang='lat' dir='ltr'><strong>semina</strong></span> <span class='ocrx_word' id='word_1_626' title='bbox 3409 2601 3657 2672; x_wconf 89' lang='lat' dir='ltr'><strong>jecimus,</strong></span> <span class='ocrx_word' id='word_1_627' title='bbox 3679 2607 3768 2661; x_wconf 89' lang='lat' dir='ltr'><strong>sed</strong></span> 
     </span>
    </p>
   </div>
   <div class='ocr_carea' id='block_1_78' title="bbox 2187 2672 3766 2758">
    <p class='ocr_par' dir='ltr' id='par_1_78' title="bbox 2187 2672 3766 2758">
     <span class='ocr_line' id='line_1_78' title="bbox 2187 2672 3766 2758; baseline 0.018 -35"><span class='ocrx_word' id='word_1_628' title='bbox 2187 2672 2323 2726; x_wconf 86' lang='lat' dir='ltr'><strong>sicut</strong></span> <span class='ocrx_word' id='word_1_629' title='bbox 2353 2690 2446 2729; x_wconf 90' lang='lat' dir='ltr'><strong>vos</strong></span> <span class='ocrx_word' id='word_1_630' title='bbox 2487 2677 2796 2735; x_wconf 79' lang='lat' dir='ltr'><strong>exhortatus</strong></span> <span class='ocrx_word' id='word_1_631' title='bbox 2820 2680 3046 2748; x_wconf 88' lang='lat' dir='ltr'><strong>fueram,</strong></span> <span class='ocrx_word' id='word_1_632' title='bbox 3078 2701 3267 2742; x_wconf 87' lang='lat' dir='ltr'><strong>omnes</strong></span> <span class='ocrx_word' id='word_1_633' title='bbox 3290 2691 3379 2758; x_wconf 89' lang='lat' dir='ltr'><strong>qui</strong></span> <span class='ocrx_word' id='word_1_634' title='bbox 3405 2708 3474 2746; x_wconf 78' lang='lat' dir='ltr'><strong>ex</strong></span> <span class='ocrx_word' id='word_1_635' title='bbox 3505 2695 3652 2750; x_wconf 86' lang='lat' dir='ltr'><strong>vobis</strong></span> <span class='ocrx_word' id='word_1_636' title='bbox 3675 2697 3766 2751; x_wconf 87' lang='lat' dir='ltr'><strong>de-</strong></span> 
     </span>
    </p>
   </div>
   <div class='ocr_carea' id='block_1_79' title="bbox 2184 2763 3768 2855">
    <p class='ocr_par' dir='ltr' id='par_1_79' title="bbox 2184 2763 3768 2855">
     <span class='ocr_line' id='line_1_79' title="bbox 2184 2763 3768 2855; baseline 0.018 -38"><span class='ocrx_word' id='word_1_637' title='bbox 2184 2763 2455 2829; x_wconf 86' lang='lat' dir='ltr'><strong>fecerant.</strong></span> <span class='ocrx_word' id='word_1_638' title='bbox 2488 2772 2663 2826; x_wconf 89' lang='lat' dir='ltr'><strong>venati</strong></span> <span class='ocrx_word' id='word_1_639' title='bbox 2693 2775 2822 2829; x_wconf 89' lang='lat' dir='ltr'><strong>estis</strong></span> <span class='ocrx_word' id='word_1_640' title='bbox 2852 2793 2865 2829; x_wconf 89' lang='lat'>:</span> <span class='ocrx_word' id='word_1_641' title='bbox 2897 2791 2994 2846; x_wconf 85' lang='lat' dir='ltr'><strong>age</strong></span> <span class='ocrx_word' id='word_1_642' title='bbox 3021 2785 3077 2833; x_wconf 90' lang='lat' dir='ltr'><strong>et</strong></span> <span class='ocrx_word' id='word_1_643' title='bbox 3116 2794 3215 2835; x_wconf 86' lang='lat' dir='ltr'><strong>nos</strong></span> <span class='ocrx_word' id='word_1_644' title='bbox 3253 2781 3402 2838; x_wconf 89' lang='lat' dir='ltr'><strong>vobis</strong></span> <span class='ocrx_word' id='word_1_645' title='bbox 3429 2787 3654 2855; x_wconf 83' lang='lat' dir='ltr'><strong>gratiam</strong></span> <span class='ocrx_word' id='word_1_646' title='bbox 3682 2805 3768 2845; x_wconf 85' lang='lat' dir='ltr'><strong>re-</strong></span> 
     </span>
    </p>
   </div>
   <div class='ocr_carea' id='block_1_80' title="bbox 2185 2860 3763 2940">
    <p class='ocr_par' dir='ltr' id='par_1_80' title="bbox 2185 2860 3763 2940">
     <span class='ocr_line' id='line_1_80' title="bbox 2185 2860 3763 2940; baseline 0.017 -30"><span class='ocrx_word' id='word_1_647' title='bbox 2185 2860 2478 2926; x_wconf 90' lang='lat' dir='ltr'><strong>pendamus</strong></span> <span class='ocrx_word' id='word_1_648' title='bbox 2505 2873 2560 2918; x_wconf 88' lang='lat' dir='ltr'><strong>et</strong></span> <span class='ocrx_word' id='word_1_649' title='bbox 2588 2879 2755 2934; x_wconf 87' lang='lat' dir='ltr'><strong>pauca</strong></span> <span class='ocrx_word' id='word_1_650' title='bbox 2796 2869 2950 2924; x_wconf 86' lang='lat' dir='ltr'><strong>vobis</strong></span> <span class='ocrx_word' id='word_1_651' title='bbox 2997 2871 3144 2940; x_wconf 91' lang='lat' dir='ltr'><strong>prius</strong></span> <span class='ocrx_word' id='word_1_652' title='bbox 3172 2871 3436 2930; x_wconf 92' lang='lat' dir='ltr'><strong>dictorum</strong></span> <span class='ocrx_word' id='word_1_653' title='bbox 3467 2877 3522 2932; x_wconf 85' lang='lat' dir='ltr'><strong>in</strong></span> <span class='ocrx_word' id='word_1_654' title='bbox 3566 2897 3763 2936; x_wconf 80' lang='lat' dir='ltr'><strong>memo~</strong></span> 
     </span>
    </p>
   </div>
   <div class='ocr_carea' id='block_1_81' title="bbox 2181 2949 3759 3038">
    <p class='ocr_par' dir='ltr' id='par_1_81' title="bbox 2181 2949 3759 3038">
     <span class='ocr_line' id='line_1_81' title="bbox 2181 2949 3759 3038; baseline 0.016 -37"><span class='ocrx_word' id='word_1_655' title='bbox 2181 2949 2314 3003; x_wconf 88' lang='lat' dir='ltr'><strong>riam</strong></span> <span class='ocrx_word' id='word_1_656' title='bbox 2378 2964 2726 3022; x_wconf 88' lang='lat' dir='ltr'><strong>revocantes,</strong></span> <span class='ocrx_word' id='word_1_657' title='bbox 2770 2956 2972 3027; x_wconf 88' lang='lat' dir='ltr'><strong>reliqua</strong></span> <span class='ocrx_word' id='word_1_658' title='bbox 3015 2976 3224 3031; x_wconf 90' lang='lat' dir='ltr'><strong>quoque</strong></span> <span class='ocrx_word' id='word_1_659' title='bbox 3279 2965 3588 3024; x_wconf 88' lang='lat' dir='ltr'><strong>reddamus.</strong></span> <span class='ocrx_word' id='word_1_660' title='bbox 3641 2970 3759 3038; x_wconf 78' lang='lat' dir='ltr'><strong>Qua:</strong></span> 
     </span>
    </p>
   </div>
   <div class='ocr_carea' id='block_1_82' title="bbox 2179 3041 3760 3133">
    <p class='ocr_par' dir='ltr' id='par_1_82' title="bbox 2179 3041 3760 3133">
     <span class='ocr_line' id='line_1_82' title="bbox 2179 3041 3760 3133; baseline 0.016 -40"><span class='ocrx_word' id='word_1_661' title='bbox 2179 3041 2338 3111; x_wconf 87' lang='lat' dir='ltr'><strong>igitur</strong></span> <span class='ocrx_word' id='word_1_662' title='bbox 2362 3045 2508 3112; x_wconf 92' lang='lat' dir='ltr'><strong>prius</strong></span> <span class='ocrx_word' id='word_1_663' title='bbox 2541 3057 2664 3101; x_wconf 93' lang='lat' dir='ltr'><strong>sunt</strong></span> <span class='ocrx_word' id='word_1_664' title='bbox 2690 3047 2875 3103; x_wconf 88' lang='lat' dir='ltr'><strong>dicta?</strong></span> <span class='ocrx_word' id='word_1_665' title='bbox 2896 3051 3274 3118; x_wconf 66' lang='lat' dir='ltr'><strong>Quaerebamus</strong></span> <span class='ocrx_word' id='word_1_666' title='bbox 3299 3059 3530 3128; x_wconf 89' lang='lat' dir='ltr'><strong>qualiter</strong></span> <span class='ocrx_word' id='word_1_667' title='bbox 3553 3073 3607 3117; x_wconf 89' lang='lat' dir='ltr'><strong>et</strong></span> <span class='ocrx_word' id='word_1_668' title='bbox 3633 3079 3760 3133; x_wconf 55' lang='lat' dir='ltr'><strong>quo-</strong></span> 
     </span>
    </p>
   </div>
   <div class='ocr_carea' id='block_1_83' title="bbox 2177 3135 3759 3211">
    <p class='ocr_par' dir='ltr' id='par_1_83' title="bbox 2177 3135 3759 3211">
     <span class='ocr_line' id='line_1_83' title="bbox 2177 3135 3759 3211; baseline 0.015 -24"><span class='ocrx_word' id='word_1_669' title='bbox 2177 3135 2340 3189; x_wconf 89' lang='lat' dir='ltr'><strong>modo</strong></span> <span class='ocrx_word' id='word_1_670' title='bbox 2384 3147 2508 3193; x_wconf 89' lang='lat' dir='ltr'><strong>ante</strong></span> <span class='ocrx_word' id='word_1_671' title='bbox 2550 3139 2944 3211; x_wconf 89' lang='lat' dir='ltr'><strong>Seripturarum</strong></span> <span class='ocrx_word' id='word_1_672' title='bbox 2993 3145 3189 3202; x_wconf 92' lang='lat' dir='ltr'><strong>donum</strong></span> <span class='ocrx_word' id='word_1_673' title='bbox 3242 3165 3326 3204; x_wconf 88' lang='lat' dir='ltr'><strong>res</strong></span> <span class='ocrx_word' id='word_1_674' title='bbox 3371 3163 3584 3209; x_wconf 90' lang='lat' dir='ltr'><strong>nostras</strong></span> <span class='ocrx_word' id='word_1_675' title='bbox 3627 3156 3759 3211; x_wconf 86' lang='lat' dir='ltr'><strong>Deus</strong></span> 
     </span>
    </p>
   </div>
   <div class='ocr_carea' id='block_1_84' title="bbox 2175 3225 3760 3306">
    <p class='ocr_par' dir='ltr' id='par_1_84' title="bbox 2175 3225 3760 3306">
     <span class='ocr_line' id='line_1_84' title="bbox 2175 3225 3760 3306; baseline 0.013 -26"><span class='ocrx_word' id='word_1_676' title='bbox 2175 3225 2476 3296; x_wconf 82' lang='lat' dir='ltr'><strong>disposuit:</strong></span> <span class='ocrx_word' id='word_1_677' title='bbox 2503 3239 2558 3284; x_wconf 91' lang='lat' dir='ltr'><strong>et</strong></span> <span class='ocrx_word' id='word_1_678' title='bbox 2580 3231 2919 3301; x_wconf 88' lang='lat' dir='ltr'><strong>dicebamus,</strong></span> <span class='ocrx_word' id='word_1_679' title='bbox 2959 3238 3100 3306; x_wconf 91' lang='lat' dir='ltr'><strong>quod</strong></span> <span class='ocrx_word' id='word_1_680' title='bbox 3128 3254 3224 3306; x_wconf 89' lang='lat' dir='ltr'><strong>per</strong></span> <span class='ocrx_word' id='word_1_681' title='bbox 3242 3250 3543 3298; x_wconf 88' lang='lat' dir='ltr'><strong>creaturam</strong></span> <span class='ocrx_word' id='word_1_682' title='bbox 3571 3245 3760 3301; x_wconf 89' lang='lat' dir='ltr'><strong>docue-</strong></span> 
     </span>
    </p>
   </div>
   <div class='ocr_carea' id='block_1_85' title="bbox 2174 3322 3755 3392">
    <p class='ocr_par' dir='ltr' id='par_1_85' title="bbox 2174 3322 3755 3392">
     <span class='ocr_line' id='line_1_85' title="bbox 2174 3322 3755 3392; baseline 0.013 -21"><span class='ocrx_word' id='word_1_683' title='bbox 2174 3322 2244 3373; x_wconf 85' lang='lat' dir='ltr'><strong>rit</strong></span> <span class='ocrx_word' id='word_1_684' title='bbox 2287 3336 2457 3389; x_wconf 88' lang='lat' dir='ltr'><strong>genus</strong></span> <span class='ocrx_word' id='word_1_685' title='bbox 2491 3337 2731 3378; x_wconf 70' lang='lat' dir='ltr'><strong>nosu~um</strong></span> <span class='ocrx_word' id='word_1_686' title='bbox 2755 3367 2768 3390; x_wconf 96' lang='lat'><strong>,</strong></span> <span class='ocrx_word' id='word_1_687' title='bbox 2802 3327 2991 3382; x_wconf 71' lang='lat' dir='ltr'><strong>etelum</strong></span> <span class='ocrx_word' id='word_1_688' title='bbox 3034 3332 3325 3387; x_wconf 80' lang='lat' dir='ltr'><strong>extendens</strong></span> <span class='ocrx_word' id='word_1_689' title='bbox 3352 3346 3407 3388; x_wconf 90' lang='lat' dir='ltr'><strong>et</strong></span> <span class='ocrx_word' id='word_1_690' title='bbox 3435 3335 3492 3390; x_wconf 88' lang='lat' dir='ltr'><strong>in</strong></span> <span class='ocrx_word' id='word_1_691' title='bbox 3534 3338 3755 3392; x_wconf 88' lang='lat' dir='ltr'><strong>medium</strong></span> 
     </span>
    </p>
   </div>
   <div class='ocr_carea' id='block_1_86' title="bbox 2173 3418 3756 3496">
    <p class='ocr_par' dir='ltr' id='par_1_86' title="bbox 2173 3418 3756 3496">
     <span class='ocr_line' id='line_1_86' title="bbox 2173 3418 3756 3496; baseline 0.014 -33"><span class='ocrx_word' id='word_1_692' title='bbox 2173 3427 2478 3482; x_wconf 85' lang='lat' dir='ltr'><strong>proponens</strong></span> <span class='ocrx_word' id='word_1_693' title='bbox 2501 3456 2516 3480; x_wconf 92' lang='lat'><strong>,</strong></span> <span class='ocrx_word' id='word_1_694' title='bbox 2551 3418 2842 3473; x_wconf 87' lang='lat' dir='ltr'><strong>maximum</strong></span> <span class='ocrx_word' id='word_1_695' title='bbox 2885 3421 3090 3488; x_wconf 85' lang='lat' dir='ltr'><strong>librum</strong></span> <span class='ocrx_word' id='word_1_696' title='bbox 3107 3423 3284 3479; x_wconf 87' lang='lat' dir='ltr'><strong>idiotis</strong></span> <span class='ocrx_word' id='word_1_697' title='bbox 3310 3435 3363 3480; x_wconf 93' lang='lat' dir='ltr'><strong>et</strong></span> <span class='ocrx_word' id='word_1_698' title='bbox 3392 3429 3715 3496; x_wconf 88' lang='lat' dir='ltr'><strong>sapientibus</strong></span> <span class='ocrx_word' id='word_1_699' title='bbox 3734 3469 3756 3496; x_wconf 84' lang='lat'><strong>,</strong></span> 
     </span>
    </p>
   </div>
   <div class='ocr_carea' id='block_1_87' title="bbox 2175 3504 3755 3582">
    <p class='ocr_par' dir='ltr' id='par_1_87' title="bbox 2175 3504 3755 3582">
     <span class='ocr_line' id='line_1_87' title="bbox 2175 3504 3755 3582; baseline 0.013 -28"><span class='ocrx_word' id='word_1_700' title='bbox 2175 3504 2492 3572; x_wconf 85' lang='lat' dir='ltr'><strong>pauperibus</strong></span> <span class='ocrx_word' id='word_1_701' title='bbox 2520 3516 2575 3561; x_wconf 90' lang='lat' dir='ltr'><strong>et</strong></span> <span class='ocrx_word' id='word_1_702' title='bbox 2602 3507 2872 3576; x_wconf 87' lang='lat' dir='ltr'><strong>divitibus,</strong></span> <span class='ocrx_word' id='word_1_703' title='bbox 2901 3511 3113 3582; x_wconf 89' lang='lat' dir='ltr'><strong>Scythis</strong></span> <span class='ocrx_word' id='word_1_704' title='bbox 3137 3523 3192 3567; x_wconf 92' lang='lat' dir='ltr'><strong>et</strong></span> <span class='ocrx_word' id='word_1_705' title='bbox 3215 3513 3482 3581; x_wconf 85' lang='lat' dir='ltr'><strong>Barbaris,</strong></span> <span class='ocrx_word' id='word_1_706' title='bbox 3513 3529 3567 3573; x_wconf 90' lang='lat' dir='ltr'><strong>et</strong></span> <span class='ocrx_word' id='word_1_707' title='bbox 3591 3521 3755 3573; x_wconf 89' lang='lat' dir='ltr'><strong>omni-</strong></span> 
     </span>
    </p>
   </div>
   <div class='ocr_carea' id='block_1_88' title="bbox 2173 3592 3751 3671">
    <p class='ocr_par' dir='ltr' id='par_1_88' title="bbox 2173 3592 3751 3671">
     <span class='ocr_line' id='line_1_88' title="bbox 2173 3592 3751 3671; baseline 0.011 -25"><span class='ocrx_word' id='word_1_708' title='bbox 2173 3592 2272 3647; x_wconf 89' lang='lat' dir='ltr'><strong>bus</strong></span> <span class='ocrx_word' id='word_1_709' title='bbox 2297 3596 2618 3664; x_wconf 87' lang='lat' dir='ltr'><strong>generaliter</strong></span> <span class='ocrx_word' id='word_1_710' title='bbox 2649 3607 2843 3653; x_wconf 90' lang='lat' dir='ltr'><strong>terram</strong></span> <span class='ocrx_word' id='word_1_711' title='bbox 2877 3600 3238 3657; x_wconf 90' lang='lat' dir='ltr'><strong>habitantibus</strong></span> <span class='ocrx_word' id='word_1_712' title='bbox 3267 3605 3448 3660; x_wconf 90' lang='lat' dir='ltr'><strong>utilem</strong></span> <span class='ocrx_word' id='word_1_713' title='bbox 3476 3647 3491 3671; x_wconf 89' lang='lat'><strong>,</strong></span> <span class='ocrx_word' id='word_1_714' title='bbox 3523 3608 3709 3663; x_wconf 89' lang='lat' dir='ltr'><strong>librum</strong></span> <span class='ocrx_word' id='word_1_715' title='bbox 3735 3610 3751 3642; x_wconf 81' lang='lat'>&#39;</span> 
     </span>
    </p>
   </div>
   <div class='ocr_carea' id='block_1_89' title="bbox 2169 3687 3746 3763">
    <p class='ocr_par' dir='ltr' id='par_1_89' title="bbox 2169 3687 3746 3763">
     <span class='ocr_line' id='line_1_89' title="bbox 2169 3687 3746 3763; baseline 0.009 -23"><span class='ocrx_word' id='word_1_716' title='bbox 2169 3687 2338 3742; x_wconf 76' lang='lat' dir='ltr'><strong>multo</strong></span> <span class='ocrx_word' id='word_1_717' title='bbox 2401 3689 2658 3759; x_wconf 85' lang='lat' dir='ltr'><strong>majorem</strong></span> <span class='ocrx_word' id='word_1_718' title='bbox 2708 3708 2890 3746; x_wconf 89' lang='lat' dir='ltr'><strong>eorum</strong></span> <span class='ocrx_word' id='word_1_719' title='bbox 2943 3694 3033 3763; x_wconf 93' lang='lat' dir='ltr'><strong>qui</strong></span> <span class='ocrx_word' id='word_1_720' title='bbox 3089 3693 3348 3750; x_wconf 88' lang='lat' dir='ltr'><strong>docentur</strong></span> <span class='ocrx_word' id='word_1_721' title='bbox 3397 3699 3746 3754; x_wconf 87' lang='lat' dir='ltr'><strong>multitudine.</strong></span> 
     </span>
    </p>
   </div>
   <div class='ocr_carea' id='block_1_90' title="bbox 2167 3777 3749 3855">
    <p class='ocr_par' dir='ltr' id='par_1_90' title="bbox 2167 3777 3749 3855">
     <span class='ocr_line' id='line_1_90' title="bbox 2167 3777 3749 3855; baseline 0.008 -24"><span class='ocrx_word' id='word_1_722' title='bbox 2167 3777 2328 3832; x_wconf 76' lang='lat' dir='ltr'><strong>Multa</strong></span> <span class='ocrx_word' id='word_1_723' title='bbox 2362 3781 2522 3834; x_wconf 88' lang='lat' dir='ltr'><strong>etiam</strong></span> <span class='ocrx_word' id='word_1_724' title='bbox 2560 3781 2628 3835; x_wconf 92' lang='lat' dir='ltr'><strong>de</strong></span> <span class='ocrx_word' id='word_1_725' title='bbox 2656 3794 2810 3838; x_wconf 90' lang='lat' dir='ltr'><strong>nocte</strong></span> <span class='ocrx_word' id='word_1_726' title='bbox 2835 3793 2888 3837; x_wconf 91' lang='lat' dir='ltr'><strong>et</strong></span> <span class='ocrx_word' id='word_1_727' title='bbox 2917 3783 3033 3847; x_wconf 91' lang='lat' dir='ltr'><strong>die,</strong></span> <span class='ocrx_word' id='word_1_728' title='bbox 3061 3795 3116 3839; x_wconf 91' lang='lat' dir='ltr'><strong>et</strong></span> <span class='ocrx_word' id='word_1_729' title='bbox 3141 3787 3328 3840; x_wconf 92' lang='lat' dir='ltr'><strong>horum</strong></span> <span class='ocrx_word' id='word_1_730' title='bbox 3353 3789 3544 3844; x_wconf 87' lang='lat' dir='ltr'><strong>ordine</strong></span> <span class='ocrx_word' id='word_1_731' title='bbox 3565 3833 3579 3855; x_wconf 92' lang='lat'><strong>,</strong></span> <span class='ocrx_word' id='word_1_732' title='bbox 3608 3801 3661 3845; x_wconf 89' lang='lat' dir='ltr'><strong>et</strong></span> <span class='ocrx_word' id='word_1_733' title='bbox 3687 3792 3749 3844; x_wconf 83' lang='lat' dir='ltr'><strong>tle</strong></span> 
     </span>
    </p>
   </div>
   <div class='ocr_carea' id='block_1_91' title="bbox 2165 3873 3750 3947">
    <p class='ocr_par' dir='ltr' id='par_1_91' title="bbox 2165 3873 3750 3947">
     <span class='ocr_line' id='line_1_91' title="bbox 2165 3873 3750 3947; baseline 0.007 -24"><span class='ocrx_word' id='word_1_734' title='bbox 2165 3874 2535 3928; x_wconf 86' lang='lat' dir='ltr'><strong>convenientia</strong></span> <span class='ocrx_word' id='word_1_735' title='bbox 2577 3873 2644 3928; x_wconf 90' lang='lat' dir='ltr'><strong>ab</strong></span> <span class='ocrx_word' id='word_1_736' title='bbox 2671 3876 2798 3944; x_wconf 90' lang='lat' dir='ltr'><strong>ipsis</strong></span> <span class='ocrx_word' id='word_1_737' title='bbox 2823 3891 2942 3930; x_wconf 91' lang='lat' dir='ltr'><strong>cum</strong></span> <span class='ocrx_word' id='word_1_738' title='bbox 2973 3876 3242 3947; x_wconf 83' lang='lat' dir='ltr'><strong>diligentia</strong></span> <span class='ocrx_word' id='word_1_739' title='bbox 3269 3888 3478 3932; x_wconf 89' lang='lat' dir='ltr'><strong>servata</strong></span> <span class='ocrx_word' id='word_1_740' title='bbox 3505 3881 3750 3936; x_wconf 86' lang='lat' dir='ltr'><strong>disserui-</strong></span> 
     </span>
    </p>
   </div>
   <div class='ocr_carea' id='block_1_92' title="bbox 2165 3966 3748 4037">
    <p class='ocr_par' dir='ltr' id='par_1_92' title="bbox 2165 3966 3748 4037">
     <span class='ocr_line' id='line_1_92' title="bbox 2165 3966 3748 4037; baseline 0.007 -22"><span class='ocrx_word' id='word_1_741' title='bbox 2165 3978 2322 4017; x_wconf 90' lang='lat' dir='ltr'><strong>mus:</strong></span> <span class='ocrx_word' id='word_1_742' title='bbox 2355 3966 2516 4019; x_wconf 87' lang='lat' dir='ltr'><strong>multa</strong></span> <span class='ocrx_word' id='word_1_743' title='bbox 2546 3975 2599 4019; x_wconf 91' lang='lat' dir='ltr'><strong>et</strong></span> <span class='ocrx_word' id='word_1_744' title='bbox 2627 3967 2694 4021; x_wconf 90' lang='lat' dir='ltr'><strong>de</strong></span> <span class='ocrx_word' id='word_1_745' title='bbox 2721 3977 3094 4036; x_wconf 88' lang='lat' dir='ltr'><strong>tempestatum</strong></span> <span class='ocrx_word' id='word_1_746' title='bbox 3124 3971 3248 4023; x_wconf 90' lang='lat' dir='ltr'><strong>anni</strong></span> <span class='ocrx_word' id='word_1_747' title='bbox 3270 3985 3516 4037; x_wconf 90' lang='lat' dir='ltr'><strong>numero,</strong></span> <span class='ocrx_word' id='word_1_748' title='bbox 3540 3989 3748 4028; x_wconf 84' lang='lat' dir='ltr'><strong>earum-</strong></span> 
     </span>
    </p>
   </div>
   <div class='ocr_carea' id='block_1_93' title="bbox 2163 4056 3746 4125">
    <p class='ocr_par' dir='ltr' id='par_1_93' title="bbox 2163 4056 3746 4125">
     <span class='ocr_line' id='line_1_93' title="bbox 2163 4056 3746 4125; baseline 0.006 -18"><span class='ocrx_word' id='word_1_749' title='bbox 2163 4070 2271 4125; x_wconf 87' lang='lat' dir='ltr'><strong>que</strong></span> <span class='ocrx_word' id='word_1_750' title='bbox 2310 4056 2632 4124; x_wconf 78' lang='lat' dir='ltr'><strong>:equalitate.</strong></span> <span class='ocrx_word' id='word_1_751' title='bbox 2675 4057 2824 4112; x_wconf 90' lang='lat' dir='ltr'><strong>Sicut</strong></span> <span class='ocrx_word' id='word_1_752' title='bbox 2873 4059 3019 4113; x_wconf 90' lang='lat' dir='ltr'><strong>enim</strong></span> <span class='ocrx_word' id='word_1_753' title='bbox 3059 4060 3174 4114; x_wconf 88' lang='lat' dir='ltr'><strong>dies</strong></span> <span class='ocrx_word' id='word_1_754' title='bbox 3227 4071 3386 4115; x_wconf 92' lang='lat' dir='ltr'><strong>nocte</strong></span> <span class='ocrx_word' id='word_1_755' title='bbox 3426 4078 3496 4116; x_wconf 89' lang='lat' dir='ltr'><strong>ne</strong></span> <span class='ocrx_word' id='word_1_756' title='bbox 3537 4063 3746 4116; x_wconf 88' lang='lat' dir='ltr'><strong>dimidia</strong></span> 
     </span>
    </p>
   </div>
   <div class='ocr_carea' id='block_1_94' title="bbox 2163 4147 3747 4219">
    <p class='ocr_par' dir='ltr' id='par_1_94' title="bbox 2163 4147 3747 4219">
     <span class='ocr_line' id='line_1_94' title="bbox 2163 4147 3747 4219; baseline 0.004 -20"><span class='ocrx_word' id='word_1_757' title='bbox 2163 4147 2377 4215; x_wconf 89' lang='lat' dir='ltr'><strong>quidem</strong></span> <span class='ocrx_word' id='word_1_758' title='bbox 2410 4148 2541 4200; x_wconf 90' lang='lat' dir='ltr'><strong>hora</strong></span> <span class='ocrx_word' id='word_1_759' title='bbox 2587 4148 2704 4216; x_wconf 88' lang='lat' dir='ltr'><strong>plus</strong></span> <span class='ocrx_word' id='word_1_760' title='bbox 2749 4147 2909 4203; x_wconf 87' lang='lat' dir='ltr'><strong>habet</strong></span> <span class='ocrx_word' id='word_1_761' title='bbox 2956 4165 3053 4218; x_wconf 91' lang='lat' dir='ltr'><strong>per</strong></span> <span class='ocrx_word' id='word_1_762' title='bbox 3097 4160 3263 4205; x_wconf 92' lang='lat' dir='ltr'><strong>totum</strong></span> <span class='ocrx_word' id='word_1_763' title='bbox 3305 4166 3546 4219; x_wconf 87' lang='lat' dir='ltr'><strong>annum,</strong></span> <span class='ocrx_word' id='word_1_764' title='bbox 3576 4154 3651 4207; x_wconf 92' lang='lat' dir='ltr'><strong>sic</strong></span> <span class='ocrx_word' id='word_1_765' title='bbox 3697 4163 3747 4206; x_wconf 90' lang='lat' dir='ltr'><strong>et</strong></span> 
     </span>
    </p>
   </div>
   <div class='ocr_carea' id='block_1_95' title="bbox 2164 4236 3746 4308">
    <p class='ocr_par' dir='ltr' id='par_1_95' title="bbox 2164 4236 3746 4308">
     <span class='ocr_line' id='line_1_95' title="bbox 2164 4236 3746 4308; baseline 0.004 -19"><span class='ocrx_word' id='word_1_766' title='bbox 2164 4236 2246 4290; x_wconf 73' lang='lat' dir='ltr'><strong>ha:</strong></span> <span class='ocrx_word' id='word_1_767' title='bbox 2289 4237 2428 4291; x_wconf 90' lang='lat' dir='ltr'><strong>inter</strong></span> <span class='ocrx_word' id='word_1_768' title='bbox 2463 4253 2525 4292; x_wconf 91' lang='lat' dir='ltr'><strong>se</strong></span> <span class='ocrx_word' id='word_1_769' title='bbox 2551 4254 2616 4293; x_wconf 85' lang='lat' dir='ltr'><strong>ex</strong></span> <span class='ocrx_word' id='word_1_770' title='bbox 2655 4254 2809 4308; x_wconf 72' lang='lat' dir='ltr'><strong>aequo</strong></span> <span class='ocrx_word' id='word_1_771' title='bbox 2847 4239 2966 4295; x_wconf 89' lang='lat' dir='ltr'><strong>dies</strong></span> <span class='ocrx_word' id='word_1_772' title='bbox 3003 4256 3192 4295; x_wconf 89' lang='lat' dir='ltr'><strong>omnes</strong></span> <span class='ocrx_word' id='word_1_773' title='bbox 3235 4241 3624 4297; x_wconf 83' lang='lat' dir='ltr'><strong>distribuerunt</strong></span> <span class='ocrx_word' id='word_1_774' title='bbox 3653 4261 3666 4296; x_wconf 91' lang='lat'>:</span> <span class='ocrx_word' id='word_1_775' title='bbox 3695 4254 3746 4296; x_wconf 90' lang='lat' dir='ltr'><strong>et</strong></span> 
     </span>
    </p>
   </div>
   <div class='ocr_carea' id='block_1_96' title="bbox 2161 4329 3746 4403">
    <p class='ocr_par' dir='ltr' id='par_1_96' title="bbox 2161 4329 3746 4403">
     <span class='ocr_line' id='line_1_96' title="bbox 2161 4329 3746 4403; baseline 0.003 -21"><span class='ocrx_word' id='word_1_776' title='bbox 2161 4329 2300 4398; x_wconf 91' lang='lat' dir='ltr'><strong>quod</strong></span> <span class='ocrx_word' id='word_1_777' title='bbox 2347 4331 2494 4398; x_wconf 92' lang='lat' dir='ltr'><strong>prius</strong></span> <span class='ocrx_word' id='word_1_778' title='bbox 2540 4331 2821 4400; x_wconf 89' lang='lat' dir='ltr'><strong>dicebam,</strong></span> <span class='ocrx_word' id='word_1_779' title='bbox 2875 4348 2984 4387; x_wconf 90' lang='lat' dir='ltr'><strong>non</strong></span> <span class='ocrx_word' id='word_1_780' title='bbox 3037 4333 3343 4403; x_wconf 87' lang='lat' dir='ltr'><strong>magnitudo</strong></span> <span class='ocrx_word' id='word_1_781' title='bbox 3387 4346 3647 4389; x_wconf 67' lang='lat' dir='ltr'><strong>creatura:</strong></span> <span class='ocrx_word' id='word_1_782' title='bbox 3693 4345 3746 4387; x_wconf 88' lang='lat' dir='ltr'><strong>et</strong></span> 
     </span>
    </p>
   </div>
   <div class='ocr_carea' id='block_1_97' title="bbox 2160 4419 3744 4489">
    <p class='ocr_par' dir='ltr' id='par_1_97' title="bbox 2160 4419 3744 4489">
     <span class='ocr_line' id='line_1_97' title="bbox 2160 4419 3744 4489; baseline 0.004 -17"><span class='ocrx_word' id='word_1_783' title='bbox 2160 4419 2502 4488; x_wconf 89' lang='lat' dir='ltr'><strong>pulchritudo</strong></span> <span class='ocrx_word' id='word_1_784' title='bbox 2553 4430 2756 4475; x_wconf 90' lang='lat' dir='ltr'><strong>tantum</strong></span> <span class='ocrx_word' id='word_1_785' title='bbox 2808 4432 3104 4477; x_wconf 89' lang='lat' dir='ltr'><strong>creatorem</strong></span> <span class='ocrx_word' id='word_1_786' title='bbox 3158 4422 3520 4489; x_wconf 85' lang='lat' dir='ltr'><strong>demonstrat,</strong></span> <span class='ocrx_word' id='word_1_787' title='bbox 3552 4424 3646 4480; x_wconf 91' lang='lat' dir='ltr'><strong>sed</strong></span> <span class='ocrx_word' id='word_1_788' title='bbox 3692 4433 3744 4478; x_wconf 90' lang='lat' dir='ltr'><strong>et</strong></span> 
     </span>
    </p>
   </div>
   <div class='ocr_carea' id='block_1_98' title="bbox 2159 4513 3742 4586">
    <p class='ocr_par' dir='ltr' id='par_1_98' title="bbox 2159 4513 3742 4586">
     <span class='ocr_line' id='line_1_98' title="bbox 2159 4513 3742 4586; baseline 0.003 -21"><span class='ocrx_word' id='word_1_789' title='bbox 2159 4513 2274 4580; x_wconf 89' lang='lat' dir='ltr'><strong>ipse</strong></span> <span class='ocrx_word' id='word_1_790' title='bbox 2299 4514 2777 4582; x_wconf 86' lang='lat' dir='ltr'><strong>coagmentationis</strong></span> <span class='ocrx_word' id='word_1_791' title='bbox 2803 4514 2992 4569; x_wconf 90' lang='lat' dir='ltr'><strong>modus</strong></span> <span class='ocrx_word' id='word_1_792' title='bbox 3015 4554 3030 4579; x_wconf 94' lang='lat'><strong>,</strong></span> <span class='ocrx_word' id='word_1_793' title='bbox 3063 4523 3119 4568; x_wconf 92' lang='lat' dir='ltr'><strong>et</strong></span> <span class='ocrx_word' id='word_1_794' title='bbox 3160 4515 3300 4585; x_wconf 90' lang='lat' dir='ltr'><strong>quod</strong></span> <span class='ocrx_word' id='word_1_795' title='bbox 3327 4531 3490 4586; x_wconf 88' lang='lat' dir='ltr'><strong>super</strong></span> <span class='ocrx_word' id='word_1_796' title='bbox 3527 4526 3742 4571; x_wconf 86' lang='lat' dir='ltr'><strong>natura-</strong></span> 
     </span>
    </p>
   </div>
   <div class='ocr_carea' id='block_1_99' title="bbox 2157 4606 3743 4676">
    <p class='ocr_par' dir='ltr' id='par_1_99' title="bbox 2157 4606 3743 4676">
     <span class='ocr_line' id='line_1_99' title="bbox 2157 4606 3743 4676; baseline 0.001 -16"><span class='ocrx_word' id='word_1_797' title='bbox 2157 4607 2263 4661; x_wconf 92' lang='lat' dir='ltr'><strong>lem</strong></span> <span class='ocrx_word' id='word_1_798' title='bbox 2309 4606 2745 4676; x_wconf 90' lang='lat' dir='ltr'><strong>conseqnentiam</strong></span> <span class='ocrx_word' id='word_1_799' title='bbox 2803 4607 2872 4661; x_wconf 91' lang='lat' dir='ltr'><strong>sit</strong></span> <span class='ocrx_word' id='word_1_800' title='bbox 2925 4606 3116 4660; x_wconf 89' lang='lat' dir='ltr'><strong>modus</strong></span> <span class='ocrx_word' id='word_1_801' title='bbox 3169 4608 3478 4662; x_wconf 89' lang='lat' dir='ltr'><strong>creationis.</strong></span> <span class='ocrx_word' id='word_1_802' title='bbox 3533 4608 3743 4662; x_wconf 83' lang='lat' dir='ltr'><strong>Naturae</strong></span> 
     </span>
    </p>
   </div>
   <div class='ocr_carea' id='block_1_100' title="bbox 2158 4697 3736 4766">
    <p class='ocr_par' dir='ltr' id='par_1_100' title="bbox 2158 4697 3736 4766">
     <span class='ocr_line' id='line_1_100' title="bbox 2158 4697 3736 4766; baseline -0.001 -16"><span class='ocrx_word' id='word_1_803' title='bbox 2158 4711 2350 4765; x_wconf 90' lang='lat' dir='ltr'><strong>nempe</strong></span> <span class='ocrx_word' id='word_1_804' title='bbox 2375 4697 2751 4766; x_wconf 89' lang='lat' dir='ltr'><strong>consequentia</strong></span> <span class='ocrx_word' id='word_1_805' title='bbox 2781 4706 2915 4760; x_wconf 84' lang='lat' dir='ltr'><strong>erat,</strong></span> <span class='ocrx_word' id='word_1_806' title='bbox 2941 4711 3130 4765; x_wconf 87' lang='lat' dir='ltr'><strong>aquam</strong></span> <span class='ocrx_word' id='word_1_807' title='bbox 3159 4711 3320 4766; x_wconf 91' lang='lat' dir='ltr'><strong>super</strong></span> <span class='ocrx_word' id='word_1_808' title='bbox 3347 4707 3541 4750; x_wconf 89' lang='lat' dir='ltr'><strong>terram</strong></span> <span class='ocrx_word' id='word_1_809' title='bbox 3571 4697 3696 4751; x_wconf 87' lang='lat' dir='ltr'><strong>ferri</strong></span> <span class='ocrx_word' id='word_1_810' title='bbox 3722 4713 3736 4749; x_wconf 86' lang='lat'>:</span> 
     </span>
    </p>
   </div>
   <div class='ocr_carea' id='block_1_101' title="bbox 2155 4788 3740 4857">
    <p class='ocr_par' dir='ltr' id='par_1_101' title="bbox 2155 4788 3740 4857">
     <span class='ocr_line' id='line_1_101' title="bbox 2155 4788 3740 4857; baseline -0.003 -12"><span class='ocrx_word' id='word_1_811' title='bbox 2155 4805 2297 4845; x_wconf 85' lang='lat' dir='ltr'><strong>nunc</strong></span> <span class='ocrx_word' id='word_1_812' title='bbox 2351 4805 2477 4844; x_wconf 90' lang='lat' dir='ltr'><strong>vero</strong></span> <span class='ocrx_word' id='word_1_813' title='bbox 2520 4789 2847 4843; x_wconf 85' lang='lat' dir='ltr'><strong>contrarium</strong></span> <span class='ocrx_word' id='word_1_814' title='bbox 2900 4788 3177 4854; x_wconf 87' lang='lat' dir='ltr'><strong>videmus,</strong></span> <span class='ocrx_word' id='word_1_815' title='bbox 3229 4796 3427 4842; x_wconf 89' lang='lat' dir='ltr'><strong>terram</strong></span> <span class='ocrx_word' id='word_1_816' title='bbox 3479 4789 3548 4842; x_wconf 90' lang='lat' dir='ltr'><strong>ab</strong></span> <span class='ocrx_word' id='word_1_817' title='bbox 3593 4788 3740 4857; x_wconf 90' lang='lat' dir='ltr'><strong>aquis</strong></span> 
     </span>
    </p>
   </div>
   <div class='ocr_carea' id='block_1_102' title="bbox 2155 4879 3736 4950">
    <p class='ocr_par' dir='ltr' id='par_1_102' title="bbox 2155 4879 3736 4950">
     <span class='ocr_line' id='line_1_102' title="bbox 2155 4879 3736 4950; baseline -0.001 -16"><span class='ocrx_word' id='word_1_818' title='bbox 2155 4879 2305 4938; x_wconf 91' lang='lat' dir='ltr'><strong>ferri.</strong></span> <span class='ocrx_word' id='word_1_819' title='bbox 2334 4880 2544 4935; x_wconf 72' lang='lat' dir='ltr'><strong>Natura:</strong></span> <span class='ocrx_word' id='word_1_820' title='bbox 2582 4888 2698 4935; x_wconf 90' lang='lat' dir='ltr'><strong>erat</strong></span> <span class='ocrx_word' id='word_1_821' title='bbox 2736 4881 3135 4950; x_wconf 88' lang='lat' dir='ltr'><strong>consequentia,</strong></span> <span class='ocrx_word' id='word_1_822' title='bbox 3170 4880 3343 4950; x_wconf 88' lang='lat' dir='ltr'><strong>ignem</strong></span> <span class='ocrx_word' id='word_1_823' title='bbox 3374 4880 3441 4934; x_wconf 89' lang='lat' dir='ltr'><strong>ad</strong></span> <span class='ocrx_word' id='word_1_824' title='bbox 3468 4880 3736 4949; x_wconf 85' lang='lat' dir='ltr'><strong>superiora</strong></span> 
     </span>
    </p>
   </div>
   <div class='ocr_carea' id='block_1_103' title="bbox 2154 4969 3736 5037">
    <p class='ocr_par' dir='ltr' id='par_1_103' title="bbox 2154 4969 3736 5037">
     <span class='ocr_line' id='line_1_103' title="bbox 2154 4969 3736 5037; baseline -0.004 -9"><span class='ocrx_word' id='word_1_825' title='bbox 2154 4989 2370 5029; x_wconf 88' lang='lat' dir='ltr'><strong>currere</strong></span> <span class='ocrx_word' id='word_1_826' title='bbox 2399 4991 2413 5026; x_wconf 91' lang='lat'><strong>:</strong></span> <span class='ocrx_word' id='word_1_827' title='bbox 2442 4988 2584 5027; x_wconf 92' lang='lat' dir='ltr'><strong>nunc</strong></span> <span class='ocrx_word' id='word_1_828' title='bbox 2644 4986 2772 5026; x_wconf 90' lang='lat' dir='ltr'><strong>vero</strong></span> <span class='ocrx_word' id='word_1_829' title='bbox 2827 4971 3151 5025; x_wconf 89' lang='lat' dir='ltr'><strong>contrarium</strong></span> <span class='ocrx_word' id='word_1_830' title='bbox 3201 4969 3476 5037; x_wconf 90' lang='lat' dir='ltr'><strong>videmus,</strong></span> <span class='ocrx_word' id='word_1_831' title='bbox 3523 4969 3736 5024; x_wconf 80' lang='lat' dir='ltr'><strong>inferius</strong></span> 
     </span>
    </p>
   </div>
   <div class='ocr_carea' id='block_1_104' title="bbox 2155 5066 3739 5136">
    <p class='ocr_par' dir='ltr' id='par_1_104' title="bbox 2155 5066 3739 5136">
     <span class='ocr_line' id='line_1_104' title="bbox 2155 5066 3739 5136; baseline -0.008 -11"><span class='ocrx_word' id='word_1_832' title='bbox 2155 5081 2352 5125; x_wconf 88' lang='lat' dir='ltr'><strong>terram</strong></span> <span class='ocrx_word' id='word_1_833' title='bbox 2380 5086 2566 5124; x_wconf 87' lang='lat' dir='ltr'><strong>versus</strong></span> <span class='ocrx_word' id='word_1_834' title='bbox 2591 5083 2879 5123; x_wconf 86' lang='lat' dir='ltr'><strong>conversos</strong></span> <span class='ocrx_word' id='word_1_835' title='bbox 2909 5069 3039 5122; x_wconf 90' lang='lat' dir='ltr'><strong>solis</strong></span> <span class='ocrx_word' id='word_1_836' title='bbox 3073 5066 3279 5131; x_wconf 89' lang='lat' dir='ltr'><strong>radios,</strong></span> <span class='ocrx_word' id='word_1_837' title='bbox 3314 5077 3368 5120; x_wconf 87' lang='lat' dir='ltr'><strong>et</strong></span> <span class='ocrx_word' id='word_1_838' title='bbox 3391 5082 3553 5136; x_wconf 87' lang='lat' dir='ltr'><strong>aquas</strong></span> <span class='ocrx_word' id='word_1_839' title='bbox 3581 5077 3739 5132; x_wconf 89' lang='lat' dir='ltr'><strong>super</strong></span> 
     </span>
    </p>
   </div>
   <div class='ocr_carea' id='block_1_105' title="bbox 2151 5144 3738 5227">
    <p class='ocr_par' dir='ltr' id='par_1_105' title="bbox 2151 5144 3738 5227">
     <span class='ocr_line' id='line_1_105' title="bbox 2151 5144 3738 5227; baseline -0.008 -7"><span class='ocrx_word' id='word_1_840' title='bbox 2151 5163 2314 5220; x_wconf 77' lang='lat' dir='ltr'><strong>cmlos</strong></span> <span class='ocrx_word' id='word_1_841' title='bbox 2351 5177 2501 5227; x_wconf 87' lang='lat' dir='ltr'><strong>esse,</strong></span> <span class='ocrx_word' id='word_1_842' title='bbox 2532 5171 2584 5216; x_wconf 90' lang='lat' dir='ltr'><strong>et</strong></span> <span class='ocrx_word' id='word_1_843' title='bbox 2613 5177 2718 5215; x_wconf 86' lang='lat' dir='ltr'><strong>non</strong></span> <span class='ocrx_word' id='word_1_844' title='bbox 2745 5161 2986 5214; x_wconf 90' lang='lat' dir='ltr'><strong>consumi</strong></span> <span class='ocrx_word' id='word_1_845' title='bbox 3017 5177 3031 5224; x_wconf 91' lang='lat'><strong>;</strong></span> <span class='ocrx_word' id='word_1_846' title='bbox 3078 5144 3246 5216; x_wconf 85' lang='lat' dir='ltr'><strong>solem</strong></span> <span class='ocrx_word' id='word_1_847' title='bbox 3296 5160 3482 5213; x_wconf 81' lang='lat' dir='ltr'><strong>subtus</strong></span> <span class='ocrx_word' id='word_1_848' title='bbox 3520 5173 3738 5211; x_wconf 85' lang='lat' dir='ltr'><strong>curren-</strong></span> 
     </span>
    </p>
   </div>
   <div class='ocr_carea' id='block_1_106' title="bbox 2155 5247 3732 5321">
    <p class='ocr_par' dir='ltr' id='par_1_106' title="bbox 2155 5247 3732 5321">
     <span class='ocr_line' id='line_1_106' title="bbox 2155 5247 3732 5321; baseline -0.007 -13"><span class='ocrx_word' id='word_1_849' title='bbox 2155 5265 2260 5308; x_wconf 92' lang='lat' dir='ltr'><strong>tem</strong></span> <span class='ocrx_word' id='word_1_850' title='bbox 2299 5269 2403 5307; x_wconf 90' lang='lat' dir='ltr'><strong>non</strong></span> <span class='ocrx_word' id='word_1_851' title='bbox 2444 5252 2708 5320; x_wconf 81' lang='lat' dir='ltr'><strong>exstingui</strong></span> <span class='ocrx_word' id='word_1_852' title='bbox 2739 5251 2808 5306; x_wconf 90' lang='lat' dir='ltr'><strong>ab</strong></span> <span class='ocrx_word' id='word_1_853' title='bbox 2850 5253 3022 5321; x_wconf 91' lang='lat' dir='ltr'><strong>aquis,</strong></span> <span class='ocrx_word' id='word_1_854' title='bbox 3055 5266 3155 5304; x_wconf 91' lang='lat' dir='ltr'><strong>nec</strong></span> <span class='ocrx_word' id='word_1_855' title='bbox 3196 5249 3564 5303; x_wconf 87' lang='lat' dir='ltr'><strong>lunniditatem</strong></span> <span class='ocrx_word' id='word_1_856' title='bbox 3595 5247 3732 5300; x_wconf 89' lang='lat' dir='ltr'><strong>illam</strong></span> 
     </span>
    </p>
   </div>
   <div class='ocr_carea' id='block_1_107' title="bbox 2151 5338 3733 5411">
    <p class='ocr_par' dir='ltr' id='par_1_107' title="bbox 2151 5338 3733 5411">
     <span class='ocr_line' id='line_1_107' title="bbox 2151 5338 3733 5411; baseline -0.006 -12"><span class='ocrx_word' id='word_1_857' title='bbox 2151 5347 2455 5399; x_wconf 89' lang='lat' dir='ltr'><strong>absumere.</strong></span> <span class='ocrx_word' id='word_1_858' title='bbox 2489 5344 2567 5398; x_wconf 80' lang='lat' dir='ltr'><strong>Ad</strong></span> <span class='ocrx_word' id='word_1_859' title='bbox 2617 5343 2732 5397; x_wconf 78' lang='lat' dir='ltr'><strong>lucc</strong></span> <span class='ocrx_word' id='word_1_860' title='bbox 2778 5343 3010 5396; x_wconf 82' lang='lat' dir='ltr'><strong>diximus</strong></span> <span class='ocrx_word' id='word_1_861' title='bbox 3035 5383 3050 5409; x_wconf 95' lang='lat'><strong>,</strong></span> <span class='ocrx_word' id='word_1_862' title='bbox 3084 5357 3151 5396; x_wconf 81' lang='lat' dir='ltr'><strong>ex</strong></span> <span class='ocrx_word' id='word_1_863' title='bbox 3189 5351 3416 5411; x_wconf 86' lang='lat' dir='ltr'><strong>quatuor</strong></span> <span class='ocrx_word' id='word_1_864' title='bbox 3461 5338 3733 5395; x_wconf 89' lang='lat' dir='ltr'><strong>elementis</strong></span> 
     </span>
    </p>
   </div>
   <div class='ocr_carea' id='block_1_108' title="bbox 2154 5429 3731 5502">
    <p class='ocr_par' dir='ltr' id='par_1_108' title="bbox 2154 5429 3731 5502">
     <span class='ocr_line' id='line_1_108' title="bbox 2154 5429 3731 5502; baseline -0.005 -12"><span class='ocrx_word' id='word_1_865' title='bbox 2154 5437 2254 5491; x_wconf 91' lang='lat' dir='ltr'><strong>hoc</strong></span> <span class='ocrx_word' id='word_1_866' title='bbox 2281 5445 2446 5490; x_wconf 90' lang='lat' dir='ltr'><strong>totum</strong></span> <span class='ocrx_word' id='word_1_867' title='bbox 2476 5436 2770 5490; x_wconf 90' lang='lat' dir='ltr'><strong>consistere</strong></span> <span class='ocrx_word' id='word_1_868' title='bbox 2809 5435 2946 5489; x_wconf 90' lang='lat' dir='ltr'><strong>inter</strong></span> <span class='ocrx_word' id='word_1_869' title='bbox 2985 5450 3042 5489; x_wconf 86' lang='lat' dir='ltr'><strong>se</strong></span> <span class='ocrx_word' id='word_1_870' title='bbox 3069 5434 3350 5488; x_wconf 84' lang='lat' dir='ltr'><strong>contrariis</strong></span> <span class='ocrx_word' id='word_1_871' title='bbox 3378 5447 3432 5487; x_wconf 88' lang='lat' dir='ltr'><strong>et</strong></span> <span class='ocrx_word' id='word_1_872' title='bbox 3459 5429 3731 5502; x_wconf 83' lang='lat' dir='ltr'><strong>pugnanti-</strong></span> 
     </span>
    </p>
   </div>
   <div class='ocr_carea' id='block_1_109' title="bbox 2151 5523 3731 5595">
    <p class='ocr_par' dir='ltr' id='par_1_109' title="bbox 2151 5523 3731 5595">
     <span class='ocr_line' id='line_1_109' title="bbox 2151 5523 3731 5595; baseline -0.008 -11"><span class='ocrx_word' id='word_1_873' title='bbox 2151 5531 2248 5584; x_wconf 83' lang='lat' dir='ltr'><strong>bus</strong></span> <span class='ocrx_word' id='word_1_874' title='bbox 2273 5572 2286 5595; x_wconf 91' lang='lat'><strong>,</strong></span> <span class='ocrx_word' id='word_1_875' title='bbox 2316 5539 2370 5583; x_wconf 90' lang='lat' dir='ltr'><strong>et</strong></span> <span class='ocrx_word' id='word_1_876' title='bbox 2409 5531 2633 5583; x_wconf 87' lang='lat' dir='ltr'><strong>alterum</strong></span> <span class='ocrx_word' id='word_1_877' title='bbox 2662 5529 2886 5581; x_wconf 83' lang='lat' dir='ltr'><strong>alterum</strong></span> <span class='ocrx_word' id='word_1_878' title='bbox 2920 5544 3023 5580; x_wconf 88' lang='lat' dir='ltr'><strong>non</strong></span> <span class='ocrx_word' id='word_1_879' title='bbox 3055 5541 3404 5591; x_wconf 89' lang='lat' dir='ltr'><strong>consumere,</strong></span> <span class='ocrx_word' id='word_1_880' title='bbox 3435 5525 3556 5578; x_wconf 91' lang='lat' dir='ltr'><strong>licet</strong></span> <span class='ocrx_word' id='word_1_881' title='bbox 3599 5523 3731 5573; x_wconf 82' lang='lat' dir='ltr'><strong>alte-</strong></span> 
     </span>
    </p>
   </div>
   <div class='ocr_carea' id='block_1_110' title="bbox 2152 5613 3729 5676">
    <p class='ocr_par' dir='ltr' id='par_1_110' title="bbox 2152 5613 3729 5676">
     <span class='ocr_line' id='line_1_110' title="bbox 2152 5613 3729 5676; baseline -0.01 0"><span class='ocrx_word' id='word_1_882' title='bbox 2152 5639 2268 5676; x_wconf 87' lang='lat' dir='ltr'><strong>rum</strong></span> <span class='ocrx_word' id='word_1_883' title='bbox 2299 5621 2365 5674; x_wconf 88' lang='lat' dir='ltr'><strong>ab</strong></span> <span class='ocrx_word' id='word_1_884' title='bbox 2391 5621 2559 5675; x_wconf 89' lang='lat' dir='ltr'><strong>altero</strong></span> <span class='ocrx_word' id='word_1_885' title='bbox 2589 5629 2773 5674; x_wconf 77' lang='lat' dir='ltr'><strong>natura</strong></span> <span class='ocrx_word' id='word_1_886' title='bbox 2805 5634 2902 5673; x_wconf 92' lang='lat' dir='ltr'><strong>sua</strong></span> <span class='ocrx_word' id='word_1_887' title='bbox 2927 5617 3166 5672; x_wconf 89' lang='lat' dir='ltr'><strong>consumi</strong></span> <span class='ocrx_word' id='word_1_888' title='bbox 3196 5616 3406 5670; x_wconf 88' lang='lat' dir='ltr'><strong>debeat.</strong></span> <span class='ocrx_word' id='word_1_889' title='bbox 3437 5613 3585 5670; x_wconf 87' lang='lat' dir='ltr'><strong>Unde</strong></span> <span class='ocrx_word' id='word_1_890' title='bbox 3617 5626 3729 5664; x_wconf 85' lang='lat' dir='ltr'><strong>ma-</strong></span> 
     </span>
    </p>
   </div>
   <div class='ocr_carea' id='block_1_111' title="bbox 2152 5704 3728 5782">
    <p class='ocr_par' dir='ltr' id='par_1_111' title="bbox 2152 5704 3728 5782">
     <span class='ocr_line' id='line_1_111' title="bbox 2152 5704 3728 5782; baseline -0.008 -15"><span class='ocrx_word' id='word_1_891' title='bbox 2152 5713 2422 5779; x_wconf 85' lang='lat' dir='ltr'><strong>nifestum,</strong></span> <span class='ocrx_word' id='word_1_892' title='bbox 2453 5711 2595 5782; x_wconf 92' lang='lat' dir='ltr'><strong>quod</strong></span> <span class='ocrx_word' id='word_1_893' title='bbox 2627 5713 2792 5765; x_wconf 87' lang='lat' dir='ltr'><strong>virtus</strong></span> <span class='ocrx_word' id='word_1_894' title='bbox 2818 5709 3060 5780; x_wconf 69' lang='lat' dir='ltr'><strong>quredam</strong></span> <span class='ocrx_word' id='word_1_895' title='bbox 3103 5708 3381 5763; x_wconf 90' lang='lat' dir='ltr'><strong>invisibilis</strong></span> <span class='ocrx_word' id='word_1_896' title='bbox 3425 5707 3535 5759; x_wconf 85' lang='lat' dir='ltr'><strong>h:r.c</strong></span> <span class='ocrx_word' id='word_1_897' title='bbox 3581 5704 3728 5757; x_wconf 80' lang='lat' dir='ltr'><strong>colu-</strong></span> 
     </span>
    </p>
   </div>
   <div class='ocr_carea' id='block_1_112' title="bbox 2214 5885 3604 5970">
    <p class='ocr_par' dir='ltr' id='par_1_112' title="bbox 2214 5885 3604 5970">
     <span class='ocr_line' id='line_1_112' title="bbox 2214 5885 3604 5970; baseline -0.012 -22"><span class='ocrx_word' id='word_1_898' title='bbox 2214 5903 2229 5933; x_wconf 81' lang='grc' dir='ltr'><strong>ι</strong></span> <span class='ocrx_word' id='word_1_899' title='bbox 2257 5905 2452 5959; x_wconf 83' lang='lat' dir='ltr'><strong>vocem,</strong></span> <span class='ocrx_word' id='word_1_900' title='bbox 2477 5894 2671 5956; x_wconf 78' lang='lat' dir='ltr'><strong>librum,</strong></span> <span class='ocrx_word' id='word_1_901' title='bbox 2694 5891 2772 5943; x_wconf 84' lang='lat' dir='ltr'><strong>hic</strong></span> <span class='ocrx_word' id='word_1_902' title='bbox 2790 5893 3168 5956; x_wconf 83' lang='lat' dir='ltr'><strong>interposuimus</strong></span> <span class='ocrx_word' id='word_1_903' title='bbox 3187 5885 3411 5970; x_wconf 80' lang='lat' dir='ltr'><strong>savilium</strong></span> <span class='ocrx_word' id='word_1_904' title='bbox 3432 5887 3604 5939; x_wconf 68' lang='grc' dir='ltr'><strong>δίκαι..</strong></span> 
     </span>
    </p>
   </div>
  </div>
