4068 6498
219 399 304 455 ιιι
1248 401 1338 455 Al)
1377 399 1707 457 POPULUM
1749 400 2257 457 ANTIOCIIENUM
2298 402 2532 460 HOMIL.
2568 403 2638 460 Χ.

219 512 648 584 καταξιωθῶμεν
682 514 782 585 τῆς
820 513 1093 584 βασιλείας
1128 515 1233 568 τῶν
1265 515 1509 587 οὑρανῶν
1532 560 1548 583 ,
1576 517 1759 589 χάριτι
1790 517 1886 571 καὶ

224 602 610 675 φιλανθρωπίᾳ
650 602 743 657 τοῦ
790 603 992 673 Κυρίου
1040 604 1195 674 ἡμῶν
1229 604 1402 675 Ἰησοῦ
1435 605 1692 676 Χριστοῦ,
1737 605 1804 659 δι’
1832 597 1893 657 οὑ

908 806 1079 816 —.——

3578 407 3682 458 “2

2006 519 2099 570 καὶ
2127 516 2244 588 μεθ’
2270 512 2331 571 οῦ
2380 517 2458 589 τῷ
2488 518 2666 589 Πατρὶ
2700 518 2733 589 ἡ
2763 517 2891 582 δόξα
2931 514 3046 587 ἅμα
3084 516 3161 588 τῷ
3203 516 3344 588 ἁγίῳ
3380 517 3680 588 Πνεύματι,

2004 606 2084 668 εἰς
2111 604 2239 668 τοὺς
2267 604 2469 667 αἰῶνας
2498 602 2607 659 τῶν
2633 603 2865 658 αἰώνων.
2902 605 3098 676 Ἀμήν.

3522 807 3577 825 ἃ,

217 934 498 998 ’ἔπαινος
528 930 656 986 τῶν
693 930 845 1001 μετὰ
874 930 985 998 τὴν
1017 930 1294 984 ἑστίασιν
1324 930 1755 997 ἀπηντηκότων
1786 931 1874 995 εὶς
1910 929 2026 996 τὴν
2049 929 2376 996 ἀκρόασιν·
2404 926 2505 981 καί
2529 931 2895 999 φυσιολογιά
2917 931 3149 999 κόσμου
3170 949 3182 962 σ
3209 932 3307 986 καὶ
3366 934 3517 990 κατὰ
3561 932 3680 990 τῶν

1096 1023 1531 1078 θεοποιούντων
1570 1023 1684 1091 τὴν
1714 1023 1947 1077 κτίσιν·
1983 1021 2083 1075 καί
2112 1020 2245 1088 περὶ
2280 1018 2388 1076 τοῦ
2412 1019 2499 1089 μὴ
2531 1020 2797 1089 ὀμνύειν.

904 1252 1133 1321 Ὀμιλία
1168 1259 1222 1306 ι’.

281 1342 555 1415 α⁰.Χαίρω
569 1342 667 1396 καὶ
683 1342 962 1413 συγχαίρω
975 1344 1168 1395 πᾶσινδ
1188 1343 1216 1395 ὑ
1226 1342 1335 1413 μῖν,
1361 1342 1445 1395 ὅτι
1470 1343 1566 1412 τὴν
1580 1342 1899 1411 παραίνεσιν

217 1432 383 1505 ἡμῶν,
412 1433 480 1503 ἢν
519 1432 669 1503 ὑπὲρ
706 1432 813 1484 τῶν
847 1430 921 1502 μὴ
945 1431 1313 1502 νηστευόντων
1339 1434 1433 1485 καὶ
1455 1430 1542 1484 διά
1573 1431 1732 1485 τοῦτο
1757 1433 1893 1484 ἀπο-

215 1520 637 1591 λιμπανομένων
675 1518 1051 1589 ἐποιησάμεθα
1085 1518 1296 1589 πρώην,
1320 1519 1401 1581 εἰς
1429 1518 1589 1589 ἔργον
1620 1519 1779 1588 ὑμεῖς
1803 1518 1894 1585 ἐξ·

216 1608 497 1680 ηνέγκατε.
553 1606 671 1659 Καὶ
716 1605 825 1676 γὰρ
874 1605 1103 1669 πολλοὺς
1154 1601 1313 1676 οἶμαι
1355 1605 1464 1659 τῶν
1517 1606 1894 1675 ἠριστηκότων

217 1700 464 1768 παρεῖναι
493 1696 776 1766 τήμερον,
814 1696 912 1747 καὶ
940 1695 1031 1748 τὸν
1062 1695 1225 1750 καλὸν
1257 1698 1388 1766 ἡμῖν
1412 1695 1670 1766 σύλλογον
1705 1694 1893 1749 τοῦτον

217 1783 485 1856 πληροῦνο
532 1784 634 1836 καὶ
685 1782 844 1837 τοῦτο
891 1782 1223 1853 στοχάζομαι
1268 1784 1333 1835 ἐκ
1373 1782 1466 1836 τοῦ
1513 1783 1892 1854 λαμπρότερον

219 1876 341 1944 ἡμῖν
371 1872 432 1925 τὸ
474 1871 708 1943 θέατρον
739 1869 993 1940 γενέσθαι
1022 1871 1120 1923 καὶ
1156 1870 1328 1924 πλείω
1371 1870 1482 1926 τῶν
1523 1870 1891 1942 ἀκροωμένων

221 1961 308 2030 τὴν
333 1960 577 2014 σύνοδον.
630 1961 706 2013 Οὐ
750 1959 958 2030 μάτην,
1003 1958 1079 2021 ὼς
1108 1957 1277 2020 ἔοικε,
1318 1958 1446 2022 τοὺς
1492 1958 1722 2021 πολλοὺς
1765 1957 1895 2028 περὶ

220 2049 395 2103 αὐτῶν
420 2048 623 2120 πρώην
661 2046 1019 2117 ἀνηλώσαμεν
1049 2046 1259 2114 λόγους,
1302 2046 1401 2115 τὴν
1441 2046 1713 2117 ὑμετέραν
1751 2045 1891 2121 ἀγά-

224 2152 321 2206 πην
358 2133 816 2205 παρακαλοῦντες
861 2134 1042 2186 ἕλκειν
1085 2133 1222 2204 πρὸς
1261 2134 1361 2203 τὴν
1396 2132 1609 2204 μητέρα
1654 2134 1853 2196 αὐτοὺς
1876 2173 1890 2195 ,

224 2231 308 2276 καὶ
335 2223 564 2287 πείθειν,
611 2225 686 2287 ὼς
714 2220 888 2287 ἔξεστι
913 2223 1010 2275 καὶ
1046 2222 1182 2292 μετὰ
1219 2219 1425 2292 τροφὴν
1454 2223 1771 2293 σωματικὴν
1799 2221 1894 2274 καὶ

224 2310 415 2378 τροίρῆς
469 2312 772 2380 μετασχεῖν
814 2310 1208 2379 πνευματικῆς.
1254 2309 1393 2362 Πότε
1442 2310 1582 2381 γὰρ,
1619 2309 1738 2362 εἰπέ
1780 2325 1891 2378 μοι,

230 2395 423 2465 βέλτιον
451 2399 818 2468 πεποιήκατε,
851 2397 1159 2466 ἀγαπητοί;
1189 2400 1253 2468 τῇ
1283 2398 1628 2472 παρελθούσῃ
1656 2394 1889 2462 συνάξει,

225 2486 305 2537 ὅτε
327 2484 463 2553 μετά
496 2484 602 2555 τὴν
627 2483 909 2554 τράπεζαν
941 2484 1035 2536 ἐπὶ
1060 2483 1227 2538 ὕπνον
1260 2484 1575 2557 ὲτρέπεσθε,
1606 2484 1637 2555 ἦ
1667 2484 1781 2545 νῦν,
1805 2484 1894 2535 ὅτε

230 2570 359 2639 μετά
402 2571 503 2639 τὴν
554 2569 843 2639 τράπεζαν
885 2570 1023 2641 πρὸς
1066 2569 1223 2643 [106]
1268 2574 1367 2644 τὴν
1414 2572 1679 2641 ἀκρόασιν
1718 2571 1746 2611 δ
1786 2569 1921 2643 τῶν¹

228 2656 377 2710 θείων
413 2658 771 2728 ἀπηντήκατε
801 2657 1018 2728 νόμων;
1060 2659 1150 2713 ὅτε
1197 2661 1291 2713 ἐπὶ
1322 2661 1423 2731 τῆς
1452 2661 1656 2731 ἀγορᾶς
1693 2657 1892 2729 διετρί-

226 2743 358 2808 ϐετε,
398 2746 493 2798 καὶ
531 2744 825 2816 συνεδρίων
862 2744 1140 2818 μετείχετε
1180 2747 1332 2801 οὐδὲν
1365 2748 1597 2819 ἐχόντων
1634 2747 1892 2817 χρηστὸν,

227 2832 260 2898 ἢ
287 2831 398 2895 νῦν,
426 2834 514 2886 ὅτε
544 2832 688 2904 μετὰ
724 2832 830 2885 τῶν
866 2833 1111 2904 ἀδελφῶν
1140 2836 1408 2906 ἑστήκατε
1451 2834 1560 2889 τῶν
1589 2834 1890 2906 ὑμετέρων,

230 2920 315 2974 καὶ
345 2924 696 2993 προφητικῶν
748 2922 971 2974 ἀκούετε
1003 2922 1208 2991 λόγων;
1247 2923 1361 2977 Οὑκ
1400 2921 1546 2976 ἔστιν
1570 2922 1801 2993 αἰσχύνη
1833 2923 1896 2977 τὸ

233 3014 432 3077 φαγεῖν,
465 3011 766 3082 ἀγαπητοὶ,
799 3009 935 3062 ἀλλά
973 3010 1054 3074 τί;
1099 3010 1173 3061 Τὸ
1212 3009 1454 3078 φαγόντα
1475 3019 1500 3048 ο
1536 3009 1715 3080 μένειν
1754 3011 1894 3064 οἴκοι

238 3098 322 3149 καὶ
361 3099 607 3169 ὑστερεῖν
644 3098 745 3167 τῆς
784 3099 936 3169 ἱερᾶς
965 3098 1169 3169 ταύτης
1214 3098 1425 3169 ἑορτῆς.
1464 3097 1614 3151 Οίκοι
1652 3098 1749 3169 μὲν
1785 3099 1895 3171 γὰρ

244 3184 403 3253 μένων
431 3187 734 3259 ἀργότερος
764 3185 863 3259 ἔσῃ
892 3187 985 3239 καὶ
1011 3185 1357 3258 νωθέστερος,
1388 3185 1619 3240 ἐνταῦθα
1637 3185 1694 3239 δὲ
1724 3186 1894 3240 ὲλθὼν

241 3272 403 3327 πάντα
435 3273 607 3328 ῦπνον
644 3274 737 3328 καὶ
796 3275 977 3327 πᾶσαν
1026 3274 1299 3345 ρᾳθυμίαν
1354 3273 1700 3340 ἀποτινάξεις
1728 3272 1788 3313 ἀ·
1832 3275 1894 3329 οὑ

247 3359 495 3432 ῥᾳθυμίαν
531 3361 595 3417 δὲ
641 3362 819 3431 μόνον,
856 3361 992 3415 ἀλλά
1025 3362 1116 3414 καὶ
1167 3361 1404 3433 ἀθυμίαν
1437 3361 1653 3416 ἅπασαν
1694 3363 1895 3416 ἀποθέ-

250 3464 405 3516 μενος,
439 3450 588 3521 ρᾴων
617 3450 711 3502 καὶ
750 3449 1113 3521 εὐθυμότερος
1145 3450 1202 3504 ὲν
1233 3450 1434 3504 ἅπασιν
1473 3449 1575 3521 ἔσῃ
1609 3453 1723 3512 τοῖς
1754 3467 1897 3521 συμ-

248 3535 482 3591 πίπτουσι
516 3538 834 3609 πράγμασι.
867 3538 979 3590 Καὶ
1014 3538 1067 3590 τί
1098 3538 1203 3611 χρὴ
1226 3537 1295 3590 τά
1321 3537 1458 3591 ἀλλα
1482 3538 1663 3606 λέγειν
1688 3554 1702 3603 ;
1730 3538 1894 3608 Στῆθι

250 3623 388 3685 μόνον
422 3627 594 3695 ἐγγὺς
618 3626 712 3679 τοῦ
752 3625 1121 3697 νηστεύοντος,
1154 3627 1248 3678 καὶ
1284 3625 1577 3695 μετέλαϐες
1602 3624 1765 3678 αὑτοῦ
1801 3626 1895 3679 εὑ-

246 3709 369 3774 θέως
394 3713 492 3780 τῆς
524 3712 758 3775 εὐωδίας
778 3728 791 3741 ⁸
832 3711 1004 3783 μύρον
1030 3712 1140 3783 γάρ
1169 3714 1315 3766 ἐστιν
1347 3712 1375 3765 ὁ
1411 3712 1688 3782 νηστεύων
1731 3730 1897 3766 πνευ-

250 3799 479 3864 ματικὸν,
517 3803 616 3854 καὶ
660 3801 750 3854 διά
780 3801 889 3854 τῶν
922 3799 1216 3871 ὀφθαλμῶν
1256 3800 1350 3853 καὶ
1393 3798 1481 3852 διά
1524 3799 1625 3867 τῆς
1649 3799 1897 3870 γλώττης

248 3886 330 3938 καὶ
342 3887 424 3941 διὰ
441 3888 662 3943 πάντων
691 3888 972 3960 ἐμφαίνων
995 3887 1093 3959 τὴν
1114 3887 1216 3957 τῆς
1233 3887 1414 3958 ψυχῆς
1435 3886 1898 3951 εὑταξίαν.Ταῦτα

248 3972 354 4047 οὐχὶ
382 3979 704 4050 κατηγορῶν
729 3978 840 4031 τῶν
871 3976 1249 4048 ἠριστηκότων
1274 3970 1444 4042 εἷπον,
1469 3973 1584 4028 ἀλλ’
1621 3974 1707 4026 ἵνα
1738 3973 1899 4040 δείξω

248 4061 332 4132 τῆς
358 4068 610 4137 νηστείας
644 4066 702 4119 τὸ
731 4065 942 4133 κέρδος.

308 4150 572 4222 Νηστείαν
598 4155 655 4208 δὲ
683 4156 743 4207 οὐ
776 4155 874 4227 τὴν
906 4156 1116 4228 ἀποχὴν
1147 4155 1292 4223 λέγω
1324 4153 1433 4208 τῶν
1462 4151 1766 4224 βρωμάτων
1800 4150 1898 4221 μό-

249 4240 497 4298 νον,ἀλλά
532 4243 627 4295 καὶ
660 4243 769 4313 πρὸ
804 4243 1009 4314 ταύτης
1045 4244 1142 4313 τὴν
1179 4243 1288 4296 τῶν
1336 4241 1751 4313 ἁμαρτημάτων
1792 4239 1899 4293 ἀπ-

248 4324 388 4392 οχὴψ
417 4329 539 4383 ἐπεὶ
567 4330 705 4383 καὶὸ
736 4331 1025 4395 ἑστιαθεὶς,
1052 4332 1146 4385 καὶ
1177 4329 1408 4385 ἐνταῦθα
1442 4328 1579 4400 μετὰ
1599 4327 1699 4397 τῆς
1731 4343 1900 4397 προσ-

249 4412 467 4485 ηκούσης
508 4419 955 4489 παραγενόμενος
989 4417 1366 4491 σωφροσύνης,
1399 4417 1460 4470 οὑ
1505 4416 1640 4469 πολὺ
1672 4414 1767 4468 τοῦ
1802 4431 1899 4486 νη-

251 4497 508 4568 στεύοντος
559 4504 1021 4576 ἀπολιμπάνεται,
1053 4506 1243 4578 ὥσπερ
1272 4501 1365 4559 οῦν
1397 4506 1425 4558 ὁ
1473 4502 1773 4574 νηστεύσας
1805 4502 1900 4556 καὶ

252 4582 316 4653 μὴ
350 4592 479 4655 μετά
515 4593 755 4663 σπουδῆς
782 4595 875 4647 καὶ
919 4595 1207 4666 ἀκριϐείας
1234 4596 1345 4658 τοῖς
1383 4592 1701 4663 λεγομένοις
1731 4608 1900 4663 προσ-

250 4666 391 4739 έχων,
417 4679 567 4732 οὐδὲν
595 4680 702 4734 ἀπὸ
721 4682 821 4750 τῆς
841 4682 1092 4752 νηστείας
1124 4681 1476 4754 καρπώσεται
1513 4680 1675 4750 μέγα.
1706 4679 1765 4732 '0
1790 4681 1898 4750 γὰρ

250 4755 424 4815 ἐσθίων
468 4767 564 4820 καὶ
594 4767 866 4833 συνάξεως
897 4769 1058 4835 ἁγίας
1106 4768 1381 4823 κοινωνῶν
1428 4768 1565 4839 μετὰ
1589 4768 1690 4838 τῆς
1728 4784 1898 4838 προσ-

248 4847 468 4923 ηκούσης
488 4856 742 4926 σπουδῆς,
774 4856 870 4910 τοῦ
896 4857 1061 4928 μηδὲν
1098 4856 1370 4920 ἐσθίοντος
1399 4857 1494 4910 καὶ
1522 4853 1897 4924 ἀπολιμπάνο-

256 4934 396 4999 μένου
443 4944 575 4999 πολὺ
631 4944 855 5014 βελτίων
895 4946 1077 5001 ἐστίν·
1124 4947 1277 5000 οὐδὲν
1315 4944 1426 5016 γάρ
1461 4943 1670 4997 τοιοῦτο
1710 4942 1772 4996 τδ
1824 4944 1898 5013 μὴ

253 5028 424 5089 φαγεῖν
480 5033 621 5101 ἡμᾶς
690 5033 970 5105 ὠφελῆσαι
1025 5034 1347 5105 δυνήσεται,
1396 5033 1498 5085 ὅσα
1552 5030 1752 5099 ὠφελεῖ
1805 5032 1900 5084 καὶ

255 5106 441 5169 δίδωσιν
480 5119 661 5186 ἀγαθά
714 5120 776 5173 τὸ
822 5124 1197 5193 πνευματικῆς
1243 5122 1533 5194 μετασχεῖν
1573 5130 1597 5158 θ
1646 5118 1897 5173 διδασκα-

256 5195 377 5263 λίας.
411 5205 514 5259 Ποῦ
557 5205 667 5276 γάρ
716 5209 942 5280 ἑτέρωθι
992 5209 1166 5263 ταῦτα
1210 5209 1420 5281 ἀκούσῃ
1468 5208 1612 5278 άπερ
1666 5207 1900 5261 ἐνταῦθα

259 5288 564 5366 φιλοσοφεῖς
602 5301 701 5353 Ἂν
731 5302 809 5364 είς
855 5300 1204 5372 δικαστήριον
1242 5298 1520 5371 ἀπέλθῃς,
1554 5297 1902 5367 ἀμφισϐητή-

259 5388 359 5442 σεις
380 5382 488 5440 ἐκεῖ
524 5388 617 5441 καὶ
650 5389 855 5460 μάχαι·
883 5388 949 5442 ἂν
984 5390 1063 5451 είς
1104 5386 1502 5457 βουλευτήριον,
1539 5388 1572 5456 ἡ
1604 5383 1712 5437 τῶν
1745 5383 1900 5437 πολι-

260 5466 402 5521 τικῶν
423 5476 758 5546 πραγμάτων
782 5476 1003 5548 φροντίς
1019 5493 1033 5504 ·
1064 5475 1130 5529 ἂν
1162 5476 1239 5538 εἰς
1261 5474 1458 5538 οίκίαν,
1480 5473 1588 5526 τῶν
1614 5471 1906 5532 ἰδιωτικῶν

262 5548 527 5630 ημέριμνα
565 5563 896 5636 κατατρύχει
936 5562 1234 5616 πάντοθεν
1270 5561 1335 5616 ἂν
1370 5563 1449 5624 είς
1489 5559 1781 5629 συλλόγους
1809 5560 1902 5614 καὶ

267 5642 483 5715 συνέδρια
508 5651 609 5721 τῆς
650 5653 877 5722 ἀγορᾶς,
921 5652 1098 5704 πάντα
1127 5651 1286 5704 κάκεῖ
1311 5651 1476 5720 γήινα
1504 5647 1599 5701 καὶ
1646 5647 1863 5719 φθαρτά
1883 5666 1896 5679 ·

315 5764 336 5837 ξ
359 5765 668 5837 Qoisjinianus
688 5789 814 5823 unus
836 5774 988 5837 habet
1008 5774 1159 5837 χαίρω
1179 5775 1259 5837 καὶ
1282 5771 1556 5837 συγχορεὺω
1578 5776 1741 5831 πᾶσιν.

310 5823 479 5900 ξξενίί
520 5844 572 5900 βε
603 5823 799 5900 quidam
826 5823 1113 5900 οΙὶἰεῖςἝήν
1130 5823 1374 5900 ἀκρόασιν.

315 5887 491 5960 ξξεινὶ).
514 5887 635 5946 ἀλλᾶ
654 5899 711 5946 τὸ
734 5898 959 5960 φαγόντα.

313 5944 486 6021 ξξθῑᾚ-
513 5944 785 6021 έίήῷιίδαῖή
810 5944 1186 6021 ἓιίίἰνᾶποτινϋῃ.

316 6010 339 6044 ⁹
358 6013 487 6069 Savi'.
512 6010 784 6095 0513150,.“

2003 1250 2170 1323 ἢγάρ
2214 1250 2344 1321 περὶ
2391 1249 2499 1304 τῶν
2532 1249 2792 1321 ὠνίων,ἥ
2839 1253 2971 1323 περὶ
3007 1252 3118 1312 τῶν
3156 1255 3446 1327 εἰσφορῶν,
3481 1257 3513 1329 ἢ
3551 1261 3678 1331 περὶ

1999 1337 2281 1410 τραπέζης
2311 1337 2662 1402 πολυτελοῦς,
2697 1338 2730 1409 ἢ
2768 1340 2894 1410 περὶ
2933 1340 3149 1411 χωρίων
3174 1344 3453 1416 πράσεως,
3483 1347 3516 1417 ἢ
3549 1350 3680 1419 περὶ

2004 1426 2347 1495 συμϐολαίων
2380 1426 2609 1499 ἐτέρων,
2636 1425 2668 1498 ἢ
2710 1428 2841 1498 περὶ
2878 1428 3227 1499 διαθηκῶν,ἢ
3262 1432 3390 1502 περὶ
3419 1432 3678 1504 κληρονο-

2002 1513 2161 1583 μιῶν,
2194 1513 2226 1582 ἣ
2266 1516 2397 1585 περὶ
2442 1515 2648 1585 ἑτέρων
2679 1516 2843 1567 τινῶν
2874 1515 3130 1570 τοιούτων
3157 1518 3398 1582 ἅπαντες
3426 1523 3536 1583 τοῖς
3565 1524 3680 1575 ἐκεῖ

2000 1600 2416 1671 συλλεγομένοις
2457 1605 2504 1655 οί
2536 1602 2684 1671 λόγοι
2713 1604 2975 1671 γίνονται.
3010 1605 3129 1658 Κᾶν
3168 1607 3249 1669 είς
3277 1606 3448 1670 αὑτάς
3484 1609 3539 1661 δὲ
3568 1612 3680 1662 είσ-

1997 1687 2159 1762 έλθῃς
2209 1688 2310 1751 τάς
2351 1689 2640 1759 βασιλικὰς
2678 1690 2870 1754 αὑλάς,
2921 1692 3018 1745 καὶ
3071 1694 3190 1746 ἐκεῖ
3226 1694 3390 1747 πάλιν
3427 1694 3497 1748 τὰ
3536 1697 3677 1751 αὑτά

1995 1774 2204 1846 ἀκούσῃ
2251 1775 2650 1847 διαλεγομένων
2699 1779 2955 1832 ἁπάντων
2986 1781 3114 1850 περὶ
3164 1782 3495 1853 χρημάτων,
3548 1788 3678 1857 περὶ

1997 1860 2347 1928 δυναστείας,
2382 1864 2511 1935 περὶ
2540 1864 2699 1934 δόξης
2731 1865 2832 1935 τῆς
2868 1866 3102 1921 ἐνταῦθα
3134 1869 3474 1940 τιμωμένης,
3512 1889 3678 1925 πνευ-

2002 1950 2230 2018 ματικὸν
2259 1952 2316 2010 δὲ
2339 1952 2522 2005 οὐδέν’
2553 1952 2785 2007 ἐνταῦθα
2814 1954 2870 2006 δὲ
2898 1955 3206 2011 τούναντίον
3226 1957 3390 2025 άπαν,
3426 1960 3555 2031 περὶ
3582 1961 3677 2014 τοῦ

1999 2038 2226 2108 οὐρανοῦ
2276 2039 2369 2092 καὶ
2406 2039 2514 2092 τῶν
2548 2040 2607 2093 ἐν
2648 2040 2862 2113 οὐρανῷ
2897 2042 3240 2112 πραγμάτων
3261 2084 3275 2107 .
3308 2046 3438 2116 περὶ
3478 2047 3674 2118 ψυχῆς.

2000 2142 2065 2177 πε
2076 2126 2129 2196 ρὶ
2149 2126 2295 2197 ζωῆς
2320 2125 2420 2196 τῆς
2440 2126 2736 2199 ἡμετέρας,
2760 2129 2853 2183 καὶ
2872 2129 3015 2193 τίνος
3039 2130 3223 2184 ἕνεκεν
3240 2133 3563 2206 γεγόναμεν,
3583 2140 3678 2190 καὶ

1997 2210 2085 2264 διὰ
2113 2213 2164 2265 τί
2190 2212 2443 2266 τοσοῦτον
2468 2214 2812 2285 διατρίϐομεν
2829 2215 3063 2269 ἐνταῦθα
3081 2217 3291 2288 χρόνον,
3308 2222 3400 2274 καὶ
3419 2223 3512 2275 ὲπὶ
3534 2224 3676 2280 τίσιν

1991 2296 2381 2369 ἀποδημοῦμεν
2408 2299 2677 2365 ἐντεῦθεν,
2717 2302 2810 2355 καὶ
2842 2301 2895 2355 τί
2931 2302 3071 2373 μετά
3107 2304 3281 2359 ταῦτα
3317 2308 3464 2379 ἡμᾶς
3492 2310 3672 2365 διαδέ-

1997 2382 2167 2449 ξεται,
2203 2386 2299 2438 καὶ
2332 2386 2477 2449 τίνος
2504 2387 2691 2441 ἕνεκεν
2723 2388 2784 2441 τὸ
2816 2387 2976 2457 σῶμα
3009 2392 3143 2461 ἡμῖν
3187 2393 3433 2465 πήλινον,
3469 2399 3563 2451 καὶ¹
3589 2402 3676 2464 τίς

1996 2472 2029 2541 ἡ
2059 2469 2153 2524 τοῦ
2187 2471 2419 2527 θανάτου
2450 2474 2632 2543 φύσις,
2665 2477 2760 2529 καὶ
2788 2476 2840 2528 τί
2867 2477 2999 2531 ποτέ
3024 2480 3170 2533 ἐστιν
3199 2482 3232 2551 ἡ
3258 2483 3504 2552 παροῦσα
3536 2485 3674 2559 ζωὴ,

1995 2559 2088 2611 καὶ
2120 2560 2204 2623 τίς
2229 2563 2260 2630 ἡ
2292 2560 2579 2629 μέλλουσα,
2602 2562 2698 2618 καὶ
2727 2563 2881 2618 οὐδὲν
2910 2564 3100 2630 ἁπλῶς
3129 2567 3340 2638 γήινον,
3369 2570 3507 2626 ἀλλά
3533 2574 3675 2627 πάν-

1994 2662 2087 2709 τες
2116 2647 2245 2719 περὶ
2288 2648 2675 2720 πνευματικῶν
2703 2651 2835 2721 ἡμῖν
2868 2655 2917 2707 οί
2958 2652 3106 2723 λόγοι
3134 2655 3373 2724 γίνονται
3393 2674 3407 2689 ο
3446 2662 3541 2713 καὶ
3576 2677 3676 2731 με·

1994 2734 2137 2802 γάλα
2161 2737 2261 2806 τῆς
2287 2738 2561 2809 σωτηρίας
2595 2737 2754 2809 ήμῶν
2783 2737 3040 2805 λαϐόντες
3066 2742 3275 2811 ἐφόδια,
3302 2743 3474 2809 οὕτως
3495 2748 3676 2803 ἐντεῦ-

1997 2821 2089 2876 θεν
2117 2823 2537 2895 ἀπελευσόμεθα
2569 2825 2707 2896 μετά
2733 2829 2977 2900 χρηστῆς
2997 2829 3097 2901 τῆς
3123 2830 3353 2896 ἐλπίδος.

2067 2908 2132 2979 β’.
2161 2911 2313 2964 Ἐπεὶ
2325 2907 2417 2965 οῦν
2434 2912 2533 2965 οὑκ
2566 2914 2783 2985 είκῆτά
2816 2916 3107 2988 σπέρματα
3136 2920 3530 2993 κατεϐάλομεν,
3560 2924 3674 2979 ἀλλ’

1995 2995 2186 3069 ὥσπερ
2217 2999 2362 3069 ὑμᾶς
2389 3001 2738 3072 παρεκάλεσα
2778 3003 2987 3068 πάντας
3013 3005 3348 3075 ἐθηρεύσατε
3369 3008 3521 3084 [107]
3548 3015 3675 3078 τοὺς

1996 3085 2423 3156 ἀπολειφθέντας
2455 3089 2628 3160 ὑμῶν,
2648 3091 2780 3162 φέρε
2809 3092 2904 3145 καὶ
2931 3094 3091 3164 ἡμεῖς
3121 3095 3264 3166 ὑμᾶς
3290 3097 3674 3171 ἀμειψώμεθα,

1996 3174 2092 3227 καὶ
2117 3175 2289 3246 μικρὰ
2310 3176 2418 3229 τῶν
2447 3176 2713 3246 πρότερον
2740 3180 2862 3249 είρη
2872 3178 3048 3249 μένων
3073 3183 3217 3252 ὑμᾶς
3240 3184 3672 3257 ἀναμνήσαντες,

1994 3261 2067 3315 τά
2111 3262 2405 3334 λειπόμενα
2445 3265 2733 3338 ἀποδῶμεν
2765 3267 2946 3321 πάλιν.
2986 3268 3121 3323 Τίνα
3152 3266 3246 3324 οὖν
3280 3268 3349 3343 ἦν
3380 3275 3451 3328 τὰ
3484 3276 3677 3349 πρώην

1997 3351 2297 3422 είρημένα;
2335 3351 2667 3425 Ἐζητοῦμεν
2698 3355 2816 3419 πῶς
2846 3357 2942 3413 καὶ
2969 3356 3073 3412 τίνι
3095 3360 3282 3431 τρόπῳ
3305 3361 3411 3435 πρὸ
3439 3364 3536 3434 τῆς
3565 3365 3677 3418 τῶν

1997 3439 2231 3509 Γραφῶν
2263 3441 2467 3505 δόσεως
2503 3441 2572 3496 τά
2607 3444 2730 3497 καθ’
2774 3444 2922 3515 ἡμᾶς
2957 3444 3309 3519 ᾠκονόμησεν
3340 3451 3368 3503 ὁ
3398 3452 3551 3516 Θεὸς,
3581 3456 3679 3510 καὶ

1999 3526 2282 3599 ἐλέγομεν,
2307 3530 2390 3583 ὅτι
2417 3530 2506 3584 διὰ
2529 3531 2629 3601 τῆς
2656 3532 2887 3596 κτίσεως
2908 3534 3224 3591 ἐπαίδευσεν
3241 3538 3272 3607 ή
3281 3538 3397 3608 μῶν
3420 3539 3479 3592 τὸ
3498 3541 3674 3609 γένος,

1998 3615 2228 3684 οὐρανὸν
2266 3617 2515 3681 ἐκτείνας
2544 3618 2639 3673 καὶ
2658 3620 2746 3683 ἐίς
2770 3620 2831 3672 τὸ
2861 3621 3023 3692 μέσον
3054 3624 3308 3695 προθεὶς,
3342 3626 3543 3697 βιϐλίον
3578 3631 3679 3701 μέ-

1998 3718 2204 3769 γιστον,
2229 3705 2323 3757 καὶ
2350 3703 2586 3769 ἰδιώταις
2604 3707 2697 3760 καὶ
2722 3710 3032 3777 σοφοῖς,καὶ
3047 3711 3242 3783 πένησι
3265 3716 3357 3768 καὶ
3379 3715 3675 3782 πλουσίοις,

1999 3790 2094 3878 καὶ
2125 3790 2359 3855 Σκύθαις
2392 3793 2485 3846 καὶ
2519 3793 2843 3866 βαρϐάροις,
2876 3798 2972 3851 καὶ
3002 3801 3167 3853 πᾶσιν
3197 3801 3382 3866 ἁπλῶς
3426 3808 3539 3869 τοῖς
3577 3806 3679 3878 τὴν

1998 3877 2103 3965 γῆν
2136 3878 2344 3933 οἰκοῦσι
2373 3881 2667 3951 χρήσιμον,
2712 3883 2915 3952 βιϐλίον
2945 3884 2963 3924 τ
2998 3888 3133 3940 πολὺ
3175 3888 3361 3959 μεῖζον
3399 3891 3491 3945 τοῦ
3537 3877 3677 3965 πλη·

2000 3962 2126 4027 θους
2156 3965 2266 4017 τῶν
2294 3966 2697 4037 διδασκομένων
2739 3969 2817 4024 ὅν.
2856 3971 3034 4025 Πολλά
3074 3976 3166 4027 καὶ
3195 3977 3327 4047 περὶ
3353 3978 3546 4044 νυκτὸς
3586 3962 3680 4036 κάι

1999 4052 2232 4124 ἡμέρας,
2261 4054 2356 4106 καὶ
2382 4054 2483 4125 τῆς
2526 4055 2731 4110 τούτων
2760 4058 3034 4125 εὐταξίας,
3066 4061 3162 4115 καὶ
3190 4063 3285 4116 τοῦ
3330 4065 3540 4137 ῥυθμοῦ
3580 4066 3677 4123 τοῦ

2003 4138 2142 4210 μετὰ
2185 4141 2475 4214 ἀκριϐείας
2509 4142 2602 4196 ὑπ’
2633 4143 2814 4198 αὐτῶν
2848 4146 3250 4221 φυλαττομένου
3284 4151 3635 4224 διελέχθημεν
3658 4171 3672 4186 ο

2000 4227 2171 4282 πολλὰ
2200 4229 2296 4282 καὶ
2322 4231 2450 4302 περὶ
2477 4231 2571 4284 τοῦ
2601 4232 2766 4303 χοροῦ
2794 4235 2900 4288 τῶν
2925 4235 3086 4306 ὡρῶν
3120 4237 3215 4291 τοῦ
3246 4238 3421 4304 ἔτους,
3456 4243 3550 4295 καὶ
3574 4243 3676 4309 τῆς

1998 4314 2205 4369 τούτων
2256 4319 2523 4388 ἰσότητος.
2573 4320 2839 4393 Καθάπερ
2871 4322 2981 4394 γάρ
3038 4325 3071 4395 ἡ
3118 4326 3300 4399 ἡμέρα
3345 4329 3444 4397 τῆς
3483 4330 3677 4394 νυκτὸς

1999 4404 2121 4457 οὐδὲ
2169 4404 2439 4477 ἡμιώριον
2489 4406 2802 4463 πλεονεκτεῖ
2850 4411 2994 4465 κατὰ
3035 4412 3214 4467 πάντα
3258 4414 3352 4468 τὸν
3400 4417 3676 4471 ἐνιαυτόν*

1999 4491 2141 4545 οὕτω
2193 4493 2288 4546 καὶ
2349 4488 2511 4548 αὗται
2571 4496 2709 4567 πρὸς
2762 4497 2996 4570 ἀλλήλας
3046 4498 3107 4564 ἐξ
3152 4501 3272 4573 ἴσης
3319 4503 3417 4566 τὰς
3463 4505 3677 4577 ἡμέρας

1999 4579 2341 4651 διενείμαντο
2382 4584 2583 4649 πάσας.
2627 4586 2766 4641 Ἀλλ’
2797 4588 2939 4660 ὅπερ
2980 4590 3075 4643 καὶ
3116 4589 3424 4662 ἔμπροσθεν
3470 4593 3674 4663 ἔλεγον,

2000 4669 2081 4722 ὅτι
2111 4670 2171 4722 οὐ
2203 4669 2264 4723 τὸ
2302 4672 2531 4742 μέγεθος
2564 4674 2660 4735 καὶ
2693 4676 2754 4729 τὸ
2795 4676 2989 4741 κάλλος
3021 4678 3123 4748 τῆς
3163 4679 3396 4745 κτίσεως
3436 4682 3677 4735 δείκνυσι

1998 4756 2090 4810 τὸν
2113 4758 2457 4832 Δημιουργδν
2483 4764 2509 4803 8
2542 4763 2702 4834 μόνον
2722 4804 2735 4825 .
2769 4765 2905 4819 ἀλλά
2941 4767 3035 4819 καὶ
3067 4768 3095 4819 ὁ
3139 4769 3342 4838 τρόπος
3372 4768 3536 4833 αὑτὸς
3576 4770 3676 4840 τῆς

2002 4847 2357 4918 συμπήξεως,
2394 4849 2490 4904 καὶ
2521 4850 2582 4906 τὸ
2621 4851 2765 4923 ὑπὲρ
2795 4853 3011 4920 φύσεως
3036 4854 3356 4908 ἀκολουθίαν
3403 4852 3544 4910 εἶναι
3575 4859 3676 4926 τῆς
3738 4877 3743 4881 ’

1999 4934 2361 5007 δημιουργίας
2389 4937 2482 4991 τὸν
2509 4938 2733 5010 τρόπον.
2755 4940 2975 5005 Φύσεως
3006 4941 3106 5010 μὲν
3131 4941 3242 5012 γάρ
3269 4943 3561 4999 ἀκολουθία
3582 4942 3673 5018 ἦν,

1998 5021 2059 5075 τὸ
2105 5022 2252 5094 ὕδωρ
2298 5025 2436 5097 ὑπὲρ
2487 5026 2587 5097 τὴν
2615 5028 2719 5097 γῆν
2771 5027 3065 5098 φέρεσθαιο
3111 5028 3206 5103 νῦν
3252 5030 3311 5082 δὲ
3363 5032 3675 5089 τούναντίον
3729 5055 3742 5067 ·

1999 5109 2238 5180 ὁρῶμεν,
2259 5112 2360 5181 τὴν
2383 5113 2486 5182 γῆν
2511 5113 2617 5166 ὑπὸ
2640 5115 2748 5167 τῶν
2774 5109 2981 5169 ὑδάτων
3009 5115 3439 5192 βασταζομένην.
3455 5120 3676 5186 Φύσεως

1999 5191 2067 5269 ἦν
2090 5199 2400 5267 ἀκολουθία,
2418 5200 2477 5253 τὸ
2496 5199 2606 5271 πῦρ
2626 5201 2739 5254 ἄνω
2765 5202 2978 5273 τρέχειν
2995 5220 3007 5233 °
3030 5204 3127 5258 νῦν
3149 5204 3205 5259 δὲ
3219 5206 3279 5259 τὸ
3300 5191 3540 5263 ἐναντίον
3558 5210 3676 5280 βλέ-

2003 5301 2175 5356 πομεν
2208 5286 2360 5344 κάτω
2393 5286 2530 5358 πρὸς
2556 5286 2656 5358 τὴν
2699 5290 2803 5359 γῆν
2847 5291 3232 5363 τετραμμένας
3258 5294 3351 5347 τοῦ
3384 5296 3534 5367 ἡλίου
3575 5299 3674 5361 τὰς

2000 5375 2245 5437 ἀκτῖνας,
2283 5375 2378 5427 καὶ
2409 5374 2480 5428 τά
2511 5373 2681 5428 ὕδατα
2713 5377 2969 5447 ὑπεράνω
2990 5379 3098 5433 τῶν
3124 5381 3368 5453 οὐρανῶν
3399 5383 3550 5446 ὄντα,
3580 5387 3676 5439 καὶ

1999 5460 2060 5523 οὑ
2086 5459 2530 5524 διολισθαίνοντα,
2564 5462 2659 5516 καὶ
2689 5463 2779 5516 τὸν
2811 5464 2963 5533 ἥλιον
2992 5466 3237 5521 κάτωθεν
3262 5468 3545 5539 τρέχοντα,
3580 5476 3674 5526 καὶ

1998 5547 2120 5602 οὑδὲ
2148 5547 2505 5619 σϐεννύμενον
2532 5550 2635 5603 ὑπὸ
2660 5551 2770 5604 τῶν
2810 5552 3038 5619 ὑδάτων,
3065 5552 3188 5607 οὔτε
3216 5555 3549 5623 ἀφανίζοντα
3574 5562 3675 5631 τὴν

1999 5634 2178 5687 νοτίδα
2209 5635 2446 5706 ἐκείνην.
2462 5637 2607 5708 Πρὸς
2630 5638 2840 5701 τούτοις
2865 5641 3379 5710 εἰρήκαμεν,,ὄτι.ὲκ
3396 5648 3674 5718 τεττάρων

2002 5722 2280 5794 στοιχείων
2305 5723 2424 5777 τόδε
2475 5725 2535 5778 τὸ
2587 5727 2697 5779 πᾶν
2739 5726 3068 5797 συνέστηκεν
3117 5727 3377 5783 ἐναντίων
3424 5732 3673 5806 ἀλλήλοις

2003 5809 2097 5862 καὶ
2134 5812 2478 5883 μαχομένων,
2509 5814 2603 5867 καὶ
2636 5813 2863 5884 θάτερον
2894 5813 2955 5871 τὸ
2983 5813 3170 5888 ἕτερον
3201 5818 3262 5872 οὑ
3296 5820 3668 5891 κατηνάλωσε.

2068 5951 2090 6017 ς
2119 5951 2222 6017 Yox
2251 5953 2428 6017 βιϐλίον
2449 5966 2509 6017 οι
2536 5954 2719 6004 Savilio
2740 5957 2961 6005 arcessit.
2994 5956 3123 6008 Enrr.

2063 6015 2090 6056 Ι
2115 6015 2262 6066 Savil;
2289 6021 2339 6066 et
2362 6016 2557 6079 quidam
2577 6030 2691 6068 mss.
2719 6018 3149 6082 δημιουργήσαντα.
