4068 6458
389 329 493 386 “5

386 444 632 512 καίτοιγε
685 443 933 515 ἀλλήλων
985 443 1113 496 ὄντα
1162 443 1491 497 ἀναλωτικά.
1552 443 1713 497 Ὅθεν
1758 445 1935 516 δῆλον,
1980 446 2062 499 ὅτι

384 531 613 604 δύναμίς
640 550 724 595 τις
754 532 984 602 ἀόρατος
1012 530 1152 584 αὐτὰ
1184 530 1413 600 χαλινοῖ,
1442 533 1538 585 καὶ
1565 532 1764 603 δεσμὸς
1786 532 1996 601 γίνεται
2027 537 2060 607 ὴ

383 620 479 673 τώ
521 619 655 673 Θεοῦ
678 618 959 690 βούλησις.
1005 618 1191 688 Τούτῳ
1239 619 1402 673 πλέον
1445 620 1786 692 ἐνδιατρίψαι
1817 624 2058 694 σήμερον

387 707 652 779 βούλομαι
686 708 766 779 τῷ
796 707 968 779 λόγῳ”
1022 706 1161 761 ἀλλὰ
1206 708 1565 780 διανάστητε,
1615 710 1712 763 καὶ
1762 709 2058 780 προσέχετε

388 796 506 866 μετ’
539 795 824 858 ἀκριϐείας
860 798 1013 866 ἡμῖν.
1057 796 1220 849 Ὥστε
1247 795 1305 849 δὲ
1349 796 1682 867 σαφέστερον
1714 796 1966 864 γενέσθαι
1997 798 2060 852 τὸ

385 883 589 955 θαῦμα,
619 880 729 936 ἀπὸ
754 883 851 937 τοῦ
883 882 1136 954 σώματος
1159 881 1256 936 τοῦ
1290 883 1560 955 ἡμετέρου
1593 883 1691 955 τὴν
1713 884 2058 938 διδασκαλίαν

381 972 479 1043 τὴν
512 973 643 1041 περὶ
673 970 880 1025 τούτων
906 971 1223 1042 ποιήσομαι.
1254 972 1364 1025 Καὶ
1395 971 1505 1043 γάρ
1530 972 1591 1025 τὸ
1623 971 1784 1042 σῶμα
1821 972 1883 1027 τό
1914 973 2057 1044 ὴμέ-

380 1076 536 1131 τερον
576 1059 639 1112 τὸ
680 1059 854 1131 βραχὺ
907 1059 1067 1112 τοῦτο
1097 1060 1192 1113 καὶ
1236 1060 1429 1130 μικρὸν
1487 1062 1552 1113 ἔκ
1601 1062 1876 1133 τεττάρων
1929 1079 2055 1114 συν-

382 1164 583 1218 εστηκε
613 1160 639 1188 ιι
668 1146 977 1218 στοιχείων,
1011 1146 1215 1219 θερμοῦ
1257 1147 1357 1218 μὲν
1391 1146 1486 1200 τοῦ
1514 1148 1767 1218 αἵματος,
1799 1148 1966 1221 ξηροῦ
1992 1149 2051 1203 δὲ

378 1237 478 1305 τῆς
505 1234 666 1307 χολῆς
691 1235 792 1305 τῆς
815 1234 1035 1305 ξανθῆς·
1055 1236 1150 1289 καὶ
1176 1233 1347 1306 ὑγροῦ
1369 1234 1466 1306 μὲν
1492 1234 1588 1288 τοῦ
1610 1235 1938 1306 φλέγματος,
1955 1236 2057 1306 ψυο

379 1322 511 1394 χροῦ
538 1322 596 1377 δὲ
626 1323 728 1392 τῆς
758 1322 1019 1395 μελαίνης
1037 1322 1221 1396 χολῆς.
1251 1322 1362 1379 Καὶ
1383 1325 1457 1394 μή
1482 1340 1567 1387 τις
1591 1323 1869 1397 ἀλλότριον
1896 1326 1929 1395 ἡ
1939 1324 2056 1395 μῶν

376 1406 518 1465 εἶναι
545 1408 818 1481 νομιζέτω
838 1409 1028 1464 τοῦτον
1059 1409 1152 1462 τὸν
1172 1409 1332 1478 λόγον
1351 1426 1366 1441 ·
1404 1410 1467 1464 '0
1497 1409 1609 1482 γὰρ
1653 1412 2056 1481 πνευματικός

375 1498 685 1567 ἀνακρίνει
708 1497 828 1566 μὲν
854 1497 927 1551 τὰ
951 1496 1170 1558 πάντα,
1199 1496 1384 1563 αὐτὸς
1407 1496 1476 1551 δέ
1502 1497 1604 1553 ὑπ’
1632 1500 1882 1566 οὐδενὸς
1908 1500 2054 1554 ἀνα-

376 1585 663 1652 κρίνεται.
705 1583 862 1638 Οὕτω
891 1586 987 1638 καὶ
1021 1584 1234 1649 Παῦλος
1274 1585 1594 1655 γεωργικῶν
1632 1586 1810 1658 ἥψατο
1841 1587 2053 1660 θεωρη-

379 1672 587 1743 μάτων.
608 1673 736 1742 περὶ
759 1671 1110 1735 ἀναστάσεως
1137 1674 1266 1745 ἡμῖν
1288 1672 1693 1744 διαλεγόμενος,
1723 1676 1818 1731 καί
1847 1694 2014 1748 φησιν
2034 1693 2050 1709 ·

378 1762 621 1831 Ἀςρρον,
665 1759 747 1815 σὺ
793 1759 825 1814 ὃ
870 1761 1141 1828 σπείρεις
1198 1763 1272 1815 οὺ
1310 1761 1668 1823 ζωοποιεῖται
1712 1764 1762 1829 ι’,
1805 1765 1915 1819 ἐὰν
1962 1764 2051 1834 μὴ

374 1847 671 1918 ἀποθάνῃ.
701 1849 764 1901 Εἰ
790 1847 846 1902 δὲ
868 1851 896 1902 ό
939 1848 1208 1920 μακάριος
1234 1850 1444 1915 ἐκεῖνος
1478 1853 1607 1915 τοὺς
1644 1852 1748 1921 τῆς
1774 1854 2052 1924 γεωργίας

373 1937 543 1990 ἐκίνει
573 1936 785 2004 λόγους,
829 1935 950 1989 οὐδὲ
981 1937 1112 2008 ἡμῖν
1158 1937 1425 2008 μέμφοιτό
1465 1956 1548 2003 τις
1592 1939 1851 2010 ἰατρικῶν
1882 1941 2051 1994 ἀπτο-

376 2022 560 2095 μὲνοις
590 2023 876 2094 νοημάτων
898 2041 912 2054 ·
946 2025 1078 2095 περὶ
1116 2023 1225 2095 γάρ
1252 2025 1617 2097 δημιουργίας
1642 2027 1776 2081 Θεοῦ
1805 2026 1897 2081 νῦν
1920 2030 2052 2099 ἡμῖν

370 2115 400 2164 ό
423 2111 582 2182 λόγος
597 2128 611 2143 ’
643 2110 739 2165 καὶ
766 2111 1042 2180 ἀναγκαία
1063 2112 1260 2180 γένοιτ’
1285 2113 1352 2167 ἂν
1386 2114 1516 2184 ἡμῖν
1545 2113 1685 2185 αὕτη
1707 2114 1817 2168 τῶν
1841 2117 2051 2187 νοημά-

368 2217 479 2254 των
506 2200 542 2272 ἡ
576 2198 854 2262 ὑπόθεσις.
884 2199 1064 2270 Ὅπερ
1110 2195 1202 2253 οὖν
1242 2199 1414 2271 ἔφθην
1449 2200 1642 2266 εἰπὼν,
1675 2204 1739 2256 ὲκ
1774 2203 2050 2275 τεττάρων

369 2288 503 2358 ἡμῖν
536 2289 818 2357 στοιχείων
842 2286 1003 2340 τοῦτο
1024 2287 1086 2342 τὺ
1115 2287 1277 2358 σῶμα
1299 2289 1617 2360 συνέστηκε,
1650 2290 1755 2345 κᾶν
1778 2292 1841 2345 τὸ
1863 2292 2049 2362 ἔτερον

369 2374 640 2447 στασιάσῃ
676 2374 839 2446 μέχρι
865 2374 1089 2437 παντὸς,
1131 2374 1362 2439 Θάνατος
1405 2377 1520 2430 ἀπὸ
1543 2378 1644 2448 τῆς
1690 2379 1934 2442 στάσεως
1958 2380 2046 2448 γί-

367 2478 519 2519 νεται
548 2460 752 2531 ταύτης
768 2476 784 2492 ο
806 2459 963 2532 [108]
987 2455 1099 2515 οἷον
1119 2462 1220 2533 τῆς
1241 2462 1403 2533 χολῆς
1425 2463 1847 2535 πλεοναζούσης,
1871 2457 2049 2519 τίκτε-

365 2565 459 2603 ται
488 2547 744 2619 πυρετὸς,
763 2545 868 2603 κάν
888 2548 1232 2620 ἐπικρατήσῃ
1254 2550 1398 2621 πέρα
1418 2550 1512 2604 τοῦ
1540 2550 1762 2623 μέτρου,
1784 2552 2047 2624 ταχίστην

370 2634 572 2703 ἐπάγει
601 2635 708 2706 τὴν
738 2635 1028 2706 τελευτήν·
1060 2636 1222 2690 πάλιν
1253 2635 1349 2691 τοῦ
1380 2636 1589 2710 ψυχροῦ
1634 2638 2043 2705 πλεονάζοντος,

368 2723 632 2796 παρέσεις
658 2723 754 2776 καὶ
774 2722 968 2796 τρόμοι
996 2726 1091 2778 καὶ
1116 2725 1447 2797 ἀποπληξίαι
1472 2729 1566 2779 καὶ
1585 2726 1754 2798 μυρία
1771 2727 1937 2799 ἔτερα
1959 2745 2045 2783 νο-

368 2811 590 2882 σήματα
613 2810 856 2865 τίκτεται
874 2824 887 2841 '
926 2815 1021 2865 καὶ
1049 2812 1186 2875 ὅλως
1211 2813 1418 2884 ἑκάστη
1441 2814 1763 2886 νοσημάτων
1790 2814 1901 2869 ἰδέα
1931 2816 2043 2870 ἀπὸ

365 2900 465 2967 τῆς
503 2898 818 2965 πλεονεξίας
843 2897 954 2953 τῶν
996 2900 1276 2971 στοιχείων
1308 2901 1518 2970 γίνεται
1553 2901 1779 2965 τούτων,
1822 2905 1950 2957 ὅταν
1982 2904 2043 2957 τὸ

368 2991 561 3057 ἕτερον
581 2986 709 3048 τοὺς
756 2987 990 3051 οἰκείους
1022 2986 1270 3059 ὑπερϐάν
1310 2989 1469 3061 ὅρους
1512 2989 1654 3044 κατὰ
1701 2991 1811 3044 τῶν
1838 2991 2042 3044 λοιπῶν

365 3076 625 3144 τυραννῇ,
661 3074 756 3127 καὶ
782 3072 879 3145 τὴν
904 3076 1246 3148 συμμετρίαν
1276 3076 1581 3150 λυμήνηται
1608 3079 1786 3132 πᾶσαν
1814 3090 1859 3133 ο.

428 3155 740 3232 Ἐρώτησον
753 3161 930 3215 τοίνυν
949 3164 1040 3216 τὸν
1060 3162 1286 3232 λέγοντα
1301 3165 1584 3237 αὐτόματα
1601 3162 1821 3221 εἶναιτὰ
1840 3166 2036 3221 πάντα.

359 3247 454 3303 καὶ
484 3249 579 3318 ἀφ’
610 3249 822 3305 ἑαυτῶν
868 3251 1209 3308 συνεστάναι.
1272 3254 1337 3306 Εί
1383 3254 1443 3308 τὸ
1482 3254 1654 3327 βραχὺ
1688 3256 1846 3308 τοῦτο
1880 3256 2039 3325 σῶμα

358 3337 455 3389 καὶ
489 3335 707 3408 μικρὸν,
740 3337 837 3392 καί⁹
863 3338 1171 3410 φαρμάκων
1203 3340 1475 3394 ἀπολαῦον
1503 3342 1598 3395 καὶ
1629 3342 1881 3413 ἰατρικῆς
1913 3344 2037 3395 ὲπι-

358 3423 597 3495 στήμης,
628 3422 726 3477 καὶ
747 3424 847 3497 τῆς
871 3424 1176 3499 διοικούσης
1198 3428 1331 3481 αὐτὸ
1357 3429 1537 3499 ψυχῆς
1566 3428 1734 3494 ἔνδον,
1762 3430 1857 3482 καὶ
1890 3428 2041 3498 φιλο-

359 3509 553 3580 σοφίας
594 3511 817 3582 πολλῆς,
866 3515 963 3567 καὶ
1010 3514 1219 3585 μυρίων
1274 3516 1479 3588 ἑτέρων
1518 3516 1902 3589 βοηθημάτων,
1937 3520 2038 3573 οὐκ

360 3594 537 3666 ἰσχύει
563 3594 854 3661 διαπαντὸς
881 3601 940 3651 ἔν
979 3600 1202 3672 εὐταξίᾳ
1233 3601 1433 3672 μένειν,
1466 3602 1583 3656 ἀλλ’
1606 3604 1905 3660 ἀπόλλυται
1941 3608 2038 3662 καὶ

355 3682 730 3754 διαφθείρεται
777 3684 1064 3751 πολλάκις,
1097 3687 1157 3741 ὲν
1190 3687 1341 3759 αὐτῷ
1395 3691 1643 3762 ταραχῆς
1702 3693 2033 3764 γενομένηςο

354 3767 478 3832 πῶς
510 3767 577 3827 ἀν
613 3769 644 3822 ὑ
686 3770 942 3835 τοσοῦτος
978 3772 1184 3845 κόσμος
1213 3774 1504 3842 τοσούτους
1539 3778 1740 3848 ὄγκους
1766 3781 2037 3852 σωμάτων

356 3854 519 3926 ἔχων,
553 3856 650 3911 καὶ
681 3858 746 3911 ἔκ
773 3857 882 3912 τῶν
925 3859 1108 3915 αὐτῶν
1139 3863 1498 3935 συγκείμενος
1532 3867 1837 3939 στοιχείων,
1870 3871 1922 3923 εἰ
1958 3868 2034 3941 μὴ

356 3942 563 4014 πολλῆς
587 3944 876 4016 ἀπήλαυσε
901 3949 1176 4017 προνοίας,
1195 3949 1412 4022 ἔμεινεν
1432 3952 1499 4007 ἀν
1521 3955 1616 4009 ἐπὶ
1636 3955 1890 4011 τοσοῦτον
1907 3957 2035 4029 χρό-

354 4047 447 4085 νον
470 4032 775 4103 ἀτάραχος;
808 4035 943 4090 Οὐδὲ
963 4036 1071 4110 γὰρ
1100 4036 1167 4091 ἂν
1196 4038 1311 4109 ἔχοι
1343 4039 1521 4110 λόγον,
1554 4042 1616 4096 τὸ
1647 4044 1746 4115 μὲν
1775 4045 2035 4116 προνοίας

354 4118 627 4178 ἀπολαῦον
652 4121 813 4197 ἡμῶν
855 4122 1017 4194 σῶμα
1055 4126 1152 4179 καὶ
1189 4127 1291 4196 τῆς
1321 4127 1521 4194 ἔξωθεν
1549 4131 1643 4185 καὶ
1669 4135 1769 4204 τῆς
1795 4132 2028 4199 ἔνδοθεν,

356 4206 510 4277 μόλις
542 4207 786 4280 διαρκεῖν
810 4211 947 4282 πρὸς
971 4211 1071 4283 τὴν
1094 4214 1290 4269 ἑαυτοῦ
1321 4215 1582 4272 σύστασιν
1602 4235 1616 4249 ⁸
1640 4219 1732 4275 τὸν
1762 4220 1821 4274 δὲ
1840 4221 2025 4275 τοσοῦ--

351 4311 447 4348 τον
468 4294 691 4366 κόσμον,
717 4297 992 4368 μηδεμιᾶς
1012 4300 1354 4356 ἀπολαύοντα
1373 4304 1651 4375 προνοίας,
1674 4307 1768 4360 ἐπὶ
1792 4311 2029 4365 τοσαῦτα

351 4380 449 4471 ἔτη
485 4382 650 4471 μηδὲν
670 4384 923 4471 τοιοῦτον
955 4386 1168 4453 παθεῖν,
1214 4385 1325 4446 οἷον
1356 4392 1417 4446 τὸ
1448 4393 1610 4465 σῶμα
1639 4395 1703 4448 τὸ
1740 4397 2026 4471 ἡμέτερον.

353 4466 482 4533 Πῶς
499 4468 610 4541 γὰρ
624 4469 750 4527 οὐδὲ
771 4469 829 4522 ἓν
844 4470 953 4525 τῶν
977 4476 1258 4545 στοιχείων
1280 4478 1506 4545 τούτων,
1528 4479 1652 4535 εἰπέ
1678 4466 1789 4554 μοι,
1807 4466 1933 4550 τοὺς
1954 4489 2030 4540 οί-

352 4555 538 4618 κείθυς
551 4556 822 4626 δ’τῖεείκέδτὶίι
836 4558 1117 4628 δρουςνκαὶ
1126 4560 1196 4614 τὰ
1210 4563 1372 4617 λοιπὰ
1387 4568 1770 4637 κατηνάλωσεν
1785 4571 2024 4641 ἆπαντα;

350 4641 438 4706 τίς
466 4641 525 4697 δὲ
551 4641 693 4695 αὐτὰ
722 4645 1028 4714 συνήγαγεν
1053 4648 1147 4701 ἀπ’
1174 4649 1380 4720 άρχῆς;
1413 4653 1500 4715 τίς
1527 4653 1706 4725 ἔδησε,
1734 4658 1818 4721 τίς
1843 4660 2027 4729 ἐχαλί-

351 4745 514 4818 νωσε,
556 4729 647 4818 τίς
670 4730 768 4785 ἐπὶ
813 4731 1069 4787 τοσοῦτον
1105 4734 1389 4808 διακρατεῖ
1426 4741 1652 4812 χρόνον;
1696 4745 1804 4798 Καὶ
1838 4749 1947 4818 γὰρ
1979 4750 2027 4802 εἰ

356 4816 461 4908 μὲν
487 4817 698 4908 ἁπλοῦν
725 4821 820 4873 καὶ
836 4825 1123 4908 μονοειδὲς
1163 4819 1234 4895 ἦν
1260 4824 1356 4878 τοῦ
1391 4828 1598 4898 κόσμου
1624 4830 1686 4884 τὸ
1715 4832 1894 4903 σῶμα,
1919 4816 2027 4908 οὐχ

353 4904 529 4996 οίξτως
554 4902 903 4996 ἀδύνατονῆν
920 4908 993 4996 τὸ
1016 4908 1335 4996 λεγόμενον
1370 4914 1498 4967 ὅταν
1520 4915 1579 4969 δὲ
1610 4918 1757 4991 μάχη
1791 4902 2026 4996 τοσαύτη

352 4989 462 5045 τῶν
495 4992 774 5060 στοιχείων
808 4992 871 5057 ἔξ
905 4995 1081 5067 ἀρχῆς
1114 4992 1172 5070 ᾗ,
1214 4998 1297 5062 τίς
1325 4999 1501 5065 οὕτως
1544 4989 1770 5075 ἀνόητος
1818 5008 1896 5073 ὡς
1941 4989 2029 5065 ev;

353 5078 565 5149 νοῆσαι,
586 5077 669 5130 ὅτι
696 5080 868 5151 χωρὶς
899 5080 997 5135 τοῦ
1031 5085 1357 5154 συνάγοντος
1402 5089 1630 5161 συνῆλθε
1667 5092 1842 5148 ταῦτα
1866 5098 2029 5152 αὑτό-

355 5181 522 5254 ματα,
546 5165 638 5219 καὶ
667 5168 990 5254 συνελθόντα
1023 5171 1267 5242 ἔμεινεν;
1293 5176 1355 5228 Εί
1377 5176 1486 5248 γάρ
1510 5179 1673 5249 ἡμεῖς
1699 5181 1818 5253 οὐχὶ
1842 5184 2026 5254 φύσει,

352 5250 491 5339 ἀλλὰ
532 5252 853 5325 προαιρέσει
889 5256 1026 5326 πρὸς
1066 5257 1328 5332 ἀλλήλους
1365 5262 1653 5334 ἐχθρωδῶς
1683 5250 1896 5339 ἔχοντες
1927 5250 2027 5328 οὐκ

354 5338 420 5394 ἂν
436 5339 746 5429 αὐτόματοι
776 5342 1146 5429 συμϐαίημεν,
1187 5347 1292 5412 ἓως
1336 5350 1402 5402 ἂν
1431 5351 1617 5424 ἐχθροὶ
1648 5356 1902 5429 μένωμεν
1932 5363 2027 5415 καὶ

353 5427 488 5514 πρὸς
513 5425 775 5498 ἀλλήλους
804 5427 1058 5500 ἔχωμενε
1083 5432 1282 5504 ἀηδῶς,
1318 5435 1431 5490 ἀλλ’
1462 5425 1657 5510 ἐτέρου
1678 5425 1910 5514 δεόμεθα
1930 5447 2024 5501 τοῦ

354 5513 679 5600 συνάγοντος
698 5515 865 5585 ἡμᾶς,
887 5518 982 5570 καὶ
1008 5519 1148 5587 μετὰ
1162 5520 1223 5573 τὸ
1244 5527 1572 5591 συναγαγεῖν
1586 5513 2023 5600 ὲπισφίγγοντος,

244 5628 251 5635 ο
350 5599 446 5691 καλ
469 5598 753 5691 πείθοντος
787 5602 971 5673 μένειν
1003 5605 1096 5667 ἐπὶ
1132 5608 1232 5679 τῆς
1273 5611 1641 5684 καταλλαγῆς,
1683 5617 1778 5670 καὶ
1814 5598 1888 5691 μὴ
1917 5598 2026 5675 πάέ

411 5687 439 5757 ξ
465 5686 614 5757 ξυνῇ.
645 5694 699 5757 εί
724 5691 921 5757 qpidam
949 5705 1066 5742 mss.
1093 5695 1356 5757 σύγκειται.

409 5744 439 5820 l_>
460 5746 622 5820 ξυνῇ-1.
645 5755 700 5820 ει
715 5744 900 5820 aliquot
921 5766 1036 5801 mss.
1060 5755 1114 5820 οὐ
1138 5744 1453 5820 ζωογονεῖται.
1479 5759 1598 5809 Mor.
1627 5763 1680 5812 οὐ
1707 5768 2022 5820 ζωοποιεῖται.

411 5814 439 5878 οξ
459 5808 611 5878 ξενίι..
635 5814 689 5878 ει
714 5808 902 5878 aliquot
922 5827 1036 5861 mss.
1064 5808 1343 5876 λυμαίνηται
1365 5808 1571 5871 ἄπασανζ

410 5872 440 5939 α
466 5870 620 5939 δεινῇ-Ι.
643 5870 881 5939 gtiidém.
908 5888 1022 5923 mss.
1049 5870 1246 5939 παρέϐη.

414 5936 439 5969 °
463 5931 614 5987 SaVil.
642 5932 850 5997 ἔχοιμεν.

1166 329 1221 383 S.
1265 327 1551 385 JO.\NN|S
1584 328 2091 388 CHRYSOSTOMI
2116 330 2441 387 ARCHIEP.
2477 331 3039 391 CONSTANTINOP.

3828 336 3934 393 1ίᾶ

2169 446 2249 500 λιν
2292 447 2613 519 ἀποπηδᾷψ
2668 447 2785 513 πῶς
2837 448 2904 502 ἂν
2945 448 3014 502 τά
3041 447 3177 519 μήτε
3206 446 3511 518 λογισμοῦ
3543 448 3707 519 μήτε
3736 448 3941 520 αἰσθή-

2172 534 2309 598 σεώς
2342 553 2487 599 τινος
2529 536 2828 609 μετέχοντα
2867 540 3128 607 στοιχεῖα,
3170 538 3265 590 καὶ
3291 536 3484 606 φύσει
3524 535 3800 606 πολέμια
3833 537 3934 590 άλ-

2167 618 2348 691 λήλοις
2390 621 2522 676 ὅντα
2562 621 2659 676 καὶ
2702 622 2872 694 ἐχθρὰ
2918 621 3145 693 συνῆλθε
3180 623 3273 676 καὶ
3331 622 3604 692 συνέϐη,
3658 622 3764 675 καὶ
3809 623 3934 693 μετ’

2171 709 2416 779 ἀλλήλων
2451 710 2688 782 ἔμεινεν,
2722 713 2770 763 εἰ
2805 710 2879 782 μὴ
2910 709 3139 781 δύναμίς
3170 728 3253 774 τις
3297 706 3381 782 ἦν
3422 710 3727 783 ἄρῤητος,
3766 713 3803 781 ἡ
3830 713 3931 765 καὶ

2168 797 2497 866 συνάγουσα,
2523 801 2617 852 καὶ
2652 796 2791 869 μετά
2821 798 2884 851 τὸ
2916 801 3241 867 συναγαγεῖν
3269 798 3613 862 διαπαντὸς
3646 798 3803 871 μετά
3827 797 3929 853 τοῦ

2166 883 2368 953 δεσμοῦ
2398 885 2588 939 τούτου
2619 886 2924 955 κατέχουσα
2940 902 2956 951 ;

2232 972 2425 1042 γ’.ούχ
2444 973 2577 1044 όρᾷς
2601 971 2885 1036 πῶςτοῦτο
2898 972 2958 1025 τὸ
2974 972 3131 1043 σῶμα
3159 972 3258 1045 τῆς
3282 972 3488 1044 ψυχῆς
3522 974 3871 1046 ἀποστάσης
3897 975 3919 1014 ί

2161 1057 2395 1131 διαρρεῖ,
2432 1060 2526 1112 καὶ
2561 1060 2905 1130 μαραίνεται,
2955 1061 3046 1113 καὶ
3091 1061 3429 1126 ἀπόλλυται,
3473 1062 3587 1115 καὶ
3624 1062 3779 1133 πρὸς
3816 1063 3917 1134 τὴν

2161 1144 2368 1196 οἰκείαν
2399 1143 2631 1198 ἕκαστον
2665 1145 2774 1198 τῶν
2824 1146 3104 1216 στοιχείων
3148 1147 3548 1218 ἐπανέρχεται
3580 1147 3789 1218 λῆξινς
3841 1150 3919 1203 Τὸ

2167 1231 2299 1285 αὐτὸ
2321 1230 2569 1302 δήτοῦτο
2598 1232 2695 1286 καὶ
2723 1233 2819 1286 ἐπὶ
2860 1232 3016 1287 τοῦδε
3061 1234 3280 1302 ἐγένετο
3311 1234 3389 1287 ἂν
3423 1234 3537 1288 τοῦ
3575 1235 3825 1304 κόσμου,
3860 1239 3909 1292 εἰ

2170 1316 2461 1372 κατέλιπεν
2480 1317 2644 1372 αὑτὸν
2670 1317 2878 1390 ἔρημον
2899 1319 3000 1389 τῆς
3024 1320 3233 1384 οἰκείας
3262 1320 3560 1393 προνοίας
3595 1323 3634 1393 η
3660 1320 3906 1375 διαπαν-

2160 1403 2253 1465 τὸς
2280 1403 2444 1457 αὐτὸν
2475 1400 2794 1473 κυϐερνῶσα
2824 1404 3077 1474 δύναμις.
3098 1457 3110 1472 ,
3129 1406 3193 1459 Εἰ
3222 1406 3337 1478 γάρ
3382 1405 3602 1461 πλοῖον
3635 1406 3777 1460 ἄνευ
3804 1424 3903 1462 κυ-

2159 1489 2424 1561 ϐερνήτου
2461 1490 2523 1543 ού
2558 1491 2895 1553 συνίσταται,
2925 1491 3065 1546 ἀλλά
3090 1491 3587 1556 καταποντίζεται
3623 1493 3900 1559 εὐκόλως,

2157 1579 2188 1630 ό
2216 1577 2418 1648 κόσμος
2443 1577 2562 1641 πῶς
2604 1577 2670 1631 ἂν
2717 1579 2947 1650 συνέστη
2984 1580 3078 1633 ἐπὶ
3118 1580 3384 1634 τοσοῦτον
3410 1580 3633 1652 χρόνον
3663 1581 3901 1653 μηδενὸς

2164 1664 2327 1719 αὑτὸν
2369 1664 2775 1736 κυϐερνῶντος;
2803 1666 2914 1720 Καὶ
2948 1667 3034 1720 ἵνα
3065 1668 3231 1739 μηδὲν
3254 1668 3411 1723 εἴπω
3432 1667 3641 1732 πλέον,
3667 1669 3895 1741 νόμισον

2158 1747 2299 1806 εἶναι
2333 1752 2516 1807 πλοῖον
2560 1754 2651 1806 τὸν
2697 1754 2922 1824 κόσμον,
2958 1752 3110 1826 [109]
3152 1756 3352 1827 τρόπιν
3394 1756 3763 1811 ὑποκεῖσθαι
3793 1756 3896 1828 τὴν

2163 1840 2288 1909 γῆν,
2319 1838 2463 1892 ίστία
2492 1838 2585 1892 τὸν
2630 1839 2880 1911 οὐρανὸν,
2915 1840 3181 1905 ἐπιϐάτας
3206 1842 3338 1906 τοὺς
3379 1841 3763 1913 ἀνθρώπους,
3790 1844 3889 1896 πέ-

2156 1925 2317 1996 λαγος
2343 1927 2442 1999 τὴν
2472 1927 2836 1999 ὑποκειμένην
2881 1927 3119 1983 ἄϐυσσον
3151 1945 3164 1960 ·
3210 1928 3326 1993 πῶς
3350 1925 3462 1984 οὖν
3489 1928 3597 1983 ἐπὶ
3625 1930 3890 1983 τοσούτου

2158 2014 2357 2085 χρόνου
2383 2017 2409 2055 ⁸
2440 2014 2697 2084 ναυάγιον
2725 2016 2827 2068 οὐκ
2862 2014 3081 2083 ἐγένετο
3106 2032 3121 2080 ;
3169 2014 3330 2070 ἔασον
3355 2015 3508 2085 γοῦν
3533 2015 3733 2070 πλοῖον
3756 2016 3886 2087 μίαν

2169 2102 2380 2172 ἡμέραν
2420 2101 2589 2173 χωρὶς
2626 2101 2958 2173 κυϐερνήτου
2991 2103 3086 2156 καὶ
3116 2102 3352 2166 ναυτῶν,
3399 2104 3508 2157 καὶ
3543 2104 3677 2173 ὄψει
3714 2121 3886 2157 κατα-

2167 2185 2553 2258 ποπιζὸμενον
2568 2185 2798 2250 εὐθέως⁶
2822 2185 2936 2239 ἀλλ’
2957 2187 2986 2239 ό
3009 2186 3211 2258 κόσμος
3234 2187 3399 2241 οὐδὲν
3420 2188 3688 2242 τοιοῦτον
3710 2187 3879 2244 ἔπαθε

2164 2275 2577 2347 πεντακισχίλια
2607 2276 2703 2330 καὶ
2725 2274 2909 2346 πολλῴ
2937 2275 3160 2330 πλείονα
3184 2276 3377 2329 λοιπὸν
3412 2276 3524 2348 ἔτη
3562 2275 3733 2348 ἔχων,
3770 2278 3881 2335 Καὶ

2157 2361 2213 2415 τί
2263 2361 2408 2430 λέγω
2442 2362 2659 2428 πλοῖον;
2697 2361 2941 2432 καλύϐην
2983 2364 3186 2434 μικρὰν
3227 2362 3488 2433 ὲπήξατό
3538 2381 3634 2428 τις
3662 2364 3726 2417 ὲν
3754 2366 3875 2428 ταῖς

2155 2448 2446 2518 ἀμπέλοις,
2483 2449 2577 2502 καὶ
2610 2448 2701 2502 τοῦ
2734 2448 2946 2519 καρποῦ
2982 2447 3450 2519 συναιρεθέντοςιι
3488 2450 3720 2520 ἀφῆκεν
3748 2450 3873 2521 ἔρη-

2155 2551 2276 2605 μον,
2305 2535 2399 2588 καὶ
2426 2534 2546 2587 οὐδὲ
2585 2535 2678 2588 δύο
2711 2534 2970 2598 πολλάκις
3020 2535 3235 2607 ἡμέρας
3262 2535 3555 2607 διαμένει,
3582 2536 3728 2591 ἀλλά
3754 2536 3869 2589 δια-

2150 2621 2337 2676 λύεται
2359 2622 2455 2676 καὶ
2484 2622 2820 2675 καταπίπτει
2846 2622 3078 2692 ταχέως.
3104 2619 3238 2675 Εἶτα
3268 2622 3499 2697 καλύϐη
3538 2624 3643 2696 μὲν
3669 2625 3773 2677 οὐκ
3798 2623 3863 2676 ἂν

2153 2708 2310 2779 σταίη
2337 2709 2508 2778 χωρὶς
2534 2707 2629 2761 τοῦ
2665 2709 3042 2778 προνοοῦντος,
3075 2707 3486 2780 δημιούργημα
3516 2709 3581 2763 δὲ
3607 2709 3865 2763 τοσοῦτον

2148 2797 2290 2851 οὓτω
2329 2796 2491 2850 καλὸν
2532 2797 2628 2850 καὶ
2664 2796 2995 2867 θαυμαστὸν,
3033 2799 3129 2851 καὶ
3154 2798 3309 2867 νόμοι
3345 2800 3563 2862 νυκτὸς
3597 2799 3696 2852 καὶ
3726 2797 3858 2868 ἠμέ-

2150 2898 2268 2954 ρας.
2300 2883 2394 2934 καὶ
2407 2880 2565 2952 ὡρῶν
2594 2880 2993 2953 ὲνηλλαγμέναι
3033 2886 3261 2953 χορεῖαι,
3286 2884 3389 2935 καὶ
3407 2884 3639 2952 φύσεως
3665 2882 3858 2954 δρόμος

2147 2969 2390 3033 ποικίλος
2416 2987 2501 3034 τις
2565 2968 2665 3023 καὶ
2698 2968 3039 3033 παντοδαπὸς
3083 2972 3140 3024 ἐν
3183 2973 3254 3041 γῇ
3290 2972 3393 3024 καὶ
3446 2971 3721 3042 θαλάττῃ,
3763 2971 3853 3022 καί

2148 3055 2294 3127 ἀέρι,
2336 3056 2431 3109 καὶ
2477 3054 2712 3126 οὐρανῷ,
2763 3056 2857 3110 καὶ
2895 3060 3103 3127 φυτοῖς,
3138 3059 3232 3110 καὶ
3274 3057 3445 3121 ζώοις
3508 3057 3849 3126 πετομένοις,

2147 3141 2486 3212 νηχομένοις,
2538 3140 2866 3213 βαδίζουσιν,
2916 3144 3164 3215 ἔρπουσι,
3223 3144 3318 3197 καὶ
3370 3145 3435 3198 ὲν
3501 3144 3586 3215 τῷ
3634 3145 3845 3197 πάντων

2152 3228 2373 3283 ἐκείνων
2402 3229 2722 3302 κυριωτέρῳ
2742 3230 2850 3285 τῶν
2873 3230 3176 3303 ἀνθρώπων
3197 3231 3371 3301 γένει,
3399 3231 3527 3296 πῶς
3555 3232 3625 3287 ἂν
3655 3231 3845 3297 δ.έμει-

2146 3333 2233 3371 νεν
2284 3316 2378 3370 ἐπὶ
2412 3316 2666 3372 τοσοῦτον
2718 3319 3057 3382 ἀδιάπτωτος
3103 3319 3294 3390 χρόνον
3342 3321 3527 3391 χωρὶς
3594 3319 3841 3391 προνοίας

2143 3402 2316 3467 τινός;
2352 3404 2507 3457 Μετά
2532 3403 2642 3475 γὰρ
2668 3405 2778 3459 τῶν
2800 3408 3109 3478 εἰρημένων
3140 3407 3335 3461 ἔπελθε
3365 3425 3462 3479 μοι
3491 3408 3623 3472 τοὺς
3655 3406 3841 3477 λειμῶ-

2145 3507 2242 3554 νας
2284 3492 2362 3561 τῷ
2408 3490 2574 3561 λόγῳ,
2602 3494 2729 3557 τοὺς
2783 3494 3167 3565 παραδείσους,
3203 3493 3273 3548 τὰ
3324 3495 3469 3567 γένη
3503 3494 3618 3549 τῶν
3645 3493 3833 3559 ἀνθῶν,

2144 3576 2245 3640 τάς
2276 3574 2505 3647 βοτάνας
2538 3579 2774 3645 ἀπάσας,
2816 3582 2918 3645 τὰς
2957 3581 3147 3653 χρείας
3202 3580 3411 3647 αὐτῶν,
3441 3584 3544 3653 τὴν
3589 3579 3831 3643 εύωδίαν,

2140 3663 2209 3716 τά
2241 3664 2517 3735 σχήματα,
2538 3664 2636 3737 τὴν
2661 3665 2830 3733 θέσιν,
2860 3667 2930 3720 τά
2955 3667 3195 3739 ὀνόματα
3243 3668 3430 3739 μόνον·
3465 3669 3535 3723 τὰ
3559 3666 3749 3739 δένδρα
3769 3665 3833 3719 τά

2141 3750 2416 3823 ἔγκαρπα,
2470 3752 2543 3806 τά
2598 3753 2854 3825 ἄκαρπα·
2899 3754 3012 3807 ⁴ιτῶν
3059 3752 3338 3825 μετάλλων
3369 3756 3478 3829 τὴν
3512 3754 3698 3826 φύσινο
3726 3752 3829 3806 τῶν

2144 3837 2297 3903 ζώων
2323 3839 2435 3894 τῶν
2465 3841 2524 3893 ὲν
2565 3838 2827 3912 θαλάττῃ,
2859 3842 2969 3895 τῶν
3001 3842 3059 3896 ὲν
3088 3845 3155 3915 τῇ
3201 3845 3295 3913 γῇ,
3325 3843 3438 3897 τῶν
3461 3842 3700 3914 νηκτῶν,
3725 3836 3826 3893 τῶν

2138 3926 2480 3999 άεροπόρων·
2517 3927 2587 3980 τὰ
2614 3926 2739 3998 ὄρη,
2774 3927 2874 3991 τὰς
2906 3927 3246 3994 νάπας,τοὺς
3263 3929 3532 4001 δρυμοὺς,
3559 3929 3652 3982 τὸν
3682 3928 3822 3982 κάτω

2137 4012 2400 4084 λειμῶνα,
2446 4014 2537 4067 τὸν
2570 4015 2682 4069 άνω
2727 4013 2970 4086 λειμῶνα
3029 4018 3146 4089 (καὶ
3188 4017 3298 4089 γάρ
3335 4020 3397 4072 ὲν
3423 4021 3493 4090 τῇ
3526 4021 3599 4089 γῇ
3627 4014 3820 4086 λειμὼν

2137 4100 2233 4154 καὶ
2258 4104 2317 4154 ὲν
2339 4100 2417 4172 τῷ
2437 4101 2650 4173 οὐρανῷ
2677 4101 2927 4172 λειμὼν),
2948 4104 3017 4158 τὰ
3041 4105 3263 4159 ποικίλα
3285 4104 3397 4158 τῶν
3423 4105 3644 4172 ἄστρων
3665 4103 3812 4171 άνθη,

2136 4187 2285 4240 κάτω
2309 4188 2459 4258 ῥόδα.
2487 4188 2600 4242 άνω
2636 4183 2768 4262 ἶρις.
2819 4190 3007 4244 Βούλει
3055 4192 3152 4246 καὶ⁵
3190 4193 3283 4245 ἐπὶ
3328 4193 3445 4247 τῶν
3480 4191 3709 4264 ὀρνίθων
3737 4206 3814 4243 σοι

2134 4271 2293 4336 δείξω
2312 4271 2581 4342 λειμῶνας
2605 4274 2887 4345 κατάμαθε
2909 4276 3002 4330 τοῦ
3027 4276 3143 4331 ταὼ
3162 4279 3177 4319 ί
3206 4278 3268 4331 τὸ
3291 4279 3454 4349 σῶμα
3497 4279 3562 4332 τὸ
3583 4276 3813 4332 ποικίλον

2135 4359 2230 4410 καὶ
2248 4359 2426 4412 πᾶσαν
2449 4360 2773 4432 ὑπερϐαῖνον
2792 4361 2992 4434 βαφὴν,
3018 4365 3144 4429 τοὺς
3170 4364 3608 4438 πορφυρίζοντας
3631 4378 3810 4434 01900-

2135 4444 2281 4509 θούς.
2300 4446 2581 4518 Ἐννόησόν
2605 4465 2694 4519 μοι
2715 4449 2777 4503 τὸ
2795 4449 2988 4514 κάλλος
3004 4450 3096 4504 τοῦ
3121 4452 3353 4521 ούρανοῦ
3372 4454 3543 4506 πόσον
3565 4450 3677 4522 ἔχει
3695 4447 3809 4520 χρό-

2134 4549 2225 4587 νον
2252 4535 2345 4585 καλ⁸
2367 4533 2468 4586 ούκ
2494 4535 2819 4607 ὴμαυρώθη,
2841 4536 2957 4590 ἀλλ’
2983 4538 3173 4610 ὥσπερ
3203 4541 3445 4610 σήμερον
3472 4551 3804 4593 κατασκευα-

2136 4619 2303 4683 σθεὶς,
2347 4618 2521 4686 οὕτως
2561 4623 2709 4676 ἔστὶν
2732 4624 3074 4679 ἀποστίλϐων
3112 4627 3208 4680 καὶ
3235 4626 3490 4699 λαμπρός
3514 4645 3529 4658 ι
3578 4627 3676 4695 τῆς
3710 4623 3806 4692 γῆς

2132 4708 2230 4781 τὴν
2260 4709 2513 4781 δύναμιν,
2545 4712 2664 4776 πῶς
2691 4715 2790 4766 οὐκ
2819 4714 3084 4787 ἠτόνησεν
3114 4716 3289 4786 αὐτῆς
3311 4719 3345 4788 η
3377 4717 3592 4788 γαστὴρ
3625 4710 3801 4767 τοσοῦ-

2130 4814 2225 4850 τον
2248 4798 2508 4852 τίκτουσα
2533 4800 2743 4872 χρόνον.
2777 4802 3056 4870 Ἐννόησόν
3081 4821 3171 4873 μοι
3196 4807 3297 4868 τὰς
3328 4806 3514 4875 πηγὰς
3548 4803 3663 4864 πῶς
3680 4801 3801 4854 ἀνα-

2134 4883 2410 4950 ϐλύζουσι,
2448 4888 2545 4941 καὶ
2583 4888 2685 4941 ούκ
2732 4889 2990 4945 ἐπέλιπον
3037 4888 3098 4956 ἐξ
3140 4885 3202 4949 οῦ
3251 4893 3508 4960 γεγόνασι
3547 4885 3796 4960 διηνεκῶς

2135 4972 2393 5045 βρύουσαι
2439 4975 2533 5028 καὶ
2567 4976 2779 5047 ἡμέραν
2830 4978 2923 5031 καὶ
2957 4977 3130 5032 νύκτα
3169 4980 3383 5033 πᾶσαν·
3434 4975 3681 5046 ἐννόησόν
3714 4988 3795 5043 μοι

2132 5061 2232 5131 τὴν
2260 5060 2550 5123 θάλατταν,
2589 5063 2788 5129 πόσους
2817 5064 3082 5135 δεχομένη
3125 5066 3406 5137 ποταμοὺς
3443 5067 3540 5136 οὐχ
3569 5059 3788 5131 ὑπερέϐη

2131 5147 2193 5200 τὸ
2218 5147 2436 5219 μέτρον.
2482 5147 2643 5201 Ἀλλά
2668 5151 2830 5223 μέχρι
2854 5153 2998 5217 τίνος
3030 5153 3299 5226 διώκομεν
3325 5155 3591 5226 άκίχητα;
3624 5148 3790 5212 Ἀξιον

2133 5235 2219 5303 ἐφ’
2250 5234 2466 5306 ἑκάστῳ
2489 5234 2598 5289 τῶν
2627 5238 2931 5311 εἰρημένων
2955 5241 3135 5309 λέγειν
3159 5259 3172 5273 ·
3217 5243 3311 5309 Ὡς
3337 5240 3696 5311 ἐμεγαλύνθη
3723 5233 3788 5285 τὰ

2132 5322 2277 5390 ἔργα
2296 5338 2434 5385 σου,
2466 5326 2680 5393 Κύριε]
2734 5327 2930 5383 πάντα
2963 5330 3034 5382 ἐν
3069 5332 3256 5400 σοφίᾳ
3293 5332 3597 5396 ἐποίησας.
3641 5317 3785 5375 Ἀλλά

2130 5409 2214 5471 τίς
2267 5411 2295 5464 ὁ
2342 5410 2506 5480 σοφὸς
2553 5412 2658 5467 τῶν
2708 5415 2954 5470 ἀπίστων
2998 5417 3178 5485 λόγος,
3213 5421 3341 5472 ὅταν
3384 5418 3591 5472 ἅπαντα
3629 5408 3782 5463 ταῦτα

2132 5493 2429 5564 διέλθωμεν
2468 5497 2603 5567 πρὸς
2628 5500 2843 5564 αὐτοὺς,
2877 5503 2934 5555 τὸ
2968 5504 3216 5573 μέγεθος,
3256 5507 3317 5559 τὸ
3346 5505 3536 5564 κάλλος
3557 5500 3649 5569 τῆς
3676 5491 3778 5547 κτί-

2134 5597 2297 5647 σεως,
2325 5581 2423 5653 τὴν
2448 5583 2750 5653 δαψίλειαν,
2782 5588 2880 5660 τὴν
2902 5590 3161 5658 ἀφθονίαν
3194 5593 3292 5664 τὴν
3322 5597 3378 5647 ἐν
3401 5594 3595 5647 ἅπασιν
3618 5603 3632 5651 ;
3656 5577 3779 5636 Αὐτὸ

2135 5667 2234 5737 μὲν
2266 5664 2358 5721 οὖν
2386 5670 2544 5725 τοῦτο
2581 5674 2817 5743 μάλιστά
2849 5679 2995 5731 ἐστιν
3036 5678 3310 5752 ἔγκλημα,
3341 5680 3519 5751 φησιν.
3551 5677 3626 5728 ὅτι
3648 5668 3774 5723 οὕτω

2199 5774 2220 5851 ς
2250 5778 2534 5851 Legionem
2564 5784 2753 5851 Sayijii,
2786 5789 3084 5851 ἀποστάσης,
3129 5792 3341 5844 reddidit
3375 5795 3623 5851 interpres.
3650 5783 3765 5833 Εωτο

2195 5842 2219 5917 ξ
2476 5860 2590 5917 [ηδε.
2622 5848 2698 5896 ἐπὶ
2719 5842 2950 5899 τοσοῦτον
2972 5842 3156 5917 χρόνον.

2194 5898 2220 5969 ξ·
2419 5906 2649 5967 ἀρθέντος.

2200 5964 2213 6000 ί
2245 5963 2395 6018 Ξεινιι.
2420 5963 2470 6017 cl
2496 5971 2695 6029 quidam
2718 5986 2831 6023 mss.
2859 5974 2943 6023 τοῦ
2967 5980 3159 6035 mir/9;.
3192 5980 3366 6033 Morel.
3393 5984 3441 6030 cl
3461 5978 3540 6028 alii
3562 5970 3641 6022 τοῦ
3658 5981 3759 6026 ταφ-
