4068 6422
536 390 640 447 115

530 501 616 555 hic
646 514 825 555 sermo
859 497 1037 567 :quod
1062 497 1204 551 enim
1234 511 1406 566 neque
1444 494 1750 565 magnitudo
1772 510 1872 549 nec
1893 504 2112 549 ornatus

532 590 822 660 impietatis
869 588 938 643 sit
983 601 1172 652 causa,
1202 587 1297 641 sed
1323 587 1536 641 illorum
1568 586 1883 656 ignorantia,
1914 600 2013 640 nos
2039 584 2113 637 nil

527 682 629 735 tale
659 681 800 750 passi
826 678 1180 734 declaramus.
1219 679 1334 745 Qua
1386 679 1528 732 enim
1567 678 1634 731 de
1672 691 1833 731 causa
1891 690 1988 730 nos
2013 675 2112 744 ipsi

524 770 733 824 divinos
764 769 998 823 honores
1028 782 1132 822 non
1157 768 1534 823 decrevimus?
1560 781 1737 821 nonne
1768 765 1953 821 iisdem
1980 779 2112 819 ocu-

524 860 587 913 lis
614 861 786 928 ipsum
811 860 1143 929 aspicimus?
1180 875 1358 913 nonne
1381 858 1568 912 eadem
1596 872 1662 912 ex
1692 856 1962 911 creatione
1990 870 2113 924 per-

521 952 751 1022 cipimus
774 968 893 1022 qua:
916 952 1029 1006 illi?
1064 966 1240 1005 nonne
1270 949 1510 1004 eamdem
1543 949 1772 1001 animam
1813 946 2112 1001 habemus?

525 1058 703 1097 nonne
731 1042 868 1097 idem
908 1056 1105 1111 corpus
1128 1038 1495 1109 possidemus?
1517 1052 1695 1093 nonne
1719 1037 1959 1093 eamdem
2001 1036 2111 1090 cal-

526 1149 712 1188 camus
749 1132 1039 1188 tellurem?
1062 1148 1168 1201 quo
1189 1130 1347 1185 modo
1378 1129 1712 1200 pulchritudo
1733 1140 1786 1183 et
1808 1128 2112 1198 magnitudo

524 1238 624 1278 nos
649 1225 835 1279 eadem
863 1239 985 1278 cum
1017 1222 1119 1276 illis
1153 1222 1351 1276 sentire
1386 1236 1492 1275 non
1520 1219 1817 1290 persuasit?
1851 1218 1959 1272 Nec
1991 1218 2111 1272 hinc

524 1328 656 1369 vero
683 1322 886 1369 tantum
938 1313 1041 1368 hoc
1070 1313 1239 1382 palam
1275 1312 1399 1377 erit,
1426 1310 1520 1365 sed
1575 1321 1631 1366 et
1678 1310 1910 1365 aliunde.
1958 1309 2111 1378 Quod

520 1408 666 1461 enim
699 1422 804 1460 non
835 1415 1054 1476 propter
1079 1403 1523 1474 pulchritudinem
1565 1403 1736 1472 ipsum
1767 1416 2113 1456 consecrave-

523 1497 651 1563 rint,
677 1495 771 1551 sed
794 1496 863 1551 ob
893 1496 1157 1564 propriam
1200 1493 1496 1558 stultitiam,
1527 1492 1707 1545 dicant
1747 1491 1956 1546 simiam
1999 1506 2102 1559 qua

525 1588 594 1642 de
614 1603 772 1642 causa
803 1588 1177 1652 adoraverunt,
1200 1584 1548 1649 crocodilum,
1567 1598 1777 1647 canem,
1804 1582 2110 1636 animalium

524 1678 812 1732 vilissima?
843 1678 976 1732 Vere
1004 1676 1333 1730 Evanuerunt
1366 1678 1417 1729 in
1470 1674 1852 1745 cogitationibus
1896 1673 2033 1737 suis,
2064 1681 2111 1724 et

525 1769 900 1825 obtenebratunt
920 1779 990 1823 est
1016 1769 1256 1838 insipiens
1283 1784 1370 1820 cor
1396 1783 1569 1821 eorum
1603 1782 1621 1821 :
1656 1765 1875 1819 dicentes
1902 1765 2033 1818 enim
2061 1779 2112 1818 se

526 1879 634 1915 esse
651 1865 920 1929 sapientes,
953 1861 1091 1914 stulti
1111 1860 1231 1930 facti
1271 1867 1386 1912 sunt
1429 1857 1689 1930 (Rom._l.
1720 1856 1812 1910 21.
1855 1855 1969 1925 2Q).
2004 1854 2110 1910 Ve-

526 1962 824 2006 rumtamen
857 1968 959 2004 non
991 1967 1054 2005 ex
1086 1950 1169 2005 his
1201 1958 1401 2004 tantum
1428 1918 1890 2019 resporfdebimus,
1918 1947 2011 2001 sed
2057 1954 2111 2001 et

524 2046 667 2099 aliud
695 2044 819 2113 quid
852 2045 1079 2113 amplius
1101 2045 1358 2098 dicemus.

595 2137 647 2190 4.
690 2136 814 2189 llaec
858 2137 999 2189 enim
1030 2136 1167 2188 Deus
1193 2134 1320 2188 olim
1354 2131 1649 2203 prmvidens
1670 2173 1683 2195 ,
1715 2139 1771 2185 et
1799 2130 1934 2184 hanc
1980 2129 2110 2198 ipsis

522 2242 710 2281 ansam
729 2226 1020 2280 secundum
1042 2225 1353 2293 sapientiam
1375 2239 1524 2277 suam
1546 2222 1755 2277 sustulit
1784 2239 1798 2275 :
1831 2229 2108 2290 propterea

525 2335 631 2373 non
660 2327 862 2372 tantum
893 2318 1189 2372 mirabilem
1218 2326 1272 2371 et
1301 2332 1545 2386 magnum
1564 2316 1689 2370 fecit
1717 2314 1991 2378 mundum,
2013 2310 2106 2367 sed

522 2419 581 2464 et
608 2409 1005 2477 corruptibilem
1026 2415 1090 2462 ‘et
1134 2407 1573 2471 marcescibilem,
1600 2415 1654 2460 et
1676 2406 1842 2475 ipsius
1872 2404 2111 2457 imbecil-

525 2499 695 2552 litatis
746 2499 942 2553 mullas
999 2498 1222 2551 inseruit
1260 2496 1848 2551 demonstrationeszet
1878 2494 2018 2565 quod
2057 2494 2110 2547 itt

528 2588 785 2657 apostolis
813 2586 937 2641 fecit
956 2628 970 2651 ,
1003 2586 1103 2640 hoc
1128 2595 1181 2639 et
1204 2586 1256 2639 in
1285 2594 1395 2640 toto
1430 2584 1648 2639 mundo.
1690 2585 1824 2652 Quid
1850 2591 2030 2638 autem
2057 2584 2110 2637 in

524 2678 781 2747 apostolis
829 2677 994 2731 fecit?
1042 2676 1304 2743 Quoniam
1352 2676 1499 2745 signa
1528 2675 1691 2729 multa
1728 2674 2026 2738 faciebant,
2056 2681 2111 2727 et

526 2768 780 2823 miracula
810 2783 996 2838 tnagna
1024 2779 1077 2822 et
1103 2767 1384 2831 mirabilia,
1431 2767 1577 2836 ipsos
1627 2774 1802 2820 tamen
1837 2780 1980 2834 smpe
2022 2764 2111 2821 lla-

526 2862 712 2931 geliari
762 2862 1020 2931 permisit,
1068 2861 1211 2931 pelli,
1239 2874 1505 2914 carcerem
1560 2858 1798 2914 habitare
1826 2900 1840 2924 ,
1871 2860 2108 2927 corporis

531 2954 748 3009 morbos
776 2953 954 3008 subire
977 2994 991 3018 ,
1026 2954 1076 3006 in
1103 2952 1369 3007 continuis
1390 2966 1510 3007 esse
1548 2950 1971 3006 tribulationibus
1993 2991 2008 3015 ,
2041 2965 2108 3005 ne

528 3045 800 3114 signorum
826 3042 1131 3113 magnitudo
1158 3041 1288 3097 deos
1319 3042 1460 3112 ipsos
1487 3041 1626 3111 apud
1663 3041 1904 3098 homines
1934 3040 2108 3110 putari

527 3135 759 3199 faceret;
801 3143 1098 3204 propterea,
1136 3142 1333 3189 tantam
1374 3134 1591 3204 largitus
1639 3135 1883 3202 gratiam,
1914 3147 2109 3201 corpus

527 3241 645 3282 csse
662 3228 884 3281 mortale
901 3227 1162 3297 permisit,
1176 3226 1354 3282 multis
1372 3242 1496 3282 vero
1513 3226 1953 3281 valetudinarium
1974 3240 1989 3289 ;
2008 3238 2109 3279 nec

526 3319 763 3385 ipsorum
790 3317 1150 3373 inﬁrmitatem
1181 3318 1427 3382 mutavit,
1446 3326 1504 3371 ut
1527 3326 1770 3371 naturam
1796 3315 2106 3369 insinuaret.

526 3408 638 3463 Nec
664 3423 814 3463 meus
854 3408 939 3462 hic
968 3422 1145 3463 sermo
1166 3449 1181 3473 ,
1211 3408 1306 3463 sed
1355 3409 1519 3478 ipsius
1548 3408 1695 3461 Pauli
1733 3407 1810 3462 sic
1834 3407 2059 3461 dicentis
2091 3423 2105 3459 :

529 3498 593 3553 Si
620 3498 752 3551 enim
780 3498 988 3568 gloriari
1007 3497 1210 3551 uoluero
1236 3538 1250 3563 ,
1297 3513 1399 3550 non
1427 3513 1511 3552 ero
1533 3497 1806 3565 insipiens;
1832 3514 1984 3566 parco
2008 3514 2106 3550 au-

532 3598 650 3652 tem,
676 3604 739 3641 ne
770 3589 880 3657 quis
922 3588 977 3641 in
1014 3603 1095 3641 nte
1124 3596 1261 3655 putet
1289 3603 1445 3657 supra
1470 3587 1604 3656 quod
1630 3587 1781 3651 videt,
1831 3587 1908 3640 vel
1962 3586 2105 3640 audit

531 3680 725 3750 aliquid
745 3697 807 3734 ea:
825 3697 902 3733 nte
928 3679 1125 3750 (Ἆρον.
1154 3680 1239 3734 12.
1267 3681 1345 3751 6);
1367 3689 1420 3734 et
1448 3694 1656 3734 rursum
1681 3698 1694 3734 :
1722 3678 1979 3734 Habemus
2007 3696 2106 3733 au-

530 3782 627 3826 tent
655 3773 940 3826 thesaurum
964 3774 1097 3827 hunc
1122 3774 1174 3827 in
1195 3775 1325 3827 vasis
1346 3773 1581 3842 ﬁctilibus
1603 3770 1946 3843 (2Cor.4.7).
1970 3773 2106 3842 Quid

527 3874 704 3920 autem
735 3874 835 3931 est,
869 3865 936 3919 In
960 3867 1090 3919 vasis
1116 3865 1392 3934 ﬁctilibus?
1419 3865 1473 3919 In
1498 3878 1725 3935 corpore
1754 3865 1874 3930 hoc,
1913 3866 2103 3935 inquit,

527 3956 740 4012 mortali
785 3966 838 4011 et
866 3957 1214 4027 corruptibili.
1260 3957 1410 4013 Sicut
1449 3957 1590 4012 enim
1622 3965 1754 4011 testa
1789 3972 1855 4011 ex
1900 3958 2013 4012 luto
2052 3965 2107 4012 ct

522 4048 646 4118 igne
674 4050 724 4103 iit
757 4050 872 4104 :sic
916 4049 1151 4119 proiecto
1179 4057 1232 4103 et
1260 4063 1457 4119 corpus
1505 4059 1806 4104 sanctorum
1857 4050 2102 4116 illorum,

525 4157 646 4197 cum
670 4141 740 4196 sit
767 4143 964 4197 luteum
989 4150 1045 4197 et
1064 4142 1352 4212 spiritualis
1380 4142 1514 4211 ignis
1536 4142 1825 4196 efﬁcaciam
1858 4157 2108 4212 suscepe-

521 4232 612 4297 rit,
647 4240 779 4286 testa
809 4232 1003 4287 factum
1036 4241 1137 4287 est.
1169 4233 1234 4287 Et
1252 4249 1355 4302 qua
1377 4232 1443 4286 de
1468 4248 1625 4286 causa
1649 4232 1749 4287 hoc
1776 4231 1970 4287 factum
2000 4242 2100 4298 est,

523 4331 582 4378 et
605 4321 908 4377 thesaurum
933 4324 1090 4378 talem
1112 4364 1129 4389 ,
1166 4332 1221 4377 et
1258 4323 1547 4393 gratiarum
1577 4325 1782 4394 copiam
1811 4324 2021 4378 mortali
2051 4331 2106 4378 et

520 4415 850 4483 Corruptibili
883 4415 1332 4485 intulitcorpori?
1375 4414 1440 4469 Ut
1483 4414 1948 4484 superabundantia
2001 4415 2104 4468 uir-

522 4498 643 4551 tutis
662 4498 727 4550 sit
752 4513 784 4549 a
803 4496 935 4564 Deo,
954 4506 999 4550 et
1026 4514 1127 4550 non
1152 4515 1185 4550 a
1212 4498 1353 4551 nobis
1375 4499 1391 4569 (
1403 4496 1426 4550 Ι
1435 4498 1536 4552 bid.
1549 4500 1584 4570 ).
1600 4498 1730 4553 Cum
1748 4499 1889 4554 enim
1907 4497 2106 4553 videris

522 4587 793 4656 apostolos
841 4596 1082 4643 mortuos
1123 4588 1334 4657 quidem
1388 4591 1738 4656 suscitantes,
1787 4592 1933 4662 ipsos
1978 4606 2106 4647 vero

521 4686 864 4745 aegrotantes,
897 4693 997 4734 nec
1021 4678 1331 4733 inﬁrmitate
1359 4694 1418 4734 se
1447 4679 1672 4736 liberare
1693 4682 1959 4744 valentes,
1993 4697 2106 4735 ma—

520 4770 715 4826 nifeste
757 4772 897 4828 scies
917 4813 933 4838 ,
982 4772 1180 4826 mortui
1223 4772 1667 4827 resurrectionem
1694 4789 1798 4827 non
1829 4790 1893 4829 ex
1914 4775 2106 4829 virtute

518 4862 843 4928 suscitantis,
871 4861 963 4917 scd
993 4862 1219 4932 Spiritus
1239 4863 1550 4931 operatione
1572 4863 1763 4918 iactam
1784 4880 1923 4919 esse.
1952 4865 2104 4930 Quod

519 4952 659 5006 enim
692 4951 997 5021 frequenter
1024 4962 1378 5023 :rgrotareut,
1408 4954 1528 5007 audi
1565 4954 1688 5023 quid
1727 4954 1794 5009 de
1824 4955 2103 5009 Timotheo

517 5041 660 5095 dicat
676 5042 999 5113 Apostolus:
1041 5043 1168 5099 Vino
1190 5044 1387 5099 modico
1408 5055 1546 5098 utere
1563 5056 1767 5116 propter
1789 5048 2101 5101 stomachum

513 5144 561 5187 et
586 5138 865 5205 frequentes
890 5138 1207 5206 infirmitates
1233 5147 1345 5191 tuas
1366 5139 1439 5210 (1.
1464 5137 1599 5191 Tim.
1621 5136 1771 5210 5.25)
1794 5156 1807 5205 ;
1827 5148 2101 5194 etrursom

518 5226 585 5279 de
609 5226 749 5279 alio:
786 5225 1114 5294 Trepidatum
1154 5240 1321 5282 autent
1342 5230 1522 5300 reliqui
1554 5228 1718 5283 Mileti
1740 5231 1996 5299 inﬁrmum
2021 5231 2096 5301 (ἓ.

524 5316 657 5369 Tim.
720 5319 768 5371 ὁ.
806 5318 922 5386 ‘20).
974 5318 1038 5371 Et
1078 5320 1505 5391 Philippensibus
1557 5322 1798 5375 scribens
1844 5322 2100 5377 dicebat:

516 5408 898 5477 Epaphroditus
929 5412 943 5443 ¹
972 5414 1228 5480 azgrotauit
1256 5430 1411 5482 prope
1434 5423 1642 5467 mortem
1665 5413 2098 5484 (Philipp.2.27).

519 5498 574 5551 Si
605 5500 746 5553 enim
777 5510 831 5555 et
857 5517 975 5556 eum
1010 5504 1121 5557 haec
1149 5517 1352 5570 essent,
1376 5506 1517 5573 ipsos
1539 5506 1666 5560 deos
1688 5522 1806 5560 csse
1824 5507 2097 5575 putabant,

521 5597 574 5639 et
600 5591 894 5646 sacriﬁcare
924 5597 1202 5662 parabant,
1221 5596 1460 5651 dicentes
1491 5615 1504 5649 :
1538 5596 1626 5650 Dii
1653 5598 1840 5651 similes
1862 5600 1985 5669 facti
2004 5601 2097 5653 Ιιυ-

521 5678 736 5732 minibus
757 5682 1116 5740 descenderunt
1139 5687 1206 5739 ad
1232 5704 1322 5741 nos
1346 5688 1479 5758 (Act.
1510 5690 1597 5744 14.
1630 5690 1744 5758 10).
1776 5690 1824 5745 si
1850 5691 1967 5748 lucc
1992 5706 2095 5748 no"

582 5772 601 5801 ³
635 5768 711 5815 Sic
731 5770 867 5819 savii.
889 5780 942 5822 et
962 5775 1126 5827 Morel.
1148 5778 1366 5838 Quinque
1390 5785 1517 5841 uss,
1544 5780 1814 5846 Epaphras.

1275 387 1334 443 S.
1374 384 1648 441 JOANNIS
1684 380 2159 440 CHRYSOSTOMI
2198 368 2515 438 ARClllEP.
2556 372 3097 438 CONSTANTlNOP.

3710 390 3808 447 116

2220 492 2556 560 accidissent,
2587 493 2650 547 ad
2678 494 2806 564 quid
2838 494 3144 564 impietatis,
3175 493 3444 549 miraculis
3467 502 3807 568 conspectis,

2221 592 2345 639 tunc
2368 598 2473 639 non
2499 585 2924 654 processissent?
2946 585 3095 641 Sicut
3138 586 3295 658 igitur
3342 588 3427 644 hic
3473 602 3702 661 propter
3740 596 3811 648 si-

2217 691 2443 747 gnorum
2475 677 2894 748 magnitudinem
2920 686 2973 734 et
2997 686 3241 734 naturam
3272 694 3459 736 eorum
3494 683 3549 737 in
3598 683 3812 741 inﬁrmi-

2227 778 2332 823 tate
2363 784 2482 823 esse
2508 770 2771 840 permisit,
2798 779 2851 824 et
2874 770 3175 840 frequentes
3196 772 3440 841 permisit
3462 775 3807 842 tentationes,

2219 875 2287 915 ne
2318 868 2627 930 putarentur
2645 875 2764 916 esse
2787 861 2858 916 dii
2892 877 2907 914 :
2938 863 3014 916 sic
3033 872 3087 917 et
3116 864 3166 916 in
3188 872 3428 919 creatura
3448 867 3635 922 mundi
3655 870 3809 938 quid-

2216 950 2338 1005 dam
2367 951 2447 1006 his
2468 952 2641 1007 simile
2671 952 2793 1007 lecit
2816 969 2831 1006 :
2852 953 3048 1007 etenim
3089 953 3363 1023 pulchram
3391 956 3563 1024 ipsam
3600 966 3658 1012 et
3699 975 3810 1013 ma-

2216 1058 2372 1112 gnam
2403 1043 2525 1097 fecit
2552 1053 2642 1109 ,et
2686 1058 2896 1099 rursum
2940 1045 3340 1115 corruptibilem
3387 1050 3690 1106 constituit.
3747 1053 3808 1107 Et

2220 1135 2332 1188 lttrc
2359 1144 2580 1202 utraque
2606 1134 2897 1204 Scriptura:
2936 1136 3165 1191 docent:
3195 1135 3281 1191 hic
3309 1138 3523 1208 quidem
3552 1141 3805 1196 calorum

2219 1224 2662 1293 pulchritudinem
2716 1241 2960 1291 narrans,
3014 1227 3093 1282 sic
3140 1228 3310 1297 inquit
3356 1247 3370 1282 :
3413 1229 3538 1285 σιειὶ
3566 1245 3807 1287 enarrant

2218 1318 2439 1387 gloriam
2469 1315 2566 1372 Dei
2593 1317 2764 1388 (Psal.
2786 1319 2872 1374 18.
2900 1321 2938 1377 2
2966 1319 3022 1391 ):
3056 1330 3110 1375 et
3130 1334 3342 1375 rursum
3367 1339 3380 1375 :
3418 1322 3517 1389 Qui
3546 1326 3805 1379 constituit

2216 1408 2397 1463 ca’lum
2420 1408 2552 1462 velut
2577 1427 2850 1478 cameram,
2891 1424 2939 1465 et
2963 1413 3185 1466 extendit
3212 1414 3378 1483 ipsum
3404 1417 3553 1485 quasi
3575 1417 3805 1472 taberna-

2214 1502 2383 1555 culum
2411 1502 2463 1555 in
2492 1511 2623 1555 terra
2653 1501 2701 1573 (1
2711 1505 2807 1558 sai.
2831 1503 2918 1560 40.
2950 1505 3046 1574 22)
3069 1522 3083 1570 ;
3106 1516 3160 1560 et
3190 1522 3400 1561 rursum
3427 1509 3567 1575 :Qui
3588 1511 3803 1565 continet

2209 1593 2476 1648 circuitum
2499 1594 2612 1648 caeli
2632 1594 2817 1667 (Eccli.
2835 1597 2923 1651 45.
2949 1599 3063 1669 13).
3083 1599 3233 1652 Alter
3254 1614 3387 1654 vero
3401 1600 3800 1669 demonstrans,

2214 1687 2316 1743 etsi
2347 1687 2621 1757 pulchrum
2649 1697 2702 1742 et
2729 1704 2978 1758 magnum
3000 1732 3016 1756 ,
3043 1698 3221 1744 tamen
3266 1692 3615 1761 corruptibile
3657 1706 3798 1760 esse,

2214 1781 2291 1835 sic
2312 1781 2516 1850 inquit:
2550 1779 2708 1834 Initio
2738 1790 2812 1846 ιιι,
2846 1779 3081 1846 Domine,
3106 1792 3294 1835 terram
3323 1782 3577 1853 fundasti,
3608 1793 3656 1837 et
3682 1801 3799 1853 ope-

2213 1888 2273 1924 ra
2301 1887 2543 1924 ntunuunt
2586 1880 2787 1924 tuarum
2827 1882 2945 1926 sunt
2968 1873 3079 1926 ειειὶ
3102 1889 3122 1927 :
3141 1874 3240 1944 ipsi
3263 1875 3521 1944 peribunt,
3549 1885 3603 1929 tu
3637 1886 3799 1930 autem

2214 1980 2495 2034 permanes,
2537 1973 2582 2018 et
2622 1979 2792 2019 omnes
2817 1965 2951 2018 sicut
2986 1965 3332 2019 vestimentum
3385 1974 3801 2032 veterascent;et

2206 2054 2340 2107 sicut
2365 2055 2672 2123 opertorium
2698 2054 2915 2109 mutabis
2940 2070 3061 2122 eos,
3112 2065 3160 2111 et
3207 2056 3558 2110 mutabuntur
3592 2052 3611 2119 (
3638 2051 3791 2106 Psal.

2215 2146 2336 2201 101.
2364 2146 2455 2201 26.
2479 2145 2591 2219 27).
2621 2147 2685 2201 Et
2715 2147 2906 2201 iterum
2941 2146 3009 2201 de
3050 2147 3165 2202 sole
3205 2148 3375 2216 inquit
3414 2147 3557 2201 idem
3595 2147 3789 2201 David:

2216 2237 2491 2308 Tamquam
2519 2254 2733 2307 sponsus
2766 2238 3038 2307 procedens
3073 2238 3137 2301 de
3187 2240 3410 2291 thalamo
3460 2255 3557 2293 suo
3588 2255 3608 2293 :
3631 2238 3798 2293 exsul-

2213 2330 2336 2383 tavit
2356 2340 2410 2383 ut
2436 2329 2578 2401 gigas
2597 2331 2665 2383 ad
2684 2329 2983 2383 currendum
3003 2330 3133 2382 viam
3156 2328 3324 2398 (Psal.
3352 2330 3439 2384 18.
3474 2329 3555 2402 6).
3588 2329 3795 2396 Vidisti,

2213 2420 2481 2487 quomodo
2503 2420 2694 2474 sideris
2736 2420 3183 2489 pulchritudinem
3210 2421 3363 2474 simul
3389 2429 3443 2474 et
3475 2420 3796 2491 magnitudi-

2218 2526 2338 2565 nem
2363 2511 2454 2564 tibi
2477 2520 2601 2565 ante
2623 2512 2808 2566 oculos
2848 2512 3057 2581 posuit?
3105 2512 3255 2566 Sicut
3282 2513 3423 2566 enim
3454 2527 3520 2566 ex
3568 2513 3797 2566 thalamo

2213 2600 2443 2671 quodam
2466 2616 2696 2672 sponsus
2715 2616 2996 2671 apparens,
3020 2601 3097 2655 sic
3130 2610 3183 2655 et
3205 2603 3282 2655 sol
3310 2602 3409 2657 sub
3436 2618 3688 2657 auroram
3709 2618 3792 2656 ra-

2214 2694 2330 2748 dios
2357 2694 2539 2758 mittit,
2579 2703 2633 2748 et
2663 2704 2930 2762 tamquam
2967 2692 3195 2763 quodam
3249 2708 3443 2747 croceo
3471 2695 3595 2748 velo
3612 2694 3793 2748 omium

2213 2799 2408 2841 ornans
2431 2826 2446 2850 ,
2478 2794 2532 2838 et
2566 2799 2748 2839 roseas
2779 2785 2978 2839 faciens
3002 2785 3189 2850 nubes,
3221 2793 3275 2838 et
3301 2787 3417 2839 sine
3444 2784 3650 2840 offensa
3679 2799 3793 2838 cur-

2213 2892 2339 2932 rens
2369 2886 2535 2931 totum
2560 2876 2724 2940 diem,
2746 2876 2887 2930 nullo
2908 2890 3120 2931 cursum
3138 2876 3414 2930 obstaculo
3436 2875 3789 2942 interrumpit.

2215 2967 2403 3022 Vidisti
2428 2968 2582 3039 igitur
2611 2967 2777 3036 ipsius
2797 2966 3287 3037 pulchritudinem?
3315 2966 3492 3020 vidisti
3530 2967 3791 3037 magnitu-

2211 3061 2431 3117 dinem?
2467 3061 2588 3115 vide
2617 3070 2672 3115 et
2699 3060 3073 3115 imbecillitatis
3102 3060 3221 3129 ejus
3261 3059 3788 3116 demonstrationem.

2212 3155 2420 3209 Etenim
2442 3162 2496 3208 et
2520 3154 2620 3207 hoc
2645 3154 3019 3208 demonstrans
3053 3155 3267 3221 sapiens
3291 3152 3505 3222 quidam
3529 3152 3740 3208 dicebat
3771 3166 3786 3204 :

2217 3245 2351 3313 Quid
2376 3245 2596 3299 lucidius
2624 3246 2771 3298 sole?
2788 3253 2835 3298 et
2856 3244 2938 3297 hic
2958 3244 3125 3313 deﬁcit
3153 3244 3338 3315 (Eccli.
3380 3245 3467 3297 i7.
3529 3242 3649 3314 50).
3684 3240 3786 3295 Nec

2213 3353 2279 3391 ex
2304 3337 2407 3392 hoc
2454 3346 2659 3390 tantum
2705 3335 2872 3405 ipsius
2923 3334 3341 3390 imbecillitatem
3389 3335 3577 3389 videre
3618 3333 3784 3396 datur,

2213 3429 2307 3483 sed
2333 3429 2491 3483 etiam
2518 3428 2570 3481 in
2593 3426 2812 3481 nubium
2836 3426 3202 3481 concursibus.
3244 3425 3394 3480 Nube
3425 3425 3586 3495 igitur
3603 3422 3789 3492 saapius

2213 3520 2398 3575 subtus
2413 3517 2864 3585 currente,radios
2885 3518 3258 3584 immitteus,et
3278 3518 3475 3572 nubem
3491 3514 3789 3572 discindere

2212 3624 2456 3678 conatus,
2488 3629 2592 3668 non
2618 3610 2913 3682 prmvaluit,
2935 3626 3054 3664 cum
3076 3621 3218 3665 esset
3239 3609 3409 3665 nubes
3424 3609 3675 3673 crassior,
3696 3619 3793 3660 nec-

2212 3706 2313 3776 ipsi
2344 3705 2535 3761 cedere
2562 3704 2742 3759 vellet.
2782 3702 2890 3757 Sed
2917 3701 3143 3768 semina,
3174 3703 3373 3772 inquit,
3407 3703 3576 3756 nutrit
3607 3721 3620 3758 :
3648 3699 3782 3770 atqui

2212 3812 2321 3851 non
2343 3796 2455 3865 ipse
2473 3796 2639 3850 nutrit
2661 3794 2829 3861 solus,
2856 3794 2950 3848 sed
2971 3803 3026 3849 et
3045 3803 3200 3849 terra:
3228 3794 3429 3863 indiget
3474 3809 3537 3847 ac
3565 3794 3714 3859 roris,
3737 3800 3787 3847 ct

2213 3888 2507 3958 pluviarum
2530 3897 2690 3957 atque
2718 3895 3018 3952 ventorum,
3051 3885 3274 3940 etbonte
3304 3893 3678 3955 tempestatum
3699 3898 3788 3937 an-

2212 3981 2267 4035 ni
2292 3978 2711 4043 distributionis;
2736 3978 2837 4033 nisi
2864 3977 2979 4033 haec
3004 3978 3179 4033 omnia
3195 3978 3581 4045 concurrerint,
3604 3990 3786 4048 super-

2213 4072 2358 4128 ﬂuus
2389 4073 2449 4126 ﬁt
2473 4071 2603 4125 solis
2632 4087 2781 4125 usus.

2282 4162 2380 4216 Dei
2402 4160 2562 4216 solius
2591 4162 2851 4231 praprium
2893 4179 2995 4215 non
3032 4161 3273 4234 indigere.
3301 4192 3371 4203 —
3395 4161 3509 4217 Hoc
3535 4178 3662 4218 vero
3691 4158 3780 4215 Dei

2212 4270 2317 4308 non
2346 4263 2445 4318 est,
2474 4252 2540 4306 ad
2580 4268 2642 4306 ea
2670 4252 2906 4307 facienda
2934 4267 3051 4323 quae
3079 4253 3212 4316 vult,
3244 4253 3361 4308 aliis
3399 4252 3671 4323 indigere:
3698 4248 3784 4303 Dei

2211 4347 2353 4400 enim
2385 4344 2614 4400 maxime
2644 4344 2934 4414 proprium,
2958 4359 3064 4398 non
3089 4343 3342 4413 indigere.
3374 4342 3492 4413 Ipse
3517 4344 3657 4398 enim
3686 4354 3780 4394 non

2212 4439 2289 4493 sic
2326 4452 2358 4492 e
2412 4447 2552 4492 terra
2600 4438 2804 4491 semina
2853 4436 3088 4506 protulit,
3140 4436 3231 4491 scd
3284 4446 3486 4490 tantum
3521 4436 3696 4505 jussit,
3736 4438 3784 4485 et

2213 4531 2391 4586 omnia
2422 4530 2871 4600 germinavernnt.
2903 4530 2965 4583 Et
2991 4545 3202 4584 rursum
3232 4539 3287 4583 ttt
3311 4530 3506 4595 discas,
3546 4547 3649 4585 non
3683 4528 3784 4583 ele-

2212 4630 2509 4677 mentorum
2539 4630 2804 4687 naturam,
2835 4620 2930 4676 sed
2974 4620 3140 4690 ipsius
3176 4619 3483 4675 mandatum
3510 4620 3680 4674 omnia
3709 4617 3781 4669 la-

2210 4729 2354 4780 cere,
2392 4714 2610 4783 ipsaque
2638 4713 2924 4778 elementa,
2966 4726 3084 4781 quae
3125 4726 3233 4765 non
3271 4720 3445 4777 erant,
3474 4710 3780 4780 producere,

2210 4804 2412 4860 Iudaeis
2458 4806 2656 4859 nullius
2692 4820 2793 4872 ope
2825 4818 3013 4856 manna
3053 4803 3303 4858 demisit:
3339 4803 3552 4868 Panem,
3602 4800 3779 4871 inquit,

2207 4889 2320 4951 τιυιί
2363 4898 2500 4951 dedit
2539 4898 2611 4950 eis
2656 4895 2824 4965 (Psal.
2858 4896 2943 4948 77.
2970 4894 3085 4966 24).
3135 4896 3201 4949 Et
3229 4895 3354 4964 quid
3383 4894 3502 4949 dico
3528 4895 3690 4949 solem
3718 4888 3780 4941 ad

2209 4990 2473 5043 fructuum
2505 4987 2890 5055 vegetatiouem
2919 4986 3371 5054 mutationemque
3411 4986 3531 5041 aliis
3556 4984 3781 5053 indigere

2209 5079 2508 5141 elementis,
2531 5094 2651 5132 cum
2676 5086 2729 5133 et
2758 5078 2938 5131 multis
2964 5077 3029 5130 ad
3051 5077 3130 5131 sui
3154 5078 3586 5133 constitutionem
3617 5079 3777 5146 egeat,

2210 5186 2308 5226 nec
2334 5171 2448 5240 ipse
2476 5169 2574 5224 sibi
2605 5167 2851 5223 sufﬁcere
2878 5166 3117 5237 possit“!
3145 5168 3351 5238 Quippe
3377 5178 3434 5223 ut
3454 5168 3630 5232 vadat,
3658 5163 3780 5219 cutio

2207 5262 2429 5331 indiget,
2458 5270 2705 5330 tanquam
2733 5261 3035 5329 pavimento
3062 5259 3288 5329 quodam
3318 5262 3591 5328 supposito
3616 5277 3628 5313 :
3655 5264 3704 5310 et
3729 5258 3777 5305 ut

2207 5358 2402 5421 luceat,
2429 5355 2568 5409 aeris
2589 5356 2815 5422 puritate
2843 5362 2898 5409 et
2927 5354 3200 5407 tenuitate.
3229 5352 3381 5419 Quod
3408 5354 3452 5406 si
3489 5352 3575 5407 hic
3603 5356 3777 5420 ιιι-αξιοι·

2209 5446 2425 5500 modum
2453 5445 2727 5512 densetur,
2751 5445 2839 5499 ille
2870 5445 3041 5499 lucem
3073 5459 3227 5498 suam
3253 5443 3536 5499 ostendere
3566 5458 3665 5497 non
3693 5451 3776 5506 p0-

2271 5602 2289 5631 ι
2323 5601 2407 5647 Hic
2432 5600 2588 5649 secuti
2625 5612 2794 5648 sumus
2820 5598 3060 5648 Savilium.
3086 5596 3405 5659 Apudatorel.
3432 5603 3484 5645 et
3519 5587 3773 5659 MODlt‘filk'a

2205 5662 2276 5709 sic
2296 5659 2447 5710 habet
2471 5663 2547 5710 hic
2593 5660 2728 5711 locus
2749 5661 3032 5709 mutilatos:
3061 5653 3264 5769 Efﬂuit!
3307 5657 3417 5707 dico
3455 5657 3579 5720 quod
3603 5653 3662 5702 ad
3682 5653 3775 5719 [inv

2206 5729 2368 5769 ctuum
2392 5722 2728 5769 veactalionem
2765 5720 2874 5769 aliis
2911 5721 3094 5769 iudiaet
3117 5732 3143 5769 ε
3191 5718 3406 5769 utentis?
3444 5718 3510 5768 ad
3546 5718 3773 5769 proprium

2206 5729 2372 5795 ctuunt
2392 5722 2728 5795 vegetationem
2765 5720 2874 5795 aliis
2911 5721 3094 5795 indiget
3117 5718 3406 5795 eisntentis?
3444 5718 3510 5768 ad
3544 5718 3773 5785 protinam

2208 5781 2585 5843 constituitth
2601 5797 2693 5835 non
2716 5782 2951 5851 adficeret
2972 5781 3074 5848 ipse
3096 5781 3207 5838 sibi.
