4068 6428
230 350 318 404 11⁸1
1270 343 1360 397 AD
1396 340 1713 397 POl‘ULUM
1752 338 2242 397 ANTIOCHENUM
2305 340 2533 396 HOMIL.
2573 340 2641 397 X.

228 471 322 517 test
347 479 359 516 :
388 468 441 514 et
484 475 551 514 ne
586 458 832 514 omnibus
863 458 933 512 sit
971 458 1336 524 intolerabilis,
1396 475 1567 529 neque
1605 468 1795 513 cuneta

228 553 513 619 comburat,
545 550 828 621 frigiditate
856 566 1043 605 rursus
1072 540 1195 620 eget
1214 566 1277 604 ac
1301 566 1442 605 rore.
1468 552 1598 606 Cum
1627 556 1800 620 ipsum

231 647 379 714 igitur
404 644 603 713 reliqua
624 644 836 696 vincant
859 643 1141 706 elementa,
1172 651 1225 697 et
1249 642 1414 713 ipsius
1438 643 1800 712 impotentiam

229 739 540 795 emendent:
568 737 785 791 vincunt
808 736 1045 805 quidem,
1078 737 1215 791 sicut
1242 737 1432 798 nubes,
1476 744 1529 790 et
1559 735 1719 802 muri,
1747 743 1801 790 et

228 832 272 887 ll
292 829 574 900 aqumdam
601 844 825 899 corpora
854 829 1018 899 ipsius
1040 830 1211 884 lucem
1238 830 1658 885 abscondentia':
1685 843 1805 883 cor-

228 927 393 993 rigunt
415 935 592 979 autem
634 923 800 992 ipsius
834 923 1322 993 intemperantiam,
1371 925 1511 979 sicut
1539 939 1712 990 rores,
1745 934 1800 978 et

229 1023 406 1083 fontes,
437 1029 492 1075 et
520 1022 659 1076 aeris
687 1019 966 1091 l'rigiditas,
987 1020 1257 1090 quomodo
1286 1020 1373 1075 hic
1398 1020 1538 1074 Deus
1564 1034 1683 1074 esse
1704 1034 1801 1089 po-

229 1115 358 1169 test?
386 1114 553 1168 Deum
594 1114 737 1168 enim
776 1128 881 1168 non
927 1113 1164 1184 indigere
1205 1113 1561 1168 necessnrium
1603 1120 1706 1177 est,
1747 1119 1802 1166 et

233 1205 365 1259 nulla
415 1220 474 1259 re
519 1219 652 1275 opus
689 1205 903 1270 habere,
925 1212 981 1259 et
1004 1205 1241 1259 omnium
1272 1203 1518 1259 omnibus
1542 1204 1800 1257 bonorum

228 1311 335 1352 esse
362 1307 652 1360 auctorem,
692 1306 747 1352 et
785 1311 815 1349 a
846 1296 1060 1351 nemine
1098 1295 1390 1365 prohiberi,
1434 1295 1572 1348 sicut
1600 1293 1804 1348 scilicet

228 1390 291 1444 de
306 1390 408 1445 Deo
423 1389 500 1443 ait
517 1389 712 1443 Paulus
738 1398 793 1444 et
816 1388 1075 1461 propheta
1091 1387 1369 1450 Jeremias,
1394 1387 1481 1440 hic.
1499 1386 1711 1456 quidem
1731 1400 1802 1440 ex

231 1483 379 1552 ipsius
405 1496 653 1551 persona,
701 1481 922 1537 dicens:
953 1482 1143 1538 Caelum
1178 1488 1224 1534 et
1252 1489 1437 1534 terram
1476 1494 1568 1550 ego
1596 1478 1800 1546 impleo.

228 1574 290 1626 ait
315 1572 560 1627 Dominus
583 1570 638 1642 (J
643 1589 709 1625 er.
731 1571 967 1643 25.24);
999 1579 1054 1625 ct
1092 1583 1303 1625 rursum
1327 1588 1342 1624 :
1370 1569 1502 1623 Deus
1521 1569 1803 1638 apprOpin-

229 1682 373 1734 quans
398 1681 489 1734 ego
518 1681 653 1729 sum,
674 1672 719 1717 et
747 1680 846 1717 non
876 1662 1010 1717 Deus
1031 1663 1229 1733 alonge
1256 1661 1438 1733 (1b.v.
1465 1659 1558 1733 25)
1579 1678 1598 1714 :
1620 1669 1673 1715 et
1688 1675 1805 1713 rur-

227 1772 308 1810 sus
330 1755 521 1810 David:
554 1755 677 1808 Diri
695 1753 934 1820 Domino,
963 1753 1102 1808 Deus
1123 1769 1261 1807 meus
1286 1770 1337 1807 es
1362 1763 1435 1816 tu,
1458 1752 1696 1823 quoniam
1718 1751 1806 1806 bo-

230 1864 392 1899 norum
418 1862 646 1899 meorum
687 1862 788 1899 non
819 1862 931 1916 eges
961 1843 1129 1916 (Psal.
1164 1844 1254 1900 15.
1285 1842 1365 1915 2).
1395 1843 1590 1898 Paulus
1625 1852 1802 1898 autem

228 1938 379 2006 ipsius
425 1937 639 2006 copiam
679 1937 876 1993 nullius
926 1937 1249 2008 indigentem
1302 1936 1703 2001 demonstrans,
1749 1944 1806 1991 et

229 2029 494 2086 ostendens
514 2030 633 2085 tunc
655 2030 813 2085 ambo
837 2031 1073 2085 maxime
1096 2030 1189 2084 Dei
1211 2044 1350 2095 esse,
1370 2030 1519 2083 nullo
1544 2029 1800 2098 indigere,

229 2130 275 2176 et
300 2122 542 2176 omnibus
580 2122 760 2176 omnia
804 2123 1231 2187 subministrare,
1277 2124 1357 2176 sic
1396 2122 1565 2192 inquit
1607 2138 1620 2173 :
1667 2121 1805 2174 Deus

229 2213 304 2278 qui
340 2213 453 2283 fecit
479 2212 666 2267 ctutum
695 2223 742 2266 et
779 2222 963 2267 terram
988 2222 1060 2267 tet
1104 2229 1264 2278 mare,
1308 2212 1500 2268 nullius
1533 2212 1762 2282 indigens
1785 2253 1801 2277 ,

230 2308 323 2374 ipse
348 2307 495 2359 vitam
526 2307 759 2361 omnibus
811 2306 1070 2378 praebens,
1120 2316 1167 2361 et
1219 2307 1492 2378 spiritum,
1544 2316 1592 2359 et
1634 2306 1804 2360 omnia

231 2396 349 2470 (Act.
394 2399 478 2453 17.
519 2398 615 2453 es.
644 2399 760 2470 25).

293 2487 340 2543 5.
379 2487 601 2543 Licebat
646 2488 857 2560 quidem
907 2497 960 2543 et
1004 2489 1108 2544 alia
1160 2503 1475 2559 percurrere
1516 2488 1801 2554 elementa,

228 2580 422 2648 malum,
452 2596 658 2647 aerem,
696 2592 915 2649 terram,
944 2598 1115 2647 mare,
1147 2592 1203 2637 et
1249 2583 1484 2652 ipsorum
1517 2580 1802 2637 imbecilli-

229 2684 372 2728 tatem
417 2675 812 2743 demmtstrare,
854 2686 910 2731 et
948 2676 1217 2746 quomodo
1268 2676 1511 2746 proximo
1556 2674 1805 2745 quodque

231 2765 434 2836 indiget,
482 2776 540 2822 et
589 2767 705 2823 sine
743 2768 845 2823 hoc
888 2769 1028 2838 perit
1075 2777 1131 2822 et
1171 2768 1549 2836 corrumpitur.
1592 2766 1802 2821 Etenim

230 2867 375 2923 terra,
394 2861 435 2914 si
452 2860 706 2916 deficiant
725 2877 841 2916 eam
868 2860 1064 2928 fontes,
1088 2872 1144 2917 et
1163 2860 1449 2915 humiditas
1476 2869 1587 2913 tum
1614 2875 1642 2911 a
1670 2860 1803 2912 mari

231 2960 331 3006 tum
358 2970 384 3005 a
410 2953 588 3008 ﬂuviis
618 2953 813 3019 infusa,
840 2964 977 3009 tosta
1015 2954 1162 3009 brevi
1188 2953 1525 3023 disperdetur
1551 2968 1564 3004 :
1589 2960 1645 3006 et
1680 2951 1803 3005 reli-

234 3058 324 3113 qua
362 3058 485 3100 vero
529 3046 796 3101 elementa
843 3046 1012 3100 altero
1051 3047 1279 3101 alterum
1319 3044 1576 3115 indigent,
1629 3051 1684 3098 et
1712 3058 1805 3097 aer

232 3139 351 3201 sole,
372 3139 504 3194 sicut
533 3139 618 3193 sol
647 3155 771 3195 aere
796 3156 809 3193 :
840 3139 932 3193 sed
958 3155 1026 3193 ne
1046 3139 1386 3208 prolixiorem
1408 3137 1663 3192 faciamus
1690 3150 1805 3191 ser—

237 3244 447 3295 monem,
487 3246 555 3285 ex
585 3230 741 3285 dictis
787 3231 980 3284 multas
1018 3228 1325 3285 volentibus
1367 3228 1676 3285 occasiones
1704 3227 1805 3282 de-

238 3319 360 3374 disse
390 3321 514 3376 satis
545 3321 725 3375 fuerit.
759 3320 814 3375 Si
842 3321 984 3375 enim
1012 3322 1154 3375 omni
1182 3329 1426 3376 creatura
1465 3320 1543 3374 sol
1575 3319 1801 3374 admira-

239 3409 373 3465 bilior
442 3423 550 3467 tam
602 3414 881 3468 imbecillis
936 3424 991 3469 et
1038 3414 1193 3483 ineps
1249 3428 1368 3468 esse
1405 3412 1515 3483 jam
1563 3419 1802 3482 apparet,

243 3502 387 3556 multo
415 3504 590 3574 magis
614 3504 734 3558 alite
756 3504 937 3559 mundi
967 3513 1146 3572 partes
1173 3522 1186 3559 :
1210 3504 1353 3575 quod
1379 3519 1445 3560 eo
1482 3503 1612 3566 dixi,
1642 3511 1701 3557 ut
1725 3502 1807 3557 la-

241 3591 439 3648 boriosis
468 3596 558 3649 illa
581 3596 874 3665 przeberem
904 3595 1204 3666 colligenda
1242 3615 1255 3649 :
1287 3598 1400 3666 ipse
1425 3594 1493 3650 de
1518 3594 1807 3665 Scripturis

241 3682 406 3739 iterum
436 3687 596 3743 vobis
621 3686 901 3753 disseram,
934 3686 1330 3750 demonstrans,
1361 3701 1468 3741 non
1509 3685 1677 3740 solem
1700 3694 1810 3739 tan-

240 3782 352 3836 tum,
380 3776 469 3831 sed
499 3788 556 3831 et
586 3785 755 3831 totum
791 3777 1048 3832 mundum
1073 3777 1471 3846 corruptibilem
1497 3791 1637 3831 esse.
1675 3774 1806 3831 Cum

239 3867 360 3921 etaim
392 3869 661 3925 elementa
704 3884 825 3926 sese
851 3879 1037 3925 mutuo
1062 3876 1401 3933 consumant,
1434 3878 1490 3924 et
1530 3868 1659 3922 solis
1683 3867 1807 3938 qui-

239 3956 342 4012 dem
360 3962 651 4031 potentiam
676 3962 1059 4032 superveniens
1079 3963 1251 4031 major
1277 3960 1533 4032 l'rigiditas
1561 3959 1806 4030 castiget,

239 4049 359 4106 hanc
383 4062 562 4108 autem
593 4053 826 4108 vicissim
868 4054 1017 4110 calor
1055 4052 1387 4109 lnvalescens
1420 4062 1718 4115 consumat,
1755 4060 1809 4107 et

238 4148 507 4200 contrarias
524 4145 810 4215 qualitates
829 4155 882 4201 et
902 4145 1278 4216 dispositiones
1298 4147 1525 4202 alterum
1557 4145 1608 4199 iu
1639 4146 1809 4209 altero

238 4229 411 4287 iaciant
449 4245 504 4290 et
528 4236 803 4306 patiantur
837 4238 1103 4293 elementa
1142 4254 1155 4291 :
1187 4245 1393 4293 certum
1422 4246 1506 4293 est
1543 4236 1658 4290 haec
1688 4252 1808 4291 ma-

239 4336 339 4391 gnat
384 4328 744 4396 corruptionis
795 4340 1166 4399 argumentum
1207 4328 1465 4400 praebere,
1511 4336 1565 4384 et
1614 4343 1810 4398 corpus

239 4428 343 4471 esse
364 4434 712 4490 quaecumque
731 4420 997 4476 videntur.
1029 4420 1132 4477 Sed
1159 4419 1409 4491 quoniam
1434 4420 1687 4475 tenuitate
1715 4434 1812 4474 no-

239 4519 333 4564 stra
358 4513 513 4569 altior
540 4513 632 4569 hic
660 4524 741 4569 est
766 4529 964 4579 sermo,
997 4530 1095 4585 age
1123 4514 1190 4569 ad
1218 4514 1426 4570 dulcem
1448 4529 1543 4568 vos
1573 4513 1812 4583 Scriptu—

240 4617 400 4660 rarum
444 4606 648 4662 fontem
691 4617 935 4677 agentes,
977 4623 1135 4663 aures
1190 4617 1398 4662 vestras
1455 4606 1802 4661 inulccamus.

241 4692 340 4749 Non
370 4698 509 4752 enim
534 4698 604 4753 de
622 4699 757 4753 cmlo
777 4707 831 4753 et
854 4709 994 4753 terra
1022 4699 1327 4768 singillatim
1365 4698 1519 4752 vobis
1544 4698 1807 4761 dicemus,

240 4785 321 4840 sed
341 4787 407 4843 de
430 4789 576 4843 omni
603 4790 803 4860 pariter
826 4798 1068 4846 creatura
1091 4789 1192 4844 hoc
1216 4790 1389 4859 ipsum
1416 4789 1567 4843 vobis
1586 4787 1811 4846 demon—

241 4886 475 4935 strantem
490 4884 807 4952 Apostolum
821 4883 1195 4946 ostendemus,
1212 4882 1394 4951 sicque
1419 4880 1697 4935 manifeste
1725 4878 1810 4931 di-

245 4980 458 5036 centem,
497 4974 639 5043 quod
669 4975 843 5027 omnis
880 4983 1125 5029 creatura
1155 4974 1484 5042 corruptioui
1527 4986 1668 5026 nunc
1695 4987 1812 5029 ser-

243 5061 352 5127 viat,
392 5072 446 5118 et
487 5081 652 5135 quare
693 5064 910 5130 serviat,
954 5074 1007 5120 et
1041 5065 1255 5136 quando
1295 5064 1604 5128 mutabitur,
1660 5074 1715 5119 et
1759 5065 1811 5119 in

245 5154 434 5216 qualem
459 5155 708 5210 transibit
741 5155 1121 5210 conditionem.
1155 5155 1440 5224 Postquam
1470 5155 1612 5210 enim
1639 5154 1771 5208 dixit
1796 5172 1808 5207 :

248 5241 353 5298 Non
375 5258 487 5301 sunt
514 5249 778 5319 condigna:
798 5250 1056 5318 passiones
1084 5249 1343 5318 praesentis
1372 5249 1608 5319 temporis
1632 5248 1701 5299 ad
1726 5251 1812 5318 [u-

245 5343 393 5390 turam
423 5340 639 5410 gloriam
665 5357 778 5410 qua:
812 5341 1114 5395 revelabitur
1150 5342 1204 5395 in
1233 5341 1395 5403 nobis,
1424 5341 1604 5395 intulit
1629 5358 1641 5394 :
1677 5340 1814 5394 Nam

249 5432 533 5497 exspectatio
551 5443 796 5487 creaturis
814 5432 1165 5486 reuelationem
1188 5432 1411 5499 ﬁliorum
1434 5430 1524 5485 Dei
1535 5440 1816 5500 exspectat.

258 5513 464 5577 Vanitati
500 5525 633 5577 enim
671 5534 905 5578 creatura
944 5524 1169 5598 subjecta
1206 5532 1300 5587 est,
1345 5540 1447 5576 non
1485 5534 1682 5593 sponte,
1723 5524 1815 5577 sed

249 5623 435 5679 propter
458 5630 593 5678 eum,
619 5617 706 5688 qui
734 5617 944 5687 subjecit
970 5634 1082 5671 eam
1110 5617 1161 5670 in
1184 5632 1275 5685 spe
1302 5615 1477 5686 (Rom.
1512 5616 1562 5669 8.
1597 5614 1687 5668 18.
1724 5616 1817 5671 19-

250 5695 348 5767 20).
392 5705 542 5772 Quod
583 5716 758 5762 autem
786 5707 934 5773 dicit,
977 5706 1277 5776 huiusmodi
1311 5705 1817 5775 cst:corruptibilis

252 5807 472 5854 creatura
516 5801 646 5856 facta
691 5809 774 5857 est
802 5817 816 5855 :
847 5800 952 5857 hoc
996 5801 1139 5856 enim
1178 5806 1282 5868 est,
1321 5796 1549 5854 Vanitati
1590 5799 1813 5865 subjecta

3398 344 3494 399 118

1912 467 1988 510 est
2015 472 2033 509 :
2059 456 2419 527 corruptibilis
2448 468 2627 513 autem
2674 456 2810 512 facta
2841 466 2943 523 est,
2977 458 3088 512 Deo
3135 457 3212 511 sic
3237 455 3486 526 jubente;

1901 550 2065 619 jussit
2100 558 2281 604 autem
2327 549 2407 603 sic
2444 550 2585 604 Deus
2625 556 2843 618 propter
2871 563 3039 621 genus
3068 557 3307 603 nostrum
3335 564 3348 601 :
3374 548 3495 617 quia

1907 643 2047 696 cnim
2071 641 2341 696 hominem
2369 643 2573 697 nutrire
2592 642 2821 698 debebat
2849 642 3272 712 cerruptibilem,
3301 651 3355 697 et
3384 643 3494 710 ipsa

1909 734 2030 788 talis
2066 749 2186 789 esse
2228 734 2457 789 debebat
2484 752 2497 787 :
2529 749 2634 788 nou
2678 736 2822 788 enim
2866 734 3229 803 corruptibilia
3272 749 3495 805 corpora

1905 826 2130 882 decebat
2158 826 2207 880 in
2233 826 2619 894 incorruptibili
2640 826 2835 896 degere
2854 835 3118 880 creatura.
3144 825 3274 890 Sed,
3303 825 3489 895 inquit,

1907 933 2014 971 non
2042 927 2217 972 tamen
2250 918 2373 971 talis
2403 927 2666 981 remanet,
2696 916 2788 971 sed
2818 915 2887 969 Et
2912 917 3027 986 ipsa
3050 927 3282 971 creatura
3319 916 3491 969 libera-

1908 1008 2039 1062 bitur
2083 1025 2116 1061 a
2154 1009 2387 1062 servitute
2430 1009 2766 1078 corruptionis
2806 1006 2977 1079 (Rom.
3029 1008 3082 1062 8.
3134 1007 3226 1077 2|)
3259 1025 3273 1062 :
3302 1005 3497 1061 deinde

1907 1100 2283 1157 demonstrans
2312 1101 2524 1171 quando
2567 1100 2668 1155 hoc
2697 1102 2816 1164 erit,
2855 1108 2909 1155 et
2953 1116 3048 1170 per
3072 1115 3227 1170 quos,
3270 1099 3492 1155 intulit:

1909 1190 1978 1245 In
2003 1191 2284 1247 libertatem
2312 1192 2490 1262 gloria:
2517 1191 2743 1257 filiorum
2786 1191 2902 1246 Dei.
2943 1190 3075 1247 Cum
3122 1192 3262 1245 enim
3313 1206 3495 1246 resur-

1907 1283 2226 1348 rexerimus,
2269 1283 2462 1354 inquit,
2504 1292 2560 1338 et
2603 1285 2909 1353 incorrupta
2955 1282 3338 1351 sumpserimus
3372 1297 3496 1337 cor-

1909 1390 2059 1444 pora,
2097 1383 2224 1429 tunc
2254 1382 2310 1430 et
2342 1373 2464 1429 cteli
2489 1388 2685 1443 corpus
2725 1381 2779 1427 et
2816 1382 2995 1436 terrae,
3039 1382 3094 1427 et
3121 1372 3304 1426 mundi
3335 1372 3495 1425 totius

1909 1468 2276 1536 incorruptum
2305 1466 2427 1530 erit,
2458 1474 2512 1520 et
2541 1464 3005 1521 immarccscibile.
3039 1462 3171 1519 Cum
3215 1464 3373 1533 igitur
3403 1476 3494 1515 so-

1907 1558 2011 1612 lem
2040 1556 2237 1611 videris
2258 1557 2609 1622 exorientem,
2636 1563 2935 1610 creatorem
2955 1553 3256 1620 admirare;
3284 1550 3496 1622 quando

1908 1649 2081 1718 ipsum
2110 1664 2171 1703 se
2207 1649 2471 1704 celantem
2499 1658 2554 1704 et
2579 1656 2986 1704 evanescentem
3022 1645 3241 1710 videris,
3289 1654 3494 1697 natura:

1909 1740 2327 1795 imbecillitatem
2354 1740 2522 1804 disce,
2553 1755 2652 1795 nec
2682 1740 2854 1809 ipsum
2882 1746 2942 1793 ut
2975 1738 3139 1792 Deum
3164 1738 3376 1791 adores.
3406 1734 3496 1789 ld-

1907 1832 2052 1887 circo
2096 1833 2240 1886 enim
2278 1847 2387 1887 non
2437 1846 2506 1888 ex
2554 1830 2659 1887 hoc
2703 1831 2823 1886 solo
2860 1831 3247 1886 elementorum
3296 1836 3499 1882 natura:

1911 1924 2293 1980 imbecillitatis
2321 1924 2832 1979 demonstrationem
2863 1923 2999 1978 Deus
3039 1921 3279 1983 inseruit,
3314 1919 3407 1974 sed
3445 1928 3500 1972 et

1918 2018 2222 2073 hominibus
2253 2017 2422 2072 servis
2452 2017 2585 2082 suis,
2614 2025 2675 2070 ut
2713 2016 2792 2070 eis
2832 2016 3177 2084 imperarent,
3204 2010 3496 2072 mandavit,

1908 2110 2033 2165 utsi
2064 2125 2164 2165 nec
2201 2125 2266 2163 ex
2305 2118 2523 2179 aspectu
2554 2108 2790 2178 ipsorum
2827 2107 3138 2161 servitutem
3180 2116 3496 2174 cognoscas,

1909 2205 1976 2259 ab
2023 2203 2408 2273 imperantibus
2456 2201 2651 2267 discas,
2699 2215 2877 2254 omnia
2924 2211 3181 2254 conserva
3229 2206 3315 2249 tua
3355 2209 3496 2249 esse.

1909 2296 2034 2351 Ideo
2057 2295 2213 2351 Jesus
2241 2294 2382 2348 Nave
2407 2294 2533 2347 dicit
2557 2312 2569 2347 :
2598 2293 2708 2349 Stet
2733 2293 2810 2347 sol
2830 2301 3004 2345 contra
3026 2288 3235 2344 Gabaon
3262 2330 3276 2349 ,
3306 2295 3352 2341 et
3381 2288 3501 2339 luna
3568 2318 3573 2326 ο

1908 2398 2083 2443 contra
2114 2388 2292 2442 vallem
2325 2384 2488 2440 ZElon
2511 2384 2645 2458 (Jos.
2675 2384 2762 2439 10.
2793 2384 2900 2453 12).
2938 2383 3003 2437 Ει
3030 2383 3218 2436 iterum
3242 2377 3497 2450 propheta

1910 2479 2072 2533 lsaias
2107 2482 2280 2548 ipsum
2310 2478 2360 2531 in
2392 2476 2717 2531 contrarium
2746 2473 3040 2544 retrogrcdi
3075 2473 3197 2526 fecit
3222 2470 3321 2525 sub
3362 2469 3500 2523 Eze-

1909 2572 2029 2626 chia
2052 2586 2178 2642 rege
2203 2569 2353 2640 (lsai.
2387 2569 2477 2623 58.
2502 2567 2578 2639 8),
2612 2577 2665 2621 et
2701 2565 2875 2620 Moses
2902 2578 3113 2634 quoque
3145 2561 3256 2616 acri
3287 2568 3343 2615 et
3369 2559 3501 2613 mari

1909 2673 1963 2717 et
1993 2671 2151 2717 terra:
2197 2670 2253 2715 et
2286 2659 2448 2729 petris
2488 2657 2807 2727 imperavit:
2839 2655 3063 2710 Eliszeus
3106 2666 3364 2722 aquarum
3410 2664 3503 2703 na-

1911 2765 2082 2809 turam
2105 2752 2329 2809 mutavit
2349 2751 2425 2821 (4.
2451 2750 2582 2821 Reg.
2613 2750 2690 2819 ὅ),
2720 2757 2828 2801 tres
2857 2745 3008 2817 pueri
3038 2744 3213 2813 ignem
3240 2742 3501 2795 vicerunt.

1908 2848 2071 2904 Vides
2108 2846 2376 2918 quomodo
2419 2848 2710 2913 utrumque
2746 2842 2898 2896 nobis
2940 2840 3083 2893 Deus
3113 2837 3365 2908 providit,
3411 2850 3503 2903 per

1908 2943 2296 2997 elementorum
2319 2937 2531 3009 quidem
2564 2934 3013 3005 pulchritudinem
3045 2946 3144 2986 nos
3172 2931 3224 2984 in
3248 2929 3502 2985 divinita-

1911 3032 1977 3087 tis
2004 3047 2116 3086 sua:
2149 3031 2504 3101 cognitionem
2534 3027 2813 3087 inducens,
2850 3039 2947 3094 per
2986 3023 3347 3077 infirmitatem
3378 3034 3503 3074 vero
3597 3010 3607 3031 ³

1911 3140 2015 3178 non
2032 3124 2345 3192 permittens
2372 3121 2422 3173 iu
2456 3120 2667 3173 illorum
2693 3116 2885 3171 cadere
2909 3113 3318 3169 adorationem?

1981 3217 2031 3271 ὓ.
2077 3215 2290 3269 Moralis
2319 3213 2599 3269 exhortatio
2634 3211 2703 3264 ad
2732 3210 3025 3285 juramenta
3050 3205 3275 3259 vitanda.
3301 3235 3371 3245 ——
3397 3203 3502 3259 Stt-

1911 3324 2006 3377 per
2035 3307 2099 3362 iis
2127 3322 2255 3377 ergo
2281 3304 2526 3360 omnibus
2548 3302 2722 3372 ipsum
2752 3298 2922 3354 nostri
2948 3298 3355 3370 gubernatorem
3383 3294 3502 3365 glo-

1910 3399 2203 3464 riﬁcemus,
2228 3411 2327 3452 nec
2349 3412 2444 3466 per
2467 3394 2631 3450 verba
2653 3401 2879 3456 tantum,
2905 3389 2999 3445 sed
3020 3389 3178 3444 ctiam
3202 3404 3296 3457 per
3316 3402 3500 3456 opera,

1912 3502 1965 3545 ct
1994 3489 2460 3545 conversationem
2482 3486 2734 3557 optimam
2762 3483 3130 3547 exhibeamus,
3151 3489 3205 3535 et
3232 3481 3374 3535 circa
3400 3478 3503 3533 alia

1911 3593 1966 3638 et
1994 3582 2134 3636 circa
2174 3581 2549 3637 abstinentiam
2588 3595 2617 3631 a
2654 3574 2994 3646 juramentis.
3026 3573 3140 3627 Non
3171 3571 3313 3627 enim
3340 3584 3501 3624 omne

1912 3684 2189 3745 peccatum
2208 3672 2448 3728 eamdem
2479 3669 2643 3740 exigit
2665 3682 2899 3741 pmnam,
2933 3665 3027 3720 sed
3059 3673 3303 3720 correctu
3331 3661 3504 3717 facilia

1912 3768 2169 3836 majorem
2197 3765 2427 3821 afferunt
2453 3781 2467 3816 :
2502 3762 2643 3833 quod
2673 3761 2879 3816 scilicet
2908 3770 2962 3815 et
2988 3758 3239 3814 Salomon
3272 3757 3501 3811 innueus

1912 3858 2125 3913 diccbat
2146 3876 2159 3912 :
2180 3855 2299 3911 Non
2329 3857 2535 3917 mirum,
2558 3855 2600 3907 si
2620 3854 2732 3924 quis
2749 3852 3087 3921 deprehensus
3107 3848 3260 3921 fuerit
3289 3848 3467 3915 [uram
3489 3860 3505 3898 :

1915 3955 2117 4022 {uratur
2166 3950 2319 4013 enim,
2362 3957 2416 4001 ut
2458 3947 2682 3999 animam
2729 3960 2876 3999 suam
2914 3942 3122 4014 impleat
3165 3939 3504 3999 esurientem;

1913 4042 2115 4099 adulter
2148 4058 2264 4097 vero
2288 4050 2494 4112 prapter
2518 4038 2747 4106 inopiam
2777 4036 2975 4100 mentis,
3014 4032 3343 4103 perditionem
3379 4028 3496 4081 ani-

1914 4151 2011 4190 mae
2041 4150 2148 4189 suae
2172 4133 2385 4202 acquirit
2415 4128 2765 4202 (Prov.6.50.
2796 4125 2911 4197 52).
2942 4123 3096 4193 Quod
3125 4129 3303 4176 autem
3343 4118 3496 4179 dicit,

1914 4227 2023 4282 tale
2048 4233 2132 4282 est
2160 4242 2173 4279 :
2202 4224 2379 4295 gravis
2421 4219 2637 4291 quidem
2672 4234 2761 4274 res
2786 4217 2945 4272 etiam
2980 4216 3082 4279 iur,
3131 4216 3227 4268 sed
3256 4226 3363 4266 non
3393 4218 3501 4264 tam

1914 4319 2111 4389 gravis,
2138 4331 2297 4387 quam
2322 4314 2530 4370 adulter
2557 4329 2570 4365 :
2601 4312 2688 4366 ille
2711 4310 2856 4365 enim
2883 4306 2984 4362 etsi
3019 4304 3261 4361 frivolam
3290 4316 3504 4356 causam

1918 4410 2096 4477 habet,
2135 4418 2314 4464 tamen
2352 4422 2420 4462 ex
2456 4402 2712 4476 pauperie
2753 4399 3125 4454 necessitatem
3172 4392 3505 4465 prmteudere

1918 4514 2130 4576 potest:
2156 4502 2243 4557 hic
2269 4514 2398 4556 vero
2424 4497 2564 4551 nulla
2594 4497 2767 4565 ipsum
2796 4500 3019 4563 cogente
3049 4488 3369 4545 neceSsitate
3392 4502 3503 4555 pra:

1918 4596 2183 4654 dementia
2205 4596 2318 4650 sola
2340 4593 2391 4647 in
2416 4590 2618 4662 peccati
2648 4587 2955 4661 voraginem
2976 4583 3198 4639 corruit.
3230 4580 3341 4634 lloc
3365 4578 3509 4634 etde

1913 4691 2216 4761 jurantibus
2251 4688 2429 4743 dicere
2457 4685 2618 4740 licct-
2651 4698 2749 4737 nec
2793 4680 2937 4736 enim
2983 4678 3068 4733 isti
3108 4677 3275 4731 ullum
3310 4673 3511 4728 habent

1918 4798 2074 4852 quem
2100 4780 2423 4850 praemittam
2444 4784 2784 4846 praetextum,
2805 4771 2899 4828 sed
2920 4775 3286 4837 contemptum
3307 4764 3504 4820 solum.

1919 4877 1988 4931 Et
2014 4875 2138 4929 novi
2172 4872 2385 4944 quidem
2414 4886 2501 4925 me
2524 4883 2739 4940 gravem
2771 4880 2890 4920 esse
2918 4862 3087 4917 videri
3116 4869 3171 4914 ct
3197 4872 3507 4921 onerosum,

1921 4978 2079 5037 atque
2118 4963 2497 5021 admonitionis
2518 4960 2739 5030 jugitate
2783 4955 3068 5011 molestum
3098 4966 3251 5015 esse;
3296 4962 3509 5003 verum-

1921 5070 2100 5114 tamen
2126 5074 2231 5113 non
2260 5055 2469 5118 desino,
2487 5063 2546 5107 ut
2569 5051 2651 5106 vel
2682 5063 2854 5103 meam
2880 5044 3098 5101 reveriti
3127 5039 3508 5111 impudentiam

1920 5152 2161 5221 improba
2200 5151 2623 5218 juramentorum
2669 5138 3056 5197 consuetudine
3108 5136 3398 5191 absistatis.
3454 5134 3510 5189 Si

1920 5246 2061 5302 enim
2083 5242 2249 5313 judex
2289 5241 2376 5295 ille
2404 5238 2623 5293 immitis
2650 5244 2703 5290 et
2728 5248 2923 5298 saevus,
2958 5231 3131 5285 viduae
3173 5230 3509 5284 vexationem

1921 5338 2141 5401 veritus,
2174 5349 2351 5389 mores
2391 5331 2616 5387 mutavit
2642 5330 2790 5402 (Luc.
2822 5328 2908 5385 18.
2937 5328 2993 5383 2.
3021 5325 3130 5399 sqq)
3156 5343 3169 5378 ε
3204 5325 3370 5378 multo
3394 5334 3511 5373 ma-

1922 5430 1999 5500 gis
2014 5430 2117 5483 hoc
2144 5442 2237 5481 vos
2267 5423 2494 5489 faciatis,
2524 5433 2579 5477 et
2605 5423 2835 5477 maxime
2863 5436 2985 5476 cum
3028 5417 3330 5487 supplicans
3358 5410 3511 5465 vobis

1924 5537 2030 5575 non
2068 5535 2162 5590 pro
2192 5535 2279 5574 me
2305 5518 2443 5589 ipso,
2482 5516 2576 5571 sed
2603 5532 2701 5587 pro
2738 5516 2910 5569 salute
2948 5524 3122 5568 vestra
3149 5509 3251 5563 hoc
3276 5505 3463 5560 iaciam
3494 5520 3508 5555 :

1924 5615 2032 5668 imo
2074 5626 2202 5666 vero
2231 5621 2286 5666 et
2329 5625 2425 5680 pro
2472 5611 2575 5665 mei
2620 5609 2787 5678 ipsius
2828 5606 3000 5660 salute
3045 5604 3147 5657 hoc
3188 5599 3365 5654 facere
3403 5611 3509 5651 non

1925 5702 2228 5774 negaverim
2262 5720 2275 5756 :
2308 5709 2486 5757 vestra
2518 5701 2661 5755 enim
2690 5699 2827 5753 bona
2860 5705 2985 5767 puto
3012 5708 3131 5748 mea
3152 5704 3271 5747 esse
3297 5686 3511 5743 merita.

1928 5794 2132 5849 Vellem
2162 5803 2363 5865 autem,
2405 5799 2550 5859 sicut
2580 5807 2678 5863 ego
2707 5805 2848 5847 nunc
2874 5788 3058 5843 laboro
3098 5794 3153 5841 et
3198 5782 3389 5854 fatigor
3417 5794 3515 5853 pro
