4068 6488
490 363 585 419 ll9

488 475 657 528 salute
676 481 873 538 vestra,
904 471 979 526 sic
1009 477 1063 525 ct
1090 484 1184 524 vos
1212 468 1406 522 anima:
1430 474 1620 522 vestra:
1644 479 1825 521 curam
1851 477 2068 534 gerere:

487 569 565 621 sic
590 567 747 637 plane
788 566 891 620 hoc
920 575 1124 619 tantum
1170 562 1442 633 negotium
1482 560 1640 616 finem
1682 560 1967 627 acciperet.
2007 556 2074 612 Et

488 657 615 727 quid
656 671 789 726 opus
829 665 914 710 est
959 655 1123 709 multa
1164 653 1386 708 dicere?
1415 651 1458 707 si
1503 653 1645 707 enim
1683 650 1923 717 gehenna
1965 662 2073 703 non

488 758 654 814 esset,
688 764 786 804 nec
814 763 969 817 poena
1014 746 1440 808 contumacibus,
1490 758 1663 814 neque
1707 757 1916 798 merces
1944 742 2075 795 obe-

489 839 775 905 dientibus,
794 854 894 909 ego
921 848 1100 894 autem
1118 838 1183 893 ad
1214 852 1307 892 vos
1334 836 1616 899 accedens,
1646 834 1698 888 in
1720 834 1904 903 gratiae
1926 841 2075 901 parte

491 932 785 1000 petiissem,
831 947 1007 985 nonne
1051 946 1286 984 annuere
1327 927 1684 984 debuissetis?
1724 943 1828 981 non
1861 926 2075 995 petitio-

492 1037 615 1076 nem
658 1022 980 1088 concedere,
1019 1029 1124 1075 tam
1170 1022 1343 1076 levem
1386 1019 1585 1089 petenti
1636 1019 1897 1089 gratiam?
1943 1016 2077 1073 Cum

492 1123 621 1167 Vero
666 1112 805 1168 Deus
853 1114 1020 1184 ipsam
1071 1122 1276 1182 petens,
1323 1121 1540 1182 propter
1585 1126 1681 1165 vos
1717 1111 1927 1177 dantes,
1972 1125 2077 1164 non

496 1215 714 1274 propter
756 1206 989 1275 seipsum
1027 1206 1410 1276 percipicntem
1460 1205 1567 1259 hoc
1593 1205 1787 1258 faciat:
1816 1204 1935 1273 quis
1969 1210 2079 1258 tam

496 1295 756 1366 ingratus,
791 1297 910 1367 quis
952 1306 1059 1351 tam
1096 1297 1277 1362 miser,
1303 1306 1360 1351 et
1405 1310 1758 1361 aerumnosus,
1792 1304 1850 1349 ut
1876 1294 2081 1349 benefi-

1228 357 1284 412 S.
1320 354 1595 413 JOAN‘NIS
1618 348 2086 409 CIIRYSOSTOMI
2129 343 2447 402 ARClllEP.
2487 341 3016 399 CONSTANTINOP.

3732 338 3841 395 {io

2178 461 2321 514 cium
2360 458 2563 529 petenti
2606 456 2721 513 Deo
2768 471 2873 511 non
2917 452 3207 525 impendat,
3256 460 3318 509 et
3377 451 3649 506 maxime
3701 465 3837 507 cum

2179 552 2297 622 ipse
2321 549 2413 621 qui
2442 549 2719 619 impendit,
2748 549 2817 603 sit
2838 547 3099 602 beneficio
3129 544 3457 615 potiturus?
3486 544 3634 599 Haec
3666 543 3842 614 igitur

2177 643 2494 712 cogitantes,
2522 647 2577 695 et
2603 640 2670 694 ad
2694 654 2790 693 vos
2819 638 2944 693 hinc
2974 636 3308 703 recedentes,
3344 635 3559 690 omnia
3589 635 3839 705 repetite

2179 732 2339 797 dicta,
2382 740 2438 786 et
2479 746 2576 786 eos
2604 731 2693 801 qui
2741 729 2792 783 id
2844 744 2950 783 nou
2977 729 3264 784 observant
3298 726 3594 782 omnibus
3649 725 3839 781 modis

2180 824 2452 894 corrigite,
2489 834 2548 878 ut
2576 823 2911 893 propriorum
2952 832 3007 878 et
3039 821 3340 876 alienorum
3378 816 3837 874 retributionem

2181 916 2491 969 meritorum
2530 915 2870 983 recipiamus,
2900 912 3068 983 gratia
3111 920 3166 966 et
3203 911 3569 981 benignitate
3602 909 3833 964 Domini

2182 1006 2349 1062 nostri
2375 1006 2501 1061 .lesn
2528 1006 2745 1069 Christi,
2790 1019 2884 1074 per
2911 1019 3070 1074 quem
3113 1011 3168 1058 et
3196 1017 3320 1057 cum
3352 1017 3477 1071 quo
3510 1000 3676 1054 Patri
3707 1000 3833 1070 glo-

2182 1097 2260 1151 ria
2305 1098 2462 1152 simul
2506 1106 2560 1150 et
2604 1105 2791 1151 sancto
2826 1095 3066 1166 Spiritui,
3098 1108 3243 1149 nunc
3282 1101 3347 1150 et
3375 1107 3645 1163 semper,
3682 1102 3742 1149 et
3773 1092 3831 1148 in

2185 1188 2377 1242 smcula
2401 1187 2740 1242 sweulorum.
2775 1186 2968 1240 Amen.

502 1522 879 1567 GBATIARUM
908 1523 1095 1569 ACTIO
1132 1524 1216 1566 ΔΙ)
1258 1522 1437 1564 ΒΕΟΜ
1491 1521 1571 1563 OB
1614 1519 2085 1562 LIBERATIONEM
2129 1519 2167 1560 Δ
2211 1517 2397 1561 ΜΑιις
2443 1516 2529 1558 EX
2571 1515 2906 1559 SEDITIONE
2938 1515 3400 1568 EXSPECTATIS,
3452 1514 3547 1558 ΕΤ
3593 1514 3824 1559 Εοιωυ

577 1627 721 1681 ΩΠΕ
764 1626 929 1669 TUNC
974 1623 1376 1668 ACCIDEBUNT
1405 1620 1916 1665 COMMEMORATIO
1946 1622 1961 1661 ε
1993 1619 2262 1663 INSUPER
2305 1618 2471 1661 VERO
2524 1618 2605 1659 ET
2647 1616 2896 1660 CONTRA
2939 1616 3053 1659 EOS
3081 1617 3190 1669 QUI
3219 1616 3481 1660 CORPUS
3512 1616 3821 1661 NOSTRUN

582 1727 1105 1786 QALUMNIANTUB,
1151 1727 1232 1769 ΕΤ
1274 1725 1339 1767 IN
1382 1723 1745 1769 UNIVERSUM
1789 1723 1873 1764 DE
1916 1719 2182 1764 HOMINIS
2223 1718 2605 1775 CREATIONE,
2630 1719 2731 1793 ⁶ΕΤ
2772 1718 2887 1761 SUB
2915 1719 3118 1761 FINEM
3161 1719 3244 1761 DE
3277 1718 3589 1763 VITANDO
3618 1718 3818 1761 JURA-

579 1827 818 1872 MENTO.

1965 1948 2020 2001 τε(
2029 1945 2294 1997 <ω>>8ν

1139 2090 1356 2130 HOMILIA
1396 2090 1470 2127 Kl.

573 2165 627 2218 l.
680 2164 813 2219 Cum
860 2165 1183 2234 prmteritatn
1235 2152 1605 2234 tempestatem
1656 2171 1712 2218 et
1766 2169 2087 2234 przesentem

502 2257 679 2326 cogito
706 2258 1161 2328 tranquillitatem,
1186 2275 1289 2313 non
1308 2258 1495 2313 desino
1522 2257 1700 2312 dicere
1728 2275 1742 2311 :
1769 2254 2089 2311 Benedictus

504 2346 648 2403 Deus
688 2348 778 2417 qui
819 2348 945 2403 facit
978 2349 1180 2417 omnia,
1219 2357 1276 2403 et
1318 2350 1429 2418 ipsa
1463 2355 1816 2410 transmutat;
1850 2344 1937 2412 qui
1966 2343 2092 2398 fecit

503 2437 678 2493 lucem
716 2439 782 2493 de
813 2438 1047 2493 tenebris
1078 2439 1280 2509 (Amos.
1313 2439 1366 2493 5.
1398 2439 1452 2493 8.
1499 2446 1554 2493 et
1577 2436 1696 2491 Job.
1724 2436 1814 2490 '57.
1853 2436 1967 2503 15).
1998 2433 2090 2502 qui

511 2526 731 2583 deducit
757 2531 824 2585 ad
850 2542 1039 2602 portas
1062 2532 1221 2587 inferi
1241 2541 1292 2587 et
1321 2533 1528 2587 reducit
1558 2532 1636 2603 (Ι.
1664 2532 1769 2601 Reg
1811 2531 1866 2585 2.
1898 2532 1977 2604 6),
2000 2536 2096 2603 qui

507 2622 802 2691 castigatet
816 2637 923 2678 non
942 2623 1140 2679 occidit
1164 2622 1241 2694 (ἰ.
1259 2622 1383 2677 Cor.
1398 2622 1453 2687 6,
1467 2622 1522 2694 9)
1547 2641 1561 2677 :
1580 2632 1633 2677 et
1653 2623 1755 2677 hoc
1770 2637 1866 2676 vos
1883 2623 2101 2678 assidue

506 2714 690 2769 dicere
724 2716 866 2781 volo,
900 2732 1001 2771 nec
1037 2717 1327 2770 desistere.
1362 2714 1418 2768 Si
1446 2716 1590 2768 enim
1629 2714 1744 2782 ipse
1773 2714 1933 2768 nobis
1964 2730 2097 2784 ope-

508 2803 656 2858 ribus
682 2799 971 2869 benefecit,
1003 2815 1107 2874 qua
1150 2820 1249 2859 nos
1276 2805 1427 2858 venia
1455 2802 1597 2873 digni
1632 2817 1752 2857 esse
1789 2814 2089 2870 possemus,

508 2911 579 2951 ne
617 2896 797 2951 verbis
835 2896 1049 2967 quidem
1098 2897 1271 2966 ipsum
1323 2895 1761 2950 remunerantes?
1804 2893 2091 2962 Propterea

509 2985 767 3042 exhortor
786 3002 881 3043 vos
912 3002 1202 3058 numquam
1232 3002 1446 3043 cessare
1480 2986 1577 3057 ipsi
1605 2986 1801 3057 gratias
1828 3000 2006 3055 agere.
2036 2984 2093 3038 Si

509 3079 652 3133 enim
682 3093 779 3148 pro
801 3079 988 3150 primis
1021 3080 1157 3150 grati
1188 3078 1464 3143 fuerimus,
1498 3086 1705 3132 certum
1735 3075 1877 3147 quod
1899 3084 1954 3130 et
1977 3075 2094 3130 aliis

508 3171 799 3239 majoribus
830 3172 1111 3241 potiemur.
1146 3172 1396 3225 Dicamus
1424 3170 1584 3240 igitur
1607 3170 1857 3224 continue
1882 3186 1895 3222 :
1922 3168 2093 3223 Bene-

509 3260 683 3316 dictus
715 3261 877 3326 Deus,
918 3264 1005 3333 qui
1037 3271 1092 3317 et
1128 3263 1281 3317 nobis
1314 3261 1462 3317 dedit
1504 3262 1711 3316 solitam
1742 3275 1862 3315 cum
1904 3259 2092 3315 fiducia

510 3354 660 3408 vobis
689 3368 927 3411 mensam
949 3369 1239 3431 apponere,
1263 3363 1318 3408 et
1345 3352 1496 3407 vobis
1520 3351 1748 3421 praebuit
1778 3365 1967 3405 secure
1992 3365 2094 3403 no-

511 3453 651 3499 stros
697 3444 881 3499 audire
932 3458 1247 3500 sermones:
1280 3442 1591 3499 benedictus
1630 3442 1789 3508 Deus,
1844 3441 2092 3509 quoniam

512 3551 620 3589 non
649 3536 880 3605 amplius
906 3537 1171 3589 exteriora
1208 3533 1471 3604 fugientes
1498 3531 1757 3603 pericula,
1787 3531 1881 3585 sed
1913 3530 2096 3585 audire

513 3635 762 3695 aptantes
803 3629 905 3681 huc
929 3625 1321 3691 concurrimus,
1366 3641 1472 3679 non
1511 3624 1739 3694 amplius
1767 3638 1887 3678 cum
1914 3624 2100 3677 anxie-

514 3726 623 3772 tate
660 3727 714 3772 et
740 3727 972 3772 tremore
987 3725 1042 3772 et
1062 3715 1417 3771 sollicitudine
1442 3715 1581 3770 inter
1605 3729 1704 3769 nos
1724 3712 2093 3777 convenimus,

515 3809 607 3863 sed
626 3824 747 3863 cum
778 3807 969 3863 fiducia
991 3807 1550 3863 omnemexcutientes
1580 3806 1847 3868 timorem,
1876 3819 1981 3876 quo
2002 3819 2099 3873 per

514 3904 819 3973 superiores
848 3903 962 3958 dies
998 3901 1374 3956 ﬂuctuantibus
1415 3901 1466 3954 in
1499 3899 1678 3955 medio
1702 3898 1860 3965 mari,
1885 3906 1940 3952 et
1964 3913 2098 3951 nan-

513 3993 737 4065 l'ragium
765 4010 858 4064 per
884 3994 1119 4064 singulas
1158 3993 1315 4047 horas
1334 3991 1764 4061 exspectantibus
1794 3989 1958 4044 nihilo
1984 4003 2098 4042 me-

515 4087 615 4142 lius
641 4099 738 4140 nos
764 4086 1108 4152 habebamus,
1147 4083 1370 4141 inﬁnitis
1401 4092 1506 4138 tota
1533 4082 1619 4138 die
1643 4081 1944 4137 rumoribus
1975 4080 2097 4150 pul-

513 4178 638 4244 sati,
687 4176 974 4249 perturbati
1023 4185 1078 4232 et
1122 4175 1355 4245 undique
1408 4173 1736 4237 circumacti,
1778 4180 1834 4228 et
1875 4171 2098 4242 singulis

513 4274 814 4337 satagentes
842 4266 1048 4331 diebus,
1076 4276 1130 4320 et
1169 4266 1379 4320 curiose
1407 4264 1758 4331 sciscitantes,
1798 4261 1927 4329 Quis
1952 4263 2100 4317 venit

513 4373 545 4413 e
572 4358 782 4423 castris,
815 4358 938 4425 quid
982 4373 1109 4413 vero
1135 4359 1354 4412 veniens
1396 4356 1692 4411 nuntiavit?
1720 4354 1977 4424 numquid
2000 4369 2096 4409 ve-

514 4468 631 4506 rum
662 4467 728 4504 an
772 4450 961 4505 falsum
991 4450 1133 4520 quod
1171 4450 1399 4505 dicitur?
1440 4458 1495 4504 et
1521 4457 1705 4503 noctes
1742 4449 1858 4502 sine
1904 4461 2096 4501 somno

516 4544 889 4612 transigentes,
923 4551 977 4597 et
1000 4544 1266 4597 civitatem
1308 4542 1652 4610 respicientes
1696 4556 1818 4596 cum
1844 4539 2097 4612 lacrymis

515 4646 784 4705 tamquam
813 4650 936 4689 mox
963 4635 1269 4706 perituram.
1296 4635 1579 4703 Propterea
1607 4643 1660 4689 et
1680 4649 1776 4689 nos
1794 4634 2098 4704 superiores

514 4727 614 4782 hos
644 4726 759 4781 dies
781 4729 1060 4792 tacttimus,
1094 4725 1341 4789 quoniam
1371 4725 1556 4780 civitas
1577 4733 1757 4778 nostra
1784 4725 1957 4778 omnis
1984 4732 2099 4779 erat

516 4821 795 4885 exhausta,
823 4834 1012 4874 omnes
1050 4819 1103 4873 in
1148 4816 1461 4873 solitudines
1489 4817 2013 4887 transmigraverant,
2046 4826 2099 4872 et

519 4911 711 4970 residui
750 4911 976 4966 tristitia:
1014 4911 1153 4966 nube
1178 4909 1588 4978 caligaverant‘.
1628 4908 1820 4962 Anima
1846 4909 1985 4963 enim
2013 4924 2097 4964 se-

517 5004 620 5061 tnel
651 5004 863 5059 tristitia
907 5003 1132 5072 repleta,
1179 5000 1310 5056 nihil
1353 5000 1538 5056 audire
1588 5008 1670 5056 est
1711 4998 1919 5055 idonea.
1969 5000 2100 5055 Pro-

515 5107 695 5166 pterea
717 5105 768 5149 et
783 5096 938 5150 amici
958 5094 1057 5150 Job
1071 5093 1403 5158 accedentes,
1425 5093 1616 5148 domus
1631 5092 1773 5147 illius
1786 5091 2098 5162 tragmdiam

514 5194 816 5250 cernentes,
864 5200 1072 5240 necnon
1112 5185 1312 5256 justum
1343 5185 1395 5239 in
1437 5192 1673 5239 stercore
1700 5182 1999 5248 sedentem,
2044 5191 2101 5238 et

517 5275 783 5332 ulceribus
820 5276 1058 5345 plenum,
1088 5276 1403 5331 vestimenta
1444 5289 1539 5330 sua
1567 5273 1913 5336 disciderunt,
1943 5275 2095 5343 inge-

519 5376 890 5436 mueruntque,
926 5374 1126 5421 etcum
1167 5365 1380 5421 silentio
1408 5366 1482 5424 illi
1526 5364 1845 5420 assederunt
1864 5360 1986 5435 (Job
2036 5363 2094 5416 2.

520 5463 575 5515 ll
593 5462 665 5514 .-l
677 5459 756 5532 3),
784 5459 1143 5529 significantes
1171 5456 1311 5527 quod
1350 5457 1479 5511 nihil
1508 5472 1536 5509 a
1565 5455 1825 5526 principio
1863 5463 1969 5507 tam
1996 5453 2096 5508 do-

523 5552 749 5608 lentibus
789 5560 1167 5622 opportunum,
1214 5566 1370 5621 quam
1420 5550 1634 5620 requies
1686 5557 1740 5604 et
1785 5548 2093 5602 silentium:

522 5653 640 5701 erat
668 5646 821 5702 enim
844 5643 1208 5699 consolatione
1242 5642 1415 5710 major
1451 5638 1686 5694 tristitia.
1721 5638 2014 5706 Propterea
2044 5644 2096 5691 et

586 5845 603 5876 ι
640 5843 672 5890 Α
683 5841 778 5905 pud
796 5846 982 5898 ttoatef.
1003 5846 1295 5911 legebatur:
1327 5848 1523 5914 Tarpeii
1552 5853 1705 5901 erant.

2198 2068 2366 2124 Jud:ei
2395 2071 2509 2126 luto
2533 2081 2587 2127 et
2610 2071 2755 2141 operi
2780 2072 3008 2127 lateritio
3030 2072 3222 2142 alligati
3258 2070 3471 2146 (Exod.
3498 2070 3553 2129 5.
3578 2072 3650 2129 19
3674 2072 3818 2141 -2|),

2195 2158 2394 2214 Mosem
2430 2161 2495 2215 ad
2537 2178 2596 2217 se
2639 2163 2851 2219 venisse
2881 2174 3184 2231 cernentes,
3228 2166 3292 2218 iis
3323 2180 3457 2236 quae
3488 2165 3816 2221 dicebantur

2194 2255 2470 2311 attendere
2497 2271 2609 2331 non)
2635 2264 2881 2326 poterant
2907 2274 3017 2329 prae
3059 2256 3519 2329 pusillanimitate
3549 2270 3608 2315 et
3640 2261 3813 2315 tribu-

2194 2351 2410 2416 latione,
2442 2366 2599 2421 quam
2631 2350 2989 2421 patiebantur.
3016 2348 3085 2406 Et
3113 2352 3239 2422 quid
3272 2353 3510 2415 mirum,
3562 2353 3610 2407 si
3641 2352 3813 2406 homi-

2196 2459 2291 2498 nes
2343 2442 2554 2514 quidam
2607 2444 2974 2514 pusillanimes
3025 2444 3130 2500 hoc
3177 2444 3325 2515 passi
3381 2454 3538 2510 sunt,
3597 2459 3720 2499 cum
3761 2453 3809 2497 et

2194 2534 2392 2590 Christi
2421 2535 2709 2604 discipulos
2738 2535 2791 2589 in
2824 2535 2965 2589 hunc
2988 2534 3232 2590 morbum
3260 2536 3542 2591 cecidisse
3573 2534 3810 2590 invenia-

2196 2627 2353 2681 mus?
2395 2627 2522 2682 Post
2557 2627 2701 2683 illam
2731 2643 2960 2699 namque
2998 2629 3276 2699 mysticam
3315 2643 3541 2684 emnam
3598 2627 3806 2698 quando

2196 2717 2343 2786 ipsos
2384 2724 2687 2788 assumptus
2715 2715 2959 2773 Christus
3000 2732 3241 2773 seorsum
3283 2717 3699 2788 alloquebatur,
3743 2717 3807 2769 ah

2196 2807 2347 2864 initio
2375 2809 2591 2881 quidem
2622 2810 2795 2880 ipsum
2826 2809 3224 2882 interrogabant
3259 2811 3544 2883 discipuli,
3580 2826 3688 2882 quo
3715 2825 3804 2864 va-

2196 2903 2314 2957 dis?
2336 2911 2394 2958 ut
2410 2918 2537 2958 vero
2556 2903 2690 2959 dixit
2711 2904 2816 2959 illis
2837 2905 2973 2958 mala
2997 2906 3140 2975 ipsos
3156 2905 3319 2975 paulo
3342 2914 3475 2975 post
3496 2911 3803 2975 exceptura,

2197 2999 2356 3064 bella,
2402 3000 2864 3071 persequutiones,
2908 2999 3211 3055 inimicitias
3248 3001 3322 3055 ab
3373 3000 3660 3065 omnibus,
3708 2997 3801 3051 lla-

2198 3091 2357 3162 gella,
2414 3107 2677 3158 carceres,
2722 3091 2942 3162 judicia,
3000 3091 3380 3158 abductiones,
3448 3092 3600 3147 velut
3644 3106 3801 3145 onere

2199 3184 2696 3255 ponderosissimo,
2747 3186 3013 3241 dictorum
3056 3185 3347 3241 formidine
3395 3195 3455 3242 et
3506 3186 3798 3241 futurorum

2202 3276 2410 3331 tristitia
2440 3293 2653 3346 pressus
2678 3286 2803 3332 tunc
2829 3278 3066 3347 ipsorum
3092 3277 3323 3341 animus,
3352 3286 3544 3347 postea
3566 3274 3799 3345 stupidus

2199 3368 2453 3422 remansit
2481 3385 2496 3421 :
2531 3367 2649 3423 ideo
2678 3376 3049 3423 consternatos
3077 3383 3303 3424 cernens
3350 3369 3500 3438 ipsos
3540 3366 3793 3423 Christus.

2201 3456 2302 3511 hoc
2355 3458 2526 3528 ipsum
2577 3456 2907 3529 exprobrans
2952 3457 3163 3514 dicebat
3201 3475 3216 3512 :
3259 3456 3413 3512 Vada
3471 3457 3542 3511 ad
3596 3452 3796 3510 Patrem

2202 3564 2387 3614 meum,
2420 3558 2467 3602 et
2512 3565 2659 3604 nemo
2698 3567 2725 3603 e
2758 3550 2895 3604 vobis
2920 3565 3000 3604 me
3038 3550 3312 3619 interrogat
3323 3550 3479 3616 :Qtto
3509 3548 3693 3603 vadis?
3712 3545 3795 3600 sed

2200 3640 2438 3710 quoniam
2463 3641 2569 3694 lucc
2594 3641 2830 3712 loquutus
2871 3657 2985 3695 sum
3009 3640 3167 3709 vobis,
3209 3642 3422 3695 tristitia
3460 3639 3686 3707 implerit
3714 3651 3793 3690 rer

2199 3741 2418 3786 uestrum
2444 3730 2621 3805 (Jaan.
2652 3733 2740 3789 16.
2766 3733 2821 3788 5.
2845 3731 2924 3805 6).
2949 3732 3242 3804 Propterea
3273 3748 3376 3789 nos
3397 3746 3612 3805 quoque
3635 3728 3788 3784 tacui-

2200 3838 2320 3878 mus
2360 3824 2629 3895 praeterito
2671 3832 2933 3896 tempore,
2975 3834 3295 3895 prmsentem
3340 3823 3786 3895 opportunitatem

2201 3923 2591 3984 exspectantes.
2624 3913 2681 3969 Si
2706 3916 2850 3973 enim
2894 3915 2938 3970 is
2963 3915 3051 3985 qni
3077 3914 3311 3985 aliquem
3358 3924 3643 3983 rogaturus
3685 3921 3783 3973 est,

2201 4006 2303 4061 etsi
2350 4007 2540 4061 rationi
2578 4012 2949 4062 consentanea
2982 4008 3376 4077 propositurus,
3420 4004 3676 4074 temporis
3715 4009 3785 4054 ta-

2200 4112 2323 4152 men
2354 4098 2689 4152 occasionem
2729 4105 3023 4168 exspectat,
3053 4106 3112 4152 ut
3148 4096 3394 4153 sedatum
3421 4106 3477 4152 et
3506 4097 3638 4150 bene
3664 4090 3784 4146 affe-

2201 4197 2344 4243 ctum
2382 4203 2504 4244 eum
2546 4188 2803 4257 inveniat,
2835 4189 2925 4260 qui
2974 4189 3285 4260 petitionem
3334 4189 3558 4244 daturus
3597 4193 3694 4248 est,
3729 4189 3782 4234 ttt

2205 4281 2459 4350 temporis
2487 4280 2741 4336 auxilium
2770 4290 2958 4337 nactus
2985 4280 3301 4336 beneficium
3328 4279 3570 4336 obtineat
3595 4297 3604 4326 :
3625 4273 3781 4329 multo

2203 4372 2370 4442 magis
2394 4380 2634 4428 orantem
2664 4380 2872 4442 tempus
2900 4387 3142 4443 quzerere
3183 4370 3527 4426 commodum
3557 4368 3776 4436 oportet.

2202 4474 2263 4520 ut
2285 4465 2424 4535 apud
2449 4465 2586 4520 bene
2613 4465 2860 4521 affectum
2902 4464 3201 4520 auditorem
3224 4473 3279 4519 et
3306 4462 3452 4518 omni
3498 4473 3621 4516 cura
3658 4455 3779 4509 libe-

2201 4566 2377 4612 ratum
2407 4573 2471 4613 ac
2500 4557 2737 4624 tristitia,
2764 4557 2924 4614 verba
2949 4557 3145 4613 faciat:
3174 4555 3317 4627 quod
3348 4553 3588 4627 profecto
3607 4557 3660 4605 et
3686 4559 3775 4601 nos

2201 4665 2343 4705 nunc
2365 4650 2603 4705 fecimus.

2269 4740 2326 4794 2.
2355 4740 2506 4796 Nunc
2523 4741 2681 4811 igitur
2699 4748 2976 4811 postquam
3007 4738 3271 4794 tristitiam
3288 4734 3613 4794 excussistis,
3638 4729 3771 4801 prius

2201 4834 2463 4889 dictorum
2491 4834 2803 4888 memoriam
2825 4846 3085 4887 renovare
3108 4831 3374 4896 volumus,
3408 4836 3465 4883 ut
3490 4838 3663 4881 sermo
3685 4833 3773 4872 vo-

2201 4924 2285 4979 bis
2311 4923 2403 4979 ﬁat
2427 4925 2760 4980 manifestior
2790 4942 2802 4978 :
2831 4923 2973 4994 quod
2993 4923 3137 4978 enim
3164 4932 3217 4976 et
3244 4921 3297 4975 in
3317 4917 3501 4974 tnundi
3521 4912 3770 4970 creatione

2201 5015 2450 5082 diximus,
2480 5015 2620 5086 qttod
2652 5030 2757 5070 non
2784 5015 3066 5085 pulchrum
3098 5021 3301 5068 tantum
3332 5018 3386 5066 et
3413 5002 3697 5063 mirabilem
3722 5004 3771 5051 et

2202 5122 2454 5178 magnum
2498 5107 2639 5161 Deus
2667 5104 2850 5163 fecerit
2898 5108 3092 5177 ipsum,
3119 5105 3214 5161 sed
3242 5105 3401 5159 etiam
3441 5097 3693 5154 infirmum
3719 5095 3768 5145 et

2201 5199 2622 5268 corruptibilem,
2651 5207 2706 5254 et
2734 5199 2924 5283 horum
2946 5212 3131 5254 rursus
3167 5197 3363 5252 multas
3392 5186 3664 5249 inseruerit
3685 5181 3768 5237 de.

2202 5290 2637 5357 monstrationes,
2664 5279 2890 5361 utraque
2915 5290 2980 5345 ad
3009 5290 3287 5345 utilitatem
3309 5295 3535 5342 nostram
3562 5279 3761 5345 dispell-

2201 5402 2346 5452 sans;
2369 5394 2423 5440 et
2441 5400 2539 5457 per
2562 5384 3010 5456 pulchritudinem
3029 5383 3239 5453 quidem
3255 5383 3307 5437 in
3321 5374 3599 5436 conditoris
3618 5364 3762 5423 admi-

2201 5479 2462 5533 rationem
2480 5492 2577 5532 nos
2609 5477 2887 5542 inducens,
2910 5491 3007 5546 per
3025 5474 3380 5530 infirmitatem
3398 5482 3518 5524 vero
3547 5479 3576 5518 a
3591 5459 3750 5516 coleu-

2202 5571 2272 5626 da
2302 5585 2400 5626 nos
2424 5570 2691 5626 abducens
2711 5576 2953 5624 creatura
2986 5585 3000 5621 :
3034 5568 3135 5621 hoc
3159 5573 3214 5620 et
3267 5566 3318 5619 in
3355 5570 3567 5628 corpore
3592 5556 3755 5605 nostra

2200 5666 2387 5722 videre
2404 5674 2487 5722 est
2509 5666 2750 5722 evenisse
2791 5682 2805 5719 :
2851 5663 3047 5718 etenim
3076 5661 3143 5717 de
3171 5661 3272 5715 hoc
3312 5666 3510 5729 quoque
3534 5643 3751 5729 quantuli

2202 5768 2259 5816 et
2296 5758 2534 5815 veritatis
2576 5756 2910 5811 inimicorum
2958 5765 3012 5810 ct
3042 5764 3343 5809 nostrorum
3382 5742 3544 5838 militi.
3570 5747 3661 5809 qua
3692 5726 3751 5782 d°

2197 5859 2357 5904 causa
2388 5845 2489 5902 hoc
2513 5840 2860 5914 corruptibilc
2890 5854 2945 5898 et
2976 5840 3197 5895 mortale
3229 5842 3419 5893 factum
3440 5839 3522 5885 stt.
3578 5882 3581 5883 ν
