4068 6440
155 1225 163 1280 Ι

212 364 301 420 H9

208 478 336 534 οὕτω
355 476 445 532 καὶ
469 476 616 548 ὑμᾶς
640 474 947 548 φροντίζειν
969 475 1069 546 τῆς
1092 477 1367 550 ὑμετέρας
1389 478 1592 548 ψυχῆς,
1619 479 1714 533 καὶ
1738 479 1873 532 πάν-

211 584 304 630 τως
341 564 405 620 ἂν
428 565 576 627 τέλος
605 563 765 618 έλαϐε
789 565 942 618 τουτὶ
967 563 1032 618 τὸ
1053 564 1408 636 κατόρθωμα.
1445 566 1554 618 Καὶ
1582 567 1635 619 τί
1663 566 1768 637 χρὴ
1803 565 1874 620 τά

210 652 366 708 πολλά
391 653 602 722 λέγειν;
637 655 686 706 εἰ
714 654 820 724 γὰρ
854 653 989 724 μηδὲ
1016 653 1210 721 γέεννα
1223 649 1292 723 ἡν
1312 653 1448 724 μηδέ
1476 653 1698 718 κόλασις
1727 671 1872 726 παρ-

211 741 467 802 ἀκούουσι,
509 741 642 813 μηδὲ
701 741 891 812 μισθὸς
928 741 1318 804 ὑπακούουσιν,
1349 741 1462 810 ἐγὼ
1480 743 1538 796 δὲ
1563 742 1873 814 προσελθὼν

212 832 326 901 ὁμῖν
348 829 502 884 τοῦτο
527 833 586 884 ἐν
615 832 836 902 χάριτος
863 831 1043 902 ᾔτησα
1079 830 1256 902 μέρει,
1289 825 1400 903 ἆρα
1425 830 1528 883 οὐκ
1564 829 1631 884 ἂν
1655 829 1878 883 ἐπενεύ-

212 934 360 983 σατε;
403 919 502 972 οὐκ
549 917 616 973 ἂν
662 917 900 972 ἐδώκατε
933 918 1033 989 τὴν
1066 918 1302 989 αἴτησιν,
1342 917 1554 988 κούφην
1591 917 1762 981 οὕτως
1791 920 1876 970 αἰ-

212 1006 375 1060 τοῦντι
414 1007 605 1078 χάριν;
632 1009 800 1060 Ὅταν
842 1005 899 1058 δὲ
945 1007 974 1060 ὁ
1017 1005 1152 1069 Θεὸς
1181 1004 1350 1076 αὐτὴν
1377 1004 1544 1058 αἰτῶν
1628 1005 1697 1058 δι’
1731 1005 1874 1074 ὑμᾶς

212 1095 322 1158 τοὺς
349 1094 610 1158 διδόντας,
641 1095 703 1146 οὐ
735 1093 802 1146 δι’
833 1092 1026 1147 ἑαυτὸν
1053 1093 1146 1146 τὸν
1174 1091 1542 1163 λαμϐάνοντα,
1574 1091 1658 1156 τίς
1702 1091 1876 1154 οὕτως

213 1181 486 1254 ἀγνώμων,
513 1182 598 1246 τίς
645 1182 817 1246 οὕτως
856 1181 1042 1245 ἅθλιος
1087 1181 1185 1234 καὶ
1225 1179 1596 1250 ταλαίπωρος,
1629 1178 1706 1242 ώς
1757 1179 1878 1250 Θεῷ

1215 361 1307 418 AD
1341 361 1675 420 POPULUM
1706 361 2206 422 ANTIOCIIENUM
2249 362 2484 420 HOMIL.
2523 365 2612 419 XI.
2694 309 2711 325 .

3548 365 3652 422 120

1974 479 2136 550 χάριν
2163 477 2401 534 αἰτοῦντι
2437 479 2514 551 μὴ
2551 479 2642 534 δοῦ
2655 497 2756 544 ναι,
2786 479 2879 532 καὶ
2914 478 3149 549 μάλιστα
3180 478 3308 533 ὅταν
3336 477 3494 543 αὐτὸς
3519 481 3656 534 ἀπο-

1977 565 2163 618 λαύειν
2195 566 2364 639 μέλλῃ
2395 567 2496 637 τῆς
2525 567 2750 636 χάριτος
2771 568 2800 620 ό
2825 565 3034 631 διδούς;
3065 566 3228 621 Ταῦτ’
3250 561 3342 622 οὖν
3373 569 3658 638 ἐννοήσαν-

1979 670 2090 719 τες,
2123 654 2220 707 καὶ
2250 654 2386 726 πρὸς
2418 655 2644 718 ἑαυτοὺς
2677 655 3130 726 ἀναχωρήσαντες
3154 654 3424 718 ἐντεῦθεν,
3469 655 3656 724 λέγετε

1979 743 2050 796 τὰ
2083 741 2354 814 εἰρημένα
2403 741 2637 808 ἅπαντα,
2665 744 2761 796 καὶ
2801 744 2930 807 τοὺς
2975 742 3050 814 μὴ
3098 744 3464 814 προσέχοντας
3492 743 3659 796 παντὶ

1981 829 2259 902 διορθοῦτε
2309 830 2518 902 τρόπῳ,
2553 831 2640 884 ἵνα
2684 831 2780 884 καὶ
2821 831 2928 885 τῶν
2961 831 3174 884 οἰκείων
3213 833 3308 886 καὶ
3354 833 3461 885 τῶν
3503 831 3660 886 ἀλλο-

1980 917 2147 986 τρίων
2181 918 2628 989 κατορθωμάτων
2655 921 2754 990 τὴν
2780 919 3013 990 ἀμοιϐὴν
3057 920 3441 991 ἀπολάϐωμεν,
3472 920 3657 991 χάριτι

1982 1006 2077 1058 καὶ
2103 1005 2490 1078 φιλανθρωπίᾳ
2519 1006 2616 1060 τοῦ
2654 1007 2863 1078 Κυρίου
2899 1007 3054 1078 ἡμῶν
3091 1008 3266 1079 Ἰησοῦ
3298 1007 3556 1079 Χριστοῦ,
3589 1009 3658 1061 δι’

1983 1083 2044 1147 οὗ
2072 1093 2168 1146 καί¹
2199 1094 2316 1166 μεθ’
2343 1087 2405 1148 οῦ
2428 1093 2506 1164 τῷ
2535 1095 2712 1166 Πατρὶ
2738 1096 2772 1166 ἡ
2797 1095 2921 1162 δόξα
2947 1097 3062 1167 ἀμα
3093 1095 3174 1168 τῷ
3199 1097 3336 1168 ἁγίῳ
3357 1095 3658 1168 Πνεύματι,

1985 1183 2066 1244 εἰς
2095 1181 2222 1244 τούς
2251 1181 2456 1246 αἰῶνας
2485 1181 2596 1235 τῶν
2630 1182 2864 1240 αἰώνων.
2883 1185 3074 1256 Ἀμήν.

237 1375 3612 1404 —_—____—-—_—————-—————-——————_—_——__——_______

209 1539 557 1612 Εὐχαριστία
589 1537 740 1607 πρὸς
765 1536 875 1591 τὸν
901 1533 1051 1590 Θεὸν
1079 1531 1214 1600 περὶ
1247 1531 1360 1599 τῆς
1406 1523 1769 1597 ἀπαλλαγῆς
1793 1522 1916 1578 τῶν
1949 1523 2018 1578 ἐκ
2054 1524 2167 1594 τῆς
2192 1526 2469 1594 στάσεως
2503 1529 3042 1598 προσδοκηθέντων
3069 1533 3290 1600 κακῶν,
3355 1535 3452 1591 καὶ
3520 1537 3663 1592 ἀνά.

268 1650 489 1703 μνησις
511 1631 637 1686 τῶν
667 1631 803 1685 τότε
832 1627 1224 1698 συμϐάντων·
1265 1624 1352 1678 ἔτι
1386 1623 1454 1676 δὲ
1475 1619 1575 1675 καὶ
1604 1618 1754 1673 κατὰ
1791 1615 1910 1670 τῶν
1927 1616 1996 1670 τὸ
2033 1616 2206 1686 σῶμα
2249 1617 2418 1688 ἡμῶν
2467 1620 2938 1691 διαϐαλλόντων,
2969 1626 3070 1680 καί
3098 1627 3172 1682 δι’
3205 1627 3354 1684 ὅλου
3388 1629 3517 1698 περὶ
3555 1626 3666 1699 τῆς

271 1729 371 1785 τοῦ
401 1725 722 1795 ἀνθρώπου
753 1718 1168 1787 κατασκευῆςο
1206 1717 1308 1771 καί
1340 1714 1491 1785 πρὸς
1523 1712 1604 1780 τῷ
1629 1711 1790 1766 τέλει
1809 1709 1944 1780 περί
1972 1708 2080 1764 τοῦ
2118 1711 2492 1779 κατορθῶσαι
2519 1714 2582 1768 τὸ
2605 1715 2693 1786 μὴ
2732 1717 2996 1788 ὀμνύειν.

870 2023 1106 2094 Ὀμιλία
1134 2019 1228 2074 ια’.

273 2199 336 2250 α’.
353 2188 605 2246 Ἐπειδὰν
621 2185 860 2257 ἐννοήσω
881 2183 973 2236 τὸν
1007 2177 1348 2251 παρελθόντα
1369 2172 1617 2247 χειμῶνα
1651 2169 1744 2225 καὶ
1785 2169 1883 2238 τὴν

217 2281 474 2354 παροῦσαν
491 2275 760 2347 γαλήνην,
779 2273 840 2326 οὐ
859 2271 1105 2341 παύομαι
1119 2267 1314 2336 λέγων·
1334 2261 1640 2354 Εὐλογητὸς
1659 2260 1686 2312 ὁ
1707 2257 1843 2354 Θεὸς
1857 2258 1885 2309 ό

216 2345 368 2425 ποίῶν
394 2345 603 2425 πάντα.
629 2345 730 2417 καὶ
767 2357 1188 2432 μετασκευάζων
1225 2353 1383 2408 αὐτάο
1428 2354 1458 2405 ὁ
1495 2350 1728 2420 ποιήσας
1769 2345 1885 2414 φῶς

217 2463 274 2512 ἐκ
300 2453 537 2518 σκότους,
585 2453 614 2506 ὁ
651 2451 904 2518 κατάγων
948 2449 1028 2510 εἰς
1066 2443 1243 2506 πύλας
1285 2442 1413 2513 ᾅδου
1451 2440 1546 2494 καὶ
1583 2437 1822 2504 ἀνάγων,
1858 2436 1886 2487 ό

215 2543 468 2598 παιδεύων
502 2541 606 2594 καὶ
647 2539 721 2610 μὴ
761 2533 1029 2599 θανατῶν,
1063 2532 1158 2586 καὶ
1193 2529 1350 2584 τοῦτο
1389 2528 1483 2582 καὶ
1521 2527 1665 2597 ὑμᾶς
1708 2519 1888 2590 λέγειν

219 2633 460 2703 βούλομαι
493 2626 796 2700 διηνεκῶς,
836 2625 930 2679 καὶ
968 2623 1043 2694 μὴ
1073 2618 1478 2689 διοιλιμπόινιεω⁸
1509 2617 1558 2668 εἰ
1587 2613 1696 2703 γάρ
1727 2613 1888 2676 αὐτὸς

215 2701 315 2783 τοῖς
336 2701 514 2790 ἔργοις
538 2717 688 2787 ἡμᾶς
711 2713 1074 2785 εὐηργέτησε,
1101 2709 1246 2771 τίνος
1274 2707 1339 2761 ἂν
1366 2704 1556 2775 εἴημεν
1587 2701 1726 2768 ἄξιοι
1757 2717 1887 2768 συγ-

217 2808 424 2879 γνώμης
451 2807 640 2878 ἡμεῖς,
674 2803 809 2882 μηδὲ
840 2800 1020 2868 λόγοις
1049 2796 1211 2851 αὐτὸν
1237 2793 1593 2864 ἀμειϐόμενοι
1617 2807 1631 2855 ;
1667 2790 1892 2882 Διὸ-πα-

220 2877 424 2969 ρακαλῶ
472 2877 748 2967 μηδέποτε
790 2888 1169 2960 διαλιμπάνειν
1220 2881 1673 2954 εὐχαριστοῦντας
1718 2877 1888 2948 αὐτῷ’

218 2966 278 3040 ἀν
307 2985 410 3057 γὰρ
434 2966 572 3056 περὶ
601 2982 669 3035 τὰ
702 2979 895 3052 πρῶτα
937 2975 1226 3048 γενώμεθα
1266 2971 1628 3042 εὐγνώμονες,
1671 2966 1892 3057 εὔδηλον

221 3075 293 3128 ὅτι
317 3054 406 3128 καί.
425 3054 633 3144 ἐτέρων
663 3067 922 3141 μειζόνων
958 3063 1360 3134 ἀπολαύσομεν.
1405 3059 1668 3128 Λέγωμεν
1711 3054 1892 3108 τοίνυν

222 3161 486 3233 διηνεκῶςο
519 3141 830 3229 Εὐλογητὸς
850 3153 1047 3217 ὁΘεὸς,
1069 3155 1096 3206 ό
1112 3151 1206 3206 καί¹
1241 3151 1373 3220 ἡμῖν
1393 3148 1518 3210 δοὺς
1548 3143 1688 3233 μετὰ,
1709 3141 1890 3233 ἀδείας

223 3231 309 3321 τὴν
366 3251 624 3304 εἰωθυῖαν
692 3248 821 3317 ὑμῖν
864 3242 1193 3316 παραθεῖναι
1239 3237 1518 3310 τράπεζαν
1545 3273 1558 3297 ,
1609 3232 1706 3286 καὶ
1759 3231 1888 3300 ὐμῖν

229 3318 506 3413 παρασχὼν
524 3336 667 3409 μετά
694 3333 790 3388 τοῦ
809 3333 1031 3406 θαρρεῖν
1059 3329 1167 3383 τῶν
1194 3327 1480 3413 ἡμετέρων
1495 3318 1894 3413 ἀκροᾶσθαιλό-

227 3409 340 3496 γωξν
363 3409 657 3496 εὐλογητὸς
683 3425 711 3478 ὁ
735 3421 888 3486 Θεὸς,
922 3421 1004 3473 ὅτι
1032 3416 1217 3472 οὐκέτι
1246 3415 1338 3470 τὸν
1367 3412 1569 3478 ἔξωθεν
1599 3409 1896 3496 φεύγοντες

232 3495 468 3581 κίνδυνον,
518 3495 676 3588 [H5]
717 3509 832 3566 ἀλλ’
869 3508 1190 3580 ἀκροάσεως
1233 3501 1648 3574 ἐπιθυμοῦντες,
1666 3495 1900 3588 ἐνταῦθα

233 3587 601 3675 συντρέχομεν,
621 3600 808 3654 οὐκέτι
838 3597 978 3669 μετά
997 3595 1239 3666 ἀγωνίας
1265 3592 1360 3646 καὶ
1382 3591 1585 3663 τρόμου
1612 3587 1708 3640 καὶ
1739 3601 1904 3675 φρον-

230 3673 359 3755 τίδος
391 3673 643 3762 ἀλλήλοις
685 3685 1076 3757 συγγινόμεθα,
1115 3681 1252 3737 ἀλλά
1300 3679 1438 3751 μετά
1476 3675 1658 3739 ἀδείας
1705 3673 1905 3762 πολλῆ-ς

231 3777 360 3832 ι’ἱπαν
384 3758 848 3848 ἀποτιναξάμενοι
871 3771 932 3827 τὸ
955 3773 1092 3836 δέοςο
1122 3771 1196 3834 ὡς
1228 3769 1326 3832 τάς
1352 3784 1418 3838 γε
1445 3762 1756 3837 ἔμπροσθεν
1778 3758 1918 3830 ἡμὲ-

234 3882 320 3936 ρας
343 3867 447 3922 τῶν
471 3863 954 3936 κλυδωνιζομένων
981 3865 1038 3916 ἐν
1073 3862 1222 3932 μέσῳ
1251 3858 1496 3924 πελάγει,
1527 3853 1620 3908 καὶ⁵
1653 3849 1910 3918 ναυάγιον

231 3956 337 4008 καθ’
372 3956 614 4026 ἑκάστην
659 3951 1085 4026 προσδοκώντων
1131 3949 1229 4020 τὴν
1277 3947 1450 4018 ῶραν,
1495 3941 1650 3995 οὐδὲν
1689 3938 1910 4008 ἄμεινον

231 4043 557 4116 διεκείμεθα,
595 4043 815 4116 μυρίαις
839 4039 905 4094 δι’
928 4036 1057 4108 ὅλης
1090 4037 1306 4110 ἡμέρας
1333 4031 1648 4102 σοϐούμενοι
1679 4027 1910 4116 φήμαις,

229 4134 615 4207 ταραττόμενοι
637 4132 732 4186 καὶ
752 4129 1062 4202 δονούμενοι
1087 4126 1375 4190 πάντοθεν,
1403 4123 1499 4177 καὶ
1527 4118 1650 4175 καθ’
1677 4115 1912 4207 ἑκάστην

232 4200 432 4293 ἡμέραν
460 4200 970 4294 ⁷περιεργαζόμενοι
1019 4217 1114 4271 καὶ
1167 4206 1778 4294 πολυπραγμονοῦντες,
1831 4200 1916 4294 τίς

233 4290 446 4377 ἀφῖκται
475 4314 544 4366 ἐκ
559 4290 668 4364 ’τοῦ
700 4307 1097 4382 στρατοπέδου;
1122 4303 1175 4358 τί
1201 4303 1258 4358 δὲ
1281 4301 1448 4355 ἐλθὼν
1469 4293 1796 4382 ἀπήγγειλε.
1823 4290 1916 4343 καὶ

233 4397 452 4470 πότερον
503 4397 708 4470 ἀληθὲς
825 4395 1018 4468 ψευδὲς
1065 4394 1126 4446 τὸ
1184 4391 1504 4463 λεγόμενον;
1567 4386 1663 4439 καὶ
1715 4381 1918 4442 νύκτας

234 4486 465 4552 ἀΰπνους
501 4485 898 4548 διατελοῦντες,
940 4482 1037 4536 καὶ
1077 4481 1177 4553 τὴν
1221 4479 1376 4534 πόλιν
1416 4476 1651 4548 ὁρῶντες
1691 4471 1788 4525 καὶ
1825 4471 1919 4523 δα-

235 4575 483 4642 κρύοντες
499 4576 579 4639 ὡς
593 4573 792 4629 αὐτίκα
811 4572 1014 4628 ἀπολου
1022 4571 1212 4642 μένην.
1231 4567 1330 4622 Διά
1345 4566 1502 4622 τοῦτο
1526 4564 1620 4617 καί
1636 4561 1795 4631 ἡμεῖς
1811 4556 1910 4622 τὰς

235 4659 539 4734 ἔμπροσθεν
559 4661 759 4724 ταύτας
773 4662 1110 4731 ἐσιγήσαμεν
1131 4657 1368 4730 ἡμέρας,
1382 4655 1470 4710 διὰ
1493 4653 1554 4706 τὸ
1575 4647 1910 4706 κεκενῶσθαι

234 4749 326 4819 τὴν
360 4751 518 4805 πόλιν
564 4749 720 4822 ἡμῶν
773 4749 1016 4808 ἃπασαν,
1057 4747 1154 4801 καὶ⁴
1196 4745 1333 4818 πρὸς
1377 4743 1476 4806 τὰς
1518 4739 1754 4811 ἐρημίας
1788 4752 1915 4807 μετ-

239 4838 462 4904 ῳκίσθαι
493 4850 516 4879 ³
558 4839 786 4902 πάντας,
815 4839 909 4891 καὶ
935 4836 1022 4890 διά
1053 4835 1114 4888 τὸ
1133 4835 1259 4898 τοὺς
1297 4828 1722 4898 ὑπολειφθέντας
1759 4825 1917 4878 ἐσκο-

239 4923 435 4978 τῶσθαι
461 4925 542 4990 τῷ
569 4925 720 4996 νέφει
749 4927 850 4996 τῆς
879 4923 1136 4995 ἀθυμίας.
1169 4921 1330 4993 Ψυχὴ
1363 4920 1472 4990 γὰρ
1504 4916 1650 4981 ἅπαξ
1678 4914 1917 4984 ἀθυμίας

238 5011 568 5083 ,πλησθεῖσα,
616 5013 751 5085 πρὸς
793 5014 974 5067 πᾶσαν
1020 5010 1284 5084 ἀκρόασίν
1330 5012 1479 5063 ἐστιν
1522 5003 1916 5072 ἀνεπιτήδειος.

244 5101 334 5153 Διά
359 5100 522 5154 τοῦτο
547 5101 642 5156 καὶ
669 5101 720 5154 οἰ
739 5101 832 5154 τοῦ
861 5100 980 5154 Ἰὼϐ
1011 5099 1154 5168 φίλοι
1187 5096 1625 5170 παραγενόμενοι
1647 5135 1660 5148 .
1694 5091 1787 5145 καί
1818 5090 1919 5159 τὴν

245 5188 546 5258 τραγῳδίαν
579 5189 678 5262 τῆς
720 5189 898 5252 οἰκίας
933 5187 1152 5258 ἐκείνης
1197 5186 1417 5249 ἰδόντες,
1455 5184 1550 5236 καὶ
1587 5181 1678 5234 τὸν
1715 5179 1921 5233 δίκαιον

247 5276 333 5330 ὲπί
359 5279 458 5350 τῆς
488 5277 720 5349 κοπρίας
761 5275 1068 5348 καθήμενον
1113 5276 1207 5328 καὶ
1245 5271 1582 5345 ἡλκωμένον,
1633 5266 1922 5340 διέρῥηξάν

247 5381 304 5416 τε
338 5365 406 5418 τά
456 5366 648 5436 ἱμάτια
679 5364 894 5429 αὐτῶν,
935 5365 1029 5419 καὶ
1081 5362 1410 5434 ἀνῴμωξαν,
1454 5361 1549 5414 καὶ
1597 5361 1722 5428 σιγῇ
1778 5373 1923 5427 παρ-

250 5452 830 5525 εκάθηντο,δηλοῦντες
852 5453 932 5506 ὅτι
966 5451 1118 5505 οὐδὲν
1139 5451 1312 5514 οὕτως
1329 5448 1630 5519 ἐπιτήδειον
1657 5445 1806 5519 παρά
1825 5445 1924 5516 τὴν

251 5539 418 5614 ἀρχὴν
451 5545 560 5608 τοῖς
594 5542 952 5613 ὀδυνωμένοις
985 5540 1060 5604 ὼς
1087 5539 1284 5612 ἡσυχία
1307 5539 1400 5594 καὶ
1421 5539 1570 5608 σιγή·
1606 5537 1699 5592 καὶ
1723 5535 1832 5606 γὰρ
1856 5530 1925 5605 ἦν

259 5629 432 5698 μεῖζον
466 5629 819 5702 παραμυθίας
846 5630 905 5682 τὸ
934 5628 1125 5692 πάθος.
1161 5627 1259 5682 Διά
1295 5627 1454 5680 τοῦτο
1486 5627 1577 5680 καὶ
1609 5626 1660 5678 οἰ
1684 5625 1925 5678 Ἰουδαῖοι

317 5862 340 5890 ⁸
365 5861 446 5924 Sir
471 5862 838 5912 rescribendum
869 5862 975 5918 fuit,
1001 5871 1054 5910 ιιι
1077 5862 1404 5924 grammatica:
1433 5865 1486 5908 et
1505 5860 1674 5924 δεηεοὶ
1699 5859 1928 5924 gonsula-

261 5925 350 5971 tur.
381 5923 552 5988 More}.
574 5930 625 5972 et
651 5925 816 5988 Μοιιιί.
835 5919 1583 5988 μετῳκεῐσθαιπᾼιὶίί,ίιιῐετςιιιοε
1601 5919 1928 5988 8ςινί1.μ.ετοι-

262 5988 465 6041 ιισθῆνοιι
496 5987 714 6043 ἅπαντας.
739 5984 844 6036 Ibid
890 5984 1038 6038 Silvii.
1063 5994 1114 6034 el
1137 5987 1219 6034 alii
1249 5985 1608 6044 ἀπολειφθέντας
1631 5984 1926 6033 ἐσκοτῶσθαι

1982 2007 2060 2080 τῷ
2103 2013 2258 2085 πηλῷ
2284 2014 2378 2068 καὶ
2402 2018 2468 2088 τῇ
2499 2016 2750 2089 πλινθείᾳ
2793 2018 3228 2090 προσδεδεμένοι,
3257 2020 3463 2074 Μωσέα
3491 2036 3671 2094 παρα·-

1983 2099 2274 2169 γενόμενον
2309 2103 2531 2172 ἰδόντες,
2575 2106 2680 2161 οὐκ
2707 2107 2960 2162 ἐδύναντο
3003 2111 3116 2171 τοῖς
3156 2107 3472 2180 λεγομένοις
3501 2125 3674 2180 προσ-

1984 2186 2128 2256 έχειν
2157 2189 2266 2244 ἀπὸ
2291 2193 2390 2264 τῆς
2425 2194 2774 2266 ὀλιγοψυχίας
2809 2196 3026 2268 καὶτῆς
3063 2196 3299 2266 θλίψεως
3325 2197 3526 2251 αὐτῶν.
3561 2198 3674 2250 Καὶ

1984 2275 2036 2327 τί
2057 2276 2370 2349 θαυμαστὸν
2392 2283 2442 2334 εἰ
2467 2283 2792 2355 μικρόψυχοί
2813 2301 2958 2348 τινες
2971 2283 3250 2356 ἄνθρωποι
3272 2284 3428 2338 τοῦτο
3448 2283 3670 2346 ἔπαθον,

1985 2365 2120 2418 ὅπου
2157 2367 2253 2420 καὶ
2285 2371 2412 2434 τοὺς
2441 2370 2690 2442 μαθητάς
2717 2373 3046 2443 εὑρίσκομεν
3073 2371 3248 2443 τούπρ
3279 2371 3676 2443 περιπεσόντας

1985 2455 2064 2524 τῷ
2094 2456 2289 2521 πάθεις
2322 2459 2478 2512 Μετὰ
2511 2459 2620 2530 γὰρ
2643 2459 2704 2512 τὸ
2734 2461 2993 2530 μυστικὸν
3023 2462 3201 2514 έκεῖνο
3225 2459 3461 2525 δεῖπνον,
3489 2457 3676 2527 ἐπειδὴ

1987 2544 2168 2598 λαϐὼν
2199 2547 2397 2611 αὐτοὺς
2421 2550 2450 2602 ό
2482 2549 2718 2620 Χριστὸς
2747 2551 2868 2602 κατ’
2901 2549 3035 2602 ἰδίαν
3060 2547 3354 2616 διελέγετο,
3397 2545 3548 2616 παρὰ
3578 2545 3678 2616 μὲν

1988 2633 2086 2704 τὴν
2112 2635 2284 2706 ἀρχὴν
2311 2636 2550 2706 συνεχῶς
2587 2637 3004 2709 αὐτὸν,ἡρώτων
3031 2638 3080 2690 οἰ
3115 2634 3376 2707 μαθηταί·
3428 2632 3537 2688 Ποῦ
3576 2635 3680 2688 ὐπ-

1989 2723 2142 2792 ἀγεις
2167 2743 2180 2787 ;
2204 2725 2392 2794 ἐπειδὴ
2415 2725 2472 2778 δὲ
2492 2721 2646 2778 εἶπεν
2678 2726 2863 2790 αὐτοῖς
2901 2726 2970 2780 τά
3005 2725 3200 2796 μικρὸν
3227 2723 3454 2795 ὕστερον
3481 2723 3680 2787 αὐτοὺς

1989 2813 2340 2884 διαδεξόμενα
2363 2816 2528 2876 κακὰ,
2552 2817 2680 2878 τοὺς
2705 2815 2995 2886 πολέμους,
3016 2815 3117 2877 τὰς
3138 2813 3556 2876 ἐπαναστάσεις.
3579 2811 3679 2876 τὰς

1992 2901 2288 2972 ἀπεχθείας
2314 2905 2413 2968 τὰς
2433 2903 2581 2974 παρὰ
2602 2904 2843 2967 πάντων,
2864 2903 2963 2967 τὰς
2989 2903 3282 2973 μάστιγας,
3306 2900 3374 2954 τὰ
3393 2899 3680 2971 δεσμωτή-

1994 3006 2106 3058 ρια,
2144 2990 2211 3042 τα
2240 2991 2589 3062 δικαστήρια,
2626 2991 2726 3053 τὰς
2757 2991 3083 3058 ἀπαγωγὰς,
3121 2990 3312 3060 ὥσπερ
3339 2989 3446 3040 τινὶ
3476 2987 3683 3058 φορτίῳ

1995 3075 2282 3148 βαρυτάτῳ
2302 3077 2378 3148 τῷ
2402 3078 2552 3148 φόϐῳ
2572 3077 2680 3132 τῶν
2703 3079 3008 3149 εἰρημένων
3035 3078 3130 3130 καὶ
3152 3079 3219 3148 τῇ
3251 3075 3359 3130 τῶν
3382 3075 3682 3146 μελλόντων

1995 3165 2204 3238 ἀθυμίᾳ
2241 3167 2536 3237 πιεζομένη
2583 3167 2704 3220 τότε
2749 3166 2990 3237 αὐτῶνὴ
3037 3166 3208 3236 ψυχὴ,
3254 3164 3461 3235 ἀχανὴς
3497 3161 3684 3215 λοιπὸν

1993 3254 2198 3324 ἔμεινε.
2230 3255 2320 3308 Διὸ
2355 3255 2724 3327 συγχυθέντας
2751 3255 2778 3294 b
2805 3255 3004 3314 αὐτοὺς
3040 3251 3164 3306 ἰδὼν
3192 3253 3221 3305 ὁ
3249 3250 3487 3322 Χριστὸς
3507 3291 3521 3313 ,
3551 3249 3686 3302 αὐτὸ

1993 3345 2149 3398 τοῦτο
2171 3345 2446 3411 ὀνειδίζων
2491 3345 2668 3414 έλεγεο
2721 3345 3052 3413 Πορεύομαι
3095 3341 3248 3411 πρὸς
3300 3339 3408 3393 τὸν
3452 3337 3686 3414 Πατέρα

1991 3451 2134 3504 μου,
2161 3435 2260 3488 καί
2287 3410 2489 3500 οὐδεὶς
2509 3434 2576 3498 ἐξ
2596 3410 2767 3502 *ὑμῶν
2786 3410 2969 3501 ἐρωτᾷ
2983 3447 3080 3502 με·
3100 3410 3224 3485 Ποῦ
3239 3427 3490 3498 ὑπάγεις
3509 3442 3527 3490 ;
3545 3427 3635 3480 ἀλ.
3647 3410 3685 3477 ι’

2001 3523 2090 3576 ὅτι
2112 3525 2298 3578 ταῦτα
2321 3524 2636 3590 λελάληκα
2656 3524 2818 3594 ὑμῖν,
2848 3523 2888 3590 ὴ
2915 3523 3081 3589 λύπη
3103 3517 3499 3585 πεπλήρωκεν
3521 3512 3689 3583 ὑμῶν

2002 3611 2118 3678 τὴν
2150 3612 2420 3681 καρδίαν.
2453 3613 2551 3666 Διά
2565 3613 2724 3667 τοῦτο
2743 3613 2838 3667 καὶ
2866 3612 3027 3682 ἡμεῖς
3051 3611 3390 3678 ἐσιγὴσαμεν
3422 3603 3514 3658 τὸν
3555 3618 3692 3671 παρα

2007 3700 2228 3754 ελθόντα
2272 3701 2482 3772 χρόνον,
2527 3701 2621 3755 τὸν
2657 3701 2903 3774 παρόντα
2945 3697 3136 3770 καιρὸν
3201 3694 3583 3764 ἀναμένοντες.
3625 3689 3688 3743 Εἰ

2007 3790 2116 3862 γάρ
2137 3793 2164 3844 ὁ
2187 3789 2394 3861 μέλλων
2415 3789 2620 3843 δεῖσθαί
2639 3807 2804 3852 τινος,
2829 3789 2930 3844 κᾶν
2951 3785 3150 3854 εὐλογα
3174 3783 3342 3856 μέλλῃ
3363 3778 3688 3852 προτείνειν,

2009 3879 2424 3950 ἐπιτηδειότητα
2445 3877 2706 3947 ἀναμένει
2729 3873 2946 3946 καιροῦ,
2979 3875 3125 3936 ὅπως
3155 3872 3348 3944 ἡμέρῳ
3375 3868 3469 3922 καὶ
3496 3862 3556 3920 εὖ
3579 3866 3693 3918 δια-

2011 3965 2250 4036 κειμένῳ
2283 3964 2360 4036 τῷ
2397 3965 2641 4036 μέλλοντι
2665 3964 2866 4018 διδόναι
2889 3963 2988 4032 τὴν
3021 3961 3238 4032 αἴτησιν
3264 3953 3573 4029 προσέλθοι,
3598 3952 3694 4006 καὶ

2011 4054 2110 4124 τὴν
2138 4053 2246 4107 ἀπὸ
2269 4053 2364 4106 τοῦ
2400 4053 2596 4122 καιροῦ
2625 4051 2806 4106 λαϐὼν
2835 4049 3154 4122 συμμαχίαν
3191 4043 3439 4114 ἐπιτύχοι
3465 4041 3566 4111 τῆς
3597 4039 3696 4110 χά-

2017 4159 2182 4214 ριτος,
2219 4141 2398 4214 πολλῷ
2436 4141 2636 4212 μᾶλλον
2672 4140 2763 4194 τὸν
2800 4139 3024 4206 λέγοντα
3055 4134 3244 4206 καιρὸν
3271 4130 3573 4200 ἐπιτήδειον
3598 4129 3698 4198 ζη-

2015 4233 2126 4284 τεῖν
2165 4232 2289 4304 χρὴ,
2324 4233 2473 4294 ὅπως
2515 4225 2573 4284 εὖ
2606 4229 2933 4298 διακειμένῳ
2971 4224 3050 4296 τῷ
3089 4223 3331 4295 ἀκροατῇ
3372 4220 3468 4273 καὶ
3515 4217 3695 4286 πάσης

2016 4319 2424 4392 ἀπηλλαγμένῳ
2467 4318 2748 4390 φροντίδος
2790 4315 2887 4369 καὶ
2935 4313 3174 4384 ἀθυμίας
3205 4309 3534 4382 προσαγάγῃ
3569 4304 3698 4365 τοὺς

2016 4407 2227 4477 λόγουςο
2253 4408 2282 4460 ὃ
2309 4408 2373 4479 δὴ
2404 4407 2501 4462 καὶ
2527 4409 2687 4478 ἡμεῖς
2719 4405 3123 4474 πεποιήκαμεν.

2090 4516 2137 4588 Η
2155 4515 2242 4591 16]
2256 4517 2442 4590 β¹.Νῦν
2465 4517 2594 4584 γοῦν
2617 4515 2805 4586 ἐπειδὴ
2818 4513 2912 4584 τὴν
2929 4509 3168 4581 ἀθυμίαν
3184 4495 3700 4591 ἀπετινάξασθε,καὶ

2016 4586 2126 4660 τῶν
2149 4586 2428 4680 προτέρων
2465 4607 2610 4678 ὑμᾶς
2671 4603 2984 4673 ἀναμνῆσαι
3019 4595 3338 4669 βουλόμεθα,
3371 4591 3510 4646 ὥστε
3533 4586 3702 4680 σαφέ-

2019 4711 2210 4769 στερον
2231 4678 2360 4766 ὑμῖν
2377 4694 2627 4765 γενέσθαι
2651 4693 2742 4746 τὸν
2775 4691 2956 4760 λόγον·
2985 4688 3014 4742 ὃ
3040 4687 3150 4758 γὰρ
3182 4684 3312 4755 περί⁸
3345 4682 3444 4752 τῆς
3470 4678 3703 4769 κτίσεως

2017 4767 2344 4857 εἰρήκαμεν,
2367 4786 2450 4840 ὅτι
2478 4785 2602 4854 οὐχὶ
2627 4782 2800 4853 καλὴν
2833 4779 2992 4851 μόνον
3027 4775 3121 4830 καὶ
3147 4771 3464 4857 θαυμαστὴν
3487 4767 3581 4857 καὶ
3605 4781 3703 4857 μετ

2018 4851 2193 4946 γάλην
2224 4851 2399 4946 αὐτὴν
2447 4851 2704 4942 ἐποίησεν
2819 4867 2988 4931 Θεὸς,
3033 4862 3171 4916 ἀλλά
3212 4859 3308 4914 καὶ
3361 4851 3704 4946 ἀσθενὴΔκαὶ

2021 4941 2290 5034 φθαρτὴν,
2333 4941 2431 5016 καὶ
2472 4941 2678 5014 τούτων
2713 4955 2896 5010 αὐτῶν
2933 4952 3096 5008 πάλιν
3146 4946 3319 5002 πολλά
3367 4941 3705 5034 ἐγκατέθηκε

2019 5031 2287 5124 δείγματα
2303 5095 2318 5119 ,
2343 5049 2628 5121 ἀμφότερα
2655 5047 2794 5119 πρὸς
2820 5044 2881 5098 τὸ
2909 5045 3181 5115 χρήσιμον
3209 5039 3340 5108 ἡμῖν
3371 5031 3668 5124 οἰκονομῶν
3685 5068 3702 5094 ,

2023 5119 2244 5196 καὶ-διὰ
2286 5119 2498 5212 μὲνίτοῦ
2532 5119 2764 5198 κάλλους
2798 5133 2878 5197 εἰς
2908 5131 2969 5185 τὸ
2995 5129 3182 5200 θαῦμα
3216 5125 3312 5180 τοῦ
3346 5119 3706 5212 πεποιηκότος

2024 5231 2254 5300 ἐνάγων,
2287 5207 2385 5283 διὰ
2417 5226 2474 5280 δὲ
2511 5227 2612 5296 τῆς
2649 5222 2934 5284 ἀσθενείας
2965 5216 3061 5274 τοῦ
3107 5215 3363 5271 σέϐεσθαι
3393 5212 3491 5282 τὴν
3528 5207 3705 5300 κτίσιν

2025 5321 2172 5390 ἡμᾶς
2199 5318 2447 5386 ἀπάγων·
2480 5313 2638 5370 τοῦτο
2670 5312 2765 5366 καὶ
2799 5312 2892 5364 ἐπὶ
2917 5308 3012 5362 τοῦ
3046 5306 3296 5377 σώματος
3319 5300 3410 5390 τοῦ
3435 5296 3705 5390 ﬂuet-€90?

2026 5381 2173 5462 έστιν
2203 5381 2338 5460 ἰδεῖν
2355 5403 2744 5475 γεγενημένον.
2771 5399 2882 5454 Καὶ
2903 5397 3012 5470 γὰρ
3032 5396 3126 5451 καὶ
3155 5393 3286 5464 περὶ
3305 5389 3494 5475 τούτου
3521 5381 3708 5475 πολλοὶ

2028 5496 2251 5567 ζητοῦσι
2285 5493 2393 5547 τῶν
2431 5509 2492 5546 τε
2523 5474 2624 5564 τῆς
2663 5488 2924 5562 ἀληθείας
2952 5483 3163 5559 ἐχθρῶν
3196 5481 3400 5567 τῶντε
3441 5474 3540 5526 σὺν
3573 5474 3709 5567 ἡμῖν

2027 5559 2395 5656 τεταγμένων,
2447 5559 2594 5646 τίνος
2655 5559 2840 5632 ἕνεκεν
2894 5571 3132 5645 φθαρτὸν
3176 5568 3270 5624 καὶ
3311 5564 3574 5636 ἐπίκηρον
3613 5559 3709 5630 γέ-

2029 5691 2205 5744 γονεν.

2033 5836 2102 5898 τῷ
2121 5835 2264 5897 νέφει.
2307 5829 2628 5895 (Savilianum
2649 5824 2956 5887 ἐσκοτῶσθαι,
2979 5823 3210 5886 recipere
3242 5822 3400 5872 visum
3422 5813 3542 5878 est.)
3570 5806 3724 5867 ,Em'r.

2095 5915 2124 5956 ιι
2151 5915 2276 5967 Tres
2297 5926 2412 5964 mss.
2438 5912 2512 5962 διὸ
2534 5906 2864 5971 συσχεθέντας.
