4068 6488
339 361 433 417 121

420 473 686 544 Ἑλλήνων
733 472 787 525 δέ
831 471 1014 526 πολλοὶ
1055 473 1148 525 καὶ
1191 471 1482 542 αἱρετικῶν
1528 471 1649 524 οὐδὲ
1691 471 2016 541 γεγενῆσθαι

335 561 472 614 αὐτὸ
498 561 649 632 παρὰ
685 560 780 613 τοῦ
819 559 954 612 Θεοῦ
987 574 1169 626 φασιν·
1211 557 1430 622 ἀνάξιον
1467 559 1578 629 γὰρ
1610 559 1744 612 αὐτὸ
1776 561 1875 630 τῆς
1915 557 2012 612 τοῦ

339 649 473 702 Θεοῦ
495 648 856 721 δημιουργίας
883 642 1020 699 εἶναι
1044 646 1285 713 λέγουσι,
1316 645 1522 717 ῥύπους
1542 647 1636 698 καὶ
1663 646 1892 718 ἱδρῶτας
1919 645 2014 699 καὶ

333 735 546 806 δάκρυα
579 737 673 790 καὶ
703 735 898 793 πόνους
945 735 1041 788 καὶ
1087 733 1466 804 ταλαιπωρίας
1503 735 1598 787 καὶ
1639 734 1710 787 τὰ
1746 731 1884 788 ἄλλα
1919 731 2015 786 τοῦ

338 824 589 894 σώματος
605 822 850 885 ἐπιόντες
870 822 1108 876 ἅπαντα.
1140 819 1282 888 Ἐγὼ
1308 819 1388 883 δὲ,
1419 820 1634 876 ἐπειδὰν
1662 821 1789 892 περὶ
1813 820 2016 874 τούτων

338 911 560 980 γένηται
581 910 758 978 λόγος,
786 909 1001 981 πρῶτον
1028 909 1126 972 μέν
1151 909 1326 960 ἐκεῖνο
1348 906 1416 960 ἂν
1444 905 1676 978 εἴποιμι·
1700 907 1792 976 Μή
1821 923 1910 977 μοι
1924 907 2015 960 τὸν

337 996 620 1065 ἄνθρωπον
653 997 783 1063 λέγε
809 995 998 1050 τοῦτον
1019 995 1110 1048 τὸν
1136 993 1644 1066 προσκεκρουκότα,
1686 993 1780 1046 τὸν
1807 994 2017 1062 ἠτιμω-

340 1084 517 1152 μένον,
541 1083 632 1137 τὸν
661 1083 1146 1138 καταδικασθέντα·
1175 1081 1288 1136 ἀλλ’
1319 1083 1367 1134 εί
1403 1078 1582 1150 βούλει
1615 1081 1808 1151 μαθεῖν
1834 1083 2016 1134 ὁποῖον

335 1169 394 1236 ἐξ
431 1172 604 1243 ἀρχῆς
635 1174 766 1243 ΙΙιμῖν
799 1185 823 1213 α
853 1171 916 1224 τὸ
950 1170 1112 1241 σῶμα
1142 1170 1379 1224 ἔπλασεν
1407 1171 1436 1223 ὁ
1464 1169 1617 1233 Θεὸς,
1653 1169 1745 1222 ἐπὶ
1768 1169 1863 1222 τὸν
1896 1185 2018 1221 πα-

339 1257 582 1330 ράδεισον
605 1259 868 1328 ἔλθωμεν,
890 1259 987 1312 καὶ
1010 1259 1102 1312 τὸν
1129 1258 1187 1324 ἐξ
1211 1258 1387 1328 ἀρχῆς
1408 1257 1704 1328 γενόμενον
1731 1255 2016 1326 ἄνθρωπον

335 1346 556 1416 ἴδωμεν.
597 1347 670 1398 Οὐ
700 1345 812 1417 γὰρ
841 1345 984 1400 οὐτῶ
1015 1344 1078 1398 τὸ
1107 1343 1268 1416 σῶμα
1297 1347 1472 1398 ἐκεῖνο
1501 1343 1737 1414 φθαρτὸν
1762 1343 1856 1396 καὶ
1890 1343 2014 1396 ἐπί-

334 1449 505 1506 κηρον
537 1427 626 1503 ἦν.
663 1433 778 1486 ἀλλ’
806 1432 997 1504 ὥσπερ
1032 1449 1116 1494 τις
1143 1431 1375 1505 χρυσοῦς
1416 1429 1640 1502 ἀνδριὰς
1675 1429 1784 1483 ἀπὺ
1812 1445 2017 1499 χωνευ-

335 1521 522 1592 τηρίου
563 1517 844 1592 προελθὼν
883 1519 1010 1590 ἄρτι
1055 1520 1148 1572 καὶ
1189 1519 1440 1590 λαμπρὸν
1477 1515 1840 1579 ἀποστίλϐων,
1874 1514 2018 1569 οὕτω

337 1609 519 1680 πάσης
550 1607 754 1678 φθορᾶς
787 1607 962 1660 ἐκεῖνο
986 1605 1047 1659 τὺ
1081 1605 1242 1677 σῶμα
1273 1604 1610 1676 ἀπήλλακτο,
1641 1604 1736 1657 καὶ
1760 1602 1886 1656 οὐτε
1917 1604 2016 1656 πό-

336 1710 426 1756 νος
437 1694 680 1764 ἠνώχλει,
701 1692 824 1748 οὐτε
847 1693 1011 1764 ίδρὼς
1034 1693 1376 1763 ἐλυμαίνετο,
1405 1693 1464 1746 οὐ
1491 1691 1771 1762 φροντίδες
1795 1689 2019 1745 ἐπεϐούο

336 1779 512 1843 λευον,
543 1783 644 1834 οὐκ
673 1780 902 1851 ἀθυμίαι
935 1779 1308 1852 ἐπολιόρκουν,
1341 1779 1442 1832 οὐκ
1469 1778 1597 1832 ἀλλο
1628 1795 1683 1831 τι
1707 1777 1816 1832 τῶν
1837 1776 2014 1830 τοιού-

331 1881 443 1921 των
469 1867 656 1921 ἐλύπει
691 1867 900 1922 παθῶν·
936 1867 1126 1938 ἐπειδὴ
1155 1867 1216 1920 δὲ
1251 1866 1542 1938 σωφρόνως
1572 1867 1673 1937 τὴν
1711 1863 2015 1936 εὐημερίαν

333 1957 434 2009 οὐκ
458 1955 720 2026 ἤνεγκεν,
754 1955 871 2010 ἀλλ’
910 1954 1196 2024 ἐξύϐρισεν
1225 1956 1306 2018 είς
1329 1954 1421 2007 τὸν
1453 1953 1768 2024 εὐεργέτην,
1801 1951 1896 2004 καὶ
1923 1949 2016 2004 τὸν

329 2042 624 2096 ἀπατεῶνα
651 2042 882 2112 δαίμονα
925 2041 1022 2095 τοῦ
1061 2041 1360 2112 κηδεμόνος
1393 2040 1528 2095 Θεοῦ
1563 2040 1658 2094 καὶ
1687 2040 2016 2110 τιμήσαντος

328 2131 494 2186 αὐτὸν
520 2131 768 2203 ἐνόμισεν
798 2131 1236 2200 ἀξιοπιστότερον
1281 2127 1442 2195 εἶναι,
1488 2129 1582 2184 καὶ
1610 2129 1732 2192 θεὸς
1763 2127 2015 2196 γενέσθαι

327 2219 720 2290 προσεδόκησε,
755 2220 851 2274 καὶ
887 2218 1111 2290 μείζονα
1143 2219 1243 2290 τῆς
1267 2218 1476 2282 οἰκείας
1509 2216 1668 2282 ἀξίας
1699 2215 1894 2269 ἐλαϐεν
1925 2213 2013 2268 ἐν-

328 2323 500 2371 νοιαν,
531 2307 650 2360 τότε
681 2307 769 2378 δὴ,
801 2307 922 2360 τότε
954 2307 1050 2362 καὶ
1076 2305 1166 2360 διὰ
1190 2305 1300 2360 τῶν
1327 2304 1672 2376 πραγμάτων
1697 2302 1879 2356 αὐτῶν
1907 2319 2013 2354 σω-

329 2395 599 2464 φρονίζων
631 2395 794 2447 αὐτὸν
817 2396 846 2447 ὁ
877 2394 1032 2458 Θεὸς,
1057 2393 1296 2465 φθαρτόν
1328 2410 1390 2446 τε
1417 2391 1641 2462 ἐποίησε
1665 2391 1758 2444 καὶ
1789 2389 2011 2460 θνητὸν,

332 2481 426 2534 καὶ
455 2485 574 2544 ταῖς
597 2481 820 2545 πολλαῖς
853 2481 1080 2544 ταύταις
1114 2479 1410 2551 κατέδησεν
1450 2479 1736 2548 ἀνάγκαις,
1773 2477 1892 2547 οὐχὶ
1924 2493 2014 2545 μι-

333 2567 462 2628 σῶν,
481 2569 600 2622 οὐδέ
629 2569 1126 2638 ἀποστρεφόμενος,
1148 2567 1284 2621 άλλά
1302 2567 1623 2639 κηδόμενος,
1657 2565 1754 2618 καὶ
1784 2563 1883 2635 τὴν
1911 2579 2013 2616 ποι

329 2659 501 2729 νηράν
539 2657 632 2710 καὶ
656 2655 899 2726 ὀλέθριον
932 2655 1148 2727 ἐκείνην
1176 2655 1434 2710 ἀπόνοιαν
1472 2656 1536 2708 ἐκ
1571 2652 1874 2725 προοιμίων
1901 2667 2013 2704 κω-

329 2745 492 2810 λύων,
526 2744 620 2796 καὶ
647 2743 958 2816 περαιτέρω
985 2743 1273 2814 προελθεῖν
1295 2743 1396 2795 οὐκ
1428 2741 1554 2806 ἐῶν,
1589 2740 1728 2796 ἀλλὰ
1751 2739 1818 2794 δι’
1847 2739 2016 2808 αὐτῆς

329 2831 439 2886 τῶν
467 2833 810 2904 πραγμάτων
839 2833 938 2903 τῆς
969 2831 1165 2902 πείρας
1187 2831 1456 2886 διδάσκων
1481 2829 1644 2884 αὐτὸν
1661 2869 1676 2893 ,
1706 2831 1790 2882 ὅτι
1819 2827 2014 2899 θνητός

329 2921 390 2973 τέ
413 2922 530 2974 ἐστι
568 2921 663 2975 καὶ
707 2921 997 2992 ἐπίκηρος,
1029 2920 1124 2974 καὶ
1159 2918 1334 2990 ταύτῃ
1370 2918 1572 2973 πείθων
1599 2918 1869 2990 μηδέποτε
1903 2933 2014 2970 τοι-

330 3006 471 3064 αῦτα
527 3007 895 3080 φαντάζεσθαι
934 3009 1030 3063 καὶ
1074 3007 1458 3080 ὀνειροπολεῖν*
1503 3006 1598 3061 καὶ
1641 3007 1748 3078 γὰρ
1783 3001 1936 3058 εἶπεν
1986 3005 2015 3058 ὁ

331 3097 592 3162 διάϐολος·
613 3100 875 3152 Ἐσεσθε
887 3097 967 3163 ὡς
977 3098 1120 3151 θεοί.
1136 3098 1182 3150 Π
1192 3097 1249 3168 ρό
1255 3095 1379 3169 ppu;
1381 3113 1438 3149 ον
1451 3091 1544 3149 οῦν
1559 3093 1762 3167 ταύτην
1777 3094 2016 3148 ἀνασπά-

333 3201 422 3239 σαι
459 3185 779 3258 βουλόμενος
797 3185 896 3257 τὴν
919 3184 1150 3246 ἔννοιαν.
1181 3183 1492 3248 πολυπαθὲς
1522 3182 1686 3238 αὐτοῦ
1709 3183 1804 3236 καὶ
1821 3181 2014 3236 ταλαί-

331 3290 514 3346 πωρον
541 3273 604 3327 τὺ
639 3273 798 3346 σῶμα
831 3274 1100 3344 πεποίηκε
1121 3313 1134 3336 ,
1181 3273 1250 3326 δι’
1292 3271 1466 3342 αὐτῆς
1501 3271 1602 3342 τῆς
1641 3269 1858 3340 φύσεως
1891 3287 2018 3323 παι-

329 3363 500 3416 δεύων
527 3361 710 3427 αὐτὸν,
747 3361 1020 3432 μηδέποτε
1042 3359 1301 3431 τοιαύτην
1321 3358 1510 3413 λαϐεῖν
1534 3357 1764 3412 ἔννοιαν.
1801 3358 1913 3410 Καὶ
1935 3359 2016 3410 ὅτι

329 3449 490 3503 τοῦτό
515 3453 660 3505 ἐστιν
694 3449 912 3518 ἀληθὲς,
949 3447 1184 3520 μάλιστα
1217 3447 1315 3517 μέν
1339 3445 1437 3500 καὶ
1458 3447 1524 3498 ἐκ
1555 3445 1665 3498 τῶν
1694 3446 1780 3498 ἐπ’
1807 3443 2016 3498 ἐκείνου

332 3537 716 3609 γεγενημένων
760 3537 938 3608 δῆλον·
984 3536 1126 3607 μετὰ
1162 3533 1271 3606 γὰρ
1305 3534 1406 3605 τὴν
1439 3532 1766 3604 προσδοκίαν
1801 3533 2018 3602 ἐκείνην

807 416 838 436 λ

333 3625 507 3697 ταύτῃ
547 3625 916 3698 κατεδικάσθη
955 3628 1024 3697 τῇ
1060 3623 1322 3694 τιμωρίᾳ.
1364 3622 1478 3678 Καὶ
1519 3621 1711 3674 σκόπει
1747 3638 1836 3692 μοι
1881 3621 2016 3674 Θεοῦ

220 3773 222 3777 _
336 3712 572 3767 σύνεσιν·
613 3715 714 3768 οὐκ
734 3713 946 3784 ἀφῆκεν
977 3712 1142 3766 αὐτὸν
1167 3712 1384 3783 πρῶτον
1412 3708 1728 3773 ἀποθανεῖν,
1768 3709 1904 3764 ἀλλά
1927 3709 2019 3762 τὸν

335 3801 452 3855 υἱὸν
482 3800 571 3854 τὸν
605 3801 818 3855 ἐκείνου
844 3800 1192 3872 συνεχώρησε
1219 3797 1378 3852 τοῦτο
1413 3797 1628 3860 παθεῖν,
1655 3797 1744 3852 ἴνα
1771 3797 1881 3869 πρὸ
1911 3796 2020 3851 τῶν

333 3888 626 3960 ὀφθαλμῶν
653 3889 774 3944 ίδὼν
795 3889 856 3943 τὸ
879 3889 1040 3961 σῶμα
1065 3888 1372 3959 σηπόμενόν
1401 3887 1497 3940 καὶ
1524 3885 1904 3958 φθειρόμενον,
1933 3904 2022 3952 με·

334 3977 506 4048 γάλην
539 3977 647 4032 ἀπὸ
677 3967 776 4048 τῆς
807 3978 985 4048 ὅψεως
1020 3976 1225 4048 ταύτης
1255 3974 1474 4048 δέξηται
1520 3973 1668 4047 [H7]
1703 3975 2022 4045 φιλοσοφίας

332 4064 703 4125 διδασκαλίαν,
731 4066 827 4119 καὶ
863 4065 1012 4137 μάθῃ
1041 4064 1096 4119 τί
1127 4065 1341 4134 γέγονε,
1373 4063 1468 4117 καὶ¹
1495 4063 1885 4135 σωφρονισθεὶς
1917 4081 2021 4117 κα-

333 4153 463 4219 λῶς,
495 4154 669 4219 οὓτως
699 4153 950 4208 ἐντεῦθεν
975 4152 1207 4226 ἀπέλθῃ.
1381 4159 1393 4173 '

404 4242 658 4296 Μάλιστα
680 4242 778 4312 μὲν
805 4237 919 4308 οὖν,
949 4241 1090 4311 ὅπερ
1122 4239 1282 4310 ἔφην,
1317 4238 1414 4292 καὶ
1445 4239 1512 4292 ἐκ
1531 4237 1640 4292 τῶν
1665 4236 1766 4309 ἤδη
1795 4253 2022 4310 γεγενη-

339 4327 516 4399 μένων
542 4325 702 4382 τοῦτο
721 4327 900 4398 δῆλον,
925 4329 1025 4382 οὐκ
1041 4324 1262 4380 ἔλαττον
1282 4325 1342 4379 δέ
1360 4325 1456 4380 καὶ
1473 4326 1540 4380 ἐκ
1555 4323 1665 4379 τῶν
1689 4325 1829 4396 μετά
1846 4323 2022 4379 ταῦτα

339 4415 730 4489 ῥηθησομένων
773 4415 928 4470 ἐσται
973 4413 1228 4487 φανερόν.
1275 4415 1340 4467 El
1382 4413 1492 4485 γάρ
1539 4414 1755 4486 ἀνάγκῃ
1794 4413 2022 4486 τοιαύτῃ

336 4503 431 4556 τοῦ
475 4505 725 4572 σώματος
763 4502 934 4556 ἐνδεδε
944 4502 1131 4572 μένου,
1175 4500 1273 4554 καὶ
1313 4499 1532 4555 πάντων
1568 4501 2022 4572 ἀποθνησκόντων

339 4593 436 4644 καὶ
488 4589 859 4662 φθειρομένων
911 4591 1006 4644 καὶ
1047 4589 1372 4660 σηπομένων
1417 4591 1476 4642 ἐν
1527 4593 1647 4654 ταῖς
1696 4591 1952 4644 ἁπάντων
1990 4591 2020 4631 δ

340 4676 498 4746 ὄψεσι
529 4677 624 4731 καὶ
651 4675 1046 4747 διαλελυμένων
1076 4679 1156 4740 είς
1183 4675 1354 4740 κόνιν,
1383 4676 1480 4730 καὶ
1507 4677 1614 4728 τῶν
1645 4676 1844 4743 ἔξωθεν
1868 4677 2022 4748 φιλο-

341 4765 522 4834 σόφων
539 4764 634 4819 ἕνα
658 4767 754 4820 καὶ
780 4764 972 4820 τοῦτον
1007 4765 1388 4838 ποιησαμένων
1417 4765 1874 4837 συμπληρωτικὸν
1895 4768 2021 4838 ὅρον

342 4851 438 4906 τοῦ
483 4852 593 4906 τῶν
641 4853 944 4927 ἀνθρώπων
987 4854 1178 4924 γένους
1206 4852 1595 4926 (ἐρωτηθέντες
1635 4852 1765 4925 γὰρ,
1802 4853 1856 4907 τί
1889 4871 2021 4908 ποτε

341 4940 627 5014 ἄνθρωπός
658 4943 793 5006 ἐστι,
837 4941 974 5007 ζῶον
1014 4942 1230 5012 λογικὸν
1277 4941 1470 5010 θνητὸν
1511 4936 1706 5011 εἷπον)·
1753 4943 1804 4996 εί
1840 4943 2020 4996 τοίνυν

345 5026 562 5084 πάντων
587 5028 760 5084 ταῦτα
785 5029 1194 5102 ὁμολογούντων
1222 5030 1527 5102 ἐτόλμησαν
1551 5031 1780 5094 ἐαυτούς
1807 5030 2022 5084 ἀπαθα-

342 5117 557 5170 νατίσαι
600 5118 741 5182 τινές
783 5119 840 5171 ἐν
875 5122 996 5184 ταῖς
1034 5119 1144 5172 τῶν
1184 5118 1395 5172 πολλῶν
1437 5118 1757 5190 ὐπολήψεσι,
1792 5119 1888 5173 καὶ
1925 5119 2023 5188 τῆς

343 5205 517 5274 ὅψεως
561 5206 940 5276 μαρτυρούσης
977 5208 1068 5262 τὸν
1107 5207 1370 5268 θάνατον,
1407 5205 1818 5276 ἐφιλονείκησαν
1857 5207 2023 5279 ἀναρ-

346 5293 576 5364 ρηθῆναι
601 5291 734 5359 θεοὶ,
759 5294 852 5346 καὶ
874 5295 1210 5365 ἐτιμήθησαν
1233 5293 1425 5357 οὔτως·
1447 5293 1495 5347 εἱ
1519 5295 1592 5363 μὴ
1627 5293 2022 5366 προύχώρησεν

343 5381 372 5432 ό
398 5380 625 5446 θάνατος
655 5381 923 5436 διδάσκων
968 5381 1212 5444 ἅπαντας
1256 5381 1317 5434 τὸ
1355 5383 1454 5452 τῆς
1491 5381 1706 5454 φύσεως
1756 5383 2022 5454 ἐπίκηρον

345 5469 439 5521 καὶ
465 5469 724 5541 φθαρτὸν,
758 5470 862 5524 ποῦ
895 5471 996 5523 οὐκ
1030 5469 1098 5524 ἂν
1126 5467 1394 5538 ἐξέϐησαν
1420 5470 1670 5533 ἀσεϐείας
1697 5469 1882 5523 πολλοὶ
1911 5470 2020 5524 τῶν

345 5555 683 5625 ἀνθρώπωνς
714 5559 979 5612 Ἀκουσον
1010 5556 1190 5610 τοίνυν
1227 5557 1280 5610 τί
1319 5573 1482 5626 φησιν
1517 5557 1546 5609 ὁ
1572 5561 1857 5630 προφήτης
1893 5559 2022 5630 περί

344 5659 490 5706 τινος
545 5643 816 5718 βαρϐάρου
869 5646 1132 5718 βασιλέως
1189 5643 1445 5716 τοιαύτην
1490 5645 1749 5716 μανέντος
1799 5647 2018 5718 μανίαν·

410 5781 440 5810 ι
468 5781 557 5810 ANB
579 5785 681 5810 .L...'".

410 5781 440 5810 ι
547 5783 557 5794 .
657 5785 681 5797 ..

405 5841 437 5914 Ρ
460 5781 780 5914 ταῖς
801 5849 884 5895 ἀπ.
906 5849 1064 5914 Paulo
1084 5853 1198 5914 post
1221 5851 1397 5902 Morel.
1419 5851 1502 5902 ἕνα
1522 5852 1603 5902 καὶ
1625 5849 1793 5902 τοῦτον
1811 5869 2020 5911 ποιησα-

409 5920 519 5979 νων.
542 5905 690 5954 Savil.
713 5909 766 5979 ig
791 5915 930 5979 textp
954 5912 1034 5979 ἕνα
1069 5905 1157 5979 iul
1179 5913 1360 5963 τούτων
1382 5916 1738 5979 ποιησαμένων,
1763 5923 1866 5966 tres
1897 5905 2014 5964 mss.

390 5977 465 6014 av.
485 5977 538 6014 ιη
559 5979 708 6031 marg.
735 5969 818 6017 ἕνα
839 5971 918 6018 καὶ
940 5971 1021 6021 τὸν
1053 5973 1195 6024 αὐτὸν
1229 5969 1581 6039 ποιησαιιὲνωνξ

1079 358 1137 412 S.
1180 357 1468 412 JOANNIS
1505 355 2009 412 CIIRYSOSTOMI
2048 355 2372 413 ARCHIEP.
2413 350 2964 411 C(JNSI'ANTINOP.

3738 353 3854 405 122

2121 469 2358 524 Ἰἰπιὶνω
2385 469 2502 523 τῶν
2555 469 2792 537 ἄστρων
2827 468 2932 524 τοῦ
2978 465 3237 536 οὐρανοῦ
3263 467 3456 533 θήσω.
3505 465 3684 536 φησι,
3734 467 3856 520 τὸν

2119 559 2336 625 θρόνον
2356 573 2496 626 μου,
2527 557 2624 610 καὶ
2649 556 2863 626 ἔσομαι
2891 555 3090 624 ὅμοιος
3121 552 3202 620 τῷ
3243 555 3534 622 Ὑψίστφ.
3557 547 3709 607 Εἶτα
3743 569 3855 608 κα-

2121 643 2364 714 ταγελῶν
2405 643 2595 710 αὐτοῦ,
2631 643 2728 698 καὶ
2767 643 2870 714 τὴν
2906 640 3164 713 τελευτὴν
3185 641 3347 696 αὐτοῦ
3371 640 3597 713 δηλῶν,
3644 641 3848 711 φησίν·

2129 731 2435 786 Ὑποκάτω
2471 745 2590 787 σου
2627 730 2973 800 στρώσουσι
2989 715 3238 799 ’σῆψιη
3281 729 3380 783 καὶ
3427 730 3508 784 τὸ
3557 727 3850 784 κατακὰο

2115 818 2321 888 ,λυμμά
2349 830 2372 858 ο
2397 836 2514 874 σου
2543 816 2810 884 σκώληξ.
2846 819 2912 870 Ὀ
2947 817 3004 871 δέ
3031 817 3180 886 λέγει
3202 817 3446 871 τοιοῦτόν
3483 819 3680 870 ἐστιν·
3709 817 3851 868 Ἂν·

2117 905 2336 976 θρωπος
2367 906 2626 978 τοιαύτην
2667 905 2954 974 ἀναμένων
2992 905 3271 976 τελευτὴν,
3325 904 3574 960 τοιαῦτα
3620 903 3848 973 φαντά-

2117 989 2304 1055 ζεσθαι
2332 993 2670 1065 ἐτόλμησας
2699 992 2808 1045 Καὶ
2835 993 2962 1065 περὶ
2985 991 3177 1064 ἐτέρου
3197 993 3360 1045 πάλιν
3386 991 3492 1046 τοῦ
3525 990 3843 1063 βασιλέως,

2115 1078 2260 1146 λέγω
2283 1080 2394 1133 τῶν
2425 1081 2661 1152 Τυρίων,
2690 1081 2920 1134 τοιαῦτα
2951 1079 3456 1144 κατασκευάζοντος
3491 1079 3602 1133 καὶ
3636 1079 3841 1149 βουλο-

2120 1166 2279 1235 μένου
2306 1167 2621 1238 νομίζεσθαι
2663 1167 2808 1230 θεοῦ,
2852 1167 3005 1238 φησί·
3037 1167 3116 1220 Σὺ
3146 1165 3216 1220 δὲ
3249 1169 3361 1220 οὐκ
3389 1163 3452 1221 εἷ
3470 1167 3653 1232 θεὸς,
3689 1166 3842 1220 ἀλλ’

2115 1251 2444 1322 ἅνθρωπος,
2473 1255 2573 1310 καί
2600 1259 2654 1310 οί
2677 1254 3187 1322 κατακεντοῦντές
3214 1271 3287 1308 σε
3315 1255 3502 1309 τοῦτο
3543 1253 3838 1324 ἐροῦσιν.

2119 1340 2279 1394 Ὥστε
2311 1342 2514 1395 ἄνωθεν
2543 1343 2640 1397 καὶ
2667 1341 2786 1415 μεθ’
2813 1341 3402 1416 ὐπερϐολῆς.ἀναιρῶν
3441 1341 3559 1412 τῆς
3602 1341 3838 1395 εἰδωλο-

2114 1425 2368 1496 λατρείας
2391 1429 2490 1499 τὴν
2515 1428 2772 1483 ὑπόθεσιν
2791 1471 2806 1494 ,
2829 1428 3074 1483 τοιοῦτον
3103 1431 3236 1500 ἡμῖν
3261 1428 3324 1482 τὸ
3353 1428 3526 1500 σῶμα
3556 1427 3838 1499 ἐποίησεν

2115 1516 2144 1568 ὀ
2171 1515 2324 1579 Θεός.
2353 1516 2466 1571 Kal
2493 1517 2546 1570 τί
2576 1515 2878 1589 θαυμάζεις
2901 1517 2951 1570 εί
2987 1515 3081 1570 ἐπὶ
3105 1516 3202 1570 τοῦ
3235 1515 3496 1587 σώματος
3524 1515 3704 1570 τοῦτο
3733 1514 3835 1585 γέ·-

2115 1619 2293 1670 γονεν,
2319 1602 2452 1658 ὅπου
2482 1621 2548 1674 γε
2574 1605 2668 1658 καὶ
2695 1604 2790 1658 ἐπὶ
2811 1605 2911 1675 τῆς
2939 1603 3118 1675 ψυχῆς
3143 1603 3290 1657 ἐστιν
3322 1604 3452 1658 ἰδεῖν
3481 1602 3753 1658 τοιοῦτόν
3777 1620 3834 1658 τι

2115 1689 2484 1761 γεγενημένον
2505 1707 2520 1757 ;
2545 1690 2758 1764 Θνητὴν
2789 1691 2888 1762 μὲν
2915 1692 3024 1763 γὰρ
3085 1692 3187 1746 οὐκ
3224 1690 3514 1762 ἐποίησεν,
3553 1689 3684 1744 ἀλλ’
3719 1691 3834 1761 άφο

2117 1776 2252 1848 ἧκεν
2277 1778 2542 1834 ἀθάνατον
2569 1775 2728 1833 εἶναι·
2758 1779 2897 1852 λήθῃ
2913 1780 2970 1834 δέ
2998 1780 3092 1834 καὶ
3123 1779 3314 1852 ἀγνοίᾳ
3351 1780 3446 1834 καὶ
3479 1778 3712 1850 ἀθυμία
3731 1779 3834 1832 καὶ

2115 1866 2392 1936 φροντίσιν
2449 1866 2752 1922 ὑπεύθυνον
2807 1869 2980 1940 αὐτὴν
3031 1867 3439 1922 κατεσκεύασε·
3500 1869 3610 1922 καὶ
3664 1867 3832 1922 τοῦτο

2115 1952 2390 2024 ἐποίησεν,
2433 1955 2520 2010 ἴνα
2575 1956 2650 2026 μὴ
2703 1955 2838 2027 πρὸς
2865 1957 2966 2027 τὴν
3008 1955 3216 2010 οἰκείαν
3265 1955 3560 2024 εὐγένειαν
3611 1955 3828 2019 ἰδοῦσα,

2118 2041 2342 2110 μείζονα
2369 2044 2467 2114 τῆς
2493 2044 2700 2107 οἰκείας
2722 2043 2881 2111 ἀξίας
2907 2044 3114 2099 ἔννοιαν
3144 2043 3303 2116 λάϐῃ.
3338 2045 3404 2098 Εἰ
3431 2045 3550 2116 γὰρ
3575 2045 3678 2097 καὶ
3701 2045 3828 2098 τού-

2112 2143 2221 2180 των
2253 2129 2422 2183 δντων
2447 2130 2752 2202 ἐτόλμησάν
2790 2149 2934 2196 τινες
2967 2133 3164 2196 εἰπεῖν,
3199 2133 3282 2185 ὅτι
3317 2133 3418 2202 τῆς
3451 2131 3664 2194 οὐσίας
3698 2133 3822 2184 ἐστὶ

2112 2213 2206 2268 τοῦ
2233 2214 2390 2269 Θεοῦ·
2421 2217 2470 2271 εἰ
2498 2219 2592 2271 καὶ
2615 2218 2820 2273 τούτων
2840 2219 3156 2291 ἀπήλλακτο
3184 2219 3294 2272 τῶν
3326 2219 3550 2284 παθῶν,
3586 2219 3698 2273 ποῦ
3723 2221 3825 2274 οὐκ

2113 2301 2179 2355 ἂν
2212 2299 2374 2374 ἦλθον
2397 2298 2542 2360 οῦτοι
2578 2305 2808 2376 μανίαςς
2841 2306 2988 2378 Πλὴν
3019 2307 3134 2361 ἀλλ’
3157 2307 3294 2378 ὅπερ
3320 2308 3416 2360 ἐπὶ
3441 2307 3550 2378 τῆ‹³
3583 2307 3826 2370 κτίσεως

2113 2388 2317 2458 ἔλεγον,
2347 2391 2507 2446 τοῦτο
2536 2394 2632 2446 καὶ
2656 2394 2750 2448 ἐπὶ
2784 2393 2878 2448 τοῦ
2915 2394 3165 2463 σώματος
3193 2395 3358 2463 λέγω,
3392 2395 3481 2448 ὃτι
3511 2395 3730 2466 ὁμοίως
3753 2391 3824 2448 δι’

2112 2477 2398 2550 ἀμφότερα
2453 2481 2628 2534 ταῦτα
2678 2481 2943 2553 θαυμάζω
2980 2483 3070 2536 τὸν
3110 2483 3264 2546 Θεὸν,
3311 2485 3406 2536 καὶ
3453 2485 3543 2537 ὅτι
3576 2482 3822 2554 φθαρτὸν

2113 2565 2244 2618 αὐτὸ
2275 2567 2497 2638 ἐποίησε
2521 2609 2536 2632 ,
2576 2571 2671 2623 καὶ
2711 2571 2794 2623 ὅτι
2836 2571 2894 2622 ἐν
2930 2572 2996 2642 τῇ
3039 2569 3216 2642 φθορᾷ
3252 2572 3352 2640 τὴν
3394 2571 3616 2624 οἰκείαν
3667 2571 3822 2640 ἰσχὺν

2113 2652 2428 2718 ἐπεδείξατο
2473 2657 2568 2709 καὶ
2603 2657 2814 2726 σοφίαν.
2873 2657 2997 2712 Ὅτι
3045 2658 3142 2729 μὲν
3185 2659 3294 2730 γὰρ
3350 2657 3632 2728 βελτίονος
3687 2656 3820 2710 αὐτὸ

2121 2741 2275 2809 ῖσχυε
2303 2743 2528 2814 ποιῆσαι
2555 2743 2706 2816 ὐλης,
2740 2743 2940 2810 ἔδειξεν
2967 2747 3032 2799 ἐκ
3058 2747 3151 2800 τοῦ
3178 2747 3433 2818 οὐρανίου
3467 2761 3533 2800 τε
3560 2746 3820 2816 σώματος

2116 2828 2212 2882 καὶ
2245 2829 2338 2883 τοῦ
2379 2831 2630 2901 ἡλιακοῦ.
2663 2833 2721 2886 Ὁ
2753 2833 2862 2904 γὰρ
2905 2835 3089 2887 ἐκεῖνα
3133 2834 3356 2888 τοιαῦτα
3406 2839 3684 2906 ποιήσας,
3724 2831 3816 2887 καὶ

2113 2915 2272 2971 τοῦτο
2302 2918 2540 2973 τοιοῦτον
2569 2921 2790 2991 ποιῆσαι
2830 2918 2885 2981 ⁸,
2933 2921 3091 2992 εἴπερ
3130 2909 3406 2990 ἐθέλησὲν.
3455 2923 3687 2992 ἴσχυσεν
3729 2920 3811 2974 ἄν·

2114 3005 2229 3060 ἀλλ’
2253 3009 2286 3078 ή
2317 3007 2462 3060 αἰτία
2480 3009 2579 3080 τῆς
2600 3008 2883 3072 ἀσθενείας
2899 3008 3046 3061 ἐστὶν
3059 3012 3092 3080 ἡ
3113 3009 3491 3081 προειρημένη
3509 3010 3808 3082 πρόφασις.

2114 3093 2190 3147 Οὐ
2216 3093 2322 3166 μὴν
2337 3094 2495 3148 τοῦτο
2510 3097 2872 3167 ὑποτέμνεται
2891 3097 2986 3150 τοῦ
3001 3099 3075 3169 Δη
3085 3097 3344 3168 μιουργοῦ
3365 3099 3428 3151 τὸ
3443 3098 3659 3170 θαῦμα,
3679 3096 3812 3152 ἀλλὰ

2115 3181 2210 3234 καὶ
2237 3183 2494 3236 ἐπιτείνει
2517 3183 2696 3238 πλέον.
2715 3185 2790 3238 Τὸ
2816 3183 2922 3255 γὰρ
2950 3185 3164 3250 εὐτελὲς
3186 3186 3286 3258 τῆς
3305 3187 3498 3250 οὐσίας
3517 3187 3681 3240 τοῦτο
3703 3185 3808 3256 μά-

2113 3268 2271 3322 λιστα
2318 3269 2557 3324 δείκνυσι
2592 3272 2691 3344 τῆς
2725 3272 2922 3346 τέχνης
2964 3273 3025 3326 τὸ
3063 3271 3298 3344 εὔπορον
3331 3274 3428 3328 καὶ
3466 3275 3806 3346 εὐμήχανον,

2113 3355 2194 3408 ὅτι
2217 3357 2274 3409 ἐν
2301 3357 2460 3429 πηλῷ
2481 3359 2576 3412 καὶ
2597 3359 2774 3432 τέφρᾳ
2813 3361 3083 3434 τοσαύτην
3106 3361 3361 3433 ἐνέθηκεν
3385 3363 3684 3434 ἁρμονίαν,
3717 3360 3806 3414 καὶ

2113 3442 2371 3510 τοιαύτας
2403 3446 2687 3518 αίσθήσεις
2717 3447 2862 3502 οὕτω
2897 3449 3149 3514 ποικίλας
3198 3451 3292 3504 καὶ
3331 3448 3688 3511 παντοδαπὰς
3715 3445 3807 3501 καὶ

2113 3530 2340 3585 τοιαῦτα
2364 3533 2668 3604 δυναμένας
2704 3536 3032 3608 φιλοσοφεῖν.

2190 3617 2337 3692 [118]
2361 3627 2429 3690 γ’.
2450 3621 2613 3676 Ὥστε
2624 3624 2844 3697 ὅσῳπερ
2858 3623 2924 3679 ἂν
2949 3627 3259 3697 ητηγορῇς
3273 3625 3366 3680 τοῦ
3381 3624 3486 3696 τῆς
3511 3623 3705 3686 οὐσίας
3725 3619 3804 3676 cbo

2115 3706 2328 3777 τελοῦς,
2385 3709 2623 3782 τοσούτῳ
2674 3713 2874 3784 μᾶλλον
2921 3713 3202 3784 θαύμασον
3251 3713 3314 3766 τὸ
3371 3713 3667 3785 μεγαλεῖον
3708 3707 3804 3777 τῆς
3873 3703 3876 3706 ’

2116 3795 2332 3866 τέχνης.
2367 3797 2521 3852 Ἐπεὶ
2543 3801 2636 3854 καὶ
2657 3801 3095 3873 ἀνδριαντοποιὸν
3117 3801 3216 3872 οὐχ
3239 3800 3384 3855 οὕτω
3411 3799 3685 3874 θαυμάζω
3715 3795 3801 3848 τδν

2118 3883 2228 3936 ἀπὸ
2256 3885 2458 3956 χρυσοῦ
2494 3887 2656 3942 καλὸν
2690 3889 2984 3960 ἀνδριάντα
3017 3889 3295 3951 ποιοῦντα,
3326 3889 3401 3953 ὡς
3435 3890 3528 3944 τὸν
3560 3886 3672 3942 ἀπὸ
3699 3901 3800 3955 πη·

2117 3971 2210 4025 λοῦ
2243 3972 2338 4028 τοῦ
2367 3975 2747 4041 διαπίπτοντος
2779 3979 2844 4049 τῇ
2873 3977 2972 4048 τῆς
3000 3977 3195 4050 τέχνης
3236 3979 3470 4049 εὐπορία
3505 3975 3798 4046 δυνάμενον

2119 4060 2314 4126 κάλλος
2358 4063 2624 4128 ἐπιδεῖξαι
2674 4064 2924 4129 πλάσεως
2983 4064 3296 4136 θαυμαστὸν
3350 4065 3446 4119 καὶ
3500 4065 3794 4136 ἀμήχανον.

2117 4147 2268 4202 Ἐκεῖ
2307 4151 2404 4220 μὲν
2433 4151 2542 4224 γὰρ
2576 4151 2670 4205 καὶ
2703 4152 3074 4224 συντελεῖτιή
3105 4153 3203 4225 ῦλη
3241 4151 3320 4225 τῷ
3363 4152 3678 4215 πλάττοντι,
3715 4151 3796 4202 ἐν·

2117 4235 2292 4290 ταῦθα
2319 4238 2396 4301 δὲ,
2416 4237 2598 4310 γυμνὴ
2633 4239 2734 4310 τῆς
2766 4239 2965 4311 τέχνης
2993 4241 3142 4295 ἐστὶν
3174 4243 3206 4314 ἡ
3235 4241 3514 4310 ἐπίδειξις.

2190 4325 2262 4378 Σὺ
2317 4325 2374 4380 δὲ
2415 4329 2464 4380 εί
2513 4327 2693 4398 βούλει
2741 4327 2935 4398 μαθεῖν
2976 4327 3117 4400 πόση
3159 4329 3252 4382 τοῦ
3296 4321 3792 4402 δημιουργήσαντος

2118 4413 2270 4483 ἡμᾶς
2300 4415 2447 4469 ὲστιν
2487 4417 2521 4488 ἡ
2569 4406 2751 4484 σοφία,
2800 4417 3054 4488 ἐννόησον
3101 4416 3154 4470 τί
3213 4417 3422 4486 γίνεται
3464 4418 3574 4471 ἀπὸ
3603 4413 3784 4486 πηλοῦ·

2117 4499 2172 4552 τί
2216 4499 2274 4554 δέ
2297 4500 2484 4572 ἓτερον
2521 4502 2636 4557 ἀλλ’
2682 4503 2716 4575 ἢ
2753 4503 2974 4567 πλίνθος
3019 4505 3116 4558 καὶ
3156 4505 3432 4577 κέραμος;
3475 4505 3618 4559 Ἀλλ’
3647 4503 3788 4572 ὅμως

2120 4587 2340 4660 ἴσχυσεν
2379 4591 2408 4642 ὁ
2455 4591 2842 4663 ἀριστοτέχνης
2875 4602 2900 4630 θ
2966 4591 3098 4654 Θεὸς
3143 4593 3254 4646 ἀπὸ
3301 4593 3401 4664 τῆς
3445 4591 3578 4665 ὐλης
3626 4593 3683 4656 ἐξ
3725 4581 3784 4658 ἧς

2119 4676 2326 4746 γίνεται
2379 4679 2621 4750 κέραμος
2663 4681 2774 4734 ..καὶ
2822 4680 3036 4743 πλίνθος
3075 4681 3233 4752 μόνον
3257 4721 3273 4743 ,
3336 4680 3614 4752 ὀφθαλμὸν
3654 4676 3788 4732 οὕτω

2121 4765 2342 4836 ποιῆσαι
2396 4768 2559 4820 καλὸν
2587 4808 2602 4830 ,
2661 4769 2736 4832 ὡς
2785 4769 3028 4833 ἅπαντας
3085 4768 3407 4840 ἐκπλήττειν
3457 4771 3579 4832 τοὺς
3626 4763 3788 4837 ὁρῶν·

2121 4869 2238 4918 τας,
2283 4854 2374 4908 καὶ
2423 4855 2693 4927 τοσαύτην
2742 4857 2977 4910 ἐνθεῖναι
3013 4857 3188 4928 τούτῳ
3240 4857 3488 4928 δύναμιν.
3535 4856 3610 4918 ὡς
3633 4852 3785 4922 ἀέρος

2118 4941 2372 4996 τοσοῦτον
2419 4943 2552 5012 ὕψος
2590 4945 2858 5017 καθορᾷν,
2897 4947 2990 5000 καὶ
3045 4947 3246 5016 μικρᾶς
3299 4946 3468 5018 κόρης
3515 4938 3782 5009 ἀντιλήψει

2119 5031 2359 5084 τοσαῦτα
2397 5031 2826 5103 περιλαμϐάνειν
2861 5033 3110 5104 σώματα.
3160 5034 3254 5086 καὶ
3301 5033 3422 5103 ὅρη.
3456 5033 3551 5085 καὶ
3593 5029 3779 5086 νάπας.

2121 5119 2217 5173 καὶ
2247 5119 2489 5190 βουνοὺς,
2525 5121 2618 5173 καὶ
2656 5121 2893 5193 πελάγη,
2937 5121 3034 5175 καὶ
3068 5120 3294 5193 οὐρανὸν
3335 5121 3401 5174 δι’
3439 5119 3649 5188 ἐκείνης
3689 5111 3779 5182 τῆς

2123 5207 2350 5276 μικρᾶς.
2375 5207 2466 5277 Μὴ
2489 5209 2666 5261 τοίνυν
2696 5209 2857 5282 εἴπῃς
2886 5226 2975 5280 μοι
2998 5209 3068 5262 τά
3093 5211 3302 5280 δάκρυα
3329 5209 3425 5262 καὶ
3456 5207 3554 5271 τὰς
3581 5205 3776 5274 λήμας·

2119 5293 2276 5346 τοῦτο
2301 5293 2412 5367 γάρ
2433 5293 2522 5347 διὰ
2549 5295 2647 5366 τὴν
2683 5296 2782 5366 σὴν
2807 5295 3086 5367 ἁμαρτίαν
3112 5296 3340 5365 γέγονεν
3357 5309 3370 5323 ³
3395 5295 3510 5349 ἀλλ’
3543 5291 3776 5359 ἐννόησον

2121 5381 2288 5436 αὐτοῦ
2338 5382 2400 5434 τὸ
2451 5382 2668 5447 κάλλος,
2723 5385 2820 5438 καὶ
2866 5383 2965 5454 τὴν
3019 5385 3247 5454 δύναμιν
3277 5383 3378 5454 τὴν
3413 5380 3654 5452 όπτικὴν,
3690 5371 3775 5428 καὶ

2121 5469 2240 5534 πῶς
2271 5471 2528 5526 τοσοῦτον
2561 5471 2730 5525 ἐπιὼν
2766 5473 2929 5544 ἀέρος
2963 5473 3136 5544 μῆκος
3167 5473 3230 5526 οὐ
3265 5473 3464 5544 κάμνει
3493 5471 3583 5525 καὶ
3601 5467 3773 5522 ταλαι-

2123 5561 2318 5628 πωρεῖ,
2354 5558 2492 5613 ἀλλά
2521 5559 2682 5622 πόδες
2709 5559 2808 5630 μὲν
2843 5559 3023 5627 ὀλίγον
3055 5559 3408 5630 προελθόντες
3452 5556 3662 5612 πονοῦσι
3687 5547 3773 5603 καὶ

2121 5645 2445 5712 ἐκλύονται,
2490 5643 2768 5718 ὀφθαλμὸς
2821 5647 2878 5700 δέ
2923 5647 3122 5701 ὁδεύων
3180 5645 3404 5701 τοσοῦτο
3464 5647 3560 5718 μὲν
3615 5638 3766 5709 ὕψοςν

2181 5784 2203 5812 ⁸
2232 5785 2385 5851 Savil,
2409 5794 2462 5837 et
2495 5788 2694 5850 plurimi
2723 5801 2840 5836 mss.
2865 5787 2921 5836 τὸ
2951 5787 3218 5851 κατάλυμα.
3249 5789 3426 5840 Morel.
3448 5795 3501 5838 et
3533 5779 3766 5848 pauciores

2117 5848 2174 5898 τὸ
2183 5848 2563 5926 Δκςτξκᾴλυμμα.

2180 5909 2208 5949 ἆ
2231 5910 2328 5960 Alii
2354 5909 2658 5972 ἐργάσασθαι.

2187 5978 2210 6006 ε
2249 5973 2330 6022 Sic
2352 5971 2503 6022 S’avil.
2529 5980 2582 6022 et
2601 5987 2690 6023 ms.
2717 5971 2888 6023 Morel.
2916 5975 2943 6021 6
2963 5973 3191 6038 τεχνίτης.
