4068 6438
280 333 364 390 191
1136 342 1224 397 AD
1256 343 1578 403 POPULUM
1621 336 1836 399 ANTlOi

1951 331 2106 389 INUM
2167 334 2390 391 llOMlL
2424 336 2515 391 Xl.

333 453 528 509 Contra
574 448 889 505 Manichwos
933 442 1570 518 (equitum—Gentilium
1612 462 1740 502 vero
1780 454 1835 501 et
1879 476 1890 485 -

268 544 622 600 hzereticorum
647 541 798 596 multi
824 555 890 596 ne
924 538 1117 595 factum
1148 540 1360 610 quidem
1399 557 1428 596 a
1473 541 1582 596 Deo
1610 541 1791 596 dicunt
1817 555 1831 593 :

268 638 526 708 indignum
555 635 694 689 enim
724 634 817 689 Dei
845 632 1116 687 creatione
1154 646 1274 687 esse
1315 641 1522 702 putant,
1544 633 1754 697 sordes,
1783 641 1838 686 et

264 730 492 792 sudores,
537 737 591 782 ct
622 729 900 798 lacrymas,
928 738 982 781 et
1006 726 1237 790 labores,
1268 734 1322 779 et
1345 739 1630 789 aerumnas,
1653 735 1709 778 et
1733 725 1834 777 alia

264 817 493 888 corporis
531 818 707 872 omnia
739 825 1131 887 percurrentes.
1173 816 1286 887 Ego
1318 827 1515 881 autem,
1558 825 1836 885 postquam

264 912 423 967 dehis
445 920 650 976 cceptus
676 922 754 963 est
776 924 954 963 sermo
974 950 989 974 ,
1016 909 1241 978 primum
1268 908 1480 976 quidem
1514 906 1637 960 illud
1662 906 1839 960 dicere

265 1017 464 1073 possem
498 1017 511 1053 :
542 999 619 1055 Ne
661 1000 788 1055 mihi
832 1013 1102 1072 proponas
1132 999 1399 1053 hominem
1427 999 1565 1052 hunc
1591 997 1841 1064 prtevari-

263 1104 449 1153 catum,
477 1090 682 1145 honore
735 1092 1023 1160 privatum,
1052 1091 1395 1154 damnatum;
1434 1090 1526 1144 sed
1558 1091 1601 1143 si
1641 1090 1720 1144 vis
1753 1089 1838 1143 di-

263 1197 421 1248 scere,
446 1183 602 1251 quale
624 1182 777 1236 nobis
792 1182 859 1236 ab
880 1182 1030 1236 initio
1055 1180 1196 1236 Deus
1214 1180 1419 1235 tinxerit
1440 1192 1653 1251 corpus,
1673 1181 1725 1234 in
1747 1194 1840 1250 pa-

262 1273 485 1327 radisum
501 1288 706 1337 eamus,
726 1273 860 1328 etab
878 1273 1026 1326 initio
1045 1271 1238 1327 faetum
1257 1272 1523 1325 hominem
1543 1271 1837 1326 videamus.

260 1362 368 1418 Non
393 1365 533 1417 enim
557 1364 637 1417 sic
657 1369 771 1417 erat
789 1378 983 1433 corpus
1013 1363 1139 1417 illud
1158 1363 1501 1432 corruptibili:
1518 1376 1570 1418 et
1591 1364 1836 1429 mortale,

260 1455 348 1511 sed
375 1463 643 1524 tamquam
680 1470 838 1509 aurea
883 1464 1055 1509 statua
1086 1455 1153 1509 de
1193 1454 1407 1510 fornace
1448 1469 1727 1525 progreSSa
1755 1471 1842 1510 re-

260 1555 431 1602 centcr
460 1557 513 1600 et
544 1547 825 1615 splendide
847 1547 1072 1617 fulgens,
1104 1547 1182 1603 sic
1212 1548 1357 1602 omni
1383 1548 1473 1601 tali
1499 1549 1840 1618 corruptione

260 1641 378 1695 illud
401 1655 599 1712 corpus
623 1638 920 1696 absolutum
953 1650 1067 1696 erat
1094 1659 1105 1694 :
1139 1649 1191 1695 et
1220 1655 1392 1711 neque
1422 1641 1570 1695 labor
1594 1641 1838 1709 vexabat,

259 1747 420 1801 neque
439 1734 606 1786 sudor
630 1734 871 1797 nocebat,
899 1749 998 1787 nec
1019 1726 1161 1787 cura:
1182 1732 1586 1799 insidiabantur,
1619 1747 1722 1787 non
1745 1734 1842 1787 ob-

257 1822 491 1878 sidebant
528 1824 779 1891 tristitizr,
825 1838 923 1878 nec
976 1822 1119 1877 aliud
1166 1822 1452 1893 quidquam
1481 1822 1622 1893 quod
1676 1822 1841 1877 lrede-

258 1928 351 1983 ret,
374 1916 701 1986 patiebatur;
738 1926 1013 1987 postquam
1035 1931 1161 1971 vero
1182 1930 1286 1971 n0n
1320 1916 1595 1971 ntoderate
1620 1915 1842 1971 felicita-

259 2018 355 2064 tem
379 2008 515 2075 tulit,
542 2008 640 2065 sed
664 2008 1056 2064 benefactorem
1095 2009 1257 2064 homo
1295 2009 1617 2064 contumelia
1642 2008 1838 2073 all‘ecit,

258 2113 308 2157 et
334 2102 574 2157 fallacem
599 2101 803 2172 putavit
830 2102 1126 2156 dminonem
1151 2117 1290 2169 esse,
1320 2102 1677 2172 gubernatore
1706 2102 1836 2167 Deo,

258 2195 339 2263 qui
363 2209 419 2249 se
442 2196 493 2248 in
523 2195 734 2250 honore
759 2198 1125 2259 constituerat,
1164 2195 1266 2249 fide
1291 2195 1607 2265 digniorem,
1636 2205 1688 2250 et
1707 2195 1841 2250 deus

259 2284 362 2341 lteri
397 2287 660 2358 speravit,
693 2300 746 2342 et
786 2288 1041 2357 majorem
1076 2287 1285 2357 propria
1311 2287 1565 2357 dignitate
1597 2290 1844 2359 concepit

258 2377 547 2447 Opinionem
580 2394 593 2430 :
629 2385 755 2433 tunc
781 2377 1034 2448 profecto,
1065 2386 1191 2433 tunc
1214 2387 1269 2433 et
1296 2394 1392 2449 per
1417 2379 1527 2448 ipsa
1552 2378 1691 2434 Deus
1713 2395 1840 2448 ope-

257 2484 309 2523 ra
342 2470 509 2539 ipsum
558 2470 808 2526 erudiens
834 2471 1235 2539 corruptibilcm
1274 2481 1329 2526 et
1356 2472 1632 2527 mortalem
1658 2473 1840 2528 reddi-

256 2562 347 2627 dit,
368 2573 419 2618 et
447 2564 528 2619 his
552 2564 733 2619 multis
755 2566 991 2621 obvinxit
1012 2566 1440 2633 necessitatibus,
1464 2584 1567 2622 non
1593 2558 1837 2638 perosus,

256 2671 418 2726 neque
444 2670 725 2713 aversatus
746 2699 763 2725 ,
796 2658 888 2713 sed
920 2658 1205 2714 consulens
1229 2669 1283 2714 et
1334 2660 1629 2729 improbam
1671 2662 1837 2730 pesti-

257 2747 551 2820 lentemque
598 2749 740 2804 illam
768 2750 834 2804 ab
860 2749 1009 2805 initio
1040 2760 1351 2806 nascentem
1381 2751 1684 2821 superbiam
1716 2764 1841 2822 pro-

258 2839 435 2896 hibens
458 2883 475 2909 ,
523 2857 628 2898 nec
666 2841 887 2897 ulterius
929 2843 1222 2913 procedere
1252 2845 1585 2915 permittens,
1618 2845 1712 2900 sed
1744 2861 1841 2917 per

257 2929 413 2998 ipsam
440 2948 624 2987 rerum
647 2934 1029 3003 experientiam
1054 2950 1278 2990 monens
1305 2948 1447 3000 eum,
1472 2936 1613 3007 quod
1634 2947 1837 2992 morta-

258 3015 319 3076 lis
342 3030 394 3077 et
423 3024 784 3093 corruptibilis
819 3034 994 3093 esset,
1024 3035 1078 3081 et
1105 3026 1176 3081 ita
1217 3027 1570 3097 persuadens,
1600 3037 1657 3083 ut
1684 3046 1838 3084 num-

258 3129 403 3183 quam
433 3118 555 3171 talia
587 3119 864 3187 cogitaret,
896 3129 985 3172 aut
1010 3119 1336 3174 somniaret:
1371 3122 1566 3176 etenim
1594 3122 1838 3178 diabolus

258 3205 448 3262 dixerat
475 3227 487 3263 :
519 3207 684 3263 Erilis
709 3210 839 3264 velut
869 3212 942 3263 dii
972 3208 1135 3282 (Cen.
1169 3213 1222 3267 ὅ.
1259 3212 1349 3283 5).
1377 3212 1527 3268 lianc
1553 3213 1710 3284 igitur
1737 3231 1836 3270 vo-

261 3300 362 3356 lens
383 3304 704 3359 sententiam
739 3304 988 3358 radicitus
1022 3305 1255 3360 evellere
1275 3349 1288 3370 ,
1318 3306 1626 3362 morbosum
1668 3310 1836 3378 ipsius

261 3404 308 3448 et
327 3410 682 3450 aerumnosum
709 3411 904 3465 corpus
925 3396 1118 3463 efl‘ccit,
1144 3412 1237 3467 per
1265 3398 1431 3468 ipsam
1461 3400 1659 3455 docens
1684 3412 1836 3456 natu-

264 3500 360 3541 ram
382 3531 395 3554 ,
427 3506 492 3544 ne
522 3506 775 3560 umquam
813 3492 967 3546 talem
998 3494 1306 3562 conciperet
1339 3495 1733 3566 cegitationem.
1767 3495 1837 3553 Et

263 3580 384 3647 quod
406 3580 504 3635 hoc
533 3583 603 3635 sit
629 3598 832 3644 verum,
864 3584 1098 3637 maxime
1127 3584 1340 3653 quidem
1366 3594 1419 3639 et
1439 3600 1505 3640 ex
1534 3587 1696 3657 gestis
1724 3587 1831 3641 cir-

260 3684 311 3723 ea
336 3671 498 3739 ipsum
530 3683 614 3727 est
638 3673 975 3729 manifesmm
1010 3692 1022 3728 :
1056 3685 1177 3745 post
1203 3675 1347 3730 illam
1377 3679 1520 3732 enim
1552 3690 1831 3749 exspecta.

259 3760 437 3817 tionem
467 3764 572 3818 hac
596 3763 878 3821 damnatus
904 3776 985 3821 est
1024 3782 1202 3835 paena.
1253 3769 1322 3823 Et
1368 3758 1651 3825 considera
1702 3770 1831 3827 mihi

260 3850 341 3907 Dei
385 3857 718 3924 prudentiam
751 3875 763 3910 :
793 3873 897 3912 non
944 3859 1114 3930 ipsum
1145 3860 1279 3915 mori
1310 3861 1539 3931 primum
1568 3862 1827 3933 permisit,

258 3944 339 3999 sed
364 3946 460 4001 hoc
483 3948 604 4018 ejus
631 3947 797 4004 filium
816 3950 947 4021 pati,
976 3962 1031 4006 ut
1061 3961 1184 4006 ante
1206 3954 1390 4009 oculos
1411 3953 1690 4010 tabescens
1712 3971 1831 4011 cor-

256 4050 344 4106 pns
372 4043 590 4099 intuitus
626 4052 681 4098 et
723 4060 1078 4111 marcescens,
1108 4061 1350 4115 magnam
1390 4062 1456 4103 ex
1486 4046 1590 4105 hoc
1613 4061 1828 4120 aspectu

256 4128 593 4203 philosophia:
638 4134 969 4204 disciplinam
1018 4147 1254 4206 caperet,
1311 4147 1365 4193 et
1416 4138 1647 4195 disceret
1701 4141 1827 4210 quid

257 4226 422 4273 aetum
456 4229 636 4286 esset,
680 4230 843 4298 atque
873 4224 946 4276 ita
980 4222 1123 4279 bene
1165 4235 1447 4283 correctus
1495 4228 1623 4284 hinc
1653 4228 1833 4283 disce—

253 4304 405 4369 deret,

329 4401 566 4474 Deﬁnitio
595 4404 812 4460 hominis
831 4408 1105 4462 secundum
1132 4406 1479 4481 pltilosOpltos.
1512 4441 1584 4452 —
1609 4411 1837 4469 Maxime

264 4491 428 4562 igitur,
460 4498 600 4567 quod
641 4498 769 4563 dixi,
813 4508 868 4552 et
896 4516 960 4553 ex
994 4501 1102 4569 jam
1152 4503 1314 4571 gestis
1356 4500 1457 4558 hoc
1499 4502 1835 4560 manifestum

262 4598 338 4638 est
364 4606 376 4639 :
407 4606 501 4644 nec
531 4591 705 4644 minus
748 4608 875 4646 vero
915 4605 962 4647 et
1012 4609 1078 4649 ex
1121 4592 1240 4649 aliis
1289 4605 1409 4665 p0st
1439 4594 1553 4651 htec
1596 4598 1837 4652 dicendis

261 4689 489 4746 apertum
531 4683 652 4736 erit.
694 4682 747 4737 Si
791 4684 932 4737 enim
976 4685 1062 4738 tali
1091 4689 1330 4755 corporis
1379 4688 1696 4744 necessitate
1738 4706 1837 4747 nos

260 4773 530 4837 vinciente,
571 4783 623 4827 et
663 4772 910 4829 omnibus
941 4777 1287 4833 morientibus
1322 4782 1830 4852 corruptionemque

260 4860 567 4928 patientibus
592 4874 646 4919 et
666 4867 1116 4922 ntarccsccntihus
1140 4877 1263 4925 ante
1289 4868 1525 4925 omnium
1549 4872 1751 4938 oculos,
1782 4883 1836 4927 et

259 4957 434 5011 solutis
483 4959 534 5012 iu
593 4960 904 5027 pulverem,
950 4969 1005 5014 ct
1054 4962 1385 5032 philosophis
1430 4981 1589 5018 unam
1641 4964 1779 5020 hanc
1815 4968 1831 4999 ί

261 5040 519 5100 hominum
551 5050 758 5118 generis
789 5051 1159 5120 compietivam
1196 5053 1558 5110 definitionem
1592 5055 1836 5111 facienti-

261 5138 350 5195 bus
368 5163 379 5197 :
400 5145 706 5219 interrogati
733 5163 960 5220 namque
973 5151 1098 5222 quid
1122 5153 1334 5208 tandem
1355 5155 1424 5209 sit
1441 5155 1833 5220 homo,animal

261 5236 523 5305 rationale,
542 5242 787 5297 mortale.
804 5244 1019 5299 dicunt:
1042 5246 1087 5300 si
1119 5247 1276 5316 igitur
1296 5248 1541 5302 omnibus
1560 5250 1671 5303 hare
1701 5265 1831 5303 con-

263 5324 546 5400 fitentibus,
591 5336 706 5390 ausi
750 5345 876 5392 sunt
916 5339 1129 5408 quidam
1178 5355 1237 5396 se
1276 5338 1603 5397 immortales
1656 5342 1833 5397 facere

261 5417 388 5482 “PHd
419 5425 699 5481 multorum
730 5428 1043 5497 opiniones,
1086 5439 1140 5485 et
1165 5432 1331 5486 oculis
1372 5442 1597 5487 mortem
1645 5434 1833 5488 testifi-

262 5510 512 5576 cantibus,
539 5523 596 5567 ut
615 5513 687 5567 dii
709 5520 981 5581 praedicari
1009 5522 1418 5584 contenderunt,
1444 5535 1497 5577 et
1529 5532 1584 5578 ut
1607 5523 1679 5578 dii
1703 5518 1830 5580 culti

263 5608 375 5652 sunt
405 5618 419 5654 :
446 5604 545 5657 nisi
567 5605 847 5674 prodiisset
883 5624 1027 5667 mors
1064 5623 1267 5670 natura:
1305 5614 1682 5671 mortalitatem
1709 5631 1828 5673 om-

320 5775 336 5805 ι
366 5782 484 5828 Tres
501 5784 608 5831 llas.
630 5787 683 5830 et
696 5788 801 5832 su.
828 5782 875 5832 in
899 5795 1053 5848 marg.
1081 5800 1095 5836 :
1128 5795 1277 5839 t'nani
1300 5795 1347 5841 et
1366 5790 1606 5843 eamdem.

562 5871 817 5933 Parnm.
884 5875 998 5936 Gn.
1041 5877 1236 5939 Xle
1253 5925 1267 5939 .

3442 338 3543 394 1ἶέ

1956 461 2050 502 nes
2098 446 2295 503 docens
2346 460 2400 504 et
2444 447 2959 519 corruptibilitatem.
2994 449 3059 506 ad
3091 450 3214 521 quid
3259 448 3544 522 impietatis

1956 554 2059 594 non
2083 542 2452 610 prorupissent
2482 542 2754 597 hominum
2779 543 3027 611 plurimi?
3060 545 3197 598 Audi
3220 545 3397 615 itaque
3417 546 3541 614 quid

1953 630 2094 685 dicat
2123 631 2377 701 propheta
2414 632 2483 689 de
2520 634 2749 704 quodam
2790 635 3018 689 barbaro
3058 650 3183 705 rege
3224 636 3314 691 tali
3364 635 3547 690 furore

1953 732 2111 792 capto
2136 741 2150 779 :
2183 724 2352 793 Super
2374 736 2511 779 astra
2532 724 2628 779 Dei
2670 726 2900 780 exaltabo
2928 728 3110 781 solium
3152 744 3317 781 meum
3340 769 3353 791 ,
3386 738 3432 781 et
3461 744 3546 781 ero

1953 814 2132 869 similis
2151 811 2595 885 AltissimoUsai.
2627 817 2713 870 14.
2748 817 2833 870 1⁸5.
2865 814 2993 886 it).
3037 817 3210 887 Ipsum
3243 832 3370 871 vero
3395 816 3544 871 deri-

1955 909 2107 986 dens,
2152 916 2205 964 et
2247 917 2473 985 mortem
2502 908 2617 979 ejus
2646 908 2946 973 declarans,
2994 910 3164 978 inquit
3209 930 3222 962 :
3275 907 3461 963 Subter
3502 918 3547 960 te

1953 1010 2173 1056 stentem
2214 1001 2548 1071 putredinem,
2596 1012 2642 1056 et
2671 1003 3035 1070 operimentum
3077 1012 3215 1054 tutun
3245 1003 3336 1054 erit
3366 1001 3545 1069 vermis

1957 1093 2121 1164 (Ibid.
2155 1110 2207 1148 ν.
2249 1093 2362 1165 ii).
2396 1094 2544 1162 Quod
2591 1104 2767 1147 autem
2789 1093 2950 1158 dicit,
2985 1094 3085 1147 tale
3114 1104 3237 1147 est:
3271 1092 3439 1146 Homo
3468 1100 3545 1145 ιει-

1957 1187 2062 1241 lem
2091 1195 2406 1256 exspectans
2445 1186 2626 1252 finem,
2661 1185 2787 1240 talia
2814 1186 3052 1256 cogitare
3078 1198 3238 1238 ausus
3259 1184 3356 1239 es?
3385 1183 3449 1236 Bt
3478 1182 3546 1235 de

1955 1278 2059 1332 alio
2086 1277 2302 1344 iterum,
2328 1293 2504 1348 regem
2536 1277 2657 1331 dico
2685 1277 2991 1349 Tyriorum,
3024 1276 3215 1330 similia
3245 1281 3541 1345 parantem,

1954 1379 2009 1425 et
2032 1370 2190 1424 deum
2216 1385 2273 1424 se
2304 1370 2489 1425 haberi
2511 1370 2777 1425 volentem
2809 1386 2823 1423 :
2855 1368 2935 1423 Tu
2960 1384 3095 1435 vero,
3138 1367 3324 1436 inquit,
3366 1382 3467 1420 non
3492 1382 3545 1420 es

1954 1463 2191 1527 deus,sed
2214 1463 2383 1528 homo,
2428 1473 2475 1517 et
2503 1473 2550 1518 te
2574 1473 2849 1535 pungentes
2891 1463 2987 1517 hoc
3015 1462 3182 1515 dicent
3212 1457 3421 1532 (Ezeclt.
3451 1459 3543 1513 28.

1954 1559 2032 1628 9).
2064 1558 2252 1627 Itaque
2275 1572 2303 1611 a
2332 1557 2638 1628 primordiis
2664 1557 2929 1629 superbite
2957 1565 3009 1610 et
3034 1555 3346 1608 idololatria:
3375 1561 3546 1605 mate-

1954 1651 2087 1706 riam
2118 1651 2325 1719 penitus
2344 1650 2612 1717 auferens,
2640 1648 2781 1704 Deus
2805 1648 2909 1703 tale
2931 1646 3083 1703 nohis
3103 1661 3297 1715 corpus
3324 1643 3544 1714 patravit.

1956 1744 2024 1800 Et
2049 1745 2172 1816 quid
2204 1747 2434 1812 miraris,
2471 1747 2515 1800 si
2540 1747 2592 1800 in
2620 1761 2845 1815 corpore
2873 1745 2975 1800 hoc
3002 1744 3195 1799 factum
3223 1752 3320 1806 est,
3351 1756 3471 1795 cum
3495 1750 3547 1794 et

1954 1835 2008 1890 in
2036 1836 2210 1889 anima
2239 1836 2420 1891 videre
2459 1837 2619 1891 liccat
2663 1837 2766 1892 tale
2815 1836 2939 1907 quid
2978 1833 3227 1907 gestum?
3271 1831 3545 1889 Mortalcm

1955 1942 2150 1997 nempe
2182 1928 2321 1982 Deus
2351 1943 2455 1982 non
2501 1929 2656 1995 fecit,
2687 1927 2778 1982 sed
2810 1926 3168 1983 immortalem
3199 1944 3319 1984 esse
3348 1930 3547 1998 permis

1954 2016 2055 2082 sit;
2083 2016 2338 2071 oblivioni
2366 2026 2544 2073 autem
2571 2026 2624 2072 et
2652 2019 2965 2087 ignorantiae
2991 2027 3045 2073 et
3073 2020 3300 2073 tristitiae
3326 2028 3382 2073 et
3405 2021 3547 2074 curis

1954 2107 2237 2163 obnoxiam
2288 2109 2456 2178 ipsam
2503 2108 2735 2163 reddidit
2776 2118 2876 2163 :ct
2901 2108 3003 2165 hoc
3027 2110 3171 2175 fecit,
3203 2124 3270 2164 ne
3312 2109 3379 2164 ad
3426 2125 3548 2179 pro-

1954 2200 2124 2269 priam
2145 2201 2560 2270 generositatem
2589 2200 2903 2269 respiciens,
2936 2200 3194 2268 majorem
3220 2200 3435 2269 propria
3462 2200 3547 2252 di-

1954 2293 2157 2362 gnitate
2185 2290 2489 2360 opinionem
2522 2293 2806 2361 concipiat.
2838 2290 2893 2346 Si
2925 2292 3066 2347 enim
3090 2333 3105 2358 ,
3150 2304 3270 2346 eam
3317 2291 3432 2345 inec
3474 2292 3549 2343 ita

1954 2383 2082 2450 sint,
2114 2381 2330 2453 quidam
2375 2382 2555 2437 dicere
2605 2394 2728 2437 sunt
2767 2385 2902 2450 ausi,
2949 2398 3066 2439 eam
3100 2383 3412 2437 substantia:
3456 2382 3546 2437 Dei

1952 2489 2097 2544 esse,
2129 2473 2176 2530 si
2202 2474 2271 2530 ab
2297 2475 2360 2529 iis
2388 2483 2532 2531 esset
2559 2474 2800 2530 abrolula
2834 2474 3192 2545 passionihus,
3223 2474 3287 2527 ad
3316 2473 3438 2544 quid
3467 2470 3547 2526 fn-

1955 2566 2094 2621 roris
2138 2566 2224 2621 isti
2265 2580 2371 2621 non
2417 2566 2841 2635 processissent?
2884 2565 3263 2620 Verumtamen
3304 2564 3444 2633 quod
3482 2564 3546 2618 de

1955 2656 2227 2712 creatione
2253 2656 2440 2712 mundi
2486 2656 2751 2723 dicebam,
2786 2656 2888 2711 hoc
2918 2666 2972 2711 ct
3015 2654 3084 2711 de
3123 2671 3347 2725 corpore
3386 2654 3507 2709 dico
3531 2692 3546 2716 .

1956 2764 2043 2807 me
2069 2749 2315 2805 similiter
2340 2760 2560 2821 propter
2588 2749 2699 2803 tunc
2729 2760 2949 2820 utraque
2980 2750 3147 2803 Deum
3177 2748 3463 2815 admirari,
3495 2759 3546 2801 et

1954 2843 2097 2915 quod
2123 2843 2467 2913 eorruptihile
2493 2844 2664 2912 ipsum
2694 2841 2900 2907 fecerit,
2927 2851 2980 2897 et
3005 2840 3149 2912 quod
3171 2841 3223 2895 in
3251 2840 3548 2909 corruptio.

1955 2947 2026 2989 ne
2051 2934 2320 3004 propriam
2360 2933 2613 2989 virtutem
2644 2944 2699 2988 et
2734 2935 3049 3004 sapientiam
3080 2934 3543 2989 demonstraverit.

1955 3027 2110 3093 Quod
2153 3028 2294 3080 enim
2344 3026 2583 3081 melioris
2632 3028 2805 3095 ipsum
2851 3027 3089 3081 materia:
3130 3026 3306 3081 facere
3344 3037 3544 3094 posset,

1954 3116 2188 3172 ostendit
2230 3130 2295 3171 ex
2336 3115 2534 3171 caelesti
2567 3132 2793 3187 corpore
2832 3126 2883 3170 et
2922 3116 3102 3170 solari.
3132 3116 3233 3183 Qui
3273 3116 3416 3171 enim
3457 3116 3545 3168 ilia

1952 3208 2080 3265 fecit
2106 3208 2250 3273 talia,
2283 3216 2337 3263 et
2364 3211 2467 3263 hoc
2510 3208 2616 3264 tale
2645 3209 2838 3271 facere,
2877 3208 2921 3263 si
2950 3207 3221 3271 voluisset,
3251 3206 3543 3276 potuisset;

1953 3300 2046 3354 sed
2089 3298 2413 3353 infirmitatis
2441 3314 2602 3353 causa
2641 3306 2725 3354 est
2754 3314 2815 3353 ea
2838 3341 2854 3367 ,
2903 3311 3061 3370 quam
3100 3313 3260 3367 supra
3292 3298 3541 3352 diximus.

1951 3390 2069 3445 Non
2098 3401 2272 3445 tamen
2302 3389 2402 3445 hoc
2440 3389 2735 3445 mirabilem
2766 3391 2873 3443 vim
2900 3387 3177 3444 Creatoris
3191 3388 3407 3451 deterit,
3450 3391 3542 3443 Sed

1950 3485 2112 3539 etiam
2150 3482 2379 3554 amplius
2406 3483 2631 3539 intendit
2661 3500 2675 3537 :
2706 3483 2943 3539 materia:
2986 3483 3127 3536 enim
3174 3483 3347 3535 vilitas
3378 3483 3544 3551 magis

1952 3579 2288 3634 demonstrat
2332 3579 2464 3633 artis
2504 3579 2711 3648 copiam
2748 3586 2804 3632 et
2846 3576 3185 3641 facultatem,
3215 3577 3461 3645 quoniam
3493 3576 3545 3630 in

1949 3670 2063 3725 luto
2091 3678 2145 3725 et
2165 3669 2341 3724 favilla
2372 3678 2570 3725 tantam
2596 3669 2769 3739 posuit
2796 3669 3151 3734 harmoniam,
3184 3679 3236 3723 et
3267 3669 3395 3723 tales
3416 3683 3545 3723 sen-

1946 3777 2040 3817 sus
2070 3771 2175 3816 tam
2207 3763 2383 3817 varios
2412 3772 2466 3817 et
2493 3763 2831 3818 omnimodos
2870 3770 2925 3817 et
2952 3772 3155 3818 tantum
3178 3760 3545 3833 philosophari

1946 3853 2201 3908 valentes.

2016 3947 2070 4001 5.
2104 3945 2281 4015 itaque
2300 3952 2499 4015 quanto
2525 3945 2691 4015 magis
2711 3944 3022 3998 substantiae
3051 3944 3356 3998 tenuitatem
3380 3957 3542 3997 accu-

1945 4051 2052 4105 sas,
2085 4047 2231 4092 tanto
2280 4038 2449 4107 magis
2501 4037 2593 4091 Dei
2624 4037 2754 4091 artis
2793 4037 3208 4108 magnitudinem
3251 4035 3538 4090 admirare.

1944 4128 2203 4196 Quoniam
2228 4139 2277 4183 et
2305 4129 2618 4183 statuarium
2638 4128 2895 4192 admiror,
2917 4139 3022 4182 non
3042 4137 3146 4181 tam
3177 4143 3245 4182 ex
3273 4141 3403 4181 auro
3426 4128 3542 4196 pulo

1942 4222 2126 4274 chram
2153 4218 2433 4275 facientem
2455 4230 2704 4283 Statuam,
2730 4234 2888 4290 quam
2912 4232 2979 4274 ex
3005 4220 3118 4274 luto
3147 4220 3413 4274 dilabente
3438 4218 3540 4273 mi-

1943 4310 2162 4365 rabilem
2207 4321 2257 4366 et
2300 4310 2761 4381 incxcogitabilem
2811 4311 3046 4380 figmenti
3089 4311 3536 4381 pulchritudinem

1941 4403 2070 4457 artis
2103 4403 2352 4458 facultate
2391 4402 2646 4458 exhibere
2687 4404 2972 4457 valentem.
3008 4401 3120 4457 illic
3145 4405 3287 4458 enim
3319 4402 3538 4473 fingenti

1943 4497 2165 4551 materia
2202 4509 2413 4565 quoque
2455 4496 2698 4564 confert,
2748 4496 2835 4550 hic
2873 4495 3016 4551 nuda
3056 4507 3140 4551 est
3180 4496 3313 4551 artis
3352 4509 3539 4551 osten-

1944 4589 2089 4644 latio.

2010 4678 2108 4734 Dei
2141 4680 2388 4751 sapientia
2414 4679 2467 4734 in
2503 4680 2768 4735 oculorum
2806 4681 3176 4735 constitutione.
3207 4710 3278 4723 -—
3305 4679 3382 4736 Tu
3410 4698 3540 4736 vero

1939 4776 1983 4828 si
2010 4774 2215 4828 discere
2238 4774 2336 4837 vis,
2361 4781 2555 4843 quanta
2585 4775 2653 4828 sit
2677 4775 2813 4843 ejus,
2840 4775 2925 4843 qui
2959 4786 3054 4827 nos
3075 4774 3292 4837 creavit,
3319 4774 3539 4841 sapiena

1942 4868 2035 4935 tia,
2077 4869 2247 4938 cogita
2292 4866 2417 4936 quid
2443 4883 2509 4921 ex
2549 4867 2659 4921 luto
2682 4868 2772 4920 fiat
2801 4883 2814 4921 :
2843 4866 2966 4935 quid
2998 4874 3175 4921 autem
3206 4865 3349 4920 aliud
3377 4881 3537 4935 quam

1941 4961 2146 5014 lateret
2172 4959 2345 5013 testa?
2380 4957 2761 5013 Verumtamen
2800 4959 3033 5027 Optimus
3062 4957 3250 5012 artifex
3293 4960 3434 5014 Deus
3474 4975 3537 5014 est

1940 5050 2337 5106 materia'unde
2381 5050 2438 5102 fit
2465 5058 2599 5103 testa
2622 5057 2675 5103 et
2704 5048 2838 5102 later
2866 5048 3161 5115 dumtaxat,
3187 5050 3403 5105 oculum
3434 5061 3537 5104 tam

1940 5143 2220 5212 pulchrum
2243 5142 2459 5195 efficere
2486 5140 2672 5208 potuit,
2704 5150 2759 5193 ιιι
2781 5150 2992 5207 omnes,
3025 5140 3115 5210 qui
3141 5152 3389 5207 cernunt,
3419 5152 3535 5199 stu-

1940 5243 2117 5303 peant,
2141 5243 2194 5287 et
2214 5240 2414 5284 tantam
2442 5229 2565 5284 huic
2591 5231 2694 5282 vim
2721 5230 2978 5298 inserere,
3005 5241 3062 5287 ut
3081 5232 3221 5287 aeris
3248 5234 3532 5287 immanem

1939 5324 2270 5379 altitudinem
2309 5330 2512 5391 spectet
2534 5364 2548 5384 ,
2590 5332 2645 5376 et
2673 5320 2878 5392 exigua:
2908 5324 3121 5393 pupilla:
3163 5324 3427 5392 adjutorio
3459 5330 3537 5374 tot

1939 5431 2161 5487 corpora
2182 5414 2623 5487 comprehendat,
2653 5423 2707 5468 et
2729 5424 2958 5482 montes,
2985 5425 3039 5471 et
3064 5416 3249 5477 saltus,
3274 5426 3325 5469 et
3345 5413 3530 5474 colles,

1937 5519 1992 5564 et
2016 5509 2202 5574 maria,
2233 5520 2285 5563 et
2314 5505 2523 5561 coelum.
2549 5506 2627 5561 Ne
2656 5506 2785 5561 mihi
2812 5506 2959 5561 dicas
2996 5507 3156 5577 igitur
3196 5506 3459 5576 lacrymas
3478 5513 3534 5558 et

1937 5600 2281 5672 lippitudines
2331 5614 2345 5651 :
2386 5596 2489 5652 hoc
2530 5598 2673 5652 enim
2719 5606 2935 5667 propter
2974 5604 3247 5667 peccatum
3277 5605 3420 5648 tuum
3452 5594 3533 5647 fa—

1937 5704 2082 5747 ctum
2111 5701 2233 5759 est;
2259 5690 2351 5745 sed
2381 5691 2553 5761 cogita
2584 5689 2747 5758 ipsius
2768 5686 3212 5758 pulchritudinem
3242 5693 3297 5741 et
3318 5684 3529 5739 videndi

1939 5786 2210 5850 virtutem,
2238 5792 2289 5840 et
2312 5797 2419 5854 quo
2447 5781 2604 5837 modo
2625 5787 2824 5835 tantam
2845 5778 2982 5835 aeris
3004 5777 3385 5847 longitudinem
3408 5790 3529 5846 por-

3141 5877 3179 5941 8
