4068 6478
570 415 668 473 1⁵23

564 543 809 594 currens,
843 544 947 582 non
968 528 1190 590 laborat,
1222 541 1394 596 neque
1418 526 1700 596 fatigatur;
1722 524 1818 581 sed
1851 524 2013 594 pedes
2037 524 2154 593 qui-

564 621 686 675 dem
712 620 980 691 paululum
1008 619 1271 689 progressi
1304 619 1551 673 fatiscunt
1569 628 1623 673 et
1648 618 1934 685 lassantur,
1971 617 2154 671 oculus

566 728 693 767 vero
721 721 917 766 tantam
947 711 1275 765 altitudinem
1301 725 1604 781 permeans,
1639 718 1944 778 tantamque
1972 707 2153 762 latitu-

562 804 765 870 dinem,
792 804 990 858 nullam
1007 805 1169 858 sentit
1189 803 1571 859 infirmitatem.
1595 802 1856 870 Quoniam
1877 802 2017 856 enim
2040 814 2155 855 orn-

566 895 710 947 nium
733 894 1094 949 membrorum
1117 894 1218 949 hoc
1245 902 1328 948 est
1347 893 1499 948 nohis
1519 893 1749 947 maxime
1770 890 2151 956 necessarium,

566 985 739 1055 ipsum
782 986 962 1040 labore
993 985 1158 1055 premi
1202 1001 1306 1038 non
1337 985 1608 1056 permisit,
1650 983 1719 1037 ita
1758 990 1817 1036 ut
1851 982 2153 1051 expeditum

565 1076 732 1146 ipsius
760 1076 1134 1144 ministerium,
1166 1086 1221 1132 et
1249 1076 1470 1131 liberum
1498 1075 1652 1130 nobis
1681 1083 1843 1128 esset.
1873 1073 2004 1141 Quis
2028 1087 2156 1126 vero

566 1183 781 1223 omnem
805 1168 1029 1223 membri
1048 1168 1203 1239 hujus
1225 1168 1471 1223 virtutem
1487 1182 1733 1222 sermone
1754 1166 2017 1220 disserere
2036 1178 2158 1232 pos-

567 1261 687 1315 set?
712 1262 779 1315 Et
801 1261 924 1331 quid
945 1260 1014 1315 de
1052 1261 1249 1330 pupilla
1275 1259 1593 1328 videndique
1615 1257 1865 1313 facultate
1888 1255 2050 1310 dico?
2099 1254 2154 1308 Si

570 1352 712 1405 enim
740 1351 881 1421 quod
908 1352 1144 1406 omnium
1169 1352 1483 1405 vilissimum
1509 1366 1629 1405 esse
1658 1350 1867 1404 videtur
1888 1348 2156 1403 membro-

571 1459 714 1510 rum,
731 1444 867 1498 oculi
901 1444 1179 1513 palpebras
1195 1443 1508 1514 exquisieris
1526 1441 1908 1507 tantmmnodo,
1925 1451 1978 1496 et
2005 1441 2055 1494 in
2074 1440 2155 1494 his

575 1535 796 1588 multam
827 1534 917 1588 Dei
946 1540 1203 1595 creatoris
1225 1536 1536 1603 sapientiam
1570 1533 1793 1587 videbis.
1846 1533 1994 1586 Sicut
2012 1531 2152 1585 enim

573 1623 628 1676 in
669 1623 830 1689 spicis
869 1624 1047 1679 arista:
1084 1634 1350 1694 tamquam
1379 1624 1620 1694 qua-dam
1659 1632 1913 1692 praetenta
1954 1622 2154 1691 spicula

576 1728 703 1767 aves
733 1714 1015 1782 repellunt,
1054 1730 1159 1768 non
1192 1716 1429 1768 sitientes
1457 1714 1649 1767 fructui
1693 1712 1943 1779 insidere,
1982 1721 2034 1765 et
2056 1713 2154 1765 sti-

575 1805 750 1873 pulam
780 1806 1122 1862 infirn‘iiorem
1146 1806 1453 1877 dim-ingere
1472 1824 1484 1859 :
1506 1807 1582 1861 sic
1611 1806 1845 1876 profecto
1875 1815 1928 1860 et
1948 1805 1999 1859 in
2030 1820 2156 1858 ocn-

574 1893 661 1960 lis,
700 1897 841 1950 velut
878 1898 1119 1965 quaedam
1160 1898 1336 1952 aristae
1390 1908 1444 1951 et
1482 1898 1680 1966 Spicula
1732 1892 1988 1967 p'rmtenta
2034 1904 2157 1950 sunt

572 1983 944 2052 palpebrarum
998 1986 1130 2055 pili,
1175 1987 1449 2056 pulverem
1491 1997 1544 2041 et
1582 1986 1812 2041 festucas
1869 1996 1923 2042 et
1977 1987 2154 2040 omnia

573 2084 819 2128 vexantia
846 2077 1177 2131 extrinsecus
1204 2078 1528 2147 repellentes
1554 2077 1622 2132 ab
1658 2078 1848 2144 oculis,
1893 2092 1993 2132 nec
2040 2077 2157 2148 pal-

573 2164 765 2233 pebras
800 2165 1039 2221 infestari
1084 2169 1341 2224 sitientes.
1389 2169 1580 2224 Videas
1610 2177 1788 2223 autem
1827 2179 1881 2224 et
1933 2169 2153 2223 alteram

572 2257 889 2325 sapientiam
926 2259 977 2313 in
1020 2262 1320 2331 superciliis
1352 2261 1452 2316 hac
1490 2277 1594 2315 non
1647 2261 1972 2316 inferiorem.
2025 2261 2155 2327 Quis

572 2348 715 2401 enim
745 2348 916 2417 ipsum
949 2351 1108 2405 situm
1136 2367 1243 2406 non
1272 2352 1650 2423 Obstupescat?
1688 2353 1938 2422 quoniam
1980 2367 2155 2423 neque

571 2439 711 2493 ultra
738 2456 1042 2496 mensuram
1069 2445 1345 2512 promissa:
1370 2455 1513 2511 sunt,
1539 2445 1609 2498 ita
1636 2454 1693 2499 ut
1720 2446 1904 2499 oculos
1929 2444 2154 2498 obtene-

571 2530 748 2594 breut,
792 2547 964 2603 neque
1002 2550 1161 2603 quam
1187 2549 1321 2603 opus
1364 2545 1446 2590 est
1481 2536 1705 2590 interius
1746 2535 2014 2602 resident;
2062 2534 2154 2590 scd

571 2622 717 2676 velut
742 2622 931 2678 domus
960 2627 1282 2701 suggrunda,
1322 2628 1399 2682 sic
1429 2642 1659 2697 superne
1694 2628 1947 2693 eminent,
1990 2628 2154 2682 sudo-

572 2726 685 2765 rem
712 2714 884 2783 capite
911 2714 1227 2771 delluentem
1247 2718 1619 2787 suscipientes,
1635 2735 1733 2773 nec
1761 2719 1944 2774 oculos
1959 2719 2154 2775 lmdere

572 2804 960 2870 permittentes.
1006 2806 1292 2876 Propterea
1331 2809 1543 2879 quidem
1591 2820 1640 2864 et
1674 2810 1763 2880 pili
1813 2810 1942 2880 ipsis
1985 2809 2149 2863 innati

571 2903 717 2957 sunt,
742 2894 1003 2952 densitate
1047 2898 1330 2954 defluentia
1374 2912 1702 2968 coercentes,
1742 2914 1795 2957 et
1830 2903 1996 2958 multa
2031 2919 2152 2958 cum

571 2984 841 3056 diligentia
874 3001 1247 3061 protegentes,
1294 2993 1684 3064 afferentesque
1724 2996 1944 3050 multam
1986 2997 2153 3052 oculis

569 3075 974 3135 formositatem.
1002 3082 1112 3137 Nec
1136 3083 1236 3138 hoc
1264 3094 1465 3139 tantum
1496 3087 1613 3156 quis
1651 3085 1902 3142 admirari
1932 3098 2148 3158 posset,

569 3169 662 3223 sed
685 3179 737 3224 et
763 3171 906 3226 aliud
924 3188 1029 3228 non
1059 3176 1233 3231 minus
1259 3192 1414 3246 quam
1436 3178 1550 3232 hoe.
1572 3178 1684 3244 Qua
1710 3180 1850 3233 enim
1879 3180 1944 3234 de
1968 3195 2145 3247 causa,

567 3276 768 3330 quieso,
797 3266 986 3335 capitis
1015 3269 1225 3338 quidem
1258 3271 1435 3339 capilli
1478 3284 1725 3325 crescunt
1758 3283 1809 3325 et
1850 3273 2149 3327 detonden-

568 3364 671 3418 tur,
704 3360 1108 3426 superciliorum
1135 3377 1260 3416 vero
1276 3362 1534 3416 minime?
1560 3378 1732 3432 neque
1760 3365 1902 3418 enim
1938 3363 2038 3419 hoc
2051 3379 2153 3418 no-

565 3445 649 3500 bis
676 3456 875 3505 temere
892 3460 948 3506 et
978 3466 1103 3507 casu
1134 3452 1330 3508 factum
1355 3463 1456 3519 est,
1488 3454 1581 3508 sed
1611 3469 1678 3509 ne
1710 3469 1768 3509 se
1809 3453 2150 3510 dcmittentes

569 3540 751 3594 oculos
777 3543 1207 3616 obtenebrarent,
1245 3549 1387 3619 quod
1426 3550 1684 3620 decrepiti
1734 3567 1893 3607 senes
1937 3555 2150 3623 patiun-

567 3640 673 3684 tur.
705 3632 833 3698 Quis
851 3645 1026 3691 autem
1050 3649 1228 3707 posset
1258 3642 1572 3711 sapientiam
1618 3658 1831 3698 onmem
1862 3659 1957 3715 per
1994 3661 2148 3702 cere-

568 3722 719 3775 hrum
744 3724 935 3780 demon
970 3738 1157 3783 tratam
1207 3735 1669 3789 commemorare?
1709 3736 1885 3790 Primo
1929 3738 2145 3807 quidem

566 3811 736 3880 ipsum
766 3817 928 3870 molle
949 3818 1092 3885 fecit,
1135 3822 1383 3890 quoniam
1413 3825 1658 3879 sensibus
1689 3824 1863 3881 fontes
1897 3829 2146 3884 omnibus

564 3904 826 3961 miuisrrat
861 3924 874 3961 :
906 3923 1085 3978 postea
1116 3928 1181 3967 ne
1212 3925 1425 3983 propter
1449 3917 1720 3987 propriam
1744 3917 1968 3974 laedatur
1993 3930 2146 3975 natu-

561 4010 697 4060 ram,
732 3998 903 4066 ipsum
935 4002 1144 4057 ossibus
1163 4004 1392 4073 undique
1420 4007 1678 4061 munivit:
1718 4024 1932 4063 rursum
1961 4026 2029 4065 ne
2056 4026 2145 4065 os-

561 4088 699 4142 slum
740 4092 1024 4160 asperitate
1062 4095 1298 4149 attritum
1335 4107 1574 4165 vexetur,
1610 4101 1975 4156 membranam
2029 4118 2143 4157 me-

560 4179 701 4233 diam
744 4181 1000 4250 obtendit,
1052 4199 1153 4239 nec
1201 4202 1360 4240 unam
1410 4188 1600 4254 solam,
1656 4191 1749 4244 sed
1801 4202 1854 4245 et
1895 4192 2141 4262 alteram,

563 4287 719 4326 unam
759 4274 972 4342 quidem
1001 4275 1243 4331 calvaria:
1285 4277 1504 4334 inferius
1538 4279 1885 4351 subtendens,
1920 4283 2142 4341 alteram

562 4379 690 4418 vero
719 4380 949 4435 superne
975 4369 1181 4423 cerebri
1208 4370 1354 4424 carni
1376 4370 1819 4440 circumvolvens,
1861 4387 1913 4430 et
1943 4386 2024 4430 est
2053 4377 2141 4433 illa

562 4456 662 4510 hac
688 4458 886 4511 durior.
922 4458 1032 4514 lloc
1049 4469 1225 4516 autem
1256 4460 1383 4516 fecit
1413 4471 1523 4517 tum
1554 4475 1772 4535 propter
1811 4481 2142 4523 commemo-

560 4556 727 4600 ratam
756 4563 992 4614 causam,
1029 4558 1138 4603 tum
1164 4560 1219 4605 ut
1257 4553 1430 4608 illatas
1457 4557 1613 4623 capiti
1653 4557 1833 4627 plagas
1878 4574 1983 4612 non
2034 4561 2143 4629 pri-

568 4653 712 4690 mum
744 4638 976 4707 excipiat
1012 4644 1313 4709 cerebrum,
1341 4643 1434 4697 sed
1462 4659 1910 4713 prmoccurrentcs
1957 4649 2140 4721 hujus-

562 4730 703 4784 modi
736 4732 1061 4786 membrana:
1104 4734 1293 4787 ictibus
1321 4747 1699 4791 nocumentmn
1746 4756 1905 4795 omne
1946 4743 2142 4798 dissol-

561 4834 707 4892 vant,
734 4835 785 4880 et
815 4826 1036 4881 illaesum
1069 4827 1240 4895 ipsum
1263 4838 1596 4882 conservent.
1629 4830 1765 4896 Quin
1794 4844 1847 4887 et
1873 4834 2011 4902 quod
2036 4852 2138 4890 non

559 4921 901 4974 continuetur
925 4932 977 4975 et
1007 4936 1168 4975 unum
1199 4921 1270 4974 sit
1295 4935 1355 4974 os
1378 4922 1547 4990 ipsum
1575 4922 1850 4992 obtegens,
1884 4926 1976 4978 sed
2006 4930 2141 4982 mul-

561 5024 639 5067 tas
670 5030 735 5067 ex
767 5015 946 5069 multis
978 5016 1215 5085 partibus
1246 5014 1437 5070 habeat
1464 5025 1693 5080 suturas,
1729 5019 1906 5071 multm
1929 5037 2137 5077 rursum

555 5108 858 5160 securitatis
885 5108 981 5175 ipsi
1012 5121 1173 5161 causa
1222 5115 1324 5162 est.
1376 5107 1443 5161 Et
1471 5122 1725 5176 vaporum
1773 5110 1913 5164 enim
1965 5112 2137 5182 ipsum

556 5199 944 5253 continentium
973 5198 1140 5253 facilis
1180 5214 1274 5269 per
1319 5211 1551 5264 suturas,
1597 5199 1714 5253 illas
1743 5203 1977 5256 exterius
2024 5204 2137 5259 fieri

556 5298 732 5358 potest
761 5289 1058 5357 respiratio,
1091 5292 1162 5345 ita
1192 5300 1374 5345 utnon
1402 5290 1692 5347 suffocetur
1730 5309 1743 5345 :
1794 5302 1848 5348 et
1891 5295 1936 5349 si
1983 5296 2133 5366 plaga

554 5385 800 5441 alicunde
826 5382 1102 5450 inferatur,
1138 5401 1243 5439 non
1287 5386 1480 5456 ubique
1528 5387 1587 5441 Iit
1632 5400 2029 5443 nocumentum.
2079 5390 2133 5445 Si

554 5478 694 5531 enim
712 5477 884 5532 solum
912 5487 965 5531 et
991 5478 1297 5532 continuum
1324 5493 1385 5533 os
1404 5488 1567 5547 esset,
1619 5481 1669 5533 iu
1718 5495 1876 5534 unam
1930 5493 2132 5551 partem

555 5569 728 5625 delata
772 5570 921 5640 plaga
966 5580 1129 5626 totum
1158 5572 1424 5639 laesisset;
1480 5589 1623 5629 nunc
1670 5584 1847 5629 autem
1905 5592 2027 5641 cum
2079 5578 2131 5632 in

556 5661 716 5712 multa
765 5662 991 5717 divisum
1041 5664 1130 5730 sit,
1173 5663 1276 5718 hoc
1322 5665 1434 5720 fieri
1457 5680 1562 5720 non
1589 5676 1787 5735 posset.
1830 5669 1941 5722 Etsi
1988 5670 2129 5724 enim

563 5765 719 5803 unam
747 5762 949 5820 partem
978 5755 1240 5810 vulnerari
1268 5757 1495 5823 accidat,
1536 5774 1598 5813 os
1626 5774 1782 5815 secus
1818 5760 1962 5816 illam
2005 5777 2129 5831 par-

558 5846 662 5892 tem
707 5840 863 5897 situm
908 5843 1115 5902 laeditur
1140 5848 1338 5915 solum,
1369 5849 1572 5922 reliqua
1592 5867 1721 5910 vero
1744 5862 1929 5909 cuncta
1956 5868 2134 5910 rema-

1282 415 1335 471 S.
1375 414 1652 471 JOANNIS
1688 411 2168 470 CHRYSOSTOMI
2209 407 2527 466 ARClllEP.
2567 405 3096 463 CONSTANTINOP.

3711 410 3801 466 ll!

2266 532 2393 577 nent
2420 522 2606 588 illmsa,
2640 523 2806 592 plaga:
2854 522 3203 577 continuitate
3224 535 3291 576 ex
3338 521 3527 577 ossium
3572 522 3804 582 divisione

2263 614 2504 679 sublata,
2531 629 2629 667 nec
2654 615 2706 668 in
2730 613 3024 684 proximam
3053 612 3267 668 extendi
3297 612 3516 668 valente.
3546 614 3804 685 Propterea

2263 722 2329 759 ex
2354 706 2531 759 multis
2554 706 2719 775 ipsius
2742 715 2985 774 tegumen
3013 704 3222 759 ossibus
3245 703 3382 757 Deus
3406 706 3718 772 composuit:
3759 716 3806 761 et

2263 799 2398 851 sicut
2426 796 2642 852 domum
2672 797 2861 867 aliquis
2887 797 3178 862 :cdilicans,
3212 804 3406 849 tectum
3432 804 3483 849 et
3506 795 3694 864 tegulas
3721 810 3802 850 su-

2264 889 2510 958 perponit
2539 904 2551 942 :
2588 890 2666 943 sic
2692 904 2851 959 supra
2877 899 3039 958 caput
3068 889 3206 942 Deus
3233 902 3353 941 ossa
3381 886 3563 939 locavit
3588 895 3638 940 et
3662 885 3807 954 capil-

2260 982 2341 1036 los
2368 982 2488 1037 fecit
2516 980 2839 1051 germinare,
2891 991 2949 1033 ut
2981 995 3076 1049 pro
3102 977 3411 1049 quibu~dam
3438 976 3622 1046 galeris
3672 976 3807 1044 capiti

2262 1079 2460 1124 essent.
2492 1071 2601 1124 lloc
2622 1071 2796 1139 ipsum
2818 1068 3053 1139 profecto
3071 1077 3125 1123 et
3155 1068 3207 1121 in
3234 1068 3394 1120 corde
3417 1065 3552 1121 fecit.
3570 1064 3805 1133 Quoniam

2261 1163 2401 1215 enim
2434 1178 2526 1216 cor
2575 1163 2940 1216 membrorum
2983 1169 3289 1215 nostrorum
3345 1158 3807 1229 principalissimutn

2261 1261 2363 1317 cst,
2391 1261 2447 1308 et
2474 1254 2632 1308 totius
2657 1255 2780 1308 vita:
2802 1263 2997 1308 nestra:
3027 1254 3252 1307 firmitas
3278 1262 3357 1307 est
3386 1252 3482 1322 ipsi
3529 1251 3722 1316 tradita,
3757 1262 3805 1306 et

2262 1344 2382 1413 ipso
2406 1348 2902 1415 quomodocumque
2931 1359 3181 1414 percusso
3211 1359 3360 1399 mors
3386 1344 3590 1410 accidit,
3643 1344 3810 1398 solidis

2261 1445 2316 1489 ct
2339 1435 2486 1489 duris
2513 1436 2723 1489 ossibus
2776 1436 2877 1491 hoc
2906 1437 3139 1505 undique
3186 1436 3623 1503 cireunnnunivit,
3646 1444 3697 1491 et
3734 1452 3812 1507 pe-

2261 1531 2423 1584 ctoris
2453 1531 2821 1599 prominentiis
2845 1540 2899 1586 ct
2939 1532 3071 1601 tergi
3104 1531 3336 1600 scapulis
3367 1531 3533 1599 ipsum
3579 1530 3814 1601 posterius

2262 1622 2508 1675 muniens
2536 1639 2549 1674 :
2580 1622 2797 1693 etquod
2825 1622 2880 1676 in
2910 1623 3116 1677 cerebri
3147 1622 3468 1677 membranis
3516 1621 3650 1687 fecit,
3676 1631 3724 1676 et
3768 1621 3812 1675 in

2263 1714 2364 1769 hac
2382 1715 2518 1769 idem
2549 1714 2746 1768 factum
2769 1725 2870 1770 est.
2898 1714 2980 1769 Ad
3012 1715 3112 1769 hoc
3136 1715 3279 1768 enim
3331 1729 3399 1767 ne
3426 1712 3715 1782 frequenter
3736 1726 3812 1765 sa-

2263 1806 2421 1871 liens,
2451 1818 2505 1861 et
2532 1807 2583 1861 in
2608 1809 2683 1861 ira
2709 1807 3118 1876 hujusmodique
3145 1806 3376 1860 motibus
3422 1804 3690 1875 palpitans,
3733 1818 3813 1858 os-

2262 1898 2399 1964 sium
2432 1898 2702 1969 asperitati
2743 1899 3198 1953 circumstantium
3245 1894 3491 1967 inﬂigens
3538 1903 3813 1949 conteratur

2259 2001 2314 2046 et
2333 1991 2527 2055 doleat,
2556 1991 2748 2045 multas
2773 2000 2829 2045 et
2848 1989 2919 2045 ibi
2945 1989 3283 2044 membranas
3307 1986 3592 2052 subtendit,
3620 1995 3671 2041 et
3708 1984 3815 2054 pul-

2261 2100 2474 2139 mortem
2501 2085 2798 2155 supposuit,
2832 2084 2973 2137 velut
2998 2082 3160 2137 molle
3187 2080 3454 2152 quoddam
3497 2089 3705 2134 stratum
3743 2077 3816 2147 ip-

2259 2176 2370 2231 sius
2398 2176 2619 2230 saltibus
2644 2188 2938 2245 apponens,
2964 2182 3020 2228 ut
3059 2173 3275 2243 impune
3307 2186 3592 2241 erumpens
3635 2185 3697 2224 ex
3731 2167 3816 2223 hoc

2262 2269 2393 2323 nihil
2426 2268 2646 2323 noxium
2678 2268 2925 2336 patiatur.
2974 2267 3039 2320 Et
3067 2263 3193 2335 quid
3239 2263 3363 2319 dico
3414 2262 3481 2317 de
3528 2260 3737 2317 cerebro
3773 2265 3818 2313 et

2261 2361 2442 2426 corde,
2474 2375 2592 2415 cum
2618 2361 2794 2427 utique
2819 2361 2860 2413 si
2894 2359 3012 2429 quis
3036 2358 3117 2412 vel
3145 2357 3210 2411 de
3232 2357 3362 2426 ipsis
3388 2356 3642 2425 unguibus
3685 2353 3818 2407 inve-

2260 2453 2418 2523 stiget
2446 2452 2664 2506 multam
2685 2462 2740 2506 et
2772 2451 2824 2504 in
2870 2450 2953 2503 his
2985 2449 3076 2502 Dei
3106 2447 3424 2517 sapientiam
3466 2446 3638 2501 videat
3678 2456 3819 2513 appa-

2259 2554 2487 2608 rentem,
2521 2551 2630 2595 tum
2663 2557 2727 2595 ex
2760 2541 2994 2611 ipsorum
3023 2538 3214 2605 forma,
3239 2547 3356 2593 tum
3376 2554 3440 2593 ex
3470 2536 3747 2592 substantia
3772 2540 3817 2591 et

2259 2635 2407 2690 situ?
2433 2633 2651 2689 Licebat
2679 2634 2877 2698 dicere,
2907 2648 3071 2704 quare
3117 2640 3171 2687 et
3207 2631 3571 2702 magnitudine
3611 2628 3821 2697 impares

2252 2728 2413 2782 nobis
2439 2726 2584 2797 digiti
2613 2726 2738 2794 sint,
2766 2737 2819 2780 et
2846 2726 3011 2780 multa
3037 2725 3136 2779 alia
3186 2723 3268 2778 bis
3320 2723 3511 2794 plura;
3551 2720 3642 2775 sed
3684 2716 3818 2775 διιΠί-

2259 2821 2460 2875 cienter
2481 2836 2544 2874 ex
2574 2818 2730 2873 dictis
2759 2817 3035 2872 attendere
3062 2815 3366 2871 volentibus
3392 2812 3647 2870 creatoris
3671 2808 3818 2865 nostri

2258 2912 2514 2981 sapientia
2545 2911 2635 2965 Dei
2665 2910 2886 2980 refulget
2913 2926 2927 2962 :
2958 2916 3235 2979 propterea
3264 2915 3474 2978 partem
3511 2904 3642 2958 hanc
3686 2900 3818 2955 labo-

2256 3005 2412 3059 riosis
2461 3005 2764 3074 relinquens
2814 3000 3195 3072 exquirendam
3260 3015 3388 3055 cum
3443 2994 3705 3068 diligentia
3762 2988 3820 3049 ad

2256 3097 2413 3152 aliam
2442 3105 2727 3151 convertar
2753 3094 3164 3164 oppositionem.

2327 3189 2383 3243 4.
2416 3186 2582 3241 Ηοιηο
2610 3187 2912 3246 animalibus
2943 3184 3172 3239 erunibus
3226 3192 3461 3253 praestat,
3492 3178 3821 3251 quomodo.—

2255 3276 2401 3332 Multi
2434 3293 2662 3347 namque
2692 3286 2886 3346 prteter
2916 3276 3057 3329 dicta
3102 3284 3156 3329 et
3200 3273 3332 3328 illud
3380 3279 3685 3343 opponunt:
3713 3263 3822 3337 quid

2255 3369 2467 3423 tandem
2499 3369 2542 3421 si
2574 3368 2847 3421 brutormn
2878 3383 2969 3421 rex
2998 3365 3274 3431 esthomo,
3305 3373 3367 3420 et
3392 3365 3586 3419 robore
3613 3370 3666 3416 et
3682 3357 3820 3430 agili-

2255 3469 2363 3514 tate
2388 3468 2444 3515 et
2484 3459 2757 3514 celeritate
2808 3457 2973 3512 multa
3028 3459 3199 3527 ipsum
3244 3465 3509 3526 superant
3555 3447 3823 3507 animalia?

2253 3551 2449 3605 etenim
2481 3549 2696 3604 homine
2718 3549 2951 3603 velocior
2979 3562 3151 3618 equus
3200 3557 3255 3602 et
3280 3547 3603 3602 tolerantior
3627 3544 3738 3608 bos,
3774 3546 3821 3592 et

2252 3639 2420 3695 levior
2445 3639 2643 3709 aquila,
2675 3648 2728 3694 et
2751 3639 2938 3693 fortior
2965 3637 3070 3693 leo.
3100 3636 3236 3705 Quid
3276 3637 3447 3707 igitur
3482 3635 3548 3691 ad
3596 3634 3706 3689 ha‘c
3750 3629 3824 3684 di-

2252 3749 2376 3790 cere
2403 3748 2685 3803 possumus
2709 3732 2732 3785 ?
2760 3730 2911 3798 Quod
2942 3741 2996 3786 et
3036 3730 3161 3784 hinc
3203 3730 3442 3785 maxime
3493 3727 3585 3782 Dei
3634 3724 3822 3793 sapien-

2252 3827 2380 3880 tiam
2418 3825 2808 3895 cognoscimus,
2843 3832 2897 3878 et
2944 3823 3204 3877 honorem
3243 3837 3352 3892 quo
3401 3835 3503 3875 nos
3545 3814 3822 3873 decoravit.

2250 3916 2500 3972 Velocior
2529 3916 2723 3985 quippe
2751 3929 2917 3983 equus
2937 3922 3019 3967 est
3047 3912 3287 3977 homine,
3318 3912 3415 3968 sed
3447 3911 3514 3967 ad
3538 3907 3823 3981 percgrina~

2251 4008 2409 4064 tionis
2461 4008 2796 4062 velocitatem
2846 4020 2984 4075 equo
3030 4004 3365 4058 commodior
3417 4001 3598 4056 homo.
3661 3998 3826 4066 Equus

2249 4116 2461 4172 nempe,
2502 4098 2743 4170 quamvis
2767 4097 3002 4151 onmium
3030 4095 3402 4150 velocissimus
3426 4103 3483 4149 et
3523 4090 3824 4147 fortissimus

2247 4198 2334 4261 sit,
2366 4196 2449 4248 vix
2471 4194 2696 4248 ducenta
2725 4191 2891 4246 stadia
2922 4205 3029 4244 uno
3057 4189 3145 4245 die
3182 4199 3399 4254 curret;
3454 4187 3618 4241 homo
3663 4191 3826 4237 autem

2247 4290 2442 4345 multos
2469 4303 2536 4343 ex
2555 4285 2894 4340 successione
2931 4298 3098 4353 equos
3146 4281 3212 4336 ad
3256 4297 3478 4337 currum
3519 4280 3743 4350 jungens
3778 4280 3825 4327 et

2246 4381 2353 4436 duo
2379 4378 2667 4434 stadiorum
2712 4376 2875 4431 millia
2918 4374 3173 4444 expedire
3211 4373 3431 4442 poterit.
3475 4371 3659 4439 Itaque
3698 4360 3825 4436 quod

2246 4473 2323 4529 illi
2354 4470 2626 4536 velocitas,
2652 4469 2779 4523 huic
2803 4468 2938 4522 ratio
2969 4477 3021 4521 et
3050 4480 3139 4520 ars
3163 4480 3285 4520 cum
3314 4464 3511 4534 majori
3543 4462 3726 4516 tribuit
3746 4471 3827 4509 su-

2248 4561 2667 4634 perabanduntia
2694 4577 2710 4616 :
2741 4571 2794 4615 et
2822 4568 2927 4613 tam
2958 4558 3170 4612 veloces
3195 4556 3413 4627 quidem
3460 4553 3625 4625 pedes
3680 4551 3828 4605 homo

2247 4674 2353 4712 non
2399 4657 2557 4710 habet
2584 4671 2743 4726 quam
2779 4653 2885 4719 ille,
2939 4651 3100 4706 habet
3152 4664 3280 4705 vero
3327 4649 3500 4720 pedes
3545 4648 3683 4702 illius
3731 4655 3827 4694 non

2246 4752 2421 4805 minus
2447 4764 2606 4820 quam
2635 4762 2760 4801 suos
2791 4746 2891 4799 sibi
2921 4744 3307 4798 ministrantes.
3361 4742 3655 4796 Brutorum
3698 4733 3829 4791 enim

2245 4842 2446 4896 nuilum
2473 4838 2666 4893 animal
2694 4836 2835 4890 aliud
2864 4835 2927 4889 ad
2958 4850 3110 4889 usum
3139 4849 3292 4888 suum
3341 4832 3636 4902 subjugare
3684 4833 3828 4894 pote-

2244 4935 2355 4999 rit,
2388 4933 2548 4986 homo
2581 4939 2761 4984 autem
2791 4926 2969 4982 omnia
3014 4923 3339 4995 aggreditur,
3389 4931 3449 4977 et
3496 4936 3593 4991 per
3639 4916 3830 4972 variam

2243 5022 2604 5080 artemaDeo
2643 5019 2742 5074 sibi
2795 5017 3061 5081 traditam,
3115 5013 3180 5068 ad
3233 5027 3395 5067 usum
3456 5011 3561 5067 sibi
3609 5006 3830 5064 maxime

2242 5115 2644 5170 convenientem
2687 5108 2992 5163 animalium
3035 5104 3281 5176 quodque
3327 5103 3553 5174 subigit.
3599 5101 3659 5158 Si
3710 5110 3829 5153 vero

2244 5218 2349 5261 tam
2382 5204 2544 5258 fortes
2576 5202 2845 5256 hominum
2874 5197 3037 5268 pedes
3064 5212 3220 5267 quam
3248 5209 3519 5265 equorum
3574 5192 3826 5250 fuissent;

2239 5298 2305 5351 ad
2332 5297 2433 5349 alia
2457 5294 2680 5349 fuissent
2700 5291 2934 5355 inutiles,
2978 5290 3047 5344 ad
3094 5289 3335 5344 locorum
3387 5285 3739 5342 difficultates
3777 5282 3827 5330 ει

2239 5388 2500 5440 montium
2538 5386 2765 5439 vertices
2790 5391 2845 5438 et
2883 5381 3132 5436 arborum
3184 5379 3539 5434 ascensiones
3575 5395 3590 5435 :
3644 5367 3825 5438 υιιευια

2237 5480 2379 5534 enim
2411 5477 2475 5532 ad
2503 5477 2624 5531 talia
2649 5489 2864 5546 gressus
2885 5472 3142 5541 impedire
3167 5470 3325 5528 solet.
3353 5468 3544 5534 Itaque
3567 5460 3670 5518 etsi
3697 5456 3826 5514 mol-

2239 5572 2399 5626 liores
2425 5570 2662 5639 ipsorum
2692 5566 2874 5637 pedes,
2903 5573 3079 5620 tamen
3106 5563 3346 5633 pluribus
3376 5554 3668 5626 Opportuni
3701 5558 3821 5606 sunt

2237 5665 2574 5731 utilitatibus,
2619 5671 2674 5718 et
2719 5661 2850 5716 nihil
2893 5674 2962 5716 ex
3012 5652 3318 5710 inﬁrmitate
3364 5649 3659 5716 laeduntur,
3714 5644 3826 5715 equi

2237 5769 2433 5815 Virtute
2460 5759 2559 5813 sibi
2589 5756 2869 5819 serviente,
2904 5758 2960 5807 et
2989 5763 3083 5819 per
3108 5759 3323 5817 gressus
3371 5742 3642 5797 varietate
3693 5748 3827 5834 pra-3:

2233 5853 2454 5911 cellunt.
2478 5852 2703 5908 Rursum
2735 5857 2818 5906 est
2842 5845 3031 5921 aquilce
3061 5840 3233 5898 levior
3272 5835 3386 5904 ala,
3415 5832 3514 5891 sed
3570 5839 3655 5887 est
3703 5822 3825 5883 mihi
