4068 6424
157 419 256 476 123

1181 418 1274 473 AD
1309 414 1638 474 POPULUM
1676 408 2182 473 ANTIOCIIENUM
2220 412 2459 475 IlOSﬂL.
2499 412 2593 475 ΧῙ.

3521 432 3623 488 ιιι

154 532 440 588 τοσοῦτοδέ
457 529 640 606 εῦρος,
663 535 918 607 οὐδεμιᾶς
945 533 1257 589 αἰσθάνεται
1273 535 1601 607 ἀρρωστίας.
1621 532 1837 603 Ἐπειδὴ
1945 534 2113 603 ρέσει,
2137 534 2231 586 καί
2257 534 2358 587 οὐκ
2392 533 2666 604 ἰσχύοντος
2693 536 2775 599 εἰς
2801 536 2871 591 τὰ
2893 537 3273 609 παρακείμενα
3301 539 3619 615 ἐκταθῆναι.

153 621 258 692 γὰρ
319 622 430 675 τῶν
491 623 752 677 ἁπάντων
810 622 985 693 μελῶν
1044 624 1175 694 ἡμῖν
1237 621 1660 692 ἀναγκαιότερόν
1717 621 1832 672 ἐστι

153 707 330 773 τοῦτο,
363 711 466 763 οὑκ
496 711 706 780 ἀφῆκεν
736 711 866 763 αὑτὸ
900 709 1181 773 πιέζεσθαι
1212 710 1467 780 καμάτῳ,
1501 708 1640 760 ῶστε
1661 708 1828 778 ἀνεμ-

151 797 400 852 πόδιστον
439 801 567 870 ἡμῖν
597 798 764 852 αὑτοῦ
794 798 891 870 τὴν
917 797 1186 851 διακονίαν
1220 794 1357 851 εἶναι
1391 797 1486 850 καὶ
1530 796 1827 850 ἀκώλυτον.

150 885 368 939 Μᾶλλον
397 887 456 940 δὲ
486 886 634 949 ποῖος
664 886 824 954 λόγος
872 887 1221 958 παραστῆσαι
1265 887 1553 956 δυνήσεται
1594 875 1688 939 τοῦ
1732 884 1830 956 μέ-

147 974 273 1038 λους
318 975 514 1027 τούτου
573 976 674 1046 τὴν
727 974 928 1047 ἀρετὴν
974 974 1226 1042 ἀπασαν;
1277 975 1372 1029 κα)⁸
1408 975 1462 1028 τί
1504 974 1647 1043 λέγω
1699 973 1831 1042 περὶ

146 1062 321 1133 κόρης
356 1064 580 1134 καὶτῆς
616 1075 644 1103 ε
674 1064 907 1134 ὀπτικῆς
942 1063 1256 1134 δυνάμεως;
1300 1063 1424 1117 Ἐὰν
1463 1063 1594 1134 γὰρ,
1624 1060 1653 1116 δ
1694 1063 1832 1117 πάν-

146 1166 255 1203 των
288 1149 673 1221 εὐτελέστερον
705 1149 841 1204 εἶναι
870 1152 1018 1207 δοκεῖ
1041 1152 1149 1205 τῶν
1177 1150 1377 1221 μελῶν,
1408 1150 1502 1204 τοῦ
1547 1150 1829 1221 ὀφθαλμοῦ

146 1238 245 1301 τὰς
280 1237 615 1310 βλεφαρίδας
647 1239 907 1311 ἐξετάσῃς
943 1240 1123 1310 μόνον,
1147 1241 1240 1293 καὶ
1269 1242 1328 1293 ἐν
1360 1239 1584 1303 ταύταις
1627 1239 1829 1309 πολλὴν

144 1326 264 1395 ὕψει
290 1326 389 1380 τοῦ
415 1326 747 1397 δημιουργοῦ
774 1327 910 1380 Θεοῦ
938 1328 1036 1399 τὴν
1068 1328 1281 1396 σοφίαν.
1312 1327 1579 1398 Καθάπερ
1603 1327 1711 1397 γὰρ
1738 1327 1830 1380 ἐπὶ

146 1415 255 1467 τῶν
300 1414 592 1486 ἀσταχύων
627 1417 675 1468 οξ
708 1414 989 1486 ἀνθέρικες
1027 1415 1215 1488 ὥσπερ
1252 1416 1374 1471 τινὰ
1398 1416 1600 1488 δόρατα
1629 1415 1829 1488 προϐε-

147 1502 409 1574 ϐλημένοι
443 1504 570 1567 τοῦς
600 1503 819 1574 ὄρνιθας
863 1504 1247 1568 ἀποσοϐοῦσιν,
1294 1504 1395 1559 οὑκ
1441 1504 1829 1576 ἐπιτρέποντες

146 1590 542 1660 ἐγκαθέζεσθαι
561 1591 641 1661 τῷ
669 1591 866 1663 καρπῷ
896 1593 992 1645 καὶ
1017 1592 1241 1663 διακλᾷν
1267 1594 1364 1663 τὴν
1388 1593 1641 1664 καλάμην
1668 1592 1829 1646 ἀσθε-

146 1680 409 1750 νεστέραν
437 1675 599 1732 οὖσαν
618 1696 632 1710 ο
663 1678 805 1733 οὑτω
831 1680 893 1751 δὴ
919 1681 1013 1733 καὶ
1043 1681 1134 1734 ἐπὶ
1161 1680 1269 1734 τῶν
1301 1681 1616 1751 ὀφθαλμῶν,
1637 1679 1828 1754 ὥσπερ

144 1768 291 1829 τινὲς
330 1767 619 1839 ἀνθέρικες
666 1768 761 1821 καὶ
786 1768 987 1840 δόρατα
1032 1769 1431 1841 προϐέϐληνται
1473 1773 1529 1824 αἰ
1563 1771 1672 1824 τῶν
1708 1770 1829 1841 βλε-

145 1855 336 1923 φάρων
366 1855 574 1925 τρίχες,
611 1855 761 1910 κόνιν
798 1856 891 1909 καί
936 1856 1123 1930 κάρφη
1152 1856 1182 1897 δ
1237 1860 1331 1912 καί⁵
1363 1858 1541 1913 πάντα
1575 1858 1644 1912 τά
1689 1860 1828 1914 διεν-

144 1940 406 2011 οχλοῦντα
434 1942 631 2010 ἔξωθεν
662 1946 1102 2017 ἀποκρουόμεναι
1133 1947 1244 2000 τῶν
1275 1947 1586 2016 ὀφθαλμῶν,
1618 1949 1712 2001 καὶ
1730 1947 1829 2002 οὑκ

138 2030 314 2084 ἐῶσαι
360 2030 696 2100 ἐνοχλεῖσθαι
742 2033 808 2086 τὰ
844 2032 1107 2104 βλέφαρα,
1147 2035 1305 2099 Ἴδοις
1344 2035 1410 2089 ἂν
1455 2038 1550 2090 καὶ
1597 2036 1690 2089 ἐπὶ
1722 2036 1829 2090 τῶν

141 2120 363 2191 ὀφρύων
442 2120 635 2190 ἑτέραν
706 2121 897 2191 σοφίαν
945 2122 1045 2175 οὑκ
1102 2123 1361 2178 ἐλάττονα
1426 2124 1650 2195 ταύτης.
1732 2125 1829 2191 Τίς

140 2208 252 2280 γὰρ
310 2209 412 2261 οὑκ
464 2208 532 2262 ἂν
586 2209 888 2279 ἐκπλαγείη
945 2211 1044 2282 τὴν
1106 2211 1255 2265 θέσιν
1303 2212 1511 2280 αὑτῶν;
1555 2213 1636 2266 δτι
1701 2212 1827 2267 οὔτε

141 2298 287 2367 πέρα
314 2296 411 2350 τοῦ
444 2298 645 2368 μέτρου
694 2297 1132 2370 προϐέϐληνται,
1180 2299 1320 2353 ὥστε
1362 2302 1669 2355 ἐπισκοτεῖν
1717 2306 1828 2366 τοῖς

133 2385 464 2455 ὀφθαλμοῖς,
511 2385 637 2439 οὔτε
695 2387 954 2458 ἐνδοτέρω
997 2388 1092 2441 τοῦ
1165 2389 1378 2454 δέοντος
1441 2391 1822 2459 ὑφιζάνουσιν’

138 2476 256 2527 ἀλλ’
292 2474 483 2547 ὥσπρ
511 2477 688 2540 οἰκίας
727 2479 931 2546 γεῖσος,
962 2477 1136 2543 οὑτως
1173 2478 1448 2550 ἐξέχουσιν
1481 2480 1707 2546 ἄνωθεν,
1735 2481 1827 2535 τὸν

143 2564 206 2616 ἑκ
246 2564 348 2633 τῆς
389 2564 635 2634 κεφαλῆς
680 2566 933 2620 κατιόντα
986 2567 1186 2639 ἱδρῶτα
1218 2568 1526 2638 δεχόμεναι,
1561 2571 1656 2623 κα)⁸
1700 2570 1828 2635 τοὺς

138 2651 458 2723 ὀφθαλμοὺς
487 2652 677 2706 λυπεῖν
704 2655 804 2708 οὑκ
852 2653 1040 2709 ἐῶσαι.
1074 2654 1175 2709 Διὰ
1204 2654 1268 2726 δὴ
1298 2654 1456 2708 τοῦτο
1505 2657 1599 2710 καὶ
1640 2659 1827 2730 τρίχες

138 2742 332 2803 αὑταῖς
362 2742 502 2794 εἰσιν
539 2743 931 2811 ἐμπεφυκυῖαι,
966 2746 1035 2815 τῇ
1072 2742 1330 2813 δασύτητι
1351 2742 1418 2797 τὰ
1450 2745 1827 2816 καταρρέοντα

138 2829 457 2899 ἐπέχουσαι,
510 2831 604 2883 καὶ
642 2831 781 2901 μετὰ
819 2830 1018 2903 πολλῆς
1058 2831 1345 2900 στέγουσαι
1378 2833 1477 2902 τῆς
1513 2834 1823 2905 ἀκριϐείας.

138 2917 231 2969 καὶ
278 2917 485 2991 πολλὴν
513 2922 634 2982 ταῖς
664 2917 818 2989 ὄψεσι
859 2921 959 2993 τὴν
999 2920 1304 2991 εὐμορφίαν
1338 2921 1696 2993 παρέχουσαι.
1747 2923 1823 2976 Οὐ

134 3005 296 3059 τοῦτο
325 3006 385 3059 δέ
423 3006 582 3077 μόνον
617 3008 681 3062 ἄν
711 3025 794 3072 τις
819 3008 1169 3078 θαυμάσειεν,
1199 3009 1335 3062 ἀλλὰ
1377 3011 1471 3063 καὶ
1509 3010 1694 3082 ¹έτερον
1723 3012 1825 3064 οὑκ

136 3095 360 3148 ἔλαττον
387 3094 600 3149 τούτου.
640 3096 797 3160 Τίνος
827 3096 934 3168 γὰρ
963 3097 1169 3158 ἕνεκεν,
1206 3097 1329 3149 εἰπέ
1363 3113 1476 3167 μοι,
1507 3100 1564 3150 αἰ
1599 3098 1698 3167 μὲν
1723 3100 1824 3170 τῆς

135 3184 383 3255 κεφαλῆς
415 3183 668 3251 αὔξονται
718 3185 904 3256 τρίχες
948 3185 1043 3239 καὶ
1076 3184 1483 3257 ἀποκείρονται,
1524 3187 1582 3240 αἱ
1614 3186 1671 3239 δὲ
1713 3187 1823 3240 τῶν

133 3271 355 3343 ὀφρύων
379 3272 483 3325 οὑκ
517 3270 632 3338 ἐτι;
666 3270 816 3344 [119]
851 3272 971 3325 οὑδὲ
1014 3272 1124 3344 γὰρ
1150 3272 1310 3326 τοῦτο
1341 3273 1551 3338 ἁπλῶς,
1586 3275 1706 3329 οὑδέ
1747 3276 1824 3340 ὠς

136 3360 325 3431 ἔτυχεν
359 3364 493 3433 ἡμῖν
521 3363 762 3432 γέγονεν,
798 3361 912 3416 ἀλλ’
947 3358 1089 3415 ὥστε
1134 3362 1208 3434 μὴ
1236 3363 1562 3435 χαλωμένας
1597 3366 1823 3420 ἐπισκο-

135 3453 249 3503 τεῖν
278 3455 393 3515 τοῖς
436 3451 757 3522 ὀφθαλμοῖς,
787 3451 924 3523 ὅπερ
952 3452 1002 3504 οἱ
1034 3450 1172 3522 πρὸς
1208 3451 1344 3522 βαθὺ
1368 3454 1546 3525 γῆρας
1574 3454 1822 3520 ἐλθόντες

138 3542 432 3612 πάσχουσι.
477 3541 573 3604 Τίς
617 3540 663 3593 δ’
712 3539 778 3593 ἂν
821 3539 1074 3612 δυνηθείη
1109 3539 1207 3611 τὴν
1240 3540 1328 3596 διὰ
1372 3541 1468 3595 τοῦ
1516 3543 1820 3613 ἐγκεφάλου

132 3626 495 3697 δεικνυμένην
524 3627 714 3697 σοφίαν
744 3624 963 3681 ἅπασαν
994 3627 1220 3682 διελθεῖν
1243 3639 1266 3667 ο
1287 3645 1302 3694 ;
1326 3628 1549 3700 Πρῶτον
1581 3631 1681 3701 μὲν
1711 3631 1821 3706 γὰρ

135 3714 299 3766 αὑτὸν
332 3713 541 3767 ἁπαλὸν
563 3714 837 3784 ἐποίησεν,
863 3714 1052 3787 ἐπειδὴ
1086 3718 1207 3779 ταῖς
1234 3715 1555 3788 αἰσθήσεσιν
1577 3719 1819 3785 άπάσαις

136 3800 298 3864 αὑτδς
327 3804 556 3871 χορηγεῖ
572 3801 671 3866 τὰς
703 3802 887 3872 πηγάς
905 3820 917 3833 ·
950 3799 1069 3856 εἶτα
1091 3804 1176 3857 ἵνα
1211 3804 1285 3875 μὴ
1310 3804 1461 3876 παρὰ
1486 3805 1586 3877 τὴν
1611 3808 1820 3862 οίκείαν

137 3889 601 3960 παραϐλάπτηται
645 3889 828 3960 φύσιν,
877 3891 1055 3956 ὀστοῖς
1089 3892 1250 3947 αὑτὸν
1288 3893 1554 3947 πάντοθεν
1601 3896 1818 3950 ἐπετεί-

136 3993 255 4047 χισε
278 3993 293 4008 ο
333 3977 495 4031 πάλιν
518 3978 605 4031 ἵνα
644 3979 718 4050 μὴ
750 3981 815 4051 τῇ
852 3980 1179 4052 σκληρότητι
1207 3980 1317 4034 τῶν
1342 3982 1515 4035 ὀστῶν
1550 4001 1821 4056 παρατρι-

134 4065 368 4136 ϐόμενος
418 4065 722 4137 ἐνοχλῆται,
777 4067 951 4139 ὑμένα
1005 4069 1173 4139 μέσον
1226 4071 1523 4134 ἐπέτεινεν,
1579 4073 1677 4143 οὑχ
1723 4074 1821 4128 ἕνα

138 4154 325 4225 μόνον,
351 4154 487 4208 ἀλλά
509 4156 601 4208 καὶ
625 4156 894 4227 δεύτερον,
912 4156 1003 4210 τὸν
1024 4157 1122 4228 μὲν
1151 4157 1439 4222 ὑποτείνας
1453 4159 1532 4230 τῷ
1549 4159 1819 4232 βρέγματι

137 4243 405 4303 κάτωθεν,
457 4243 546 4296 τὸν
577 4242 633 4296 δὲ
679 4243 883 4297 ἄνωθεν
917 4244 1224 4315 περιϐαλὼν
1271 4248 1337 4317 τῇ
1378 4246 1470 4299 τοῦ
1512 4249 1817 4318 ἐγκεφάλου

137 4331 304 4403 σαρκί
323 4349 339 4363 ο
378 4333 472 4384 καὶ
502 4331 645 4385 ἔστιν
675 4334 881 4395 ἐκεῖνος
907 4332 1098 4386 τούτου
1136 4333 1520 4407 σκληρότερος.
1563 4336 1733 4391 Τοῦτο
1760 4338 1817 4392 δὲ

139 4418 367 4490 ἐποίησε
397 4420 482 4474 διά
508 4437 567 4472 τε
597 4420 697 4492 τὴν
722 4422 1020 4491 εἰρημένην
1040 4422 1241 4486 αἰτίαν,
1272 4424 1366 4476 καὶ
1399 4424 1488 4477 ἴνα
1518 4425 1618 4488 τὰς
1651 4443 1818 4496 φερο-

140 4509 309 4578 μένας
344 4509 436 4560 ἐπὶ
468 4508 567 4579 τῆς
601 4508 839 4579 κεφαλῆς
876 4509 1091 4579 πληγὰς
1122 4510 1194 4581 μὴ
1224 4506 1436 4582 πρῶτος
1463 4512 1491 4564 ό
1519 4514 1820 4583 ἐγκέφαλος

132 4596 389 4666 δέχηται,
434 4596 571 4649 ἀλλὰ
621 4598 1048 4669 προαπαντῶσαι
1096 4599 1150 4650 αί
1188 4601 1454 4671 μήνιγγες
1499 4598 1659 4655 αὗται
1699 4605 1821 4667 ταῖς

142 4683 324 4753 βολαῖς
348 4684 448 4756 τὴν
475 4683 680 4755 βλάϐην
708 4684 997 4738 διαλύωσιν
1027 4684 1262 4750 ἃπασαν,
1290 4688 1384 4741 καὶ
1407 4688 1819 4758 ἀνεπηρέαστον

136 4772 302 4825 αὑτὸν
340 4772 656 4843 διατηρῶσι.
691 4773 799 4826 Καὶ
827 4773 886 4825 τὸ
916 4771 991 4842 μὴ
1023 4773 1245 4842 συνεχές
1279 4791 1339 4826 τε
1373 4775 1466 4826 καὶ
1501 4773 1560 4827 ἓν
1592 4770 1730 4828 εἶναι
1759 4776 1820 4829 τὸ

137 4860 414 4914 καλύπτον
439 4858 601 4913 αὑτὸν
643 4858 856 4924 ὀστοῦν,
884 4859 1022 4914 ἀλλὰ
1064 4860 1265 4923 πολλὰς
1298 4861 1637 4932 πανταχόθεν
1675 4862 1820 4932 ἔχειν

140 4949 341 5019 ῥαφὰς,
377 4948 576 5018 πολλῆς
607 4949 906 5016 ἀσφαλείας
938 4948 1085 5019 αὑτῷ
1110 4948 1271 5002 πάλιν
1303 4950 1559 5013 ὑπόθεσις
1586 4951 1815 5019 γίνεται.

137 5036 263 5091 Τῶν
291 5055 350 5090 τε
383 5036 493 5107 γὰρ
521 5037 850 5106 συνεχόντων
892 5036 1056 5090 αὑτὸν
1087 5037 1275 5106 ἀτμῶν
1307 5039 1388 5101 εἰς
1425 5038 1487 5090 τὸ
1525 5039 1631 5106 ἔξω
1660 5039 1819 5110 ῥᾳδία

135 5125 335 5192 γένοιτ’
363 5125 429 5178 ἂν
457 5127 701 5197 ἀναπνοὴ
733 5126 822 5179 διὰ
852 5125 962 5178 τῶν
1003 5126 1189 5196 ραφῶν
1219 5125 1462 5190 ἐκείνων,
1487 5126 1629 5180 ὥστε
1658 5126 1819 5181 αὑτὸν

141 5212 220 5280 μὴ
261 5212 689 5281 συμπνίγεσθαι·
727 5212 909 5284 πληγή
945 5230 1007 5265 τε
1055 5213 1107 5265 εἴ
1142 5229 1228 5276 τις
1265 5213 1583 5285 ἐπενεχθείη
1632 5214 1816 5280 ποθὲν,

137 5301 239 5370 οὐχ
272 5298 566 5373 ὁλοσχερὴς
593 5301 803 5371 γίνεται
836 5304 870 5373 ἡ
892 5300 1088 5373 βλάϐη.
1121 5300 1186 5355 Εἰ
1219 5299 1320 5372 μὲν
1353 5303 1460 5372 γὰρ
1479 5301 1651 5356 ἓνκαὶ
1680 5320 1814 5357 συν-

138 5389 265 5458 εχὲς
287 5383 354 5457 ῆν
376 5387 438 5440 τὸ
458 5387 663 5455 ὀστοῦν,
682 5391 776 5445 καὶ
794 5393 873 5452 εἰς
896 5391 954 5443 ἓν
978 5391 1146 5462 μέρος
1173 5390 1609 5462 κατενεχθεῖσαή
1637 5392 1818 5463 πληγὴ

138 5475 201 5526 τὸ
235 5476 344 5530 πᾶν
376 5474 680 5545 ἐλυμήνατο
708 5477 773 5530 ἄν
795 5493 807 5505 ·
834 5476 913 5545 τῷ
949 5477 1006 5530 δὲ
1037 5479 1117 5540 εἰς
1144 5475 1316 5530 πολλά
1351 5475 1675 5548 διαιρεῖσθαι
1700 5479 1815 5546 νῦν,

139 5563 239 5616 οὑκ
280 5562 347 5616 ἂν
393 5562 602 5630 γένοιτο
652 5563 825 5616 τοῦτο.
864 5566 929 5617 Εἰ
961 5565 1072 5636 γὰρ
1116 5566 1210 5619 καὶ
1253 5564 1496 5636 συμϐαίη
1543 5566 1816 5639 τρωθῆναι

139 5651 310 5723 μέρος
338 5650 417 5714 ἓν,
454 5651 514 5704 τὸ
546 5650 667 5704 κατ’
700 5652 875 5703 ἐκεῖνο
907 5651 968 5703 τὸ
1009 5652 1174 5722 μέρος
1201 5652 1394 5706 ὀστοῦν
1422 5653 1676 5723 κείμενον
1717 5672 1820 5710 παο

135 5741 513 5812 ραϐλάπτεται
546 5739 729 5810 μόνον,
752 5739 823 5792 τὰ
845 5739 902 5793 δὲ
924 5738 1086 5792 λοιπά
1109 5740 1268 5811 ἀσινῆ
1301 5741 1453 5811 μένει
1494 5742 1695 5805 πάντα,
1725 5742 1818 5795 τοῦ

134 5828 400 5901 συνεχοῦς
424 5828 521 5899 τῆς
552 5825 768 5899 πληγῆς
790 5827 1211 5898 διακοπτομένου
1246 5833 1315 5900 τῇ
1341 5829 1453 5884 τῶν
1480 5829 1652 5885 ὀστῶν
1683 5829 1819 5883 διαι-

192 5951 221 6017 f
248 5949 460 6017 Qt_lidam
483 5964 597 6000 mss.
620 5952 727 6015 περὶ
749 5950 891 6017 κόρης
913 5950 1156 6017 ὀφθαλμοῦ
1180 5952 1263 6001 καὶ
1285 5960 1384 6015 τῆς.

194 6012 227 6110 ξ
378 6029 605 6127 ἒέἔὲεῖν.
628 6075 759 6127 Infra
781 6075 928 6131 Savil.
956 6084 1009 6132 el
1026 6080 1108 6131 alii
1128 6081 1277 6139 ὑμένα
1296 6080 1443 6143 μέσον
1465 6078 1719 6133 ὑπέτεινσνι

1941 621 2039 674 Διά
2064 621 2221 674 τοῦτο
2251 624 2314 675 ἐκ
2345 622 2554 676 πολλῶν
2575 623 2738 677 αὑτοῦ
2769 625 2871 696 τῆν
2901 627 3113 699 σκέπην
3128 628 3302 682 ὀστῶν
3321 631 3620 703 συνέθηκεν

1938 711 1967 762 ὀ
1996 708 2147 773 Θεὸς,
2164 712 2256 762 καὶ
2273 710 2519 781 καθάπερ
2547 712 2723 766 οἰκίαν
2747 730 2828 776 τις
2849 715 3024 768 οἰκοδο
3032 715 3169 786 μῶν,
3190 716 3393 789 στέγην
3411 721 3506 773 καὶ
3523 737 3620 774 κε-

1935 796 2163 866 ραμῖδας
2185 796 2386 851 ἄνωθεν
2409 798 2736 867 ἐπιτίθησιν·
2754 800 2896 853 οὕτω
2930 801 3027 855 καὶ
3061 803 3129 855 τὰ
3152 805 3288 858 ὀστᾶ
3320 804 3496 860 ταῦτα
3521 808 3621 860 ἐπ-

1934 883 2129 956 έθηκεν
2148 886 2353 941 ἄνωθεν
2368 887 2464 940 ἐπὶ
2477 888 2577 958 τῆς
2592 888 2835 959 κεφαλῆς
2850 892 2878 943 ὀ
2893 889 3048 955 Θεὸς.
3068 892 3163 945 καὶ
3178 892 3367 963 τρίχας
3386 892 3622 963 βλαστά-

1930 988 2040 1025 νειν
2071 975 2504 1043 παρεσκεύασεν,
2535 976 2678 1032 ὥστε
2707 979 2829 1031 ἀντὶ
2860 979 3182 1049 πιλημὰτων
3198 982 3360 1035 τινῶν
3389 978 3618 1054 εἶναιτῇ

1931 1061 2160 1131 κεφαλῇ.
2198 1062 2271 1115 Τὸ
2297 1064 2429 1118 αὑτὸ
2451 1064 2509 1118 δὲ
2535 1065 2692 1119 τοῦτο
2719 1067 2816 1120 καὶ
2844 1067 2939 1121 ἐπὶ
2966 1069 3067 1139 τῆς
3087 1070 3310 1140 καρδίας
3338 1071 3613 1139 ἐποίησεν.

1944 1148 2158 1221 Ἐπειδὴ
2186 1151 2295 1224 γὰρ
2329 1152 2391 1205 τὸ
2418 1152 2754 1224 κυριώτατόν
2802 1156 2918 1209 ἐστι
2957 1156 3068 1210 τῶν
3102 1159 3160 1211 ἐν
3195 1159 3328 1229 ἡμῖν
3375 1158 3551 1228 μελῶν
3580 1159 3622 1232 ἡ

1931 1238 2255 1307 καρδία,καὶ
2275 1240 2377 1310 τῆς
2405 1240 2551 1312 ζωῆς
2579 1241 2735 1312 ήμῶν
2762 1243 2977 1315 ἁπάσης
3001 1244 3141 1316 αῦτη
3162 1246 3223 1297 τὸ
3255 1245 3422 1317 κῦρος
3451 1247 3611 1315 ἐγκε-

1930 1325 2217 1397 χείρισται,
2266 1331 2359 1383 καὶ
2392 1330 2454 1383 τὸ
2495 1326 2658 1402 τυχὸν
2696 1332 2995 1403 πληγείσης
3010 1335 3180 1404 αὐτῆς
3211 1332 3438 1398 θάνατος
3470 1335 3618 1403 γίνε-

1928 1431 2038 1480 ται,
2073 1420 2347 1484 στεγανοῖς
2368 1417 2461 1471 καὶ
2496 1419 2749 1491 σκληροῖς
2771 1420 2949 1484 ὀστοῖς
2981 1421 3075 1474 καὶ
3113 1420 3319 1490 ταύτην
3351 1423 3618 1492 πανταχόδ

1931 1500 2022 1555 θεν
2055 1506 2408 1577 περιέφραξε,
2456 1510 2580 1571 ταῖς
2615 1507 2710 1561 τοῦ
2756 1508 3005 1580 θώρακος
3038 1508 3328 1580 προϐολαῖς
3372 1511 3466 1562 καὶ
3495 1513 3616 1573 ταῖς

1929 1590 2282 1662 ὠμοπλάταις
2308 1594 2530 1649 ὄπισθεν
2569 1596 2814 1667 τειχίσας
2841 1597 3012 1667 αὑτήν
3034 1613 3048 1627 ο
3089 1598 3184 1650 καὶ
3218 1598 3355 1667 ὅπερ
3385 1597 3478 1650 ἐπὶ
3505 1597 3624 1651 τῶν

1932 1681 2210 1750 μηνίγγων
2258 1683 2503 1754 ἐποίησε,
2548 1685 2708 1738 τοῦτο
2750 1686 2846 1739 καὶ
2896 1685 2990 1738 ἐπὶ
3035 1679 3241 1756 ταύτης
3294 1685 3612 1756 εἰργάσατο.

1931 1768 2091 1822 Ὥστε
2123 1771 2233 1842 γάρ
2265 1770 2339 1844 μὴ
2382 1773 2623 1844 συνεχῶς
2656 1772 2959 1845 ἀλλομένην
3008 1772 3180 1845 αὑτὴν
3228 1774 3324 1826 καὶ
3357 1774 3617 1845 πηδῶσαν

1927 1858 1985 1910 ἐν
2016 1861 2128 1922 τοῖς
2154 1859 2345 1931 θυμοῖς
2383 1862 2479 1915 καὶ
2505 1865 2627 1926 ταῖς
2654 1861 2933 1925 τοιαύταις
2964 1864 3163 1932 ὁρμαῖς
3201 1863 3297 1915 καὶ
3343 1865 3408 1932 τῇ
3445 1862 3616 1932 σκλη-

1930 1946 2115 2018 ρότητι
2158 1949 2268 2002 τῶν
2318 1949 2492 2003 ὀστῶν
2547 1949 2919 2020 ἐγκρούουσαν
2977 1949 3080 2002 τῶν
3130 1950 3615 2020 περιφραττόντων

1927 2035 2097 2107 αὐτὴν
2129 2037 2564 2110 παρατρίϐεσθαι
2598 2039 2691 2091 καὶ
2714 2038 3027 2104 ὀδυνᾶσθαι,
3061 2038 3268 2107 ὑμένας
3298 2055 3358 2090 τε
3390 2039 3607 2091 ὑπέτειδ

1926 2139 2016 2177 νεν
2054 2127 2169 2177 ἐκεῖ
2206 2126 2452 2191 πολλοὺς,
2509 2111 2607 2180 καῗ
2633 2127 2725 2181 τὸν
2768 2125 3049 2196 πνεύμονα
3098 2125 3373 2198 ὑπέθηκεν
3419 2124 3615 2195 ὥσπερ

1929 2212 2135 2265 ἁπαλὸν
2163 2212 2389 2285 στρῶμα
2420 2218 2533 2277 τοῖς
2557 2214 2793 2286 ἅλμασιν
2825 2215 2999 2284 αὑτῆς
3029 2214 3315 2286 παραθεὶς,
3357 2215 3447 2268 ἵνα
3476 2214 3611 2267 ἀλύ-

1927 2316 2046 2365 πως
2078 2303 2455 2374 ἐρῤηγνυμένη
2491 2302 2686 2373 τούτῳ,
2727 2303 2897 2374 μηδὲν
2939 2303 3103 2374 ἀηδὲς
3150 2302 3355 2375 πάσχῃ.
3400 2303 3512 2355 Καὶ
3556 2297 3612 2355 τί

1925 2387 2071 2458 λέγω
2100 2393 2227 2461 περὶ
2260 2390 2563 2460 ἐγκεφάλου
2599 2391 2693 2445 καὶ
2738 2391 2988 2463 καρδίας,
3022 2392 3157 2444 ὅπου
3202 2408 3267 2459 γε
3314 2390 3474 2454 εἴτις
3520 2392 3613 2445 καὶ

1926 2479 2053 2548 περί
2071 2478 2177 2532 τῶν
2206 2479 2411 2550 ὀνύχων
2440 2479 2620 2532 αὑτῶν
2652 2478 2934 2550 ζητήσειε,
2966 2479 3167 2551 πολλὴν
3194 2480 3289 2534 καὶ
3318 2481 3376 2532 ἐν
3397 2479 3608 2542 τούτοις

1921 2564 2114 2634 ὄψεται
2147 2567 2246 2639 τὴν
2299 2567 2489 2636 σοφίαν
2539 2565 2636 2621 τοῦ
2683 2566 2819 2620 Θεοῦ
2863 2568 3332 2639 διαδεικνυμένην,
3369 2569 3465 2621 καὶ
3503 2566 3614 2620 ἀπὸ

1923 2653 2017 2706 τοῦ
2052 2655 2331 2726 σχήματος
2362 2655 2561 2717 αὑτῶν,
2597 2657 2691 2711 καί¹
2722 2656 2831 2711 ἀπὸ
2858 2657 2959 2727 τῆς
2990 2656 3200 2720 οὐσίας,
3232 2658 3327 2709 καὶ
3354 2655 3464 2708 ἀπὸ
3507 2655 3611 2723 τῆς

1924 2741 2146 2806 θέσεως.
2201 2744 2357 2815 Ἐνῆν
2382 2742 2437 2797 δὲ
2467 2746 2641 2798 εἰπεῖν
2669 2746 2763 2799 καὶ
2787 2745 2933 2808 τίνος
2953 2745 3140 2800 ἕνεκεν
3163 2744 3264 2798 οὑκ
3292 2743 3608 2814 ἰσόμετροιά

1922 2829 2122 2895 πάντες
2149 2833 2281 2902 ἡμῖν
2308 2834 2445 2886 εἰσιν
2472 2834 2521 2885 οἰ
2567 2832 2842 2897 δάκτυλοι,
2891 2834 2987 2886 καὶ
3013 2832 3186 2886 πολλὰ
3206 2832 3370 2901 ἕτερα
3394 2830 3604 2883 τούτων

1923 2914 2076 2991 [120]
2118 2919 2374 2974 πλείονα·
2406 2920 2522 2974 ἀλλ’
2552 2921 2870 2992 ἀρκούντως
2910 2922 3005 2974 καὶ
3046 2922 3112 2974 ἐκ
3157 2921 3266 2974 τῶν
3300 2920 3607 2992 εἰρημένων

1920 3009 2032 3069 τοῖς
2080 3006 2321 3060 ἐθέλουσι
2355 3009 2644 3078 προσέχειν
2684 3012 2718 3080 ἡ
2767 3010 2931 3079 σοφία
2968 3008 3063 3062 τοῦ
3100 3009 3610 3079 δημιουργήσαντος

1921 3093 2069 3164 ἡμᾶς
2092 3095 2391 3166 διαλάμπει
2421 3096 2558 3149 Θεοῦ
2581 3116 2593 3127 ·
2625 3097 2816 3168 διόπερ
2851 3097 3011 3165 ἀφεὶς
3033 3096 3190 3149 τοῦτο
3217 3093 3277 3148 τὸ
3304 3097 3470 3166 μέρος
3495 3097 3610 3158 τοῖς

1922 3183 2233 3250 φιλοπόνοις
2278 3183 2678 3253 ἐξεργάσασθαι
2735 3184 2872 3256 μετὰ
2923 3184 3231 3255 ἀκριϐείας,
3282 3184 3367 3253 ἐφ’
3415 3185 3607 3254 ἑτέραν

1918 3269 2192 3325 ἀντίθεσιν
2220 3271 2511 3343 τρέψομαι.

1990 3358 2053 3413 δ’.
2077 3360 2187 3414 Καὶ
2218 3360 2328 3432 γὰρ
2354 3361 2539 3416 πολλοί
2568 3361 2828 3433 μετὰτῶν
2845 3363 3151 3433 εἰρημένων
3177 3358 3393 3414 κάκεῖνο
3406 3359 3606 3415 ἀντιλέ-

1918 3460 2107 3514 γουσν
2144 3450 2209 3503 Τί
2253 3451 2475 3521 δήποτε,
2513 3452 2560 3503 εί
2596 3450 2849 3521 βασιλεὺς
2872 3451 2981 3504 τῶν
3024 3450 3236 3519 ἀλόγων
3274 3453 3421 3503 ἐστὶν
3454 3451 3482 3501 ό
3514 3448 3607 3502 ἄν⁴⁵

1920 3534 2158 3609 θρωπος,
2189 3540 2282 3593 καὶ
2316 3535 2477 3613 ῥώμῃ
2530 3541 2625 3593 καὶ
2673 3539 2894 3612 ὀξύτητι
2936 3540 3032 3593 καὶ
3075 3539 3233 3610 τάχει
3285 3536 3457 3591 πολλὰ
3495 3536 3611 3591 τῶν

1920 3624 2073 3689 ζώων
2099 3628 2264 3681 αὑτοῦ
2296 3629 2609 3683 πλεονεκτεῖ
2640 3640 2663 3668 ε
2689 3645 2702 3695 ;
2735 3628 2830 3681 καὶ
2858 3628 2967 3700 γὰρ
2994 3628 3290 3701 ταχύτερον
3318 3627 3482 3688 ἵππος
3514 3628 3607 3679 ἁν-

1920 3711 2160 3784 θρὼπου,
2186 3733 2278 3770 και
2314 3715 2713 3787 τλητικώτερον
2753 3716 2899 3786 βοῦς,
2926 3716 3022 3769 καὶ
3053 3718 3384 3786 κουφότερον
3426 3712 3603 3775 ἀετὸς,

1919 3802 2014 3855 καὶ
2044 3804 2391 3874 ίοχυρότερον
2418 3804 2575 3857 λέων.
2618 3804 2683 3856 Τί
2713 3801 2808 3857 οῦν
2837 3805 2903 3857 ἂν
2933 3804 3186 3873 εἴποιμεν
3218 3803 3355 3873 πρὸς
3397 3800 3565 3854 ταῦτα
3592 3814 3611 3857 ξ

1922 3888 2043 3943 Ὀτι
2077 3890 2170 3943 καὶ
2200 3890 2451 3943 ἐντεῦθεν
2491 3890 2725 3959 μάλιστα
2766 3889 3025 3959 εἰσόμεθα
3066 3889 3162 3941 τοῦ
3192 3888 3327 3941 Θεοῦ
3374 3887 3473 3958 τὴν
3516 3903 3606 3939 σο-

1918 3979 2069 4046 φίαν,
2100 3979 2194 4032 καὶ
2223 3978 2321 4049 τὴν
2355 3979 2519 4049 τιμὴν
2566 3979 2633 4048 ἢν
2674 3979 2823 4049 ἡμᾶς
2860 3976 3110 4047 ἐτίμησε.
3147 3976 3458 4045 Ταχύτερον
3506 3974 3609 4043 μὲν

1917 4065 2025 4138 γὰρ
2072 4065 2236 4130 ἵππος
2265 4065 2577 4138 ἀνθρώπου,
2614 4066 2730 4120 ἀλλ’
2761 4069 2842 4131 εἰς
2865 4064 3178 4136 ἀποδημίας
3210 4064 3375 4132 τάχος
3419 4062 3604 4131 ἐπιτη·

1917 4153 2184 4227 δειότερον
2210 4155 2494 4227 ἄνθρωπος
2525 4154 2691 4208 ἵππου
2713 4173 2728 4188 ·
2761 4155 2928 4218 ἵππος
2955 4156 3052 4225 μὲν
3079 4153 3207 4226 γὰρ,
3245 4152 3351 4207 κᾶν
3384 4149 3609 4203 πάντων

1916 4240 2175 4311 ὀξύτατος
2219 4246 2313 4298 καὶ
2351 4243 2817 4318 ἀλκιμώτατος
2852 4242 3007 4315 μόλις
3042 4243 3350 4304 διακοσίους
3377 4240 3605 4312 δραμεῖ-

1916 4349 2006 4388 ται
2048 4334 2148 4405 τῆς
2192 4333 2404 4406 ἡμέρας
2447 4333 2728 4396 σταδίους’
2770 4332 3055 4404 ἅνθρωπος
3080 4333 3136 4386 δὲ
3182 4318 3483 4396 ὑποζεύξας
3514 4331 3602 4382 I7:-

1919 4440 2054 4487 πους
2076 4425 2140 4476 ἐκ
2159 4422 2411 4492 διαδοχῆς
2433 4421 2681 4486 πολλοὺς,
2712 4421 2806 4475 καὶ
2835 4420 3130 4490 δισχιλίους
3164 4419 3450 4490 δυνήσεται
3477 4434 3603 4469 στα-

1917 4510 2064 4575 δίους
2107 4511 2372 4564 διανύσαι.
2414 4511 2577 4563 Ὥστε
2626 4511 2767 4580 ὅπερ
2815 4508 3011 4579 ἐκείνῳ
3037 4507 3098 4560 τὸ
3149 4506 3334 4577 τάχος,
3366 4504 3540 4574 τούτῳ
3571 4506 3601 4557 ό

1918 4599 2174 4669 λογισμὸς
2210 4600 2304 4652 καὶ
2329 4601 2359 4669 ἠ
2395 4598 2560 4669 τέχνη
2587 4598 2831 4669 παρέσχε
2858 4595 2997 4668 μετά
3025 4594 3270 4657 πλείονος
3298 4592 3400 4657 τῆς
3432 4593 3601 4662 ὑπερ⁹

1918 4687 2079 4758 ϐολῆς
2099 4704 2114 4720 ·
2144 4687 2245 4739 οὐκ
2270 4686 2382 4757 ἔχει
2415 4687 2513 4758 μὲν
2553 4685 2664 4757 γὰρ
2703 4685 2871 4749 πόδας
2902 4684 3155 4754 ἰσχυροὺς
3186 4680 3205 4719 ί
3234 4683 3264 4734 ὀ
3290 4679 3595 4751 ἄνθρωπος,

1917 4774 2106 4847 ὥσπερ
2152 4777 2388 4840 ἐκεῖνος,
2425 4774 2540 4844 ἔχει
2586 4775 2644 4828 δὲ
2692 4774 2817 4836 τοὺς
2866 4772 3076 4826 ἐκείνου
3116 4768 3224 4822 τῶν
3254 4766 3449 4820 ἑαυτοῦ
3497 4768 3597 4820 οὑκ

1919 4864 2141 4917 ἔλαττον
2167 4862 2317 4934 αὑτῷ
2339 4859 2809 4932 διακονουμένους.
2835 4859 2957 4912 Τῶν
2983 4859 3080 4929 μὲν
3105 4856 3213 4927 γὰρ
3240 4856 3450 4923 ἀλόγων
3476 4854 3597 4908 οὐδὲ

1919 4950 1976 5006 ἓν
2004 4951 2158 5017 ζώων
2191 4951 2377 5023 ἓτερον
2405 4951 2542 5022 πρὸς
2576 4950 2674 5020 τὴν
2715 4947 2909 5001 ἐαυτοῦ
2953 4944 3145 5017 χρείαν
3175 4942 3470 5007 ὑποζεῦξαι
3501 4941 3594 4995 δύ-

1917 5057 2095 5103 ναται,
2125 5040 2155 5091 ὀ
2176 5038 2231 5093 δὲ
2256 5038 2542 5109 ἄνθρωπος
2569 5038 2747 5091 πάντα
2776 5035 2973 5094 ἔπεισι,
2999 5031 3092 5086 καὶ
3112 5032 3200 5085 διὰ
3223 5032 3322 5101 τῆς
3345 5030 3596 5100 ποικίλης

1917 5127 2111 5197 τέχνης
2148 5126 2250 5195 τῆς
2290 5125 2439 5196 παρά
2478 5124 2574 5178 τοῦ
2612 5123 2747 5177 Θεοῦ
2793 5121 3040 5194 δοθείσης
3083 5119 3270 5192 αὐτῷ,
3320 5122 3456 5191 πρὸς
3493 5119 3592 5190 τὴν

1921 5214 2156 5285 μάλιστα
2185 5215 2569 5285 προσήκουσαν
2596 5210 2747 5281 αὑτῷ
2789 5210 3101 5280 οἰκονομίαν
3125 5209 3358 5263 ἕκαστον
3393 5207 3591 5273 ὑπάγει

1916 5302 2026 5354 τῶν
2056 5299 2229 5366 ζώων.
2271 5300 2334 5353 Εἰ
2375 5300 2433 5353 δὲ
2463 5295 2604 5371 ἦσαν
2631 5298 2804 5361 οὑτως
2851 5298 3063 5370 ἰσχυροὶ
3089 5298 3138 5351 οἱ
3173 5298 3330 5360 πόδες
3359 5297 3468 5350 τῶν
3495 5298 3592 5349 ἀνι

1918 5389 2151 5462 θρώπων
2174 5389 2249 5451 ὡς
2277 5390 2326 5441 οἱ
2353 5387 2462 5441 τῶν
2484 5388 2686 5450 ἵππων.
2712 5386 2849 5457 πρὸς
2879 5386 3041 5458 ἕτερα
3063 5384 3130 5439 ἂν
3156 5387 3402 5455 ἐγένοντο
3420 5381 3591 5453 ἀχρηι

1920 5495 2054 5539 στοι,
2088 5476 2224 5547 πρὸς
2265 5474 2593 5547 δυσχωρίας,
2641 5474 2780 5546 πρὸς
2828 5474 3157 5544 ἀκρωρείας.
3202 5471 3338 5542 πρὸς
3384 5468 3589 5523 ἀναϐά-

1918 5584 2029 5630 σεις
2057 5564 2321 5637 δένδρων·
2372 5566 2406 5635 ή
2443 5564 2551 5635 γὰρ
2582 5561 2721 5633 ὁπλὴ
2753 5564 2875 5625 ταῖς
2904 5561 3041 5632 πρὸς
3070 5560 3140 5613 τὰ
3188 5556 3415 5612 τοιαῦτα
3448 5556 3590 5627 βαδί-

1916 5671 2068 5708 σεσιν
2126 5652 2440 5723 ἐμποδίζειν
2487 5652 2697 5707 εἴωθεν.
2744 5652 2908 5704 Ὥστε
2954 5651 3004 5703 εί
3046 5649 3138 5703 καὶ
3169 5645 3508 5719 ἁπαλώτεροι
3540 5644 3590 5698 οι
3649 5690 3665 5708 ,

1916 5740 2078 5804 πόδες
2111 5741 2311 5803 αὐτῶν,
2352 5739 2487 5795 ἀλλά
2522 5740 2657 5810 πρὸς
2684 5739 2904 5803 πλείους
2927 5737 3349 5808 ἐπιτηδειότεροι
3377 5734 3589 5808 χρείας,

1916 5829 2011 5883 καὶ
2041 5827 2167 5883 οὔτε
2194 5828 2287 5884 διά
2314 5829 2415 5897 τὴν
2447 5828 2730 5883 ἀσθένειάν
2757 5845 2810 5880 τι
2851 5825 3194 5897 βλάπτονται,
3226 5823 3328 5893 τῆς
3358 5823 3455 5879 τοῦ
3501 5824 3593 5876 τπο

1980 5949 2440 6017 (μίλιίἱξσὸμηκοι.Δ
2509 6010 2521 6017 _
2577 6011 2588 6017 _
2752 6012 2797 6017 __
2895 6013 2905 6017 Α
3104 6011 3157 6017 __
3294 6009 3361 6017 Η
3464 6007 3516 6017 Η

1983 6014 2011 6075 °_
2043 6014 2127 6075 Sic
2149 6007 2299 6062 Sav'ill
2321 6020 2373 6061 et
2394 6010 2588 6075 plurimi
2610 6024 2721 6061 mss.
2752 6012 2926 6061 Morel.
2954 6026 3073 6064 vero
3101 6011 3234 6070 ζώων
3255 6009 3397 6062 αὐτὸν
3428 6007 3587 6057 πλέον.

1990 6066 2011 6110 ί
2041 6073 2190 6127 Savil.
2217 6081 2272 6126 οι
2295 6076 2379 6127 alii
2396 6066 2600 6137 'quidam
2623 6075 2966 6137 ἰσχυροτέρους.
