4068 6442
194 365 295 421 £25

191 479 328 531 natio
348 489 402 530 et
426 491 537 539 ars,
571 490 668 545 per
712 489 870 545 quam
928 487 1141 543 possum
1194 475 1369 525 nuntia
1414 473 1642 525 volantia
1689 471 1782 526 de—

192 569 409 623 trahere
437 567 689 620 animalia
717 576 772 621 ct
801 579 1011 634 capere.
1036 565 1088 619 Si
1114 580 1240 618 vero
1269 565 1347 617 vis
1367 573 1419 616 et
1445 565 1582 617 alam
1611 579 1782 617 meam

193 661 399 715 videre:
424 659 599 714 habeo
620 659 709 712 illa
737 658 905 712 multo
935 657 1211 718 leviorem,
1244 671 1347 709 non
1381 671 1546 725 usque
1567 655 1632 709 ad
1665 666 1744 709 sta

192 752 275 805 dia
309 751 523 815 decem,
552 750 635 804 vel
667 745 876 823 viginti.
908 762 1006 802 nec
1030 748 1278 816 usquead
1300 747 1508 805 emittm.
1542 746 1634 801 sed
1691 761 1779 796 sn-

191 859 289 914 per
332 843 505 911 ipsum
531 840 719 896 cadum
748 841 1044 895 evolantem
1074 849 1126 892 et
1153 854 1314 907 super
1337 838 1526 892 cretum
1566 836 1684 891 mali
1712 852 1790 889 sn-

197 933 407 1001 pcrius,
439 932 527 987 ubi
557 941 638 986 est
657 931 899 986 Christus
926 931 975 983 in
1002 916 1186 983 dextra
1230 929 1320 983 Dei
1369 928 1580 983 sedens.
1631 930 1790 982 Bruta

193 1039 415 1077 rursum
449 1024 498 1076 in
529 1038 755 1092 corpore
778 1030 968 1091 gerunt
1012 1036 1158 1074 arma
1195 1038 1206 1074 :
1259 1028 1383 1089 puta
1431 1020 1523 1074 bos
1569 1035 1787 1084 cornua,

190 1114 389 1168 dentes
406 1129 557 1184 aper,
584 1129 783 1183 ungues
810 1114 890 1168 leo
921 1132 936 1178 ;
967 1111 1096 1165 mihi
1142 1127 1268 1165 vero
1299 1126 1403 1165 non
1453 1112 1503 1165 in
1550 1111 1792 1180 corporis

192 1216 390 1260 natura
422 1207 561 1260 Deus
587 1220 734 1258 arma
786 1204 1042 1274 reposuit,
1089 1203 1182 1258 sed
1240 1212 1391 1257 extra
1429 1217 1622 1272 corpus
1648 1243 1660 1262 .
1693 1201 1789 1255 de.

193 1306 507 1350 monstrans
527 1295 666 1365 quod
696 1295 1041 1349 animalmite
1086 1294 1156 1348 sit
1197 1293 1377 1360 homo,
1423 1292 1639 1362 etquod
1686 1308 1791 1347 non

194 1387 332 1441 mihi
378 1401 592 1455 semper
617 1387 804 1439 horum
837 1396 1045 1454 tempus
1087 1400 1359 1439 armorum
1395 1400 1410 1437 :
1444 1385 1639 1440 etenim
1690 1384 1795 1439 frc-

195 1489 435 1547 quentcr
474 1477 684 1547 quidem
728 1477 836 1546 ip-a
888 1478 1133 1545 depono,
1191 1493 1569 1548 nonnunquam
1616 1486 1790 1531 autem

200 1570 455 1626 omnibus
475 1585 649 1624 sumo.
688 1569 755 1626 Et
787 1569 944 1640 igitur
972 1570 1104 1625 liber
1137 1579 1189 1624 et
1236 1569 1512 1624 absolutus
1556 1568 1677 1634 sim,
1726 1585 1794 1624 uc

197 1675 422 1729 semper
444 1669 655 1732 gestare
678 1675 838 1728 cogar
874 1675 1046 1726 arma,
1079 1675 1110 1714 a
1160 1671 1346 1714 natura
1377 1676 1494 1715 mea
1548 1669 1790 1730 separata

199 1751 331 1806 fecit
368 1753 483 1823 ipsa
528 1753 683 1809 Deus.
742 1753 857 1806 Non
912 1753 1055 1808 enim
1104 1761 1330 1817 tantum,
1378 1754 1498 1824 quia
1549 1764 1792 1808 naturam

199 1840 466 1897 habemus
490 1843 825 1907 rationalem,
871 1842 1028 1898 bruta
1053 1858 1386 1914 superamus,
1437 1844 1530 1899 sed
1574 1841 1795 1900 eteor-

200 1950 333 2002 pore
360 1935 491 2003 ipsis
514 1945 861 2003 praestamus:
915 1943 967 1988 et
995 1933 1097 1990 hoc
1123 1937 1265 1988 enim
1294 1936 1485 1990 anima:
1523 1936 1796 2005 generosi-

201 2028 299 2080 tati
350 2026 692 2092 conveniens,
768 2033 823 2081 et
871 2026 1133 2081 mandatis
1182 2025 1300 2096 ejus
1345 2026 1595 2081 idoneum
1653 2028 1795 2082 Deus

200 2117 565 2187 prmparavit:
597 2117 794 2171 etcnim
818 2132 1011 2186 corpus
1041 2117 1144 2170 tale
1164 2133 1269 2173 nor.
1293 2126 1490 2172 temere
1513 2118 1657 2185 fecit,
1700 2120 1793 2173 sed

200 2211 362 2280 quale
385 2210 544 2264 decet
562 2224 681 2263 esse
721 2209 965 2263 rationali
1002 2219 1201 2263 natura:
1229 2208 1537 2264 ministrans
1586 2226 1597 2260 :
1653 2209 1794 2279 quod

202 2303 308 2357 nisi
339 2302 443 2356 tale
471 2308 635 2367 esset,
671 2302 1013 2356 vehementer
1042 2301 1308 2370 impeditae
1339 2301 1571 2356 fuissent
1602 2304 1795 2357 anima:

203 2394 590 2462 Operationes;
628 2403 681 2448 et
731 2392 833 2447 hoc
869 2408 934 2448 ex
981 2393 1381 2464 :rgritudinibns
1433 2393 1795 2454 manifestum.

204 2485 259 2539 Si
286 2485 430 2540 enim
461 2485 727 2539 modicum
759 2485 882 2554 quid
908 2500 938 2538 a
972 2500 1181 2554 propria
1219 2484 1599 2539 constitutiooe
1646 2501 1797 2539 aver-

207 2585 348 2629 tatur
376 2578 490 2645 ipse
519 2577 697 2631 carnis
740 2586 929 2642 status,
961 2575 1141 2629 multa:
1167 2591 1230 2630 ex
1287 2576 1477 2629 anima:
1527 2577 1798 2645 operatio-

207 2667 365 2721 nibus
390 2666 770 2736 impediuntur,
804 2675 925 2735 puta
957 2666 999 2718 si
1028 2665 1250 2719 calidius
1281 2665 1365 2720 vel
1420 2665 1658 2737 frigidius
1711 2682 1798 2721 ce-

210 2758 424 2813 rebrum
454 2758 561 2812 ﬁat.
585 2757 766 2828 Itaque
795 2765 849 2811 et
873 2773 934 2810 ex
962 2772 1186 2826 corpore
1214 2757 1431 2810 muham
1476 2757 1568 2811 Dei
1621 2759 1799 2827 provi-

209 2852 444 2906 dentiam
476 2866 695 2905 ccrncre
724 2850 865 2916 licet,
894 2866 997 2904 non
1028 2860 1229 2903 tantum
1257 2852 1506 2918 quoniam
1535 2850 1603 2905 ab
1650 2851 1799 2905 initio

208 2943 383 3010 ipsum
414 2942 798 3010 melius,quam
827 2955 967 2994 nunc
993 2949 1093 3005 est,
1140 2940 1278 2993 Deus
1330 2939 1474 3005 fecit,
1521 2940 1614 2994 sed
1667 2956 1797 3010 quo-

208 3035 353 3087 niam
382 3042 437 3087 et
462 3032 527 3086 ad
555 3033 778 3103 gloriam
813 3031 977 3085 multo
1005 3031 1258 3100 majorem
1306 3046 1515 3085 rursum
1567 3031 1793 3085 resusci-

210 3127 367 3180 tabit.
395 3124 449 3179 Si
484 3140 606 3178 vero
632 3132 688 3178 et
711 3123 925 3178 aliunde
964 3123 1171 3178 discere
1211 3124 1309 3187 vis,
1352 3131 1602 3193 quantam
1665 3124 1801 3177 Deus

211 3217 530 3286 sapientiam
554 3217 693 3270 circa
723 3230 918 3284 corpus
947 3214 1409 3279 demonstraverit,
1457 3213 1630 3268 dicam
1679 3215 1798 3279 hoc,

212 3310 356 3379 quod
383 3311 617 3364 omnium
640 3310 868 3364 maxime
891 3309 1083 3363 Paulus
1104 3307 1355 3361 admirari
1398 3306 1611 3361 assidue
1651 3306 1801 3360 vidc-

214 3411 319 3456 tor.
373 3400 511 3469 Quid
556 3409 733 3455 autem
774 3401 875 3456 hoc
931 3400 1053 3454 est?
1099 3398 1333 3453 Membra
1379 3399 1603 3453 alterum
1649 3400 1802 3454 alteri

216 3505 471 3563 pra-Stare
493 3489 637 3557 fecit,
670 3508 774 3545 non
805 3491 855 3544 in
885 3491 1090 3556 iisdem,
1123 3490 1216 3544 sed
1248 3489 1362 3544 haec
1416 3489 1629 3559 quidem
1681 3490 1804 3561 pul-

216 3583 519 3643 chritudine
539 3588 829 3657 prazvalcre
856 3587 1059 3654 statuit,
1087 3586 1176 3639 illa
1196 3600 1321 3640 vero
1352 3584 1545 3639 robore
1579 3601 1592 3637 :
1653 3595 1802 3655 puta,

215 3682 442 3751 pulcher
465 3683 672 3759 oculus,
702 3681 796 3735 sed
827 3681 1072 3736 fortiores
1102 3681 1265 3750 pedes
1293 3698 1304 3732 :
1332 3680 1621 3750 pretiosum
1649 3688 1808 3748 eaput

188 3796 191 3799 λ
221 3774 317 3828 sed
364 3773 543 3827 dicere
569 3790 671 3827 non
698 3781 869 3842 potest
900 3772 1142 3841 pedibus,
1171 3772 1321 3826 vobis
1346 3786 1479 3841 opus
1506 3785 1609 3824 non
1638 3769 1807 3825 habeo

217 3870 234 3932 (
263 3865 315 3918 l.
350 3864 468 3918 Cor.
504 3864 588 3919 l2.
616 3865 677 3918 2|
711 3864 754 3937 ).
788 3864 901 3920 Hoc
929 3873 985 3920 et
1013 3865 1065 3919 in
1084 3865 1254 3923 brutis
1279 3879 1498 3917 cernere
1524 3862 1667 3926 licet,
1701 3861 1806 3917 hoc

217 3968 275 4013 et
300 3959 352 4013 in
386 3967 495 4013 tota
520 3960 719 4034 pariter
739 3960 863 4013 vita.
888 3959 999 4013 Rex
1029 3959 1184 4028 igitur
1206 3957 1432 4011 subditis
1453 3971 1588 4026 Opus
1622 3954 1802 4021 habet,

218 4051 419 4106 subditi
452 4067 594 4121 rege,
625 4054 759 4107 sicut
781 4060 941 4120 caput
961 4049 1203 4120 pedibus.
1230 4051 1296 4104 Et
1316 4064 1525 4103 rursum
1558 4050 1609 4102 in
1639 4046 1810 4101 brutis

218 4144 339 4199 lucc
376 4145 589 4215 quidem
634 4156 757 4200 sunt
803 4145 1042 4209 fortiora,
1084 4142 1199 4198 lucc
1245 4151 1423 4197 autem
1439 4138 1808 4208 speciosiora;

220 4236 332 4291 luet
366 4253 465 4290 nos
489 4236 773 4301 delectant,
803 4236 917 4290 hzec
945 4243 1122 4290 autem
1184 4233 1437 4287 amiciunt
1464 4249 1477 4286 :
1519 4241 1641 4303 puta
1665 4231 1812 4286 delc-

220 4335 335 4383 ctat
366 4343 533 4397 pavo,
582 4328 819 4383 nutriunt
847 4327 1055 4396 gallina:
1080 4340 1143 4379 ac
1171 4339 1327 4390 sues;
1360 4340 1485 4377 oves
1511 4332 1685 4377 autem
1718 4337 1810 4377 ve-

219 4420 391 4473 stiunt
418 4428 473 4473 et
497 4434 690 4488 caprae,
710 4418 1037 4473 collaborant
1065 4416 1161 4470 bos
1182 4422 1237 4469 et
1258 4414 1456 4468 asinus.
1475 4413 1608 4468 Sunt
1634 4423 1811 4467 autem

220 4522 278 4566 et
299 4512 426 4577 alia,
454 4512 786 4581 qutuhorum
842 4510 1053 4580 quidem
1081 4509 1206 4562 nihil
1253 4507 1509 4577 prsebeut,
1556 4515 1814 4562 exercent

221 4613 407 4657 autem
427 4603 672 4657 virtutem
696 4611 956 4667 nostram,
998 4609 1057 4655 ut
1077 4600 1203 4654 fera:
1253 4608 1563 4653 venatorum
1619 4605 1816 4667 augent

222 4693 587 4749 fortitudinem
627 4702 682 4748 et
725 4695 915 4747 timore
968 4708 1135 4760 genus
1180 4699 1419 4745 nostrum
1442 4689 1711 4755 erudiunt,
1761 4696 1816 4742 et

224 4788 434 4840 cautius
453 4787 701 4849 reddunt,
725 4803 823 4841 nec
846 4785 1109 4857 modicum
1136 4784 1200 4838 ad
1226 4783 1539 4838 medicinam
1561 4782 1813 4837 tributum

225 4879 387 4933 nobis
411 4878 476 4932 de
499 4880 724 4948 propriis
747 4878 1027 4933 conferunt
1058 4878 1330 4932 membris.
1360 4875 1541 4946 Itaque
1566 4891 1687 4932 cum
1720 4875 1814 4930 tibi

225 4971 350 5040 quis
377 4971 588 5037 dixerit,
612 4970 878 5040 quomodo
902 4969 1176 5023 brutorum
1198 4984 1257 5023 es
1304 4967 1572 5033 dominus,
1625 4982 1714 5035 qut
1747 4966 1812 5019 tio

226 5076 347 5115 mes
370 5061 620 5115 leonem?
656 5059 919 5130 responde
953 5060 1019 5114 ab
1048 5059 1198 5112 initio
1221 5073 1325 5112 non
1361 5058 1431 5110 ita
1482 5072 1541 5110 se
1590 5072 1679 5111 res
1721 5055 1818 5108 ha-

228 5155 431 5219 buisse,
454 5154 665 5225 quando
710 5154 849 5223 apud
902 5154 1068 5208 Deum
1121 5152 1175 5207 in
1225 5150 1618 5205 existimatione
1665 5158 1819 5204 erant

230 5244 478 5301 homines
498 5284 517 5311 ,
545 5246 755 5315 quando
781 5244 833 5298 in
856 5243 1105 5313 paradiso
1133 5242 1478 5296 morabantur
1504 5256 1519 5304 ;
1542 5241 1634 5296 sed
1670 5251 1817 5311 post-

230 5349 393 5404 quam
418 5335 699 5390 Dominum
728 5335 944 5400 otl‘endi,
978 5332 1146 5389 servis
1176 5332 1344 5386 factus
1371 5349 1487 5386 sum
1516 5332 1812 5398 obnoxius,

231 5435 546 5481 nontamen
583 5426 824 5494 omnino,
884 5426 977 5481 sed
1022 5425 1191 5479 habeo
1231 5424 1459 5494 aliquam
1504 5433 1674 5476 artem
1723 5437 1818 5492 per

229 5533 389 5587 quam
411 5515 555 5571 feras
575 5517 950 5586 supercm.Sie
977 5518 1111 5571 etin
1168 5516 1415 5571 domibus
1458 5516 1663 5584 magnis
1716 5530 1817 5569 usu

229 5607 395 5674 venit,
422 5616 478 5663 ut
506 5607 622 5671 lilii,
651 5608 890 5677 quamvis
912 5608 1118 5663 nobiles
1145 5607 1271 5672 sint,
1315 5605 1441 5660 dum
1487 5620 1674 5675 parum
1720 5620 1814 5659 va-

229 5700 337 5756 teut
363 5699 705 5763 auctoritate,
759 5714 1031 5754 servorum
1081 5698 1277 5753 multos
1315 5696 1636 5759 formident;
1692 5712 1814 5750 cum

222 5806 404 5852 autent
433 5792 867 5866 ctpeccavcrint,
890 5790 1055 5848 multo
1084 5789 1252 5863 magis
1290 5787 1527 5846 anxietas
1575 5785 1814 5843 intenda-

1218 361 1307 415 AD
1331 357 1664 417 'POPULUM
1701 357 2182 415 ANTIOCHENUM
2242 354 2469 413 HOMIL.
2503 355 2592 411 χι.

3380 362 3479 415 196

1892 481 1994 525 tur.
2030 471 2152 524 Haec
2175 480 2228 526 et
2255 469 2321 525 de
2343 471 2678 540 serpentibus
2703 480 2757 527 et
2772 474 2993 542 scorpiis
3019 482 3074 530 et
3114 475 3310 544 viperis
3352 479 3471 533 littt‘l

1890 564 2090 635 dicere,
2115 562 2255 632 quod
2278 574 2493 632 prepter
2520 574 2793 633 peccatum
2824 567 2978 621 nobis
3000 567 3107 621 sint
3138 569 3423 625 terribiles.

1962 656 2016 710 5.
2051 653 2161 708 Nec
2182 669 2313 708 vero
2344 663 2543 708 tantum
2577 655 2627 708 in
2664 670 2887 724 corpore
2928 666 3111 712 nostro
3149 661 3473 715 conditioni-

1894 748 2098 816 husque
2136 748 2333 812 variis,
2372 756 2426 802 et
2472 747 2524 801 in
2566 748 2754 813 brutis,
2796 764 2979 804 verum
3013 760 3067 805 et
3108 752 3158 805 in
3204 753 3483 809 arboribus

1893 839 2204 892 varietatem
2230 840 2365 893 hanc
2394 848 2638 908 spectare
2660 842 2801 907 licet,
2829 852 2883 898 et
2908 845 3142 898 omnium
3170 847 3484 902 vilissimum

1895 943 2038 998 smpe
2067 930 2248 985 videas
2279 932 2536 1000 majorem
2567 947 2843 1002 superare,
2880 950 2977 990 nec
3004 937 3180 990 omnia
3214 939 3263 991 in
3294 940 3475 1010 singu-

1895 1020 1961 1075 lis
1990 1036 2139 1089 esse,
2187 1032 2243 1077 ut
2285 1024 2461 1078 omnia
2505 1026 2657 1080 nobis
2696 1027 2798 1081 sint
2835 1032 3170 1096 necessaria,
3203 1043 3255 1086 et
3282 1036 3481 1087 variam

1900 1111 2109 1166 Domini
2144 1115 2453 1169 noverimus
2481 1118 2815 1186 sapientiam.
2846 1120 2963 1174 Noli
2996 1122 3154 1191 igitur
3185 1124 3347 1178 Deum
3375 1143 3487 1193 pro-

1896 1212 2016 1272 pter
2041 1206 2281 1275 corporis
2304 1210 2695 1277 corruptionem
2723 1225 2994 1279 accusare,
3020 1214 3111 1268 sed
3146 1225 3362 1285 propter
3385 1217 3485 1271 hoc

1896 1299 2064 1369 magis
2105 1300 2275 1370 ipsum
2325 1302 2486 1357 adora
2514 1344 2528 1369 ,
2580 1313 2634 1358 et
2675 1306 2989 1375 sapientiam
3017 1319 3063 1362 et
3099 1311 3484 1378 providmtiam

1898 1389 2065 1459 ipsius
2087 1392 2351 1448 admirare
2373 1412 2385 1448 :
2405 1396 2721 1465 sapientiam
2750 1398 2986 1468 quidem,
3015 1403 3262 1470 quoniam
3294 1404 3345 1458 in
3378 1414 3482 1458 tam

1897 1483 2229 1552 corruptibili
2269 1500 2494 1556 corpore
2530 1496 2730 1542 tantam
2760 1492 2930 1560 potuit
2964 1491 3295 1550 harmoniam
3332 1497 3488 1552 exhi-

1900 1570 2063 1639 bere;
2098 1576 2486 1644 providentiam
2537 1594 2700 1648 vero,
2729 1583 2977 1647 quoniam
3020 1585 3190 1655 ipsum
3227 1591 3488 1659 corrupti-

1900 1662 2006 1719 bile
2051 1665 2117 1720 ad
2162 1669 2353 1723 animae
2397 1669 2517 1725 fecit
2566 1673 2880 1738 utilitatem,
2930 1685 2983 1728 ut
3023 1676 3185 1746 ipsius
3224 1687 3487 1736 tumorem

1898 1759 2212 1828 eomprimat
2238 1802 2251 1825 ,
2291 1771 2346 1817 et
2374 1764 2678 1831 superbiam
2707 1768 2947 1838 castiget.
2984 1770 3157 1837 Quare
3198 1773 3352 1843 igitur
3382 1790 3487 1828 non

1898 1851 1966 1904 ab
1990 1851 2140 1905 initio
2169 1852 2340 1922 ipsum
2371 1854 2477 1912 tale
2505 1855 2631 1910 fecit
2659 1857 2796 1912 Deus
2823 1900 2838 1925 ,
2870 1859 3036 1929 inquit
3061 1861 3288 1931 aliquis?
3311 1865 3489 1918 Excu-

1899 1958 2023 1998 sans
2050 1959 2109 1998 se
2138 1946 2228 1999 tibi
2257 1961 2352 2015 per
2382 1947 2492 2016 ipsa
2520 1963 2703 2018 opera,
2731 1960 2783 2005 et
2811 1961 3012 2007 tantmn
3038 1970 3142 2009 non
3159 1956 3351 2015 dicens
3386 1973 3481 2028 per

1900 2044 2148 2089 eventum
2178 2053 2191 2090 :
2227 2036 2341 2108 Ego
2369 2038 2584 2108 quidem
2617 2048 2669 2095 te
2698 2041 2762 2095 ad
2804 2043 3060 2113 majorem
3091 2047 3341 2101 vocabam
3385 2049 3485 2102 ho-

1900 2143 2108 2195 norem,
2140 2137 2196 2184 tu
2224 2146 2352 2185 vero
2383 2132 2607 2202 teipsum
2640 2149 2861 2189 munere
2885 2136 3157 2207 indignum
3187 2140 3485 2207 reddidisti,

1900 2222 2148 2289 paradiso
2192 2223 2477 2289 excideris;
2509 2235 2874 2282 verumtamen
2908 2245 3078 2300 neque
3120 2231 3197 2286 sic
3238 2242 3288 2286 te
3315 2212 3490 2303 despi-

1900 2314 2059 2379 ciam,
2093 2316 2186 2370 sed
2233 2330 2506 2386 peccatmu
2541 2330 2685 2374 tuum
2716 2324 2992 2393 corrigens
3023 2324 3072 2379 in
3102 2325 3293 2379 coelum
3325 2327 3489 2381 redu-

1901 2420 2040 2459 cam.
2074 2407 2282 2462 Etenim
2319 2420 2598 2480 propterca
2631 2421 2680 2468 tc
2713 2413 2984 2469 tabescere
3009 2426 3059 2468 et
3080 2418 3347 2486 corrumpi
3379 2427 3493 2471 tan-

1904 2504 2013 2550 tum
2065 2500 2319 2567 temporis
2369 2503 2623 2571 permisi,
2674 2513 2731 2561 ut
2781 2504 2832 2558 in
2885 2506 3142 2576 temporis
3194 2509 3493 2577 prolixitan

1903 2587 2145 2641 stabilis'
2181 2590 2271 2642 tibi
2319 2592 2409 2644 liat
2440 2591 2753 2647 humilitatis
2783 2595 3059 2664 disciplina
3080 2638 3093 2660 ,
3127 2609 3179 2651 et
3206 2614 3492 2668 numquam

1903 2682 2135 2750 priorem
2182 2698 2423 2738 resumas
2468 2694 2722 2742 mentem.
2772 2686 2873 2741 Pro
2917 2687 2999 2743 his
3043 2690 3291 2743 omnibus
3341 2691 3495 2759 igitur

1903 2773 2098 2842 gratias
2119 2788 2337 2843 agamus
2363 2774 2592 2846 benigno
2621 2778 2747 2843 Deo,
2778 2787 2829 2832 et
2858 2794 2953 2848 pro
2981 2780 3068 2834 tali
3110 2796 3234 2836 cura
3270 2782 3494 2853 gratiam

1906 2862 2285 2931 rependamns,
2318 2882 2436 2936 quae
2461 2868 2611 2922 nobis
2641 2869 2798 2923 etiam
2830 2871 2897 2925 sit
2936 2872 3076 2925 utilis
3105 2890 3116 2926 :
3148 2882 3202 2928 et
3240 2876 3494 2942 mandati,

1905 2953 1973 3010 de
2016 2971 2121 3024 quo
2169 2957 2318 3011 vobis
2366 2961 2560 3029 saepius
2611 2961 2873 3028 disserui,
2925 2966 3158 3019 studium
3208 2964 3497 3023 habeamus

1907 3047 2216 3100 maximum.
2266 3047 2449 3118 Neque
2485 3051 2625 3104 enim
2658 3052 2911 3107 desistam
2936 3095 2948 3118 ,
2978 3055 3149 3111 donec
3176 3056 3304 3111 illud
3331 3075 3497 3127 cxpe-

1905 3138 2109 3192 dicritis
2139 3158 2151 3192 :
2185 3140 2434 3210 quoniam
2466 3140 2566 3196 hoc
2591 3157 2693 3197 non
2720 3147 2974 3213 quaeritur
2994 3162 3023 3201 a
3050 3147 3221 3213 nobis,
3248 3150 3499 3217 paucisne

1905 3244 1972 3282 an
2018 3230 2201 3286 multis
2243 3242 2457 3287 utamur
2499 3234 2989 3303 admonitionibus,
3027 3238 3122 3292 sed
3156 3248 3210 3292 ut
3236 3254 3302 3293 eo
3335 3256 3499 3310 usque

1908 3337 2223 3376 moneamus
2251 3363 2265 3389 ,
2294 3323 2466 3380 donec
2492 3324 2641 3380 vobis
2673 3328 3114 3395 persuaserimus.
3147 3328 3280 3385 Juda
3302 3330 3346 3384 is
3380 3332 3498 3400 qui-

1909 3413 2029 3469 dem
2058 3416 2195 3471 Deus
2227 3432 2322 3486 per
2363 3418 2675 3487 prophetam
2715 3419 2964 3475 dicebat:
2996 3420 3054 3477 Si
3100 3422 3169 3475 ad
3208 3423 3410 3494 judicia
3455 3433 3500 3476 et

1908 3509 2247 3563 contentiones
2261 3511 2530 3579 jejunatis,
2559 3521 2612 3564 ut
2641 3511 2761 3582 quid
2778 3512 3027 3582 jejunatis
3050 3512 3290 3584 (lsai.58.
3315 3515 3370 3568 4.
3400 3516 3452 3584 ει)
3477 3514 3500 3568 'Z

1910 3601 2013 3652 Per
2042 3616 2139 3654 nos
2165 3615 2293 3655 vero
2321 3601 2468 3656 vobis
2498 3602 2659 3669 dicet,
2685 3602 2738 3657 Si
2766 3603 2832 3657 ad
2855 3604 3158 3673 juramenta
3188 3614 3241 3660 et
3273 3607 3502 3675 perjuria

1904 3689 2194 3759 jejunatis,
2224 3703 2285 3746 ut
2311 3693 2433 3762 quid
2468 3693 2764 3761 jejunatis?
2799 3695 3081 3763 Quomodo
3122 3698 3263 3751 enim
3292 3712 3503 3754 sacrum

1911 3783 2212 3838 videbimus
2253 3785 2489 3856 pascha?
2536 3787 2804 3855 quomodo
2853 3800 3094 3842 sanetum
3152 3791 3505 3859 suscipiemus

1912 3874 2558 3946 sacriﬁcium?quomodo
2614 3878 2945 3931 mirabilibus
2992 3880 3505 3935 communicabimus

1914 3968 2185 4039 mysteriis
2218 3968 2391 4037 lingua
2423 3968 2510 4022 illa
2540 3985 2640 4038 qua
2669 3969 2765 4022 Dei
2797 3969 2963 4039 legem
2988 3970 3501 4036 conculcavcrimus,

1914 4058 2092 4128 lingua
2119 4059 2226 4125 illa,
2257 4075 2359 4129 qua
2389 4060 2623 4113 animam
2645 4060 3218 4114 contaminavcrimus?
3247 4061 3301 4116 Si
3347 4076 3505 4115 nemo
3547 4109 3554 4115 .

1914 4166 2142 4221 namque
2173 4166 2458 4221 purpuram
2490 4151 2721 4221 regalem
2756 4152 3000 4205 manibus
3035 4153 3277 4221 accipere
3324 4152 3500 4222 inqui-

1915 4242 2053 4296 natis
2095 4242 2351 4307 auderet,
2396 4241 2663 4313 quomodo
2712 4241 3045 4295 Dominicum
3089 4257 3284 4312 corpus
3328 4242 3501 4313 lingua

1917 4334 2114 4404 polluta
2145 4334 2533 4404 suscipiemus?
2561 4333 2932 4389 Juramentum
2966 4333 3105 4389 enim
3136 4333 3348 4402 maligni
3371 4375 3386 4394 ,
3414 4349 3505 4388 sa-

1916 4426 2171 4481 crificium
2204 4442 2332 4482 vero
2360 4426 2590 4483 Domini.
2627 4425 2753 4492 Qua:
2794 4426 2949 4493 igitur
2985 4426 3371 4479 communicatio
3409 4426 3508 4480 luci

1917 4518 1986 4572 ad
2028 4517 2285 4583 tenebras,
2327 4517 2403 4571 vel
2441 4532 2554 4588 qua:
2596 4517 2937 4571 convenientia
2984 4516 3182 4573 Christo
3233 4516 3299 4568 ad
3344 4514 3509 4570 Belial

1920 4610 2012 4680 (2.
2045 4608 2163 4665 Cor.
2200 4610 2254 4668 6.
2292 4610 2378 4665 H.
2410 4610 2557 4681 l5)?
2584 4609 2733 4675 Quod
2765 4609 2920 4678 igitur
2950 4607 3050 4662 hac
3078 4608 3291 4662 liberari
3320 4607 3509 4676 impie-

1921 4709 2028 4755 tate
2077 4700 2416 4765 studueritis,
2472 4699 2752 4755 manifeste
2799 4698 2944 4764 seio;
2992 4698 3087 4753 sed
3131 4698 3378 4769 quoniam
3419 4714 3511 4768 per

1919 4791 2152 4861 scipsum
2202 4806 2306 4846 non
2358 4792 2514 4846 facile
2559 4793 2783 4861 quisque
2828 4789 2954 4844 illud
2997 4790 3249 4859 cXpedire
3300 4802 3508 4859 peteSt,

1919 4884 2177 4941 faciamus
2220 4887 2463 4940 sodalitia
2503 4894 2558 4941 ct
2601 4886 2843 4941 classes:
2876 4895 2930 4940 et
2972 4886 3113 4954 quod
3158 4885 3210 4940 in
3255 4887 3511 4941 conviviis

1922 4990 2183 5046 pauperes
2213 4974 2445 5040 faciunt,
2476 4976 2726 5046 quoniam
2755 4990 2862 5030 non
2905 4983 3079 5044 potest
3107 4976 3331 5046 quisque
3366 4977 3512 5031 Solus

1922 5067 2220 5122 convivium
2254 5067 2509 5121 exhibere
2554 5065 2845 5134 perfectum
2871 5106 2886 5134 ,
2916 5067 3299 5121 convenientes
3328 5082 3515 5122 omnes

1920 5174 1986 5214 cx
2032 5157 2276 5230 symbolo
2316 5157 2615 5212 convivium
2656 5155 2940 5212 conferunt
2972 5174 2984 5210 ε
3016 5157 3118 5212 hoc
3144 5167 3195 5213 et
3225 5173 3324 5213 nos
3352 5157 3514 5214 facia-

1922 5264 2062 5317 mus,
2089 5247 2299 5317 quando
2325 5262 2421 5317 per
2450 5259 2548 5300 nos
2570 5245 2714 5315 ipsos
2746 5247 2938 5316 torpidi
2967 5263 3153 5302 sumus
3174 5289 3190 5315 ,
3219 5248 3409 5304 divisis
3435 5250 3514 5303 in-

1924 5349 2004 5394 ter
2028 5355 2126 5394 nos
2151 5339 2294 5392 curis
2321 5354 2386 5393 ex
2418 5347 2575 5408 pacto
2601 5346 2899 5394 statuamus
2928 5338 3177 5395 conferre
3207 5341 3509 5403 consilium,

1922 5430 2267 5485 munitionem
2289 5470 2303 5494 ,
2333 5427 2759 5484 exhortationem
2782 5471 2796 5496 ,
2828 5430 3242 5499 increpationem
3264 5472 3278 5495 ,
3303 5430 3473 5485 minas
3490 5468 3512 5498 ι

1920 5535 1979 5579 ttt
2007 5538 2069 5578 ex
2102 5522 2431 5591 singulorum
2462 5521 2638 5575 studio
2677 5536 2865 5576 omnes
2912 5531 3057 5577 recte
3086 5537 3329 5592 agamus.
3360 5520 3506 5588 Quo-

1918 5613 2061 5669 niam
2104 5614 2247 5669 enim
2290 5615 2655 5685 proximorum
2699 5629 2787 5669 res
2821 5615 3027 5669 acutius
3072 5614 3309 5669 videmus
3346 5627 3517 5685 quant

1986 5796 2001 5827 ι
2038 5790 2232 5854 Quidam
2255 5798 2399 5844 Mss:
2431 5788 2625 5857 Regula,
2652 5787 2775 5849 loco,
2802 5786 3001 5838 stabilis.
