4068 6442
613 337 716 395 127

604 462 835 519 nostras,
868 466 970 505 non
998 448 1128 501 alios
1154 446 1550 513 custodiamus,
1581 455 1635 501 et
1666 446 1833 500 nostri
1863 445 1967 500 illis
1995 453 2177 500 custo-

603 549 743 603 diam
775 545 1118 607 mandemus,
1155 550 1211 596 et.
1252 541 1354 596 hoc
1392 540 1671 610 pulchrum
1715 538 1973 593 faciamus
2011 546 2188 592 certa-

601 657 745 704 men,
777 648 836 693 ut
866 640 933 692 ita
967 646 1172 706 turpem
1199 635 1339 690 hanc
1366 630 1810 689 consuetudinem
1840 639 2185 701 superantes,

602 746 723 785 eum
767 728 956 783 ﬁducia
995 727 1063 781 ad
1093 727 1228 781 bane
1272 734 1511 780 sanctam
1556 724 1835 778 veniamus
1877 720 2190 776 solemnita-

600 833 743 887 tem,
771 829 821 874 et
865 820 1036 874 sancti
1081 818 1366 889 participes
1405 818 1573 871 simus
1613 814 1861 871 sacrificii
1882 828 2007 868 cum
2032 810 2189 866 beata

623 937 847 950 —____

1320 333 1377 391 S.
1417 332 1697 390 JOANNIS
1725 331 2205 391 CHRYSOSTOME
2241 334 2555 391 ARCHIEP.
2594 334 3128 392 CONSTANTINOP.
3527 354 3568 375 ‘
3769 350 3857 409 123

2297 460 2414 514 spe,
2441 454 2497 502 et
2521 446 2845 502 conscientia
2868 446 3028 512 bona,
3051 446 3218 516 gratia
3248 457 3304 502 et
3330 448 3646 520 benignitate
3666 454 3851 514 Domini

2299 540 2466 594 nostri
2514 538 2643 595 Jesu
2685 538 2920 604 Christi,
2977 555 3072 609 per
3115 555 3275 610 quem
3324 553 3377 597 et
3427 559 3546 598 cum
3587 562 3688 616 quo
3735 550 3855 607 l‘atri

2298 631 2467 700 gloria
2498 644 2599 684 una
2627 644 2749 686 cum
2775 628 2973 685 Sancto
2997 630 3219 701 Spiritu,
3250 631 3303 687 in
3332 634 3530 689 smcula
3546 639 3853 697 saeculorum.

2303 723 2495 777 Amen.

853 917 3852 951 MM

604 1007 816 1052 ADHUC
859 1008 944 1050 ΔΙ)
987 1006 1168 1048 DEUM
1210 1002 1585 1049 GMTIABUH
1626 999 1815 1044 ACTIO
1857 998 1979 1042 PRO
2021 995 2198 1040 ACCEI

2287 1001 2303 1036 ι
2349 989 2538 1033 VENIA
2579 986 3036 1032 εοωίιεδοιιωι
3078 988 3325 1032 CONTRA
3368 990 3851 1039 ωιιειιλτοιιιῖιε

680 1107 762 1150 ΕΤ
803 1105 1157 1149 ΝΑτυιιΔιιε
1200 1104 1285 1146 DE
1327 1101 1552 1146 MUNDO
1594 1096 2065 1144 BERMOCINATIO
2112 1097 2127 1136 Ξ

680 1206 984 1254 ΤυιιΔιΕΜ
1028 1202 1364 1249 lNDIDERIT
1409 1202 1425 1242 ι

2173 1093 2255 1136 ΕΤ
2297 1089 2467 1144 QUOD
2511 1086 2812 1130 HOMINEM
2853 1086 3095 1131 CREANS
3140 1089 3301 1133 DEUS
3346 1089 3556 1136 LEGEM
3599 1093 3710 1139 IPSI
3750 1097 3852 1141 Μυ

1474 1201 1553 1243 ΕΤ
1595 1200 1680 1242 DE
1728 1195 2111 1243 JURAMENTO
2153 1191 2311 1237 OMNI
2358 1186 2724 1231 DILIGENTIA
2769 1186 3076 1231 VITANDO.

2038 1294 2457 1356 agnota»

1219 1426 1436 1467 ηοιιιιιΑ
1479 1424 1550 1463 ιιι
1559 1448 1573 1461 .

672 1515 725 1568 ί.
757 1512 825 1567 Ει
868 1509 985 1564 heri
1026 1506 1176 1571 dixi,
1220 1503 1544 1561 Benedictus
1575 1501 1749 1565 Deus,
1792 1505 1847 1552 et
1891 1493 2050 1548 hodie
2086 1489 2190 1544 hoc

598 1608 771 1676 ipsum
804 1615 991 1657 rursus
1013 1599 1207 1655 dicam.
1238 1595 1349 1651 Etsi
1378 1594 1520 1649 enim
1566 1591 1744 1662 gravia
1782 1586 2184 1658 prmtericrunt,

602 1674 779 1752 tamen
809 1692 1051 1764 gravium
1080 1688 1337 1745 memoria
1368 1702 1437 1740 ne
1464 1690 1769 1754 praetereat,
1798 1694 1900 1734 non
1933 1687 1991 1732 ut
2013 1674 2189 1730 dolea-

599 1800 739 1851 mus,
769 1783 862 1838 sed
893 1792 947 1836 ut
968 1780 1163 1851 gratias
1188 1792 1425 1849 agamus.
1448 1777 1503 1830 Si
1525 1774 1667 1830 enim
1694 1772 1955 1826 malorum
1976 1781 2184 1822 memo-

600 1880 677 1932 ria
718 1875 1005 1939 manserit,
1047 1871 1307 1925 malorum
1355 1867 1685 1937 experientia
1711 1876 2000 1934 numquam
2030 1872 2187 1928 urge-

600 1972 693 2024 bit.
722 1967 858 2036 Quid
889 1967 1030 2021 enim
1058 1962 1389 2033 experientia
1418 1976 1555 2031 opus
1599 1968 1716 2024 est,
1762 1972 1884 2011 cum
1928 1951 2183 2009 memoria

598 2078 696 2117 nos
737 2056 1005 2127 corrigat?
1041 2056 1190 2110 Sicut
1231 2053 1391 2123 igitur
1433 2050 1705 2120 submergi
1752 2063 1850 2102 nos
1899 2047 2039 2101 Deus
2078 2057 2182 2097 non

596 2154 840 2226 permisit
868 2149 1224 2223 praesentibus
1265 2146 1546 2217 procellis,
1590 2144 1665 2198 sic
1714 2155 1885 2211 neque
1915 2154 2012 2194 nos
2041 2140 2185 2207 ipsos

597 2248 702 2301 illis
732 2244 954 2299 sublatis
980 2239 1175 2296 resolvi
1205 2239 1461 2293 sinamus.
1485 2234 1806 2291 Consolatus
1832 2240 1913 2287 cst
1941 2244 2040 2285 nos
2059 2235 2185 2283 tunc

595 2348 883 2393 maerentes
906 2378 921 2403 ,
954 2335 1149 2406 gratias
1178 2334 1276 2403 ipsi
1309 2347 1450 2387 nunc
1491 2331 1731 2385 ltetantes
1760 2340 1979 2398 agamus
2008 2341 2021 2378 :
2054 2338 2185 2378 con-

594 2432 797 2486 sulatus
820 2437 904 2483 est
932 2427 1283 2496 suspirantes,
1316 2437 1489 2494 neque
1519 2419 1754 2476 deseruit
1778 2436 1794 2473 :
1825 2418 1981 2488 igitur
2009 2427 2184 2483 neque

598 2540 696 2583 nus
742 2524 886 2593 ipsos
927 2532 1182 2591 prospere
1225 2526 1445 2587 agentes
1474 2513 1793 2585 prodamus,
1831 2510 1883 2564 in
1913 2518 2180 2577 torporem

596 2615 928 2671 declinantes
962 2630 975 2666 :
1011 2625 1132 2665 nam
1170 2610 1426 2678 scriptum
1466 2615 1584 2661 est:
1618 2601 1906 2660 Recordare
1945 2598 2184 2668 temporis

596 2708 745 2777 [antis
789 2706 841 2760 in
882 2704 964 2759 die
1002 2701 1243 2759 satietatis
1288 2698 1491 2772 (Ereti.
1520 2697 1607 2752 l8.
1637 2696 1709 2751 25
1734 2694 1775 2766 ).
1815 2691 2185 2749 Recordemur

593 2800 773 2871 itaque
802 2806 1103 2866 temporum
1132 2792 1442 2849 tentationis
1471 2799 1525 2845 et
1554 2802 1653 2843 nos
1682 2788 1734 2841 in
1776 2785 1863 2840 die
1903 2782 2179 2839 remissio-

593 2894 711 2957 nis;
742 2890 869 2962 quin
916 2899 971 2946 et
1018 2888 1077 2944 in
1120 2886 1351 2957 peccatis
1378 2886 1481 2939 hoc
1511 2884 1683 2952 ipsum
1724 2878 1999 2934 faciamus.
2040 2875 2109 2930 Et
2135 2874 2178 2928 si

591 2981 939 3056 peccaveris,
962 2990 1015 3035 et
1046 2979 1139 3033 tibi
1185 2984 1401 3049 peccata
1444 2975 1585 3029 Deus
1626 2970 1921 3036 remiserit,
1969 2967 2181 3024 veniam

594 3074 809 3146 quidem
839 3072 1069 3141 suscipe.
1102 3077 1157 3125 et
1180 3068 1376 3138 gratias
1403 3080 1535 3136 age;
1568 3063 1773 3133 peccati
1801 3075 1928 3116 vero
1955 3074 2023 3115 ne
2047 3057 2183 3113 obli-

589 3168 818 3229 viscere,
850 3178 958 3218 non
988 3171 1045 3217 ut
1072 3161 1296 3231 teipsum
1321 3156 1641 3229 cogitatione
1668 3166 1972 3217 consumas,
2001 3149 2094 3206 sed
2123 3158 2182 3205 ut

589 3257 823 3310 animum
870 3252 1063 3309 doceas
1110 3266 1214 3305 non
1258 3246 1540 3312 lascivire,
1571 3259 1741 3315 neque
1760 3257 1973 3298 rursum
2003 3242 2056 3296 in
2086 3255 2180 3296 ea—

590 3349 713 3401 dem
748 3345 933 3401 relabi.
964 3342 1053 3398 Sic
1080 3350 1135 3397 et
1170 3341 1367 3397 Paulus
1395 3339 1521 3393 fecit
1548 3355 1561 3392 :
1592 3352 1713 3391 eum
1742 3336 1888 3391 enim
1913 3332 2178 3391 dixisset:

589 3437 819 3492 Fidelem
847 3452 926 3489 me
952 3433 1279 3495 existimavit,
1312 3445 1502 3500 ponens
1538 3428 1590 3483 in
1632 3427 1929 3491 ministerio,
1958 3424 2136 3480 intulit
2163 3441 2178 3479 :

594 3528 693 3603 Qui
722 3525 861 3595 prius
883 3523 1202 3592 blasphemus
1228 3520 1305 3589 {ui
1329 3527 1373 3572 et
1400 3527 1744 3590 persequutor,
1775 3525 1823 3569 et
1848 3515 2182 3569 contumelia-

591 3636 679 3672 sus
700 3618 779 3689 (ι.
813 3615 943 3669 Tim.
970 3616 1022 3670 i.
1056 3613 1143 3669 η.
1168 3613 1281 3681 15).
1305 3610 1656 3677 Traducatur,
1680 3609 1866 3679 inquit,
1887 3608 1995 3662 vita
2018 3606 2178 3673 servi,

593 3719 653 3762 ut
678 3716 933 3779 appareat
955 3704 1256 3761 humanitas
1282 3701 1503 3758 domini.
1529 3701 1640 3755 Etsi
1670 3699 1813 3754 enim
1841 3708 2180 3768 peccatorum

595 3800 806 3855 veniam
837 3796 1016 3867 accepi
1041 3836 1057 3861 ,
1085 3810 1190 3848 non
1217 3800 1394 3847 tamen
1422 3791 1579 3862 ejicio
1606 3798 1948 3862 peceaton
1976 3802 2182 3842 memo-

587 3894 746 3947 riam.
769 3888 878 3944 Nee
901 3888 1073 3942 solum
1098 3884 1304 3939 Domini
1327 3883 1428 3937 hoc
1447 3882 1826 3951 benignitatem
1844 3879 2181 3935 demonstra-

587 3983 699 4047 bat,
726 3980 820 4037 sed
849 3988 903 4035 et
932 3979 1078 4033 illum
1104 3976 1385 4032 clariorem
1414 3974 1656 4029 faciebat.
1684 3972 1818 4028 Cum
1857 3972 1999 4027 enim
2036 3970 2176 4025 didi-

585 4075 744 4138 ceris,
767 4073 887 4144 quis
906 4072 1054 4144 prius
1077 4070 1251 4135 fuerit,
1272 4077 1397 4123 tunc
1417 4069 1587 4137 ipsum
1610 4066 1777 4136 magis
1797 4063 2176 4120 admiraberis:

584 4177 639 4222 et
666 4182 786 4220 eum
818 4163 1015 4218 videris
1040 4178 1107 4216 ex
1135 4175 1244 4231 quo
1270 4158 1390 4229 quis
1420 4157 1588 4213 factus
1618 4155 1811 4226 fuerit,
1850 4165 1975 4210 tunc
2003 4155 2176 4225 ipsum

585 4259 756 4330 magis
782 4252 1182 4312 commendabis
1209 4269 1223 4306 :
1249 4259 1305 4307 et
1332 4251 1376 4306 si
1405 4249 1627 4303 multum
1652 4247 1973 4318 peccaveris,
2004 4255 2181 4300 muta-

586 4363 669 4405 tns
698 4348 822 4404 inde
845 4347 1037 4402 bonam
1067 4357 1215 4414 spem
1247 4340 1469 4396 habebis
1494 4357 1507 4395 :
1532 4355 1655 4394 nam
1694 4348 1885 4408 prteter
1921 4336 2092 4402 dicta,
2126 4334 2181 4391 et

586 4444 642 4497 in
668 4440 1038 4508 desperatione
1066 4436 1266 4506 positos
1291 4433 1592 4503 exemplum
1620 4432 1784 4486 allicit
1809 4441 1863 4487 et
1891 4445 2180 4501 exsurgere

587 4532 735 4588 facit.
761 4529 915 4597 Quod
940 4527 1154 4597 quidem
1191 4534 1249 4580 et
1287 4525 1339 4579 in
1378 4524 1590 4579 civitate
1618 4533 1797 4577 nostra
1824 4522 1927 4578 erit
1955 4539 1969 4574 :
2000 4520 2180 4577 omnia

587 4624 729 4679 enim
758 4637 876 4691 qum
909 4618 1279 4688 contigerunt,
1321 4624 1375 4671 et
1402 4614 1652 4669 virtutem
1691 4623 1923 4670 vestram
1955 4614 2179 4669 demon-

586 4722 781 4777 strant,
815 4711 904 4782 qui
931 4725 1027 4781 per
1057 4707 1421 4778 paenitentiam
1451 4715 1654 4760 tantum
1673 4705 1766 4759 ira:
1789 4704 2061 4774 depellere
2086 4718 2180 4774 po-

588 4806 829 4868 tueritis;
872 4812 929 4858 et
972 4800 1067 4857 Dei
1110 4797 1449 4855 clementiam
1482 4795 1803 4865 praedicant,
1841 4795 1930 4865 qui
1958 4796 2028 4851 ob
2061 4810 2180 4850 mo-

585 4898 760 4952 dicam
814 4893 1257 4957 conversionem,
1320 4899 1517 4945 tantam
1561 4888 1759 4944 nubem
1814 4888 2177 4943 imminentem

589 4989 842 5044 abstulit:
872 4986 923 5040 in
949 4984 1323 5055 desperatione
1352 4995 1565 5052 quoque
1590 4980 1792 5050 positos
1819 4993 2007 5035 omnes
2032 4979 2180 5034 exei-

592 5090 695 5144 tat,
724 5079 991 5134 discentes
1022 5092 1086 5132 ex
1117 5075 1278 5131 rebus
1296 5073 1503 5129 ‘nostris
1532 5087 1686 5137 eum,
1719 5071 1811 5143 qui
1837 5070 1903 5125 ad
1931 5070 2179 5126 sublimia

588 5182 643 5224 et
672 5171 739 5225 ad
767 5170 857 5224 Dei
884 5168 1137 5227 auxilium
1167 5166 1437 5236 respiciat,
1460 5163 1703 5235 quamvis
1726 5161 1915 5218 infiniti
1945 5161 2181 5232 undique

588 5263 781 5317 linuus
824 5258 1169 5328 obstrepant,
1209 5256 1478 5327 submergi
1516 5270 1623 5310 non
1668 5268 1847 5324 posse.
1879 5253 2008 5321 Quis
2034 5254 2178 5310 enim

593 5356 752 5417 vidit,
783 5351 903 5422 quis
930 5349 1133 5405 audivit
1158 5364 1412 5420 umquam
1453 5350 1651 5404 nostris
1688 5349 1903 5404 casibus
1940 5348 2180 5404 similia?

589 5443 830 5518 quotidie
872 5442 1140 5498 civitatem
1188 5450 1425 5496 nostram
1470 5456 1591 5496 cum
1636 5441 1749 5495 suis
1791 5439 2180 5495 habitatoribus

588 5536 826 5593 funditus
854 5531 1140 5589 tollendam
1167 5545 1287 5587 esse
1314 5529 1753 5603 suspicabamur:
1778 5530 1873 5585 sed
1909 5546 2031 5585 eum
2059 5530 2179 5586 dia.-

585 5628 745 5682 bolus
792 5624 1058 5696 navigium
1109 5623 1450 5691 submergere
1491 5619 1773 5691 sperabat,
1816 5628 1945 5677 tunc
1990 5632 2178 5690 puram

589 5716 824 5776 reddidit
849 5717 992 5773 Deus
1018 5714 1469 5786 tranquillitatem.
1506 5713 1584 5768 Ne
1610 5711 1770 5783 igitur
1796 5712 2177 5769 obliviscamur

590 5806 970 5878 magnitudinis
1000 5807 1259 5863 malorum
1281 5846 1296 5872 ,
1329 5814 1389 5861 ut
1410 5804 1791 5862 beneficiorum
1821 5821 1853 5863 a
1878 5806 1985 5864 Deo
2011 5805 2175 5862 colla-

2308 1417 2482 1465 turum
2521 1411 2935 1482 magnitudinem
2967 1413 3353 1469 recordemur:
3384 1417 3579 1471 etenim
3613 1420 3696 1489 qui
3732 1436 3851 1477 mor-

2303 1500 2488 1555 borum
2521 1512 2762 1557 naluram
2794 1506 2982 1572 nescit,
3012 1504 3205 1561 medici
3230 1517 3400 1562 artem
3428 1525 3701 1580 numquam
3720 1514 3848 1569 sciet.

2301 1592 2429 1648 Haec
2457 1603 2512 1649 et
2544 1597 2720 1664 pueris
2747 1598 2945 1651 nostris
2970 1597 3242 1665 dicamus,
3281 1610 3334 1655 et
3363 1601 3412 1654 in
3444 1603 3586 1660 mille
3615 1605 3851 1663 mittamus

2296 1687 2688 1753 generationes,
2717 1695 2771 1741 et
2797 1702 2985 1743 omnes
3010 1688 3239 1756 discant,
3265 1693 3536 1762 quomodo
3561 1694 3787 1751 diabolus
3807 1708 3851 1752 et

2297 1774 2525 1829 civitatis
2569 1777 2741 1831 solum
2771 1778 2955 1834 delere
2979 1780 3268 1847 studuerit,
3311 1792 3366 1838 et
3407 1788 3666 1856 quomodo
3705 1788 3849 1858 ipsam

2301 1865 2441 1921 Deus
2467 1867 2669 1938 lapsam
2700 1880 2754 1925 et
2779 1870 3041 1933 iacentem
3069 1888 3255 1928 rursus
3280 1876 3487 1944 erigere
3512 1880 3748 1947 poluerit,
3774 1897 3849 1936 ne-

2294 1975 2398 2029 que
2428 1960 2591 2015 ullum
2622 1963 2728 2033 pati
2757 1963 3010 2018 damnum
3038 1968 3387 2033 concesserit,
3414 1969 3482 2023 ad
3513 1971 3609 2025 hoc
3633 1980 3685 2025 et
3719 1972 3852 2027 timo-

2294 2066 2408 2106 rem
2436 2053 2745 2122 sustulerit,
2773 2064 2829 2111 et
2852 2056 3116 2125 repulerit
3144 2073 3264 2113 cum
3294 2061 3462 2115 multa
3489 2062 3749 2119 celeritate
3773 2080 3850 2133 pe-

2293 2145 2538 2200 riculum.
2559 2147 2768 2203 Etenim
2789 2149 3118 2205 lzebdomada
3143 2154 3410 2221 praeterita
3436 2154 3699 2212 facultates
3713 2157 3848 2228 diripi

2292 2248 2480 2291 omnes
2504 2238 2944 2307 exspectabamus
2964 2282 2979 2307 ,
3011 2248 3067 2296 et
3096 2242 3295 2298 milites
3327 2245 3484 2300 nobis
3526 2246 3761 2313 immitti,
3803 2257 3849 2302 et

2292 2324 2497 2380 infinita
2527 2327 2629 2382 alia
2657 2329 2794 2383 mala
2821 2331 3255 2401 suspicabamur;
3287 2334 3387 2390 sed
3414 2351 3538 2391 ecce
3576 2337 3658 2391 illa
3694 2338 3848 2392 omnia

2290 2417 2683 2487 praeterierunt,
2716 2428 2985 2491 tamquam
3014 2422 3204 2489 nubes,
3240 2425 3650 2480 etvelutumbra
3663 2434 3847 2495 praeter-

2294 2510 2435 2578 iens,
2496 2518 2549 2564 et
2579 2511 2693 2566 sola
2732 2512 3095 2568 calamitatum
3137 2516 3536 2584 exspectatione
3581 2518 3735 2586 puniti
3772 2531 3848 2572 suo

2289 2615 2439 2667 mus;
2486 2602 2595 2657 imo
2640 2619 2772 2660 vero
2814 2621 2914 2661 nec
2963 2608 3130 2676 puniti
3173 2623 3383 2674 sumus,
3425 2608 3518 2664 sed
3556 2610 3764 2665 correcti
3802 2618 3848 2667 et

2289 2693 2541 2749 meliores
2581 2693 2747 2762 facti,
2791 2698 2914 2768 quia
2943 2698 3081 2752 Deus
3106 2699 3455 2767 Imperatoris
3483 2716 3574 2755 eor
3597 2701 3844 2757 emollivit.

2292 2782 2539 2839 Dicamus
2567 2785 2726 2854 igitur
2750 2801 2964 2857 semper
2983 2798 3038 2844 et
3057 2790 3294 2859 quotidie
3323 2809 3337 2845 :
3370 2791 3680 2848 Benedictus
3704 2793 3844 2859 Deus,

2290 2887 2345 2931 et
2369 2893 2491 2933 cum
2522 2880 2710 2949 majori
2738 2880 2912 2935 studio
2933 2884 3121 2954 synaxi
3145 2900 3417 2947 vacemus,
3444 2894 3499 2941 et
3520 2902 3773 2941 curramus
3790 2885 3847 2940 ad

2292 2969 2574 3025 ecclesiam
2596 3014 2611 3038 ,
2642 2971 2785 3027 unde
2811 2973 3091 3029 utilitatem
3132 2982 3332 3028 tantam
3376 2976 3689 3046 accepinms.
3713 2975 3847 3031 Scitis

2288 3060 2431 3114 enim
2472 3062 2541 3116 ab
2581 3063 2731 3117 initio
2775 3079 2883 3134 quo
2922 3065 3300 3136 eonfugeritis,
3343 3083 3452 3138 quo
3482 3066 3847 3130 concurreritis,

2290 3150 2430 3206 unde
2459 3151 2596 3207 facta
2639 3154 2709 3208 sit
2750 3155 2905 3209 nobis
2935 3156 3099 3211 salus.
3132 3156 3442 3213 Teneamus
3481 3158 3636 3229 igitur
3666 3171 3846 3212 sacram

2288 3256 2574 3311 ancoram,
2615 3253 2671 3300 et
2711 3245 2849 3300 sicut
2879 3245 2937 3300 in
2968 3258 3205 3317 tempore
3232 3249 3589 3318 periculorum
3629 3263 3717 3303 nos
3756 3261 3847 3300 non

2289 3333 2540 3403 prodidit,
2572 3335 2649 3389 sic
2676 3351 2849 3406 neque
2877 3353 2976 3392 nos
3003 3337 3174 3407 ipsam
3198 3339 3251 3393 in
3282 3347 3524 3409 tempore
3550 3338 3846 3394 remissionis

2289 3425 2688 3496 relinquamus;
2731 3427 2827 3482 sed
2876 3442 2998 3482 eum
3041 3443 3167 3483 cura
3207 3445 3539 3494 maneamus,
3564 3441 3614 3486 et
3641 3429 3846 3499 quotidie

2289 3514 2544 3570 faciamus
2585 3530 2883 3573 conventus
2924 3532 3249 3590 precesque,
3282 3520 3565 3593 divinaque
3601 3520 3846 3575 audiamus

2291 3604 2502 3675 eloquia
2527 3622 2541 3660 :
2572 3617 2626 3662 et
2654 3609 2796 3680 quod
2828 3608 3268 3679 impendebamus
3299 3611 3471 3665 otium
3502 3619 3780 3681 satagentes
3801 3616 3846 3661 et

2286 3700 2497 3754 curiose
2524 3702 2875 3768 sciscitantes,
2898 3717 2928 3757 e
2950 3702 3142 3757 castris
3162 3703 3431 3772 profectos
3453 3704 3844 3759 circumcurren-

2287 3797 2389 3856 tes,
2422 3807 2517 3860 pro
2544 3793 2859 3848 instantibus
2890 3795 3045 3848 malis
3073 3808 3255 3849 curam
3287 3805 3552 3865 gerentes,
3583 3795 3677 3849 hoe
3699 3804 3842 3847 totum

2287 3882 2493 3939 divinas
2535 3886 2679 3956 leges
2721 3886 2987 3941 audiendo
3029 3887 3438 3955 impendamus,
3475 3903 3575 3942 non
3615 3894 3773 3941 autem
3800 3884 3841 3936 in

2290 3974 2621 4043 importunus
2664 3986 2719 4031 et
2768 3977 2981 4031 inutiles
3021 3978 3468 4042 exercitationes,
3500 3995 3567 4032 ne
3602 3991 3769 4032 rursus
3797 3975 3841 4028 in

2287 4066 2430 4122 illius
2455 4067 2653 4137 negotii
2682 4070 3056 4124 necessitatem
3086 4085 3182 4124 nos
3213 4070 3358 4139 ipsos
3384 4071 3695 4141 redigamus.

2354 4157 2409 4214 2.
2439 4159 2629 4213 Tribus
2659 4160 2817 4230 igitur
2847 4161 3125 4230 prmteritis
3151 4161 3338 4217 diebus
3364 4179 3524 4216 unum
3551 4157 3844 4232 cognitionis

2287 4251 2379 4305 Dei
2410 4252 2623 4306 modum
2654 4254 3041 4322 qumrehamns,
3069 4255 3350 4324 ipsumque
3379 4256 3430 4311 in
3459 4256 3612 4310 ﬁnem
3639 4252 3841 4309 deduxi-

2289 4356 2428 4406 mus,
2461 4343 2872 4411 interpretantes
2894 4385 2911 4411 ,
2953 4346 3220 4415 quomodo
3257 4346 3383 4401 ϐανιὶ
3412 4357 3618 4400 narrant
3654 4344 3842 4417 gloriam

2286 4430 2384 4486 Dei
2410 4431 2587 4505 (Psal.
2621 4434 2704 4488 18.
2736 4432 2809 4506 2)
2835 4450 2849 4487 :
2878 4446 2931 4490 et
2960 4438 3115 4506 quale
3141 4438 3353 4491 tandem
3383 4440 3451 4493 sit
3475 4439 3613 4492 Pauli
3644 4437 3837 4496 dictum,

2284 4523 2567 4579 Invisibilia
2589 4526 2745 4597 ipsius
2760 4544 2791 4579 a
2808 4538 3036 4581 creatura
3053 4531 3227 4583 mundi
3252 4546 3343 4598 per
3361 4547 3437 4595 ea,
3456 4547 3570 4600 qua:
3586 4534 3713 4602 facta
3724 4533 3840 4589 sunt,

2284 4613 2537 4670 intellecta
2563 4621 2945 4686 consptciuutur
2971 4618 2989 4690 (
3016 4618 3163 4673 Rom.
3202 4623 3249 4673 l.
3280 4621 3390 4690 ‘20)
3420 4638 3433 4674 :
3464 4632 3517 4676 et
3541 4621 3841 4675 demonstra-

2285 4706 2495 4774 vimus,
2523 4709 2791 4777 quomodo
2817 4725 2845 4761 a
2875 4709 3114 4764 creatura
3143 4710 3324 4764 mundi
3350 4752 3364 4770 ,
3399 4722 3455 4766 et
3480 4709 3736 4781 quomodo
3762 4717 3842 4773 per

2284 4795 2475 4856 coelum
2505 4807 2560 4853 et
2585 4807 2781 4854 terram
2810 4808 2864 4855 et
2903 4815 3050 4856 mare
3079 4799 3297 4856 Creator
3321 4803 3658 4871 glorificatur.
3698 4796 3843 4854 Hodie

2283 4903 2411 4943 Vero
2432 4890 2705 4961 paulisper
2724 4892 2776 4946 in
2797 4891 2935 4947 hanc
2956 4909 3164 4947 rursum
3188 4894 3543 4963 philosophati
3570 4890 3839 4949 materiam.

2284 4980 2351 5035 ad
2398 4982 2558 5035 alium
2598 4981 2943 5037 transibimus
2982 4998 3284 5039 sermonem
3316 5004 3329 5038 :
3362 5000 3465 5038 non
3499 4985 3635 5039 enim
3662 4987 3841 5033 tantum

2283 5070 2408 5128 fecit
2430 5072 2702 5137 mundum,
2730 5074 2825 5130 sed
2847 5076 3006 5129 etiam
3030 5085 3085 5129 ut
3115 5078 3281 5131 factus
3308 5087 3631 5145 oneraretur,
3654 5069 3838 5125 eli'ccit:

2284 5176 2457 5233 neque
2485 5174 2653 5219 totum
2683 5165 3006 5220 immobilem
3037 5165 3311 5221 dimittens
3337 5208 3352 5230 ,
3381 5181 3552 5234 neque
3581 5173 3736 5217 totum
3761 5158 3839 5226 ju-

2285 5253 2419 5310 bens
2447 5257 2648 5311 moveri
2673 5298 2687 5318 ,
2720 5258 2814 5311 sed
2841 5258 3032 5315 coelum
3063 5257 3278 5327 quidem
3311 5261 3584 5312 immotum
3615 5262 3836 5324 perman-

2284 5346 2375 5411 sit,
2402 5346 2539 5401 sicut
2564 5347 2821 5416 propheta
2853 5349 3021 5418 inquit
3050 5367 3064 5403 :
3092 5349 3193 5416 Qui
3220 5350 3391 5403 statuit
3415 5349 3589 5401 etclam
3614 5352 3837 5406 tamquam

2285 5437 2605 5502 testudinem,
2633 5448 2679 5492 et
2705 5438 2926 5492 extendit
2951 5439 3119 5509 ipsum
3146 5450 3407 5511 tamquam
3430 5436 3683 5493 tentorium
3709 5442 3830 5498 supr!

2283 5540 2467 5587 terram
2490 5531 2508 5602 (
2530 5530 2655 5585 Isai.
2678 5531 2763 5585 40.
2787 5530 2890 5599 ‘22)
2920 5549 2936 5587 :
2965 5533 3043 5586 sol
3071 5549 3198 5587 vero
3217 5549 3337 5588 cum
3368 5530 3579 5601 reliquis
3602 5522 3837 5580 sideribus

2282 5621 2520 5692 quotidie
2548 5621 2714 5676 currit
2742 5638 2757 5675 :
2790 5633 2844 5676 et
2871 5638 3085 5677 rursum
3119 5632 3256 5677 terra
3291 5622 3389 5675 lixa
3421 5631 3501 5675 est
3520 5659 3533 5682 ,
3562 5629 3703 5684 aqua:
3728 5621 3836 5663 Vt‘m

2289 5729 2505 5786 semper
2528 5724 2813 5770 moventur
2839 5731 2855 5768 :
2887 5730 2986 5770 nec
3011 5731 3163 5786 aqua:
3190 5725 3389 5769 tantum
3418 5754 3432 5777 ,
3464 5710 3553 5767 sed
3579 5718 3627 5764 et
3657 5704 3804 5759 nubes
3823 5739 3836 5761 .

2284 5818 2337 5866 ct
2367 5809 2572 5867 imbres
2602 5809 2910 5881 frequentes
2951 5819 3006 5864 et
3046 5807 3333 5864 successivi
3379 5814 3609 5875 tempore
3636 5793 3832 5871 propri”
