4068 6428
239 347 344 404 127

237 482 448 536 σωμεν.
485 466 702 537 Ἐπειδὴ
729 466 836 536 γάρ
856 465 923 520 τά
954 466 1064 520 τῶν
1101 467 1330 538 πλησίον
1361 467 1616 540 ὀξύτερον
1645 469 1916 542 βλέπομεν

233 552 268 622 ἦ
294 552 368 605 τά
391 551 661 623 ἡμέτερα,
690 555 852 624 ἡμεῖς
885 553 1104 625 ἐτέρους
1128 555 1508 628 φυλάττωμεν,
1537 556 1630 610 καὶ
1653 557 1753 630 τὴν
1781 559 1920 628 ἡμε-

231 639 403 712 τέραν
450 639 693 712 φυλακὴν
734 641 1116 713 ἐπιτρέψωμεν
1173 643 1431 708 ἐκείνοις,
1475 644 1570 696 καὶ
1611 643 1711 716 τὴν
1747 644 1918 716 καλὴν

232 727 475 798 ἅμιλλαν
519 728 722 799 ταύτην
771 730 1143 800 ποιησώμεθα.
1187 731 1275 784 ἴνα
1315 731 1458 784 οὕτω
1506 732 1917 802 περιγενόμενοι

229 813 334 886 τῆς
354 816 596 886 πονηρᾶς
615 815 817 888 ταύτης
846 817 1134 888 συνηθείας
1151 817 1325 891 ,[123]
1349 819 1488 889 μετά
1503 818 1812 892 παρρησίας
1825 819 1918 872 ἐπὶ

383 951 3572 976 mw“

1261 352 1354 406 AD
1386 352 1717 410 POPULUM
1759 353 2259 412 ANTIOCHENUM
2299 352 2534 410 HOMIL.
2581 351 2692 407 ΧΗ.

3609 359 3707 407 1.8

2021 469 2118 542 τὴν
2150 468 2312 538 ἁγίαν
2341 467 2545 537 ταύτην
2575 466 2818 537 ἔλθωμεν
2851 466 3064 542 ἑορτὴν,
3095 466 3190 520 καὶ
3219 465 3320 536 τῆς
3351 466 3512 534 ἀγίας
3542 469 3706 538 μετά-

2023 572 2241 628 σχωμεν
2290 554 2482 620 Θυσίας
2524 553 2662 626 μετά
2691 555 2939 626 χρηστῆς
2979 554 3216 619 ἐλπίδος,
3259 554 3354 608 καὶ
3407 555 3710 620 συνειδότος

2019 643 2249 710 ἀγαθοῦ,
2280 642 2463 712 χάριτι
2490 642 2584 695 καὶ
2613 641 2996 714 φιλανθρωπία
3031 641 3126 695 τοῦ
3167 642 3375 714 Κυρίου
3405 641 3566 713 ἡμῶν
3605 643 3710 712 ἰη-

2023 731 2117 784 σοῦ
2151 729 2409 801 Χριστοῦ.
2445 731 2512 783 δι’
2541 725 2602 784 οὗ
2638 729 2732 783 καὶ
2761 730 2878 800 μεθ’
2928 725 2988 784 οῦ
3030 730 3107 800 τῷ
3139 730 3315 800 Πατρὶ
3355 730 3388 800 ἡ
3431 729 3559 795 δόξα
3593 728 3714 799 ἅμα

2019 818 2098 890 τῷ
2130 819 2270 890 ἁγίῳ
2298 817 2598 890 Πνεύματι,
2625 820 2705 882 εἰς
2729 819 2856 881 τοὺς
2876 817 3078 881 αἰῶνας
3105 817 3214 871 τῶν
3237 817 3469 872 αἰώνων.
3510 819 3704 889 Ἀμήν.

238 1033 366 1086 Ἕτι
403 1033 763 1101 εὐχαριστία
807 1033 958 1102 πρὸς
994 1035 1101 1088 τὸν
1134 1035 1283 1090 Θεὸν
1310 1036 1442 1104 περὶ
1478 1034 1590 1103 τῆς
1617 1035 2058 1106 συγχωρήσεως
2122 1036 2240 1092 τῶν
2264 1037 2694 1104 ἡμαρτηκότων
2748 1037 2835 1102 είς
2854 1035 2962 1091 τὸν
3001 1036 3304 1101 βασιλέαο
3350 1036 3449 1090 καὶ
3502 1053 3712 1106 φυσιο-

305 1125 488 1194 λογιά
519 1125 652 1193 περὶ
688 1124 802 1193 τῆς
832 1127 1084 1192 κτίσεως
1104 1143 1118 1158 ο
1146 1127 1244 1182 καὶ
1275 1127 1365 1182 ὅτι
1391 1126 1652 1194 ποιήσας
1677 1131 1711 1182 ὀ
1735 1129 1880 1193 Θεὸς
1901 1128 2008 1182 τὸν
2041 1127 2356 1197 ἄνθρωπον
2398 1130 2586 1198 νόμον
2633 1128 2900 1198 φυσικὸν
2931 1128 3328 1199 ἑγκατέθηκεν
3365 1128 3526 1196 αὐτῷ
3547 1146 3558 1160 ’
3612 1128 3713 1184 καί

304 1217 448 1286 ,περὶ
480 1216 588 1272 τοῦ
624 1215 797 1288 πάσῃ
825 1217 1071 1289 σπουδῇ
1098 1220 1430 1288 ἀπέχεσθαι
1463 1219 1580 1274 τῶν
1611 1219 1825 1290 ὅρκων.

902 1421 1137 1491 ὀμιλία
1170 1423 1266 1488 ιβ’.

305 1582 379 1630 α’.
413 1573 526 1630 Καὶ
554 1574 680 1646 χθὲς
710 1569 883 1640 εἶπον,
904 1575 1206 1648 Εὐλογητὸς
1234 1579 1262 1631 6
1285 1576 1436 1643 Θεὸς,
1471 1579 1566 1632 καὶ
1603 1579 1843 1650 σήμερον
1866 1578 1926 1631 τὸ

236 1661 372 1716 αὐτὸ
408 1663 568 1716 τοῦτο
601 1663 763 1717 πάλιν
803 1662 931 1736 ἐρῶ.
958 1665 1021 1718 Εἰ
1047 1663 1154 1736 γὰρ
1193 1666 1288 1718 καὶ
1324 1665 1392 1719 τά
1431 1666 1582 1720 δεινά
1614 1667 1921 1739 παρῆλθεν,

236 1750 353 1804 ἀλλ’
387 1752 423 1823 ἡ
466 1752 657 1822 μνήμη
691 1750 800 1805 τῶν
824 1750 1014 1806 δεινῶν
1043 1751 1117 1824 μὴ
1147 1753 1527 1825 παρερχέσθω,
1575 1755 1674 1825 οὐχ
1713 1754 1800 1808 ἵνα
1829 1755 1924 1808 ἀλ-

235 1837 446 1908 γῶμεν,
483 1837 596 1892 ἀλλ’
627 1838 713 1892 ἵνα
746 1839 1178 1910 εύχαριστῶμεν.
1230 1841 1355 1894 Ἐὰν
1390 1841 1500 1914 γὰρ
1529 1843 1560 1912 ἡ
1591 1844 1781 1914 μνήμη
1813 1843 1922 1896 τῶν

235 1923 428 1978 δεινῶν
451 1924 606 1999 μένῃ.
637 1927 668 1996 ἡ
701 1928 862 1996 πεῖρα
898 1925 1007 1980 τῶν
1039 1927 1227 1980 δεινῶν
1267 1929 1510 1983 οὐδέποτ’
1541 1931 1921 2001 ἐπιστήσεται.

236 2011 308 2065 Τί
335 2012 448 2082 γὰρ
482 2013 562 2066 δεῖ
591 2013 688 2082 τῆς
721 2014 937 2085 πείρας,
961 2014 1060 2086 τῆς
1103 2016 1324 2086 μνήμης
1359 2018 1506 2088 ἡμᾶς
1549 2017 1921 2088 σωφρονιζού-

236 2115 377 2171 σης;
416 2101 626 2172 Ὠσπερ
652 2097 744 2154 οὖν
781 2103 882 2154 οὐκ
917 2103 1128 2173 ἀφῆκεν
1167 2105 1316 2174 ἡμᾶς
1347 2105 1376 2156 6
1417 2105 1548 2168 Θεὸς
1583 2123 1922 2160 καταποντι-

239 2186 440 2256 σθῆναι
463 2189 746 2258 παρόντων
786 2188 895 2242 τῶν
933 2189 1216 2262 λυπηρῶν,
1255 2191 1396 2245 οὕτω
1425 2192 1499 2264 μὴ
1529 2193 1758 2264 ἀφῶμεν
1800 2195 1927 2247 ἐαυ-

236 2277 367 2340 τοῦς
425 2277 718 2347 ἐκλυθῆναι
777 2279 1158 2348 παρελθόντων
1226 2280 1469 2336 ἐκείνων.
1541 2282 1926 2354 Παρεκάλεσεν

237 2363 391 2433 ἡμᾶς
420 2363 762 2434 ἀθυμοῦντας
782 2365 926 2432 τότε,
957 2369 1442 2441 εὐχαριστὴσωμεν
1470 2369 1617 2440 αὐτῷ
1645 2371 1926 2442 χαίροντες

238 2450 365 2504 νῦν·
397 2453 825 2524 παρεμυθήσατο
853 2455 1216 2526 όδυνωμένους
1273 2457 1368 2509 καὶ
1408 2457 1468 2508 ού
1500 2457 1801 2528 προέδωκε,
1848 2459 1925 2530 μὴ

238 2537 420 2590 τοίνυν
447 2539 582 2610 μηδὲ
605 2540 762 2611 ἡμεῖς
793 2542 1018 2606 ἑαυτοὺς
1046 2543 1474 2614 εύθηνουμένους
1520 2543 1926 2616 προδῶμεν,είς

243 2624 517 2696 ῥαθυμίαν
565 2628 932 2694 ἐκκλίνοντες·
971 2631 1286 2700 Μνήσθητι
1320 2632 1429 2702 γὰρ
1473 2631 1684 2699 καιρὸν
1722 2631 1922 2700 λιμοῦ,

242 2713 431 2781 φησιν,
465 2713 538 2766 ἐν
576 2713 765 2785 ήμέρςι
793 2717 1177 2787 πλησμονῆς.
1214 2718 1560 2790 Μνησθῶμεν
1593 2714 1686 2772 οὖν
1732 2718 1924 2790 καιρὸν

239 2799 553 2872 πειρασμοῦ
597 2803 689 2856 καὶ
725 2805 886 2874 ἡμεῖς
913 2806 970 2858 ἐν
1012 2805 1193 2878 ἡμέρα
1236 2807 1499 2870 ἀνέσεως·
1557 2807 1651 2860 καὶ
1689 2807 1922 2860 ἐπὶτῶν

242 2888 656 2960 ἁμαρτημάτων
689 2891 748 2944 δέ
782 2891 842 2946 τὸ
875 2893 1006 2946 αὐτὸ
1034 2895 1192 2947 τοῦτο
1221 2895 1486 2965 ποιῶμεν.
1523 2895 1640 2948 Κάν
1674 2895 1926 2966 ἁμάρτῃς

241 2975 342 3028 καὶ
401 2980 732 3050 συγχωρήσῃ
775 2997 857 3033 σοι
907 2981 1008 3052 τὴν
1060 2983 1341 3054 ἁμαρτίαν
1392 2985 1422 3036 6
1470 2982 1623 3047 Θεὸς,
1675 2982 1774 3054 τὴν
1828 2982 1926 3050 μὲν

245 3063 591 3136 συγχώρησιν
612 3067 760 3134 δέξαι
817 3070 912 3122 καὶ
965 3070 1379 3142 εὐχαρίστησον,
1412 3070 1512 3140 τῆς
1550 3070 1608 3124 δὲ
1651 3071 1928 3142 ἁμαρτίας

249 3151 326 3224 μὴ
363 3154 614 3226 ἐπιλάϐῃ,
642 3159 740 3228 οὐχ
787 3157 874 3211 ἵνα
919 3160 1114 3212 σαυτὸν
1153 3159 1504 3232 κατατρύχῃς
1544 3159 1622 3231 τῷ
1659 3159 1925 3230 λογισμῷ.

245 3241 364 3294 ἀλλ’
400 3243 485 3296 ἵνα
518 3245 614 3314 τὴν
652 3245 830 3316 ψυχὴν
883 3245 1180 3318 παιδεύσῃς
1222 3247 1296 3319 μὴ
1329 3250 1556 3320 σκιρτᾷν
1599 3248 1733 3319 μηδὲ
1769 3265 1927 3318 περι-

248 3331 471 3384 πίπτειν
502 3331 658 3386 πάλιν
680 3337 794 3396 τοῖς
816 3334 1014 3397 αὐτοῖς.
1045 3334 1200 3388 Οῦτω
1227 3337 1320 3388 καὶ⁸
1345 3337 1373 3389 6
1399 3335 1611 3400 Παῦλος
1635 3335 1891 3404 ἐποίησεν
1911 3351 1926 3367 ο

247 3417 421 3470 εἰπὼν
445 3420 553 3490 γὰρ
585 3420 685 3482 ὅτι,
717 3424 945 3476 Πιστόν
971 3438 1049 3490 με
1088 3421 1363 3490 ἡγήσατο
1390 3421 1640 3492 θέμενος
1676 3424 1765 3488 εὶς
1801 3421 1929 3475 δια-

248 3507 484 3569 κονίαν,
536 3509 806 3578 ἐπήγαγε.
865 3509 981 3562 Τὸν
999 3509 1309 3579 ,πρότερον
1359 3509 1505 3563 ὄντα
1551 3509 1931 3577 ,ϐλάσφημον

249 3592 350 3646 καὶ
388 3593 642 3662 διώκτην
668 3597 765 3650 καὶ
796 3596 1110 3664 ὑϐριστήν.
1156 3597 1648 3666 Ἐκπομπευέσθω,
1687 3597 1873 3666 φησὶν,
1903 3598 1932 3650 6

251 3678 369 3748 βίος
388 3681 480 3735 τοῦ
506 3682 845 3745 οἰκέτου,ϊνα
865 3687 1004 3754 φανῇ
1032 3686 1064 3756 ἡ
1099 3682 1476 3755 φιλανθρωπία
1507 3683 1600 3736 τοῦ
1631 3683 1928 3738 Δεσπότου.

248 3766 316 3819 Et
337 3768 446 3840 γάρ
473 3769 566 3822 καὶ
606 3771 954 3842 συγχώρησιν
980 3771 1170 3826 ἔλαϐον
1195 3770 1305 3824 τῶν
1335 3772 1554 3842 ἀμαρτη
1565 3770 1768 3840 μάτων,
1797 3769 1940 3846 ἀλλά

248 3855 351 3927 τὴν
388 3860 606 3928 μνήμην
644 3859 744 3912 ούκ
783 3859 1028 3912 ἐκϐάλλω
1069 3860 1176 3912 τῶν
1218 3858 1650 3928 ἁμαρτημάτων.
1704 3857 1778 3910 Οὐ
1837 3857 1930 3911 τοῦ

251 3943 526 3996 Δεσπότου
567 3945 624 3998 δὲ
667 3945 766 4017 τὴν
817 3946 1226 4017 φιλανθρωπίαν
1267 3945 1476 3999 ἐδείκνυ
1528 3944 1687 3998 τοῦτο
1737 3944 1930 4014 μόνον,

250 4027 392 4081 ἀλλά
419 4031 670 4084 κάκεῖνον
699 4031 1076 4105 λαμπρότερον
1103 4032 1296 4086 ἐποίει.
1324 4033 1492 4086 Ὅταν
1517 4031 1625 4102 γὰρ
1651 4031 1826 4103 μάθῃς
1851 4032 1936 4096 τίς

250 4112 320 4184 ἦν
354 4116 684 4187 ἔμπροσθεν,
711 4119 831 4173 τότε
869 4120 1034 4174 αὐτὸν
1074 4119 1379 4190 θαυμάσεις
1421 4119 1615 4173 πλέον·
1665 4120 1760 4172 καὶ
1807 4120 1935 4172 ὅταν

253 4203 372 4274 ἴδῃς
399 4207 462 4257 ἐκ
484 4206 624 4268 τίνος
648 4207 730 4271 τίς
756 4209 990 4276 ἐγένετο,
1023 4208 1142 4260 τότε
1183 4208 1344 4261 αὑτὸν
1372 4207 1604 4278 ἀποδέξῃ
1635 4205 1898 4278 μειζόνως
1919 4224 1932 4238 ο

251 4291 356 4344 κᾶν
383 4292 592 4360 μεγάλα
615 4288 680 4364 ᾖς
706 4293 1062 4365 ἡμαρτηκὼς,
1091 4294 1338 4366 χρηστὰς
1379 4293 1522 4358 ἕξεις
1549 4291 1801 4345 ἐντεῦθεν
1835 4293 1935 4356 τὰς

251 4377 475 4441 ἐλπίδας
505 4381 988 4452 μεταϐαλλόμενος⁹
1032 4382 1168 4451 πρὸς
1191 4379 1300 4452 γάρ
1338 4381 1448 4444 τοῖς
1482 4380 1811 4451 εἰρημένοις.
1845 4381 1938 4432 καὶ

252 4467 378 4528 τοὺς
413 4469 470 4519 ἐν
511 4467 817 4537 ἀπογνώσει
861 4469 922 4522 τὸ
966 4469 1272 4539 ὑπόδειγμα
1305 4468 1463 4522 τοῦτο
1510 4467 1818 4538 παρακαλεῖ
1846 4469 1940 4521 καὶ

252 4553 578 4608 ἀνίστασθαι
618 4559 780 4611 ποιεῖ.
812 4555 992 4629 ’Ὀπερ
1025 4553 1117 4610 οὖν
1159 4558 1252 4610 καὶ
1279 4557 1373 4608 ἐπὶ
1403 4557 1501 4626 τῆς
1531 4545 1742 4618 πόλεως
1783 4555 1938 4610 ἔσται

255 4640 359 4710 τῆς
394 4642 698 4713 ἡμετέρας·
741 4644 809 4698 τά
837 4644 946 4716 γὰρ
975 4646 1260 4716 συμϐάντα
1291 4645 1505 4698 ἅπαντα
1535 4645 1634 4715 τήν
1655 4659 1713 4696 τε
1735 4643 1938 4716 ἀρετὴν

253 4727 414 4799 ὑμῶν
439 4730 699 4796 δείκνυσι,
734 4733 1074 4804 δυνηθέντων
1105 4734 1194 4786 διὰ
1221 4735 1323 4802 τῆς
1352 4731 1642 4804 μετανοίας
1669 4731 1938 4802 τοσαύτην

248 4815 424 4888 ὀργὴν
467 4817 933 4890 ἀποκρούσασθαι.
977 4822 1078 4891 τήν
1121 4838 1182 4874 τε
1225 4821 1318 4874 τοῦ
1348 4819 1482 4874 Θεοῦ
1531 4819 1939 4891 φιλανθρωπίαν

249 4902 536 4972 κηρύττει,
593 4907 650 4972 ἐξ
695 4907 882 4980 ὀλίγης
950 4909 1050 4979 τῆς
1102 4909 1436 4980 ἐπιστροφῆς
1485 4908 1739 4962 τοσοῦτον
1793 4923 1939 4978 παρ-

244 4989 576 5056 ενέγκαντος
596 4994 774 5064 νέφος,
800 4995 926 5059 τούς
949 5013 1007 5048 τε
1030 4999 1086 5050 ἐν
1112 4995 1418 5064 ἀπογνώσει
1457 4994 1662 5055 πάντας
1689 4994 1934 5064 ἀνίστησι

260 5077 532 5145 μαθόντας
561 5081 624 5134 ὲκ
657 5081 764 5136 τῶν
785 5084 1090 5154 ἡμετέρων,
1123 5083 1206 5136 ὅτι
1230 5083 1322 5136 τὸν
1353 5081 1504 5154 [12η
1529 5081 1640 5134 ἄνω
1676 5081 1772 5134 καὶ
1805 5081 1941 5150 πρὸς

257 5166 358 5235 τὴν
387 5165 482 5218 τοῦ
516 5167 650 5220 Θεοῦ
681 5167 946 5237 βλέποντα
975 5170 1169 5242 ῥοπὴν,
1203 5171 1304 5223 κᾶν
1333 5170 1501 5241 μυρία
1537 5167 1768 5240 περιστῇ
1804 5186 1938 5220 πανο

247 5252 484 5322 ταχόθεν
503 5253 740 5326 κύματα,
775 5258 1266 5328 καταποντισθῆναι
1291 5257 1391 5310 οὐκ
1418 5256 1518 5310 ένι.
1549 5255 1646 5320 Τίς
1667 5257 1776 5326 γὰρ
1809 5251 1936 5320 εἶδε,

249 5341 340 5403 τίς
367 5341 564 5411 ἢκουσέ
611 5361 738 5396 ποτε
783 5346 853 5398 τά
894 5345 1140 5417 ἡμέτερα
1185 5344 1368 5416 πάθη;
1414 5347 1478 5398 ἐκ
1513 5344 1728 5416 βάθρων
1761 5343 1939 5398 αὐτῶν

253 5427 380 5482 καθ’
420 5429 654 5498 ἑκάστην
696 5433 1115 5504 προσεδοκῶμεν
1168 5433 1382 5504 ἡμέραν
1418 5431 1936 5502 ἀνασπασθὴσεσθαι

244 5513 356 5586 τὴν
385 5514 540 5569 πόλιν
568 5519 700 5587 ἡμῖν
734 5519 873 5589 μετά
909 5519 1020 5574 τῶν
1053 5520 1403 5574 ἐνοικούντων
1423 5536 1437 5551 ο
1470 5517 1585 5572 ἀλλ’
1627 5518 1716 5572 ὅτε
1743 5516 1938 5590 ἤλπιζε

249 5604 672 5668 καταποντίζειν
724 5607 786 5660 τὸ
833 5607 1041 5676 σκάφος
1092 5609 1122 5662 6
1164 5607 1444 5672 διάϐολος,
1503 5605 1628 5660 τότε
1690 5605 1939 5679 καθαράν

245 5691 501 5764 γαλήνην
543 5692 798 5765 ἐποίησεν
837 5695 868 5748 6
901 5695 1054 5760 Θεός.
1093 5695 1185 5768 Μὴ
1226 5695 1408 5750 τοίνυν
1451 5692 1937 5764 ἐπιλανθανώμεθα

245 5776 352 5830 τοῦ
390 5780 650 5849 μεγέθους
685 5781 795 5836 τῶν
820 5782 1030 5848 δεινιῖιν,
1065 5783 1154 5837 ἵνα
1185 5781 1614 5855 μνημονεύωμεν
1643 5778 1740 5834 τοῦ
1774 5781 1940 5852 μεγέ-

254 5866 386 5930 θους
409 5866 518 5920 τῶν
540 5869 871 5942 εὐεργεσιῶν
893 5869 1002 5925 τῶν
1022 5870 1176 5942 παρὰ
1207 5869 1300 5924 τοῦ
1315 5867 1452 5924 Θεοῦ
1477 5866 1788 5938 γενομένων
1805 5885 1819 5900 ο
1847 5867 1942 5922 καὶ

255 5952 370 6026 γὰρ
395 5956 426 6010 ό
455 5955 528 6030 μὴ
555 5957 711 6024 εἰδὼς
745 5957 839 6016 τοῦ
883 5959 1187 6033 νοσήματος
1229 5956 1328 6034 τὴν
1371 5957 1554 6030 φύσιν,
1587 5955 1689 6014 οὐκ
1734 5956 1938 6013 εἵσεται

2032 1402 2128 1457 τοῦ
2156 1400 2342 1473 ἰατροῦ
2371 1399 2468 1472 τὴν
2494 1401 2708 1472 τέχνην.
2738 1398 2923 1454 Ταῦτα
2962 1401 3056 1453 καί
3095 1401 3228 1470 πρὸς
3252 1401 3376 1462 τοὺς
3411 1401 3602 1462 παῖδας
3624 1401 3712 1455 Τέ-

2023 1506 2212 1560 γωμεν
2237 1489 2364 1550 τοὺς
2389 1486 2714 1558 ἡμετέρους,
2751 1487 2845 1540 καὶ
2886 1489 2967 1550 εἰς
3012 1488 3212 1559 μυρίας
3253 1487 3714 1557 παραπέμπωμεν

2023 1575 2236 1645 γενεὰς,
2271 1574 2358 1628 ἵνα
2393 1572 2639 1644 μάθωσιν
2670 1573 2908 1638 ἅπαντες
2969 1573 3086 1638 πῶς
3112 1573 3444 1626 ἐσπούδασεν
3475 1575 3504 1626 6
3535 1573 3715 1626 διεΞιϐο⁶

2024 1661 2116 1726 λος
2145 1663 2239 1716 καὶ
2263 1661 2322 1713 τὸ
2349 1660 2542 1729 ἔδαφος
2581 1661 2840 1729 ἀφανίσαι
2873 1661 2973 1732 τῆς
3021 1650 3248 1726 πόλεως,
3287 1661 3382 1714 καὶ
3416 1661 3532 1724 πῶς
3559 1662 3714 1732 ἴσχυ-

2028 1768 2119 1804 σεν
2153 1750 2180 1802 6
2217 1748 2349 1812 Θεὸς
2395 1750 2747 1802 πεπτωκυῖαν
2783 1749 2952 1820 αὐτὴν
2983 1749 3076 1802 καὶ
3115 1750 3376 1820 κειμένην
3425 1750 3512 1802 ἐπ’
3559 1749 3716 1818 ὄψεσι

2029 1837 2225 1908 στῆσαι
2251 1835 2434 1901 πάλιν,
2486 1837 2579 1888 καὶ
2621 1835 2756 1906 μηδέ
2792 1836 2892 1908 τὴν
2930 1835 3201 1905 τυχοῦσαν
3240 1836 3594 1907 συγχωρῆσαι
3626 1853 3719 1904 γε·

2025 1925 2212 1980 νέσθαι
2241 1923 2466 1995 βλάϐην,
2501 1923 2635 1976 ἀλλὰ
2667 1925 2761 1976 καὶ
2794 1925 2888 1976 τὸν
2930 1925 3095 1993 φόϐον
3117 1925 3316 1990 ἀνεῖλε,
3356 1926 3450 1978 καὶ
3486 1925 3577 1978 τὸν
3602 1925 3721 1978 κίν-

2025 2012 2176 2066 δυνον
2199 2011 2578 2082 ἀπεκρούσατο
2612 2010 2750 2082 μετά
2772 2010 2965 2064 πολλοῦ
2989 2010 3081 2064 τοῦ
3120 2013 3339 2082 τάχους.
3375 2015 3486 2066 Καὶ
3512 2014 3622 2085 γὰρ
3647 2016 3716 2084 τῇ

2027 2098 2374 2172 παρελθούσῃ
2413 2098 2676 2168 ἐϐδομάδι
2722 2097 2821 2162 τὰς
2865 2098 3054 2166 οὐσίας
3089 2099 3422 2170 δημεύεσθαι
3457 2101 3717 2160 προσεδο-

2029 2189 2215 2259 κῶμεν
2246 2186 2506 2250 ἅπαντες,
2542 2187 2637 2240 καὶ
2682 2185 3020 2256 στρατιώτας
3059 2188 3190 2257 ἡμῖν
3234 2188 3588 2256 ὲπαφίεσθαι.
3619 2189 3712 2241 καὶ

2030 2277 2202 2348 μυρία
2252 2275 2415 2346 ἕτερα
2462 2272 2930 2345 ώνειροπολοῦμεν
2981 2273 3162 2328 δεινάο
3220 2275 3334 2329 ἀλλ’
3385 2276 3493 2329 ἰδοὺ
3538 2275 3718 2331 πάντα

2027 2367 2210 2418 ἐκεῖνα
2249 2363 2547 2432 παρῆλθεν,
2587 2363 2776 2432 ῶσπερ
2806 2361 2965 2431 νέφος
3007 2363 3102 2415 καὶ
3141 2361 3331 2434 ῶσπερ
3379 2365 3509 2418 σκιά
3537 2381 3718 2436 παρα·

2027 2451 2324 2524 τρέχουσα,
2365 2451 2459 2504 καὶ
2497 2452 2563 2522 τῇ
2621 2449 2920 2522 προσδοκίᾳ.
2953 2449 3062 2503 τῶν
3106 2451 3299 2504 δεινῶν
3339 2452 3717 2524 ἐκολάσθημεν

2033 2541 2222 2611 μόνον·
2259 2539 2458 2610 μᾶλλον
2491 2539 2549 2592 δὲ
2583 2539 2682 2591 οὐκ
2717 2537 3109 2610 ἐκολάσθημεν,
3153 2539 3291 2592 ἀλλά
3337 2541 3432 2593 καὶ
3470 2539 3724 2594 ἐπαιδεύ-

2029 2626 2204 2698 θημεν
2249 2627 2344 2681 καὶ
2383 2626 2624 2698 βελτίους
2672 2626 3002 2697 γεγόναμεν,
3051 2625 3146 2680 τοῦ
3178 2627 3311 2680 Θεοῦ
3347 2627 3444 2700 τὴν
3491 2629 3722 2700 καρδίαν

2026 2716 2121 2768 τοῦ
2163 2714 2429 2785 βασιλέως
2479 2713 2842 2784 μαλάξαντος.
2893 2713 3156 2786 Λέγωμεν
3202 2715 3380 2768 τοίνυν
3431 2715 3721 2783 διαπαντὸς

2027 2804 2123 2856 καὶ
2153 2802 2276 2856 καθ’
2311 2803 2547 2874 ἡμέραν,
2587 2801 2893 2870 Εὐλογητὸς
2921 2803 2950 2854 6
2982 2800 3136 2866 Θεὸς,
3183 2803 3277 2857 καὶ
3303 2803 3442 2875 μετά
3475 2803 3722 2870 πλείονος

2029 2891 2266 2960 σπουδῆς
2295 2893 2360 2962 τῇ
2395 2889 2610 2955 συνάξει
2650 2889 3026 2959 προσέχωμεν,
3056 2891 3149 2944 καί
3178 2891 3315 2962 πρὸς
3351 2891 3448 2963 τὴν
3492 2892 3718 2962 Ἐκκλη-

2030 2977 2151 3031 σίαν
2175 2977 2481 3047 τρέχωμεν,
2507 2976 2628 3029 ὅθεν
2661 2977 3107 3048 ἐκαρπωσάμεθα
3131 2978 3228 3050 τὴν
3253 2979 3545 3048 ὠφέλειαν.
3576 2980 3719 3034 ’Ίστε

2027 3065 2135 3136 γάρ
2179 3067 2236 3118 ἐν
2267 3067 2406 3138 ἀρχῇ
2443 3063 2544 3116 ποῦ
2585 3063 2940 3133 κατεφύγετε,
2989 3064 3090 3118 ποῦ
3127 3067 3514 3138 συνεδράμετε,
3553 3069 3720 3122 πόθεν

2027 3155 2162 3223 ἡμῖν
2195 3154 2226 3224 ἡ
2264 3151 2508 3222 σωτηρία
2554 3150 2798 3219 γέγονεν.
2857 3151 3140 3222 Ἐχώμεθα
3181 3155 3363 3207 τοίνυν
3409 3156 3508 3225 τῆς
3567 3157 3720 3227 ἱερᾶς

2029 3239 2298 3311 ἀγκύρας,
2332 3239 2426 3292 καὶ
2465 3237 2712 3310 καθάπερ
2737 3239 2794 3290 ἐν
2826 3238 2903 3309 τῷ
2932 3240 3110 3310 καιρῷ
3135 3241 3244 3294 τῶν
3279 3241 3542 3296 κινδύνων
3571 3245 3722 3314 ἡμᾶς

2029 3329 2089 3380 ού
2117 3326 2446 3398 προέδωκεν,
2473 3325 2614 3378 οὕτω
2647 3324 2783 3395 μηδὲ
2818 3327 2978 3396 ἡμεῖς
3013 3327 3183 3397 αὐτὴν
3206 3329 3264 3381 ἐν
3301 3329 3380 3399 τῷ
3406 3329 3584 3402 καιρῷ
3619 3331 3719 3401 τῆς

2032 3415 2280 3477 ἀνέσεως
2350 3413 2782 3482 καταλίπωμεν,
2840 3413 2978 3467 ἀλλά
3039 3415 3310 3486 μείνωμεν
3372 3419 3509 3486 μετὰ
3563 3419 3722 3490 ἀκρι-

2034 3502 2231 3564 ϐείας,
2298 3501 2394 3554 καὶ
2453 3499 2552 3562 τὰς
2612 3497 2858 3562 συνάξεις
2922 3499 3016 3554 καὶ
3077 3501 3176 3564 τὰς
3249 3502 3414 3573 εὐχάς
3476 3506 3572 3558 κα)⁸
3623 3504 3722 3576 τὴν

2031 3589 2140 3643 τῶν
2180 3588 2340 3642 θείων
2397 3587 2594 3655 λογίων
2656 3587 2919 3658 ἀκρόασιν
2977 3587 3260 3660 ποιώμεθα
3309 3589 3430 3644 καθ’
3485 3593 3720 3664 ἡμέραν,

2033 3677 2127 3729 καὶ
2159 3674 2258 3746 τὴν
2293 3673 2489 3746 σχολὴν
2523 3675 2588 3743 ἡν
2625 3672 2992 3744 ἀνηλίσκομεν
3026 3677 3532 3748 περιεργαζόμενοι,
3567 3679 3725 3732 πολυ-

2033 3761 2500 3833 πραγμονοῦντες,
2534 3759 2660 3822 τοὺς
2693 3759 2802 3811 ἀπὸ
2837 3761 2932 3813 τοῦ
2969 3763 3336 3832 στρατοπέδου
3371 3765 3725 3836 περιτρέχον-

2043 3865 2160 3912 τες,
2185 3846 2583 3911 σπουδάζοντες
2601 3844 2743 3914 ύπὲρ
2772 3846 2881 3900 τῶν
2910 3849 3273 3918 ἐπικειμένων
3295 3851 3501 3914 κακῶν,
3520 3853 3722 3923 ταύτην

2037 3934 2404 4006 ἀναλώσωμεν
2429 3933 2647 3987 ἃπασαν
2671 3933 2750 3994 εἰς
2782 3933 2879 4004 τὴν
2911 3933 3020 3986 τῶν
3046 3935 3205 3988 θείων
3227 3938 3408 4008 νόμων
3436 3939 3721 4008 ἀκρόασιν,

2039 4022 2172 4076 ἀλλὰ
2212 4023 2286 4094 μὴ
2312 4023 2392 4084 είς
2419 4019 2684 4089 ἀκαίρους
2714 4019 2807 4071 καὶ
2842 4021 3136 4092 ἀνονήτους
3170 4023 3483 4096 διατριϐάς,
3527 4026 3615 4079 ἴνα
3646 4027 3723 4100 μὴ

2039 4109 2204 4164 πάλιν
2251 4113 2330 4174 εἰς
2362 4108 2460 4180 τὴν
2499 4106 2744 4176 ἀνάγκην
2787 4106 2886 4177 τῆς
2929 4109 3184 4180 ἀσχολίας
3231 4110 3450 4182 ἐκείνης
3495 4112 3723 4178 ἑαυτοὺς

2037 4199 2282 4270 καταστή
2293 4216 2492 4268 σωμεν.

2113 4297 2181 4368 β’.
2201 4299 2289 4352 Ἑν
2313 4299 2410 4370 μὲν
2435 4293 2528 4353 οῦν
2565 4303 2686 4365 ταῖς
2717 4296 3114 4371 παρελθούσαις
3134 4296 3312 4368 τρισὶν
3352 4297 3590 4369 ἡμέραις
3625 4298 3722 4352 ἕνα

2039 4385 2368 4452 θεογνωσίας
2392 4386 2735 4458 ἐξητάσαμεν
2757 4386 2980 4457 τρόπον,
3013 4383 3106 4438 καὶ
3134 4383 3270 4453 πρὸς
3295 4384 3356 4437 τὸ
3383 4386 3536 4449 τέλος
3562 4387 3722 4439 αὑτὸν

2038 4471 2352 4542 ἠγάγομεν,
2396 4472 2790 4544 ἑρμηνεύοντες
2821 4471 2938 4535 πῶς
2980 4475 3044 4526 Οἱ
3087 4471 3331 4538 οἰερανοὶ
3378 4470 3722 4541 διηγοῦνται

2038 4557 2154 4625 τὴν
2185 4557 2374 4620 δόξαν
2398 4559 2570 4622 Θεοῦ,
2597 4561 2692 4614 καὶ
2716 4559 2767 4612 τί
2797 4559 2927 4612 ποτέ
2961 4559 3079 4611 ἐστι
3116 4557 3178 4610 τὸ
3209 4557 3360 4629 παρὰ
3388 4558 3480 4612 τοῦ
3511 4559 3722 4613 Παύλου

2039 4643 2352 4715 λεγόμενον,
2379 4645 2462 4698 ὅτι
2498 4645 2575 4700 Τὰ
2597 4647 2821 4714 ἀόρατα
2835 4645 3024 4702 αὐτοῦ
3053 4644 3172 4700 ἀπὸ
3195 4647 3450 4712 κτίσεως
3489 4647 3722 4716 κόσμου

2039 4731 2164 4797 τοῖς
2194 4731 2487 4802 ποιήμασι
2532 4736 2835 4804 νοούμενα
2872 4731 3213 4802 καθορᾶται,
3265 4734 3360 4787 καὶ
3407 4734 3723 4804 ἐδείκνυμεν

2041 4818 2159 4881 πῶς
2181 4819 2287 4872 ἀπὸ
2323 4820 2555 4884 κτίσεως
2582 4820 2810 4892 κόσμου,
2837 4822 2932 4874 καὶ
2963 4820 3078 4882 πῶς
3122 4819 3190 4872 δι’
3221 4817 3451 4890 ούρανοῦ
3487 4819 3581 4874 καὶ
3619 4820 3723 4889 γῆς

2041 4906 2137 4959 καὶ
2165 4905 2437 4978 θαλάττης
2471 4909 2499 4960 6
2535 4907 2879 4979 Δημιουργὸς
2901 4907 3463 4978 δοξάζεται.Τήμερον
3491 4907 3548 4960 δὲ
3570 4907 3723 4975 ὀλίγα

2042 4993 2204 5046 πάλιν
2235 4996 2314 5058 εἰς
2353 4995 2521 5064 αὐτὴν
2565 4994 2767 5064 ταύτην
2811 4995 3270 5064 φιλοσοφήσαντες
3319 4995 3418 5064 τὴν
3445 4995 3720 5054 ὑπόθεσιν,

2042 5083 2126 5150 ἐφ’
2169 5081 2353 5147 ἕτερον
2397 5081 2724 5151 βαδιούμεθα
2767 5081 2953 5149 λόγον·
2999 5083 3059 5133 ού
3112 5081 3221 5152 γὰρ
3269 5082 3430 5153 μόνον
3469 5083 3722 5152 ἐποίησεν

2042 5167 2232 5239 αὐτὴν,
2263 5168 2396 5222 ἀλλὰ
2429 5169 2524 5222 καὶ
2557 5168 2856 5240 γενομένην
2910 5167 3240 5240 ἐργάζεσθαι
3285 5169 3718 5236 παρεσκεύασεν.

2047 5253 2170 5308 οὗτε
2206 5257 2384 5308 πᾶσαν
2423 5255 2676 5326 ἀκίνητον
2723 5255 2904 5325 ἀφεὶς.
2946 5254 3070 5308 οὔτε
3113 5259 3293 5310 πᾶσαν
3329 5257 3592 5312 κινεῖσθαι
3635 5252 3724 5310 κε-

2047 5341 2274 5406 λεύσας·
2307 5343 2421 5396 ἀλλ’
2466 5343 2693 5414 οὐρανὸς
2726 5343 2823 5416 μὲν
2851 5344 3108 5414 ἀκίνητος
3149 5345 3368 5416 ἕστηκε,
3407 5345 3656 5415 καθάπερ
3694 5347 3722 5396 6

2047 5432 2332 5502 προφήτης
2553 5431 2738 5502 φησὶν,
2787 5432 2850 5484 '0
2882 5433 3121 5499 στήσας
3160 5434 3268 5486 τὸν
3291 5432 3551 5499 οίιρανέν
3576 5430 3719 5485 ὡσεὶ

2045 5517 2338 5586 καμάραν,
2373 5519 2468 5574 καὶ
2496 5519 2796 5588 διατείνας
2817 5521 3006 5576 αὐτὸν
3041 5521 3182 5575 ὡσεί
3219 5519 3464 5587 σκηνὴν
3487 5518 3585 5574 ἐπὶ
3612 5519 3716 5588 τῆς

2045 5602 2157 5672 γῆς
2175 5623 2189 5636 υ
2220 5607 2248 5658 6
2271 5605 2326 5659 δὲ
2351 5606 2500 5678 ἥλιος
2533 5608 2671 5677 μετὰ
2693 5607 2802 5661 τῶν
2835 5609 3048 5682 ἄστρων
3074 5607 3181 5662 τῶν
3208 5606 3408 5662 λοιπῶν
3441 5607 3563 5662 καθ’
3592 5610 3722 5662 ἐκά-

2048 5709 2178 5762 στην
2204 5693 2387 5764 τρέχει
2413 5695 2513 5766 τὴν
2550 5697 2764 5766 ἡμέραν
2785 5713 2800 5726 ·
2833 5697 2928 5749 καὶ
2962 5696 3031 5766 γῆ
3074 5695 3234 5749 πάλιν
3263 5695 3502 5767 πέπηγε,
3549 5696 3618 5752 τὰ
3667 5697 3724 5752 δι

2046 5779 2215 5834 ὕδατα
2251 5781 2453 5852 βαδίζει
2493 5783 2814 5848 διαπαντός·
2844 5784 2944 5856 οὐχ
2966 5783 3132 5838 ὕδατα
3163 5783 3220 5837 δὲ
3255 5785 3432 5854 μόνον,
3469 5785 3604 5840 ἀλλά
3631 5782 3728 5839 καὶ

2044 5867 2266 5936 νεφέλαι
2302 5869 2397 5922 καὶ
2451 5869 2647 5942 ὄμϐροι
2691 5875 2934 5942 συνεχεῖς
2981 5872 3076 5926 καὶ
3116 5872 3406 5943 ἐπάλληλοι
3452 5874 3592 5928 κατὰ
3631 5873 3720 5927 τὸν

2044 5956 2242 6012 οἰκεῖον
2266 5957 2638 6029 ἀποδιδόμενοι
2669 5959 2891 6032 καιρόν·
2928 5962 3019 6017 καὶ
3045 5960 3142 6032 μία
3177 5961 3277 6032 μὲν
3302 5963 3334 6028 ή
3364 5961 3472 6014 τῶν
3498 5961 3719 6034 ὗμϐρων
