4068 6422
369 328 471 385 HQ

364 464 555 517 redditi
583 482 596 517 :
630 475 683 519 et
717 482 818 522 una
846 467 1056 537 quidem
1097 468 1345 524 imbrium
1371 480 1453 525 est
1484 482 1668 527 natura
1694 515 1707 538 ,
1736 475 1947 530 diversa

364 571 491 609 vero
515 571 634 625 qua:
658 572 723 612 ex
752 558 877 628 ipsis
910 561 1041 615 fiunt
1070 578 1084 615 :
1112 565 1305 616 etenim
1332 563 1381 616 in
1408 564 1512 618 vite
1541 567 1719 620 vinum
1750 569 1806 621 fit
1836 569 1954 636 pln-

363 660 445 699 via
469 687 484 711 ,
514 646 690 701 oleum
720 649 769 701 in
800 651 913 703 olea
934 691 950 715 ,
980 663 1034 705 et
1066 653 1115 705 in
1158 652 1277 707 aliis
1306 653 1498 721 plantis
1530 656 1580 708 in
1612 657 1817 711 illarum
1849 659 1948 713 hu-

362 749 541 791 mores
564 749 815 793 mutatur.
849 741 911 795 Et
937 759 1070 795 unus
1097 743 1308 812 quidem
1339 760 1420 798 est
1447 756 1601 801 terra:
1627 757 1832 812 venter,
1854 750 1947 803 sed

1369 336 1455 391 AD
1494 336 2323 401 rorL'LUnamiciatticaen
2388 350 2592 407 llOIllfL
2647 355 2758 409 xu.
3551 375 3648 430 ,πο

2064 456 2306 514 Christus
2330 478 2540 534 quoque
2584 484 2683 523 nos
2720 471 3037 528 animalibus
3084 476 3294 534 instruit
3322 499 3335 535 :
3370 498 3491 539 nam
3523 496 3593 541 ait
3623 506 3636 541 :

2060 547 2236 604 Estote
2265 555 2534 619 prudentes
2570 560 2699 611 sicut
2736 575 2987 632 serpentes
3012 581 3032 620 :
3057 578 3102 621 et
3127 569 3377 640 simplices
3403 576 3530 631 sicut
3558 597 3640 632 co-

2059 637 2242 693 lumbw
2266 643 2479 712 (ιιΙιιιιΙι.
2508 648 2595 701 l0.
2623 651 2732 717 16).
2769 652 2829 705 Et
2859 670 3068 710 rursum
3100 675 3113 710 :
3143 637 3395 730 Respicite
3419 668 3645 723 volatilia

2054 730 2166 781 caeli
2188 771 2199 793 ,
2228 750 2340 802 qum
2365 752 2467 789 non
2490 750 2662 792 serunt
2690 758 2846 809 neque
2873 757 3080 812 metunt,
3108 760 3153 801 et
3180 749 3332 805 Pater
3356 766 3512 808 vester
3538 774 3638 811 ca:-

359 828 666 887 diﬂ'erentes
714 832 912 901 profert
960 834 1160 890 fructus
1193 854 1206 889 :
1240 853 1375 891 unus
1420 839 1610 895 solaris
1653 844 1948 911 splendoris

356 929 441 973 est
465 920 631 982 calor,
663 922 756 975 sed
783 922 1090 979 dilferenter
1112 929 1286 980 omnia
1319 938 1564 992 maturat,
1596 931 1709 986 hcce
1734 934 1945 1002 quidem

357 1010 562 1063 tardius
584 1053 599 1075 ,
633 1011 747 1067 inec
776 1028 902 1067 vero
935 1016 1089 1069 citius
1128 1018 1192 1070 ad
1236 1023 1745 1077 consummatiOnem
1773 1024 1945 1080 dedu-

354 1117 505 1154 cens.
533 1103 662 1170 Quis
706 1104 821 1159 haec
851 1123 954 1160 non
995 1109 1333 1179 obstupeseat
1370 1125 1420 1165 et
1470 1113 1807 1169 admiretur?
1838 1118 1945 1171 imo

354 1210 487 1248 vero
538 1212 643 1251 non
685 1199 784 1252 hoc
829 1199 998 1253 solum
1044 1212 1124 1254 est
1162 1202 1474 1257 admirabile
1503 1247 1518 1270 ,
1560 1206 1700 1275 quod
1740 1209 1941 1261 varium

354 1284 529 1352 ipsum
571 1296 623 1340 et
666 1287 996 1343 tlil'ferentem
1040 1289 1416 1357 fabricaverit,
1466 1296 1559 1348 sed
1599 1296 1757 1350 etiam
1801 1298 1941 1365 quod

354 1374 529 1441 ipsum
559 1376 804 1431 omnibus
827 1394 1164 1434 communem
1196 1384 1566 1449 proposuerit,
1609 1395 1662 1439 et
1692 1386 1943 1441 divitibus

352 1476 407 1518 et
439 1468 759 1534 pauperibus
784 1510 797 1531 ,
828 1478 880 1523 et
910 1473 1273 1539 peccatoribus
1304 1484 1352 1528 et
1376 1476 1554 1542 justis.
1586 1476 1735 1544 Quod
1760 1479 1941 1548 utique

349 1567 404 1611 et
433 1556 676 1613 Christus
702 1559 912 1615 dicebat
938 1580 952 1613 :
986 1562 1157 1617 Solent
1188 1582 1336 1618 suum
1373 1568 1495 1620 oriri
1518 1570 1640 1637 facit
1669 1585 1822 1639 super
1848 1570 1938 1623 bo-

347 1665 443 1702 nos
468 1659 516 1703 et
543 1667 695 1721 super
739 1653 899 1706 malos
926 1695 939 1717 ,
984 1664 1031 1707 et
1075 1655 1205 1723 pluit
1247 1674 1401 1728 super
1423 1646 1593 1730 justas
1640 1670 1685 1713 et
1724 1661 1940 1730 injustas

349 1740 566 1810 (.llatth.
596 1744 647 1798 5.
676 1743 768 1814 45)
797 1755 883 1799 :et
911 1745 1128 1802 infinitis
1152 1748 1323 1818 ipsum
1352 1752 1666 1807 animalibus
1691 1755 1934 1823 impleas,

348 1840 405 1885 et
436 1834 707 1888 naturales
734 1836 901 1890 brutis
931 1837 1171 1894 inserens
1202 1856 1376 1895 mores
1397 1883 1410 1906 ,
1450 1840 1546 1896 hos
1572 1844 1783 1911 quidem
1814 1844 1936 1899 imi-

348 1925 448 1977 tari
475 1967 491 1990 ,
522 1924 619 1978 hos
650 1941 773 1980 vero
804 1927 984 1998 fugere
1012 1945 1109 1983 nos
1132 1931 1309 1999 jussit.
1344 1933 1501 1987 Verbi
1528 1937 1694 2004 gratia
1729 1954 1744 1992 :
1779 1935 1934 2010 indu-

344 2016 474 2070 stria
514 2027 598 2071 est
634 2015 848 2074 formica
875 2062 889 2086 ,
927 2032 978 2075 et
1007 2023 1327 2077 laboriosum
1357 2025 1480 2079 facit
1508 2041 1660 2093 opus.
1690 2026 1744 2092 Si
1777 2027 1936 2097 igitur

343 2110 609 2174 attendas,
640 2112 924 2167 maximam
950 2118 1016 2169 ab
1044 2115 1144 2171 hoc
1168 2117 1380 2171 animali
1409 2120 1586 2187 capies
1616 2120 1936 2174 admonitio-

344 2214 492 2266 nem,
526 2211 580 2255 nt
607 2219 711 2255 non
739 2205 1057 2270 emolliaris,
1088 2222 1223 2261 neve
1252 2207 1419 2278 fugias
1451 2210 1658 2265 labores
1686 2219 1738 2265 et
1766 2211 1933 2265 sudo-

342 2305 431 2345 res
455 2308 467 2343 :
494 2305 773 2362 propterea
794 2302 850 2349 ct
875 2294 1147 2365 Scriptura
1180 2306 1476 2367 torpentem
1505 2300 1571 2354 ad
1600 2301 1740 2355 illam
1774 2304 1935 2358 tnittit

341 2382 528 2436 dicens
549 2402 563 2437 :
600 2384 735 2438 Vade
752 2385 820 2438 ad
835 2387 1119 2458 formicam,
1143 2404 1172 2441 ο
1196 2388 1356 2460 piger,
1374 2398 1420 2443 et
1446 2391 1642 2445 imitare
1669 2393 1774 2447 vias
1799 2395 1928 2464 ejus,

339 2488 388 2529 ct
419 2486 522 2531 esto
550 2477 640 2531 illa
670 2480 945 2548 sapientior
970 2480 1149 2546 (Prov.
1183 2483 1234 2536 6.
1267 2483 1341 2551 6).
1377 2482 1491 2537 Non
1521 2484 1618 2550 vis,
1649 2485 1838 2555 inquit,
1866 2503 1930 2540 ex

340 2566 636 2635 Scripturis
665 2568 872 2624 discere
896 2571 1036 2638 quod
1074 2572 1269 2625 bonum
1310 2575 1380 2627 sit
1419 2577 1625 2643 operari
1652 2616 1668 2641 ,
1706 2587 1760 2629 et
1788 2577 1929 2647 quod

340 2672 448 2711 non
480 2674 708 2726 operans
737 2677 908 2731 neque
935 2664 1255 2719 manducare
1284 2666 1517 2726 debeat?
1544 2684 1651 2721 non
1675 2669 1756 2722 vis
1776 2684 1803 2721 a
1836 2668 1932 2722 do.

336 2751 576 2805 ctoribus
604 2753 703 2807 hoc
727 2754 949 2808 audire?
970 2754 1116 2810 disce
1142 2770 1172 2809 a
1196 2756 1384 2810 brutis.
1419 2757 1504 2811 Sic
1530 2768 1584 2813 et
1611 2759 1661 2813 in
1687 2760 1930 2815 domibus

337 2855 485 2910 smpe
526 2841 746 2897 facimus
778 2862 791 2896 :
828 2845 1058 2914 maiores
1085 2887 1100 2912 ,
1140 2858 1195 2901 et
1235 2849 1324 2917 qui
1365 2847 1610 2902 videntur
1639 2866 1760 2904 esse
1790 2866 1928 2919 prte-

336 2932 660 2996 stantiorcs,
691 2948 809 2988 cum
841 2938 1209 3004 peccaverint,
1244 2940 1480 3008 puerulis
1519 2940 1804 2996 solertibus
1843 2954 1927 2996 at-

337 3024 559 3078 tendere
585 3025 956 3093 exhortamur,
984 3030 1223 3086 dicentes
1248 3050 1259 3084 :
1290 3032 1513 3103 Respice
1545 3035 1803 3089 minorem
1835 3045 1886 3091 te
1908 3077 1925 3103 ,

336 3131 498 3187 quam
530 3130 607 3173 est
638 3119 928 3175 industrius
956 3133 1008 3176 et
1036 3125 1227 3179 solers.

410 3211 456 3262 Α
482 3213 699 3265 minimis
723 3215 1027 3269 animalibus
1052 3218 1276 3270 eruditur
1304 3219 1472 3273 homo.
1503 3250 1572 3259 —
1601 3221 1663 3275 Et
1686 3229 1739 3275 tu
1770 3222 1928 3292 igitur

335 3302 409 3355 ab
437 3304 538 3358 hoc
562 3305 773 3358 animali
807 3308 1093 3361 maximam
1122 3324 1251 3378 cape
1278 3310 1574 3365 sedulitatis
1602 3312 1928 3367 exhortatio-

337 3411 462 3457 nem
492 3413 505 3448 :
532 3405 584 3450 et
611 3396 889 3451 Dominum
917 3406 1062 3453 tuum
1089 3385 1351 3456 admirare
1379 3443 1395 3467 ,
1441 3419 1545 3455 non
1575 3404 1716 3473 quod
1756 3408 1924 3460 solem

338 3486 526 3541 fecerit
552 3497 751 3542 tantum
777 3498 830 3543 et
859 3491 1045 3546 coelum
1072 3531 1086 3551 .
1128 3491 1221 3545 sed
1264 3493 1402 3562 quod
1446 3494 1603 3548 etiam
1644 3493 1924 3550 formicam

337 3580 481 3631 tecit.
511 3579 616 3632 Etsi
642 3581 784 3634 enim
806 3595 1052 3651 exiguum
1078 3582 1294 3648 animal,
1325 3582 1480 3638 habet
1514 3594 1687 3641 tamen
1718 3588 1926 3655 sapien-

338 3669 429 3720 tia:
455 3668 542 3722 Dei
576 3670 949 3739 magnitudinis
981 3671 1197 3725 multam
1227 3672 1758 3729 demonstrationem.
1788 3677 1926 3732 Con—

335 3759 515 3814 sidera
541 3760 699 3830 igitur
716 3776 873 3831 quam
903 3762 971 3814 sit
998 3762 1252 3830 prudens,
1272 3772 1325 3816 et
1345 3764 1631 3831 admirare,
1658 3768 1924 3835 quomodo

340 3851 513 3918 potuit
543 3851 679 3905 Deus
704 3851 756 3905 in
813 3860 918 3905 tam
970 3853 1115 3906 brevi
1167 3868 1393 3922 corpore
1446 3861 1643 3907 tantam
1669 3857 1810 3925 jugis
1846 3858 1925 3911 in—

335 3957 521 3996 serere
549 3943 872 4012 operationis
900 3943 1263 4012 cupiditatem.
1298 3945 1377 3999 Ab
1406 3946 1504 4000 hae
1529 3947 1742 4017 quidem
1775 3949 1923 4002 labo-

338 4035 418 4086 ris
440 4035 686 4096 studium.
707 4035 774 4088 ab
798 4049 895 4104 ape
927 4051 1053 4090 vero
1079 4037 1389 4090 munditiam
1408 4047 1459 4091 et
1481 4038 1749 4091 solertiam
1779 4040 1927 4111 disce

338 4124 967 4181 etcharitatem.Etenim
1013 4128 1100 4180 illa
1143 4143 1246 4189 non
1287 4132 1452 4198 magis
1492 4130 1590 4183 sibi
1621 4130 1718 4198 ipsi
1761 4149 1917 4200 quam

339 4216 498 4268 nobis
535 4217 772 4281 laborat,
816 4227 869 4271 et
908 4219 1144 4288 quotidie
1185 4220 1431 4288 fatigatur
1460 4237 1473 4272 :
1505 4220 1645 4289 quod
1694 4223 1926 4278 maxime

337 4308 643 4362 Christiano
671 4311 940 4387 proprium
969 4321 1071 4377 est,
1104 4328 1210 4365 non
1252 4328 1344 4366 sua
1376 4329 1615 4382 quwrere
1637 4354 1653 4379 ,
1684 4315 1777 4369 sed
1807 4331 1926 4385 quze

338 4407 467 4451 sunt
486 4399 727 4453 aliorum.
754 4400 901 4455 Sicut
946 4402 1104 4471 igitur
1127 4404 1209 4457 illa
1238 4403 1585 4458 circumvolat
1604 4407 1781 4459 omnia
1806 4422 1927 4476 pra-

341 4498 390 4541 ta
417 4530 433 4555 ,
476 4499 531 4544 ιιι
560 4503 854 4561 promptam
885 4493 1037 4547 alteri
1070 4505 1333 4565 pra‘paret
1364 4511 1600 4550 mensam
1636 4514 1652 4553 :
1683 4499 1760 4552 sic
1788 4508 1842 4553 et
1870 4508 1924 4554 tu

338 4579 424 4633 fac
449 4619 464 4642 ,
504 4579 698 4647 homo,
740 4583 851 4636 sive
893 4584 1145 4650 pecunias
1184 4599 1515 4655 congreges,
1565 4587 1619 4640 in
1658 4588 1793 4641 alios
1828 4604 1925 4643 ex-

340 4670 515 4737 pende
550 4688 562 4724 :
593 4671 704 4725 sive
732 4671 989 4725 doctrina:
1022 4674 1178 4726 verba
1209 4675 1423 4739 habeas,
1452 4690 1520 4728 ne
1545 4674 1803 4739 defodias,
1832 4677 1924 4731 sed

335 4776 577 4827 apponas
600 4761 954 4831 indigentibus
979 4763 1030 4816 in
1062 4765 1296 4818 medium
1321 4782 1334 4818 :
1360 4767 1473 4821 sive
1493 4767 1633 4819 aliud
1663 4769 1927 4836 peculiare

339 4850 541 4904 habeas
564 4894 580 4918 ,
612 4853 755 4906 utilis
784 4863 900 4907 esto
930 4854 992 4906 iis
1016 4894 1031 4919 ,
1079 4855 1166 4923 qui
1217 4855 1456 4910 laborum
1498 4865 1707 4911 tuorum
1752 4857 1926 4913 fructu

336 4951 517 5011 egent.
548 4942 664 4996 Non
705 4945 879 4997 cernis
902 4985 915 5002 .
946 4954 1224 5013 propterea
1267 4946 1575 5001 animalium
1608 4949 1927 5017 gloriosissi-

338 5048 487 5086 munt
518 5047 635 5087 esse
665 5048 816 5102 apem
837 5075 850 5096 ,
883 5048 988 5087 non
1016 5036 1134 5103 quia
1160 5035 1399 5102 laborat,
1428 5037 1520 5090 sed
1553 5039 1672 5106 quia
1702 5038 1818 5093 aliis
1846 5038 1926 5092 la—

342 5123 534 5176 horat?
561 5125 809 5189 quoniam
834 5134 887 5176 et
911 5140 1105 5177 aranea
1137 5125 1362 5191 laborat,
1391 5137 1446 5182 et
1474 5127 1739 5197 fatigatur,
1768 5139 1821 5184 et
1851 5140 1929 5184 te-

340 5230 473 5268 nues
504 5229 597 5283 per
624 5217 851 5283 parietes
876 5218 1116 5271 extendit
1142 5227 1378 5273 texturas
1400 5261 1415 5282 ,
1444 5236 1658 5275 omnem
1687 5223 1928 5277 mulieris

339 5304 658 5372 sapientiam
691 5306 1032 5370 excedentes,
1059 5308 1151 5362 sed
1182 5318 1263 5362 est
1286 5309 1517 5378 ignobile
1542 5312 1757 5374 animal,
1791 5328 1926 5381 quo—

342 5398 485 5450 niam
515 5413 652 5465 opus
682 5399 798 5467 ejus
836 5400 987 5454 nobis
1018 5401 1315 5456 nullatenus
1339 5412 1421 5456 est
1450 5403 1578 5457 utile
1605 5421 1619 5457 :
1652 5405 1782 5458 tales
1807 5414 1931 5458 sunt.

338 5490 446 5545 sibi
498 5490 804 5546 laborantes
831 5503 885 5546 et
911 5507 969 5547 se
999 5492 1367 5564 defatigantes.
1413 5494 1625 5549 Imitare
1670 5497 1929 5551 columba:

339 5583 775 5651 simplicitatem,
808 5593 1013 5640 sectare
1042 5585 1175 5640 asini
1203 5596 1258 5640 et
1286 5586 1436 5641 bovis
1467 5587 1518 5639 in
1545 5586 1821 5641 dominum
1846 5589 1931 5642 di-

340 5675 654 5739 lectionem,
687 5673 894 5729 imitare
918 5677 1092 5731 avium
1119 5678 1457 5732 securitatem
1493 5693 1507 5729 :
1537 5678 1760 5731 multum
1787 5680 1927 5733 enim

341 5768 540 5826 lucrari
568 5768 693 5824 licet
720 5785 749 5822 a
778 5768 942 5826 brutis
968 5770 1031 5825 ad
1063 5785 1270 5826 morum
1301 5770 1707 5826 correctionem.
1742 5770 1819 5826 Ex
1848 5772 1929 5832 his

2054 820 2189 876 testis
2228 828 2386 891 pascit
2436 828 2846 895 ea(ﬂlatt.6.26
2874 838 2910 899 ).
2964 839 3027 892 Et
3069 844 3323 911 propheta
3351 887 3365 909 ,
3415 850 3635 916 pudefa-

2052 914 2198 968 ciens
2227 917 2459 987 ingratos
2485 922 2696 979 Judtens
2717 968 2733 993 ,
2775 930 2853 982 sic
2898 931 3066 1001 inquit
3096 951 3109 987 :
3138 936 3352 1007 Agnorit
3390 914 3478 995 b'os
3516 962 3636 1013 pos-

2049 1021 2289 1061 sessorem
2313 1028 2459 1065 suum
2484 1024 2529 1068 et
2558 1018 2735 1072 asinus
2758 1038 2980 1091 prresepe
3003 1025 3194 1081 domini
3218 1032 3298 1083 sui
3317 1048 3335 1083 :
3350 1032 3516 1089 Israel
3542 1054 3636 1089 uu-

2050 1106 2145 1150 tem
2172 1117 2250 1155 me
2274 1118 2375 1157 non
2403 1108 2599 1174 agnovit
2624 1108 2773 1177 (lsai.
2812 1113 2861 1166 1.
2887 1114 2966 1182 5).
2997 1098 3075 1170 Et.
3092 1134 3302 1174 rursum
3328 1140 3341 1175 :
3379 1122 3562 1179 Turtur
3586 1136 3634 1180 et

2050 1190 2267 1246 hirundo
2293 1195 2405 1263 agri
2428 1238 2443 1261 ,
2472 1200 2685 1254 avicula:
2704 1241 2718 1266 ,
2752 1220 3084 1275 cognorerunt
3114 1220 3343 1280 tempore
3380 1214 3632 1286 ingressus

2045 1281 2159 1344 sui;
2188 1286 2405 1351 papulas
2427 1302 2539 1341 vero
2560 1307 2695 1344 meus
2715 1310 2812 1346 non
2835 1299 3059 1363 cognovit
3074 1301 3275 1369 judicia
3303 1303 3509 1360 Domini
3540 1308 3632 1363 Dei

2044 1371 2122 1422 sui
2150 1370 2280 1439 (Jer.
2312 1377 2367 1429 8.
2398 1377 2472 1445 7).
2504 1379 2586 1433 Ab
2617 1380 2697 1434 his
2724 1391 2776 1437 et
2804 1398 2833 1435 a
2863 1386 3124 1443 similibus
3152 1394 3462 1448 animalibus
3486 1398 3632 1453 disce

2047 1461 2292 1517 virtutem
2313 1480 2585 1533 exercere,
2613 1486 2643 1526 a
2669 1475 2949 1528 contrariis
2972 1491 3099 1530 vero
3112 1476 3632 1550 vitiuml‘ugere.Sic-

2044 1559 2107 1603 ut
2154 1556 2292 1607 enim
2323 1557 2553 1613 beneliea
2579 1561 2713 1630 apis,
2738 1564 2815 1619 sic
2842 1566 3134 1634 perniciosa
3155 1572 3299 1639 aSpis
3327 1591 3340 1625 :
3371 1575 3626 1631 malitiam

2043 1642 2202 1709 igitur
2227 1646 2341 1711 ejus
2370 1651 2672 1715 averseris,
2715 1668 2782 1706 ne
2831 1655 3055 1711 audias:
3098 1656 3355 1714 Venenum
3396 1665 3633 1733 aspidem

2040 1734 2130 1787 sub
2157 1736 2301 1789 labiis
2328 1754 2500 1792 eorum
2531 1740 2699 1812 (Psal.
2734 1745 2858 1800 159.
2885 1747 2964 1814 tl).
2995 1748 3276 1818 [mpudens
3302 1770 3510 1809 rursum
3537 1771 3622 1810 ca-

2043 1825 2127 1879 nis
2147 1868 2160 1887 ,
2189 1828 2311 1882 odio
2341 1846 2549 1901 quoque
2578 1834 2776 1892 habeas
2811 1837 2947 1893 hanc
2974 1840 3367 1909 improbitatem
3399 1864 3412 1899 :
3439 1847 3625 1905 dolosa

2040 1926 2095 1969 et
2137 1916 2469 1975 fraudulenta
2499 1924 2683 1993 vulpes
2708 1967 2722 1991 ,
2757 1944 2823 1983 ne
2850 1929 3031 1983 vitium
3065 1931 3291 1988 imiteris
3321 1954 3335 1989 :
3366 1938 3458 1991 sed
3490 1938 3627 1993 sicut

2038 2009 2153 2076 apis
2181 2011 2344 2078 partis
2374 2018 2738 2084 supervolans,
2769 2035 2874 2073 non
2903 2023 3078 2075 omnia
3112 2024 3255 2092 legit,
3289 2027 3381 2080 sed
3411 2029 3626 2084 utilibus

2037 2104 2261 2171 sumptis
2288 2106 2485 2175 reliqua
2503 2110 2696 2163 omittit
2717 2129 2729 2164 :
2750 2112 2817 2165 ita
2848 2122 2901 2166 tu
2928 2130 3136 2183 quoque
3166 2117 3324 2172 facias
3347 2120 3620 2176 brutorum

2036 2208 2205 2261 genus
2248 2211 2562 2264 percurrens
2592 2217 2605 2253 :
2633 2201 2679 2254 si
2707 2201 2831 2271 quid
2876 2205 3012 2258 inest
3037 2208 3163 2261 utile
3188 2208 3255 2260 ab
3291 2209 3391 2263 illis
3430 2227 3582 2266 sume
3608 2254 3622 2275 ,

2037 2292 2091 2338 et
2114 2301 2245 2354 quas
2269 2286 2466 2343 habent
2491 2305 2521 2342 a
2553 2301 2736 2344 natura
2770 2296 3148 2363 prwrogativas
3173 2338 3186 2359 ,
3220 2298 3315 2353 has
3348 2313 3399 2352 tu
3433 2316 3527 2370 per
3556 2303 3622 2356 li-

2036 2372 2221 2429 berum
2245 2380 2483 2447 exprime
2502 2382 2777 2436 arbitrium
2803 2399 2818 2437 :
2842 2393 2895 2439 et
2919 2401 3012 2453 per
3039 2386 3140 2440 hoc
3161 2390 3301 2442 enim
3329 2406 3359 2442 a
3388 2391 3498 2445 Deo
3526 2392 3623 2444 ho-

2038 2479 2257 2525 noralus
2301 2488 2398 2539 es,
2430 2473 2572 2542 quod
2612 2477 2878 2531 naturales
2926 2478 3201 2534 brutorum
3246 2485 3624 2551 prmrogativas

2035 2575 2130 2628 per
2157 2561 2378 2616 liberum
2407 2565 2682 2619 arbitrium
2708 2567 2800 2620 tibi
2830 2570 3047 2638 exsequi
3077 2572 3362 2638 Concessit,
3394 2582 3451 2628 ut
3480 2591 3619 2643 pra:-
3650 2570 3659 2578 ’

2034 2653 2139 2706 mia
2160 2655 2524 2724 consequaris.
2550 2655 2657 2712 Illis
2677 2659 2818 2712 enim
2843 2674 2945 2713 non
2970 2676 3038 2714 ex
3061 2661 3321 2717 electione
3338 2672 3392 2717 et
3417 2667 3622 2719 ratione

2033 2742 2168 2797 bona
2214 2760 2405 2813 opera,
2457 2748 2550 2802 sed
2589 2764 2619 2802 a
2667 2750 2776 2804 sola
2822 2761 3029 2807 natura.
3062 2752 3223 2808 Verbi
3263 2757 3429 2825 gratia
3461 2775 3474 2809 :
3510 2760 3624 2828 apis

2032 2835 2321 2900 mellilicat,
2352 2853 2455 2892 non
2486 2840 2690 2895 ratione
2714 2841 2779 2895 ad
2809 2842 2911 2897 huc
2935 2840 3235 2899 facienduin
3265 2848 3499 2913 inducta,
3528 2852 3622 2905 sed

2030 2938 2059 2975 a
2092 2934 2276 2979 natura
2309 2928 2548 2984 instituta
2581 2946 2593 2983 :
2622 2932 2869 2999 quoniam
2912 2934 2955 2986 si
2986 2945 3125 2989 esset
3157 2951 3289 3005 opus
3330 2954 3436 2992 non
3465 2950 3624 2994 natu-

2031 3031 2060 3069 r
2095 3017 2162 3080 le.
2205 3034 2375 3087 neque
2404 3022 2497 3075 ιοιί
2525 3023 2706 3091 generi
2736 3025 3043 3079 attributum
3064 3067 3080 3093 ,
3110 3037 3380 3096 Oportcret
3405 3032 3623 3085 omnino

2030 3124 2096 3162 ex
2128 3109 2255 3179 ipsis
2289 3111 2496 3181 aliquas
2534 3114 2666 3167 artis
2701 3114 3005 3183 inexpertas
3031 3132 3150 3171 esse
3176 3135 3190 3181 ;
3222 3134 3364 3173 nunc
3399 3136 3528 3175 vero
3554 3139 3619 3176 ex

2031 3216 2137 3271 quo
2166 3204 2335 3257 factus
2372 3213 2458 3258 est
2517 3205 2746 3260 mundus
2770 3246 2786 3272 ,
2821 3222 2988 3276 usque
3031 3208 3085 3263 in
3132 3221 3448 3277 pr:csentem
3481 3213 3619 3266 diem

2032 3310 2190 3348 nemo
2215 3295 2345 3349 vidit
2373 3311 2501 3366 apes
2527 3309 2800 3353 cessantes
2829 3310 2882 3354 et
2921 3317 3024 3353 non
3056 3301 3438 3357 mellifieantes.
3464 3304 3612 3358 Talia

2030 3389 2171 3439 enim
2202 3387 2459 3441 naturalia
2489 3389 2582 3442 toti
2609 3390 2790 3458 generi
2816 3392 3119 3444 communia
3144 3404 3268 3446 sunt
3293 3411 3305 3446 :
3338 3409 3457 3463 qua:
3488 3411 3615 3449 vero

2029 3498 2093 3537 ex
2123 3481 2289 3535 libero
2312 3482 2567 3544 arbitrio.
2604 3498 2707 3536 non
2740 3491 2864 3537 sunt
2891 3485 3195 3538 communia
3225 3502 3237 3538 :
3271 3485 3450 3540 labore
3476 3488 3617 3541 enim

2032 3574 2266 3645 indigent
2292 3584 2349 3627 ut
2375 3575 2509 3628 bene
2534 3575 2843 3631 succedant.

2100 3665 2133 3721 3
2196 3663 2347 3718 Nihil
2375 3665 2426 3717 in
2454 3664 2643 3719 mundo
2670 3666 2846 3720 inutile
2869 3709 2885 3733 ,
2909 3668 3001 3721 etsi
3027 3685 3169 3722 secus
3194 3669 3335 3724 nobis
3359 3671 3606 3726 uidentur.

2027 3756 2309 3810 -—Omnia
2362 3758 2521 3826 igitur
2575 3758 2773 3826 optima
2820 3761 3040 3829 capiens
3100 3761 3615 3816 circumamiciaris:

2029 3848 2227 3902 etenim
2252 3849 2637 3901 irrationalium
2663 3865 2756 3902 rex
2782 3865 2874 3912 es;
2902 3866 3057 3919 reges
3084 3861 3287 3917 autem,
3313 3854 3356 3906 si
3386 3853 3507 3921 quid
3540 3866 3622 3907 e~t

2029 3939 2080 3992 in
2109 3937 2335 3998 subditis
2361 3938 2646 4006 optimum,
2670 3939 2780 3993 sive
2802 3956 3013 4004 aurum,
3046 3943 3159 3995 sive
3182 3952 3481 4011 argentum,
3509 3946 3620 3999 sive

2031 4030 2237 4099 lapides
2295 4031 2550 4099 pretiosi,
2585 4032 2697 4086 sive
2751 4043 3058 4101 sumptuosa
3105 4036 3422 4088 vestimenta
3449 4076 3465 4101 ,
3508 4035 3623 4090 haec

2028 4136 2147 4175 eum
2180 4121 2664 4190 superabundantia
2706 4122 2802 4190 ipsi
2835 4123 3141 4191 possident;
3172 4134 3226 4178 et
3265 4141 3331 4179 ex
3374 4136 3618 4180 creatura

2030 4213 2316 4268 Dominum
2380 4222 2526 4268 tuum
2576 4214 2862 4269 admirare.
2886 4215 2939 4270 Si
2988 4215 3114 4284 quid
3160 4232 3286 4270 vero
3318 4225 3369 4270 te
3412 4218 3621 4271 excedit

2028 4304 2352 4371 visibilium,
2383 4314 2438 4360 et
2491 4307 2754 4359 rationem
2816 4306 3056 4360 invenire
3105 4321 3212 4359 non
3265 4316 3450 4377 potes,
3500 4308 3620 4361 ideo

2033 4394 2344 4449 Creatorem
2361 4390 2620 4461 gloriﬁca.
2643 4395 2764 4464 quia
2814 4405 3048 4450 mentem
3080 4406 3222 4450 tuam
3265 4398 3429 4466 ipsius
3466 4399 3619 4466 οιιίιὶο

2029 4488 2233 4541 ciorum
2280 4488 2541 4556 sapientia
2587 4487 2817 4542 excedit.
2849 4487 2926 4543 Ne
2966 4488 3134 4555 dicas,
3169 4489 3343 4556 Quare
3385 4489 3526 4543 hoc?
3554 4491 3616 4544 ad

2029 4576 2156 4646 quid
2190 4576 2331 4629 hoc?
2360 4592 2483 4630 nam
2514 4577 2943 4647 ,unumquodque
2971 4579 3099 4633 utile
3125 4589 3208 4634 est
3230 4619 3243 4640 ,
3272 4579 3371 4633 etsi
3404 4594 3501 4633 nos
3531 4596 3618 4633 ra-

2033 4669 2228 4722 tionem
2259 4669 2582 4738 ignoramus.
2613 4670 2761 4723 Sicut
2783 4672 2924 4724 enim
2957 4672 2999 4724 si
3031 4671 3080 4724 in
3125 4672 3316 4726 medici
3352 4672 3620 4726 officinam

2032 4762 2346 4832 ingrediaris
2386 4771 2440 4816 et
2483 4763 2645 4817 multa
2690 4763 2960 4832 preposita
3011 4763 3193 4817 videas
3246 4765 3619 4826 instrumenta,

2033 4854 2343 4908 varietatem
2375 4854 2853 4908 instrumentorum
2881 4853 3161 4907 admiraris
3182 4895 3194 4913 ,
3220 4853 3344 4906 licet
3387 4854 3621 4922 ipsormn

2033 4945 2244 5001 nescias
2272 4959 2400 4999 usus
2430 4962 2443 4998 :
2473 4946 2552 4998 sic
2578 4954 2630 4997 et
2662 4945 2712 4998 in
2742 4953 2987 4998 creatura
3023 4943 3204 5006 facias,
3234 4952 3289 4997 et
3330 4944 3375 4996 si
3424 4943 3624 4999 videris

2032 5040 2198 5093 multa
2242 5037 2549 5091 animalium
2576 5045 2629 5091 et
2656 5035 2938 5091 herbarum
2985 5043 3039 5088 et
3075 5034 3373 5103 plantarum
3413 5044 3467 5088 et
3506 5036 3627 5089 alia-

2033 5145 2152 5184 rum
2210 5144 2414 5193 rerum,
2469 5142 2693 5197 quarum
2760 5126 3013 5179 utilitates
3064 5125 3312 5193 nescias,
3361 5125 3626 5181 admirare

2034 5221 2270 5289 ipsarum
2298 5218 2636 5280 varietatem,
2666 5229 2820 5284 stupe
2846 5217 3003 5271 etiam
3049 5217 3284 5286 ipsarum
3322 5228 3624 5273 creatorem

2034 5311 2400 5380 optimumque
2438 5310 2682 5378 opificem
2728 5309 2895 5362 Deum
2944 5327 2957 5363 :
3004 5307 3253 5377 quoniam
3303 5324 3403 5362 nec
3450 5307 3625 5362 omnia

2037 5402 2128 5456 tibi
2162 5411 2283 5454 nota
2307 5401 2426 5456 fecit
2446 5441 2462 5466 ,
2497 5415 2594 5455 nec
2620 5401 2798 5455 omnia
2830 5401 3119 5471 incognita.
3149 5401 3261 5456 Non
3287 5401 3410 5455 fecit
3433 5399 3627 5470 quippe

2037 5492 2217 5546 omnia
2262 5492 2554 5561 incognita,
2582 5507 2649 5546 ne
2678 5491 2824 5546 dicas
2853 5507 2973 5547 esse
2998 5493 3254 5545 mundum
3300 5492 3416 5545 sine
3452 5490 3629 5559 provi-

2036 5584 2217 5639 dentia
2251 5599 2264 5634 :
2298 5599 2403 5638 non
2435 5585 2676 5653 permisit
2698 5599 2827 5640 vero
2872 5585 2962 5639 tibi
2997 5585 3206 5654 cognita
3246 5598 3366 5637 esse
3415 5580 3620 5644 omnia,

2039 5690 2108 5730 ne
2136 5673 2455 5742 cognitionis
2497 5674 2806 5745 magnitudo
2854 5683 2905 5729 te
2946 5674 2997 5727 in
3039 5672 3344 5741 superbiam
3376 5669 3618 5726 extollat.

2044 5767 2133 5825 Sic
2177 5765 2372 5836 quippe
2410 5775 2463 5823 et
2508 5767 2734 5839 primum
2779 5765 3049 5822 hominem
3103 5764 3375 5836 improbus
3420 5763 3630 5820 daamon
