4068 6434
514 366 607 420 131
1208 354 1264 409 S.
1303 351 1578 408 JOlNNlS
1615 348 2085 406 ClliiYSOSTOMl

2193 348 2442 405 lCﬂiEP.
2483 349 3015 427 COIiSTANTiNOP.
3681 359 3773 414 139

511 479 600 531 ille
654 469 1021 543 przecipitavit,
1066 482 1162 536 per
1207 468 1424 532 majoris
1471 466 1708 519 scientia:
1756 477 1945 531 spent,
1974 478 2091 515 eam

511 583 670 639 quam
704 565 927 620 habebat
948 560 1220 615 auferens:
1243 560 1525 628 Propterea
1557 568 1611 611 et
1636 557 1850 627 sapiens
1879 555 2093 625 quidam

514 661 784 722 admonet,
815 656 996 710 dicens
1029 670 1040 705 :
1077 652 1320 706 Fortiora
1358 662 1404 705 te
1446 668 1508 704 ne
1545 667 1762 719 quaeras,
1787 658 1834 704 et
1878 648 2094 720 profun-

511 751 655 804 diara
694 758 739 801 te
768 764 827 799 ne
871 745 1105 800 scrutaris
1129 760 1146 797 :
1170 759 1282 811 qua:
1308 742 1548 796 mandata
1573 751 1689 795 sunt
1715 741 1801 794 tibi
1824 782 1839 805 ,
1874 740 1979 793 luet:
2009 754 2091 791 co-

515 841 653 909 gnita
682 837 873 907 (I'Icclt.
896 836 1056 891 5.2!.
1080 835 1171 904 Εἰσὶ)
1202 853 1212 887 :
1249 836 1411 904 ipsius
1440 835 1581 888 enim
1611 848 1830 900 cperum
1861 832 2007 900 plura
2041 831 2092 882 in

511 931 738 986 secretis
768 935 931 989 sunt;
964 938 1017 981 et
1043 940 1273 987 rursum,
1309 924 1512 995 Major-tt
1542 924 1799 977 hominum
1826 921 2092 992 prudentia

508 1024 851 1076 demonstrato
903 1028 1019 1071 sunt
1068 1018 1155 1070 tibi
1181 1016 1285 1088 (Ib.
1318 1034 1364 1069 υ.
1404 1014 1519 1084 ‘25).
1574 1015 1687 1069 lloc
1738 1024 1915 1067 autem
1962 1012 2098 1064 dixit

507 1114 794 1169 consolans
824 1121 1137 1166 maerentem
1186 1121 1239 1163 et
1285 1108 1552 1161 dolentem
1576 1146 1590 1169 ,
1615 1105 1754 1174 quod
1786 1120 1889 1157 non
1916 1104 2095 1157 omnia

508 1206 651 1259 norit
684 1205 921 1259 :etenim
952 1213 1006 1257 et
1034 1217 1094 1255 ca
1118 1242 1132 1262 ,
1166 1201 1364 1269 inquit,
1397 1214 1516 1269 quae
1563 1212 1722 1251 nosse
1763 1196 1943 1249 datum
1989 1201 2091 1257 cst,

507 1294 732 1348 multum
778 1292 1111 1362 prudentiam
1169 1301 1313 1344 tuam
1359 1287 1822 1357 transgrediuntur
1867 1303 1881 1339 :
1920 1298 2095 1353 neque

505 1387 650 1441 enim
681 1402 746 1440 ex
781 1396 830 1439 te
873 1385 1153 1449 invenisti,
1186 1382 1279 1437 sed
1323 1397 1353 1435 a
1405 1382 1513 1435 Deo
1554 1380 1761 1432 doetus.
1804 1378 2097 1433 Contentus

510 1477 669 1545 igitur
697 1484 810 1530 esto
832 1475 970 1528 datis
996 1474 1191 1527 divitiis
1211 1515 1225 1539 ,
1259 1480 1311 1527 et
1360 1488 1424 1525 ne
1449 1471 1678 1539 amplius
1705 1470 1967 1538 inquiras,
2000 1468 2095 1522 sed

511 1583 607 1636 pro
642 1569 726 1633 iis,
752 1583 872 1637 qua:
899 1567 1172 1635 accepisti,
1200 1564 1396 1634 gratias
1425 1577 1555 1632 age:
1581 1561 1685 1614 noli
1718 1561 1976 1629 indignari
1999 1574 2096 1628 pro

510 1659 597 1726 iis,
622 1675 740 1730 quae
766 1674 870 1713 non
905 1659 1173 1727 accepisti,
1197 1666 1250 1711 ct
1282 1671 1376 1725 pro
1419 1656 1512 1718 iis,
1558 1669 1678 1724 quae
1725 1654 1900 1716 nosti,
1933 1653 2096 1721 glori-

508 1750 629 1813 flca,
672 1765 741 1805 ne
789 1751 1165 1804 scandalizeris
1217 1755 1436 1818 prepter
1484 1761 1547 1799 ea
1599 1761 1717 1815 qute
1760 1760 1865 1799 non
1911 1745 2091 1798 nosti:

505 1841 668 1894 ambo
693 1841 839 1895 enim
869 1841 1008 1895 Deus
1032 1839 1231 1893 utiliter
1262 1838 1382 1891 fecit
1406 1878 1421 1903 ,
1453 1844 1508 1890 et
1536 1835 1651 1889 hmc
1676 1835 1891 1904 quidem
1936 1849 2094 1887 reve-

509 1930 656 1998 lavit,
685 1932 770 1986 illa
798 1945 924 1986 vero
962 1930 1241 1985 abscondit
1281 1937 1384 1983 tuae
1425 1927 1710 1981 consulens
1745 1927 1921 1979 Saluti.
1950 1924 2094 1979 Unus

506 2023 724 2092 quippe,
754 2022 896 2092 qttod
925 2022 1064 2083 dixi,
1096 2020 1190 2074 Dei
1219 2018 1569 2089 cognoscendi
1608 2017 1795 2070 modus
1827 2031 1923 2085 per
1945 2030 2095 2069 crea.

509 2114 729 2177 tionem,
771 2113 966 2165 multos
993 2112 1178 2166 valens
1226 2111 1340 2163 dies
1379 2109 1679 2163 absumere.
1705 2105 1773 2162 Ut
1803 2106 1946 2161 enini
1987 2122 2091 2158 non

508 2204 674 2257 solius
710 2203 943 2256 hominis
984 2216 1105 2255 cum
1150 2200 1420 2268 diligentia
1469 2197 1840 2252 formationem
1873 2210 2094 2266 percur-

507 2309 720 2360 ramus,
749 2310 869 2348 cntn
920 2293 1189 2363 diligentia
1220 2292 1340 2346 dico
1382 2291 1535 2345 nobis
1560 2288 1835 2359 possibili,
1869 2302 1971 2342 non
2000 2288 2090 2341 illa

508 2400 634 2440 vera
661 2385 936 2454 diligentia
968 2401 981 2438 :
1011 2398 1133 2437 nam
1160 2384 1260 2437 etsi
1306 2382 1500 2435 multas
1543 2381 1805 2434 factorum
1857 2378 2093 2433 rationes

505 2475 761 2540 diximus,
784 2485 907 2528 sunt
939 2484 1115 2529 tamen
1143 2482 1197 2527 et
1220 2472 1337 2526 alia:
1383 2473 1561 2541 plures
1588 2485 1798 2526 arcanae
1836 2485 1967 2539 quas
2000 2469 2093 2539 qui

507 2566 654 2633 fecit,
688 2569 831 2619 novit
856 2564 1039 2630 Deus;
1068 2580 1171 2617 nou
1199 2564 1341 2617 enim
1383 2578 1570 2617 omnes
1616 2561 1717 2632 ipsi
1762 2562 1961 2615 scimus
1991 2578 2003 2614 :
2038 2572 2095 2616 ut

509 2659 668 2729 igitur
696 2671 906 2711 omnem
953 2655 1185 2709 hominis
1232 2653 1603 2709 formationem
1652 2668 1775 2708 cum
1822 2654 2091 2723 diligentia

510 2762 905 2819 percurramus,
927 2757 980 2802 et
1021 2747 1073 2800 in
1114 2760 1435 2816 unoquoque
1484 2746 1728 2800 membro
1777 2746 2090 2815 sapientiam

510 2842 861 2906 inveniamus,
894 2848 947 2895 et
1004 2854 1310 2904 nervorum,
1338 2853 1592 2893 venarum
1612 2880 1626 2904 ,
1651 2840 1965 2893 arteriarum
2011 2838 2092 2891 di-

511 2933 900 2994 Stributionem,
932 2932 1116 2995 situm,
1145 2932 1479 3000 aliorumque
1523 2930 1759 2983 omnium
1808 2930 2090 2984 formatio-

511 3037 633 3078 nem
662 3023 1096 3085 considerentus,
1132 3037 1232 3075 nec
1257 3036 1428 3075 annus
1453 3022 1656 3091 integer
1684 3022 1838 3076 nobis
1858 3021 1923 3075 ad
1955 3023 2092 3076 hanc

509 3114 894 3182 expositionem
928 3113 1176 3167 sufficiet.
1206 3111 1332 3167 ldeo
1370 3113 1529 3166 istum
1567 3115 1654 3167 hic
1697 3127 1998 3167 sermonem
2030 3114 2092 3165 fi-

508 3206 737 3270 nientes,
765 3214 819 3258 et
848 3203 1126 3259 laboriosis
1146 3204 1503 3273 studiosisque
1526 3220 1589 3258 ex
1616 3204 1771 3258 dictis
1793 3205 2092 3273 praebentes

508 3304 564 3350 et
614 3295 746 3348 alias
797 3294 1084 3348 creationis
1133 3303 1309 3362 partes
1361 3296 1701 3363 percurrendi
1754 3297 1989 3357 modum.
2022 3295 2090 3349 ad

508 3387 666 3440 aliain
688 3400 992 3442 sermonem
1017 3385 1353 3457 hypothcsim
1375 3397 1665 3453 vertamus,
1686 3388 1850 3455 ipsam
1879 3404 2090 3461 quoque

510 3479 603 3533 Dei
634 3479 979 3548 providentiae
1007 3480 1501 3532 demonstrativam.
1529 3479 1661 3546 Quze
1692 3481 1852 3549 igitur
1889 3490 1970 3536 est
2000 3498 2090 3537 se-

508 3570 681 3623 cunda
705 3568 1055 3639 hypothesis?
1087 3568 1166 3621 Ab
1187 3568 1338 3622 initio
1370 3569 1507 3622 Deus
1531 3570 1799 3625 hominem
1832 3573 2086 3640 formans,

509 3659 682 3728 legem
711 3659 808 3727 ipsi
841 3658 1133 3712 naturalem
1175 3659 1381 3712 indidit.
1413 3660 1478 3712 Et
1506 3660 1630 3728 quid
1652 3662 1863 3716 tandem
1891 3671 1974 3716 est
2004 3663 2089 3717 lex

512 3752 810 3807 naturalis?
837 3751 1231 3805 Conscientiant
1261 3752 1414 3805 nobis
1443 3754 1728 3821 expressit,
1758 3762 1813 3808 et
1841 3770 1870 3808 a
1900 3766 2087 3809 natura

512 3843 731 3897 inditam
763 3855 883 3896 esse
910 3840 1075 3894 voluit
1104 3840 1364 3895 bonorum
1396 3851 1450 3897 et
1485 3844 1876 3898 contrariorum
1915 3848 2090 3900 scien-

514 3938 663 3989 tiam.
691 3933 804 3987 Non
846 3934 985 3988 enim
1014 3949 1149 4003 opus
1178 3932 1440 3987 habemus
1461 3934 1689 3997 discere.
1712 3936 1854 4005 quod
1884 3937 2086 3991 malum

515 4028 587 4081 sit
610 4028 904 4091 fornicatio,
933 4034 987 4081 et
1014 4026 1208 4080 bonum
1234 4026 1580 4093 continentia,
1602 4028 1696 4082 sed
1724 4029 1792 4081 ab
1810 4029 1959 4083 initio
1984 4029 2087 4083 hoc

506 4119 870 4173 scitnus.Et-ut
883 4117 1056 4171 discas
1074 4131 1172 4171 nos
1193 4117 1261 4170 ab
1282 4117 1429 4171 initio
1452 4119 1552 4172 hoc
1571 4118 2005 4189 scire,legislator
2022 4122 2089 4174 le-

505 4226 598 4280 ges
617 4220 794 4279 postea
814 4209 1010 4271 ferens,
1030 4218 1084 4262 et
1105 4209 1289 4263 dicens
1315 4225 1329 4262 :
1349 4207 1472 4262 Non
1496 4209 1830 4280 occides(E.t:.
1854 4212 2040 4283 20.15)
2068 4230 2081 4266 :

513 4318 618 4355 non
644 4301 840 4366 intulit,
865 4300 1058 4354 Malum
1075 4300 1217 4354 enim
1239 4300 1447 4355 cwdes:
1472 4301 1563 4355 sed
1586 4302 1929 4371 simpliciter:
1963 4301 2084 4357 Non

503 4396 719 4457 occides,
746 4394 916 4462 inquit
948 4409 963 4446 :
994 4393 1261 4462 prohibuit
1285 4395 1427 4447 enim
1461 4405 1735 4463 peccatum
1781 4395 2078 4459 dumtaxat,

505 4499 609 4541 tton
631 4483 1007 4551 docuit.Quare
1033 4483 1191 4552 igitur
1213 4484 1301 4553 qui
1320 4483 1602 4548 dixit,Non
1619 4486 1837 4551 occides,
1858 4501 1961 4540 n0u
1988 4485 2084 4541 ad-

503 4576 657 4642 didit,
677 4576 807 4642 Quia
829 4572 1028 4628 iualum
1057 4576 1231 4629 caedes
1253 4580 1276 4630 ιθ
1300 4575 1562 4643 Quoniam
1585 4579 1728 4646 prius
1755 4580 2080 4635 conscientia

505 4688 603 4731 nos
629 4671 731 4726 hoc
753 4668 954 4731 dueuit,
979 4677 1032 4721 et
1053 4675 1323 4736 tamquam
1355 4669 1644 4723 scientibus
1666 4678 1721 4723 et
1742 4671 2083 4741 intelligenti-

503 4768 604 4825 bus
626 4767 695 4820 ita
729 4764 978 4832 loquitur.
1002 4763 1134 4817 Cum
1159 4760 1316 4830 igitur
1333 4762 1399 4817 de
1422 4763 1527 4816 alio
1549 4763 1780 4832 loquitur
1807 4767 2077 4832 mandato,

501 4872 606 4911 non
634 4855 788 4909 nobis
818 4870 912 4923 per
931 4852 1311 4913 conscientiam
1344 4861 1500 4917 noto,
1531 4869 1634 4907 non
1666 4864 1865 4908 tantum
1898 4858 2078 4925 prohi-

499 4950 612 5015 bet,
644 4948 736 5002 sed
763 4958 817 5002 et
845 4960 1060 5001 causam
1091 4946 1330 5013 apponit.
1363 4946 1435 4999 De
1458 4946 1679 5001 sabbato
1707 4948 1881 5017 itaque
1911 4949 2078 5019 legem

499 5044 702 5105 ferens,
734 5050 788 5095 et
816 5038 1038 5095 dicens:
1070 5037 1300 5109 Septima
1325 5040 1407 5093 die
1432 5057 1532 5093 non
1554 5041 1710 5111 [acies
1753 5056 1881 5109 opus
1915 5040 2075 5112 (Ibid.

501 5148 535 5186 v
574 5171 588 5184 .
619 5133 705 5202 10)
742 5150 755 5186 :
786 5131 1055 5200 sulijunxit
1078 5145 1296 5185 causam
1324 5146 1536 5201 quoque
1560 5134 1876 5187 cessationis
1906 5151 1919 5186 :
1947 5149 2079 5203 qua-

495 5225 600 5279 leut
631 5236 761 5279 vero
780 5223 805 5275 ‘l
838 5220 969 5285 Quia
1003 5222 1056 5274 in
1085 5221 1168 5274 die
1193 5222 1404 5292 septima
1441 5223 1677 5291 requievit
1700 5222 1841 5276 Deus
1876 5225 1938 5277 ab
1965 5241 2077 5277 om-

496 5315 640 5367 nibus
684 5312 916 5382 operibus
966 5312 1073 5365 suis
1099 5327 1209 5382 qua:
1242 5322 1456 5381 cmperat
1498 5316 1665 5383 facere
1692 5329 1710 5366 :
1737 5325 1791 5368 et
1818 5330 2030 5370 rursum
2061 5332 2074 5369 :

499 5406 752 5472 Quoniam
778 5419 950 5458 servus
979 5403 1121 5474 fuisti
1146 5405 1199 5456 in
1228 5413 1361 5456 terra
1388 5402 1604 5474 [Egypti
1637 5404 1810 5476 (Deut.
1839 5406 1929 5461 24.
1962 5408 2072 5476 te).

497 5505 673 5567 Quare
719 5498 899 5567 igitur,
929 5498 1015 5551 dic
1056 5497 1207 5562 mihi,
1240 5498 1290 5550 in
1330 5499 1552 5552 sabbato
1596 5500 1809 5569 quidem
1859 5516 2073 5556 causam

496 5591 713 5660 adjecit,
745 5591 797 5645 in
830 5591 975 5645 crede
1005 5604 1131 5644 vero
1166 5588 1298 5644 nihil
1338 5590 1440 5645 tale
1469 5589 1635 5645 fecit?
1664 5593 1924 5659 Quoniam
1972 5593 2075 5649 hoc

496 5682 708 5746 quidem
751 5680 1057 5733 mandatum
1087 5695 1195 5734 non
1244 5678 1312 5734 de
1358 5682 1626 5750 primariis
1662 5692 1798 5749 erat,
1829 5699 1931 5740 nec
1980 5700 2074 5754 per

495 5771 871 5826 conscientiam
899 5770 1053 5827 nobis
1078 5770 1384 5855 exquisitis,
1412 5771 1505 5828 sed
1537 5774 1854 5846 particulare
1890 5778 2062 5848 quod.

2209 460 2331 514 dum
2359 471 2412 516 ct
2439 470 2839 531 temporaneum
2875 479 2888 515 :
2920 469 3199 531 propterea
3240 472 3360 532 post
3400 464 3517 521 inec
3549 470 3770 527 Solutum

2203 559 2324 604 est:
2362 552 2660 605 necessaria
2692 566 2840 613 vero.
2873 559 2930 606 et
2953 552 3116 606 vitam
3142 562 3377 606 nostram
3405 557 3733 613 continentia
3756 603 3771 625 ,

2204 640 2290 693 illa
2340 650 2508 695 sunt:
2545 640 2666 694 Non
2707 642 2936 706 occides,
2971 658 3074 695 non
3119 642 3385 713 furaberis.
3410 661 3514 699 non
3557 651 3771 702 ma’t'htl-

2199 730 2329 784 beris
2354 730 2547 803 (Exod.
2576 730 2667 786 20.
2704 733 2894 801 15-15)
2930 750 2943 786 :
2974 741 3029 787 ct
3067 733 3188 786 ideo
3219 735 3516 791 nullatenus
3538 737 3624 793 hic
3651 756 3772 793 ean-

2200 836 2312 875 sam
2347 823 2512 890 ponit.
2541 837 2640 877 nec
2665 821 2961 876 doctrinam
2992 822 3224 890 adducit,
3251 825 3346 881 sed
3366 829 3481 881 sola
3503 844 3635 897 opus
3662 848 3773 887 esse

2202 922 2355 982 putat
2389 912 2769 979 prohibitione.

2269 1004 2322 1058 4.
2361 1003 2507 1058 luris
2542 1005 2788 1069 naturalis
2831 1004 3051 1075 cognitio
3094 1006 3259 1060 indita
3315 1007 3526 1061 homini.
3559 1038 3632 1049 —
3674 1010 3775 1065 Nec

2201 1097 2327 1151 inde
2359 1106 2585 1162 tantum,
2615 1096 2707 1151 sed
2756 1107 2809 1152 et
2835 1097 3048 1152 aliunde
3095 1098 3247 1153 vobis
3285 1098 3651 1156 demonstrare
3687 1117 3769 1156 co-

2200 1188 2388 1249 nabor,
2423 1186 2690 1257 quomodo
2734 1202 2763 1239 a
2809 1197 2994 1242 natura
3035 1189 3309 1243 institutus
3349 1201 3466 1244 erat
3514 1190 3670 1245 homo
3710 1194 3775 1248 ad

2199 1280 2412 1333 virtutis
2436 1279 2818 1349 cognitionem.
2861 1279 3097 1333 Primum
3132 1281 3300 1334 Adam
3346 1282 3564 1336 admisit
3592 1300 3771 1352 pecca-

2201 1379 2334 1435 tum,
2363 1379 2556 1439 etpost
2602 1379 2877 1439 peccatum
2924 1371 3102 1424 statim
3148 1387 3207 1426 se
3245 1374 3641 1427 eccultavit‘lsi
3683 1376 3779 1428 ali—

2199 1460 2325 1531 quid
2357 1462 2480 1515 mali
2511 1475 2570 1516 se
2617 1470 2956 1530 perpetrasse
2982 1476 3089 1515 non
3119 1471 3361 1526 noverat,
3391 1479 3496 1533 qua
3528 1463 3595 1518 de
3621 1478 3771 1518 causa

2198 1565 2257 1605 se
2278 1551 2605 1605 occultavit?
2636 1550 2815 1620 Neque
2840 1550 2982 1605 enim
3013 1559 3166 1605 erant
3185 1549 3522 1614 litterze,non
3546 1552 3648 1617 lex,
3675 1569 3771 1608 non

2199 1641 2372 1695 Moses
2402 1658 2415 1694 :
2446 1641 2589 1696 unde
2632 1642 2789 1711 igitur
2823 1641 2970 1694 novit
3013 1650 3289 1709 peccatum
3311 1681 3327 1705 ,
3362 1648 3423 1693 ut
3458 1655 3517 1695 se
3558 1641 3779 1695 abscon-

2197 1731 2383 1787 deret?
2410 1731 2520 1787 Nec
2560 1742 2762 1786 tantum
2817 1745 2875 1785 se
2929 1730 3100 1795 celat,
3156 1729 3251 1784 sed
3300 1739 3354 1785 et
3401 1740 3678 1784 accusatus
3724 1730 3770 1782 in

2197 1824 2358 1876 alium
2415 1833 2641 1877 conatur
2685 1821 2976 1877 transferre
3030 1837 3289 1887 causam,
3336 1822 3563 1876 dicens:
3596 1822 3766 1876 Mulier

2197 1932 2348 1985 quam
2374 1915 2556 1968 dedisti
2601 1915 2761 1980 mihi,
2797 1914 2908 1984 ipsa
2952 1914 3088 1969 dedit
3137 1914 3259 1967 mihi
3301 1915 3363 1968 de
3409 1915 3549 1986 ligno
3575 1955 3589 1980 ,
3620 1926 3666 1968 et
3689 1932 3770 1968 εο-

2198 2005 2332 2058 medi
2363 2004 2514 2075 (Gen.
2546 2006 2600 2060 5.
2630 2004 2743 2075 l2).
2798 2005 2866 2059 Et
2914 2005 3002 2059 illa
3050 2019 3234 2060 rursus
3275 2005 3327 2059 in
3374 2007 3539 2060 alium
3580 2007 3773 2071 crimen

2200 2096 2484 2162 transfert,
2551 2106 2852 2167 serpentem
2890 2099 3110 2152 scilicet.
3160 2098 3238 2152 Ac
3286 2097 3413 2153 vide
3466 2099 3770 2169 sapientiam

2198 2188 2291 2243 Dei
2324 2204 2486 2244 :cum
2542 2191 2682 2244 enim
2733 2189 2902 2243 Adam
2955 2189 3212 2244 dixisset:
3256 2189 3444 2244 Vocem
3498 2200 3634 2244 tuam
3681 2210 3772 2245 auo

2196 2282 2298 2336 divi
2317 2324 2331 2348 ,
2361 2292 2406 2337 et
2456 2284 2631 2349 timui,
2657 2300 2713 2338 eo
2754 2285 2887 2354 quod
2935 2285 3103 2338 nudus
3130 2300 3282 2338 essem
3302 2325 3318 2352 ,
3351 2295 3403 2339 et
3442 2284 3676 2338 abscondi
3702 2300 3769 2338 me

2197 2375 2301 2444 (Ib.
2325 2392 2372 2430 υ.
2408 2378 2495 2448 10)
2523 2396 2536 2431 :
2566 2378 2704 2432 Deus
2724 2392 2828 2431 non
2854 2378 3032 2432 statim
3061 2378 3254 2431 factum
3285 2377 3585 2447 redarguit,
3614 2393 3773 2447 neque

2195 2467 2328 2523 dixit
2350 2487 2362 2522 :
2395 2469 2568 2537 Quare
2594 2470 2735 2524 enim
2767 2469 2832 2524 de
2857 2470 2997 2539 ligno
3021 2469 3337 2525 comedisti?
3365 2470 3462 2524 sed
3481 2469 3771 2540 quomodo?

2199 2560 2324 2627 Quis
2349 2563 2480 2615 enim
2505 2562 2741 2615 indicavit
2783 2562 2870 2615 tibi
2897 2563 3031 2630 quod
3073 2561 3238 2616 nudus
3282 2579 3416 2617 esse:
3445 2563 3541 2616 nisi
3568 2561 3696 2632 quod
3717 2574 3771 2614 ex

2196 2652 2362 2721 ligno,
2395 2660 2457 2707 de
2494 2670 2590 2724 quo
2621 2667 2956 2723 prwceperam
2991 2652 3078 2706 tibi
3108 2669 3170 2706 ne
3193 2652 3501 2717 comedens,
3530 2652 3773 2705 comedint

2196 2742 2382 2815 (Ibid.
2426 2764 2481 2803 ν.
2531 2744 2684 2815 ll)?
2728 2744 2909 2814 Neque
2966 2745 3164 2810 tacuit,
3216 2759 3315 2798 nec
3367 2752 3556 2813 aperte
3612 2744 3769 2811 ipsum

2195 2834 2509 2904 redarguit:
2560 2850 2666 2889 non
2722 2835 2863 2889 enim
2895 2836 3091 2902 tacuit,
3128 2845 3183 2888 ut
3223 2836 3395 2903 ipsum
3465 2832 3530 2887 ad
3581 2832 3771 2903 peccati

2191 2924 2583 2980 confessionem
2607 2933 2889 2990 evocaret;
2911 2939 3007 2980 nec
3032 2941 3156 2979 vero
3178 2924 3463 2979 manifeste
3486 2922 3762 2991 redarguit,
3814 2920 3825 2931 ’

2194 3032 2262 3071 ne
2285 3025 2448 3071 totum
2482 3016 2574 3071 Dei
2602 3027 2763 3081 esset,
2795 3027 2848 3071 et
2891 3018 2981 3071 ille
3012 3018 3244 3086 privatus
3276 3026 3579 3071 remaneret
3608 3015 3769 3079 venia,

2196 3123 2315 3177 qua:
2359 3108 2512 3162 nobis
2542 3124 2612 3162 ex
2660 3108 2997 3164 confeSsione
3049 3110 3303 3162 nascitur.
3342 3109 3627 3179 Propterea
3673 3123 3768 3161 non

2195 3199 2326 3252 dixit
2353 3200 2630 3254 manifeste
2652 3214 2889 3263 causam,
2908 3200 3047 3254 unde
3072 3201 3301 3270 cognitio
3322 3201 3337 3231 ⁸
3361 3210 3487 3255 nata
3509 3207 3665 3267 esset,
3684 3198 3768 3253 sed

2196 3291 2296 3343 sub
2328 3291 2758 3360 interrogationis
2799 3290 2969 3346 forma
3008 3307 3311 3347 sermonem
3354 3293 3595 3361 profert,
3624 3303 3673 3346 ttt
3702 3292 3768 3344 illi

2192 3381 2392 3435 aditum
2429 3382 2494 3435 ad
2525 3381 2912 3437 confessionem
2935 3384 3279 3452 relinqueret.
3312 3383 3547 3438 Rursum
3570 3385 3620 3439 in
3649 3384 3765 3438 Cain

2194 3482 2245 3526 et
2271 3473 2402 3527 Abel
2433 3471 2573 3527 idem
2599 3473 2779 3529 videre
2806 3473 2948 3528 licet.
2982 3474 3220 3528 Primum
3268 3476 3485 3545 quidem
3526 3475 3770 3545 primitias

2195 3563 2304 3619 Deo
2336 3564 2577 3619 ferebant
2615 3565 2852 3621 laborum
2885 3581 3121 3621 suorum.
3158 3567 3269 3622 Non
3298 3570 3444 3621 enim
3481 3585 3511 3622 a
3562 3576 3770 3639 peccato

2193 3663 2416 3718 tantum,
2449 3655 2543 3711 sed
2570 3657 2728 3710 etiam
2752 3673 2782 3711 a
2811 3658 3002 3712 virtute
3028 3658 3479 3723 demonstremus,
3510 3659 3765 3713 hominem

2194 3750 2468 3818 utriusque
2488 3749 2709 3803 scientia
2741 3750 3018 3818 prmditum
3049 3750 3227 3804 fuisse.
3257 3750 3411 3818 Quod
3436 3753 3592 3822 igitur
3617 3752 3766 3805 homo

2190 3851 2464 3912 peccatum
2529 3857 2651 3897 esse
2715 3843 2909 3896 malum
2963 3843 3073 3910 jam
3139 3844 3340 3907 sciret,
3394 3845 3768 3899 demonstravit

2190 3933 2359 3988 Adam
2385 3949 2401 3999 ;
2423 3933 2565 4002 quod
2606 3944 2781 3989 autem
2807 3935 3057 3989 virtutem
3089 3949 3209 3989 esse
3250 3935 3448 3989 bonum
3481 3939 3636 3991 etiam
3672 3934 3766 3989 sci-

2190 4034 2292 4089 ret,
2325 4038 2533 4080 rursum
2590 4026 2724 4081 Abel
2781 4026 3157 4081 manifestavit.
3204 4028 3318 4082 Non
3369 4032 3513 4084 enim
3557 4030 3624 4084 ab
3665 4029 3766 4083 ullo

2189 4117 2398 4183 doctus,
2419 4134 2588 4188 neque
2616 4121 2728 4184 lege
2748 4118 2814 4173 de
2839 4119 3082 4187 primitiis
3110 4121 3224 4175 ha-c
3252 4121 3551 4178 disserente
3576 4122 3761 4187 audita,

2189 4210 2285 4265 sed
2311 4226 2339 4263 a
2368 4226 2461 4265 sua
2492 4210 2816 4265 conscientia
2845 4211 3034 4266 doctus
3056 4253 3070 4277 ,
3098 4215 3414 4268 sacrificium
3467 4215 3591 4269 illud
3619 4215 3758 4268 obtu~

2189 4302 2266 4356 lit.
2299 4302 2583 4371 Propterea
2623 4317 2727 4357 non
2774 4302 3044 4359 descendo
3077 4304 3143 4357 ad
3190 4317 3456 4372 posteros,
3491 4307 3583 4361 sed
3631 4306 3761 4359 circa

2189 4392 2392 4462 priores
2417 4392 2659 4447 homines
2685 4408 2890 4457 versor,
2916 4393 3127 4463 quando
3173 4394 3406 4449 nondum
3442 4397 3646 4463 litterae,
3673 4410 3761 4448 ne-

2188 4499 2291 4554 que
2314 4485 2420 4549 lex,
2453 4500 2627 4554 neque
2649 4484 2925 4554 prephette
2954 4493 3008 4538 et
3028 4484 3235 4554 judices
3257 4527 3272 4548 ,
3309 4485 3402 4540 sed
3430 4489 3575 4540 solus
3602 4487 3760 4540 Adam

2188 4589 2309 4627 cum
2334 4574 2453 4629 filiis
2480 4585 2595 4629 erat
2615 4615 2629 4637 ,
2661 4586 2720 4629 ut
2746 4574 2921 4629 discas
2947 4574 2999 4628 in
3024 4587 3211 4628 natura
3254 4574 3514 4629 bonorum
3559 4585 3611 4629 et
3636 4591 3759 4630 con-

2190 4666 2470 4720 trariorum
2515 4667 2791 4721 scientiam
2838 4667 2984 4734 prius
3031 4666 3194 4721 fuisse
3257 4668 3566 4735 repositam.
3618 4667 3758 4721 Unde

2186 4757 2331 4812 enim
2383 4756 2570 4812 didicit
2615 4758 2771 4822 Abel,
2799 4758 2940 4828 quod
2974 4758 3170 4812 bonum
3198 4769 3340 4813 esset
3391 4760 3604 4824 offerre,
3626 4759 3757 4828 quod

2186 4848 2383 4903 bonum
2410 4849 2577 4903 Deum
2603 4851 2868 4915 venerari,
2900 4860 2953 4905 et
2980 4851 3031 4905 in
3059 4852 3306 4905 omnibus
3329 4854 3526 4921 gratias
3566 4850 3758 4919 agerc?

2185 4938 2321 5006 Quid
2355 4939 2514 5008 igitur
2535 4980 2550 5006 ,
2575 4956 2640 4994 an
2663 4938 2791 4995 Cain
2835 4956 2940 4993 non
2984 4941 3214 4995 obtulit?
3238 4940 3439 4995 Obtulit
3476 4941 3680 5011 quidem
3708 4948 3756 4992 et

2185 5029 2329 5097 ipse,
2360 5029 2453 5084 sed
2492 5045 2600 5083 non
2648 5030 2912 5084 similiter.
2943 5030 3008 5084 Et
3048 5030 3173 5085 hinc
3207 5046 3332 5084 vero
3381 5046 3589 5084 rursum
3633 5044 3754 5081 con-

2184 5119 2421 5173 scientia:
2445 5119 2678 5189 cognitio
2706 5127 2926 5188 apparet
2952 5122 3237 5190 :quoniam
3266 5121 3403 5174 enim
3433 5121 3482 5174 ei
3502 5161 3518 5185 ,
3549 5121 3635 5189 qui
3666 5119 3752 5171 lto-

2185 5221 2404 5265 noratns
2431 5209 2624 5278 fuerat,
2657 5212 2906 5266 invidens
2924 5254 2940 5279 ,
2971 5212 3038 5267 de
3063 5213 3209 5267 aede
3233 5212 3585 5275 deliberabat,
3611 5210 3751 5265 dolo-

2185 5319 2297 5357 sam
2333 5304 2539 5359 celebat
2566 5305 2884 5358 sententiam
2912 5312 2999 5359 :et
3024 5304 3147 5373 quid
3182 5303 3750 5373 inquit?Age,egredia-

2182 5411 2297 5448 mur
2341 5396 2394 5449 in
2442 5412 2677 5463 campum
2711 5395 2860 5467 (Gen.
2887 5397 2940 5450 4.
2990 5396 3082 5470 8).
3121 5397 3237 5450 Alia
3273 5395 3461 5463 figura.
3488 5392 3748 5449 charitatis

2180 5487 2323 5541 enim
2353 5487 2617 5540 simulatio
2643 5503 2660 5540 :
2690 5488 2954 5541 sententia
2979 5488 3081 5541 alia
3100 5527 3116 5553 ,
3147 5486 3397 5540 fratricidi
3438 5486 3576 5539 enint
3624 5484 3747 5537 deii-

2182 5578 2406 5633 beratio.
2448 5577 2518 5634 Et
2556 5579 2657 5634 nisi
2697 5579 2899 5634 malum
2950 5579 3232 5635 consilium
3294 5579 3543 5648 putabat,
3591 5588 3744 5643 quare

2182 5732 2552 5846 Morel
2582 5742 2634 5786 et
2653 5735 2847 5800 inlidant
2869 5742 2977 5787 Mss.
3014 5733 3160 5785 Savil.
3185 5742 3238 5785 et
3276 5734 3465 5799 (nudam
3488 5731 3585 5794 alii,
3608 5722 3741 5781 Uade
