  <div class='ocr_page' id='page_1' title='image "/cluster/home/n/w/nwhite01/storage/ocr_20150623/49:no.2:pt.1/coo.31924054869486/134.png"; bbox 0 0 4068 6432; ppageno 0'>
   <div class='ocr_carea' id='block_1_1' title="bbox 386 309 482 366">
    <p class='ocr_par' dir='ltr' id='par_1_1' title="bbox 386 309 482 366">
     <span class='ocr_line' id='line_1_1' title="bbox 386 309 482 366; baseline 0.021 -2"><span class='ocrx_word' id='word_1_1' title='bbox 386 309 482 366; x_wconf 69' lang='lat'>{3!</span> 
     </span>
    </p>
   </div>
   <div class='ocr_carea' id='block_1_2' title="bbox 378 410 2056 499">
    <p class='ocr_par' dir='ltr' id='par_1_2' title="bbox 378 410 2056 499">
     <span class='ocr_line' id='line_1_2' title="bbox 378 410 2056 499; baseline 0.002 -21"><span class='ocrx_word' id='word_1_2' title='bbox 378 425 598 499; x_wconf 77' lang='grc' dir='ltr'>θρωπον</span> <span class='ocrx_word' id='word_1_3' title='bbox 617 421 646 478; x_wconf 88' lang='grc' dir='ltr'>ό</span> <span class='ocrx_word' id='word_1_4' title='bbox 674 410 910 494; x_wconf 67' lang='grc' dir='ltr'>πονηρὸς</span> <span class='ocrx_word' id='word_1_5' title='bbox 929 421 1140 495; x_wconf 86' lang='grc' dir='ltr'>δαίμων</span> <span class='ocrx_word' id='word_1_6' title='bbox 1176 422 1384 488; x_wconf 84' lang='grc' dir='ltr'>ἐκεῖνος</span> <span class='ocrx_word' id='word_1_7' title='bbox 1412 424 1850 496; x_wconf 76' lang='grc' dir='ltr'>ἐξετραχήλισεν,</span> <span class='ocrx_word' id='word_1_8' title='bbox 1881 425 2056 482; x_wconf 87' lang='grc' dir='ltr'>ἐλπίδι</span> 
     </span>
    </p>
   </div>
   <div class='ocr_carea' id='block_1_3' title="bbox 379 510 2061 584">
    <p class='ocr_par' dir='ltr' id='par_1_3' title="bbox 379 510 2061 584">
     <span class='ocr_line' id='line_1_3' title="bbox 379 510 2061 584; baseline 0.002 -20"><span class='ocrx_word' id='word_1_9' title='bbox 379 511 624 583; x_wconf 76' lang='grc' dir='ltr'>μείζονος</span> <span class='ocrx_word' id='word_1_10' title='bbox 639 510 892 580; x_wconf 84' lang='grc' dir='ltr'>γνώσεως</span> <span class='ocrx_word' id='word_1_11' title='bbox 935 511 1028 564; x_wconf 71' lang='grc' dir='ltr'>καὶ</span> <span class='ocrx_word' id='word_1_12' title='bbox 1044 511 1142 582; x_wconf 84' lang='grc' dir='ltr'>τῆς</span> <span class='ocrx_word' id='word_1_13' title='bbox 1163 510 1332 582; x_wconf 81' lang='grc' dir='ltr'>οὐσης</span> <span class='ocrx_word' id='word_1_14' title='bbox 1359 512 1761 584; x_wconf 82' lang='grc' dir='ltr'>ἀποστερήσας.</span> <span class='ocrx_word' id='word_1_15' title='bbox 1781 512 1882 566; x_wconf 88' lang='grc' dir='ltr'>Διά</span> <span class='ocrx_word' id='word_1_16' title='bbox 1901 512 2061 568; x_wconf 83' lang='grc' dir='ltr'>τοῦτο</span> 
     </span>
    </p>
   </div>
   <div class='ocr_carea' id='block_1_4' title="bbox 374 599 2056 672">
    <p class='ocr_par' dir='ltr' id='par_1_4' title="bbox 374 599 2056 672">
     <span class='ocr_line' id='line_1_4' title="bbox 374 599 2056 672; baseline 0.002 -19"><span class='ocrx_word' id='word_1_17' title='bbox 374 601 473 654; x_wconf 75' lang='grc' dir='ltr'>καὶ</span> <span class='ocrx_word' id='word_1_18' title='bbox 522 600 685 669; x_wconf 66' lang='grc' dir='ltr'>σοφός</span> <span class='ocrx_word' id='word_1_19' title='bbox 732 617 820 664; x_wconf 89' lang='grc' dir='ltr'>τις</span> <span class='ocrx_word' id='word_1_20' title='bbox 862 603 1120 672; x_wconf 86' lang='grc' dir='ltr'>παραινεῖ</span> <span class='ocrx_word' id='word_1_21' title='bbox 1154 599 1366 668; x_wconf 82' lang='grc' dir='ltr'>λέγων·</span> <span class='ocrx_word' id='word_1_22' title='bbox 1417 600 1791 670; x_wconf 82' lang='grc' dir='ltr'>Ἰσχυρότερὰ</span> <span class='ocrx_word' id='word_1_23' title='bbox 1809 618 1926 656; x_wconf 91' lang='grc' dir='ltr'>σου</span> <span class='ocrx_word' id='word_1_24' title='bbox 1969 601 2056 672; x_wconf 79' lang='grc' dir='ltr'>μὴ</span> 
     </span>
    </p>
   </div>
   <div class='ocr_carea' id='block_1_5' title="bbox 373 686 2058 758">
    <p class='ocr_par' dir='ltr' id='par_1_5' title="bbox 373 686 2058 758">
     <span class='ocr_line' id='line_1_5' title="bbox 373 686 2058 758; baseline 0.001 -17"><span class='ocrx_word' id='word_1_25' title='bbox 373 687 550 754; x_wconf 60' lang='grc' dir='ltr'>ζητει,</span> <span class='ocrx_word' id='word_1_26' title='bbox 568 687 668 742; x_wconf 85' lang='grc' dir='ltr'>καί</span> <span class='ocrx_word' id='word_1_27' title='bbox 683 686 988 757; x_wconf 68' lang='grc' dir='ltr'>,ϐαθύτερά</span> <span class='ocrx_word' id='word_1_28' title='bbox 1009 703 1126 742; x_wconf 91' lang='grc' dir='ltr'>σου</span> <span class='ocrx_word' id='word_1_29' title='bbox 1147 687 1234 757; x_wconf 83' lang='grc' dir='ltr'>μὴ</span> <span class='ocrx_word' id='word_1_30' title='bbox 1251 687 1467 756; x_wconf 82' lang='grc' dir='ltr'>ἐρεύνα</span> <span class='ocrx_word' id='word_1_31' title='bbox 1485 705 1500 720; x_wconf 80' lang='grc'>·</span> <span class='ocrx_word' id='word_1_32' title='bbox 1519 688 1557 742; x_wconf 76' lang='grc' dir='ltr'>ἆ</span> <span class='ocrx_word' id='word_1_33' title='bbox 1571 687 1912 758; x_wconf 77' lang='grc' dir='ltr'>προσετὰγη</span> <span class='ocrx_word' id='word_1_34' title='bbox 1936 702 2058 754; x_wconf 92' lang='grc' dir='ltr'>σοι,</span> 
     </span>
    </p>
   </div>
   <div class='ocr_carea' id='block_1_6' title="bbox 375 773 2060 846">
    <p class='ocr_par' dir='ltr' id='par_1_6' title="bbox 375 773 2060 846">
     <span class='ocr_line' id='line_1_6' title="bbox 375 773 2060 846; baseline 0 -18"><span class='ocrx_word' id='word_1_35' title='bbox 375 775 567 829; x_wconf 74' lang='grc' dir='ltr'>ταῦτα</span> <span class='ocrx_word' id='word_1_36' title='bbox 624 775 868 830; x_wconf 82' lang='grc' dir='ltr'>διανοοῦ</span> <span class='ocrx_word' id='word_1_37' title='bbox 890 793 904 806; x_wconf 88' lang='grc'>·</span> <span class='ocrx_word' id='word_1_38' title='bbox 929 775 1000 828; x_wconf 85' lang='grc' dir='ltr'>τὰ</span> <span class='ocrx_word' id='word_1_39' title='bbox 1037 773 1147 846; x_wconf 81' lang='grc' dir='ltr'>γάρ</span> <span class='ocrx_word' id='word_1_40' title='bbox 1193 773 1414 835; x_wconf 87' lang='grc' dir='ltr'>πλείονα</span> <span class='ocrx_word' id='word_1_41' title='bbox 1452 774 1563 828; x_wconf 88' lang='grc' dir='ltr'>τῶν</span> <span class='ocrx_word' id='word_1_42' title='bbox 1597 774 1773 846; x_wconf 72' lang='grc' dir='ltr'>ἔργων</span> <span class='ocrx_word' id='word_1_43' title='bbox 1799 775 1965 829; x_wconf 78' lang='grc' dir='ltr'>αὐτοῦ</span> <span class='ocrx_word' id='word_1_44' title='bbox 2000 775 2060 828; x_wconf 87' lang='grc' dir='ltr'>ἐν</span> 
     </span>
    </p>
   </div>
   <div class='ocr_carea' id='block_1_7' title="bbox 371 861 2056 935">
    <p class='ocr_par' dir='ltr' id='par_1_7' title="bbox 371 861 2056 935">
     <span class='ocr_line' id='line_1_7' title="bbox 371 861 2056 935; baseline 0 -19"><span class='ocrx_word' id='word_1_45' title='bbox 371 862 720 935; x_wconf 85' lang='grc' dir='ltr'>ἀποκρύφοις</span> <span class='ocrx_word' id='word_1_46' title='bbox 737 879 752 893; x_wconf 93' lang='grc'>·</span> <span class='ocrx_word' id='word_1_47' title='bbox 778 863 874 916; x_wconf 72' lang='grc' dir='ltr'>καὶ</span> <span class='ocrx_word' id='word_1_48' title='bbox 900 862 1083 926; x_wconf 85' lang='grc' dir='ltr'>πάλιν,</span> <span class='ocrx_word' id='word_1_49' title='bbox 1101 862 1362 917; x_wconf 72' lang='grc' dir='ltr'>Πλειονα</span> <span class='ocrx_word' id='word_1_50' title='bbox 1387 863 1698 928; x_wconf 86' lang='grc' dir='ltr'>συνέσεως</span> <span class='ocrx_word' id='word_1_51' title='bbox 1725 861 2056 930; x_wconf 80' lang='grc' dir='ltr'>ἀνθρώπων</span> 
     </span>
    </p>
   </div>
   <div class='ocr_carea' id='block_1_8' title="bbox 370 945 2061 1021">
    <p class='ocr_par' dir='ltr' id='par_1_8' title="bbox 370 945 2061 1021">
     <span class='ocr_line' id='line_1_8' title="bbox 370 945 2061 1021; baseline -0.002 -16"><span class='ocrx_word' id='word_1_52' title='bbox 370 951 700 1018; x_wconf 79' lang='grc' dir='ltr'>ὐπεδείχθη</span> <span class='ocrx_word' id='word_1_53' title='bbox 755 964 876 1004; x_wconf 86' lang='grc' dir='ltr'>σοι.</span> <span class='ocrx_word' id='word_1_54' title='bbox 909 949 1082 1003; x_wconf 84' lang='lat' dir='ltr'><strong>T0510</strong></span> <span class='ocrx_word' id='word_1_55' title='bbox 1131 949 1187 1004; x_wconf 87' lang='grc' dir='ltr'>δὲ</span> <span class='ocrx_word' id='word_1_56' title='bbox 1246 945 1368 1002; x_wconf 76' lang='grc' dir='ltr'>εἷπε</span> <span class='ocrx_word' id='word_1_57' title='bbox 1424 949 1920 1021; x_wconf 84' lang='grc' dir='ltr'>παραμυθούμενος</span> <span class='ocrx_word' id='word_1_58' title='bbox 1965 948 2061 1002; x_wconf 87' lang='grc' dir='ltr'>τὸν</span> 
     </span>
    </p>
   </div>
   <div class='ocr_carea' id='block_1_9' title="bbox 369 1033 2058 1110">
    <p class='ocr_par' dir='ltr' id='par_1_9' title="bbox 369 1033 2058 1110">
     <span class='ocr_line' id='line_1_9' title="bbox 369 1033 2058 1110; baseline -0.002 -18"><span class='ocrx_word' id='word_1_59' title='bbox 369 1039 712 1108; x_wconf 73' lang='grc' dir='ltr'>ἀσχάλλοντα</span> <span class='ocrx_word' id='word_1_60' title='bbox 753 1039 850 1091; x_wconf 73' lang='grc' dir='ltr'>καὶ</span> <span class='ocrx_word' id='word_1_61' title='bbox 884 1037 1137 1101; x_wconf 87' lang='grc' dir='ltr'>ἀλύοντα,</span> <span class='ocrx_word' id='word_1_62' title='bbox 1179 1037 1366 1098; x_wconf 78' lang='grc' dir='ltr'>ἐπειδὴ</span> <span class='ocrx_word' id='word_1_63' title='bbox 1420 1037 1494 1110; x_wconf 85' lang='grc' dir='ltr'>μὴ</span> <span class='ocrx_word' id='word_1_64' title='bbox 1531 1038 1706 1092; x_wconf 89' lang='grc' dir='ltr'>πάντα</span> <span class='ocrx_word' id='word_1_65' title='bbox 1738 1033 1898 1090; x_wconf 76' lang='grc' dir='ltr'>οἶδεν.</span> <span class='ocrx_word' id='word_1_66' title='bbox 1941 1036 2058 1090; x_wconf 88' lang='lat' dir='ltr'>Kal</span> 
     </span>
    </p>
   </div>
   <div class='ocr_carea' id='block_1_10' title="bbox 370 1124 2060 1198">
    <p class='ocr_par' dir='ltr' id='par_1_10' title="bbox 370 1124 2060 1198">
     <span class='ocr_line' id='line_1_10' title="bbox 370 1124 2060 1198; baseline -0.001 -20"><span class='ocrx_word' id='word_1_67' title='bbox 370 1126 481 1197; x_wconf 79' lang='lat'>7&amp;9</span> <span class='ocrx_word' id='word_1_68' title='bbox 501 1125 664 1190; x_wconf 85' lang='grc' dir='ltr'>αὐτὰ,</span> <span class='ocrx_word' id='word_1_69' title='bbox 695 1127 882 1196; x_wconf 76' lang='grc' dir='ltr'>φησὶν,</span> <span class='ocrx_word' id='word_1_70' title='bbox 907 1125 1050 1198; x_wconf 84' lang='grc' dir='ltr'>ἆπερ</span> <span class='ocrx_word' id='word_1_71' title='bbox 1067 1125 1387 1197; x_wconf 89' lang='grc' dir='ltr'>ἐπετράπης</span> <span class='ocrx_word' id='word_1_72' title='bbox 1411 1126 1632 1189; x_wconf 86' lang='grc' dir='ltr'>εἰδέναι,</span> <span class='ocrx_word' id='word_1_73' title='bbox 1667 1124 1872 1196; x_wconf 83' lang='grc' dir='ltr'>σφόδρα</span> <span class='ocrx_word' id='word_1_74' title='bbox 1896 1125 2060 1194; x_wconf 82' lang='grc' dir='ltr'>ὑπερ-</span> 
     </span>
    </p>
   </div>
   <div class='ocr_carea' id='block_1_11' title="bbox 371 1207 2059 1288">
    <p class='ocr_par' dir='ltr' id='par_1_11' title="bbox 371 1207 2059 1288">
     <span class='ocr_line' id='line_1_11' title="bbox 371 1207 2059 1288; baseline -0.001 -19"><span class='ocrx_word' id='word_1_75' title='bbox 371 1217 549 1269; x_wconf 68' lang='grc' dir='ltr'>ϐαίνει</span> <span class='ocrx_word' id='word_1_76' title='bbox 591 1233 685 1270; x_wconf 91' lang='grc' dir='ltr'>σου</span> <span class='ocrx_word' id='word_1_77' title='bbox 729 1217 830 1286; x_wconf 81' lang='grc' dir='ltr'>τὴν</span> <span class='ocrx_word' id='word_1_78' title='bbox 873 1213 1086 1270; x_wconf 90' lang='grc' dir='ltr'>σύνεσιν</span> <span class='ocrx_word' id='word_1_79' title='bbox 1112 1231 1128 1247; x_wconf 87' lang='grc'><em>’</em></span> <span class='ocrx_word' id='word_1_80' title='bbox 1167 1216 1291 1270; x_wconf 87' lang='grc' dir='ltr'>οὐδέ</span> <span class='ocrx_word' id='word_1_81' title='bbox 1334 1215 1444 1288; x_wconf 87' lang='grc' dir='ltr'>γὰρ</span> <span class='ocrx_word' id='word_1_82' title='bbox 1473 1215 1684 1269; x_wconf 74' lang='grc' dir='ltr'>οἴκοθεν</span> <span class='ocrx_word' id='word_1_83' title='bbox 1715 1207 1895 1285; x_wconf 75' lang='grc' dir='ltr'>εὗρες,</span> <span class='ocrx_word' id='word_1_84' title='bbox 1920 1213 2059 1268; x_wconf 86' lang='grc' dir='ltr'>ἀλλά</span> 
     </span>
    </p>
   </div>
   <div class='ocr_carea' id='block_1_12' title="bbox 369 1301 2056 1376">
    <p class='ocr_par' dir='ltr' id='par_1_12' title="bbox 369 1301 2056 1376">
     <span class='ocr_line' id='line_1_12' title="bbox 369 1301 2056 1376; baseline -0.003 -18"><span class='ocrx_word' id='word_1_85' title='bbox 369 1305 525 1375; x_wconf 78' lang='grc' dir='ltr'>παρά</span> <span class='ocrx_word' id='word_1_86' title='bbox 535 1304 630 1358; x_wconf 84' lang='grc' dir='ltr'>τοῦ</span> <span class='ocrx_word' id='word_1_87' title='bbox 645 1304 780 1360; x_wconf 77' lang='grc' dir='ltr'>Θεοῦ</span> <span class='ocrx_word' id='word_1_88' title='bbox 797 1303 1082 1376; x_wconf 84' lang='grc' dir='ltr'>διδαχθείς.</span> <span class='ocrx_word' id='word_1_89' title='bbox 1101 1305 1156 1356; x_wconf 84' lang='grc' dir='ltr'>’Λ</span> <span class='ocrx_word' id='word_1_90' title='bbox 1166 1302 1298 1376; x_wconf 86' lang='grc' dir='ltr'>ρκοῦ</span> <span class='ocrx_word' id='word_1_91' title='bbox 1313 1304 1494 1357; x_wconf 81' lang='grc' dir='ltr'>τοίνυν</span> <span class='ocrx_word' id='word_1_92' title='bbox 1506 1303 1586 1375; x_wconf 83' lang='grc' dir='ltr'>τῷ</span> <span class='ocrx_word' id='word_1_93' title='bbox 1599 1303 1807 1358; x_wconf 82' lang='grc' dir='ltr'>δοθέντι</span> <span class='ocrx_word' id='word_1_94' title='bbox 1821 1301 2056 1372; x_wconf 85' lang='grc' dir='ltr'>πλούτῳ,</span> 
     </span>
    </p>
   </div>
   <div class='ocr_carea' id='block_1_13' title="bbox 368 1385 2055 1465">
    <p class='ocr_par' dir='ltr' id='par_1_13' title="bbox 368 1385 2055 1465">
     <span class='ocr_line' id='line_1_13' title="bbox 368 1385 2055 1465; baseline -0.002 -20"><span class='ocrx_word' id='word_1_95' title='bbox 368 1393 464 1447; x_wconf 79' lang='grc' dir='ltr'>καὶ</span> <span class='ocrx_word' id='word_1_96' title='bbox 496 1393 572 1465; x_wconf 78' lang='grc' dir='ltr'>μὴ</span> <span class='ocrx_word' id='word_1_97' title='bbox 603 1393 766 1447; x_wconf 87' lang='grc' dir='ltr'>πλέον</span> <span class='ocrx_word' id='word_1_98' title='bbox 790 1394 1059 1464; x_wconf 78' lang='grc' dir='ltr'>ἐπιζήτει,</span> <span class='ocrx_word' id='word_1_99' title='bbox 1079 1392 1198 1446; x_wconf 86' lang='grc' dir='ltr'>ἀλλ’</span> <span class='ocrx_word' id='word_1_100' title='bbox 1230 1393 1372 1464; x_wconf 81' lang='grc' dir='ltr'>ὑπὲρ</span> <span class='ocrx_word' id='word_1_101' title='bbox 1393 1385 1469 1448; x_wconf 85' lang='grc' dir='ltr'>ὧν</span> <span class='ocrx_word' id='word_1_102' title='bbox 1495 1390 1690 1455; x_wconf 77' lang='grc' dir='ltr'>ἔλαϐες</span> <span class='ocrx_word' id='word_1_103' title='bbox 1720 1389 2055 1462; x_wconf 86' lang='grc' dir='ltr'>εὐχαρίστει,</span> 
     </span>
    </p>
   </div>
   <div class='ocr_carea' id='block_1_14' title="bbox 373 1471 2057 1556">
    <p class='ocr_par' dir='ltr' id='par_1_14' title="bbox 373 1471 2057 1556">
     <span class='ocr_line' id='line_1_14' title="bbox 373 1471 2057 1556; baseline -0.004 -21"><span class='ocrx_word' id='word_1_104' title='bbox 373 1481 450 1552; x_wconf 84' lang='grc' dir='ltr'>μὴ</span> <span class='ocrx_word' id='word_1_105' title='bbox 487 1482 788 1550; x_wconf 85' lang='grc' dir='ltr'>ἀγανάκτει</span> <span class='ocrx_word' id='word_1_106' title='bbox 822 1481 963 1556; x_wconf 83' lang='grc' dir='ltr'>ὑπὲρ</span> <span class='ocrx_word' id='word_1_107' title='bbox 1011 1473 1087 1535; x_wconf 77' lang='grc' dir='ltr'>ὧν</span> <span class='ocrx_word' id='word_1_108' title='bbox 1121 1481 1223 1535; x_wconf 90' lang='grc' dir='ltr'>οὐκ</span> <span class='ocrx_word' id='word_1_109' title='bbox 1259 1479 1470 1544; x_wconf 79' lang='grc' dir='ltr'>ἔλαϐες,</span> <span class='ocrx_word' id='word_1_110' title='bbox 1495 1480 1592 1534; x_wconf 70' lang='grc' dir='ltr'>καὶ</span> <span class='ocrx_word' id='word_1_111' title='bbox 1631 1479 1774 1550; x_wconf 81' lang='grc' dir='ltr'>ὑπὲρ</span> <span class='ocrx_word' id='word_1_112' title='bbox 1803 1471 1880 1532; x_wconf 84' lang='grc' dir='ltr'>ὧν</span> <span class='ocrx_word' id='word_1_113' title='bbox 1907 1471 2057 1540; x_wconf 79' lang='grc' dir='ltr'>οἶδας</span> 
     </span>
    </p>
   </div>
   <div class='ocr_carea' id='block_1_15' title="bbox 365 1561 2056 1639">
    <p class='ocr_par' dir='ltr' id='par_1_15' title="bbox 365 1561 2056 1639">
     <span class='ocr_line' id='line_1_15' title="bbox 365 1561 2056 1639; baseline -0.005 -17"><span class='ocrx_word' id='word_1_114' title='bbox 365 1567 585 1633; x_wconf 74' lang='grc' dir='ltr'>δόξαζε,</span> <span class='ocrx_word' id='word_1_115' title='bbox 625 1569 700 1639; x_wconf 77' lang='grc' dir='ltr'>μὴ</span> <span class='ocrx_word' id='word_1_116' title='bbox 732 1568 1090 1632; x_wconf 71' lang='grc' dir='ltr'>σκανδαλίζου</span> <span class='ocrx_word' id='word_1_117' title='bbox 1120 1567 1189 1622; x_wconf 82' lang='grc' dir='ltr'>δι’</span> <span class='ocrx_word' id='word_1_118' title='bbox 1215 1567 1253 1622; x_wconf 78' lang='grc' dir='ltr'>ἀ</span> <span class='ocrx_word' id='word_1_119' title='bbox 1283 1567 1386 1622; x_wconf 91' lang='grc' dir='ltr'>οὐκ</span> <span class='ocrx_word' id='word_1_120' title='bbox 1413 1562 1562 1629; x_wconf 75' lang='grc' dir='ltr'>οἶδας</span> <span class='ocrx_word' id='word_1_121' title='bbox 1584 1582 1600 1596; x_wconf 91' lang='grc'>·</span> <span class='ocrx_word' id='word_1_122' title='bbox 1635 1565 1923 1637; x_wconf 86' lang='grc' dir='ltr'>ἀμφότερα</span> <span class='ocrx_word' id='word_1_123' title='bbox 1945 1561 2056 1633; x_wconf 87' lang='grc' dir='ltr'>γάρ</span> 
     </span>
    </p>
   </div>
   <div class='ocr_carea' id='block_1_16' title="bbox 365 1649 2056 1728">
    <p class='ocr_par' dir='ltr' id='par_1_16' title="bbox 365 1649 2056 1728">
     <span class='ocr_line' id='line_1_16' title="bbox 365 1649 2056 1728; baseline 0 -23"><span class='ocrx_word' id='word_1_124' title='bbox 365 1655 658 1726; x_wconf 76' lang='grc' dir='ltr'>χρησίμως</span> <span class='ocrx_word' id='word_1_125' title='bbox 689 1658 716 1710; x_wconf 88' lang='lat'>6</span> <span class='ocrx_word' id='word_1_126' title='bbox 753 1655 884 1720; x_wconf 85' lang='grc' dir='ltr'>Θεὸς</span> <span class='ocrx_word' id='word_1_127' title='bbox 913 1657 1160 1728; x_wconf 88' lang='grc' dir='ltr'>ἐποίησε,</span> <span class='ocrx_word' id='word_1_128' title='bbox 1201 1655 1296 1710; x_wconf 75' lang='grc' dir='ltr'>καὶ</span> <span class='ocrx_word' id='word_1_129' title='bbox 1323 1654 1393 1709; x_wconf 88' lang='grc' dir='ltr'>τά</span> <span class='ocrx_word' id='word_1_130' title='bbox 1421 1655 1520 1726; x_wconf 80' lang='grc' dir='ltr'>μὲν</span> <span class='ocrx_word' id='word_1_131' title='bbox 1557 1652 1879 1723; x_wconf 80' lang='grc' dir='ltr'>ἀπεκάλυψε</span> <span class='ocrx_word' id='word_1_132' title='bbox 1903 1663 1952 1715; x_wconf 80' lang='grc' dir='ltr'>ι,</span> <span class='ocrx_word' id='word_1_133' title='bbox 1985 1649 2056 1704; x_wconf 82' lang='grc' dir='ltr'>τὰ</span> 
     </span>
    </p>
   </div>
   <div class='ocr_carea' id='block_1_17' title="bbox 365 1735 2052 1816">
    <p class='ocr_par' dir='ltr' id='par_1_17' title="bbox 365 1735 2052 1816">
     <span class='ocr_line' id='line_1_17' title="bbox 365 1735 2052 1816; baseline -0.002 -20"><span class='ocrx_word' id='word_1_134' title='bbox 365 1742 425 1796; x_wconf 81' lang='grc' dir='ltr'>δέ</span> <span class='ocrx_word' id='word_1_135' title='bbox 461 1743 900 1814; x_wconf 84' lang='grc' dir='ltr'>ἀπέκλεισε,τῆς</span> <span class='ocrx_word' id='word_1_136' title='bbox 933 1745 1033 1816; x_wconf 89' lang='grc' dir='ltr'>σῆς</span> <span class='ocrx_word' id='word_1_137' title='bbox 1063 1743 1309 1816; x_wconf 81' lang='grc' dir='ltr'>προνοῶν</span> <span class='ocrx_word' id='word_1_138' title='bbox 1351 1742 1646 1814; x_wconf 86' lang='grc' dir='ltr'>σωτηρίας.</span> <span class='ocrx_word' id='word_1_139' title='bbox 1681 1737 1779 1804; x_wconf 81' lang='grc' dir='ltr'>Εἷς</span> <span class='ocrx_word' id='word_1_140' title='bbox 1810 1741 1908 1813; x_wconf 85' lang='grc' dir='ltr'>μὲν</span> <span class='ocrx_word' id='word_1_141' title='bbox 1937 1735 2052 1804; x_wconf 75' lang='grc' dir='ltr'>οὖν,</span> 
     </span>
    </p>
   </div>
   <div class='ocr_carea' id='block_1_18' title="bbox 365 1827 2055 1904">
    <p class='ocr_par' dir='ltr' id='par_1_18' title="bbox 365 1827 2055 1904">
     <span class='ocr_line' id='line_1_18' title="bbox 365 1827 2055 1904; baseline -0.001 -21"><span class='ocrx_word' id='word_1_142' title='bbox 365 1832 505 1902; x_wconf 76' lang='grc' dir='ltr'>ὅπερ</span> <span class='ocrx_word' id='word_1_143' title='bbox 535 1831 693 1904; x_wconf 73' lang='grc' dir='ltr'>ἔφην,</span> <span class='ocrx_word' id='word_1_144' title='bbox 724 1833 924 1903; x_wconf 81' lang='grc' dir='ltr'>τρόπος</span> <span class='ocrx_word' id='word_1_145' title='bbox 941 1831 1266 1902; x_wconf 89' lang='grc' dir='ltr'>θεογνωσίας</span> <span class='ocrx_word' id='word_1_146' title='bbox 1285 1831 1418 1885; x_wconf 86' lang='grc' dir='ltr'>ὁδιά</span> <span class='ocrx_word' id='word_1_147' title='bbox 1447 1832 1546 1902; x_wconf 86' lang='grc' dir='ltr'>τῆς</span> <span class='ocrx_word' id='word_1_148' title='bbox 1569 1831 1822 1894; x_wconf 75' lang='grc' dir='ltr'>κτίσεως,</span> <span class='ocrx_word' id='word_1_149' title='bbox 1855 1827 2055 1892; x_wconf 85' lang='grc' dir='ltr'>πολλὰς</span> 
     </span>
    </p>
   </div>
   <div class='ocr_carea' id='block_1_19' title="bbox 362 1915 2054 1991">
    <p class='ocr_par' dir='ltr' id='par_1_19' title="bbox 362 1915 2054 1991">
     <span class='ocr_line' id='line_1_19' title="bbox 362 1915 2054 1991; baseline -0.001 -20"><span class='ocrx_word' id='word_1_150' title='bbox 362 1917 666 1989; x_wconf 83' lang='grc' dir='ltr'>δυνάμενος</span> <span class='ocrx_word' id='word_1_151' title='bbox 705 1919 917 1991; x_wconf 74' lang='grc' dir='ltr'>ἡμέρας</span> <span class='ocrx_word' id='word_1_152' title='bbox 962 1919 1262 1974; x_wconf 83' lang='grc' dir='ltr'>ἀναλῶσαι.</span> <span class='ocrx_word' id='word_1_153' title='bbox 1311 1919 1431 1972; x_wconf 85' lang='grc' dir='ltr'>Ἵνα</span> <span class='ocrx_word' id='word_1_154' title='bbox 1481 1919 1592 1990; x_wconf 83' lang='grc' dir='ltr'>γὰρ</span> <span class='ocrx_word' id='word_1_155' title='bbox 1639 1917 1715 1990; x_wconf 81' lang='grc' dir='ltr'>μὴ</span> <span class='ocrx_word' id='word_1_156' title='bbox 1766 1915 2054 1988; x_wconf 79' lang='grc' dir='ltr'>μόνον’τοῦ</span> 
     </span>
    </p>
   </div>
   <div class='ocr_carea' id='block_1_20' title="bbox 362 2003 2052 2079">
    <p class='ocr_par' dir='ltr' id='par_1_20' title="bbox 362 2003 2052 2079">
     <span class='ocr_line' id='line_1_20' title="bbox 362 2003 2052 2079; baseline -0.002 -19"><span class='ocrx_word' id='word_1_157' title='bbox 362 2005 656 2076; x_wconf 83' lang='grc' dir='ltr'>ἀνθρώπου</span> <span class='ocrx_word' id='word_1_158' title='bbox 699 2009 821 2061; x_wconf 86' lang='grc' dir='ltr'>κατ’</span> <span class='ocrx_word' id='word_1_159' title='bbox 865 2007 1152 2079; x_wconf 87' lang='grc' dir='ltr'>ἀκρίϐειαν</span> <span class='ocrx_word' id='word_1_160' title='bbox 1192 2006 1291 2079; x_wconf 80' lang='grc' dir='ltr'>τὴν</span> <span class='ocrx_word' id='word_1_161' title='bbox 1341 2006 1673 2061; x_wconf 70' lang='grc' dir='ltr'>διατύπωσιν</span> <span class='ocrx_word' id='word_1_162' title='bbox 1715 2003 2052 2076; x_wconf 78' lang='grc' dir='ltr'>ἐπέλθωμεν,</span> 
     </span>
    </p>
   </div>
   <div class='ocr_carea' id='block_1_21' title="bbox 364 2091 2056 2166">
    <p class='ocr_par' dir='ltr' id='par_1_21' title="bbox 364 2091 2056 2166">
     <span class='ocr_line' id='line_1_21' title="bbox 364 2091 2056 2166; baseline -0.002 -18"><span class='ocrx_word' id='word_1_163' title='bbox 364 2095 486 2148; x_wconf 74' lang='grc' dir='ltr'>κατ’</span> <span class='ocrx_word' id='word_1_164' title='bbox 515 2093 802 2164; x_wconf 88' lang='grc' dir='ltr'>ἀκρίϐειαν</span> <span class='ocrx_word' id='word_1_165' title='bbox 827 2095 885 2148; x_wconf 89' lang='grc' dir='ltr'>δέ</span> <span class='ocrx_word' id='word_1_166' title='bbox 913 2094 1056 2164; x_wconf 82' lang='grc' dir='ltr'>λέγω</span> <span class='ocrx_word' id='word_1_167' title='bbox 1083 2094 1184 2166; x_wconf 78' lang='grc' dir='ltr'>τὴν</span> <span class='ocrx_word' id='word_1_168' title='bbox 1211 2095 1345 2164; x_wconf 90' lang='grc' dir='ltr'>ήμῖν</span> <span class='ocrx_word' id='word_1_169' title='bbox 1372 2093 1628 2162; x_wconf 82' lang='grc' dir='ltr'>δυνατὴν,</span> <span class='ocrx_word' id='word_1_170' title='bbox 1662 2092 1724 2146; x_wconf 93' lang='grc' dir='ltr'>οὐ</span> <span class='ocrx_word' id='word_1_171' title='bbox 1753 2091 1854 2164; x_wconf 80' lang='grc' dir='ltr'>τὴν</span> <span class='ocrx_word' id='word_1_172' title='bbox 1884 2091 2056 2155; x_wconf 78' lang='grc' dir='ltr'>ὅντως</span> 
     </span>
    </p>
   </div>
   <div class='ocr_carea' id='block_1_22' title="bbox 362 2177 2055 2252">
    <p class='ocr_par' dir='ltr' id='par_1_22' title="bbox 362 2177 2055 2252">
     <span class='ocr_line' id='line_1_22' title="bbox 362 2177 2055 2252; baseline -0.002 -18"><span class='ocrx_word' id='word_1_173' title='bbox 362 2180 681 2252; x_wconf 83' lang='grc' dir='ltr'>ἀκρίϐειαν·</span> <span class='ocrx_word' id='word_1_174' title='bbox 706 2183 754 2235; x_wconf 84' lang='grc' dir='ltr'>εί</span> <span class='ocrx_word' id='word_1_175' title='bbox 777 2182 886 2252; x_wconf 82' lang='lat'>7&amp;9</span> <span class='ocrx_word' id='word_1_176' title='bbox 905 2183 1000 2236; x_wconf 81' lang='grc' dir='ltr'>καὶ</span> <span class='ocrx_word' id='word_1_177' title='bbox 1027 2181 1258 2246; x_wconf 83' lang='grc' dir='ltr'>πολλοὺς</span> <span class='ocrx_word' id='word_1_178' title='bbox 1287 2182 1592 2252; x_wconf 89' lang='grc' dir='ltr'>εἰρήκαμεν</span> <span class='ocrx_word' id='word_1_179' title='bbox 1608 2179 1716 2234; x_wconf 87' lang='grc' dir='ltr'>τῶν</span> <span class='ocrx_word' id='word_1_180' title='bbox 1745 2177 2055 2250; x_wconf 76' lang='grc' dir='ltr'>γενομένων</span> 
     </span>
    </p>
   </div>
   <div class='ocr_carea' id='block_1_23' title="bbox 360 2263 2056 2342">
    <p class='ocr_par' dir='ltr' id='par_1_23' title="bbox 360 2263 2056 2342">
     <span class='ocr_line' id='line_1_23' title="bbox 360 2263 2056 2342; baseline -0.002 -21"><span class='ocrx_word' id='word_1_181' title='bbox 360 2265 576 2336; x_wconf 65' lang='grc' dir='ltr'>ὶόγους,</span> <span class='ocrx_word' id='word_1_182' title='bbox 609 2267 723 2322; x_wconf 82' lang='grc' dir='ltr'>ἀλλ’</span> <span class='ocrx_word' id='word_1_183' title='bbox 772 2270 881 2322; x_wconf 83' lang='grc' dir='ltr'>εἰσί</span> <span class='ocrx_word' id='word_1_184' title='bbox 926 2269 1020 2324; x_wconf 71' lang='grc' dir='ltr'>καὶ</span> <span class='ocrx_word' id='word_1_185' title='bbox 1062 2269 1240 2342; x_wconf 75' lang='grc' dir='ltr'>ἕτεροι</span> <span class='ocrx_word' id='word_1_186' title='bbox 1277 2268 1496 2331; x_wconf 87' lang='grc' dir='ltr'>πλείους</span> <span class='ocrx_word' id='word_1_187' title='bbox 1534 2267 1869 2338; x_wconf 82' lang='grc' dir='ltr'>ἀπὸῤῥητοι,</span> <span class='ocrx_word' id='word_1_188' title='bbox 1903 2263 2056 2342; x_wconf 74' lang='grc' dir='ltr'>οὒςό</span> 
     </span>
    </p>
   </div>
   <div class='ocr_carea' id='block_1_24' title="bbox 360 2337 2077 2428">
    <p class='ocr_par' dir='ltr' id='par_1_24' title="bbox 360 2337 2077 2428">
     <span class='ocr_line' id='line_1_24' title="bbox 360 2337 2077 2428; baseline -0.002 -20"><span class='ocrx_word' id='word_1_189' title='bbox 360 2360 598 2427; x_wconf 77' lang='grc' dir='ltr'>ποιήσας</span> <span class='ocrx_word' id='word_1_190' title='bbox 641 2351 750 2410; x_wconf 80' lang='grc' dir='ltr'>οἶδε</span> <span class='ocrx_word' id='word_1_191' title='bbox 778 2355 910 2421; x_wconf 89' lang='grc' dir='ltr'>Θεός</span> <span class='ocrx_word' id='word_1_192' title='bbox 933 2374 947 2388; x_wconf 75' lang='grc' dir='ltr'><strong><em>ο</em></strong></span> <span class='ocrx_word' id='word_1_193' title='bbox 981 2357 1043 2411; x_wconf 92' lang='grc' dir='ltr'>οὐ</span> <span class='ocrx_word' id='word_1_194' title='bbox 1090 2337 1200 2426; x_wconf 78' lang='lat'>7&amp;9</span> <span class='ocrx_word' id='word_1_195' title='bbox 1225 2356 1290 2428; x_wconf 84' lang='grc' dir='ltr'>δὴ</span> <span class='ocrx_word' id='word_1_196' title='bbox 1329 2357 1541 2419; x_wconf 80' lang='grc' dir='ltr'>πάντας</span> <span class='ocrx_word' id='word_1_197' title='bbox 1583 2337 1742 2425; x_wconf 87' lang='grc' dir='ltr'>ίσμεν</span> <span class='ocrx_word' id='word_1_198' title='bbox 1771 2351 1952 2406; x_wconf 90' lang='grc' dir='ltr'>αὐτοί·</span> <span class='ocrx_word' id='word_1_199' title='bbox 1987 2337 2077 2404; x_wconf 76' lang='grc' dir='ltr'>ἵν”</span> 
     </span>
    </p>
   </div>
   <div class='ocr_carea' id='block_1_25' title="bbox 359 2437 2055 2516">
    <p class='ocr_par' dir='ltr' id='par_1_25' title="bbox 359 2437 2055 2516">
     <span class='ocr_line' id='line_1_25' title="bbox 359 2437 2055 2516; baseline -0.002 -20"><span class='ocrx_word' id='word_1_200' title='bbox 359 2439 455 2497; x_wconf 81' lang='grc' dir='ltr'>οὖν</span> <span class='ocrx_word' id='word_1_201' title='bbox 475 2444 695 2497; x_wconf 78' lang='grc' dir='ltr'>ἃπασαν</span> <span class='ocrx_word' id='word_1_202' title='bbox 716 2437 810 2498; x_wconf 81' lang='grc' dir='ltr'>τοῦ</span> <span class='ocrx_word' id='word_1_203' title='bbox 843 2444 1132 2516; x_wconf 84' lang='grc' dir='ltr'>ἀνθρώπου</span> <span class='ocrx_word' id='word_1_204' title='bbox 1150 2444 1293 2498; x_wconf 87' lang='grc' dir='ltr'>κατά</span> <span class='ocrx_word' id='word_1_205' title='bbox 1318 2443 1609 2514; x_wconf 75' lang='grc' dir='ltr'>ἀκρίϐειαν</span> <span class='ocrx_word' id='word_1_206' title='bbox 1632 2441 1731 2514; x_wconf 79' lang='grc' dir='ltr'>τὴν</span> <span class='ocrx_word' id='word_1_207' title='bbox 1763 2441 2055 2494; x_wconf 82' lang='grc' dir='ltr'>διάπλασιν</span> 
     </span>
    </p>
   </div>
   <div class='ocr_carea' id='block_1_26' title="bbox 357 2527 2050 2603">
    <p class='ocr_par' dir='ltr' id='par_1_26' title="bbox 357 2527 2050 2603">
     <span class='ocr_line' id='line_1_26' title="bbox 357 2527 2050 2603; baseline -0.002 -21"><span class='ocrx_word' id='word_1_208' title='bbox 357 2530 685 2602; x_wconf 77' lang='grc' dir='ltr'>ἐπέλθωμεν</span> <span class='ocrx_word' id='word_1_209' title='bbox 730 2531 826 2586; x_wconf 75' lang='grc' dir='ltr'>καὶ</span> <span class='ocrx_word' id='word_1_210' title='bbox 859 2531 959 2603; x_wconf 82' lang='grc' dir='ltr'>τὴν</span> <span class='ocrx_word' id='word_1_211' title='bbox 1000 2533 1059 2586; x_wconf 87' lang='grc' dir='ltr'>ἐν</span> <span class='ocrx_word' id='word_1_212' title='bbox 1103 2532 1325 2602; x_wconf 72' lang='grc' dir='ltr'>ἑκάστῳ</span> <span class='ocrx_word' id='word_1_213' title='bbox 1362 2530 1516 2601; x_wconf 89' lang='grc' dir='ltr'>μέλει</span> <span class='ocrx_word' id='word_1_214' title='bbox 1551 2530 1745 2599; x_wconf 81' lang='grc' dir='ltr'>σοφίαν</span> <span class='ocrx_word' id='word_1_215' title='bbox 1776 2527 2050 2598; x_wconf 78' lang='grc' dir='ltr'>εὕρωμεν,</span> 
     </span>
    </p>
   </div>
   <div class='ocr_carea' id='block_1_27' title="bbox 355 2615 2050 2690">
    <p class='ocr_par' dir='ltr' id='par_1_27' title="bbox 355 2615 2050 2690">
     <span class='ocr_line' id='line_1_27' title="bbox 355 2615 2050 2690; baseline -0.002 -18"><span class='ocrx_word' id='word_1_216' title='bbox 355 2619 470 2672; x_wconf 87' lang='grc' dir='ltr'>τῶν</span> <span class='ocrx_word' id='word_1_217' title='bbox 490 2617 724 2690; x_wconf 78' lang='grc' dir='ltr'>νεύρων,</span> <span class='ocrx_word' id='word_1_218' title='bbox 757 2618 868 2672; x_wconf 91' lang='grc' dir='ltr'>τῶν</span> <span class='ocrx_word' id='word_1_219' title='bbox 905 2619 1138 2688; x_wconf 85' lang='grc' dir='ltr'>φλεϐῶν,</span> <span class='ocrx_word' id='word_1_220' title='bbox 1173 2618 1284 2672; x_wconf 86' lang='grc' dir='ltr'>τῶν</span> <span class='ocrx_word' id='word_1_221' title='bbox 1309 2617 1591 2690; x_wconf 81' lang='grc' dir='ltr'>ἀρτηριῶν</span> <span class='ocrx_word' id='word_1_222' title='bbox 1629 2618 1730 2688; x_wconf 84' lang='grc' dir='ltr'>τὴν</span> <span class='ocrx_word' id='word_1_223' title='bbox 1767 2615 2050 2688; x_wconf 80' lang='grc' dir='ltr'>διανομὴν,</span> 
     </span>
    </p>
   </div>
   <div class='ocr_carea' id='block_1_28' title="bbox 356 2704 2054 2779">
    <p class='ocr_par' dir='ltr' id='par_1_28' title="bbox 356 2704 2054 2779">
     <span class='ocr_line' id='line_1_28' title="bbox 356 2704 2054 2779; baseline -0.002 -19"><span class='ocrx_word' id='word_1_224' title='bbox 356 2705 462 2778; x_wconf 78' lang='grc' dir='ltr'>τὴν</span> <span class='ocrx_word' id='word_1_225' title='bbox 479 2705 648 2770; x_wconf 80' lang='grc' dir='ltr'>θέσιν,</span> <span class='ocrx_word' id='word_1_226' title='bbox 667 2707 768 2779; x_wconf 79' lang='grc' dir='ltr'>τὴν</span> <span class='ocrx_word' id='word_1_227' title='bbox 793 2707 1080 2761; x_wconf 85' lang='grc' dir='ltr'>διάπλασιν</span> <span class='ocrx_word' id='word_1_228' title='bbox 1098 2706 1208 2761; x_wconf 89' lang='grc' dir='ltr'>τῶν</span> <span class='ocrx_word' id='word_1_229' title='bbox 1227 2706 1405 2760; x_wconf 77' lang='grc' dir='ltr'>ἄλλων</span> <span class='ocrx_word' id='word_1_230' title='bbox 1424 2705 1708 2772; x_wconf 82' lang='grc' dir='ltr'>ἁπάντων,</span> <span class='ocrx_word' id='word_1_231' title='bbox 1734 2704 1857 2759; x_wconf 87' lang='grc' dir='ltr'>οὐδέ</span> <span class='ocrx_word' id='word_1_232' title='bbox 1881 2705 2054 2757; x_wconf 87' lang='grc' dir='ltr'>ἐνιαυ-</span> 
     </span>
    </p>
   </div>
   <div class='ocr_carea' id='block_1_29' title="bbox 356 2791 2047 2867">
    <p class='ocr_par' dir='ltr' id='par_1_29' title="bbox 356 2791 2047 2867">
     <span class='ocr_line' id='line_1_29' title="bbox 356 2791 2047 2867; baseline -0.003 -18"><span class='ocrx_word' id='word_1_233' title='bbox 356 2794 453 2859; x_wconf 78' lang='grc' dir='ltr'>τδς</span> <span class='ocrx_word' id='word_1_234' title='bbox 484 2794 776 2866; x_wconf 74' lang='grc' dir='ltr'>ὁλόκληρος</span> <span class='ocrx_word' id='word_1_235' title='bbox 797 2796 927 2866; x_wconf 77' lang='grc' dir='ltr'>ἡμῖν</span> <span class='ocrx_word' id='word_1_236' title='bbox 951 2794 1237 2867; x_wconf 82' lang='grc' dir='ltr'>ἀρκέσειεν</span> <span class='ocrx_word' id='word_1_237' title='bbox 1255 2795 1324 2850; x_wconf 84' lang='grc' dir='ltr'>ἂν</span> <span class='ocrx_word' id='word_1_238' title='bbox 1351 2795 1488 2866; x_wconf 88' lang='grc' dir='ltr'>πρὸς</span> <span class='ocrx_word' id='word_1_239' title='bbox 1507 2795 1608 2866; x_wconf 80' lang='grc' dir='ltr'>τὴν</span> <span class='ocrx_word' id='word_1_240' title='bbox 1637 2793 1898 2864; x_wconf 87' lang='grc' dir='ltr'>ἐξήγησιν</span> <span class='ocrx_word' id='word_1_241' title='bbox 1913 2791 2047 2846; x_wconf 89' lang='grc' dir='ltr'>ταύ-</span> 
     </span>
    </p>
   </div>
   <div class='ocr_carea' id='block_1_30' title="bbox 355 2881 2051 2956">
    <p class='ocr_par' dir='ltr' id='par_1_30' title="bbox 355 2881 2051 2956">
     <span class='ocr_line' id='line_1_30' title="bbox 355 2881 2051 2956; baseline -0.004 -16"><span class='ocrx_word' id='word_1_242' title='bbox 355 2901 480 2955; x_wconf 75' lang='grc' dir='ltr'>την.</span> <span class='ocrx_word' id='word_1_243' title='bbox 518 2882 716 2956; x_wconf 83' lang='grc' dir='ltr'>Διόπερ</span> <span class='ocrx_word' id='word_1_244' title='bbox 727 2882 914 2936; x_wconf 83' lang='grc' dir='ltr'>τοῦτον</span> <span class='ocrx_word' id='word_1_245' title='bbox 944 2882 1178 2940; x_wconf 81' lang='grc' dir='ltr'>ἐνταῦθα</span> <span class='ocrx_word' id='word_1_246' title='bbox 1196 2882 1606 2947; x_wconf 84' lang='grc' dir='ltr'>καταλύσαντες</span> <span class='ocrx_word' id='word_1_247' title='bbox 1637 2881 1734 2935; x_wconf 88' lang='grc' dir='ltr'>τὸν</span> <span class='ocrx_word' id='word_1_248' title='bbox 1755 2881 1937 2950; x_wconf 86' lang='grc' dir='ltr'>λόγον,</span> <span class='ocrx_word' id='word_1_249' title='bbox 1956 2881 2051 2934; x_wconf 68' lang='lat' dir='ltr'><strong><em>xal</em></strong></span> 
     </span>
    </p>
   </div>
   <div class='ocr_carea' id='block_1_31' title="bbox 359 2969 2052 3044">
    <p class='ocr_par' dir='ltr' id='par_1_31' title="bbox 359 2969 2052 3044">
     <span class='ocr_line' id='line_1_31' title="bbox 359 2969 2052 3044; baseline -0.002 -20"><span class='ocrx_word' id='word_1_250' title='bbox 359 2974 472 3035; x_wconf 72' lang='grc' dir='ltr'>τοῖς</span> <span class='ocrx_word' id='word_1_251' title='bbox 498 2971 804 3041; x_wconf 83' lang='grc' dir='ltr'>φιλοπόνοις</span> <span class='ocrx_word' id='word_1_252' title='bbox 825 2973 919 3026; x_wconf 70' lang='grc' dir='ltr'>καὶ</span> <span class='ocrx_word' id='word_1_253' title='bbox 935 2972 1259 3044; x_wconf 88' lang='grc' dir='ltr'>φιλομαθέσι</span> <span class='ocrx_word' id='word_1_254' title='bbox 1275 2970 1652 3042; x_wconf 82' lang='grc' dir='ltr'>παρασχόντες</span> <span class='ocrx_word' id='word_1_255' title='bbox 1676 2971 1742 3024; x_wconf 89' lang='grc' dir='ltr'>ἐκ</span> <span class='ocrx_word' id='word_1_256' title='bbox 1758 2969 1867 3022; x_wconf 89' lang='grc' dir='ltr'>τῶν</span> <span class='ocrx_word' id='word_1_257' title='bbox 1895 2970 2052 3040; x_wconf 72' lang='grc' dir='ltr'>εἰρη-</span> 
     </span>
    </p>
   </div>
   <div class='ocr_carea' id='block_1_32' title="bbox 361 3056 2052 3132">
    <p class='ocr_par' dir='ltr' id='par_1_32' title="bbox 361 3056 2052 3132">
     <span class='ocr_line' id='line_1_32' title="bbox 361 3056 2052 3132; baseline -0.003 -19"><span class='ocrx_word' id='word_1_258' title='bbox 361 3059 544 3130; x_wconf 84' lang='grc' dir='ltr'>μένων</span> <span class='ocrx_word' id='word_1_259' title='bbox 575 3059 670 3113; x_wconf 73' lang='lat' dir='ltr'><strong><em>xal</em></strong></span> <span class='ocrx_word' id='word_1_260' title='bbox 698 3060 942 3115; x_wconf 82' lang='grc' dir='ltr'>τάλοιπά</span> <span class='ocrx_word' id='word_1_261' title='bbox 967 3061 1068 3132; x_wconf 88' lang='grc' dir='ltr'>τῆς</span> <span class='ocrx_word' id='word_1_262' title='bbox 1091 3060 1321 3123; x_wconf 86' lang='grc' dir='ltr'>κτίσεως</span> <span class='ocrx_word' id='word_1_263' title='bbox 1345 3058 1591 3132; x_wconf 74' lang='grc' dir='ltr'>ἐπελθεῖν</span> <span class='ocrx_word' id='word_1_264' title='bbox 1617 3057 1780 3132; x_wconf 87' lang='grc' dir='ltr'>μέρη,</span> <span class='ocrx_word' id='word_1_265' title='bbox 1820 3057 1904 3126; x_wconf 87' lang='grc' dir='ltr'>ἐφ’</span> <span class='ocrx_word' id='word_1_266' title='bbox 1935 3056 2052 3109; x_wconf 84' lang='grc' dir='ltr'>ἐτέ-</span> 
     </span>
    </p>
   </div>
   <div class='ocr_carea' id='block_1_33' title="bbox 359 3144 2052 3221">
    <p class='ocr_par' dir='ltr' id='par_1_33' title="bbox 359 3144 2052 3221">
     <span class='ocr_line' id='line_1_33' title="bbox 359 3144 2052 3221; baseline -0.002 -18"><span class='ocrx_word' id='word_1_267' title='bbox 359 3164 467 3218; x_wconf 82' lang='grc' dir='ltr'>ραν</span> <span class='ocrx_word' id='word_1_268' title='bbox 503 3147 760 3202; x_wconf 81' lang='grc' dir='ltr'>ὑπόθεσιν</span> <span class='ocrx_word' id='word_1_269' title='bbox 789 3149 882 3203; x_wconf 87' lang='grc' dir='ltr'>τὸν</span> <span class='ocrx_word' id='word_1_270' title='bbox 899 3149 1057 3218; x_wconf 92' lang='grc' dir='ltr'>λόγον</span> <span class='ocrx_word' id='word_1_271' title='bbox 1080 3145 1745 3221; x_wconf 74' lang='grc' dir='ltr'>τρέψωμεν,ἐνδεικτικὴν</span> <span class='ocrx_word' id='word_1_272' title='bbox 1763 3146 1856 3199; x_wconf 74' lang='grc' dir='ltr'>καὶ</span> <span class='ocrx_word' id='word_1_273' title='bbox 1879 3144 2052 3216; x_wconf 81' lang='grc' dir='ltr'>αὐτὴν</span> 
     </span>
    </p>
   </div>
   <div class='ocr_carea' id='block_1_34' title="bbox 353 3230 2051 3308">
    <p class='ocr_par' dir='ltr' id='par_1_34' title="bbox 353 3230 2051 3308">
     <span class='ocr_line' id='line_1_34' title="bbox 353 3230 2051 3308; baseline -0.002 -18"><span class='ocrx_word' id='word_1_274' title='bbox 353 3231 527 3290; x_wconf 74' lang='grc' dir='ltr'>οὖσαν</span> <span class='ocrx_word' id='word_1_275' title='bbox 555 3236 655 3306; x_wconf 80' lang='grc' dir='ltr'>τῆς</span> <span class='ocrx_word' id='word_1_276' title='bbox 684 3235 779 3290; x_wconf 80' lang='grc' dir='ltr'>τοῦ</span> <span class='ocrx_word' id='word_1_277' title='bbox 810 3236 947 3292; x_wconf 81' lang='grc' dir='ltr'>Θεοῦ</span> <span class='ocrx_word' id='word_1_278' title='bbox 997 3236 1275 3308; x_wconf 86' lang='grc' dir='ltr'>προνοίας.</span> <span class='ocrx_word' id='word_1_279' title='bbox 1315 3235 1412 3300; x_wconf 89' lang='grc' dir='ltr'>Τίς</span> <span class='ocrx_word' id='word_1_280' title='bbox 1449 3230 1544 3289; x_wconf 69' lang='grc' dir='ltr'>οὖν</span> <span class='ocrx_word' id='word_1_281' title='bbox 1586 3235 1734 3287; x_wconf 89' lang='grc' dir='ltr'>ἐστιν</span> <span class='ocrx_word' id='word_1_282' title='bbox 1761 3234 1794 3305; x_wconf 79' lang='grc' dir='ltr'><strong>ἡ</strong></span> <span class='ocrx_word' id='word_1_283' title='bbox 1821 3232 2051 3305; x_wconf 85' lang='grc' dir='ltr'>δευτέρα</span> 
     </span>
    </p>
   </div>
   <div class='ocr_carea' id='block_1_35' title="bbox 357 3321 2051 3396">
    <p class='ocr_par' dir='ltr' id='par_1_35' title="bbox 357 3321 2051 3396">
     <span class='ocr_line' id='line_1_35' title="bbox 357 3321 2051 3396; baseline -0.002 -18"><span class='ocrx_word' id='word_1_284' title='bbox 357 3325 650 3392; x_wconf 85' lang='grc' dir='ltr'>ὑπόθεσις;</span> <span class='ocrx_word' id='word_1_285' title='bbox 686 3325 778 3391; x_wconf 84' lang='grc' dir='ltr'>Ἐξ</span> <span class='ocrx_word' id='word_1_286' title='bbox 805 3325 982 3396; x_wconf 86' lang='grc' dir='ltr'>ἀρχῆς</span> <span class='ocrx_word' id='word_1_287' title='bbox 1011 3324 1264 3378; x_wconf 81' lang='grc' dir='ltr'>πλάττων</span> <span class='ocrx_word' id='word_1_288' title='bbox 1298 3324 1328 3377; x_wconf 86' lang='lat'>6</span> <span class='ocrx_word' id='word_1_289' title='bbox 1349 3323 1484 3387; x_wconf 84' lang='grc' dir='ltr'>Θεὸς</span> <span class='ocrx_word' id='word_1_290' title='bbox 1513 3323 1603 3377; x_wconf 89' lang='grc' dir='ltr'>τὸν</span> <span class='ocrx_word' id='word_1_291' title='bbox 1625 3321 1937 3394; x_wconf 79' lang='grc' dir='ltr'>ἄνθρωπον,</span> <span class='ocrx_word' id='word_1_292' title='bbox 1963 3321 2051 3375; x_wconf 88' lang='grc' dir='ltr'>νό-</span> 
     </span>
    </p>
   </div>
   <div class='ocr_carea' id='block_1_36' title="bbox 361 3409 2051 3484">
    <p class='ocr_par' dir='ltr' id='par_1_36' title="bbox 361 3409 2051 3484">
     <span class='ocr_line' id='line_1_36' title="bbox 361 3409 2051 3484; baseline -0.002 -18"><span class='ocrx_word' id='word_1_293' title='bbox 361 3429 465 3484; x_wconf 89' lang='grc' dir='ltr'>μον</span> <span class='ocrx_word' id='word_1_294' title='bbox 497 3411 642 3484; x_wconf 87' lang='grc' dir='ltr'>αὐτῷ</span> <span class='ocrx_word' id='word_1_295' title='bbox 667 3413 898 3483; x_wconf 87' lang='grc' dir='ltr'>φυσικὸν</span> <span class='ocrx_word' id='word_1_296' title='bbox 929 3411 1271 3484; x_wconf 72' lang='grc' dir='ltr'>ἐγκατέθηκε</span> <span class='ocrx_word' id='word_1_297' title='bbox 1313 3413 1364 3465; x_wconf 77' lang='lat' dir='ltr'>b.</span> <span class='ocrx_word' id='word_1_298' title='bbox 1401 3411 1514 3465; x_wconf 88' lang='lat' dir='ltr'>Kal</span> <span class='ocrx_word' id='word_1_299' title='bbox 1547 3409 1602 3464; x_wconf 89' lang='grc' dir='ltr'>τί</span> <span class='ocrx_word' id='word_1_300' title='bbox 1631 3409 1764 3464; x_wconf 87' lang='grc' dir='ltr'>ποτέ</span> <span class='ocrx_word' id='word_1_301' title='bbox 1789 3411 1936 3464; x_wconf 90' lang='grc' dir='ltr'>ἐστιν</span> <span class='ocrx_word' id='word_1_302' title='bbox 1958 3409 2051 3463; x_wconf 88' lang='grc' dir='ltr'>νό-</span> 
     </span>
    </p>
   </div>
   <div class='ocr_carea' id='block_1_37' title="bbox 361 3497 2051 3571">
    <p class='ocr_par' dir='ltr' id='par_1_37' title="bbox 361 3497 2051 3571">
     <span class='ocr_line' id='line_1_37' title="bbox 361 3497 2051 3571; baseline -0.003 -15"><span class='ocrx_word' id='word_1_303' title='bbox 361 3518 467 3570; x_wconf 84' lang='grc' dir='ltr'>μος</span> <span class='ocrx_word' id='word_1_304' title='bbox 499 3501 753 3570; x_wconf 77' lang='grc' dir='ltr'>φυσικόςς</span> <span class='ocrx_word' id='word_1_305' title='bbox 805 3500 878 3554; x_wconf 88' lang='grc' dir='ltr'>Τὸ</span> <span class='ocrx_word' id='word_1_306' title='bbox 923 3499 1165 3563; x_wconf 81' lang='grc' dir='ltr'>συνειδὸς</span> <span class='ocrx_word' id='word_1_307' title='bbox 1195 3502 1328 3571; x_wconf 80' lang='grc' dir='ltr'>ἡμῖν</span> <span class='ocrx_word' id='word_1_308' title='bbox 1353 3499 1683 3570; x_wconf 88' lang='grc' dir='ltr'>διήρθρωσε,</span> <span class='ocrx_word' id='word_1_309' title='bbox 1717 3497 1814 3552; x_wconf 77' lang='grc' dir='ltr'>καὶ</span> <span class='ocrx_word' id='word_1_310' title='bbox 1837 3497 2051 3553; x_wconf 84' lang='grc' dir='ltr'>αὐτοδί-</span> 
     </span>
    </p>
   </div>
   <div class='ocr_carea' id='block_1_38' title="bbox 358 3585 2049 3662">
    <p class='ocr_par' dir='ltr' id='par_1_38' title="bbox 358 3585 2049 3662">
     <span class='ocr_line' id='line_1_38' title="bbox 358 3585 2049 3662; baseline -0.001 -20"><span class='ocrx_word' id='word_1_311' title='bbox 358 3589 557 3642; x_wconf 77' lang='grc' dir='ltr'>δακτον</span> <span class='ocrx_word' id='word_1_312' title='bbox 593 3587 742 3662; x_wconf 71' lang='grc'>[128]</span> <span class='ocrx_word' id='word_1_313' title='bbox 771 3587 995 3658; x_wconf 82' lang='grc' dir='ltr'>ἐποίησε</span> <span class='ocrx_word' id='word_1_314' title='bbox 1023 3586 1124 3658; x_wconf 83' lang='grc' dir='ltr'>τὴν</span> <span class='ocrx_word' id='word_1_315' title='bbox 1151 3586 1356 3656; x_wconf 87' lang='grc' dir='ltr'>γνῶσιν</span> <span class='ocrx_word' id='word_1_316' title='bbox 1377 3586 1485 3639; x_wconf 91' lang='grc' dir='ltr'>τῶν</span> <span class='ocrx_word' id='word_1_317' title='bbox 1506 3585 1692 3640; x_wconf 91' lang='grc' dir='ltr'>καλῶν</span> <span class='ocrx_word' id='word_1_318' title='bbox 1729 3585 1826 3640; x_wconf 74' lang='grc' dir='ltr'>καὶ</span> <span class='ocrx_word' id='word_1_319' title='bbox 1848 3586 1958 3640; x_wconf 89' lang='grc' dir='ltr'>τῶν</span> <span class='ocrx_word' id='word_1_320' title='bbox 1985 3586 2049 3641; x_wconf 84' lang='grc' dir='ltr'>οὐ</span> 
     </span>
    </p>
   </div>
   <div class='ocr_carea' id='block_1_39' title="bbox 358 3673 2047 3746">
    <p class='ocr_par' dir='ltr' id='par_1_39' title="bbox 358 3673 2047 3746">
     <span class='ocr_line' id='line_1_39' title="bbox 358 3673 2047 3746; baseline -0.002 -17"><span class='ocrx_word' id='word_1_321' title='bbox 358 3674 620 3730; x_wconf 83' lang='grc' dir='ltr'>τοιούτων</span> <span class='ocrx_word' id='word_1_322' title='bbox 644 3693 657 3708; x_wconf 86' lang='grc'>·</span> <span class='ocrx_word' id='word_1_323' title='bbox 692 3677 753 3730; x_wconf 88' lang='grc' dir='ltr'>οὐ</span> <span class='ocrx_word' id='word_1_324' title='bbox 773 3675 883 3746; x_wconf 90' lang='lat'>7&amp;9</span> <span class='ocrx_word' id='word_1_325' title='bbox 923 3674 1156 3746; x_wconf 89' lang='grc' dir='ltr'>δεόμεθα</span> <span class='ocrx_word' id='word_1_326' title='bbox 1206 3674 1398 3746; x_wconf 86' lang='grc' dir='ltr'>μαθεῖν</span> <span class='ocrx_word' id='word_1_327' title='bbox 1425 3675 1508 3727; x_wconf 80' lang='grc' dir='ltr'>ὅτι</span> <span class='ocrx_word' id='word_1_328' title='bbox 1535 3673 1708 3727; x_wconf 84' lang='grc' dir='ltr'>κακὸν</span> <span class='ocrx_word' id='word_1_329' title='bbox 1740 3675 1774 3745; x_wconf 78' lang='grc' dir='ltr'><strong>ἡ</strong></span> <span class='ocrx_word' id='word_1_330' title='bbox 1801 3673 2047 3746; x_wconf 87' lang='grc' dir='ltr'>πορνεία,</span> 
     </span>
    </p>
   </div>
   <div class='ocr_carea' id='block_1_40' title="bbox 359 3759 2050 3835">
    <p class='ocr_par' dir='ltr' id='par_1_40' title="bbox 359 3759 2050 3835">
     <span class='ocr_line' id='line_1_40' title="bbox 359 3759 2050 3835; baseline -0.002 -17"><span class='ocrx_word' id='word_1_331' title='bbox 359 3765 461 3818; x_wconf 72' lang='grc' dir='ltr'>καὶ</span> <span class='ocrx_word' id='word_1_332' title='bbox 494 3763 656 3818; x_wconf 83' lang='grc' dir='ltr'>καλὸν</span> <span class='ocrx_word' id='word_1_333' title='bbox 696 3765 730 3835; x_wconf 84' lang='grc' dir='ltr'>ὴ</span> <span class='ocrx_word' id='word_1_334' title='bbox 767 3762 1114 3834; x_wconf 76' lang='grc' dir='ltr'>σωφροσύνη,</span> <span class='ocrx_word' id='word_1_335' title='bbox 1144 3763 1260 3817; x_wconf 85' lang='grc' dir='ltr'>ἀλλ’</span> <span class='ocrx_word' id='word_1_336' title='bbox 1287 3760 1444 3832; x_wconf 79' lang='grc' dir='ltr'>ἴσμεν</span> <span class='ocrx_word' id='word_1_337' title='bbox 1463 3759 1524 3826; x_wconf 89' lang='grc' dir='ltr'>ἐξ</span> <span class='ocrx_word' id='word_1_338' title='bbox 1551 3761 1726 3832; x_wconf 80' lang='grc' dir='ltr'>ἀρχῆς</span> <span class='ocrx_word' id='word_1_339' title='bbox 1743 3760 1921 3816; x_wconf 82' lang='grc' dir='ltr'>τοῦτο.</span> <span class='ocrx_word' id='word_1_340' title='bbox 1939 3761 2050 3814; x_wconf 80' lang='grc' dir='ltr'>Καὶ</span> 
     </span>
    </p>
   </div>
   <div class='ocr_carea' id='block_1_41' title="bbox 362 3847 2050 3924">
    <p class='ocr_par' dir='ltr' id='par_1_41' title="bbox 362 3847 2050 3924">
     <span class='ocr_line' id='line_1_41' title="bbox 362 3847 2050 3924; baseline -0.002 -20"><span class='ocrx_word' id='word_1_341' title='bbox 362 3853 453 3905; x_wconf 68' lang='grc' dir='ltr'>ἵνα</span> <span class='ocrx_word' id='word_1_342' title='bbox 482 3851 656 3924; x_wconf 78' lang='grc' dir='ltr'>μάθῃς</span> <span class='ocrx_word' id='word_1_343' title='bbox 678 3852 762 3906; x_wconf 82' lang='grc' dir='ltr'>ὅτι</span> <span class='ocrx_word' id='word_1_344' title='bbox 789 3850 948 3905; x_wconf 79' lang='grc' dir='ltr'>τοῦτο</span> <span class='ocrx_word' id='word_1_345' title='bbox 969 3849 1026 3918; x_wconf 85' lang='grc' dir='ltr'>ἐξ</span> <span class='ocrx_word' id='word_1_346' title='bbox 1051 3851 1224 3922; x_wconf 84' lang='grc' dir='ltr'>ἀρχῆς</span> <span class='ocrx_word' id='word_1_347' title='bbox 1253 3849 1433 3921; x_wconf 74' lang='grc' dir='ltr'>ἴσμεν,</span> <span class='ocrx_word' id='word_1_348' title='bbox 1464 3850 1492 3902; x_wconf 87' lang='grc' dir='ltr'>ό</span> <span class='ocrx_word' id='word_1_349' title='bbox 1522 3847 1822 3920; x_wconf 77' lang='grc' dir='ltr'>νομοθέτης</span> <span class='ocrx_word' id='word_1_350' title='bbox 1853 3848 2050 3919; x_wconf 88' lang='grc' dir='ltr'>νόμους</span> 
     </span>
    </p>
   </div>
   <div class='ocr_carea' id='block_1_42' title="bbox 359 3935 2046 4010">
    <p class='ocr_par' dir='ltr' id='par_1_42' title="bbox 359 3935 2046 4010">
     <span class='ocr_line' id='line_1_42' title="bbox 359 3935 2046 4010; baseline -0.004 -16"><span class='ocrx_word' id='word_1_351' title='bbox 359 3940 539 4002; x_wconf 75' lang='grc' dir='ltr'>διδοὺς</span> <span class='ocrx_word' id='word_1_352' title='bbox 563 3939 810 4010; x_wconf 79' lang='grc' dir='ltr'>ὕστερον,</span> <span class='ocrx_word' id='word_1_353' title='bbox 833 3940 928 3992; x_wconf 76' lang='grc' dir='ltr'>καὶ</span> <span class='ocrx_word' id='word_1_354' title='bbox 944 3937 1136 4004; x_wconf 85' lang='grc' dir='ltr'>εἰπὼν,</span> <span class='ocrx_word' id='word_1_355' title='bbox 1169 3939 1251 3992; x_wconf 81' lang='grc' dir='ltr'><em>Οὐ</em></span> <span class='ocrx_word' id='word_1_356' title='bbox 1277 3937 1620 4007; x_wconf 64' lang='grc' dir='ltr'>φονεύσεις,</span> <span class='ocrx_word' id='word_1_357' title='bbox 1643 3937 1744 3990; x_wconf 86' lang='grc' dir='ltr'>οὐκ</span> <span class='ocrx_word' id='word_1_358' title='bbox 1776 3935 2046 4006; x_wconf 84' lang='grc' dir='ltr'>ἐπήγαγε,</span> 
     </span>
    </p>
   </div>
   <div class='ocr_carea' id='block_1_43' title="bbox 367 4019 2047 4100">
    <p class='ocr_par' dir='ltr' id='par_1_43' title="bbox 367 4019 2047 4100">
     <span class='ocr_line' id='line_1_43' title="bbox 367 4019 2047 4100; baseline -0.001 -22"><span class='ocrx_word' id='word_1_359' title='bbox 367 4026 553 4084; x_wconf 74' lang='grc' dir='ltr'>Κακδν</span> <span class='ocrx_word' id='word_1_360' title='bbox 571 4024 673 4100; x_wconf 75' lang='grc' dir='ltr'>γὰρ</span> <span class='ocrx_word' id='word_1_361' title='bbox 701 4030 731 4081; x_wconf 85' lang='lat'>6</span> <span class='ocrx_word' id='word_1_362' title='bbox 759 4027 938 4097; x_wconf 82' lang='grc' dir='ltr'>φόνος,</span> <span class='ocrx_word' id='word_1_363' title='bbox 973 4025 1090 4080; x_wconf 83' lang='grc' dir='ltr'>ἀλλ’</span> <span class='ocrx_word' id='word_1_364' title='bbox 1120 4025 1334 4089; x_wconf 84' lang='grc' dir='ltr'>ἁπλῶς,</span> <span class='ocrx_word' id='word_1_365' title='bbox 1377 4026 1462 4079; x_wconf 84' lang='grc' dir='ltr'>Οὐ</span> <span class='ocrx_word' id='word_1_366' title='bbox 1485 4025 1824 4094; x_wconf 70' lang='grc' dir='ltr'>φονεύσεις,</span> <span class='ocrx_word' id='word_1_367' title='bbox 1856 4019 2008 4076; x_wconf 84' lang='grc' dir='ltr'>εἶπεν</span> <span class='ocrx_word' id='word_1_368' title='bbox 2031 4040 2047 4056; x_wconf 89' lang='grc'>·</span> 
     </span>
    </p>
   </div>
   <div class='ocr_carea' id='block_1_44' title="bbox 364 4110 2052 4188">
    <p class='ocr_par' dir='ltr' id='par_1_44' title="bbox 364 4110 2052 4188">
     <span class='ocr_line' id='line_1_44' title="bbox 364 4110 2052 4188; baseline -0.004 -18"><span class='ocrx_word' id='word_1_369' title='bbox 364 4117 709 4188; x_wconf 79' lang='grc' dir='ltr'>ἀπηγόρευσε</span> <span class='ocrx_word' id='word_1_370' title='bbox 733 4116 842 4187; x_wconf 72' lang='lat'>7&amp;9</span> <span class='ocrx_word' id='word_1_371' title='bbox 861 4114 960 4186; x_wconf 81' lang='grc' dir='ltr'>τὴν</span> <span class='ocrx_word' id='word_1_372' title='bbox 993 4114 1267 4187; x_wconf 81' lang='grc' dir='ltr'>ἁμαρτίαν</span> <span class='ocrx_word' id='word_1_373' title='bbox 1297 4113 1479 4184; x_wconf 88' lang='grc' dir='ltr'>μόνον,</span> <span class='ocrx_word' id='word_1_374' title='bbox 1510 4112 1612 4164; x_wconf 89' lang='grc' dir='ltr'>οὐκ</span> <span class='ocrx_word' id='word_1_375' title='bbox 1641 4110 1868 4176; x_wconf 81' lang='grc' dir='ltr'>ἐδίδαξε.</span> <span class='ocrx_word' id='word_1_376' title='bbox 1893 4111 2052 4176; x_wconf 85' lang='grc' dir='ltr'>Τίνος</span> 
     </span>
    </p>
   </div>
   <div class='ocr_carea' id='block_1_45' title="bbox 362 4198 2046 4272">
    <p class='ocr_par' dir='ltr' id='par_1_45' title="bbox 362 4198 2046 4272">
     <span class='ocr_line' id='line_1_45' title="bbox 362 4198 2046 4272; baseline -0.004 -13"><span class='ocrx_word' id='word_1_377' title='bbox 362 4199 462 4259; x_wconf 83' lang='grc' dir='ltr'>οὖν</span> <span class='ocrx_word' id='word_1_378' title='bbox 487 4204 667 4258; x_wconf 82' lang='grc' dir='ltr'>ἐνεκεν</span> <span class='ocrx_word' id='word_1_379' title='bbox 682 4201 868 4268; x_wconf 86' lang='grc' dir='ltr'>εἰπὼν,</span> <span class='ocrx_word' id='word_1_380' title='bbox 897 4205 978 4257; x_wconf 82' lang='grc' dir='ltr'>οὐ</span> <span class='ocrx_word' id='word_1_381' title='bbox 999 4203 1338 4272; x_wconf 70' lang='grc' dir='ltr'>φονεύσεις,</span> <span class='ocrx_word' id='word_1_382' title='bbox 1353 4199 1413 4254; x_wconf 91' lang='grc' dir='ltr'>οὐ</span> <span class='ocrx_word' id='word_1_383' title='bbox 1431 4199 1793 4270; x_wconf 77' lang='grc' dir='ltr'>προσέθηκεν,</span> <span class='ocrx_word' id='word_1_384' title='bbox 1807 4198 1930 4252; x_wconf 85' lang='grc' dir='ltr'>Ὅτι</span> <span class='ocrx_word' id='word_1_385' title='bbox 1951 4216 2046 4252; x_wconf 76' lang='lat' dir='ltr'>xa-</span> 
     </span>
    </p>
   </div>
   <div class='ocr_carea' id='block_1_46' title="bbox 367 4286 2050 4363">
    <p class='ocr_par' dir='ltr' id='par_1_46' title="bbox 367 4286 2050 4363">
     <span class='ocr_line' id='line_1_46' title="bbox 367 4286 2050 4363; baseline -0.004 -17"><span class='ocrx_word' id='word_1_386' title='bbox 367 4292 470 4346; x_wconf 87' lang='grc' dir='ltr'>κὸν</span> <span class='ocrx_word' id='word_1_387' title='bbox 495 4294 522 4346; x_wconf 88' lang='grc' dir='ltr'>ὁ</span> <span class='ocrx_word' id='word_1_388' title='bbox 547 4291 739 4360; x_wconf 72' lang='grc' dir='ltr'>φόνοςς</span> <span class='ocrx_word' id='word_1_389' title='bbox 777 4291 998 4363; x_wconf 82' lang='grc' dir='ltr'>Ἐπειδὴ</span> <span class='ocrx_word' id='word_1_390' title='bbox 1033 4288 1322 4363; x_wconf 87' lang='grc' dir='ltr'>προλαϐὼν</span> <span class='ocrx_word' id='word_1_391' title='bbox 1347 4287 1411 4341; x_wconf 88' lang='grc' dir='ltr'>τὸ</span> <span class='ocrx_word' id='word_1_392' title='bbox 1454 4286 1692 4351; x_wconf 80' lang='grc' dir='ltr'>συνειδὸς</span> <span class='ocrx_word' id='word_1_393' title='bbox 1721 4289 1870 4358; x_wconf 81' lang='grc' dir='ltr'>ἡμᾶς</span> <span class='ocrx_word' id='word_1_394' title='bbox 1893 4288 2050 4340; x_wconf 87' lang='grc' dir='ltr'>ἐπαί-</span> 
     </span>
    </p>
   </div>
   <div class='ocr_carea' id='block_1_47' title="bbox 367 4374 2053 4446">
    <p class='ocr_par' dir='ltr' id='par_1_47' title="bbox 367 4374 2053 4446">
     <span class='ocr_line' id='line_1_47' title="bbox 367 4374 2053 4446; baseline -0.004 -13"><span class='ocrx_word' id='word_1_395' title='bbox 367 4379 524 4433; x_wconf 82' lang='grc' dir='ltr'>δευσε</span> <span class='ocrx_word' id='word_1_396' title='bbox 555 4378 730 4444; x_wconf 84' lang='grc' dir='ltr'>τοῦτο,</span> <span class='ocrx_word' id='word_1_397' title='bbox 759 4381 855 4433; x_wconf 75' lang='grc' dir='ltr'>καὶ</span> <span class='ocrx_word' id='word_1_398' title='bbox 881 4379 958 4443; x_wconf 84' lang='grc' dir='ltr'>ὡς</span> <span class='ocrx_word' id='word_1_399' title='bbox 989 4378 1158 4432; x_wconf 82' lang='grc' dir='ltr'>εἰδόσι</span> <span class='ocrx_word' id='word_1_400' title='bbox 1185 4378 1280 4431; x_wconf 76' lang='grc' dir='ltr'>καὶ</span> <span class='ocrx_word' id='word_1_401' title='bbox 1298 4375 1686 4446; x_wconf 74' lang='grc' dir='ltr'>ἐπισταμένοις</span> <span class='ocrx_word' id='word_1_402' title='bbox 1706 4374 1849 4428; x_wconf 79' lang='grc' dir='ltr'>οὕτω</span> <span class='ocrx_word' id='word_1_403' title='bbox 1877 4375 2053 4428; x_wconf 83' lang='grc' dir='ltr'>διαλέ-</span> 
     </span>
    </p>
   </div>
   <div class='ocr_carea' id='block_1_48' title="bbox 367 4462 2052 4538">
    <p class='ocr_par' dir='ltr' id='par_1_48' title="bbox 367 4462 2052 4538">
     <span class='ocr_line' id='line_1_48' title="bbox 367 4462 2052 4538; baseline -0.003 -17"><span class='ocrx_word' id='word_1_404' title='bbox 367 4484 546 4538; x_wconf 83' lang='grc' dir='ltr'>γεται.</span> <span class='ocrx_word' id='word_1_405' title='bbox 583 4468 750 4522; x_wconf 89' lang='grc' dir='ltr'>Ὅταν</span> <span class='ocrx_word' id='word_1_406' title='bbox 773 4466 905 4536; x_wconf 75' lang='grc' dir='ltr'>γοῦν</span> <span class='ocrx_word' id='word_1_407' title='bbox 922 4467 1050 4538; x_wconf 74' lang='grc' dir='ltr'>περὶ</span> <span class='ocrx_word' id='word_1_408' title='bbox 1071 4463 1266 4537; x_wconf 82' lang='grc' dir='ltr'>ἐτέρας</span> <span class='ocrx_word' id='word_1_409' title='bbox 1293 4463 1512 4535; x_wconf 82' lang='grc' dir='ltr'>ἐντολῆς</span> <span class='ocrx_word' id='word_1_410' title='bbox 1532 4462 1670 4536; x_wconf 79' lang='grc' dir='ltr'>λέγῃ</span> <span class='ocrx_word' id='word_1_411' title='bbox 1701 4462 1800 4534; x_wconf 91' lang='grc' dir='ltr'>τῆς</span> <span class='ocrx_word' id='word_1_412' title='bbox 1826 4463 1887 4516; x_wconf 87' lang='grc' dir='ltr'>οὐ</span> <span class='ocrx_word' id='word_1_413' title='bbox 1913 4479 2052 4532; x_wconf 82' lang='grc' dir='ltr'>γνω-</span> 
     </span>
    </p>
   </div>
   <div class='ocr_carea' id='block_1_49' title="bbox 373 4550 2051 4628">
    <p class='ocr_par' dir='ltr' id='par_1_49' title="bbox 373 4550 2051 4628">
     <span class='ocr_line' id='line_1_49' title="bbox 373 4550 2051 4628; baseline -0.002 -20"><span class='ocrx_word' id='word_1_414' title='bbox 373 4557 544 4628; x_wconf 86' lang='grc' dir='ltr'>ρίμης</span> <span class='ocrx_word' id='word_1_415' title='bbox 579 4557 710 4625; x_wconf 80' lang='grc' dir='ltr'>ἡμῖν</span> <span class='ocrx_word' id='word_1_416' title='bbox 748 4556 856 4610; x_wconf 86' lang='grc' dir='ltr'>ἀπὸ</span> <span class='ocrx_word' id='word_1_417' title='bbox 885 4553 979 4608; x_wconf 82' lang='grc' dir='ltr'>τοῦ</span> <span class='ocrx_word' id='word_1_418' title='bbox 1029 4551 1327 4614; x_wconf 81' lang='grc' dir='ltr'>συνειδότος</span> <span class='ocrx_word' id='word_1_419' title='bbox 1357 4550 1676 4622; x_wconf 84' lang='grc' dir='ltr'>γενομένης,</span> <span class='ocrx_word' id='word_1_420' title='bbox 1709 4551 1809 4604; x_wconf 83' lang='grc' dir='ltr'>οὐκ</span> <span class='ocrx_word' id='word_1_421' title='bbox 1841 4551 2051 4620; x_wconf 87' lang='grc' dir='ltr'>ἀπαγο-</span> 
     </span>
    </p>
   </div>
   <div class='ocr_carea' id='block_1_50' title="bbox 369 4637 2052 4716">
    <p class='ocr_par' dir='ltr' id='par_1_50' title="bbox 369 4637 2052 4716">
     <span class='ocr_line' id='line_1_50' title="bbox 369 4637 2052 4716; baseline -0.002 -20"><span class='ocrx_word' id='word_1_422' title='bbox 369 4644 522 4716; x_wconf 88' lang='grc' dir='ltr'>ρεύει</span> <span class='ocrx_word' id='word_1_423' title='bbox 549 4645 728 4713; x_wconf 89' lang='grc' dir='ltr'>μόνον,</span> <span class='ocrx_word' id='word_1_424' title='bbox 759 4640 896 4695; x_wconf 82' lang='grc' dir='ltr'>ἀλλά</span> <span class='ocrx_word' id='word_1_425' title='bbox 927 4641 1022 4694; x_wconf 76' lang='grc' dir='ltr'>καὶ</span> <span class='ocrx_word' id='word_1_426' title='bbox 1047 4640 1146 4713; x_wconf 79' lang='grc' dir='ltr'>τὴν</span> <span class='ocrx_word' id='word_1_427' title='bbox 1171 4639 1354 4694; x_wconf 81' lang='grc' dir='ltr'>αἰτίαν</span> <span class='ocrx_word' id='word_1_428' title='bbox 1384 4637 1730 4710; x_wconf 87' lang='grc' dir='ltr'>προστίθησι.</span> <span class='ocrx_word' id='word_1_429' title='bbox 1759 4638 1895 4710; x_wconf 70' lang='grc' dir='ltr'>Περὶ</span> <span class='ocrx_word' id='word_1_430' title='bbox 1919 4638 2052 4692; x_wconf 90' lang='grc' dir='ltr'>σαϐ-</span> 
     </span>
    </p>
   </div>
   <div class='ocr_carea' id='block_1_51' title="bbox 369 4725 2054 4801">
    <p class='ocr_par' dir='ltr' id='par_1_51' title="bbox 369 4725 2054 4801">
     <span class='ocr_line' id='line_1_51' title="bbox 369 4725 2054 4801; baseline 0.001 -18"><span class='ocrx_word' id='word_1_431' title='bbox 369 4732 538 4786; x_wconf 78' lang='grc' dir='ltr'>ϐάτου</span> <span class='ocrx_word' id='word_1_432' title='bbox 581 4729 712 4800; x_wconf 82' lang='grc' dir='ltr'>γοῦν</span> <span class='ocrx_word' id='word_1_433' title='bbox 769 4727 1075 4801; x_wconf 85' lang='grc' dir='ltr'>νομοθετῶν</span> <span class='ocrx_word' id='word_1_434' title='bbox 1122 4729 1219 4782; x_wconf 74' lang='grc' dir='ltr'>καὶ</span> <span class='ocrx_word' id='word_1_435' title='bbox 1267 4727 1464 4796; x_wconf 85' lang='grc' dir='ltr'>λέγων,</span> <span class='ocrx_word' id='word_1_436' title='bbox 1537 4725 1615 4794; x_wconf 76' lang='grc' dir='ltr'>Τῇ</span> <span class='ocrx_word' id='word_1_437' title='bbox 1664 4726 1733 4779; x_wconf 79' lang='grc' dir='ltr'>δὲ</span> <span class='ocrx_word' id='word_1_438' title='bbox 1760 4726 1951 4796; x_wconf 75' lang='grc' dir='ltr'>ἡμέρᾳ</span> <span class='ocrx_word' id='word_1_439' title='bbox 1976 4725 2054 4796; x_wconf 79' lang='grc' dir='ltr'>τῇ</span> 
     </span>
    </p>
   </div>
   <div class='ocr_carea' id='block_1_52' title="bbox 368 4815 2055 4887">
    <p class='ocr_par' dir='ltr' id='par_1_52' title="bbox 368 4815 2055 4887">
     <span class='ocr_line' id='line_1_52' title="bbox 368 4815 2055 4887; baseline -0.001 -15"><span class='ocrx_word' id='word_1_440' title='bbox 368 4819 592 4886; x_wconf 78' lang='grc' dir='ltr'>ἐϐδόμῃ</span> <span class='ocrx_word' id='word_1_441' title='bbox 621 4820 692 4872; x_wconf 88' lang='grc' dir='ltr'>οὐ</span> <span class='ocrx_word' id='word_1_442' title='bbox 711 4818 988 4886; x_wconf 72' lang='grc' dir='ltr'>ποιήσεις</span> <span class='ocrx_word' id='word_1_443' title='bbox 1013 4817 1211 4886; x_wconf 76' lang='grc' dir='ltr'>ἔργον,</span> <span class='ocrx_word' id='word_1_444' title='bbox 1237 4815 1332 4870; x_wconf 79' lang='grc' dir='ltr'>καὶ</span> <span class='ocrx_word' id='word_1_445' title='bbox 1364 4815 1464 4886; x_wconf 83' lang='grc' dir='ltr'>τὴν</span> <span class='ocrx_word' id='word_1_446' title='bbox 1486 4815 1664 4868; x_wconf 85' lang='grc' dir='ltr'>αἰτίαν</span> <span class='ocrx_word' id='word_1_447' title='bbox 1687 4815 1932 4886; x_wconf 83' lang='grc' dir='ltr'>ἐπήγαγε</span> <span class='ocrx_word' id='word_1_448' title='bbox 1952 4815 2055 4887; x_wconf 85' lang='grc' dir='ltr'>τῆς</span> 
     </span>
    </p>
   </div>
   <div class='ocr_carea' id='block_1_53' title="bbox 368 4901 2054 4977">
    <p class='ocr_par' dir='ltr' id='par_1_53' title="bbox 368 4901 2054 4977">
     <span class='ocr_line' id='line_1_53' title="bbox 368 4901 2054 4977; baseline -0.001 -17"><span class='ocrx_word' id='word_1_449' title='bbox 368 4907 571 4977; x_wconf 80' lang='grc' dir='ltr'>ἀργίας</span> <span class='ocrx_word' id='word_1_450' title='bbox 595 4923 608 4936; x_wconf 91' lang='grc'>·</span> <span class='ocrx_word' id='word_1_451' title='bbox 637 4905 796 4960; x_wconf 86' lang='grc' dir='ltr'>ποίαν</span> <span class='ocrx_word' id='word_1_452' title='bbox 813 4906 878 4976; x_wconf 87' lang='grc' dir='ltr'>δὴ</span> <span class='ocrx_word' id='word_1_453' title='bbox 906 4904 1145 4976; x_wconf 87' lang='grc' dir='ltr'>ταύτην;</span> <span class='ocrx_word' id='word_1_454' title='bbox 1164 4903 1296 4958; x_wconf 85' lang='grc' dir='ltr'>Ὅτι</span> <span class='ocrx_word' id='word_1_455' title='bbox 1317 4903 1386 4956; x_wconf 83' lang='grc' dir='ltr'>ἐν</span> <span class='ocrx_word' id='word_1_456' title='bbox 1409 4901 1484 4972; x_wconf 73' lang='grc' dir='ltr'>τῇ</span> <span class='ocrx_word' id='word_1_457' title='bbox 1505 4902 1703 4971; x_wconf 78' lang='grc' dir='ltr'>ἡμέρᾳ.</span> <span class='ocrx_word' id='word_1_458' title='bbox 1731 4901 1806 4970; x_wconf 76' lang='grc' dir='ltr'>τῇ</span> <span class='ocrx_word' id='word_1_459' title='bbox 1832 4901 2054 4973; x_wconf 77' lang='grc' dir='ltr'>ἐϐδόμῃ</span> 
     </span>
    </p>
   </div>
   <div class='ocr_carea' id='block_1_54' title="bbox 368 4985 2058 5060">
    <p class='ocr_par' dir='ltr' id='par_1_54' title="bbox 368 4985 2058 5060">
     <span class='ocr_line' id='line_1_54' title="bbox 368 4985 2058 5060; baseline -0.001 -12"><span class='ocrx_word' id='word_1_460' title='bbox 368 4993 758 5048; x_wconf 79' lang='grc' dir='ltr'>κατέπαυσεν</span> <span class='ocrx_word' id='word_1_461' title='bbox 775 4997 808 5048; x_wconf 85' lang='grc' dir='ltr'><em>ὀ</em></span> <span class='ocrx_word' id='word_1_462' title='bbox 833 4992 978 5058; x_wconf 84' lang='grc' dir='ltr'>Θεὸς</span> <span class='ocrx_word' id='word_1_463' title='bbox 1001 4990 1124 5048; x_wconf 80' lang='grc' dir='ltr'>ἀπὸ</span> <span class='ocrx_word' id='word_1_464' title='bbox 1151 4990 1393 5046; x_wconf 83' lang='grc' dir='ltr'>πάντων</span> <span class='ocrx_word' id='word_1_465' title='bbox 1417 4989 1538 5044; x_wconf 82' lang='grc' dir='ltr'>τῶν</span> <span class='ocrx_word' id='word_1_466' title='bbox 1559 4989 1748 5060; x_wconf 74' lang='grc' dir='ltr'>ἔργων</span> <span class='ocrx_word' id='word_1_467' title='bbox 1764 4990 1952 5044; x_wconf 78' lang='grc' dir='ltr'>αὐτοῦ</span> <span class='ocrx_word' id='word_1_468' title='bbox 1968 4985 2058 5046; x_wconf 85' lang='grc' dir='ltr'>ὧν</span> 
     </span>
    </p>
   </div>
   <div class='ocr_carea' id='block_1_55' title="bbox 369 5073 2058 5152">
    <p class='ocr_par' dir='ltr' id='par_1_55' title="bbox 369 5073 2058 5152">
     <span class='ocr_line' id='line_1_55' title="bbox 369 5073 2058 5152; baseline -0.001 -17"><span class='ocrx_word' id='word_1_469' title='bbox 369 5080 600 5152; x_wconf 81' lang='grc' dir='ltr'>ἤρξατο</span> <span class='ocrx_word' id='word_1_470' title='bbox 629 5081 911 5148; x_wconf 77' lang='grc' dir='ltr'>ποιῆσαι·</span> <span class='ocrx_word' id='word_1_471' title='bbox 940 5080 1033 5134; x_wconf 75' lang='grc' dir='ltr'>καὶ</span> <span class='ocrx_word' id='word_1_472' title='bbox 1061 5079 1246 5142; x_wconf 90' lang='grc' dir='ltr'>πάλιν,</span> <span class='ocrx_word' id='word_1_473' title='bbox 1280 5079 1398 5132; x_wconf 83' lang='grc' dir='ltr'>Ὅτι</span> <span class='ocrx_word' id='word_1_474' title='bbox 1439 5078 1677 5146; x_wconf 80' lang='grc' dir='ltr'>οἰκέτης</span> <span class='ocrx_word' id='word_1_475' title='bbox 1703 5073 1866 5148; x_wconf 84' lang='grc' dir='ltr'>ἦσθα</span> <span class='ocrx_word' id='word_1_476' title='bbox 1887 5078 1957 5133; x_wconf 76' lang='grc' dir='ltr'>ἐν</span> <span class='ocrx_word' id='word_1_477' title='bbox 1977 5077 2058 5150; x_wconf 72' lang='grc' dir='ltr'>γῇ</span> 
     </span>
    </p>
   </div>
   <div class='ocr_carea' id='block_1_56' title="bbox 370 5163 2058 5238">
    <p class='ocr_par' dir='ltr' id='par_1_56' title="bbox 370 5163 2058 5238">
     <span class='ocr_line' id='line_1_56' title="bbox 370 5163 2058 5238; baseline -0.003 -14"><span class='ocrx_word' id='word_1_478' title='bbox 370 5170 666 5238; x_wconf 72' lang='grc' dir='ltr'>Αἰγύπτῳ.</span> <span class='ocrx_word' id='word_1_479' title='bbox 693 5169 849 5233; x_wconf 87' lang='grc' dir='ltr'>Τίνος</span> <span class='ocrx_word' id='word_1_480' title='bbox 874 5163 968 5223; x_wconf 77' lang='grc' dir='ltr'>οὖν</span> <span class='ocrx_word' id='word_1_481' title='bbox 995 5169 1202 5233; x_wconf 81' lang='grc' dir='ltr'>ἐνεκεν,</span> <span class='ocrx_word' id='word_1_482' title='bbox 1247 5166 1368 5220; x_wconf 84' lang='grc' dir='ltr'>εἰπέ</span> <span class='ocrx_word' id='word_1_483' title='bbox 1395 5183 1506 5237; x_wconf 88' lang='grc' dir='ltr'>μοι,</span> <span class='ocrx_word' id='word_1_484' title='bbox 1541 5166 1632 5219; x_wconf 80' lang='grc' dir='ltr'>ἐπὶ</span> <span class='ocrx_word' id='word_1_485' title='bbox 1673 5165 1772 5237; x_wconf 88' lang='grc' dir='ltr'>μέν</span> <span class='ocrx_word' id='word_1_486' title='bbox 1804 5165 1900 5220; x_wconf 82' lang='grc' dir='ltr'>τοῦ</span> <span class='ocrx_word' id='word_1_487' title='bbox 1925 5169 2058 5220; x_wconf 81' lang='grc' dir='ltr'>σαϐ-</span> 
     </span>
    </p>
   </div>
   <div class='ocr_carea' id='block_1_57' title="bbox 375 5252 2057 5329">
    <p class='ocr_par' dir='ltr' id='par_1_57' title="bbox 375 5252 2057 5329">
     <span class='ocr_line' id='line_1_57' title="bbox 375 5252 2057 5329; baseline -0.001 -19"><span class='ocrx_word' id='word_1_488' title='bbox 375 5257 545 5310; x_wconf 79' lang='grc' dir='ltr'>ϐάτου</span> <span class='ocrx_word' id='word_1_489' title='bbox 595 5256 696 5329; x_wconf 79' lang='grc' dir='ltr'>τὴν</span> <span class='ocrx_word' id='word_1_490' title='bbox 739 5256 920 5311; x_wconf 73' lang='grc' dir='ltr'>αἰτίαν</span> <span class='ocrx_word' id='word_1_491' title='bbox 963 5254 1325 5328; x_wconf 80' lang='grc' dir='ltr'>προσέθηκεν,</span> <span class='ocrx_word' id='word_1_492' title='bbox 1359 5255 1452 5308; x_wconf 76' lang='grc' dir='ltr'>ἐπὶ</span> <span class='ocrx_word' id='word_1_493' title='bbox 1484 5254 1542 5306; x_wconf 81' lang='grc' dir='ltr'>δὲ</span> <span class='ocrx_word' id='word_1_494' title='bbox 1575 5252 1671 5306; x_wconf 82' lang='grc' dir='ltr'>τοῦ</span> <span class='ocrx_word' id='word_1_495' title='bbox 1705 5254 1868 5324; x_wconf 88' lang='grc' dir='ltr'>φόνου</span> <span class='ocrx_word' id='word_1_496' title='bbox 1903 5254 2057 5309; x_wconf 86' lang='grc' dir='ltr'>οὐδὲν</span> 
     </span>
    </p>
   </div>
   <div class='ocr_carea' id='block_1_58' title="bbox 373 5342 2058 5417">
    <p class='ocr_par' dir='ltr' id='par_1_58' title="bbox 373 5342 2058 5417">
     <span class='ocr_line' id='line_1_58' title="bbox 373 5342 2058 5417; baseline -0.002 -17"><span class='ocrx_word' id='word_1_497' title='bbox 373 5345 619 5400; x_wconf 69' lang='grc' dir='ltr'>τοιοῦτον</span> <span class='ocrx_word' id='word_1_498' title='bbox 663 5346 952 5417; x_wconf 78' lang='grc' dir='ltr'>ἐποίησενς</span> <span class='ocrx_word' id='word_1_499' title='bbox 996 5343 1212 5416; x_wconf 80' lang='grc' dir='ltr'>Ἐπειδὴ</span> <span class='ocrx_word' id='word_1_500' title='bbox 1260 5343 1402 5414; x_wconf 76' lang='grc' dir='ltr'>αὕτη</span> <span class='ocrx_word' id='word_1_501' title='bbox 1441 5343 1539 5414; x_wconf 84' lang='grc' dir='ltr'>μὲν</span> <span class='ocrx_word' id='word_1_502' title='bbox 1577 5343 1611 5413; x_wconf 72' lang='grc' dir='ltr'><strong>ἡ</strong></span> <span class='ocrx_word' id='word_1_503' title='bbox 1636 5342 1827 5413; x_wconf 85' lang='grc' dir='ltr'>ἐντολὴ</span> <span class='ocrx_word' id='word_1_504' title='bbox 1861 5343 1923 5396; x_wconf 88' lang='grc' dir='ltr'>οὐ</span> <span class='ocrx_word' id='word_1_505' title='bbox 1949 5342 2058 5398; x_wconf 84' lang='grc' dir='ltr'>τῶν</span> 
     </span>
    </p>
   </div>
   <div class='ocr_carea' id='block_1_59' title="bbox 376 5427 2058 5504">
    <p class='ocr_par' dir='ltr' id='par_1_59' title="bbox 376 5427 2058 5504">
     <span class='ocr_line' id='line_1_59' title="bbox 376 5427 2058 5504; baseline 0 -18"><span class='ocrx_word' id='word_1_506' title='bbox 376 5432 806 5504; x_wconf 77' lang='grc' dir='ltr'>προηγουμένων</span> <span class='ocrx_word' id='word_1_507' title='bbox 823 5427 914 5504; x_wconf 82' lang='grc' dir='ltr'>ἦν,</span> <span class='ocrx_word' id='word_1_508' title='bbox 941 5433 1063 5487; x_wconf 82' lang='grc' dir='ltr'>οὐδὲ</span> <span class='ocrx_word' id='word_1_509' title='bbox 1083 5433 1193 5487; x_wconf 87' lang='grc' dir='ltr'>τῶν</span> <span class='ocrx_word' id='word_1_510' title='bbox 1207 5433 1273 5486; x_wconf 85' lang='grc' dir='ltr'>ἐκ</span> <span class='ocrx_word' id='word_1_511' title='bbox 1295 5430 1390 5486; x_wconf 85' lang='lat'>105</span> <span class='ocrx_word' id='word_1_512' title='bbox 1413 5431 1714 5494; x_wconf 84' lang='grc' dir='ltr'>συνειδότος</span> <span class='ocrx_word' id='word_1_513' title='bbox 1737 5432 1871 5502; x_wconf 82' lang='grc' dir='ltr'>ἡμῖν</span> <span class='ocrx_word' id='word_1_514' title='bbox 1898 5434 2058 5504; x_wconf 72' lang='grc' dir='ltr'>ἠκρι-</span> 
     </span>
    </p>
   </div>
   <div class='ocr_carea' id='block_1_60' title="bbox 374 5518 2060 5590">
    <p class='ocr_par' dir='ltr' id='par_1_60' title="bbox 374 5518 2060 5590">
     <span class='ocr_line' id='line_1_60' title="bbox 374 5518 2060 5590; baseline 0.001 -17"><span class='ocrx_word' id='word_1_515' title='bbox 374 5519 659 5589; x_wconf 78' lang='grc' dir='ltr'>ϐωμένων,</span> <span class='ocrx_word' id='word_1_516' title='bbox 685 5518 822 5572; x_wconf 89' lang='grc' dir='ltr'>ἀλλά</span> <span class='ocrx_word' id='word_1_517' title='bbox 847 5521 1046 5590; x_wconf 84' lang='grc' dir='ltr'>μερική</span> <span class='ocrx_word' id='word_1_518' title='bbox 1073 5537 1158 5583; x_wconf 87' lang='grc' dir='ltr'>τις</span> <span class='ocrx_word' id='word_1_519' title='bbox 1183 5520 1278 5574; x_wconf 69' lang='grc' dir='ltr'>καὶ</span> <span class='ocrx_word' id='word_1_520' title='bbox 1297 5519 1653 5590; x_wconf 85' lang='grc' dir='ltr'>πρόσκαιρος,</span> <span class='ocrx_word' id='word_1_521' title='bbox 1680 5519 1768 5573; x_wconf 84' lang='grc' dir='ltr'>διὰ</span> <span class='ocrx_word' id='word_1_522' title='bbox 1788 5519 1946 5574; x_wconf 79' lang='grc' dir='ltr'>τοῦτο</span> <span class='ocrx_word' id='word_1_523' title='bbox 1965 5521 2060 5574; x_wconf 74' lang='grc' dir='ltr'>καὶ</span> 
     </span>
    </p>
   </div>
   <div class='ocr_carea' id='block_1_61' title="bbox 371 5607 2058 5680">
    <p class='ocr_par' dir='ltr' id='par_1_61' title="bbox 371 5607 2058 5680">
     <span class='ocr_line' id='line_1_61' title="bbox 371 5607 2058 5680; baseline -0.001 -16"><span class='ocrx_word' id='word_1_524' title='bbox 371 5607 648 5678; x_wconf 82' lang='grc' dir='ltr'>κατελύθη</span> <span class='ocrx_word' id='word_1_525' title='bbox 683 5609 820 5680; x_wconf 81' lang='grc' dir='ltr'>μετά</span> <span class='ocrx_word' id='word_1_526' title='bbox 845 5608 1041 5663; x_wconf 75' lang='grc' dir='ltr'>ταῦτα·</span> <span class='ocrx_word' id='word_1_527' title='bbox 1075 5609 1133 5662; x_wconf 82' lang='grc' dir='ltr'>αἱ</span> <span class='ocrx_word' id='word_1_528' title='bbox 1165 5608 1222 5662; x_wconf 83' lang='grc' dir='ltr'>δέ</span> <span class='ocrx_word' id='word_1_529' title='bbox 1263 5610 1557 5676; x_wconf 88' lang='grc' dir='ltr'>ἀναγκαῖαι</span> <span class='ocrx_word' id='word_1_530' title='bbox 1595 5608 1690 5662; x_wconf 78' lang='grc' dir='ltr'>καὶ</span> <span class='ocrx_word' id='word_1_531' title='bbox 1736 5609 2058 5678; x_wconf 85' lang='grc' dir='ltr'>συνέχουσαι</span> 
     </span>
    </p>
   </div>
   <div class='ocr_carea' id='block_1_62' title="bbox 449 5908 1344 5984">
    <p class='ocr_par' dir='ltr' id='par_1_62' title="bbox 449 5908 1344 5984">
     <span class='ocr_line' id='line_1_62' title="bbox 449 5908 1344 5984; baseline 0.009 -23"><span class='ocrx_word' id='word_1_532' title='bbox 449 5908 472 5984; x_wconf 58' lang='grc' dir='ltr'>ξ</span> <span class='ocrx_word' id='word_1_533' title='bbox 495 5912 644 5984; x_wconf 43' lang='grc' dir='ltr'>εαξη,</span> <span class='ocrx_word' id='word_1_534' title='bbox 669 5921 722 5966; x_wconf 85' lang='lat' dir='ltr'>et</span> <span class='ocrx_word' id='word_1_535' title='bbox 743 5917 940 5984; x_wconf 57' lang='lat' dir='ltr'>mlidam</span> <span class='ocrx_word' id='word_1_536' title='bbox 967 5920 1047 5970; x_wconf 74' lang='lat' dir='ltr'><strong><em>alii</em></strong></span> <span class='ocrx_word' id='word_1_537' title='bbox 1071 5918 1344 5984; x_wconf 73' lang='grc' dir='ltr'>ἐξικάλνψσ.</span> 
     </span>
    </p>
   </div>
   <div class='ocr_carea' id='block_1_63' title="bbox 444 5974 918 6040">
    <p class='ocr_par' dir='ltr' id='par_1_63' title="bbox 444 5974 918 6040">
     <span class='ocr_line' id='line_1_63' title="bbox 444 5974 918 6040; baseline 0 -10"><span class='ocrx_word' id='word_1_538' title='bbox 444 5974 475 6012; x_wconf 72' lang='grc'><em>’³</em></span> <span class='ocrx_word' id='word_1_539' title='bbox 499 5975 598 6030; x_wconf 62' lang='lat' dir='ltr'>Alii</span> <span class='ocrx_word' id='word_1_540' title='bbox 624 5974 898 6040; x_wconf 76' lang='grc' dir='ltr'>ἐγκατέθετο</span> <span class='ocrx_word' id='word_1_541' title='bbox 912 6025 918 6030; x_wconf 96' lang='grc'>.</span> 
     </span>
    </p>
   </div>
   <div class='ocr_carea' id='block_1_64' title="bbox 1404 308 2849 374">
    <p class='ocr_par' dir='ltr' id='par_1_64' title="bbox 1404 308 2849 374">
     <span class='ocr_line' id='line_1_64' title="bbox 1404 308 2849 374; baseline 0.001 -8"><span class='ocrx_word' id='word_1_542' title='bbox 1404 309 1498 366; x_wconf 79' lang='lat' dir='ltr'>AD</span> <span class='ocrx_word' id='word_1_543' title='bbox 1541 308 1868 368; x_wconf 77' lang='lat' dir='ltr'>POPULUM</span> <span class='ocrx_word' id='word_1_544' title='bbox 1915 310 2419 374; x_wconf 73' lang='lat' dir='ltr'>ANTIOC&#39;JENUM</span> <span class='ocrx_word' id='word_1_545' title='bbox 2458 315 2694 372; x_wconf 79' lang='lat' dir='ltr'>HOMIL.</span> <span class='ocrx_word' id='word_1_546' title='bbox 2736 313 2849 369; x_wconf 77' lang='lat' dir='ltr'>XII.</span> 
     </span>
    </p>
   </div>
   <div class='ocr_carea' id='block_1_65' title="bbox 3731 309 3842 365">
    <p class='ocr_par' dir='ltr' id='par_1_65' title="bbox 3731 309 3842 365">
     <span class='ocr_line' id='line_1_65' title="bbox 3731 309 3842 365; baseline 0.018 -2"><span class='ocrx_word' id='word_1_547' title='bbox 3731 309 3842 365; x_wconf 66' lang='lat'>{5%</span> 
     </span>
    </p>
   </div>
   <div class='ocr_carea' id='block_1_66' title="bbox 2160 423 3839 502">
    <p class='ocr_par' dir='ltr' id='par_1_66' title="bbox 2160 423 3839 502">
     <span class='ocr_line' id='line_1_66' title="bbox 2160 423 3839 502; baseline -0.005 -20"><span class='ocrx_word' id='word_1_548' title='bbox 2160 430 2260 500; x_wconf 82' lang='grc' dir='ltr'>τὴν</span> <span class='ocrx_word' id='word_1_549' title='bbox 2288 429 2433 502; x_wconf 73' lang='grc' dir='ltr'>ζωὴν</span> <span class='ocrx_word' id='word_1_550' title='bbox 2463 430 2561 502; x_wconf 77' lang='grc' dir='ltr'>τὴν</span> <span class='ocrx_word' id='word_1_551' title='bbox 2587 429 2885 501; x_wconf 80' lang='grc' dir='ltr'>ἡμετέραν,</span> <span class='ocrx_word' id='word_1_552' title='bbox 2912 423 3119 479; x_wconf 89' lang='grc' dir='ltr'>ἐκεῖναί</span> <span class='ocrx_word' id='word_1_553' title='bbox 3151 424 3286 478; x_wconf 87' lang='grc' dir='ltr'>εἰσιν</span> <span class='ocrx_word' id='word_1_554' title='bbox 3313 439 3328 454; x_wconf 84' lang='grc'>·</span> <span class='ocrx_word' id='word_1_555' title='bbox 3377 423 3458 476; x_wconf 80' lang='grc' dir='ltr'>ῦὺ</span> <span class='ocrx_word' id='word_1_556' title='bbox 3493 423 3839 491; x_wconf 65' lang='grc' dir='ltr'>φονεύσεις,</span> 
     </span>
    </p>
   </div>
   <div class='ocr_carea' id='block_1_67' title="bbox 2170 515 3840 600">
    <p class='ocr_par' dir='ltr' id='par_1_67' title="bbox 2170 515 3840 600">
     <span class='ocr_line' id='line_1_67' title="bbox 2170 515 3840 600; baseline 0 -31"><span class='ocrx_word' id='word_1_557' title='bbox 2170 515 2253 570; x_wconf 84' lang='grc' dir='ltr'>Οὐ</span> <span class='ocrx_word' id='word_1_558' title='bbox 2259 519 2624 600; x_wconf 64' lang='grc' dir='ltr'>μοιχεύσεις,</span> <span class='ocrx_word' id='word_1_559' title='bbox 2646 519 2728 572; x_wconf 87' lang='grc' dir='ltr'>Οὐ</span> <span class='ocrx_word' id='word_1_560' title='bbox 2752 521 3024 592; x_wconf 76' lang='grc' dir='ltr'>κλέψεις.</span> <span class='ocrx_word' id='word_1_561' title='bbox 3061 519 3261 591; x_wconf 87' lang='grc' dir='ltr'>Διόπερ</span> <span class='ocrx_word' id='word_1_562' title='bbox 3287 516 3525 588; x_wconf 78' lang='grc' dir='ltr'>οὐδαμοῦ</span> <span class='ocrx_word' id='word_1_563' title='bbox 3549 517 3727 571; x_wconf 89' lang='grc' dir='ltr'>αἰτίαν</span> <span class='ocrx_word' id='word_1_564' title='bbox 3749 517 3840 570; x_wconf 79' lang='grc' dir='ltr'>ἐνο</span> 
     </span>
    </p>
   </div>
   <div class='ocr_carea' id='block_1_68' title="bbox 2161 614 3842 692">
    <p class='ocr_par' dir='ltr' id='par_1_68' title="bbox 2161 614 3842 692">
     <span class='ocr_line' id='line_1_68' title="bbox 2161 614 3842 692; baseline -0.002 -20"><span class='ocrx_word' id='word_1_565' title='bbox 2161 618 2340 673; x_wconf 85' lang='grc' dir='ltr'>ταῢθα</span> <span class='ocrx_word' id='word_1_566' title='bbox 2365 619 2601 692; x_wconf 86' lang='grc' dir='ltr'>τίθησιν,</span> <span class='ocrx_word' id='word_1_567' title='bbox 2636 618 2759 674; x_wconf 86' lang='grc' dir='ltr'>οὐδέ</span> <span class='ocrx_word' id='word_1_568' title='bbox 2785 618 3138 672; x_wconf 87' lang='grc' dir='ltr'>διδασκαλίαν</span> <span class='ocrx_word' id='word_1_569' title='bbox 3177 616 3412 685; x_wconf 86' lang='grc' dir='ltr'>εἰσάγει,</span> <span class='ocrx_word' id='word_1_570' title='bbox 3448 614 3562 670; x_wconf 82' lang='grc' dir='ltr'>ἀλλ’</span> <span class='ocrx_word' id='word_1_571' title='bbox 3589 616 3842 686; x_wconf 83' lang='grc' dir='ltr'>ἀρκεῖται</span> 
     </span>
    </p>
   </div>
   <div class='ocr_carea' id='block_1_69' title="bbox 2161 716 2808 790">
    <p class='ocr_par' dir='ltr' id='par_1_69' title="bbox 2161 716 2808 790">
     <span class='ocr_line' id='line_1_69' title="bbox 2161 716 2808 790; baseline 0 -18"><span class='ocrx_word' id='word_1_572' title='bbox 2161 716 2292 790; x_wconf 81' lang='grc' dir='ltr'>ψιλῇ</span> <span class='ocrx_word' id='word_1_573' title='bbox 2330 720 2395 790; x_wconf 82' lang='grc' dir='ltr'>τῇ</span> <span class='ocrx_word' id='word_1_574' title='bbox 2419 717 2808 790; x_wconf 88' lang='grc' dir='ltr'>ἀπαγορεύσει.</span> 
     </span>
    </p>
   </div>
   <div class='ocr_carea' id='block_1_70' title="bbox 2227 820 3841 893">
    <p class='ocr_par' dir='ltr' id='par_1_70' title="bbox 2227 820 3841 893">
     <span class='ocr_line' id='line_1_70' title="bbox 2227 820 3841 893; baseline 0.001 -17"><span class='ocrx_word' id='word_1_575' title='bbox 2227 823 2290 876; x_wconf 90' lang='grc' dir='ltr'>δ’.</span> <span class='ocrx_word' id='word_1_576' title='bbox 2316 823 2432 876; x_wconf 90' lang='grc' dir='ltr'>Οὐκ</span> <span class='ocrx_word' id='word_1_577' title='bbox 2457 821 2706 876; x_wconf 83' lang='grc' dir='ltr'>ἐντεῦθεν</span> <span class='ocrx_word' id='word_1_578' title='bbox 2721 821 2776 876; x_wconf 88' lang='grc' dir='ltr'>δὲ</span> <span class='ocrx_word' id='word_1_579' title='bbox 2783 821 2960 892; x_wconf 89' lang='grc' dir='ltr'>μόνον,</span> <span class='ocrx_word' id='word_1_580' title='bbox 2977 820 3115 874; x_wconf 84' lang='grc' dir='ltr'>ἀλλά</span> <span class='ocrx_word' id='word_1_581' title='bbox 3131 821 3226 874; x_wconf 73' lang='grc' dir='ltr'>καὶ</span> <span class='ocrx_word' id='word_1_582' title='bbox 3243 821 3506 892; x_wconf 79' lang='grc' dir='ltr'>ἑτέρωθεν</span> <span class='ocrx_word' id='word_1_583' title='bbox 3525 820 3654 893; x_wconf 84' lang='grc' dir='ltr'>ὑμῖν</span> <span class='ocrx_word' id='word_1_584' title='bbox 3669 821 3841 889; x_wconf 76' lang='grc' dir='ltr'>δεῖξαι</span> 
     </span>
    </p>
   </div>
   <div class='ocr_carea' id='block_1_71' title="bbox 2159 913 3842 992">
    <p class='ocr_par' dir='ltr' id='par_1_71' title="bbox 2159 913 3842 992">
     <span class='ocr_line' id='line_1_71' title="bbox 2159 913 3842 992; baseline 0.001 -19"><span class='ocrx_word' id='word_1_585' title='bbox 2159 919 2495 992; x_wconf 79' lang='grc' dir='ltr'>πειράσομαι</span> <span class='ocrx_word' id='word_1_586' title='bbox 2535 917 2654 983; x_wconf 86' lang='grc' dir='ltr'>πῶς</span> <span class='ocrx_word' id='word_1_587' title='bbox 2697 917 3076 981; x_wconf 82' lang='grc' dir='ltr'>αὐτοδίδακτος</span> <span class='ocrx_word' id='word_1_588' title='bbox 3101 913 3168 990; x_wconf 86' lang='grc' dir='ltr'>ῆν</span> <span class='ocrx_word' id='word_1_589' title='bbox 3201 919 3229 970; x_wconf 97' lang='lat'>6</span> <span class='ocrx_word' id='word_1_590' title='bbox 3250 917 3534 990; x_wconf 84' lang='grc' dir='ltr'>ἄνθρωπος</span> <span class='ocrx_word' id='word_1_591' title='bbox 3571 920 3708 992; x_wconf 84' lang='grc' dir='ltr'>πρὸς</span> <span class='ocrx_word' id='word_1_592' title='bbox 3739 919 3842 991; x_wconf 79' lang='grc' dir='ltr'>τὴν</span> 
     </span>
    </p>
   </div>
   <div class='ocr_carea' id='block_1_72' title="bbox 2158 1014 3845 1089">
    <p class='ocr_par' dir='ltr' id='par_1_72' title="bbox 2158 1014 3845 1089">
     <span class='ocr_line' id='line_1_72' title="bbox 2158 1014 3845 1089; baseline 0.001 -21"><span class='ocrx_word' id='word_1_593' title='bbox 2158 1017 2258 1088; x_wconf 85' lang='grc' dir='ltr'>τῆς</span> <span class='ocrx_word' id='word_1_594' title='bbox 2282 1015 2485 1086; x_wconf 81' lang='grc' dir='ltr'>ἀρετῆς</span> <span class='ocrx_word' id='word_1_595' title='bbox 2515 1014 2738 1084; x_wconf 87' lang='grc' dir='ltr'>γνῶσιν.</span> <span class='ocrx_word' id='word_1_596' title='bbox 2755 1015 3042 1086; x_wconf 84' lang='grc' dir='ltr'>Ἤμαρτεν</span> <span class='ocrx_word' id='word_1_597' title='bbox 3067 1017 3095 1068; x_wconf 92' lang='lat'>6</span> <span class='ocrx_word' id='word_1_598' title='bbox 3125 1014 3295 1085; x_wconf 81' lang='grc' dir='ltr'>’Λδάμ</span> <span class='ocrx_word' id='word_1_599' title='bbox 3316 1015 3413 1086; x_wconf 81' lang='grc' dir='ltr'>τὴν</span> <span class='ocrx_word' id='word_1_600' title='bbox 3438 1016 3712 1087; x_wconf 80' lang='grc' dir='ltr'>ἁμαρτίαν</span> <span class='ocrx_word' id='word_1_601' title='bbox 3742 1017 3845 1089; x_wconf 81' lang='grc' dir='ltr'>τὴν</span> 
     </span>
    </p>
   </div>
   <div class='ocr_carea' id='block_1_73' title="bbox 2157 1110 3840 1185">
    <p class='ocr_par' dir='ltr' id='par_1_73' title="bbox 2157 1110 3840 1185">
     <span class='ocr_line' id='line_1_73' title="bbox 2157 1110 3840 1185; baseline -0.001 -19"><span class='ocrx_word' id='word_1_602' title='bbox 2157 1113 2404 1185; x_wconf 86' lang='grc' dir='ltr'>πρώτην,</span> <span class='ocrx_word' id='word_1_603' title='bbox 2446 1112 2542 1166; x_wconf 75' lang='grc' dir='ltr'>καὶ</span> <span class='ocrx_word' id='word_1_604' title='bbox 2571 1111 2710 1184; x_wconf 87' lang='grc' dir='ltr'>μετά</span> <span class='ocrx_word' id='word_1_605' title='bbox 2750 1110 2848 1184; x_wconf 75' lang='grc' dir='ltr'>τὴν</span> <span class='ocrx_word' id='word_1_606' title='bbox 2889 1110 3162 1182; x_wconf 83' lang='grc' dir='ltr'>ἁμαρτίαν</span> <span class='ocrx_word' id='word_1_607' title='bbox 3199 1111 3399 1175; x_wconf 86' lang='grc' dir='ltr'>εὐθέως</span> <span class='ocrx_word' id='word_1_608' title='bbox 3429 1111 3757 1184; x_wconf 83' lang='grc' dir='ltr'>ἐκρύπτετο·</span> <span class='ocrx_word' id='word_1_609' title='bbox 3790 1113 3840 1165; x_wconf 86' lang='grc' dir='ltr'>εἰ</span> 
     </span>
    </p>
   </div>
   <div class='ocr_carea' id='block_1_74' title="bbox 2157 1199 3843 1272">
    <p class='ocr_par' dir='ltr' id='par_1_74' title="bbox 2157 1199 3843 1272">
     <span class='ocr_line' id='line_1_74' title="bbox 2157 1199 3843 1272; baseline 0 -18"><span class='ocrx_word' id='word_1_610' title='bbox 2157 1201 2215 1254; x_wconf 82' lang='grc' dir='ltr'>δὲ</span> <span class='ocrx_word' id='word_1_611' title='bbox 2250 1199 2326 1272; x_wconf 80' lang='grc' dir='ltr'>μὴ</span> <span class='ocrx_word' id='word_1_612' title='bbox 2363 1201 2480 1272; x_wconf 75' lang='grc' dir='ltr'>ᾔδει</span> <span class='ocrx_word' id='word_1_613' title='bbox 2519 1199 2687 1254; x_wconf 87' lang='grc' dir='ltr'>κακόν</span> <span class='ocrx_word' id='word_1_614' title='bbox 2723 1217 2778 1253; x_wconf 91' lang='grc' dir='ltr'>τι</span> <span class='ocrx_word' id='word_1_615' title='bbox 2830 1199 3225 1271; x_wconf 83' lang='grc' dir='ltr'>ἐργασάμενος,</span> <span class='ocrx_word' id='word_1_616' title='bbox 3269 1199 3414 1264; x_wconf 86' lang='grc' dir='ltr'>τίνος</span> <span class='ocrx_word' id='word_1_617' title='bbox 3453 1200 3638 1253; x_wconf 76' lang='grc' dir='ltr'>ἕνεκεν</span> <span class='ocrx_word' id='word_1_618' title='bbox 3679 1200 3843 1272; x_wconf 86' lang='grc' dir='ltr'>ἐκρύ-</span> 
     </span>
    </p>
   </div>
   <div class='ocr_carea' id='block_1_75' title="bbox 2159 1285 3838 1360">
    <p class='ocr_par' dir='ltr' id='par_1_75' title="bbox 2159 1285 3838 1360">
     <span class='ocr_line' id='line_1_75' title="bbox 2159 1285 3838 1360; baseline -0.001 -18"><span class='ocrx_word' id='word_1_619' title='bbox 2159 1305 2353 1355; x_wconf 89' lang='grc' dir='ltr'>πτετο;</span> <span class='ocrx_word' id='word_1_620' title='bbox 2386 1289 2522 1343; x_wconf 82' lang='grc' dir='ltr'>Οὐδὲ</span> <span class='ocrx_word' id='word_1_621' title='bbox 2552 1287 2663 1359; x_wconf 88' lang='grc' dir='ltr'>γὰρ</span> <span class='ocrx_word' id='word_1_622' title='bbox 2699 1287 3006 1360; x_wconf 86' lang='grc' dir='ltr'>γράμματα</span> <span class='ocrx_word' id='word_1_623' title='bbox 3035 1285 3124 1359; x_wconf 80' lang='grc' dir='ltr'>ἦν,</span> <span class='ocrx_word' id='word_1_624' title='bbox 3171 1288 3232 1340; x_wconf 80' lang='grc' dir='ltr'>οὐ</span> <span class='ocrx_word' id='word_1_625' title='bbox 3276 1287 3459 1358; x_wconf 86' lang='grc' dir='ltr'>νόμος,</span> <span class='ocrx_word' id='word_1_626' title='bbox 3505 1289 3567 1342; x_wconf 87' lang='grc' dir='ltr'>οὐ</span> <span class='ocrx_word' id='word_1_627' title='bbox 3602 1289 3838 1359; x_wconf 82' lang='grc' dir='ltr'>Μωσῆς·</span> 
     </span>
    </p>
   </div>
   <div class='ocr_carea' id='block_1_76' title="bbox 2159 1381 3842 1457">
    <p class='ocr_par' dir='ltr' id='par_1_76' title="bbox 2159 1381 3842 1457">
     <span class='ocr_line' id='line_1_76' title="bbox 2159 1381 3842 1457; baseline 0 -17"><span class='ocrx_word' id='word_1_628' title='bbox 2159 1387 2325 1442; x_wconf 87' lang='grc' dir='ltr'>πόθεν</span> <span class='ocrx_word' id='word_1_629' title='bbox 2363 1381 2456 1441; x_wconf 79' lang='grc' dir='ltr'>οὖν</span> <span class='ocrx_word' id='word_1_630' title='bbox 2483 1385 2628 1456; x_wconf 76' lang='grc' dir='ltr'>ἔγνω</span> <span class='ocrx_word' id='word_1_631' title='bbox 2665 1385 2766 1456; x_wconf 83' lang='grc' dir='ltr'>τὴν</span> <span class='ocrx_word' id='word_1_632' title='bbox 2805 1384 3080 1457; x_wconf 84' lang='grc' dir='ltr'>ἁμαρτίαν</span> <span class='ocrx_word' id='word_1_633' title='bbox 3119 1386 3214 1438; x_wconf 78' lang='grc' dir='ltr'>καὶ</span> <span class='ocrx_word' id='word_1_634' title='bbox 3261 1384 3598 1454; x_wconf 88' lang='grc' dir='ltr'>κρύπτεται;</span> <span class='ocrx_word' id='word_1_635' title='bbox 3639 1385 3750 1440; x_wconf 90' lang='lat' dir='ltr'>Kal</span> <span class='ocrx_word' id='word_1_636' title='bbox 3779 1385 3842 1440; x_wconf 85' lang='grc' dir='ltr'>οὐ</span> 
     </span>
    </p>
   </div>
   <div class='ocr_carea' id='block_1_77' title="bbox 2157 1480 3844 1554">
    <p class='ocr_par' dir='ltr' id='par_1_77' title="bbox 2157 1480 3844 1554">
     <span class='ocr_line' id='line_1_77' title="bbox 2157 1480 3844 1554; baseline 0 -18"><span class='ocrx_word' id='word_1_637' title='bbox 2157 1482 2458 1554; x_wconf 87' lang='grc' dir='ltr'>κρύπτεται</span> <span class='ocrx_word' id='word_1_638' title='bbox 2507 1481 2690 1554; x_wconf 87' lang='grc' dir='ltr'>μόνον,</span> <span class='ocrx_word' id='word_1_639' title='bbox 2738 1480 2878 1536; x_wconf 82' lang='grc' dir='ltr'>ἀλλά</span> <span class='ocrx_word' id='word_1_640' title='bbox 2923 1482 3018 1537; x_wconf 71' lang='grc' dir='ltr'>καὶ</span> <span class='ocrx_word' id='word_1_641' title='bbox 3067 1481 3488 1551; x_wconf 85' lang='grc' dir='ltr'>ἐγκαλούμενος,</span> <span class='ocrx_word' id='word_1_642' title='bbox 3533 1483 3618 1551; x_wconf 86' lang='grc' dir='ltr'>ἐφ’</span> <span class='ocrx_word' id='word_1_643' title='bbox 3657 1483 3844 1554; x_wconf 78' lang='grc' dir='ltr'>ἓτερον</span> 
     </span>
    </p>
   </div>
   <div class='ocr_carea' id='block_1_78' title="bbox 2157 1577 3840 1652">
    <p class='ocr_par' dir='ltr' id='par_1_78' title="bbox 2157 1577 3840 1652">
     <span class='ocr_line' id='line_1_78' title="bbox 2157 1577 3840 1652; baseline 0.001 -20"><span class='ocrx_word' id='word_1_644' title='bbox 2157 1581 2416 1652; x_wconf 79' lang='grc' dir='ltr'>πειρᾶται</span> <span class='ocrx_word' id='word_1_645' title='bbox 2447 1577 2795 1651; x_wconf 86' lang='grc' dir='ltr'>μετατιθέναι</span> <span class='ocrx_word' id='word_1_646' title='bbox 2825 1577 2924 1650; x_wconf 83' lang='grc' dir='ltr'>τὴν</span> <span class='ocrx_word' id='word_1_647' title='bbox 2957 1578 3134 1632; x_wconf 88' lang='grc' dir='ltr'>αἰτίαν</span> <span class='ocrx_word' id='word_1_648' title='bbox 3173 1588 3221 1642; x_wconf 79' lang='grc' dir='ltr'>ο,</span> <span class='ocrx_word' id='word_1_649' title='bbox 3247 1577 3450 1646; x_wconf 86' lang='grc' dir='ltr'>λέγων·</span> <span class='ocrx_word' id='word_1_650' title='bbox 3481 1577 3552 1631; x_wconf 88' lang='lat' dir='ltr'>&#39;H</span> <span class='ocrx_word' id='word_1_651' title='bbox 3576 1579 3731 1646; x_wconf 70' lang='grc' dir='ltr'>γυνὴ</span> <span class='ocrx_word' id='word_1_652' title='bbox 3764 1579 3840 1648; x_wconf 72' lang='grc' dir='ltr'>ἣν</span> 
     </span>
    </p>
   </div>
   <div class='ocr_carea' id='block_1_79' title="bbox 2157 1673 3846 1746">
    <p class='ocr_par' dir='ltr' id='par_1_79' title="bbox 2157 1673 3846 1746">
     <span class='ocr_line' id='line_1_79' title="bbox 2157 1673 3846 1746; baseline 0.001 -18"><span class='ocrx_word' id='word_1_653' title='bbox 2157 1674 2388 1742; x_wconf 72' lang='grc' dir='ltr'>ἔδωκάς</span> <span class='ocrx_word' id='word_1_654' title='bbox 2415 1692 2538 1746; x_wconf 79' lang='grc' dir='ltr'>μοι,</span> <span class='ocrx_word' id='word_1_655' title='bbox 2569 1675 2723 1743; x_wconf 83' lang='grc' dir='ltr'>αὕτη</span> <span class='ocrx_word' id='word_1_656' title='bbox 2751 1673 2937 1729; x_wconf 78' lang='grc' dir='ltr'>ἔδωκέ</span> <span class='ocrx_word' id='word_1_657' title='bbox 2953 1691 3056 1744; x_wconf 84' lang='grc' dir='ltr'>μοι</span> <span class='ocrx_word' id='word_1_658' title='bbox 3085 1675 3154 1728; x_wconf 80' lang='grc' dir='ltr'>ἐκ</span> <span class='ocrx_word' id='word_1_659' title='bbox 3183 1673 3292 1728; x_wconf 81' lang='grc' dir='ltr'>τοῦ</span> <span class='ocrx_word' id='word_1_660' title='bbox 3325 1673 3540 1740; x_wconf 76' lang='grc' dir='ltr'>ξύλου,</span> <span class='ocrx_word' id='word_1_661' title='bbox 3569 1673 3671 1730; x_wconf 74' lang='grc' dir='ltr'>καί</span> <span class='ocrx_word' id='word_1_662' title='bbox 3700 1674 3846 1744; x_wconf 66' lang='grc' dir='ltr'>ἔφα·</span> 
     </span>
    </p>
   </div>
   <div class='ocr_carea' id='block_1_80' title="bbox 2157 1769 3842 1843">
    <p class='ocr_par' dir='ltr' id='par_1_80' title="bbox 2157 1769 3842 1843">
     <span class='ocr_line' id='line_1_80' title="bbox 2157 1769 3842 1843; baseline -0.002 -19"><span class='ocrx_word' id='word_1_663' title='bbox 2157 1788 2296 1841; x_wconf 71' lang='grc' dir='ltr'>γον·</span> <span class='ocrx_word' id='word_1_664' title='bbox 2326 1771 2553 1843; x_wconf 88' lang='grc' dir='ltr'>κάκείνη</span> <span class='ocrx_word' id='word_1_665' title='bbox 2583 1770 2746 1825; x_wconf 90' lang='grc' dir='ltr'>πάλιν</span> <span class='ocrx_word' id='word_1_666' title='bbox 2783 1773 2867 1842; x_wconf 80' lang='grc' dir='ltr'>ἐφ’</span> <span class='ocrx_word' id='word_1_667' title='bbox 2895 1770 3082 1843; x_wconf 73' lang='grc' dir='ltr'>ἕτερον</span> <span class='ocrx_word' id='word_1_668' title='bbox 3114 1771 3339 1842; x_wconf 86' lang='grc' dir='ltr'>μετάγει</span> <span class='ocrx_word' id='word_1_669' title='bbox 3364 1769 3428 1824; x_wconf 89' lang='grc' dir='ltr'>τὸ</span> <span class='ocrx_word' id='word_1_670' title='bbox 3453 1770 3725 1842; x_wconf 69' lang='grc' dir='ltr'>ἔγκλημα,</span> <span class='ocrx_word' id='word_1_671' title='bbox 3750 1771 3842 1824; x_wconf 80' lang='grc' dir='ltr'>τὸν</span> 
     </span>
    </p>
   </div>
   <div class='ocr_carea' id='block_1_81' title="bbox 2156 1865 3841 1940">
    <p class='ocr_par' dir='ltr' id='par_1_81' title="bbox 2156 1865 3841 1940">
     <span class='ocr_line' id='line_1_81' title="bbox 2156 1865 3841 1940; baseline -0.001 -18"><span class='ocrx_word' id='word_1_672' title='bbox 2156 1867 2298 1938; x_wconf 74' lang='grc' dir='ltr'>ὅφιν,</span> <span class='ocrx_word' id='word_1_673' title='bbox 2345 1869 2457 1922; x_wconf 89' lang='lat' dir='ltr'>Kal</span> <span class='ocrx_word' id='word_1_674' title='bbox 2482 1868 2584 1940; x_wconf 84' lang='grc' dir='ltr'>δρα</span> <span class='ocrx_word' id='word_1_675' title='bbox 2630 1867 2765 1922; x_wconf 89' lang='grc' dir='ltr'>Θεοῦ</span> <span class='ocrx_word' id='word_1_676' title='bbox 2801 1867 3022 1936; x_wconf 83' lang='grc' dir='ltr'>σοφίαν·</span> <span class='ocrx_word' id='word_1_677' title='bbox 3060 1867 3308 1930; x_wconf 75' lang='grc' dir='ltr'>εἰπόντος</span> <span class='ocrx_word' id='word_1_678' title='bbox 3351 1865 3461 1938; x_wconf 85' lang='lat'>7&amp;9</span> <span class='ocrx_word' id='word_1_679' title='bbox 3508 1865 3602 1920; x_wconf 87' lang='lat'>105</span> <span class='ocrx_word' id='word_1_680' title='bbox 3647 1867 3841 1938; x_wconf 73' lang='grc' dir='ltr'>Ἀδὰμ,</span> 
     </span>
    </p>
   </div>
   <div class='ocr_carea' id='block_1_82' title="bbox 2155 1963 3844 2035">
    <p class='ocr_par' dir='ltr' id='par_1_82' title="bbox 2155 1963 3844 2035">
     <span class='ocr_line' id='line_1_82' title="bbox 2155 1963 3844 2035; baseline -0.001 -15"><span class='ocrx_word' id='word_1_681' title='bbox 2155 1965 2237 2020; x_wconf 82' lang='grc' dir='ltr'>ὅτι</span> <span class='ocrx_word' id='word_1_682' title='bbox 2293 1965 2562 2020; x_wconf 75' lang='grc' dir='ltr'>Ἤκουσα</span> <span class='ocrx_word' id='word_1_683' title='bbox 2600 1963 2711 2034; x_wconf 83' lang='grc' dir='ltr'>τῆς</span> <span class='ocrx_word' id='word_1_684' title='bbox 2737 1963 2946 2034; x_wconf 68' lang='grc' dir='ltr'>φωνῆς</span> <span class='ocrx_word' id='word_1_685' title='bbox 2973 1978 3090 2018; x_wconf 90' lang='grc' dir='ltr'>σου</span> <span class='ocrx_word' id='word_1_686' title='bbox 3124 1964 3223 2017; x_wconf 76' lang='grc' dir='ltr'>καὶ</span> <span class='ocrx_word' id='word_1_687' title='bbox 3255 1963 3583 2034; x_wconf 63' lang='grc' dir='ltr'>ἐφοϐήθην,</span> <span class='ocrx_word' id='word_1_688' title='bbox 3617 1963 3708 2019; x_wconf 84' lang='grc' dir='ltr'>ὅτι</span> <span class='ocrx_word' id='word_1_689' title='bbox 3741 1983 3844 2035; x_wconf 56' lang='grc' dir='ltr'>γυ-</span> 
     </span>
    </p>
   </div>
   <div class='ocr_carea' id='block_1_83' title="bbox 2150 2059 3848 2132">
    <p class='ocr_par' dir='ltr' id='par_1_83' title="bbox 2150 2059 3848 2132">
     <span class='ocr_line' id='line_1_83' title="bbox 2150 2059 3848 2132; baseline -0.002 -16"><span class='ocrx_word' id='word_1_690' title='bbox 2150 2063 2307 2132; x_wconf 81' lang='grc' dir='ltr'>μνός</span> <span class='ocrx_word' id='word_1_691' title='bbox 2329 2063 2444 2131; x_wconf 66' lang='grc' dir='ltr'>εἰμι</span> <span class='ocrx_word' id='word_1_692' title='bbox 2476 2061 2576 2116; x_wconf 82' lang='grc' dir='ltr'>καὶ</span> <span class='ocrx_word' id='word_1_693' title='bbox 2603 2061 2884 2130; x_wconf 78' lang='grc' dir='ltr'>ἐκρύϐην,</span> <span class='ocrx_word' id='word_1_694' title='bbox 2927 2061 3028 2115; x_wconf 91' lang='grc' dir='ltr'>οὐκ</span> <span class='ocrx_word' id='word_1_695' title='bbox 3053 2060 3278 2132; x_wconf 73' lang='grc' dir='ltr'>ἤλεγξεν</span> <span class='ocrx_word' id='word_1_696' title='bbox 3306 2061 3509 2124; x_wconf 84' lang='grc' dir='ltr'>εὐθέως</span> <span class='ocrx_word' id='word_1_697' title='bbox 3541 2061 3570 2114; x_wconf 81' lang='grc' dir='ltr'><strong><em>ὁ</em></strong></span> <span class='ocrx_word' id='word_1_698' title='bbox 3608 2059 3742 2125; x_wconf 83' lang='grc' dir='ltr'>Θεὸς</span> <span class='ocrx_word' id='word_1_699' title='bbox 3783 2061 3848 2113; x_wconf 85' lang='grc' dir='ltr'>τὸ</span> 
     </span>
    </p>
   </div>
   <div class='ocr_carea' id='block_1_84' title="bbox 2155 2156 3842 2230">
    <p class='ocr_par' dir='ltr' id='par_1_84' title="bbox 2155 2156 3842 2230">
     <span class='ocr_line' id='line_1_84' title="bbox 2155 2156 3842 2230; baseline -0.001 -18"><span class='ocrx_word' id='word_1_700' title='bbox 2155 2158 2398 2228; x_wconf 85' lang='grc' dir='ltr'>γεγονὸς,</span> <span class='ocrx_word' id='word_1_701' title='bbox 2428 2159 2549 2213; x_wconf 87' lang='grc' dir='ltr'>οὐδέ</span> <span class='ocrx_word' id='word_1_702' title='bbox 2579 2156 2698 2212; x_wconf 86' lang='grc' dir='ltr'>εἷπε</span> <span class='ocrx_word' id='word_1_703' title='bbox 2721 2177 2733 2190; x_wconf 91' lang='grc'>·</span> <span class='ocrx_word' id='word_1_704' title='bbox 2771 2157 2868 2212; x_wconf 79' lang='grc' dir='ltr'>Διά</span> <span class='ocrx_word' id='word_1_705' title='bbox 2897 2158 2950 2212; x_wconf 91' lang='grc' dir='ltr'>τί</span> <span class='ocrx_word' id='word_1_706' title='bbox 2979 2159 3089 2230; x_wconf 75' lang='grc' dir='ltr'>γὰρ</span> <span class='ocrx_word' id='word_1_707' title='bbox 3119 2158 3321 2228; x_wconf 80' lang='grc' dir='ltr'>ἔφαγες</span> <span class='ocrx_word' id='word_1_708' title='bbox 3350 2158 3456 2212; x_wconf 89' lang='grc' dir='ltr'>ἀπὸ</span> <span class='ocrx_word' id='word_1_709' title='bbox 3502 2157 3595 2212; x_wconf 79' lang='grc' dir='ltr'>τοῦ</span> <span class='ocrx_word' id='word_1_710' title='bbox 3643 2157 3800 2222; x_wconf 81' lang='grc' dir='ltr'>ξύλου</span> <span class='ocrx_word' id='word_1_711' title='bbox 3826 2176 3842 2223; x_wconf 85' lang='grc'><strong>;</strong></span> 
     </span>
    </p>
   </div>
   <div class='ocr_carea' id='block_1_85' title="bbox 2156 2256 3843 2332">
    <p class='ocr_par' dir='ltr' id='par_1_85' title="bbox 2156 2256 3843 2332">
     <span class='ocr_line' id='line_1_85' title="bbox 2156 2256 3843 2332; baseline 0.001 -18"><span class='ocrx_word' id='word_1_712' title='bbox 2156 2259 2292 2314; x_wconf 89' lang='grc' dir='ltr'>ἀλλά</span> <span class='ocrx_word' id='word_1_713' title='bbox 2321 2260 2476 2329; x_wconf 89' lang='grc' dir='ltr'>πῶς;</span> <span class='ocrx_word' id='word_1_714' title='bbox 2514 2261 2609 2326; x_wconf 88' lang='grc' dir='ltr'>Τίς</span> <span class='ocrx_word' id='word_1_715' title='bbox 2635 2275 2734 2316; x_wconf 87' lang='grc' dir='ltr'>σοι</span> <span class='ocrx_word' id='word_1_716' title='bbox 2775 2260 3116 2331; x_wconf 75' lang='grc' dir='ltr'>ἀνήγγειλε,</span> <span class='ocrx_word' id='word_1_717' title='bbox 3146 2261 3332 2332; x_wconf 71' lang='grc' dir='ltr'>φησὶν,</span> <span class='ocrx_word' id='word_1_718' title='bbox 3369 2260 3459 2315; x_wconf 84' lang='grc' dir='ltr'>ὅτι</span> <span class='ocrx_word' id='word_1_719' title='bbox 3497 2262 3724 2332; x_wconf 78' lang='grc' dir='ltr'>γυμνὸς</span> <span class='ocrx_word' id='word_1_720' title='bbox 3767 2256 3843 2329; x_wconf 79' lang='grc' dir='ltr'>εἴ,</span> 
     </span>
    </p>
   </div>
   <div class='ocr_carea' id='block_1_86' title="bbox 2155 2353 3845 2428">
    <p class='ocr_par' dir='ltr' id='par_1_86' title="bbox 2155 2353 3845 2428">
     <span class='ocr_line' id='line_1_86' title="bbox 2155 2353 3845 2428; baseline 0.001 -18"><span class='ocrx_word' id='word_1_721' title='bbox 2155 2355 2307 2426; x_wconf 80' lang='grc' dir='ltr'>εἰμὴ</span> <span class='ocrx_word' id='word_1_722' title='bbox 2325 2357 2444 2411; x_wconf 83' lang='grc' dir='ltr'>ἀπὸ</span> <span class='ocrx_word' id='word_1_723' title='bbox 2462 2357 2567 2412; x_wconf 84' lang='grc' dir='ltr'>τοῦ</span> <span class='ocrx_word' id='word_1_724' title='bbox 2591 2355 2784 2423; x_wconf 79' lang='grc' dir='ltr'>ξύλου</span> <span class='ocrx_word' id='word_1_725' title='bbox 2807 2353 2878 2412; x_wconf 86' lang='grc' dir='ltr'>οὗ</span> <span class='ocrx_word' id='word_1_726' title='bbox 2897 2355 3287 2427; x_wconf 72' lang='grc' dir='ltr'>ἐνετειλάμην</span> <span class='ocrx_word' id='word_1_727' title='bbox 3299 2372 3398 2412; x_wconf 87' lang='grc' dir='ltr'>σοι</span> <span class='ocrx_word' id='word_1_728' title='bbox 3421 2358 3634 2412; x_wconf 85' lang='grc' dir='ltr'>τούτου</span> <span class='ocrx_word' id='word_1_729' title='bbox 3649 2358 3845 2428; x_wconf 85' lang='grc' dir='ltr'>μόνου</span> 
     </span>
    </p>
   </div>
   <div class='ocr_carea' id='block_1_87' title="bbox 2149 2452 3845 2526">
    <p class='ocr_par' dir='ltr' id='par_1_87' title="bbox 2149 2452 3845 2526">
     <span class='ocr_line' id='line_1_87' title="bbox 2149 2452 3845 2526; baseline -0.002 -16"><span class='ocrx_word' id='word_1_730' title='bbox 2149 2454 2237 2524; x_wconf 82' lang='grc' dir='ltr'>μὴ</span> <span class='ocrx_word' id='word_1_731' title='bbox 2271 2453 2506 2524; x_wconf 67' lang='grc' dir='ltr'>φαγεῖν,</span> <span class='ocrx_word' id='word_1_732' title='bbox 2541 2454 2643 2508; x_wconf 77' lang='grc' dir='ltr'>ἀπ’</span> <span class='ocrx_word' id='word_1_733' title='bbox 2687 2453 2874 2508; x_wconf 84' lang='grc' dir='ltr'>αὐτοῦ</span> <span class='ocrx_word' id='word_1_734' title='bbox 2911 2453 3130 2524; x_wconf 67' lang='grc' dir='ltr'>ἔφαγες</span> <span class='ocrx_word' id='word_1_735' title='bbox 3151 2471 3170 2519; x_wconf 85' lang='grc'><strong><em>;</em></strong></span> <span class='ocrx_word' id='word_1_736' title='bbox 3214 2452 3351 2508; x_wconf 80' lang='grc' dir='ltr'>Οὐτε</span> <span class='ocrx_word' id='word_1_737' title='bbox 3402 2453 3677 2526; x_wconf 88' lang='grc' dir='ltr'>ἐσίγησεν,</span> <span class='ocrx_word' id='word_1_738' title='bbox 3718 2452 3845 2508; x_wconf 84' lang='grc' dir='ltr'>οὐτε</span> 
     </span>
    </p>
   </div>
   <div class='ocr_carea' id='block_1_88' title="bbox 2155 2551 3848 2626">
    <p class='ocr_par' dir='ltr' id='par_1_88' title="bbox 2155 2551 3848 2626">
     <span class='ocr_line' id='line_1_88' title="bbox 2155 2551 3848 2626; baseline -0.001 -19"><span class='ocrx_word' id='word_1_739' title='bbox 2155 2553 2410 2626; x_wconf 81' lang='grc' dir='ltr'>φανερῶς</span> <span class='ocrx_word' id='word_1_740' title='bbox 2439 2553 2600 2606; x_wconf 88' lang='grc' dir='ltr'>αὐτὸν</span> <span class='ocrx_word' id='word_1_741' title='bbox 2630 2552 2886 2625; x_wconf 71' lang='grc' dir='ltr'>ἤλεγξεν·</span> <span class='ocrx_word' id='word_1_742' title='bbox 2914 2553 3016 2607; x_wconf 90' lang='grc' dir='ltr'>οὐκ</span> <span class='ocrx_word' id='word_1_743' title='bbox 3047 2551 3269 2623; x_wconf 85' lang='grc' dir='ltr'>ἐσίγησε</span> <span class='ocrx_word' id='word_1_744' title='bbox 3296 2552 3416 2623; x_wconf 79' lang='grc' dir='ltr'>μὲν,</span> <span class='ocrx_word' id='word_1_745' title='bbox 3443 2551 3529 2606; x_wconf 80' lang='grc' dir='ltr'>ἵνα</span> <span class='ocrx_word' id='word_1_746' title='bbox 3557 2551 3720 2606; x_wconf 86' lang='grc' dir='ltr'>αὐτὸν</span> <span class='ocrx_word' id='word_1_747' title='bbox 3751 2553 3848 2606; x_wconf 86' lang='grc' dir='ltr'>ἐκ-</span> 
     </span>
    </p>
   </div>
   <div class='ocr_carea' id='block_1_89' title="bbox 2155 2653 3846 2728">
    <p class='ocr_par' dir='ltr' id='par_1_89' title="bbox 2155 2653 3846 2728">
     <span class='ocr_line' id='line_1_89' title="bbox 2155 2653 3846 2728; baseline -0.001 -18"><span class='ocrx_word' id='word_1_748' title='bbox 2155 2655 2451 2728; x_wconf 83' lang='grc' dir='ltr'>καλέσηται</span> <span class='ocrx_word' id='word_1_749' title='bbox 2483 2653 2619 2728; x_wconf 83' lang='grc' dir='ltr'>πρὸς</span> <span class='ocrx_word' id='word_1_750' title='bbox 2644 2653 2938 2725; x_wconf 86' lang='grc' dir='ltr'>ὁμολογίαν</span> <span class='ocrx_word' id='word_1_751' title='bbox 2965 2654 3062 2726; x_wconf 75' lang='grc' dir='ltr'>τῆς</span> <span class='ocrx_word' id='word_1_752' title='bbox 3099 2655 3403 2726; x_wconf 87' lang='grc' dir='ltr'>ἀμαρτίας·</span> <span class='ocrx_word' id='word_1_753' title='bbox 3434 2656 3532 2708; x_wconf 86' lang='grc' dir='ltr'>οὐκ</span> <span class='ocrx_word' id='word_1_754' title='bbox 3567 2653 3762 2725; x_wconf 68' lang='grc' dir='ltr'>ἤλεγξε</span> <span class='ocrx_word' id='word_1_755' title='bbox 3788 2654 3846 2709; x_wconf 83' lang='grc' dir='ltr'>δὲ</span> 
     </span>
    </p>
   </div>
   <div class='ocr_carea' id='block_1_90' title="bbox 2155 2750 3848 2823">
    <p class='ocr_par' dir='ltr' id='par_1_90' title="bbox 2155 2750 3848 2823">
     <span class='ocr_line' id='line_1_90' title="bbox 2155 2750 3848 2823; baseline 0 -19"><span class='ocrx_word' id='word_1_756' title='bbox 2155 2751 2424 2823; x_wconf 85' lang='grc' dir='ltr'>φανερῶς,</span> <span class='ocrx_word' id='word_1_757' title='bbox 2457 2752 2543 2806; x_wconf 80' lang='grc' dir='ltr'>ἵνα</span> <span class='ocrx_word' id='word_1_758' title='bbox 2577 2750 2651 2822; x_wconf 84' lang='grc' dir='ltr'>μὴ</span> <span class='ocrx_word' id='word_1_759' title='bbox 2681 2751 2846 2805; x_wconf 80' lang='grc' dir='ltr'>αὐτοῦ</span> <span class='ocrx_word' id='word_1_760' title='bbox 2885 2750 2946 2804; x_wconf 82' lang='grc' dir='ltr'>τὸ</span> <span class='ocrx_word' id='word_1_761' title='bbox 2997 2753 3107 2806; x_wconf 76' lang='grc' dir='ltr'>πᾶν</span> <span class='ocrx_word' id='word_1_762' title='bbox 3143 2751 3392 2823; x_wconf 80' lang='grc' dir='ltr'>γένηται,</span> <span class='ocrx_word' id='word_1_763' title='bbox 3433 2753 3685 2815; x_wconf 84' lang='grc' dir='ltr'>κάκεῖνος</span> <span class='ocrx_word' id='word_1_764' title='bbox 3716 2751 3848 2822; x_wconf 77' lang='grc' dir='ltr'>ἔρη-</span> 
     </span>
    </p>
   </div>
   <div class='ocr_carea' id='block_1_91' title="bbox 2156 2845 3848 2921">
    <p class='ocr_par' dir='ltr' id='par_1_91' title="bbox 2156 2845 3848 2921">
     <span class='ocr_line' id='line_1_91' title="bbox 2156 2845 3848 2921; baseline -0.001 -19"><span class='ocrx_word' id='word_1_765' title='bbox 2156 2866 2254 2919; x_wconf 89' lang='grc' dir='ltr'>μος</span> <span class='ocrx_word' id='word_1_766' title='bbox 2279 2847 2362 2920; x_wconf 82' lang='grc' dir='ltr'>είη</span> <span class='ocrx_word' id='word_1_767' title='bbox 2397 2849 2496 2921; x_wconf 85' lang='grc' dir='ltr'>τῆς</span> <span class='ocrx_word' id='word_1_768' title='bbox 2523 2848 2632 2902; x_wconf 86' lang='grc' dir='ltr'>ἀπὸ</span> <span class='ocrx_word' id='word_1_769' title='bbox 2661 2849 2764 2918; x_wconf 90' lang='grc' dir='ltr'>τῆς</span> <span class='ocrx_word' id='word_1_770' title='bbox 2789 2847 3235 2920; x_wconf 84' lang='grc' dir='ltr'>ἐξομολογήσεως</span> <span class='ocrx_word' id='word_1_771' title='bbox 3267 2847 3558 2920; x_wconf 84' lang='grc' dir='ltr'>γινομένης</span> <span class='ocrx_word' id='word_1_772' title='bbox 3599 2845 3848 2917; x_wconf 80' lang='grc' dir='ltr'>συγγνώ-</span> 
     </span>
    </p>
   </div>
   <div class='ocr_carea' id='block_1_92' title="bbox 2155 2939 3848 3015">
    <p class='ocr_par' dir='ltr' id='par_1_92' title="bbox 2155 2939 3848 3015">
     <span class='ocr_line' id='line_1_92' title="bbox 2155 2939 3848 3015; baseline -0.002 -17"><span class='ocrx_word' id='word_1_773' title='bbox 2155 2959 2264 3012; x_wconf 87' lang='grc' dir='ltr'>μης</span> <span class='ocrx_word' id='word_1_774' title='bbox 2289 2943 2441 3012; x_wconf 78' lang='grc' dir='ltr'>ἡμῖν.</span> <span class='ocrx_word' id='word_1_775' title='bbox 2474 2943 2572 2996; x_wconf 84' lang='grc' dir='ltr'>Διά</span> <span class='ocrx_word' id='word_1_776' title='bbox 2614 2943 2774 2997; x_wconf 81' lang='lat'><strong>10510</strong></span> <span class='ocrx_word' id='word_1_777' title='bbox 2805 2945 2906 2996; x_wconf 81' lang='grc' dir='ltr'>οὐκ</span> <span class='ocrx_word' id='word_1_778' title='bbox 2949 2939 3069 2998; x_wconf 84' lang='grc' dir='ltr'>εἷπε</span> <span class='ocrx_word' id='word_1_779' title='bbox 3117 2945 3373 3015; x_wconf 82' lang='grc' dir='ltr'>φανερῶς</span> <span class='ocrx_word' id='word_1_780' title='bbox 3405 2945 3505 3014; x_wconf 76' lang='grc' dir='ltr'>τὴν</span> <span class='ocrx_word' id='word_1_781' title='bbox 3537 2945 3717 2998; x_wconf 88' lang='grc' dir='ltr'>αἰτίαν</span> <span class='ocrx_word' id='word_1_782' title='bbox 3751 2944 3848 3014; x_wconf 74' lang='grc' dir='ltr'>ἀφ’</span> 
     </span>
    </p>
   </div>
   <div class='ocr_carea' id='block_1_93' title="bbox 2149 3031 3848 3112">
    <p class='ocr_par' dir='ltr' id='par_1_93' title="bbox 2149 3031 3848 3112">
     <span class='ocr_line' id='line_1_93' title="bbox 2149 3031 3848 3112; baseline 0.002 -23"><span class='ocrx_word' id='word_1_783' title='bbox 2149 3031 2218 3108; x_wconf 77' lang='grc' dir='ltr'>ἧς</span> <span class='ocrx_word' id='word_1_784' title='bbox 2253 3037 2454 3106; x_wconf 85' lang='grc' dir='ltr'>γνῶσις</span> <span class='ocrx_word' id='word_1_785' title='bbox 2481 3039 2507 3078; x_wconf 72' lang='grc' dir='ltr'>ἀ</span> <span class='ocrx_word' id='word_1_786' title='bbox 2542 3039 2783 3108; x_wconf 85' lang='grc' dir='ltr'>γέγονεν,</span> <span class='ocrx_word' id='word_1_787' title='bbox 2821 3039 2935 3092; x_wconf 81' lang='grc' dir='ltr'>ἀλλ’</span> <span class='ocrx_word' id='word_1_788' title='bbox 2969 3040 3026 3092; x_wconf 86' lang='grc' dir='ltr'>ἐν</span> <span class='ocrx_word' id='word_1_789' title='bbox 3069 3041 3398 3110; x_wconf 73' lang='grc' dir='ltr'>ἐρωτήσεως</span> <span class='ocrx_word' id='word_1_790' title='bbox 3421 3039 3580 3107; x_wconf 78' lang='grc' dir='ltr'>τάξει</span> <span class='ocrx_word' id='word_1_791' title='bbox 3614 3038 3848 3112; x_wconf 85' lang='grc' dir='ltr'>προάγει</span> 
     </span>
    </p>
   </div>
   <div class='ocr_carea' id='block_1_94' title="bbox 2149 3131 3848 3206">
    <p class='ocr_par' dir='ltr' id='par_1_94' title="bbox 2149 3131 3848 3206">
     <span class='ocr_line' id='line_1_94' title="bbox 2149 3131 3848 3206; baseline 0.001 -22"><span class='ocrx_word' id='word_1_792' title='bbox 2149 3131 2240 3185; x_wconf 87' lang='grc' dir='ltr'>τὸν</span> <span class='ocrx_word' id='word_1_793' title='bbox 2268 3131 2446 3201; x_wconf 90' lang='grc' dir='ltr'>λόγον,</span> <span class='ocrx_word' id='word_1_794' title='bbox 2468 3132 2667 3204; x_wconf 80' lang='grc' dir='ltr'>ἐκείνῳ</span> <span class='ocrx_word' id='word_1_795' title='bbox 2716 3133 3148 3204; x_wconf 85' lang='grc' dir='ltr'>καταλιμπάνων</span> <span class='ocrx_word' id='word_1_796' title='bbox 3195 3135 3276 3197; x_wconf 86' lang='grc' dir='ltr'>εἰς</span> <span class='ocrx_word' id='word_1_797' title='bbox 3323 3133 3712 3206; x_wconf 79' lang='grc' dir='ltr'>ἐξομολόγησιν</span> <span class='ocrx_word' id='word_1_798' title='bbox 3759 3133 3848 3187; x_wconf 87' lang='grc' dir='ltr'>ἐλ-</span> 
     </span>
    </p>
   </div>
   <div class='ocr_carea' id='block_1_95' title="bbox 2150 3226 3850 3304">
    <p class='ocr_par' dir='ltr' id='par_1_95' title="bbox 2150 3226 3850 3304">
     <span class='ocr_line' id='line_1_95' title="bbox 2150 3226 3850 3304; baseline 0.002 -22"><span class='ocrx_word' id='word_1_799' title='bbox 2150 3226 2280 3286; x_wconf 83' lang='grc' dir='ltr'>θεῖν.</span> <span class='ocrx_word' id='word_1_800' title='bbox 2323 3229 2493 3284; x_wconf 89' lang='grc' dir='ltr'>Πάλιν</span> <span class='ocrx_word' id='word_1_801' title='bbox 2522 3231 2616 3285; x_wconf 78' lang='grc' dir='ltr'>ἐπὶ</span> <span class='ocrx_word' id='word_1_802' title='bbox 2647 3230 2742 3285; x_wconf 86' lang='lat'>105</span> <span class='ocrx_word' id='word_1_803' title='bbox 2778 3231 2918 3285; x_wconf 86' lang='grc' dir='ltr'>Κάῖν</span> <span class='ocrx_word' id='word_1_804' title='bbox 2960 3231 3056 3285; x_wconf 69' lang='grc' dir='ltr'>καὶ</span> <span class='ocrx_word' id='word_1_805' title='bbox 3095 3230 3190 3284; x_wconf 81' lang='grc' dir='ltr'>τοῦ</span> <span class='ocrx_word' id='word_1_806' title='bbox 3219 3231 3387 3285; x_wconf 76' lang='grc' dir='ltr'>’Δϐελ</span> <span class='ocrx_word' id='word_1_807' title='bbox 3417 3231 3571 3304; x_wconf 69' lang='grc'><strong>[129]</strong></span> <span class='ocrx_word' id='word_1_808' title='bbox 3606 3232 3668 3285; x_wconf 89' lang='grc' dir='ltr'>τὸ</span> <span class='ocrx_word' id='word_1_809' title='bbox 3711 3231 3850 3286; x_wconf 86' lang='grc' dir='ltr'>αὐτὸ</span> 
     </span>
    </p>
   </div>
   <div class='ocr_carea' id='block_1_96' title="bbox 2147 3325 3848 3400">
    <p class='ocr_par' dir='ltr' id='par_1_96' title="bbox 2147 3325 3848 3400">
     <span class='ocr_line' id='line_1_96' title="bbox 2147 3325 3848 3400; baseline 0.001 -20"><span class='ocrx_word' id='word_1_810' title='bbox 2147 3325 2305 3380; x_wconf 87' lang='lat'><strong>10510</strong></span> <span class='ocrx_word' id='word_1_811' title='bbox 2337 3325 2484 3380; x_wconf 78' lang='grc' dir='ltr'>ἐστιν</span> <span class='ocrx_word' id='word_1_812' title='bbox 2520 3325 2666 3380; x_wconf 87' lang='grc' dir='ltr'>ἰδεῖν.</span> <span class='ocrx_word' id='word_1_813' title='bbox 2704 3325 2931 3394; x_wconf 85' lang='grc' dir='ltr'>Πρῶτον</span> <span class='ocrx_word' id='word_1_814' title='bbox 2961 3325 3062 3398; x_wconf 87' lang='grc' dir='ltr'>μὲν</span> <span class='ocrx_word' id='word_1_815' title='bbox 3101 3327 3213 3398; x_wconf 67' lang='grc' dir='ltr'>γάρ</span> <span class='ocrx_word' id='word_1_816' title='bbox 3244 3326 3559 3398; x_wconf 80' lang='grc' dir='ltr'>άπήρξαντο</span> <span class='ocrx_word' id='word_1_817' title='bbox 3598 3327 3677 3398; x_wconf 79' lang='grc' dir='ltr'>τῷ</span> <span class='ocrx_word' id='word_1_818' title='bbox 3724 3325 3848 3400; x_wconf 84' lang='grc' dir='ltr'>Θεῷ</span> 
     </span>
    </p>
   </div>
   <div class='ocr_carea' id='block_1_97' title="bbox 2147 3421 3846 3497">
    <p class='ocr_par' dir='ltr' id='par_1_97' title="bbox 2147 3421 3846 3497">
     <span class='ocr_line' id='line_1_97' title="bbox 2147 3421 3846 3497; baseline 0 -19"><span class='ocrx_word' id='word_1_819' title='bbox 2147 3423 2257 3478; x_wconf 83' lang='grc' dir='ltr'>τῶν</span> <span class='ocrx_word' id='word_1_820' title='bbox 2285 3423 2502 3479; x_wconf 85' lang='grc' dir='ltr'>οἰκείων</span> <span class='ocrx_word' id='word_1_821' title='bbox 2521 3423 2720 3480; x_wconf 90' lang='grc' dir='ltr'>πόνων.</span> <span class='ocrx_word' id='word_1_822' title='bbox 2750 3423 2840 3496; x_wconf 84' lang='grc' dir='ltr'>Μὴ</span> <span class='ocrx_word' id='word_1_823' title='bbox 2869 3423 2980 3497; x_wconf 87' lang='lat'>7&amp;9</span> <span class='ocrx_word' id='word_1_824' title='bbox 3009 3423 3073 3496; x_wconf 85' lang='grc' dir='ltr'>δὴ</span> <span class='ocrx_word' id='word_1_825' title='bbox 3095 3424 3204 3478; x_wconf 83' lang='grc' dir='ltr'>ἀπὸ</span> <span class='ocrx_word' id='word_1_826' title='bbox 3229 3421 3331 3494; x_wconf 77' lang='grc' dir='ltr'>τῆς</span> <span class='ocrx_word' id='word_1_827' title='bbox 3361 3424 3636 3496; x_wconf 80' lang='grc' dir='ltr'>ἁμαρτίας</span> <span class='ocrx_word' id='word_1_828' title='bbox 3663 3423 3846 3496; x_wconf 89' lang='grc' dir='ltr'>μόνον,</span> 
     </span>
    </p>
   </div>
   <div class='ocr_carea' id='block_1_98' title="bbox 2150 3515 3850 3594">
    <p class='ocr_par' dir='ltr' id='par_1_98' title="bbox 2150 3515 3850 3594">
     <span class='ocr_line' id='line_1_98' title="bbox 2150 3515 3850 3594; baseline 0.002 -20"><span class='ocrx_word' id='word_1_829' title='bbox 2150 3519 2286 3575; x_wconf 81' lang='grc' dir='ltr'>ἀλλὰ</span> <span class='ocrx_word' id='word_1_830' title='bbox 2324 3520 2420 3575; x_wconf 82' lang='grc' dir='ltr'>καὶ</span> <span class='ocrx_word' id='word_1_831' title='bbox 2456 3519 2566 3574; x_wconf 85' lang='grc' dir='ltr'>ἀπὸ</span> <span class='ocrx_word' id='word_1_832' title='bbox 2602 3520 2704 3592; x_wconf 86' lang='grc' dir='ltr'>τῆς</span> <span class='ocrx_word' id='word_1_833' title='bbox 2730 3521 2934 3593; x_wconf 87' lang='grc' dir='ltr'>ἀρετῆς</span> <span class='ocrx_word' id='word_1_834' title='bbox 2975 3520 3260 3590; x_wconf 84' lang='grc' dir='ltr'>δείξωμεν,</span> <span class='ocrx_word' id='word_1_835' title='bbox 3297 3521 3382 3574; x_wconf 82' lang='grc' dir='ltr'>ὅτι</span> <span class='ocrx_word' id='word_1_836' title='bbox 3414 3521 3744 3593; x_wconf 80' lang='grc' dir='ltr'>ἀμφοτέρων</span> <span class='ocrx_word' id='word_1_837' title='bbox 3777 3515 3850 3594; x_wconf 81' lang='grc' dir='ltr'>ἦν</span> 
     </span>
    </p>
   </div>
   <div class='ocr_carea' id='block_1_99' title="bbox 2149 3613 3848 3692">
    <p class='ocr_par' dir='ltr' id='par_1_99' title="bbox 2149 3613 3848 3692">
     <span class='ocr_line' id='line_1_99' title="bbox 2149 3613 3848 3692; baseline 0.002 -22"><span class='ocrx_word' id='word_1_838' title='bbox 2149 3618 2570 3690; x_wconf 83' lang='grc' dir='ltr'>ἐπιστημονικὸς</span> <span class='ocrx_word' id='word_1_839' title='bbox 2594 3619 2624 3672; x_wconf 86' lang='lat'>6</span> <span class='ocrx_word' id='word_1_840' title='bbox 2651 3617 2958 3690; x_wconf 76' lang='grc' dir='ltr'>ἄνθρωπος.</span> <span class='ocrx_word' id='word_1_841' title='bbox 2984 3619 3106 3672; x_wconf 87' lang='grc' dir='ltr'>Ὅτι</span> <span class='ocrx_word' id='word_1_842' title='bbox 3139 3618 3238 3690; x_wconf 81' lang='grc' dir='ltr'>μὲν</span> <span class='ocrx_word' id='word_1_843' title='bbox 3261 3613 3356 3672; x_wconf 75' lang='grc' dir='ltr'>οὖν</span> <span class='ocrx_word' id='word_1_844' title='bbox 3385 3618 3502 3690; x_wconf 69' lang='grc' dir='ltr'>⁴ᾔδει</span> <span class='ocrx_word' id='word_1_845' title='bbox 3536 3619 3636 3690; x_wconf 71' lang='grc' dir='ltr'>τὴν</span> <span class='ocrx_word' id='word_1_846' title='bbox 3665 3621 3848 3692; x_wconf 87' lang='grc' dir='ltr'>ἁμαρ-</span> 
     </span>
    </p>
   </div>
   <div class='ocr_carea' id='block_1_100' title="bbox 2150 3717 3850 3792">
    <p class='ocr_par' dir='ltr' id='par_1_100' title="bbox 2150 3717 3850 3792">
     <span class='ocr_line' id='line_1_100' title="bbox 2150 3717 3850 3792; baseline 0.002 -20"><span class='ocrx_word' id='word_1_847' title='bbox 2150 3718 2270 3772; x_wconf 85' lang='grc' dir='ltr'>τίαν</span> <span class='ocrx_word' id='word_1_848' title='bbox 2294 3718 2461 3773; x_wconf 88' lang='grc' dir='ltr'>κακὸν</span> <span class='ocrx_word' id='word_1_849' title='bbox 2504 3717 2564 3772; x_wconf 78' lang='grc' dir='ltr'>δν</span> <span class='ocrx_word' id='word_1_850' title='bbox 2609 3719 2638 3772; x_wconf 79' lang='lat'>6</span> <span class='ocrx_word' id='word_1_851' title='bbox 2683 3718 2991 3792; x_wconf 74' lang='grc' dir='ltr'>ἄνθρωπος,</span> <span class='ocrx_word' id='word_1_852' title='bbox 3023 3719 3222 3786; x_wconf 72' lang='grc' dir='ltr'>ἔδειξεν</span> <span class='ocrx_word' id='word_1_853' title='bbox 3253 3720 3282 3772; x_wconf 86' lang='grc' dir='ltr'>ὁ</span> <span class='ocrx_word' id='word_1_854' title='bbox 3322 3720 3514 3790; x_wconf 82' lang='grc' dir='ltr'>Ἀδάμ·</span> <span class='ocrx_word' id='word_1_855' title='bbox 3544 3721 3625 3774; x_wconf 84' lang='grc' dir='ltr'>ὅτι</span> <span class='ocrx_word' id='word_1_856' title='bbox 3656 3721 3713 3774; x_wconf 90' lang='grc' dir='ltr'>δέ</span> <span class='ocrx_word' id='word_1_857' title='bbox 3752 3718 3850 3775; x_wconf 74' lang='grc' dir='ltr'>καὶ</span> 
     </span>
    </p>
   </div>
   <div class='ocr_carea' id='block_1_101' title="bbox 2150 3815 3844 3890">
    <p class='ocr_par' dir='ltr' id='par_1_101' title="bbox 2150 3815 3844 3890">
     <span class='ocr_line' id='line_1_101' title="bbox 2150 3815 3844 3890; baseline 0.004 -21"><span class='ocrx_word' id='word_1_858' title='bbox 2150 3815 2247 3887; x_wconf 83' lang='grc' dir='ltr'>τὴν</span> <span class='ocrx_word' id='word_1_859' title='bbox 2275 3815 2476 3888; x_wconf 82' lang='grc' dir='ltr'>ἀρετὴν</span> <span class='ocrx_word' id='word_1_860' title='bbox 2503 3815 2770 3887; x_wconf 80' lang='grc' dir='ltr'>ἠπίστατο</span> <span class='ocrx_word' id='word_1_861' title='bbox 2796 3815 2962 3870; x_wconf 71' lang='grc' dir='ltr'>καλὸν</span> <span class='ocrx_word' id='word_1_862' title='bbox 2994 3816 3072 3881; x_wconf 83' lang='grc' dir='ltr'>δν,</span> <span class='ocrx_word' id='word_1_863' title='bbox 3115 3817 3353 3890; x_wconf 80' lang='grc' dir='ltr'>ἐδήλωσε</span> <span class='ocrx_word' id='word_1_864' title='bbox 3384 3818 3546 3872; x_wconf 88' lang='grc' dir='ltr'>πάλιν</span> <span class='ocrx_word' id='word_1_865' title='bbox 3589 3818 3619 3870; x_wconf 90' lang='lat'>6</span> <span class='ocrx_word' id='word_1_866' title='bbox 3655 3818 3844 3876; x_wconf 81' lang='grc' dir='ltr'>Ἀϐελ.</span> 
     </span>
    </p>
   </div>
   <div class='ocr_carea' id='block_1_102' title="bbox 2152 3910 3850 3988">
    <p class='ocr_par' dir='ltr' id='par_1_102' title="bbox 2152 3910 3850 3988">
     <span class='ocr_line' id='line_1_102' title="bbox 2152 3910 3850 3988; baseline 0.004 -24"><span class='ocrx_word' id='word_1_867' title='bbox 2152 3913 2226 3964; x_wconf 87' lang='grc' dir='ltr'>Οὐ</span> <span class='ocrx_word' id='word_1_868' title='bbox 2254 3911 2363 3984; x_wconf 78' lang='grc' dir='ltr'>γὰρ</span> <span class='ocrx_word' id='word_1_869' title='bbox 2391 3911 2544 3982; x_wconf 84' lang='grc' dir='ltr'>παρά</span> <span class='ocrx_word' id='word_1_870' title='bbox 2583 3928 2728 3974; x_wconf 89' lang='grc' dir='ltr'>τινος</span> <span class='ocrx_word' id='word_1_871' title='bbox 2769 3910 2980 3981; x_wconf 86' lang='grc' dir='ltr'>μαθὼν,</span> <span class='ocrx_word' id='word_1_872' title='bbox 3016 3913 3139 3967; x_wconf 84' lang='grc' dir='ltr'>οὐδὲ</span> <span class='ocrx_word' id='word_1_873' title='bbox 3187 3913 3354 3984; x_wconf 88' lang='grc' dir='ltr'>νόμου</span> <span class='ocrx_word' id='word_1_874' title='bbox 3406 3913 3537 3986; x_wconf 82' lang='grc' dir='ltr'>περί</span> <span class='ocrx_word' id='word_1_875' title='bbox 3579 3915 3850 3988; x_wconf 83' lang='grc' dir='ltr'>ἀπαρχῶν</span> 
     </span>
    </p>
   </div>
   <div class='ocr_carea' id='block_1_103' title="bbox 2151 4005 3848 4085">
    <p class='ocr_par' dir='ltr' id='par_1_103' title="bbox 2151 4005 3848 4085">
     <span class='ocr_line' id='line_1_103' title="bbox 2151 4005 3848 4085; baseline 0.004 -25"><span class='ocrx_word' id='word_1_876' title='bbox 2151 4005 2529 4078; x_wconf 84' lang='grc' dir='ltr'>διαλεγομένου</span> <span class='ocrx_word' id='word_1_877' title='bbox 2559 4007 2680 4060; x_wconf 89' lang='grc' dir='ltr'>τότε</span> <span class='ocrx_word' id='word_1_878' title='bbox 2712 4007 2974 4073; x_wconf 87' lang='grc' dir='ltr'>ἀκούσας,</span> <span class='ocrx_word' id='word_1_879' title='bbox 3028 4009 3142 4062; x_wconf 87' lang='grc' dir='ltr'>ἀλλ’</span> <span class='ocrx_word' id='word_1_880' title='bbox 3169 4009 3382 4064; x_wconf 79' lang='grc' dir='ltr'>οἴκοθεν</span> <span class='ocrx_word' id='word_1_881' title='bbox 3426 4012 3521 4065; x_wconf 78' lang='grc' dir='ltr'>καὶ</span> <span class='ocrx_word' id='word_1_882' title='bbox 3556 4013 3710 4085; x_wconf 82' lang='grc' dir='ltr'>παρά</span> <span class='ocrx_word' id='word_1_883' title='bbox 3751 4014 3848 4068; x_wconf 90' lang='lat'>105</span> 
     </span>
    </p>
   </div>
   <div class='ocr_carea' id='block_1_104' title="bbox 2153 4101 3852 4179">
    <p class='ocr_par' dir='ltr' id='par_1_104' title="bbox 2153 4101 3852 4179">
     <span class='ocr_line' id='line_1_104' title="bbox 2153 4101 3852 4179; baseline 0.005 -23"><span class='ocrx_word' id='word_1_884' title='bbox 2153 4102 2452 4166; x_wconf 83' lang='grc' dir='ltr'>συνειδότος</span> <span class='ocrx_word' id='word_1_885' title='bbox 2479 4101 2746 4173; x_wconf 69' lang='grc' dir='ltr'>διδαχθεὶς</span> <span class='ocrx_word' id='word_1_886' title='bbox 2775 4103 2876 4176; x_wconf 81' lang='grc' dir='ltr'>τὴν</span> <span class='ocrx_word' id='word_1_887' title='bbox 2921 4103 3114 4159; x_wconf 85' lang='grc' dir='ltr'>θυσίαν</span> <span class='ocrx_word' id='word_1_888' title='bbox 3157 4105 3374 4178; x_wconf 83' lang='grc' dir='ltr'>ἐκείνην</span> <span class='ocrx_word' id='word_1_889' title='bbox 3417 4107 3710 4179; x_wconf 86' lang='grc' dir='ltr'>ἀνήνεγκε.</span> <span class='ocrx_word' id='word_1_890' title='bbox 3746 4109 3852 4164; x_wconf 82' lang='grc' dir='ltr'>Διά</span> 
     </span>
    </p>
   </div>
   <div class='ocr_carea' id='block_1_105' title="bbox 2151 4199 3843 4277">
    <p class='ocr_par' dir='ltr' id='par_1_105' title="bbox 2151 4199 3843 4277">
     <span class='ocr_line' id='line_1_105' title="bbox 2151 4199 3843 4277; baseline 0.003 -23"><span class='ocrx_word' id='word_1_891' title='bbox 2151 4199 2310 4254; x_wconf 78' lang='grc' dir='ltr'>τοῦτο</span> <span class='ocrx_word' id='word_1_892' title='bbox 2339 4200 2400 4254; x_wconf 82' lang='grc' dir='ltr'>οὐ</span> <span class='ocrx_word' id='word_1_893' title='bbox 2429 4199 2723 4272; x_wconf 82' lang='grc' dir='ltr'>καταφέρω</span> <span class='ocrx_word' id='word_1_894' title='bbox 2763 4202 2914 4254; x_wconf 82' lang='grc' dir='ltr'>κάτω</span> <span class='ocrx_word' id='word_1_895' title='bbox 2953 4200 3043 4256; x_wconf 87' lang='grc' dir='ltr'>τὸν</span> <span class='ocrx_word' id='word_1_896' title='bbox 3093 4201 3272 4272; x_wconf 90' lang='grc' dir='ltr'>λόγον,</span> <span class='ocrx_word' id='word_1_897' title='bbox 3299 4203 3414 4257; x_wconf 84' lang='grc' dir='ltr'>ἀλλ’</span> <span class='ocrx_word' id='word_1_898' title='bbox 3443 4204 3536 4258; x_wconf 77' lang='grc' dir='ltr'>ἐπὶ</span> <span class='ocrx_word' id='word_1_899' title='bbox 3569 4204 3675 4259; x_wconf 83' lang='grc' dir='ltr'>τῶν</span> <span class='ocrx_word' id='word_1_900' title='bbox 3703 4223 3843 4277; x_wconf 90' lang='grc' dir='ltr'>προ-</span> 
     </span>
    </p>
   </div>
   <div class='ocr_carea' id='block_1_106' title="bbox 2152 4285 3848 4366">
    <p class='ocr_par' dir='ltr' id='par_1_106' title="bbox 2152 4285 3848 4366">
     <span class='ocr_line' id='line_1_106' title="bbox 2152 4285 3848 4366; baseline 0.004 -24"><span class='ocrx_word' id='word_1_901' title='bbox 2152 4289 2324 4359; x_wconf 83' lang='grc' dir='ltr'>τέρων</span> <span class='ocrx_word' id='word_1_902' title='bbox 2354 4287 2516 4342; x_wconf 82' lang='grc' dir='ltr'>αὐτὸν</span> <span class='ocrx_word' id='word_1_903' title='bbox 2552 4285 2854 4360; x_wconf 86' lang='grc' dir='ltr'>ἀνθρώπων</span> <span class='ocrx_word' id='word_1_904' title='bbox 2898 4289 3180 4360; x_wconf 77' lang='grc' dir='ltr'>γυμνάξω,</span> <span class='ocrx_word' id='word_1_905' title='bbox 3210 4291 3298 4344; x_wconf 78' lang='grc' dir='ltr'>ὅτε</span> <span class='ocrx_word' id='word_1_906' title='bbox 3320 4289 3474 4345; x_wconf 78' lang='grc' dir='ltr'>ούπω</span> <span class='ocrx_word' id='word_1_907' title='bbox 3516 4293 3848 4366; x_wconf 71' lang='grc' dir='ltr'>γράμματα,</span> 
     </span>
    </p>
   </div>
   <div class='ocr_carea' id='block_1_107' title="bbox 2151 4381 3854 4463">
    <p class='ocr_par' dir='ltr' id='par_1_107' title="bbox 2151 4381 3854 4463">
     <span class='ocr_line' id='line_1_107' title="bbox 2151 4381 3854 4463; baseline 0.008 -26"><span class='ocrx_word' id='word_1_908' title='bbox 2151 4384 2274 4439; x_wconf 72' lang='grc' dir='ltr'>οὐτε</span> <span class='ocrx_word' id='word_1_909' title='bbox 2301 4384 2484 4457; x_wconf 87' lang='grc' dir='ltr'>νόμος,</span> <span class='ocrx_word' id='word_1_910' title='bbox 2511 4381 2636 4438; x_wconf 77' lang='grc' dir='ltr'>οὔτε</span> <span class='ocrx_word' id='word_1_911' title='bbox 2664 4386 2943 4458; x_wconf 80' lang='grc' dir='ltr'>προφῆται</span> <span class='ocrx_word' id='word_1_912' title='bbox 2986 4387 3082 4441; x_wconf 74' lang='grc' dir='ltr'>καὶ</span> <span class='ocrx_word' id='word_1_913' title='bbox 3125 4387 3399 4454; x_wconf 76' lang='grc' dir='ltr'>δικασταὶ,</span> <span class='ocrx_word' id='word_1_914' title='bbox 3444 4388 3582 4444; x_wconf 90' lang='grc' dir='ltr'>ἀλλά</span> <span class='ocrx_word' id='word_1_915' title='bbox 3627 4391 3790 4463; x_wconf 87' lang='grc' dir='ltr'>μόνος</span> <span class='ocrx_word' id='word_1_916' title='bbox 3815 4395 3854 4450; x_wconf 77' lang='grc' dir='ltr'><strong>ἃ</strong></span> 
     </span>
    </p>
   </div>
   <div class='ocr_carea' id='block_1_108' title="bbox 2165 4478 3851 4560">
    <p class='ocr_par' dir='ltr' id='par_1_108' title="bbox 2165 4478 3851 4560">
     <span class='ocr_line' id='line_1_108' title="bbox 2165 4478 3851 4560; baseline 0.007 -26"><span class='ocrx_word' id='word_1_917' title='bbox 2165 4481 2337 4552; x_wconf 73' lang='grc' dir='ltr'>Ἀδὰμ</span> <span class='ocrx_word' id='word_1_918' title='bbox 2366 4480 2506 4552; x_wconf 87' lang='grc' dir='ltr'>μετά</span> <span class='ocrx_word' id='word_1_919' title='bbox 2532 4481 2642 4535; x_wconf 89' lang='grc' dir='ltr'>τῶν</span> <span class='ocrx_word' id='word_1_920' title='bbox 2680 4483 2886 4537; x_wconf 88' lang='grc' dir='ltr'>παίδων</span> <span class='ocrx_word' id='word_1_921' title='bbox 2913 4478 3003 4557; x_wconf 81' lang='grc' dir='ltr'>ἦν,</span> <span class='ocrx_word' id='word_1_922' title='bbox 3049 4484 3138 4540; x_wconf 81' lang='grc' dir='ltr'>ἵνα</span> <span class='ocrx_word' id='word_1_923' title='bbox 3166 4485 3345 4558; x_wconf 85' lang='grc' dir='ltr'>μάθῃς</span> <span class='ocrx_word' id='word_1_924' title='bbox 3372 4486 3454 4540; x_wconf 84' lang='grc' dir='ltr'>ὅτι</span> <span class='ocrx_word' id='word_1_925' title='bbox 3493 4487 3554 4542; x_wconf 88' lang='grc' dir='ltr'>ἐν</span> <span class='ocrx_word' id='word_1_926' title='bbox 3580 4490 3647 4560; x_wconf 80' lang='grc' dir='ltr'>τῇ</span> <span class='ocrx_word' id='word_1_927' title='bbox 3684 4487 3851 4559; x_wconf 80' lang='grc' dir='ltr'>φύσει,</span> 
     </span>
    </p>
   </div>
   <div class='ocr_carea' id='block_1_109' title="bbox 2153 4577 3855 4658">
    <p class='ocr_par' dir='ltr' id='par_1_109' title="bbox 2153 4577 3855 4658">
     <span class='ocr_line' id='line_1_109' title="bbox 2153 4577 3855 4658; baseline 0.006 -28"><span class='ocrx_word' id='word_1_928' title='bbox 2153 4577 2522 4650; x_wconf 84' lang='grc' dir='ltr'>προαπέκειτο</span> <span class='ocrx_word' id='word_1_929' title='bbox 2555 4578 2664 4633; x_wconf 87' lang='grc' dir='ltr'>τῶν</span> <span class='ocrx_word' id='word_1_930' title='bbox 2689 4577 2872 4634; x_wconf 90' lang='grc' dir='ltr'>καλῶν</span> <span class='ocrx_word' id='word_1_931' title='bbox 2896 4581 2991 4634; x_wconf 82' lang='grc' dir='ltr'>καὶ</span> <span class='ocrx_word' id='word_1_932' title='bbox 3019 4582 3129 4637; x_wconf 87' lang='grc' dir='ltr'>τῶν</span> <span class='ocrx_word' id='word_1_933' title='bbox 3157 4584 3219 4638; x_wconf 89' lang='grc' dir='ltr'>οὐ</span> <span class='ocrx_word' id='word_1_934' title='bbox 3265 4583 3526 4640; x_wconf 87' lang='grc' dir='ltr'>τοιούτων</span> <span class='ocrx_word' id='word_1_935' title='bbox 3564 4587 3598 4658; x_wconf 79' lang='grc' dir='ltr'><strong>ἠ</strong></span> <span class='ocrx_word' id='word_1_936' title='bbox 3622 4585 3855 4656; x_wconf 59' lang='grc' dir='ltr'>γνῶσιςι</span> 
     </span>
    </p>
   </div>
   <div class='ocr_carea' id='block_1_110' title="bbox 2154 4675 3860 4755">
    <p class='ocr_par' dir='ltr' id='par_1_110' title="bbox 2154 4675 3860 4755">
     <span class='ocr_line' id='line_1_110' title="bbox 2154 4675 3860 4755; baseline 0.008 -27"><span class='ocrx_word' id='word_1_937' title='bbox 2154 4675 2326 4730; x_wconf 79' lang='grc' dir='ltr'>Πόθεν</span> <span class='ocrx_word' id='word_1_938' title='bbox 2351 4676 2460 4748; x_wconf 85' lang='grc' dir='ltr'>γάρ</span> <span class='ocrx_word' id='word_1_939' title='bbox 2485 4676 2686 4750; x_wconf 76' lang='grc' dir='ltr'>ἔμαθεν</span> <span class='ocrx_word' id='word_1_940' title='bbox 2721 4679 2802 4732; x_wconf 79' lang='grc' dir='ltr'>ὅτι</span> <span class='ocrx_word' id='word_1_941' title='bbox 2846 4679 3010 4734; x_wconf 85' lang='grc' dir='ltr'>καλὸν</span> <span class='ocrx_word' id='word_1_942' title='bbox 3037 4680 3100 4735; x_wconf 89' lang='grc' dir='ltr'>τὸ</span> <span class='ocrx_word' id='word_1_943' title='bbox 3125 4683 3460 4755; x_wconf 83' lang='grc' dir='ltr'>προσφέρειν</span> <span class='ocrx_word' id='word_1_944' title='bbox 3485 4685 3514 4739; x_wconf 89' lang='grc' dir='ltr'>ό</span> <span class='ocrx_word' id='word_1_945' title='bbox 3546 4685 3734 4753; x_wconf 73' lang='grc' dir='ltr'>Ἅϐελ,</span> <span class='ocrx_word' id='word_1_946' title='bbox 3764 4687 3860 4746; x_wconf 67' lang='grc' dir='ltr'>ὅτι</span> 
     </span>
    </p>
   </div>
   <div class='ocr_carea' id='block_1_111' title="bbox 2155 4771 3863 4850">
    <p class='ocr_par' dir='ltr' id='par_1_111' title="bbox 2155 4771 3863 4850">
     <span class='ocr_line' id='line_1_111' title="bbox 2155 4771 3863 4850; baseline 0.009 -26"><span class='ocrx_word' id='word_1_947' title='bbox 2155 4771 2318 4826; x_wconf 90' lang='grc' dir='ltr'>καλὸν</span> <span class='ocrx_word' id='word_1_948' title='bbox 2349 4771 2408 4826; x_wconf 85' lang='grc' dir='ltr'>τὸ</span> <span class='ocrx_word' id='word_1_949' title='bbox 2431 4775 2597 4845; x_wconf 79' lang='grc' dir='ltr'>τιμᾷν</span> <span class='ocrx_word' id='word_1_950' title='bbox 2634 4774 2726 4828; x_wconf 89' lang='grc' dir='ltr'>τὸν</span> <span class='ocrx_word' id='word_1_951' title='bbox 2753 4773 2886 4828; x_wconf 88' lang='grc' dir='ltr'>Θεὸν</span> <span class='ocrx_word' id='word_1_952' title='bbox 2927 4777 3022 4830; x_wconf 78' lang='grc' dir='ltr'>καὶ</span> <span class='ocrx_word' id='word_1_953' title='bbox 3060 4778 3406 4850; x_wconf 89' lang='grc' dir='ltr'>εὐχαριστεῖν</span> <span class='ocrx_word' id='word_1_954' title='bbox 3435 4782 3494 4834; x_wconf 89' lang='grc' dir='ltr'>ἐν</span> <span class='ocrx_word' id='word_1_955' title='bbox 3525 4783 3699 4837; x_wconf 74' lang='grc' dir='ltr'>ἅπασι</span> <span class='ocrx_word' id='word_1_956' title='bbox 3727 4801 3744 4845; x_wconf 72' lang='grc' dir='ltr'>ς</span> <span class='ocrx_word' id='word_1_957' title='bbox 3781 4783 3863 4844; x_wconf 69' lang='grc' dir='ltr'>ΤΕ</span> 
     </span>
    </p>
   </div>
   <div class='ocr_carea' id='block_1_112' title="bbox 2155 4865 3861 4954">
    <p class='ocr_par' dir='ltr' id='par_1_112' title="bbox 2155 4865 3861 4954">
     <span class='ocr_line' id='line_1_112' title="bbox 2155 4865 3861 4954; baseline 0.008 -32"><span class='ocrx_word' id='word_1_958' title='bbox 2155 4865 2320 4939; x_wconf 80' lang='grc' dir='ltr'>οὖν;ό</span> <span class='ocrx_word' id='word_1_959' title='bbox 2368 4871 2528 4935; x_wconf 79' lang='grc' dir='ltr'>Κάῖν,</span> <span class='ocrx_word' id='word_1_960' title='bbox 2569 4872 2754 4943; x_wconf 77' lang='grc' dir='ltr'>φησὶν,</span> <span class='ocrx_word' id='word_1_961' title='bbox 2803 4873 2865 4927; x_wconf 87' lang='grc' dir='ltr'>οὐ</span> <span class='ocrx_word' id='word_1_962' title='bbox 2921 4876 3304 4947; x_wconf 86' lang='grc' dir='ltr'>προσήνεγκε;</span> <span class='ocrx_word' id='word_1_963' title='bbox 3347 4878 3701 4952; x_wconf 80' lang='grc' dir='ltr'>Προσήνεγκε</span> <span class='ocrx_word' id='word_1_964' title='bbox 3747 4882 3861 4954; x_wconf 65' lang='grc' dir='ltr'>μὲν</span> 
     </span>
    </p>
   </div>
   <div class='ocr_carea' id='block_1_113' title="bbox 2156 4965 3851 5054">
    <p class='ocr_par' dir='ltr' id='par_1_113' title="bbox 2156 4965 3851 5054">
     <span class='ocr_line' id='line_1_113' title="bbox 2156 4965 3851 5054; baseline 0.008 -31"><span class='ocrx_word' id='word_1_965' title='bbox 2156 4970 2253 5024; x_wconf 79' lang='grc' dir='ltr'>καὶ</span> <span class='ocrx_word' id='word_1_966' title='bbox 2284 4965 2458 5036; x_wconf 79' lang='grc' dir='ltr'>οὗτος,</span> <span class='ocrx_word' id='word_1_967' title='bbox 2487 4971 2602 5025; x_wconf 82' lang='grc' dir='ltr'>ἀλλ’</span> <span class='ocrx_word' id='word_1_968' title='bbox 2634 4973 2732 5044; x_wconf 90' lang='grc' dir='ltr'>οὐχ</span> <span class='ocrx_word' id='word_1_969' title='bbox 2759 4973 2978 5044; x_wconf 85' lang='grc' dir='ltr'>ὁμοίως.</span> <span class='ocrx_word' id='word_1_970' title='bbox 3009 4973 3321 5030; x_wconf 69' lang='grc' dir='ltr'>Κάειτεῦθεν</span> <span class='ocrx_word' id='word_1_971' title='bbox 3365 4977 3424 5030; x_wconf 86' lang='grc' dir='ltr'>δέ</span> <span class='ocrx_word' id='word_1_972' title='bbox 3474 4979 3640 5034; x_wconf 80' lang='grc' dir='ltr'>πάλιν</span> <span class='ocrx_word' id='word_1_973' title='bbox 3671 4981 3704 5054; x_wconf 83' lang='grc' dir='ltr'>ἡ</span> <span class='ocrx_word' id='word_1_974' title='bbox 3752 4981 3851 5036; x_wconf 83' lang='lat'>105</span> 
     </span>
    </p>
   </div>
   <div class='ocr_carea' id='block_1_114' title="bbox 2157 5068 3848 5148">
    <p class='ocr_par' dir='ltr' id='par_1_114' title="bbox 2157 5068 3848 5148">
     <span class='ocr_line' id='line_1_114' title="bbox 2157 5068 3848 5148; baseline 0.007 -28"><span class='ocrx_word' id='word_1_975' title='bbox 2157 5068 2459 5132; x_wconf 80' lang='grc' dir='ltr'>συνειδότος</span> <span class='ocrx_word' id='word_1_976' title='bbox 2497 5069 2746 5139; x_wconf 87' lang='grc' dir='ltr'>φαίνεται</span> <span class='ocrx_word' id='word_1_977' title='bbox 2791 5069 3022 5138; x_wconf 87' lang='grc' dir='ltr'>γνῶσις·</span> <span class='ocrx_word' id='word_1_978' title='bbox 3061 5072 3248 5144; x_wconf 81' lang='grc' dir='ltr'>ἐπειδὴ</span> <span class='ocrx_word' id='word_1_979' title='bbox 3289 5072 3400 5146; x_wconf 89' lang='grc' dir='ltr'>γὰρ</span> <span class='ocrx_word' id='word_1_980' title='bbox 3443 5075 3524 5148; x_wconf 86' lang='grc' dir='ltr'>τῷ</span> <span class='ocrx_word' id='word_1_981' title='bbox 3563 5076 3848 5148; x_wconf 88' lang='grc' dir='ltr'>τιμηθέντι</span> 
     </span>
    </p>
   </div>
   <div class='ocr_carea' id='block_1_115' title="bbox 2161 5162 3851 5244">
    <p class='ocr_par' dir='ltr' id='par_1_115' title="bbox 2161 5162 3851 5244">
     <span class='ocr_line' id='line_1_115' title="bbox 2161 5162 3851 5244; baseline 0.007 -26"><span class='ocrx_word' id='word_1_982' title='bbox 2161 5162 2438 5238; x_wconf 80' lang='grc' dir='ltr'>βασκήνας</span> <span class='ocrx_word' id='word_1_983' title='bbox 2472 5166 2598 5237; x_wconf 74' lang='grc' dir='ltr'>περὶ</span> <span class='ocrx_word' id='word_1_984' title='bbox 2624 5166 2842 5238; x_wconf 84' lang='grc' dir='ltr'>σφαγῆς</span> <span class='ocrx_word' id='word_1_985' title='bbox 2869 5167 3208 5237; x_wconf 84' lang='grc' dir='ltr'>ἐϐουλεύετο,</span> <span class='ocrx_word' id='word_1_986' title='bbox 3239 5170 3475 5242; x_wconf 84' lang='grc' dir='ltr'>κρύπτει</span> <span class='ocrx_word' id='word_1_987' title='bbox 3498 5173 3598 5244; x_wconf 78' lang='grc' dir='ltr'>τὴν</span> <span class='ocrx_word' id='word_1_988' title='bbox 3624 5173 3851 5244; x_wconf 75' lang='grc' dir='ltr'>δολερὰν</span> 
     </span>
    </p>
   </div>
   <div class='ocr_carea' id='block_1_116' title="bbox 2158 5258 3850 5336">
    <p class='ocr_par' dir='ltr' id='par_1_116' title="bbox 2158 5258 3850 5336">
     <span class='ocr_line' id='line_1_116' title="bbox 2158 5258 3850 5336; baseline 0.006 -24"><span class='ocrx_word' id='word_1_989' title='bbox 2158 5258 2407 5332; x_wconf 79' lang='grc' dir='ltr'>γνώμην.</span> <span class='ocrx_word' id='word_1_990' title='bbox 2446 5261 2557 5316; x_wconf 87' lang='lat' dir='ltr'>Kal</span> <span class='ocrx_word' id='word_1_991' title='bbox 2593 5261 2647 5314; x_wconf 90' lang='grc' dir='ltr'>τί</span> <span class='ocrx_word' id='word_1_992' title='bbox 2697 5279 2866 5335; x_wconf 85' lang='grc' dir='ltr'>φησι;</span> <span class='ocrx_word' id='word_1_993' title='bbox 2907 5263 3112 5334; x_wconf 83' lang='grc' dir='ltr'>Δεῦρο,</span> <span class='ocrx_word' id='word_1_994' title='bbox 3154 5265 3496 5336; x_wconf 76' lang='grc' dir='ltr'>ἐξέλθωμεν</span> <span class='ocrx_word' id='word_1_995' title='bbox 3525 5270 3614 5332; x_wconf 87' lang='grc' dir='ltr'>εἰς</span> <span class='ocrx_word' id='word_1_996' title='bbox 3641 5267 3709 5320; x_wconf 87' lang='grc' dir='ltr'>τὸ</span> <span class='ocrx_word' id='word_1_997' title='bbox 3746 5285 3850 5322; x_wconf 80' lang='grc' dir='ltr'>πε-</span> 
     </span>
    </p>
   </div>
   <div class='ocr_carea' id='block_1_117' title="bbox 2158 5354 3850 5435">
    <p class='ocr_par' dir='ltr' id='par_1_117' title="bbox 2158 5354 3850 5435">
     <span class='ocr_line' id='line_1_117' title="bbox 2158 5354 3850 5435; baseline 0.003 -24"><span class='ocrx_word' id='word_1_998' title='bbox 2158 5354 2312 5411; x_wconf 82' lang='grc' dir='ltr'>δίον.</span> <span class='ocrx_word' id='word_1_999' title='bbox 2342 5357 2571 5430; x_wconf 85' lang='grc' dir='ltr'>Ἕτερον</span> <span class='ocrx_word' id='word_1_1000' title='bbox 2599 5357 2658 5412; x_wconf 86' lang='grc' dir='ltr'>τὸ</span> <span class='ocrx_word' id='word_1_1001' title='bbox 2688 5359 2895 5431; x_wconf 84' lang='grc' dir='ltr'>σχῆμα,</span> <span class='ocrx_word' id='word_1_1002' title='bbox 2944 5361 3348 5434; x_wconf 80' lang='grc' dir='ltr'>φιλοφροσύνης</span> <span class='ocrx_word' id='word_1_1003' title='bbox 3383 5361 3490 5435; x_wconf 75' lang='grc' dir='ltr'>γάρ</span> <span class='ocrx_word' id='word_1_1004' title='bbox 3537 5364 3570 5432; x_wconf 79' lang='grc' dir='ltr'><strong>ὴ</strong></span> <span class='ocrx_word' id='word_1_1005' title='bbox 3615 5362 3850 5432; x_wconf 80' lang='grc' dir='ltr'>ὑπόκρι-</span> 
     </span>
    </p>
   </div>
   <div class='ocr_carea' id='block_1_118' title="bbox 2161 5455 3851 5531">
    <p class='ocr_par' dir='ltr' id='par_1_118' title="bbox 2161 5455 3851 5531">
     <span class='ocr_line' id='line_1_118' title="bbox 2161 5455 3851 5531; baseline 0.002 -22"><span class='ocrx_word' id='word_1_1006' title='bbox 2161 5471 2274 5520; x_wconf 89' lang='grc' dir='ltr'>σις·</span> <span class='ocrx_word' id='word_1_1007' title='bbox 2302 5455 2396 5511; x_wconf 81' lang='grc' dir='ltr'>καί</span> <span class='ocrx_word' id='word_1_1008' title='bbox 2424 5457 2485 5510; x_wconf 88' lang='grc' dir='ltr'>τὸ</span> <span class='ocrx_word' id='word_1_1009' title='bbox 2513 5457 2769 5530; x_wconf 84' lang='grc' dir='ltr'>φρόνημα</span> <span class='ocrx_word' id='word_1_1010' title='bbox 2798 5459 3008 5527; x_wconf 71' lang='grc' dir='ltr'>ἕτερον,</span> <span class='ocrx_word' id='word_1_1011' title='bbox 3056 5459 3474 5530; x_wconf 81' lang='grc' dir='ltr'>ἀδελφοκτονίας</span> <span class='ocrx_word' id='word_1_1012' title='bbox 3506 5459 3617 5530; x_wconf 84' lang='grc' dir='ltr'>γὰρ</span> <span class='ocrx_word' id='word_1_1013' title='bbox 3641 5461 3674 5531; x_wconf 78' lang='grc' dir='ltr'><strong>ἡ</strong></span> <span class='ocrx_word' id='word_1_1014' title='bbox 3706 5459 3851 5528; x_wconf 78' lang='grc' dir='ltr'>γνώο</span> 
     </span>
    </p>
   </div>
   <div class='ocr_carea' id='block_1_119' title="bbox 2163 5556 3850 5630">
    <p class='ocr_par' dir='ltr' id='par_1_119' title="bbox 2163 5556 3850 5630">
     <span class='ocr_line' id='line_1_119' title="bbox 2163 5556 3850 5630; baseline 0.001 -21"><span class='ocrx_word' id='word_1_1015' title='bbox 2163 5571 2261 5626; x_wconf 85' lang='grc' dir='ltr'>μη.</span> <span class='ocrx_word' id='word_1_1016' title='bbox 2293 5556 2488 5610; x_wconf 79' lang='grc' dir='ltr'>Καίτοι</span> <span class='ocrx_word' id='word_1_1017' title='bbox 2513 5557 2564 5610; x_wconf 85' lang='grc' dir='ltr'>εἰ</span> <span class='ocrx_word' id='word_1_1018' title='bbox 2595 5557 2672 5630; x_wconf 82' lang='grc' dir='ltr'>μὴ</span> <span class='ocrx_word' id='word_1_1019' title='bbox 2715 5557 2885 5615; x_wconf 84' lang='grc' dir='ltr'>κακὸν</span> <span class='ocrx_word' id='word_1_1020' title='bbox 2910 5557 3027 5629; x_wconf 74' lang='grc' dir='ltr'>ᾔδει</span> <span class='ocrx_word' id='word_1_1021' title='bbox 3069 5557 3130 5612; x_wconf 87' lang='grc' dir='ltr'>τὸ</span> <span class='ocrx_word' id='word_1_1022' title='bbox 3173 5557 3442 5627; x_wconf 86' lang='grc' dir='ltr'>βούλημα,</span> <span class='ocrx_word' id='word_1_1023' title='bbox 3487 5556 3633 5622; x_wconf 86' lang='grc' dir='ltr'>τίνος</span> <span class='ocrx_word' id='word_1_1024' title='bbox 3660 5559 3850 5612; x_wconf 73' lang='grc' dir='ltr'>ἕνεκεν</span> 
     </span>
    </p>
   </div>
   <div class='ocr_carea' id='block_1_120' title="bbox 2227 5785 3844 5850">
    <p class='ocr_par' dir='ltr' id='par_1_120' title="bbox 2227 5785 3844 5850">
     <span class='ocr_line' id='line_1_120' title="bbox 2227 5785 3844 5850; baseline 0.001 -18"><span class='ocrx_word' id='word_1_1025' title='bbox 2227 5785 2248 5812; x_wconf 65' lang='grc'>⁸⁵</span> <span class='ocrx_word' id='word_1_1026' title='bbox 2283 5785 2368 5850; x_wconf 75' lang='lat' dir='ltr'>Sic</span> <span class='ocrx_word' id='word_1_1027' title='bbox 2387 5785 2540 5836; x_wconf 72' lang='lat' dir='ltr'>Savil.</span> <span class='ocrx_word' id='word_1_1028' title='bbox 2564 5791 2616 5836; x_wconf 79' lang='lat' dir='ltr'><strong>et</strong></span> <span class='ocrx_word' id='word_1_1029' title='bbox 2637 5799 2810 5850; x_wconf 70' lang='lat' dir='ltr'>omnes</span> <span class='ocrx_word' id='word_1_1030' title='bbox 2833 5799 2965 5849; x_wconf 70' lang='lat' dir='ltr'>pene</span> <span class='ocrx_word' id='word_1_1031' title='bbox 2987 5799 3088 5836; x_wconf 87' lang='lat' dir='ltr'>mss</span> <span class='ocrx_word' id='word_1_1032' title='bbox 3113 5823 3127 5849; x_wconf 90' lang='lat'><strong><em>,</em></strong></span> <span class='ocrx_word' id='word_1_1033' title='bbox 3152 5794 3302 5849; x_wconf 84' lang='lat' dir='ltr'><strong><em>alque</em></strong></span> <span class='ocrx_word' id='word_1_1034' title='bbox 3327 5785 3392 5838; x_wconf 81' lang='lat' dir='ltr'><strong><em>ila</em></strong></span> <span class='ocrx_word' id='word_1_1035' title='bbox 3425 5788 3549 5850; x_wconf 79' lang='lat' dir='ltr'>legit</span> <span class='ocrx_word' id='word_1_1036' title='bbox 3571 5786 3844 5848; x_wconf 77' lang='lat' dir='ltr'>interpres.</span> 
     </span>
    </p>
   </div>
   <div class='ocr_carea' id='block_1_121' title="bbox 2161 5843 2864 5912">
    <p class='ocr_par' dir='ltr' id='par_1_121' title="bbox 2161 5843 2864 5912">
     <span class='ocr_line' id='line_1_121' title="bbox 2161 5843 2864 5912; baseline -0.001 -16"><span class='ocrx_word' id='word_1_1037' title='bbox 2161 5843 2338 5912; x_wconf 59' lang='lat' dir='ltr'>Mat-gl.</span> <span class='ocrx_word' id='word_1_1038' title='bbox 2367 5860 2487 5912; x_wconf 66' lang='grc' dir='ltr'>νει-ο</span> <span class='ocrx_word' id='word_1_1039' title='bbox 2504 5850 2590 5906; x_wconf 86' lang='grc' dir='ltr'>τήν</span> <span class='ocrx_word' id='word_1_1040' title='bbox 2613 5843 2864 5912; x_wconf 70' lang='grc' dir='ltr'>ἀμαρτίαν.</span> 
     </span>
    </p>
   </div>
   <div class='ocr_carea' id='block_1_122' title="bbox 2158 5905 3844 6034">
    <p class='ocr_par' dir='ltr' id='par_1_122' title="bbox 2158 5905 3844 6034">
     <span class='ocr_line' id='line_1_122' title="bbox 2163 5905 3844 6028; baseline -0.01 -55"><span class='ocrx_word' id='word_1_1041' title='bbox 2163 5975 2184 5990; x_wconf 45' lang='grc' dir='ltr'><strong>ν</strong></span> <span class='ocrx_word' id='word_1_1042' title='bbox 2223 5907 2422 6028; x_wconf 57' lang='grc' dir='ltr'>δήδθτξι·</span> <span class='ocrx_word' id='word_1_1043' title='bbox 2449 5916 2502 5959; x_wconf 58' lang='grc' dir='ltr'>εἴ</span> <span class='ocrx_word' id='word_1_1044' title='bbox 2521 5905 2860 5972; x_wconf 69' lang='grc' dir='ltr'>ειιιίιίέιωίωεο</span> <span class='ocrx_word' id='word_1_1045' title='bbox 2881 5910 2961 5976; x_wconf 73' lang='grc' dir='ltr'>ἀφ’</span> <span class='ocrx_word' id='word_1_1046' title='bbox 2980 5911 3037 5972; x_wconf 77' lang='grc' dir='ltr'>ἧς</span> <span class='ocrx_word' id='word_1_1047' title='bbox 3053 5914 3085 5971; x_wconf 79' lang='grc' dir='ltr'><strong>ἡ</strong></span> <span class='ocrx_word' id='word_1_1048' title='bbox 3103 5915 3360 5979; x_wconf 66' lang='grc' dir='ltr'>Ῥῦμνωσες.</span> <span class='ocrx_word' id='word_1_1049' title='bbox 3386 5910 3559 5963; x_wconf 63' lang='lat' dir='ltr'>Morel.</span> <span class='ocrx_word' id='word_1_1050' title='bbox 3584 5913 3635 5961; x_wconf 75' lang='lat' dir='ltr'><strong>et</strong></span> <span class='ocrx_word' id='word_1_1051' title='bbox 3659 5905 3742 5959; x_wconf 67' lang='lat' dir='ltr'><strong><em>alii</em></strong></span> <span class='ocrx_word' id='word_1_1052' title='bbox 3765 5907 3844 5968; x_wconf 70' lang='grc' dir='ltr'>ἀφ’</span> 
     </span>
     <span class='ocr_line' id='line_1_123' title="bbox 2158 5985 2484 6034; baseline -0.003 -15"><span class='ocrx_word' id='word_1_1053' title='bbox 2158 5985 2222 6034; x_wconf 76' lang='grc' dir='ltr'>ης</span> <span class='ocrx_word' id='word_1_1054' title='bbox 2297 5986 2484 6034; x_wconf 76' lang='grc' dir='ltr'>γνωσις.</span> 
     </span>
    </p>
   </div>
  </div>
