  <div class='ocr_page' id='page_1' title='image "/cluster/home/n/w/nwhite01/storage/ocr_20150623/49:no.2:pt.1/coo.31924054869486/135.png"; bbox 0 0 4068 6434; ppageno 0'>
   <div class='ocr_carea' id='block_1_1' title="bbox 345 316 452 372">
    <p class='ocr_par' dir='ltr' id='par_1_1' title="bbox 345 316 452 372">
     <span class='ocr_line' id='line_1_1' title="bbox 345 316 452 372; baseline -0.019 0"><span class='ocrx_word' id='word_1_1' title='bbox 345 316 452 372; x_wconf 75' lang='grc'>153</span> 
     </span>
    </p>
   </div>
   <div class='ocr_carea' id='block_1_2' title="bbox 341 428 2013 500">
    <p class='ocr_par' dir='ltr' id='par_1_2' title="bbox 341 428 2013 500">
     <span class='ocr_line' id='line_1_2' title="bbox 341 428 2013 500; baseline 0.002 -17"><span class='ocrx_word' id='word_1_2' title='bbox 341 429 475 484; x_wconf 64' lang='grc' dir='ltr'>αὐτὸ</span> <span class='ocrx_word' id='word_1_3' title='bbox 506 428 826 494; x_wconf 75' lang='grc' dir='ltr'>συνεσκίαςε</span> <span class='ocrx_word' id='word_1_4' title='bbox 854 446 867 495; x_wconf 91' lang='grc'>;</span> <span class='ocrx_word' id='word_1_5' title='bbox 903 430 1011 482; x_wconf 77' lang='grc' dir='ltr'>Καὶ</span> <span class='ocrx_word' id='word_1_6' title='bbox 1042 430 1181 499; x_wconf 87' lang='grc' dir='ltr'>μετά</span> <span class='ocrx_word' id='word_1_7' title='bbox 1212 430 1273 482; x_wconf 79' lang='grc' dir='ltr'>τὸ</span> <span class='ocrx_word' id='word_1_8' title='bbox 1295 430 1547 498; x_wconf 86' lang='grc' dir='ltr'>γενέσθαι</span> <span class='ocrx_word' id='word_1_9' title='bbox 1581 431 1672 485; x_wconf 88' lang='grc' dir='ltr'>τὸν</span> <span class='ocrx_word' id='word_1_10' title='bbox 1698 431 1879 500; x_wconf 80' lang='grc' dir='ltr'>φόνον,</span> <span class='ocrx_word' id='word_1_11' title='bbox 1912 430 2013 487; x_wconf 77' lang='grc' dir='ltr'>πά-</span> 
     </span>
    </p>
   </div>
   <div class='ocr_carea' id='block_1_3' title="bbox 339 518 2010 591">
    <p class='ocr_par' dir='ltr' id='par_1_3' title="bbox 339 518 2010 591">
     <span class='ocr_line' id='line_1_3' title="bbox 339 518 2010 591; baseline 0 -18"><span class='ocrx_word' id='word_1_12' title='bbox 339 521 422 573; x_wconf 82' lang='grc' dir='ltr'>λιν</span> <span class='ocrx_word' id='word_1_13' title='bbox 455 519 804 591; x_wconf 79' lang='grc' dir='ltr'>ἐρωτώμενος</span> <span class='ocrx_word' id='word_1_14' title='bbox 839 520 941 572; x_wconf 72' lang='grc' dir='ltr'>ὑπὸ</span> <span class='ocrx_word' id='word_1_15' title='bbox 970 518 1061 571; x_wconf 88' lang='grc' dir='ltr'>τοῦ</span> <span class='ocrx_word' id='word_1_16' title='bbox 1107 520 1262 583; x_wconf 87' lang='grc' dir='ltr'>Θεοῦ,</span> <span class='ocrx_word' id='word_1_17' title='bbox 1318 519 1440 574; x_wconf 85' lang='grc' dir='ltr'>Ποῦ</span> <span class='ocrx_word' id='word_1_18' title='bbox 1479 522 1649 574; x_wconf 79' lang='grc' dir='ltr'>Ἅϐελ</span> <span class='ocrx_word' id='word_1_19' title='bbox 1687 524 1719 574; x_wconf 86' lang='grc' dir='ltr'>ό</span> <span class='ocrx_word' id='word_1_20' title='bbox 1749 520 2010 588; x_wconf 60' lang='grc' dir='ltr'>ἀδελφός</span> 
     </span>
    </p>
   </div>
   <div class='ocr_carea' id='block_1_4' title="bbox 339 602 2011 677">
    <p class='ocr_par' dir='ltr' id='par_1_4' title="bbox 339 602 2011 677">
     <span class='ocr_line' id='line_1_4' title="bbox 339 602 2011 677; baseline 0.001 -18"><span class='ocrx_word' id='word_1_21' title='bbox 339 623 496 673; x_wconf 73' lang='grc' dir='ltr'>σονς</span> <span class='ocrx_word' id='word_1_22' title='bbox 527 607 689 677; x_wconf 83' lang='grc' dir='ltr'>φησίν</span> <span class='ocrx_word' id='word_1_23' title='bbox 709 623 721 636; x_wconf 90' lang='grc'><strong>·</strong></span> <span class='ocrx_word' id='word_1_24' title='bbox 757 608 877 659; x_wconf 78' lang='grc' dir='ltr'>Οὐκ</span> <span class='ocrx_word' id='word_1_25' title='bbox 909 602 1039 659; x_wconf 81' lang='grc' dir='ltr'>οῖδα</span> <span class='ocrx_word' id='word_1_26' title='bbox 1059 622 1073 635; x_wconf 89' lang='grc'><strong>·</strong></span> <span class='ocrx_word' id='word_1_27' title='bbox 1103 604 1189 674; x_wconf 70' lang='grc' dir='ltr'>μὴ</span> <span class='ocrx_word' id='word_1_28' title='bbox 1218 607 1422 674; x_wconf 59' lang='grc' dir='ltr'><em>φύλαξ</em></span> <span class='ocrx_word' id='word_1_29' title='bbox 1454 608 1560 660; x_wconf 85' lang='grc' dir='ltr'>τοῦ</span> <span class='ocrx_word' id='word_1_30' title='bbox 1597 607 1865 675; x_wconf 62' lang='grc' dir='ltr'>ἀδελφοῦ</span> <span class='ocrx_word' id='word_1_31' title='bbox 1888 625 2011 676; x_wconf 87' lang='grc' dir='ltr'>μου</span> 
     </span>
    </p>
   </div>
   <div class='ocr_carea' id='block_1_5' title="bbox 336 693 2012 765">
    <p class='ocr_par' dir='ltr' id='par_1_5' title="bbox 336 693 2012 765">
     <span class='ocr_line' id='line_1_5' title="bbox 336 693 2012 765; baseline -0.002 -16"><span class='ocrx_word' id='word_1_32' title='bbox 336 696 450 765; x_wconf 67' lang='grc' dir='ltr'>ειμι</span> <span class='ocrx_word' id='word_1_33' title='bbox 486 695 637 764; x_wconf 74' lang='grc' dir='ltr'>ἐγ·ώ;</span> <span class='ocrx_word' id='word_1_34' title='bbox 665 695 819 756; x_wconf 80' lang='grc' dir='ltr'>Τίνος</span> <span class='ocrx_word' id='word_1_35' title='bbox 854 693 960 763; x_wconf 67' lang='grc' dir='ltr'>γὰρ</span> <span class='ocrx_word' id='word_1_36' title='bbox 990 693 1174 746; x_wconf 79' lang='grc' dir='ltr'>ἐνεκεν</span> <span class='ocrx_word' id='word_1_37' title='bbox 1211 696 1491 765; x_wconf 76' lang='grc' dir='ltr'>ἀρνεῖταις</span> <span class='ocrx_word' id='word_1_38' title='bbox 1521 695 1621 747; x_wconf 82' lang='grc' dir='ltr'>οὐκ</span> <span class='ocrx_word' id='word_1_39' title='bbox 1667 693 1888 763; x_wconf 70' lang='grc' dir='ltr'>εὔδηλον</span> <span class='ocrx_word' id='word_1_40' title='bbox 1930 694 2012 747; x_wconf 82' lang='grc' dir='ltr'>ὅτι</span> 
     </span>
    </p>
   </div>
   <div class='ocr_carea' id='block_1_6' title="bbox 338 779 2011 851">
    <p class='ocr_par' dir='ltr' id='par_1_6' title="bbox 338 779 2011 851">
     <span class='ocr_line' id='line_1_6' title="bbox 338 779 2011 851; baseline -0.002 -17"><span class='ocrx_word' id='word_1_41' title='bbox 338 780 762 847; x_wconf 75' lang='grc' dir='ltr'>καταγινώσκων</span> <span class='ocrx_word' id='word_1_42' title='bbox 810 780 1011 850; x_wconf 70' lang='grc' dir='ltr'>σφόδρα</span> <span class='ocrx_word' id='word_1_43' title='bbox 1063 781 1296 843; x_wconf 86' lang='grc' dir='ltr'>ἐαυτοῦ;</span> <span class='ocrx_word' id='word_1_44' title='bbox 1336 782 1546 851; x_wconf 80' lang='grc' dir='ltr'>Ὥσπερ</span> <span class='ocrx_word' id='word_1_45' title='bbox 1592 779 1701 849; x_wconf 77' lang='grc' dir='ltr'>γὰρ</span> <span class='ocrx_word' id='word_1_46' title='bbox 1752 780 1780 831; x_wconf 88' lang='lat'>6</span> <span class='ocrx_word' id='word_1_47' title='bbox 1830 780 2011 850; x_wconf 72' lang='grc' dir='ltr'>πατὴρ</span> 
     </span>
    </p>
   </div>
   <div class='ocr_carea' id='block_1_7' title="bbox 336 863 2010 937">
    <p class='ocr_par' dir='ltr' id='par_1_7' title="bbox 336 863 2010 937">
     <span class='ocr_line' id='line_1_7' title="bbox 336 863 2010 937; baseline -0.001 -16"><span class='ocrx_word' id='word_1_48' title='bbox 336 868 504 922; x_wconf 78' lang='grc' dir='ltr'>αὐτοῦ</span> <span class='ocrx_word' id='word_1_49' title='bbox 551 866 778 937; x_wconf 80' lang='grc' dir='ltr'>ἐκρύϐη,</span> <span class='ocrx_word' id='word_1_50' title='bbox 827 866 969 919; x_wconf 72' lang='grc' dir='ltr'>οὕτω</span> <span class='ocrx_word' id='word_1_51' title='bbox 1008 868 1098 920; x_wconf 74' lang='grc' dir='ltr'>καὶ</span> <span class='ocrx_word' id='word_1_52' title='bbox 1141 863 1294 929; x_wconf 72' lang='grc' dir='ltr'>οὗτος</span> <span class='ocrx_word' id='word_1_53' title='bbox 1328 870 1597 937; x_wconf 88' lang='grc' dir='ltr'>ἀρνεῖται·</span> <span class='ocrx_word' id='word_1_54' title='bbox 1631 867 1724 919; x_wconf 71' lang='grc' dir='ltr'>καὶ</span> <span class='ocrx_word' id='word_1_55' title='bbox 1757 868 1892 937; x_wconf 84' lang='grc' dir='ltr'>μετά</span> <span class='ocrx_word' id='word_1_56' title='bbox 1922 867 2010 920; x_wconf 84' lang='grc' dir='ltr'>τὸν</span> 
     </span>
    </p>
   </div>
   <div class='ocr_carea' id='block_1_8' title="bbox 336 951 2010 1022">
    <p class='ocr_par' dir='ltr' id='par_1_8' title="bbox 336 951 2010 1022">
     <span class='ocr_line' id='line_1_8' title="bbox 336 951 2010 1022; baseline -0.001 -17"><span class='ocrx_word' id='word_1_57' title='bbox 336 953 554 1022; x_wconf 77' lang='grc' dir='ltr'>ἔλεγχον</span> <span class='ocrx_word' id='word_1_58' title='bbox 591 952 749 1004; x_wconf 86' lang='grc' dir='ltr'>πάλιν</span> <span class='ocrx_word' id='word_1_59' title='bbox 789 952 950 1021; x_wconf 85' lang='grc' dir='ltr'>φησί·</span> <span class='ocrx_word' id='word_1_60' title='bbox 987 952 1210 1012; x_wconf 78' lang='grc' dir='ltr'>Μείζων</span> <span class='ocrx_word' id='word_1_61' title='bbox 1240 955 1276 1019; x_wconf 76' lang='grc' dir='ltr'>ἡ</span> <span class='ocrx_word' id='word_1_62' title='bbox 1305 954 1463 1005; x_wconf 78' lang='grc' dir='ltr'>αἰτία</span> <span class='ocrx_word' id='word_1_63' title='bbox 1491 971 1611 1021; x_wconf 88' lang='grc' dir='ltr'>μου</span> <span class='ocrx_word' id='word_1_64' title='bbox 1653 953 1757 1005; x_wconf 88' lang='grc' dir='ltr'>τοῦ</span> <span class='ocrx_word' id='word_1_65' title='bbox 1789 951 2010 1020; x_wconf 56' lang='grc' dir='ltr'>ἀφεθῆ-</span> 
     </span>
    </p>
   </div>
   <div class='ocr_carea' id='block_1_9' title="bbox 334 1035 2007 1110">
    <p class='ocr_par' dir='ltr' id='par_1_9' title="bbox 334 1035 2007 1110">
     <span class='ocr_line' id='line_1_9' title="bbox 334 1035 2007 1110; baseline -0.002 -16"><span class='ocrx_word' id='word_1_66' title='bbox 334 1041 435 1094; x_wconf 82' lang='grc' dir='ltr'>ναί</span> <span class='ocrx_word' id='word_1_67' title='bbox 463 1056 558 1108; x_wconf 83' lang='grc' dir='ltr'>με.</span> <span class='ocrx_word' id='word_1_68' title='bbox 599 1039 734 1093; x_wconf 84' lang='grc' dir='ltr'>Ἀλλ’</span> <span class='ocrx_word' id='word_1_69' title='bbox 766 1042 795 1093; x_wconf 90' lang='lat'>6</span> <span class='ocrx_word' id='word_1_70' title='bbox 831 1038 1031 1110; x_wconf 84' lang='grc' dir='ltr'>Ἕλλην</span> <span class='ocrx_word' id='word_1_71' title='bbox 1069 1040 1167 1092; x_wconf 79' lang='grc' dir='ltr'>οῦκ</span> <span class='ocrx_word' id='word_1_72' title='bbox 1206 1040 1453 1109; x_wconf 78' lang='grc' dir='ltr'>ἀνέχεται</span> <span class='ocrx_word' id='word_1_73' title='bbox 1487 1040 1710 1093; x_wconf 86' lang='grc' dir='ltr'>τούτων.</span> <span class='ocrx_word' id='word_1_74' title='bbox 1750 1041 1885 1110; x_wconf 78' lang='grc' dir='ltr'>Φέρε</span> <span class='ocrx_word' id='word_1_75' title='bbox 1916 1035 2007 1093; x_wconf 78' lang='grc' dir='ltr'>οῦν</span> 
     </span>
    </p>
   </div>
   <div class='ocr_carea' id='block_1_10' title="bbox 332 1126 2009 1198">
    <p class='ocr_par' dir='ltr' id='par_1_10' title="bbox 332 1126 2009 1198">
     <span class='ocr_line' id='line_1_10' title="bbox 332 1126 2009 1198; baseline -0.002 -17"><span class='ocrx_word' id='word_1_76' title='bbox 332 1128 428 1181; x_wconf 79' lang='grc' dir='ltr'>καὶ</span> <span class='ocrx_word' id='word_1_77' title='bbox 456 1127 587 1198; x_wconf 86' lang='grc' dir='ltr'>πρὸς</span> <span class='ocrx_word' id='word_1_78' title='bbox 608 1128 811 1180; x_wconf 82' lang='grc' dir='ltr'>ἐκεῖνον</span> <span class='ocrx_word' id='word_1_79' title='bbox 840 1126 1227 1196; x_wconf 77' lang='grc' dir='ltr'>διαλεχθῶμεν,</span> <span class='ocrx_word' id='word_1_80' title='bbox 1251 1130 1341 1180; x_wconf 79' lang='grc' dir='ltr'>καὶ</span> <span class='ocrx_word' id='word_1_81' title='bbox 1370 1129 1506 1198; x_wconf 85' lang='grc' dir='ltr'>ὅπερ</span> <span class='ocrx_word' id='word_1_82' title='bbox 1537 1129 1625 1180; x_wconf 74' lang='grc' dir='ltr'>ἐπὶ</span> <span class='ocrx_word' id='word_1_83' title='bbox 1651 1128 1749 1197; x_wconf 79' lang='grc' dir='ltr'>τῆς</span> <span class='ocrx_word' id='word_1_84' title='bbox 1779 1127 2009 1189; x_wconf 79' lang='grc' dir='ltr'>κτίσεως</span> 
     </span>
    </p>
   </div>
   <div class='ocr_carea' id='block_1_11' title="bbox 330 1213 2007 1284">
    <p class='ocr_par' dir='ltr' id='par_1_11' title="bbox 330 1213 2007 1284">
     <span class='ocr_line' id='line_1_11' title="bbox 330 1213 2007 1284; baseline 0.002 -21"><span class='ocrx_word' id='word_1_85' title='bbox 330 1213 688 1284; x_wconf 69' lang='grc' dir='ltr'>ἐποιήσαμεν,</span> <span class='ocrx_word' id='word_1_86' title='bbox 720 1214 819 1265; x_wconf 78' lang='grc' dir='ltr'>οὐκ</span> <span class='ocrx_word' id='word_1_87' title='bbox 844 1215 951 1267; x_wconf 88' lang='grc' dir='ltr'>ἀπὸ</span> <span class='ocrx_word' id='word_1_88' title='bbox 984 1214 1092 1266; x_wconf 89' lang='grc' dir='ltr'>τῶν</span> <span class='ocrx_word' id='word_1_89' title='bbox 1140 1214 1368 1284; x_wconf 73' lang='grc' dir='ltr'>Γραφῶν</span> <span class='ocrx_word' id='word_1_90' title='bbox 1399 1216 1575 1284; x_wconf 82' lang='grc' dir='ltr'>μόνον,</span> <span class='ocrx_word' id='word_1_91' title='bbox 1606 1215 1739 1268; x_wconf 87' lang='grc' dir='ltr'>ἀλλά</span> <span class='ocrx_word' id='word_1_92' title='bbox 1769 1214 1864 1267; x_wconf 68' lang='grc' dir='ltr'>καὶ</span> <span class='ocrx_word' id='word_1_93' title='bbox 1901 1214 2007 1266; x_wconf 88' lang='grc' dir='ltr'>ἀπὸ</span> 
     </span>
    </p>
   </div>
   <div class='ocr_carea' id='block_1_12' title="bbox 330 1297 2008 1370">
    <p class='ocr_par' dir='ltr' id='par_1_12' title="bbox 330 1297 2008 1370">
     <span class='ocr_line' id='line_1_12' title="bbox 330 1297 2008 1370; baseline 0 -19"><span class='ocrx_word' id='word_1_94' title='bbox 330 1297 604 1368; x_wconf 82' lang='grc' dir='ltr'>λογισμῶν</span> <span class='ocrx_word' id='word_1_95' title='bbox 635 1301 759 1362; x_wconf 83' lang='grc' dir='ltr'>τοὺς</span> <span class='ocrx_word' id='word_1_96' title='bbox 796 1299 930 1369; x_wconf 81' lang='grc' dir='ltr'>πρὸς</span> <span class='ocrx_word' id='word_1_97' title='bbox 958 1300 1198 1363; x_wconf 81' lang='grc' dir='ltr'>ἐκείνους</span> <span class='ocrx_word' id='word_1_98' title='bbox 1235 1302 1554 1370; x_wconf 76' lang='grc' dir='ltr'>κινήσαντες</span> <span class='ocrx_word' id='word_1_99' title='bbox 1583 1300 1818 1367; x_wconf 85' lang='grc' dir='ltr'>ἀγῶνας,</span> <span class='ocrx_word' id='word_1_100' title='bbox 1851 1298 2008 1351; x_wconf 84' lang='grc' dir='ltr'>τοῦτο</span> 
     </span>
    </p>
   </div>
   <div class='ocr_carea' id='block_1_13' title="bbox 328 1386 2008 1458">
    <p class='ocr_par' dir='ltr' id='par_1_13' title="bbox 328 1386 2008 1458">
     <span class='ocr_line' id='line_1_13' title="bbox 328 1386 2008 1458; baseline 0 -20"><span class='ocrx_word' id='word_1_101' title='bbox 328 1388 427 1439; x_wconf 70' lang='grc' dir='ltr'>καὶ</span> <span class='ocrx_word' id='word_1_102' title='bbox 456 1388 548 1440; x_wconf 68' lang='grc' dir='ltr'>ἐπὶ</span> <span class='ocrx_word' id='word_1_103' title='bbox 574 1386 668 1440; x_wconf 86' lang='grc' dir='ltr'>τοῦ</span> <span class='ocrx_word' id='word_1_104' title='bbox 699 1387 996 1451; x_wconf 74' lang='grc' dir='ltr'>συνειδότος</span> <span class='ocrx_word' id='word_1_105' title='bbox 1022 1388 1263 1457; x_wconf 86' lang='grc' dir='ltr'>ποιῶμεν</span> <span class='ocrx_word' id='word_1_106' title='bbox 1291 1388 1386 1440; x_wconf 87' lang='grc' dir='ltr'>νῦν</span> <span class='ocrx_word' id='word_1_107' title='bbox 1406 1404 1419 1418; x_wconf 89' lang='grc'>·</span> <span class='ocrx_word' id='word_1_108' title='bbox 1452 1389 1546 1441; x_wconf 79' lang='grc' dir='ltr'>καὶ</span> <span class='ocrx_word' id='word_1_109' title='bbox 1586 1389 1695 1458; x_wconf 80' lang='grc' dir='ltr'>γὰρ</span> <span class='ocrx_word' id='word_1_110' title='bbox 1729 1388 1823 1440; x_wconf 77' lang='grc' dir='ltr'>καὶ</span> <span class='ocrx_word' id='word_1_111' title='bbox 1851 1386 2008 1438; x_wconf 91' lang='grc' dir='ltr'>τοῦτο</span> 
     </span>
    </p>
   </div>
   <div class='ocr_carea' id='block_1_14' title="bbox 326 1472 2006 1545">
    <p class='ocr_par' dir='ltr' id='par_1_14' title="bbox 326 1472 2006 1545">
     <span class='ocr_line' id='line_1_14' title="bbox 326 1472 2006 1545; baseline -0.001 -20"><span class='ocrx_word' id='word_1_112' title='bbox 326 1472 389 1526; x_wconf 88' lang='grc' dir='ltr'>τὸ</span> <span class='ocrx_word' id='word_1_113' title='bbox 423 1474 713 1544; x_wconf 76' lang='grc' dir='ltr'>κεφάλαιον</span> <span class='ocrx_word' id='word_1_114' title='bbox 737 1477 765 1528; x_wconf 90' lang='grc' dir='ltr'>ὁ</span> <span class='ocrx_word' id='word_1_115' title='bbox 790 1475 995 1538; x_wconf 80' lang='grc' dir='ltr'>Παῦλος</span> <span class='ocrx_word' id='word_1_116' title='bbox 1023 1475 1241 1545; x_wconf 80' lang='grc' dir='ltr'>ἐκίνησε</span> <span class='ocrx_word' id='word_1_117' title='bbox 1262 1475 1398 1545; x_wconf 86' lang='grc' dir='ltr'>πρὸς</span> <span class='ocrx_word' id='word_1_118' title='bbox 1422 1474 1658 1538; x_wconf 80' lang='grc' dir='ltr'>ἐκείνους</span> <span class='ocrx_word' id='word_1_119' title='bbox 1682 1474 2006 1543; x_wconf 71' lang='grc' dir='ltr'>ἀγωνιζόμε-</span> 
     </span>
    </p>
   </div>
   <div class='ocr_carea' id='block_1_15' title="bbox 328 1558 2003 1633">
    <p class='ocr_par' dir='ltr' id='par_1_15' title="bbox 328 1558 2003 1633">
     <span class='ocr_line' id='line_1_15' title="bbox 328 1558 2003 1633; baseline 0.001 -20"><span class='ocrx_word' id='word_1_120' title='bbox 328 1577 439 1624; x_wconf 85' lang='grc' dir='ltr'>νος.</span> <span class='ocrx_word' id='word_1_121' title='bbox 469 1562 532 1612; x_wconf 82' lang='grc' dir='ltr'>Τί</span> <span class='ocrx_word' id='word_1_122' title='bbox 549 1561 668 1614; x_wconf 84' lang='grc' dir='ltr'>ποτ’</span> <span class='ocrx_word' id='word_1_123' title='bbox 683 1558 776 1615; x_wconf 82' lang='grc' dir='ltr'>οὖν</span> <span class='ocrx_word' id='word_1_124' title='bbox 802 1564 946 1615; x_wconf 80' lang='grc' dir='ltr'>ἐστιν</span> <span class='ocrx_word' id='word_1_125' title='bbox 965 1563 993 1615; x_wconf 86' lang='grc' dir='ltr'><strong>ὃ</strong></span> <span class='ocrx_word' id='word_1_126' title='bbox 1007 1562 1271 1631; x_wconf 79' lang='grc' dir='ltr'>λέγουσινς</span> <span class='ocrx_word' id='word_1_127' title='bbox 1291 1564 1403 1616; x_wconf 83' lang='grc' dir='ltr'>Οὐκ</span> <span class='ocrx_word' id='word_1_128' title='bbox 1430 1562 1574 1615; x_wconf 77' lang='grc' dir='ltr'>ἐστιν</span> <span class='ocrx_word' id='word_1_129' title='bbox 1591 1563 1721 1633; x_wconf 89' lang='grc' dir='ltr'>ήμῖν</span> <span class='ocrx_word' id='word_1_130' title='bbox 1736 1561 2003 1614; x_wconf 77' lang='grc' dir='ltr'>αὐτοδίδα-</span> 
     </span>
    </p>
   </div>
   <div class='ocr_carea' id='block_1_16' title="bbox 328 1635 2004 1722">
    <p class='ocr_par' dir='ltr' id='par_1_16' title="bbox 328 1635 2004 1722">
     <span class='ocr_line' id='line_1_16' title="bbox 328 1635 2004 1722; baseline 0.001 -22"><span class='ocrx_word' id='word_1_131' title='bbox 328 1665 456 1711; x_wconf 87' lang='grc' dir='ltr'>κτος</span> <span class='ocrx_word' id='word_1_132' title='bbox 480 1649 643 1720; x_wconf 88' lang='grc' dir='ltr'>νόμος</span> <span class='ocrx_word' id='word_1_133' title='bbox 662 1652 719 1703; x_wconf 87' lang='grc' dir='ltr'>ἐν</span> <span class='ocrx_word' id='word_1_134' title='bbox 743 1650 820 1721; x_wconf 84' lang='grc' dir='ltr'>τῷ</span> <span class='ocrx_word' id='word_1_135' title='bbox 844 1651 1121 1713; x_wconf 83' lang='grc' dir='ltr'>συνειδότι,</span> <span class='ocrx_word' id='word_1_136' title='bbox 1146 1652 1298 1722; x_wconf 78' lang='grc' dir='ltr'>φησὶ,</span> <span class='ocrx_word' id='word_1_137' title='bbox 1324 1651 1592 1721; x_wconf 80' lang='grc' dir='ltr'>κείμενος,</span> <span class='ocrx_word' id='word_1_138' title='bbox 1609 1635 1729 1703; x_wconf 76' lang='grc' dir='ltr'>οῦδέ</span> <span class='ocrx_word' id='word_1_139' title='bbox 1752 1650 1818 1719; x_wconf 81' lang='grc' dir='ltr'>τῇ</span> <span class='ocrx_word' id='word_1_140' title='bbox 1844 1648 2004 1719; x_wconf 84' lang='grc' dir='ltr'>φύσει</span> 
     </span>
    </p>
   </div>
   <div class='ocr_carea' id='block_1_17' title="bbox 325 1734 2004 1809">
    <p class='ocr_par' dir='ltr' id='par_1_17' title="bbox 325 1734 2004 1809">
     <span class='ocr_line' id='line_1_17' title="bbox 325 1734 2004 1809; baseline 0.001 -21"><span class='ocrx_word' id='word_1_141' title='bbox 325 1735 485 1789; x_wconf 85' lang='grc' dir='ltr'>τοῦτο</span> <span class='ocrx_word' id='word_1_142' title='bbox 517 1738 884 1809; x_wconf 83' lang='grc' dir='ltr'>ἐγκατέθηκεν</span> <span class='ocrx_word' id='word_1_143' title='bbox 924 1741 953 1792; x_wconf 98' lang='lat'>6</span> <span class='ocrx_word' id='word_1_144' title='bbox 983 1738 1134 1802; x_wconf 81' lang='grc' dir='ltr'>Θεός.</span> <span class='ocrx_word' id='word_1_145' title='bbox 1177 1738 1347 1792; x_wconf 85' lang='grc' dir='ltr'>Πόθεν</span> <span class='ocrx_word' id='word_1_146' title='bbox 1378 1734 1492 1802; x_wconf 80' lang='grc' dir='ltr'>οὖν,</span> <span class='ocrx_word' id='word_1_147' title='bbox 1533 1737 1655 1791; x_wconf 79' lang='grc' dir='ltr'>εἰπέ</span> <span class='ocrx_word' id='word_1_148' title='bbox 1692 1754 1802 1807; x_wconf 89' lang='grc' dir='ltr'>μοι,</span> <span class='ocrx_word' id='word_1_149' title='bbox 1841 1737 2004 1790; x_wconf 86' lang='grc' dir='ltr'>πόθεν</span> 
     </span>
    </p>
   </div>
   <div class='ocr_carea' id='block_1_18' title="bbox 327 1824 2004 1897">
    <p class='ocr_par' dir='ltr' id='par_1_18' title="bbox 327 1824 2004 1897">
     <span class='ocr_line' id='line_1_18' title="bbox 327 1824 2004 1897; baseline 0.002 -22"><span class='ocrx_word' id='word_1_150' title='bbox 327 1824 457 1893; x_wconf 76' lang='grc' dir='ltr'>περὶ</span> <span class='ocrx_word' id='word_1_151' title='bbox 484 1826 697 1895; x_wconf 85' lang='grc' dir='ltr'>γάμων,</span> <span class='ocrx_word' id='word_1_152' title='bbox 732 1827 857 1897; x_wconf 73' lang='grc' dir='ltr'>περὶ</span> <span class='ocrx_word' id='word_1_153' title='bbox 884 1826 1078 1894; x_wconf 82' lang='grc' dir='ltr'>φόνων,</span> <span class='ocrx_word' id='word_1_154' title='bbox 1111 1826 1239 1896; x_wconf 80' lang='grc' dir='ltr'>περὶ</span> <span class='ocrx_word' id='word_1_155' title='bbox 1265 1825 1557 1896; x_wconf 83' lang='grc' dir='ltr'>διαθηκῶν,</span> <span class='ocrx_word' id='word_1_156' title='bbox 1592 1825 1719 1896; x_wconf 66' lang='grc' dir='ltr'>περὶ¹</span> <span class='ocrx_word' id='word_1_157' title='bbox 1752 1842 2004 1896; x_wconf 88' lang='grc' dir='ltr'>παρακα-</span> 
     </span>
    </p>
   </div>
   <div class='ocr_carea' id='block_1_19' title="bbox 322 1911 2003 1983">
    <p class='ocr_par' dir='ltr' id='par_1_19' title="bbox 322 1911 2003 1983">
     <span class='ocr_line' id='line_1_19' title="bbox 322 1911 2003 1983; baseline 0 -20"><span class='ocrx_word' id='word_1_158' title='bbox 322 1911 600 1979; x_wconf 83' lang='grc' dir='ltr'>ταθηκῶν,</span> <span class='ocrx_word' id='word_1_159' title='bbox 629 1913 756 1982; x_wconf 79' lang='grc' dir='ltr'>περὶ</span> <span class='ocrx_word' id='word_1_160' title='bbox 788 1912 879 1965; x_wconf 89' lang='grc' dir='ltr'>τοῦ</span> <span class='ocrx_word' id='word_1_161' title='bbox 919 1911 992 1983; x_wconf 73' lang='grc' dir='ltr'>μὴ</span> <span class='ocrx_word' id='word_1_162' title='bbox 1029 1912 1367 1965; x_wconf 83' lang='grc' dir='ltr'>πλεονεκτεῖν</span> <span class='ocrx_word' id='word_1_163' title='bbox 1409 1912 1691 1983; x_wconf 89' lang='grc' dir='ltr'>ἀλλήλους,</span> <span class='ocrx_word' id='word_1_164' title='bbox 1738 1913 1865 1981; x_wconf 79' lang='grc' dir='ltr'>περὶ</span> <span class='ocrx_word' id='word_1_165' title='bbox 1908 1930 2003 1981; x_wconf 75' lang='grc' dir='ltr'>μυ-</span> 
     </span>
    </p>
   </div>
   <div class='ocr_carea' id='block_1_20' title="bbox 323 1998 1998 2071">
    <p class='ocr_par' dir='ltr' id='par_1_20' title="bbox 323 1998 1998 2071">
     <span class='ocr_line' id='line_1_20' title="bbox 323 1998 1998 2071; baseline 0.001 -22"><span class='ocrx_word' id='word_1_166' title='bbox 323 1998 458 2069; x_wconf 82' lang='grc' dir='ltr'>ρίων</span> <span class='ocrx_word' id='word_1_167' title='bbox 483 2000 683 2069; x_wconf 87' lang='grc' dir='ltr'>ἐτέρων</span> <span class='ocrx_word' id='word_1_168' title='bbox 705 1999 900 2068; x_wconf 88' lang='grc' dir='ltr'>νόμους</span> <span class='ocrx_word' id='word_1_169' title='bbox 937 1999 1181 2071; x_wconf 76' lang='grc' dir='ltr'>ἔγραψαν</span> <span class='ocrx_word' id='word_1_170' title='bbox 1217 2002 1267 2053; x_wconf 92' lang='grc' dir='ltr'>οἱ</span> <span class='ocrx_word' id='word_1_171' title='bbox 1309 2001 1438 2070; x_wconf 78' lang='grc' dir='ltr'>παρ’</span> <span class='ocrx_word' id='word_1_172' title='bbox 1467 2000 1647 2061; x_wconf 82' lang='grc' dir='ltr'>αὐτοῖς</span> <span class='ocrx_word' id='word_1_173' title='bbox 1682 1998 1998 2067; x_wconf 78' lang='grc' dir='ltr'>νομοθέται;</span> 
     </span>
    </p>
   </div>
   <div class='ocr_carea' id='block_1_21' title="bbox 323 2080 1999 2160">
    <p class='ocr_par' dir='ltr' id='par_1_21' title="bbox 323 2080 1999 2160">
     <span class='ocr_line' id='line_1_21' title="bbox 323 2080 1999 2160; baseline 0.002 -22"><span class='ocrx_word' id='word_1_174' title='bbox 323 2080 483 2139; x_wconf 69' lang='grc' dir='ltr'>Οὗτοι</span> <span class='ocrx_word' id='word_1_175' title='bbox 511 2088 606 2157; x_wconf 82' lang='grc' dir='ltr'>μὲν</span> <span class='ocrx_word' id='word_1_176' title='bbox 628 2085 734 2157; x_wconf 82' lang='grc' dir='ltr'>γὰρ</span> <span class='ocrx_word' id='word_1_177' title='bbox 762 2088 810 2138; x_wconf 88' lang='grc' dir='ltr'>οἱ</span> <span class='ocrx_word' id='word_1_178' title='bbox 838 2087 931 2140; x_wconf 90' lang='grc' dir='ltr'>νῦν</span> <span class='ocrx_word' id='word_1_179' title='bbox 955 2089 1083 2151; x_wconf 76' lang='grc' dir='ltr'>ἴσως</span> <span class='ocrx_word' id='word_1_180' title='bbox 1100 2091 1247 2159; x_wconf 89' lang='grc' dir='ltr'>παρά</span> <span class='ocrx_word' id='word_1_181' title='bbox 1269 2088 1375 2142; x_wconf 88' lang='grc' dir='ltr'>τῶν</span> <span class='ocrx_word' id='word_1_182' title='bbox 1399 2088 1629 2160; x_wconf 87' lang='grc' dir='ltr'>πρώτων</span> <span class='ocrx_word' id='word_1_183' title='bbox 1658 2088 1878 2159; x_wconf 80' lang='grc' dir='ltr'>ἔμαθον,</span> <span class='ocrx_word' id='word_1_184' title='bbox 1906 2092 1999 2142; x_wconf 83' lang='grc' dir='ltr'>καὶ</span> 
     </span>
    </p>
   </div>
   <div class='ocr_carea' id='block_1_22' title="bbox 322 2174 1997 2248">
    <p class='ocr_par' dir='ltr' id='par_1_22' title="bbox 322 2174 1997 2248">
     <span class='ocr_line' id='line_1_22' title="bbox 322 2174 1997 2248; baseline 0 -19"><span class='ocrx_word' id='word_1_185' title='bbox 322 2176 517 2229; x_wconf 87' lang='grc' dir='ltr'>ἐκεῖνοι</span> <span class='ocrx_word' id='word_1_186' title='bbox 550 2174 703 2246; x_wconf 85' lang='grc' dir='ltr'>παρά</span> <span class='ocrx_word' id='word_1_187' title='bbox 741 2174 849 2228; x_wconf 90' lang='grc' dir='ltr'>τῶν</span> <span class='ocrx_word' id='word_1_188' title='bbox 884 2176 1181 2248; x_wconf 81' lang='grc' dir='ltr'>προτέρων,</span> <span class='ocrx_word' id='word_1_189' title='bbox 1221 2178 1315 2229; x_wconf 78' lang='grc' dir='ltr'>καὶ</span> <span class='ocrx_word' id='word_1_190' title='bbox 1352 2178 1502 2246; x_wconf 89' lang='grc' dir='ltr'>παρά</span> <span class='ocrx_word' id='word_1_191' title='bbox 1538 2177 1643 2229; x_wconf 89' lang='grc' dir='ltr'>τῶν</span> <span class='ocrx_word' id='word_1_192' title='bbox 1686 2177 1799 2231; x_wconf 81' lang='grc' dir='ltr'>ἀνω</span> <span class='ocrx_word' id='word_1_193' title='bbox 1839 2178 1997 2231; x_wconf 85' lang='grc' dir='ltr'>πάλιν</span> 
     </span>
    </p>
   </div>
   <div class='ocr_carea' id='block_1_23' title="bbox 320 2255 1999 2336">
    <p class='ocr_par' dir='ltr' id='par_1_23' title="bbox 320 2255 1999 2336">
     <span class='ocr_line' id='line_1_23' title="bbox 320 2255 1999 2336; baseline 0.002 -23"><span class='ocrx_word' id='word_1_194' title='bbox 320 2255 500 2316; x_wconf 71' lang='grc' dir='ltr'>ιῦτοιο</span> <span class='ocrx_word' id='word_1_195' title='bbox 534 2265 585 2316; x_wconf 82' lang='grc' dir='ltr'>οἱ</span> <span class='ocrx_word' id='word_1_196' title='bbox 620 2263 676 2316; x_wconf 81' lang='grc' dir='ltr'>δὲ</span> <span class='ocrx_word' id='word_1_197' title='bbox 714 2262 774 2328; x_wconf 80' lang='grc' dir='ltr'>ἐξ</span> <span class='ocrx_word' id='word_1_198' title='bbox 810 2264 985 2335; x_wconf 81' lang='grc' dir='ltr'>ἀρχῆς</span> <span class='ocrx_word' id='word_1_199' title='bbox 1032 2265 1126 2317; x_wconf 72' lang='grc' dir='ltr'>καὶ</span> <span class='ocrx_word' id='word_1_200' title='bbox 1168 2264 1373 2335; x_wconf 89' lang='grc' dir='ltr'>πρῶτοι</span> <span class='ocrx_word' id='word_1_201' title='bbox 1422 2265 1551 2336; x_wconf 80' lang='grc' dir='ltr'>παρ’</span> <span class='ocrx_word' id='word_1_202' title='bbox 1580 2265 1761 2328; x_wconf 76' lang='grc' dir='ltr'>αὐτοῖς</span> <span class='ocrx_word' id='word_1_203' title='bbox 1801 2266 1999 2336; x_wconf 86' lang='grc' dir='ltr'>νόμους</span> 
     </span>
    </p>
   </div>
   <div class='ocr_carea' id='block_1_24' title="bbox 319 2347 1996 2424">
    <p class='ocr_par' dir='ltr' id='par_1_24' title="bbox 319 2347 1996 2424">
     <span class='ocr_line' id='line_1_24' title="bbox 319 2347 1996 2424; baseline 0.004 -24"><span class='ocrx_word' id='word_1_204' title='bbox 319 2347 528 2414; x_wconf 79' lang='grc' dir='ltr'>θέντες,</span> <span class='ocrx_word' id='word_1_205' title='bbox 556 2349 708 2422; x_wconf 83' lang='grc' dir='ltr'>παρά</span> <span class='ocrx_word' id='word_1_206' title='bbox 745 2352 889 2414; x_wconf 86' lang='grc' dir='ltr'>τίνος</span> <span class='ocrx_word' id='word_1_207' title='bbox 932 2350 1171 2420; x_wconf 83' lang='grc' dir='ltr'>ἔμαθον;</span> <span class='ocrx_word' id='word_1_208' title='bbox 1203 2353 1304 2405; x_wconf 85' lang='grc' dir='ltr'>οὐκ</span> <span class='ocrx_word' id='word_1_209' title='bbox 1336 2351 1555 2419; x_wconf 73' lang='grc' dir='ltr'>εὔδηλον</span> <span class='ocrx_word' id='word_1_210' title='bbox 1591 2354 1672 2406; x_wconf 84' lang='grc' dir='ltr'>ὅτι</span> <span class='ocrx_word' id='word_1_211' title='bbox 1714 2355 1876 2424; x_wconf 65' lang='grc' dir='ltr'>παρὰ.</span> <span class='ocrx_word' id='word_1_212' title='bbox 1902 2354 1996 2407; x_wconf 89' lang='grc' dir='ltr'>τοῦ</span> 
     </span>
    </p>
   </div>
   <div class='ocr_carea' id='block_1_25' title="bbox 317 2438 1997 2510">
    <p class='ocr_par' dir='ltr' id='par_1_25' title="bbox 317 2438 1997 2510">
     <span class='ocr_line' id='line_1_25' title="bbox 317 2438 1997 2510; baseline 0.002 -20"><span class='ocrx_word' id='word_1_213' title='bbox 317 2439 655 2502; x_wconf 76' lang='grc' dir='ltr'>συνειδότοςς</span> <span class='ocrx_word' id='word_1_214' title='bbox 696 2439 756 2491; x_wconf 81' lang='grc' dir='ltr'>οὐ</span> <span class='ocrx_word' id='word_1_215' title='bbox 797 2438 906 2510; x_wconf 75' lang='grc' dir='ltr'>γὰρ</span> <span class='ocrx_word' id='word_1_216' title='bbox 933 2439 999 2493; x_wconf 83' lang='grc' dir='ltr'>ἂν</span> <span class='ocrx_word' id='word_1_217' title='bbox 1040 2441 1215 2509; x_wconf 76' lang='grc' dir='ltr'>ἔχοιεν</span> <span class='ocrx_word' id='word_1_218' title='bbox 1257 2442 1429 2494; x_wconf 83' lang='grc' dir='ltr'>εἰπεῖν</span> <span class='ocrx_word' id='word_1_219' title='bbox 1462 2441 1544 2494; x_wconf 79' lang='grc' dir='ltr'>ὅτι</span> <span class='ocrx_word' id='word_1_220' title='bbox 1600 2443 1823 2494; x_wconf 81' lang='grc' dir='ltr'>Μωῦσεῖ</span> <span class='ocrx_word' id='word_1_221' title='bbox 1876 2459 1997 2494; x_wconf 90' lang='grc' dir='ltr'>συν-</span> 
     </span>
    </p>
   </div>
   <div class='ocr_carea' id='block_1_26' title="bbox 319 2524 1997 2599">
    <p class='ocr_par' dir='ltr' id='par_1_26' title="bbox 319 2524 1997 2599">
     <span class='ocr_line' id='line_1_26' title="bbox 319 2524 1997 2599; baseline 0.003 -23"><span class='ocrx_word' id='word_1_222' title='bbox 319 2524 584 2592; x_wconf 80' lang='grc' dir='ltr'>εγένοντο,</span> <span class='ocrx_word' id='word_1_223' title='bbox 632 2526 713 2579; x_wconf 87' lang='grc' dir='ltr'>ὄτι</span> <span class='ocrx_word' id='word_1_224' title='bbox 756 2525 1050 2596; x_wconf 79' lang='grc' dir='ltr'>προφητῶν</span> <span class='ocrx_word' id='word_1_225' title='bbox 1100 2527 1366 2597; x_wconf 71' lang='grc' dir='ltr'>ἥκουσαν*</span> <span class='ocrx_word' id='word_1_226' title='bbox 1415 2526 1530 2590; x_wconf 87' lang='grc' dir='ltr'>πῶς</span> <span class='ocrx_word' id='word_1_227' title='bbox 1584 2527 1692 2598; x_wconf 80' lang='grc' dir='ltr'>γὰρ</span> <span class='ocrx_word' id='word_1_228' title='bbox 1738 2528 1997 2599; x_wconf 84' lang='grc' dir='ltr'>Ἕλληνες</span> 
     </span>
    </p>
   </div>
   <div class='ocr_carea' id='block_1_27' title="bbox 312 2610 1997 2685">
    <p class='ocr_par' dir='ltr' id='par_1_27' title="bbox 312 2610 1997 2685">
     <span class='ocr_line' id='line_1_27' title="bbox 312 2610 1997 2685; baseline 0.004 -22"><span class='ocrx_word' id='word_1_229' title='bbox 312 2610 505 2677; x_wconf 75' lang='grc' dir='ltr'>ὅντες;</span> <span class='ocrx_word' id='word_1_230' title='bbox 550 2613 687 2666; x_wconf 81' lang='grc' dir='ltr'>Ἀλλ’</span> <span class='ocrx_word' id='word_1_231' title='bbox 718 2613 936 2684; x_wconf 71' lang='grc' dir='ltr'>εὔδηλον</span> <span class='ocrx_word' id='word_1_232' title='bbox 983 2614 1063 2667; x_wconf 84' lang='grc' dir='ltr'>ὅτι</span> <span class='ocrx_word' id='word_1_233' title='bbox 1116 2615 1225 2666; x_wconf 79' lang='grc' dir='ltr'>ἀπὸ</span> <span class='ocrx_word' id='word_1_234' title='bbox 1265 2614 1356 2667; x_wconf 81' lang='grc' dir='ltr'>τοῦ</span> <span class='ocrx_word' id='word_1_235' title='bbox 1400 2615 1567 2685; x_wconf 87' lang='grc' dir='ltr'>νόμου</span> <span class='ocrx_word' id='word_1_236' title='bbox 1614 2614 1672 2667; x_wconf 80' lang='grc' dir='ltr'>ὃν</span> <span class='ocrx_word' id='word_1_237' title='bbox 1726 2615 1921 2685; x_wconf 79' lang='grc' dir='ltr'>ἔθηκεν</span> <span class='ocrx_word' id='word_1_238' title='bbox 1969 2622 1997 2670; x_wconf 90' lang='grc' dir='ltr'>ό</span> 
     </span>
    </p>
   </div>
   <div class='ocr_carea' id='block_1_28' title="bbox 316 2698 1995 2772">
    <p class='ocr_par' dir='ltr' id='par_1_28' title="bbox 316 2698 1995 2772">
     <span class='ocr_line' id='line_1_28' title="bbox 316 2698 1995 2772; baseline 0.003 -20"><span class='ocrx_word' id='word_1_239' title='bbox 316 2698 452 2763; x_wconf 87' lang='grc' dir='ltr'>Θεὸς</span> <span class='ocrx_word' id='word_1_240' title='bbox 475 2701 552 2771; x_wconf 72' lang='grc' dir='ltr'>τῷ</span> <span class='ocrx_word' id='word_1_241' title='bbox 580 2700 868 2772; x_wconf 84' lang='grc' dir='ltr'>ἀνθρώπῳ,</span> <span class='ocrx_word' id='word_1_242' title='bbox 900 2700 959 2765; x_wconf 80' lang='grc' dir='ltr'>ἐξ</span> <span class='ocrx_word' id='word_1_243' title='bbox 1001 2702 1172 2772; x_wconf 82' lang='grc' dir='ltr'>ἀρχῆς</span> <span class='ocrx_word' id='word_1_244' title='bbox 1206 2702 1368 2755; x_wconf 76' lang='grc' dir='ltr'>αὑτὸν</span> <span class='ocrx_word' id='word_1_245' title='bbox 1409 2702 1679 2766; x_wconf 83' lang='grc' dir='ltr'>πλάττων,</span> <span class='ocrx_word' id='word_1_246' title='bbox 1722 2705 1828 2757; x_wconf 84' lang='grc' dir='ltr'>ἀπὸ</span> <span class='ocrx_word' id='word_1_247' title='bbox 1872 2705 1995 2757; x_wconf 89' lang='grc' dir='ltr'>τού-</span> 
     </span>
    </p>
   </div>
   <div class='ocr_carea' id='block_1_29' title="bbox 315 2789 1996 2862">
    <p class='ocr_par' dir='ltr' id='par_1_29' title="bbox 315 2789 1996 2862">
     <span class='ocr_line' id='line_1_29' title="bbox 315 2789 1996 2862; baseline 0.003 -23"><span class='ocrx_word' id='word_1_248' title='bbox 315 2803 410 2839; x_wconf 83' lang='grc' dir='ltr'>του</span> <span class='ocrx_word' id='word_1_249' title='bbox 441 2805 533 2841; x_wconf 57' lang='grc' dir='ltr'>κα».</span> <span class='ocrx_word' id='word_1_250' title='bbox 558 2789 754 2858; x_wconf 85' lang='grc' dir='ltr'>νόμους</span> <span class='ocrx_word' id='word_1_251' title='bbox 780 2790 1003 2858; x_wconf 78' lang='grc' dir='ltr'>ἔθηκαν,</span> <span class='ocrx_word' id='word_1_252' title='bbox 1039 2790 1132 2841; x_wconf 72' lang='grc' dir='ltr'>καὶ</span> <span class='ocrx_word' id='word_1_253' title='bbox 1155 2790 1347 2860; x_wconf 80' lang='grc' dir='ltr'>τέχνας</span> <span class='ocrx_word' id='word_1_254' title='bbox 1374 2789 1615 2862; x_wconf 86' lang='grc' dir='ltr'>εῦροντο,</span> <span class='ocrx_word' id='word_1_255' title='bbox 1643 2794 1737 2844; x_wconf 70' lang='grc' dir='ltr'>καὶ</span> <span class='ocrx_word' id='word_1_256' title='bbox 1769 2795 1836 2846; x_wconf 78' lang='grc' dir='ltr'>τὰ</span> <span class='ocrx_word' id='word_1_257' title='bbox 1863 2792 1996 2846; x_wconf 76' lang='grc' dir='ltr'>ἄλλα</span> 
     </span>
    </p>
   </div>
   <div class='ocr_carea' id='block_1_30' title="bbox 316 2876 1994 2951">
    <p class='ocr_par' dir='ltr' id='par_1_30' title="bbox 316 2876 1994 2951">
     <span class='ocr_line' id='line_1_30' title="bbox 316 2876 1994 2951; baseline 0.002 -22"><span class='ocrx_word' id='word_1_258' title='bbox 316 2876 495 2930; x_wconf 70' lang='grc' dir='ltr'>πάντα</span> <span class='ocrx_word' id='word_1_259' title='bbox 549 2877 658 2928; x_wconf 73' lang='grc' dir='ltr'>Καὶ</span> <span class='ocrx_word' id='word_1_260' title='bbox 690 2877 797 2947; x_wconf 73' lang='grc' dir='ltr'>γὰρ</span> <span class='ocrx_word' id='word_1_261' title='bbox 821 2879 914 2930; x_wconf 68' lang='grc' dir='ltr'>καὶ</span> <span class='ocrx_word' id='word_1_262' title='bbox 942 2879 997 2930; x_wconf 80' lang='grc' dir='ltr'>αἱ</span> <span class='ocrx_word' id='word_1_263' title='bbox 1030 2878 1213 2947; x_wconf 77' lang='grc' dir='ltr'>τέχναι</span> <span class='ocrx_word' id='word_1_264' title='bbox 1256 2876 1397 2932; x_wconf 76' lang='grc' dir='ltr'>οὕτω</span> <span class='ocrx_word' id='word_1_265' title='bbox 1428 2880 1761 2951; x_wconf 85' lang='grc' dir='ltr'>συνέστησαν</span> <span class='ocrx_word' id='word_1_266' title='bbox 1788 2882 1897 2933; x_wconf 88' lang='grc' dir='ltr'>τῶν</span> <span class='ocrx_word' id='word_1_267' title='bbox 1937 2882 1994 2949; x_wconf 78' lang='grc' dir='ltr'>ἐξ</span> 
     </span>
    </p>
   </div>
   <div class='ocr_carea' id='block_1_31' title="bbox 315 2962 1995 3036">
    <p class='ocr_par' dir='ltr' id='par_1_31' title="bbox 315 2962 1995 3036">
     <span class='ocr_line' id='line_1_31' title="bbox 315 2962 1995 3036; baseline 0.002 -18"><span class='ocrx_word' id='word_1_268' title='bbox 315 2965 492 3036; x_wconf 75' lang='grc' dir='ltr'>ἀρχῆς</span> <span class='ocrx_word' id='word_1_269' title='bbox 530 2962 922 3027; x_wconf 78' lang='grc' dir='ltr'>αύτοδιδάκτως</span> <span class='ocrx_word' id='word_1_270' title='bbox 960 2965 1046 3016; x_wconf 82' lang='grc' dir='ltr'>ἐπ’</span> <span class='ocrx_word' id='word_1_271' title='bbox 1078 2965 1248 3029; x_wconf 78' lang='grc' dir='ltr'>αὑτάς</span> <span class='ocrx_word' id='word_1_272' title='bbox 1278 2966 1538 3020; x_wconf 87' lang='grc' dir='ltr'>ἐλθόντων</span> <span class='ocrx_word' id='word_1_273' title='bbox 1558 2985 1570 2997; x_wconf 91' lang='grc'><strong>·</strong></span> <span class='ocrx_word' id='word_1_274' title='bbox 1601 2967 1742 3022; x_wconf 86' lang='grc' dir='ltr'>οῦτω</span> <span class='ocrx_word' id='word_1_275' title='bbox 1779 2968 1872 3023; x_wconf 62' lang='grc' dir='ltr'>καὶ⁷</span> <span class='ocrx_word' id='word_1_276' title='bbox 1915 2969 1995 3022; x_wconf 88' lang='grc' dir='ltr'>δι-</span> 
     </span>
    </p>
   </div>
   <div class='ocr_carea' id='block_1_32' title="bbox 313 3051 1994 3129">
    <p class='ocr_par' dir='ltr' id='par_1_32' title="bbox 313 3051 1994 3129">
     <span class='ocr_line' id='line_1_32' title="bbox 313 3051 1994 3129; baseline 0.002 -23"><span class='ocrx_word' id='word_1_277' title='bbox 313 3053 587 3123; x_wconf 87' lang='grc' dir='ltr'>καστήρια</span> <span class='ocrx_word' id='word_1_278' title='bbox 630 3052 838 3120; x_wconf 84' lang='grc' dir='ltr'>γέγονε,</span> <span class='ocrx_word' id='word_1_279' title='bbox 882 3051 1023 3106; x_wconf 82' lang='grc' dir='ltr'>οῦτω</span> <span class='ocrx_word' id='word_1_280' title='bbox 1061 3055 1154 3108; x_wconf 78' lang='grc' dir='ltr'>καὶ</span> <span class='ocrx_word' id='word_1_281' title='bbox 1193 3054 1441 3118; x_wconf 83' lang='grc' dir='ltr'>κολάσεις</span> <span class='ocrx_word' id='word_1_282' title='bbox 1487 3054 1819 3128; x_wconf 88' lang='grc' dir='ltr'>ώρίσθησαν,</span> <span class='ocrx_word' id='word_1_283' title='bbox 1857 3058 1994 3129; x_wconf 85' lang='grc' dir='ltr'>ὅπερ</span> 
     </span>
    </p>
   </div>
   <div class='ocr_carea' id='block_1_33' title="bbox 312 3137 1993 3216">
    <p class='ocr_par' dir='ltr' id='par_1_33' title="bbox 312 3137 1993 3216">
     <span class='ocr_line' id='line_1_33' title="bbox 312 3137 1993 3216; baseline 0.004 -24"><span class='ocrx_word' id='word_1_284' title='bbox 312 3137 405 3193; x_wconf 76' lang='grc' dir='ltr'>οὖν</span> <span class='ocrx_word' id='word_1_285' title='bbox 441 3141 532 3192; x_wconf 74' lang='grc' dir='ltr'>καὶ</span> <span class='ocrx_word' id='word_1_286' title='bbox 569 3142 596 3194; x_wconf 90' lang='lat'>6</span> <span class='ocrx_word' id='word_1_287' title='bbox 632 3140 780 3212; x_wconf 78' lang='grc'><strong>[150]</strong></span> <span class='ocrx_word' id='word_1_288' title='bbox 812 3140 1022 3205; x_wconf 87' lang='grc' dir='ltr'>Παῦλός</span> <span class='ocrx_word' id='word_1_289' title='bbox 1062 3159 1244 3213; x_wconf 85' lang='grc' dir='ltr'>φησιν.</span> <span class='ocrx_word' id='word_1_290' title='bbox 1287 3143 1505 3214; x_wconf 83' lang='grc' dir='ltr'>Ἐπειδὴ</span> <span class='ocrx_word' id='word_1_291' title='bbox 1535 3144 1643 3216; x_wconf 88' lang='grc' dir='ltr'>γάρ</span> <span class='ocrx_word' id='word_1_292' title='bbox 1672 3145 1855 3198; x_wconf 77' lang='grc' dir='ltr'>πολλοὶ</span> <span class='ocrx_word' id='word_1_293' title='bbox 1883 3144 1993 3199; x_wconf 85' lang='grc' dir='ltr'>τῶν</span> 
     </span>
    </p>
   </div>
   <div class='ocr_carea' id='block_1_34' title="bbox 326 3227 1993 3305">
    <p class='ocr_par' dir='ltr' id='par_1_34' title="bbox 326 3227 1993 3305">
     <span class='ocr_line' id='line_1_34' title="bbox 326 3227 1993 3305; baseline 0.004 -25"><span class='ocrx_word' id='word_1_294' title='bbox 326 3227 591 3299; x_wconf 74' lang='grc' dir='ltr'>Ἑλλήνιον</span> <span class='ocrx_word' id='word_1_295' title='bbox 621 3228 919 3297; x_wconf 80' lang='grc' dir='ltr'>ἀντιλέγειν</span> <span class='ocrx_word' id='word_1_296' title='bbox 958 3228 1200 3299; x_wconf 86' lang='grc' dir='ltr'>ἔμελλον,</span> <span class='ocrx_word' id='word_1_297' title='bbox 1234 3230 1328 3284; x_wconf 78' lang='grc' dir='ltr'>καὶ</span> <span class='ocrx_word' id='word_1_298' title='bbox 1366 3230 1544 3299; x_wconf 87' lang='grc' dir='ltr'>λέγειν</span> <span class='ocrx_word' id='word_1_299' title='bbox 1577 3233 1679 3296; x_wconf 86' lang='grc' dir='ltr'>ὅτι,</span> <span class='ocrx_word' id='word_1_300' title='bbox 1706 3233 1831 3296; x_wconf 90' lang='grc' dir='ltr'>Πῶς</span> <span class='ocrx_word' id='word_1_301' title='bbox 1867 3251 1993 3305; x_wconf 89' lang='grc' dir='ltr'>κρι-</span> 
     </span>
    </p>
   </div>
   <div class='ocr_carea' id='block_1_35' title="bbox 312 3315 1995 3389">
    <p class='ocr_par' dir='ltr' id='par_1_35' title="bbox 312 3315 1995 3389">
     <span class='ocr_line' id='line_1_35' title="bbox 312 3315 1995 3389; baseline 0.003 -20"><span class='ocrx_word' id='word_1_302' title='bbox 312 3319 395 3370; x_wconf 86' lang='grc' dir='ltr'>νεῖ</span> <span class='ocrx_word' id='word_1_303' title='bbox 417 3319 445 3369; x_wconf 91' lang='lat'>6</span> <span class='ocrx_word' id='word_1_304' title='bbox 474 3317 606 3380; x_wconf 86' lang='grc' dir='ltr'>Θεὸς</span> <span class='ocrx_word' id='word_1_305' title='bbox 646 3318 770 3380; x_wconf 77' lang='grc' dir='ltr'>τοὺς</span> <span class='ocrx_word' id='word_1_306' title='bbox 799 3315 1119 3387; x_wconf 81' lang='grc' dir='ltr'>ἀνθρώπους</span> <span class='ocrx_word' id='word_1_307' title='bbox 1148 3318 1273 3382; x_wconf 74' lang='grc' dir='ltr'>τοὺς</span> <span class='ocrx_word' id='word_1_308' title='bbox 1306 3319 1411 3389; x_wconf 86' lang='grc' dir='ltr'>πρὸ</span> <span class='ocrx_word' id='word_1_309' title='bbox 1444 3321 1760 3388; x_wconf 82' lang='grc' dir='ltr'>Μωῦσέως;</span> <span class='ocrx_word' id='word_1_310' title='bbox 1809 3323 1869 3374; x_wconf 88' lang='grc' dir='ltr'>οὐ</span> <span class='ocrx_word' id='word_1_311' title='bbox 1908 3338 1995 3374; x_wconf 83' lang='grc' dir='ltr'>νο-</span> 
     </span>
    </p>
   </div>
   <div class='ocr_carea' id='block_1_36' title="bbox 316 3403 1993 3481">
    <p class='ocr_par' dir='ltr' id='par_1_36' title="bbox 316 3403 1993 3481">
     <span class='ocr_line' id='line_1_36' title="bbox 316 3403 1993 3481; baseline 0.005 -26"><span class='ocrx_word' id='word_1_312' title='bbox 316 3403 548 3474; x_wconf 82' lang='grc' dir='ltr'>μοθέτην</span> <span class='ocrx_word' id='word_1_313' title='bbox 596 3404 858 3473; x_wconf 70' lang='grc' dir='ltr'>ἐπεμψεν,</span> <span class='ocrx_word' id='word_1_314' title='bbox 897 3406 958 3457; x_wconf 81' lang='grc' dir='ltr'>οῦ</span> <span class='ocrx_word' id='word_1_315' title='bbox 1005 3405 1167 3471; x_wconf 86' lang='grc' dir='ltr'>νόμον</span> <span class='ocrx_word' id='word_1_316' title='bbox 1210 3407 1545 3478; x_wconf 74' lang='grc' dir='ltr'>εἰσήνεγκεν,</span> <span class='ocrx_word' id='word_1_317' title='bbox 1590 3408 1651 3461; x_wconf 80' lang='grc' dir='ltr'>οὐ</span> <span class='ocrx_word' id='word_1_318' title='bbox 1705 3410 1993 3481; x_wconf 83' lang='grc' dir='ltr'>προφήτην</span> 
     </span>
    </p>
   </div>
   <div class='ocr_carea' id='block_1_37' title="bbox 309 3491 1993 3567">
    <p class='ocr_par' dir='ltr' id='par_1_37' title="bbox 309 3491 1993 3567">
     <span class='ocr_line' id='line_1_37' title="bbox 309 3491 1993 3567; baseline 0.005 -23"><span class='ocrx_word' id='word_1_319' title='bbox 309 3492 649 3553; x_wconf 75' lang='grc' dir='ltr'>ἀπέστειλεν,</span> <span class='ocrx_word' id='word_1_320' title='bbox 677 3493 777 3544; x_wconf 80' lang='grc' dir='ltr'>οὐκ</span> <span class='ocrx_word' id='word_1_321' title='bbox 810 3491 1126 3553; x_wconf 69' lang='grc' dir='ltr'>ἀπόστολον,</span> <span class='ocrx_word' id='word_1_322' title='bbox 1157 3493 1258 3545; x_wconf 75' lang='grc' dir='ltr'>οὐκ</span> <span class='ocrx_word' id='word_1_323' title='bbox 1291 3494 1714 3567; x_wconf 80' lang='grc' dir='ltr'>εὐαγγελιστήν·</span> <span class='ocrx_word' id='word_1_324' title='bbox 1753 3497 1870 3561; x_wconf 82' lang='grc' dir='ltr'>πῶς</span> <span class='ocrx_word' id='word_1_325' title='bbox 1900 3495 1993 3552; x_wconf 78' lang='grc' dir='ltr'>οὖν</span> 
     </span>
    </p>
   </div>
   <div class='ocr_carea' id='block_1_38' title="bbox 313 3579 1993 3650">
    <p class='ocr_par' dir='ltr' id='par_1_38' title="bbox 313 3579 1993 3650">
     <span class='ocr_line' id='line_1_38' title="bbox 313 3579 1993 3650; baseline 0.005 -18"><span class='ocrx_word' id='word_1_326' title='bbox 313 3580 544 3644; x_wconf 77' lang='grc' dir='ltr'>εὐθύνας</span> <span class='ocrx_word' id='word_1_327' title='bbox 581 3580 838 3644; x_wconf 86' lang='grc' dir='ltr'>ἀπαιτεῖ;</span> <span class='ocrx_word' id='word_1_328' title='bbox 872 3579 1194 3649; x_wconf 80' lang='grc' dir='ltr'>βουλόμενος</span> <span class='ocrx_word' id='word_1_329' title='bbox 1221 3582 1248 3632; x_wconf 89' lang='grc' dir='ltr'>ὁ</span> <span class='ocrx_word' id='word_1_330' title='bbox 1277 3582 1486 3645; x_wconf 85' lang='grc' dir='ltr'>Παῦλος</span> <span class='ocrx_word' id='word_1_331' title='bbox 1500 3583 1688 3650; x_wconf 79' lang='grc' dir='ltr'>δεῖξαι,</span> <span class='ocrx_word' id='word_1_332' title='bbox 1719 3585 1799 3638; x_wconf 84' lang='grc' dir='ltr'>ὅτι</span> <span class='ocrx_word' id='word_1_333' title='bbox 1833 3587 1993 3641; x_wconf 78' lang='grc' dir='ltr'>αύτο-</span> 
     </span>
    </p>
   </div>
   <div class='ocr_carea' id='block_1_39' title="bbox 309 3663 1988 3744">
    <p class='ocr_par' dir='ltr' id='par_1_39' title="bbox 309 3663 1988 3744">
     <span class='ocr_line' id='line_1_39' title="bbox 309 3663 1988 3744; baseline 0.005 -24"><span class='ocrx_word' id='word_1_334' title='bbox 309 3667 559 3721; x_wconf 87' lang='grc' dir='ltr'>δίδακτον</span> <span class='ocrx_word' id='word_1_335' title='bbox 601 3663 746 3737; x_wconf 78' lang='grc' dir='ltr'>εἶχον</span> <span class='ocrx_word' id='word_1_336' title='bbox 782 3667 965 3737; x_wconf 87' lang='grc' dir='ltr'>νόμον,</span> <span class='ocrx_word' id='word_1_337' title='bbox 1014 3667 1106 3719; x_wconf 74' lang='grc' dir='ltr'>καὶ</span> <span class='ocrx_word' id='word_1_338' title='bbox 1141 3668 1208 3721; x_wconf 83' lang='grc' dir='ltr'>τά</span> <span class='ocrx_word' id='word_1_339' title='bbox 1255 3670 1503 3738; x_wconf 82' lang='grc' dir='ltr'>πρακτέα</span> <span class='ocrx_word' id='word_1_340' title='bbox 1541 3674 1729 3741; x_wconf 81' lang='grc' dir='ltr'>σαφῶς</span> <span class='ocrx_word' id='word_1_341' title='bbox 1771 3673 1988 3744; x_wconf 78' lang='grc' dir='ltr'>ᾔδεσαν,</span> 
     </span>
    </p>
   </div>
   <div class='ocr_carea' id='block_1_40' title="bbox 311 3755 1994 3832">
    <p class='ocr_par' dir='ltr' id='par_1_40' title="bbox 311 3755 1994 3832">
     <span class='ocr_line' id='line_1_40' title="bbox 311 3755 1994 3832; baseline 0.004 -22"><span class='ocrx_word' id='word_1_342' title='bbox 311 3758 543 3812; x_wconf 80' lang='grc' dir='ltr'>ἄκουσον</span> <span class='ocrx_word' id='word_1_343' title='bbox 571 3756 688 3818; x_wconf 87' lang='grc' dir='ltr'>πῶς</span> <span class='ocrx_word' id='word_1_344' title='bbox 716 3771 912 3826; x_wconf 81' lang='grc' dir='ltr'>φησιν’</span> <span class='ocrx_word' id='word_1_345' title='bbox 949 3756 1128 3809; x_wconf 88' lang='grc' dir='ltr'>Ὅταν</span> <span class='ocrx_word' id='word_1_346' title='bbox 1161 3755 1269 3825; x_wconf 77' lang='grc' dir='ltr'>γὰρ</span> <span class='ocrx_word' id='word_1_347' title='bbox 1311 3757 1456 3827; x_wconf 79' lang='grc' dir='ltr'>ἔθνη</span> <span class='ocrx_word' id='word_1_348' title='bbox 1478 3799 1492 3824; x_wconf 91' lang='grc'>,</span> <span class='ocrx_word' id='word_1_349' title='bbox 1546 3760 1620 3814; x_wconf 87' lang='grc' dir='ltr'>τὰ</span> <span class='ocrx_word' id='word_1_350' title='bbox 1660 3761 1747 3830; x_wconf 78' lang='grc' dir='ltr'>μὴ</span> <span class='ocrx_word' id='word_1_351' title='bbox 1803 3765 1994 3832; x_wconf 86' lang='grc' dir='ltr'>νόμον</span> 
     </span>
    </p>
   </div>
   <div class='ocr_carea' id='block_1_41' title="bbox 312 3843 1989 3921">
    <p class='ocr_par' dir='ltr' id='par_1_41' title="bbox 312 3843 1989 3921">
     <span class='ocr_line' id='line_1_41' title="bbox 312 3843 1989 3921; baseline 0.006 -26"><span class='ocrx_word' id='word_1_352' title='bbox 312 3844 552 3913; x_wconf 75' lang='grc' dir='ltr'>ἔχοντα,</span> <span class='ocrx_word' id='word_1_353' title='bbox 585 3845 766 3913; x_wconf 70' lang='grc' dir='ltr'>φύσει</span> <span class='ocrx_word' id='word_1_354' title='bbox 803 3845 875 3897; x_wconf 84' lang='grc' dir='ltr'>τὰ</span> <span class='ocrx_word' id='word_1_355' title='bbox 923 3843 1030 3898; x_wconf 87' lang='grc' dir='ltr'>τοῦ</span> <span class='ocrx_word' id='word_1_356' title='bbox 1068 3844 1254 3913; x_wconf 85' lang='grc' dir='ltr'>νόμου</span> <span class='ocrx_word' id='word_1_357' title='bbox 1287 3844 1452 3914; x_wconf 80' lang='grc' dir='ltr'>ποιῇ,</span> <span class='ocrx_word' id='word_1_358' title='bbox 1483 3843 1649 3903; x_wconf 84' lang='grc' dir='ltr'>οὗτοι</span> <span class='ocrx_word' id='word_1_359' title='bbox 1686 3852 1875 3918; x_wconf 85' lang='grc' dir='ltr'>νόμον</span> <span class='ocrx_word' id='word_1_360' title='bbox 1905 3851 1989 3921; x_wconf 72' lang='grc' dir='ltr'>μὴ</span> 
     </span>
    </p>
   </div>
   <div class='ocr_carea' id='block_1_42' title="bbox 306 3930 1991 4004">
    <p class='ocr_par' dir='ltr' id='par_1_42' title="bbox 306 3930 1991 4004">
     <span class='ocr_line' id='line_1_42' title="bbox 306 3930 1991 4004; baseline 0.005 -19"><span class='ocrx_word' id='word_1_361' title='bbox 306 3931 556 3998; x_wconf 72' lang='grc' dir='ltr'>ἔχοντες</span> <span class='ocrx_word' id='word_1_362' title='bbox 606 3932 841 3999; x_wconf 81' lang='grc' dir='ltr'>ἑαυτοῖς</span> <span class='ocrx_word' id='word_1_363' title='bbox 882 3936 1000 3987; x_wconf 78' lang='grc' dir='ltr'>εισι</span> <span class='ocrx_word' id='word_1_364' title='bbox 1046 3930 1252 4004; x_wconf 75' lang='grc' dir='ltr'>νόμος,</span> <span class='ocrx_word' id='word_1_365' title='bbox 1303 3935 1522 4000; x_wconf 84' lang='grc' dir='ltr'>οἵτινες</span> <span class='ocrx_word' id='word_1_366' title='bbox 1575 3935 1991 3993; x_wconf 77' lang='grc' dir='ltr'>ἐνδείκνυνται</span> 
     </span>
    </p>
   </div>
   <div class='ocr_carea' id='block_1_43' title="bbox 308 4018 1987 4092">
    <p class='ocr_par' dir='ltr' id='par_1_43' title="bbox 308 4018 1987 4092">
     <span class='ocr_line' id='line_1_43' title="bbox 308 4018 1987 4092; baseline 0.006 -22"><span class='ocrx_word' id='word_1_367' title='bbox 308 4018 380 4072; x_wconf 85' lang='grc' dir='ltr'>τὸ</span> <span class='ocrx_word' id='word_1_368' title='bbox 407 4018 582 4089; x_wconf 68' lang='grc' dir='ltr'>ἔργον</span> <span class='ocrx_word' id='word_1_369' title='bbox 601 4020 706 4075; x_wconf 89' lang='grc' dir='ltr'>τοῦ</span> <span class='ocrx_word' id='word_1_370' title='bbox 730 4022 917 4091; x_wconf 86' lang='grc' dir='ltr'>νόμου</span> <span class='ocrx_word' id='word_1_371' title='bbox 944 4024 1207 4092; x_wconf 72' lang='grc' dir='ltr'>γραπτὸν</span> <span class='ocrx_word' id='word_1_372' title='bbox 1226 4023 1296 4077; x_wconf 81' lang='grc' dir='ltr'>ἐν</span> <span class='ocrx_word' id='word_1_373' title='bbox 1317 4022 1442 4088; x_wconf 85' lang='grc' dir='ltr'>ταῖς</span> <span class='ocrx_word' id='word_1_374' title='bbox 1468 4023 1740 4091; x_wconf 81' lang='grc' dir='ltr'>καρδίαις</span> <span class='ocrx_word' id='word_1_375' title='bbox 1769 4024 1987 4080; x_wconf 83' lang='grc' dir='ltr'>αὐτῶν.</span> 
     </span>
    </p>
   </div>
   <div class='ocr_carea' id='block_1_44' title="bbox 312 4106 1990 4182">
    <p class='ocr_par' dir='ltr' id='par_1_44' title="bbox 312 4106 1990 4182">
     <span class='ocr_line' id='line_1_44' title="bbox 312 4106 1990 4182; baseline 0.005 -25"><span class='ocrx_word' id='word_1_376' title='bbox 312 4106 437 4169; x_wconf 89' lang='grc' dir='ltr'>Πῶς</span> <span class='ocrx_word' id='word_1_377' title='bbox 466 4108 634 4178; x_wconf 71' lang='grc' dir='ltr'>χωρὶς</span> <span class='ocrx_word' id='word_1_378' title='bbox 661 4110 1041 4180; x_wconf 86' lang='grc' dir='ltr'>γραμμάτων;</span> <span class='ocrx_word' id='word_1_379' title='bbox 1072 4111 1624 4179; x_wconf 76' lang='grc' dir='ltr'>Συμμαρτυρούσης</span> <span class='ocrx_word' id='word_1_380' title='bbox 1656 4111 1853 4165; x_wconf 85' lang='grc' dir='ltr'>αὐτῶν</span> <span class='ocrx_word' id='word_1_381' title='bbox 1877 4111 1990 4182; x_wconf 83' lang='grc' dir='ltr'>τῆς</span> 
     </span>
    </p>
   </div>
   <div class='ocr_carea' id='block_1_45' title="bbox 310 4194 1990 4268">
    <p class='ocr_par' dir='ltr' id='par_1_45' title="bbox 310 4194 1990 4268">
     <span class='ocr_line' id='line_1_45' title="bbox 310 4194 1990 4268; baseline 0.004 -21"><span class='ocrx_word' id='word_1_382' title='bbox 310 4194 722 4261; x_wconf 74' lang='grc' dir='ltr'>συνειδήσεως</span> <span class='ocrx_word' id='word_1_383' title='bbox 770 4198 870 4249; x_wconf 78' lang='grc' dir='ltr'>καὶ</span> <span class='ocrx_word' id='word_1_384' title='bbox 907 4197 1136 4265; x_wconf 78' lang='grc' dir='ltr'>μεταξὺ</span> <span class='ocrx_word' id='word_1_385' title='bbox 1192 4196 1483 4263; x_wconf 75' lang='grc' dir='ltr'>ἀλλήλων</span> <span class='ocrx_word' id='word_1_386' title='bbox 1531 4196 1651 4251; x_wconf 85' lang='grc' dir='ltr'>τῶν</span> <span class='ocrx_word' id='word_1_387' title='bbox 1681 4200 1990 4268; x_wconf 79' lang='grc' dir='ltr'>λογισμῶν</span> 
     </span>
    </p>
   </div>
   <div class='ocr_carea' id='block_1_46' title="bbox 310 4282 1986 4356">
    <p class='ocr_par' dir='ltr' id='par_1_46' title="bbox 310 4282 1986 4356">
     <span class='ocr_line' id='line_1_46' title="bbox 310 4282 1986 4356; baseline 0.004 -22"><span class='ocrx_word' id='word_1_388' title='bbox 310 4282 822 4351; x_wconf 71' lang='grc' dir='ltr'>κατηγορούντων,</span> <span class='ocrx_word' id='word_1_389' title='bbox 866 4283 904 4353; x_wconf 80' lang='grc' dir='ltr'>ἢ</span> <span class='ocrx_word' id='word_1_390' title='bbox 960 4285 1054 4338; x_wconf 78' lang='grc' dir='ltr'>καὶ</span> <span class='ocrx_word' id='word_1_391' title='bbox 1110 4284 1611 4355; x_wconf 75' lang='grc' dir='ltr'>ἀπολογουμένων</span> <span class='ocrx_word' id='word_1_392' title='bbox 1656 4286 1726 4339; x_wconf 84' lang='grc' dir='ltr'>ἐν</span> <span class='ocrx_word' id='word_1_393' title='bbox 1776 4288 1986 4356; x_wconf 79' lang='grc' dir='ltr'>ἡμέρᾳ,</span> 
     </span>
    </p>
   </div>
   <div class='ocr_carea' id='block_1_47' title="bbox 305 4367 1989 4441">
    <p class='ocr_par' dir='ltr' id='par_1_47' title="bbox 305 4367 1989 4441">
     <span class='ocr_line' id='line_1_47' title="bbox 305 4367 1989 4441; baseline 0.005 -20"><span class='ocrx_word' id='word_1_394' title='bbox 305 4367 410 4422; x_wconf 82' lang='grc' dir='ltr'>ὅτε</span> <span class='ocrx_word' id='word_1_395' title='bbox 442 4370 635 4437; x_wconf 81' lang='grc' dir='ltr'>κρινεῖ</span> <span class='ocrx_word' id='word_1_396' title='bbox 660 4374 694 4424; x_wconf 86' lang='grc' dir='ltr'>ό</span> <span class='ocrx_word' id='word_1_397' title='bbox 734 4371 878 4437; x_wconf 80' lang='grc' dir='ltr'>Θεὸς</span> <span class='ocrx_word' id='word_1_398' title='bbox 917 4372 991 4426; x_wconf 86' lang='grc' dir='ltr'>τὰ</span> <span class='ocrx_word' id='word_1_399' title='bbox 1031 4371 1266 4439; x_wconf 76' lang='grc' dir='ltr'>κρυπτὰ</span> <span class='ocrx_word' id='word_1_400' title='bbox 1314 4371 1434 4426; x_wconf 82' lang='grc' dir='ltr'>τῶν</span> <span class='ocrx_word' id='word_1_401' title='bbox 1476 4373 1801 4441; x_wconf 80' lang='grc' dir='ltr'>ἀνθρώπων</span> <span class='ocrx_word' id='word_1_402' title='bbox 1838 4377 1989 4430; x_wconf 82' lang='grc' dir='ltr'>κατὰ</span> 
     </span>
    </p>
   </div>
   <div class='ocr_carea' id='block_1_48' title="bbox 308 4455 1983 4528">
    <p class='ocr_par' dir='ltr' id='par_1_48' title="bbox 308 4455 1983 4528">
     <span class='ocr_line' id='line_1_48' title="bbox 308 4455 1983 4528; baseline 0.005 -20"><span class='ocrx_word' id='word_1_403' title='bbox 308 4455 378 4509; x_wconf 82' lang='grc' dir='ltr'>τὸ</span> <span class='ocrx_word' id='word_1_404' title='bbox 422 4456 776 4527; x_wconf 76' lang='grc' dir='ltr'>εὐαγγέλιόν</span> <span class='ocrx_word' id='word_1_405' title='bbox 809 4475 928 4526; x_wconf 82' lang='grc' dir='ltr'>μου</span> <span class='ocrx_word' id='word_1_406' title='bbox 970 4458 1065 4512; x_wconf 85' lang='grc' dir='ltr'>διὰ</span> <span class='ocrx_word' id='word_1_407' title='bbox 1102 4458 1298 4526; x_wconf 84' lang='grc' dir='ltr'>Ἰησοῦ</span> <span class='ocrx_word' id='word_1_408' title='bbox 1333 4460 1621 4528; x_wconf 83' lang='grc' dir='ltr'>Χριστοῦ·</span> <span class='ocrx_word' id='word_1_409' title='bbox 1658 4463 1754 4515; x_wconf 70' lang='grc' dir='ltr'>καὶ</span> <span class='ocrx_word' id='word_1_410' title='bbox 1792 4464 1983 4517; x_wconf 76' lang='grc' dir='ltr'>πάλινο</span> 
     </span>
    </p>
   </div>
   <div class='ocr_carea' id='block_1_49' title="bbox 310 4541 1987 4617">
    <p class='ocr_par' dir='ltr' id='par_1_49' title="bbox 310 4541 1987 4617">
     <span class='ocr_line' id='line_1_49' title="bbox 310 4541 1987 4617; baseline 0.007 -23"><span class='ocrx_word' id='word_1_411' title='bbox 310 4541 478 4597; x_wconf 85' lang='grc' dir='ltr'>Ὅσοι</span> <span class='ocrx_word' id='word_1_412' title='bbox 515 4545 624 4613; x_wconf 62' lang='grc' dir='ltr'>γὰρ</span> <span class='ocrx_word' id='word_1_413' title='bbox 671 4545 906 4612; x_wconf 83' lang='grc' dir='ltr'>ἀνόμως</span> <span class='ocrx_word' id='word_1_414' title='bbox 943 4544 1222 4614; x_wconf 83' lang='grc' dir='ltr'>ἥμαρτον,</span> <span class='ocrx_word' id='word_1_415' title='bbox 1276 4547 1510 4617; x_wconf 82' lang='grc' dir='ltr'>ἀνόμως</span> <span class='ocrx_word' id='word_1_416' title='bbox 1546 4550 1643 4603; x_wconf 75' lang='grc' dir='ltr'>καί</span> <span class='ocrx_word' id='word_1_417' title='bbox 1682 4551 1987 4605; x_wconf 75' lang='grc' dir='ltr'>ἀπολοῦν-</span> 
     </span>
    </p>
   </div>
   <div class='ocr_carea' id='block_1_50' title="bbox 307 4629 1986 4707">
    <p class='ocr_par' dir='ltr' id='par_1_50' title="bbox 307 4629 1986 4707">
     <span class='ocr_line' id='line_1_50' title="bbox 307 4629 1986 4707; baseline 0.005 -23"><span class='ocrx_word' id='word_1_418' title='bbox 307 4646 434 4685; x_wconf 87' lang='grc' dir='ltr'>ται·</span> <span class='ocrx_word' id='word_1_419' title='bbox 470 4631 568 4684; x_wconf 77' lang='grc' dir='ltr'>καὶ</span> <span class='ocrx_word' id='word_1_420' title='bbox 606 4629 741 4683; x_wconf 86' lang='grc' dir='ltr'>ὅσοι</span> <span class='ocrx_word' id='word_1_421' title='bbox 785 4631 857 4684; x_wconf 82' lang='grc' dir='ltr'>ἐν</span> <span class='ocrx_word' id='word_1_422' title='bbox 899 4632 1061 4700; x_wconf 82' lang='grc' dir='ltr'>νόμῳ</span> <span class='ocrx_word' id='word_1_423' title='bbox 1103 4631 1391 4702; x_wconf 81' lang='grc' dir='ltr'>ἥμαρτον,</span> <span class='ocrx_word' id='word_1_424' title='bbox 1427 4634 1526 4690; x_wconf 85' lang='grc' dir='ltr'>διὰ</span> <span class='ocrx_word' id='word_1_425' title='bbox 1556 4638 1744 4706; x_wconf 85' lang='grc' dir='ltr'>νόμου</span> <span class='ocrx_word' id='word_1_426' title='bbox 1782 4639 1986 4707; x_wconf 80' lang='grc' dir='ltr'>κριθή-</span> 
     </span>
    </p>
   </div>
   <div class='ocr_carea' id='block_1_51' title="bbox 305 4720 1990 4796">
    <p class='ocr_par' dir='ltr' id='par_1_51' title="bbox 305 4720 1990 4796">
     <span class='ocr_line' id='line_1_51' title="bbox 305 4720 1990 4796; baseline 0.006 -24"><span class='ocrx_word' id='word_1_427' title='bbox 305 4732 542 4773; x_wconf 88' lang='grc' dir='ltr'>σονται.</span> <span class='ocrx_word' id='word_1_428' title='bbox 573 4720 637 4773; x_wconf 92' lang='grc' dir='ltr'>Τί</span> <span class='ocrx_word' id='word_1_429' title='bbox 667 4722 833 4785; x_wconf 83' lang='grc' dir='ltr'>ἐστιν,</span> <span class='ocrx_word' id='word_1_430' title='bbox 872 4720 1122 4789; x_wconf 78' lang='grc' dir='ltr'>Ἆνόμως</span> <span class='ocrx_word' id='word_1_431' title='bbox 1149 4721 1550 4788; x_wconf 76' lang='grc' dir='ltr'>ἀπολοῦνται;</span> <span class='ocrx_word' id='word_1_432' title='bbox 1588 4726 1724 4796; x_wconf 77' lang='grc' dir='ltr'>Οὐχὶ</span> <span class='ocrx_word' id='word_1_433' title='bbox 1764 4727 1858 4781; x_wconf 89' lang='grc' dir='ltr'>τοῦ</span> <span class='ocrx_word' id='word_1_434' title='bbox 1902 4728 1990 4781; x_wconf 89' lang='grc' dir='ltr'>νό-</span> 
     </span>
    </p>
   </div>
   <div class='ocr_carea' id='block_1_52' title="bbox 307 4806 1989 4881">
    <p class='ocr_par' dir='ltr' id='par_1_52' title="bbox 307 4806 1989 4881">
     <span class='ocr_line' id='line_1_52' title="bbox 307 4806 1989 4881; baseline 0.007 -23"><span class='ocrx_word' id='word_1_435' title='bbox 307 4823 415 4878; x_wconf 82' lang='grc' dir='ltr'>μου</span> <span class='ocrx_word' id='word_1_436' title='bbox 462 4807 907 4880; x_wconf 78' lang='grc' dir='ltr'>κατηγοροῦντος,</span> <span class='ocrx_word' id='word_1_437' title='bbox 939 4806 1074 4860; x_wconf 82' lang='grc' dir='ltr'>ἀλλά</span> <span class='ocrx_word' id='word_1_438' title='bbox 1126 4807 1231 4860; x_wconf 88' lang='grc' dir='ltr'>τῶν</span> <span class='ocrx_word' id='word_1_439' title='bbox 1274 4807 1549 4881; x_wconf 87' lang='grc' dir='ltr'>λογισμῶν</span> <span class='ocrx_word' id='word_1_440' title='bbox 1588 4813 1681 4865; x_wconf 78' lang='grc' dir='ltr'>καὶ</span> <span class='ocrx_word' id='word_1_441' title='bbox 1722 4814 1816 4866; x_wconf 89' lang='grc' dir='ltr'>τοῦ</span> <span class='ocrx_word' id='word_1_442' title='bbox 1863 4832 1989 4869; x_wconf 81' lang='grc' dir='ltr'>συν-</span> 
     </span>
    </p>
   </div>
   <div class='ocr_carea' id='block_1_53' title="bbox 305 4891 2012 4968">
    <p class='ocr_par' dir='ltr' id='par_1_53' title="bbox 305 4891 2012 4968">
     <span class='ocr_line' id='line_1_53' title="bbox 305 4891 2012 4968; baseline 0.006 -20"><span class='ocrx_word' id='word_1_443' title='bbox 305 4893 527 4957; x_wconf 83' lang='grc' dir='ltr'>ειδότος.</span> <span class='ocrx_word' id='word_1_444' title='bbox 581 4898 645 4949; x_wconf 77' lang='grc' dir='ltr'><strong>Εἰ</strong></span> <span class='ocrx_word' id='word_1_445' title='bbox 684 4896 740 4949; x_wconf 80' lang='grc' dir='ltr'>δὲ</span> <span class='ocrx_word' id='word_1_446' title='bbox 783 4895 856 4968; x_wconf 86' lang='grc' dir='ltr'>μὴ</span> <span class='ocrx_word' id='word_1_447' title='bbox 902 4891 1047 4968; x_wconf 81' lang='grc' dir='ltr'>εἶχον</span> <span class='ocrx_word' id='word_1_448' title='bbox 1076 4896 1239 4966; x_wconf 88' lang='grc' dir='ltr'>νόμον</span> <span class='ocrx_word' id='word_1_449' title='bbox 1273 4896 1363 4950; x_wconf 90' lang='grc' dir='ltr'>τὸν</span> <span class='ocrx_word' id='word_1_450' title='bbox 1390 4898 1481 4952; x_wconf 88' lang='grc' dir='ltr'>τοῦ</span> <span class='ocrx_word' id='word_1_451' title='bbox 1511 4901 1830 4966; x_wconf 80' lang='grc' dir='ltr'>συνειδότος,</span> <span class='ocrx_word' id='word_1_452' title='bbox 1866 4904 2012 4958; x_wconf 77' lang='grc' dir='ltr'>οὐδὲ.</span> 
     </span>
    </p>
   </div>
   <div class='ocr_carea' id='block_1_54' title="bbox 306 4984 1988 5063">
    <p class='ocr_par' dir='ltr' id='par_1_54' title="bbox 306 4984 1988 5063">
     <span class='ocr_line' id='line_1_54' title="bbox 306 4984 1988 5063; baseline 0.007 -28"><span class='ocrx_word' id='word_1_453' title='bbox 306 4984 604 5038; x_wconf 80' lang='grc' dir='ltr'>ἀπολέσθαι</span> <span class='ocrx_word' id='word_1_454' title='bbox 644 4986 841 5049; x_wconf 80' lang='grc' dir='ltr'>αὐτοὺς</span> <span class='ocrx_word' id='word_1_455' title='bbox 868 4987 1281 5059; x_wconf 88' lang='grc' dir='ltr'>ἁμαρτάνοντας</span> <span class='ocrx_word' id='word_1_456' title='bbox 1310 4987 1414 5042; x_wconf 79' lang='grc' dir='ltr'>ἔδει</span> <span class='ocrx_word' id='word_1_457' title='bbox 1436 5002 1448 5015; x_wconf 83' lang='grc'><em>’</em></span> <span class='ocrx_word' id='word_1_458' title='bbox 1483 4990 1601 5054; x_wconf 90' lang='grc' dir='ltr'>πῶς</span> <span class='ocrx_word' id='word_1_459' title='bbox 1628 4991 1755 5063; x_wconf 86' lang='grc' dir='ltr'>γὰρ,</span> <span class='ocrx_word' id='word_1_460' title='bbox 1787 4995 1835 5045; x_wconf 85' lang='grc' dir='ltr'>εί</span> <span class='ocrx_word' id='word_1_461' title='bbox 1865 4993 1988 5047; x_wconf 83' lang='grc' dir='ltr'>ἀνό-</span> 
     </span>
    </p>
   </div>
   <div class='ocr_carea' id='block_1_55' title="bbox 310 5072 1985 5150">
    <p class='ocr_par' dir='ltr' id='par_1_55' title="bbox 310 5072 1985 5150">
     <span class='ocr_line' id='line_1_55' title="bbox 310 5072 1985 5150; baseline 0.008 -28"><span class='ocrx_word' id='word_1_462' title='bbox 310 5088 427 5144; x_wconf 85' lang='grc' dir='ltr'>μως</span> <span class='ocrx_word' id='word_1_463' title='bbox 452 5072 697 5143; x_wconf 77' lang='grc' dir='ltr'>ἥμαρτον</span> <span class='ocrx_word' id='word_1_464' title='bbox 719 5091 733 5139; x_wconf 90' lang='grc'>;</span> <span class='ocrx_word' id='word_1_465' title='bbox 784 5074 920 5127; x_wconf 83' lang='grc' dir='ltr'>Ἀλλ’</span> <span class='ocrx_word' id='word_1_466' title='bbox 947 5076 1183 5145; x_wconf 85' lang='grc' dir='ltr'>ἀνόμως</span> <span class='ocrx_word' id='word_1_467' title='bbox 1209 5079 1335 5131; x_wconf 84' lang='grc' dir='ltr'>ὅταν</span> <span class='ocrx_word' id='word_1_468' title='bbox 1364 5078 1514 5150; x_wconf 77' lang='grc' dir='ltr'>εἴπῃ,</span> <span class='ocrx_word' id='word_1_469' title='bbox 1543 5081 1603 5132; x_wconf 81' lang='grc' dir='ltr'>ού</span> <span class='ocrx_word' id='word_1_470' title='bbox 1634 5082 1792 5134; x_wconf 89' lang='grc' dir='ltr'>τοῦτο</span> <span class='ocrx_word' id='word_1_471' title='bbox 1819 5081 1985 5150; x_wconf 82' lang='grc' dir='ltr'>λέγει,</span> 
     </span>
    </p>
   </div>
   <div class='ocr_carea' id='block_1_56' title="bbox 305 5155 1985 5239">
    <p class='ocr_par' dir='ltr' id='par_1_56' title="bbox 305 5155 1985 5239">
     <span class='ocr_line' id='line_1_56' title="bbox 305 5155 1985 5239; baseline 0.007 -27"><span class='ocrx_word' id='word_1_472' title='bbox 305 5159 387 5212; x_wconf 81' lang='grc' dir='ltr'>ὅτι</span> <span class='ocrx_word' id='word_1_473' title='bbox 417 5160 517 5213; x_wconf 74' lang='grc' dir='ltr'>οὐκ</span> <span class='ocrx_word' id='word_1_474' title='bbox 549 5156 691 5232; x_wconf 77' lang='grc' dir='ltr'>εἶχον</span> <span class='ocrx_word' id='word_1_475' title='bbox 716 5164 899 5233; x_wconf 87' lang='grc' dir='ltr'>νόμον,</span> <span class='ocrx_word' id='word_1_476' title='bbox 934 5165 1048 5219; x_wconf 88' lang='grc' dir='ltr'>ἀλλ’</span> <span class='ocrx_word' id='word_1_477' title='bbox 1077 5167 1158 5220; x_wconf 80' lang='grc' dir='ltr'>ὅτι</span> <span class='ocrx_word' id='word_1_478' title='bbox 1199 5155 1298 5221; x_wconf 80' lang='grc' dir='ltr'>οὐκ</span> <span class='ocrx_word' id='word_1_479' title='bbox 1340 5164 1484 5239; x_wconf 77' lang='grc' dir='ltr'>εἶχον</span> <span class='ocrx_word' id='word_1_480' title='bbox 1518 5168 1680 5239; x_wconf 87' lang='grc' dir='ltr'>νόμον</span> <span class='ocrx_word' id='word_1_481' title='bbox 1718 5171 1985 5239; x_wconf 83' lang='grc' dir='ltr'>γραπτὸν,</span> 
     </span>
    </p>
   </div>
   <div class='ocr_carea' id='block_1_57' title="bbox 306 5246 1984 5326">
    <p class='ocr_par' dir='ltr' id='par_1_57' title="bbox 306 5246 1984 5326">
     <span class='ocr_line' id='line_1_57' title="bbox 306 5246 1984 5326; baseline 0.008 -27"><span class='ocrx_word' id='word_1_482' title='bbox 306 5246 395 5300; x_wconf 79' lang='grc' dir='ltr'>τὸν</span> <span class='ocrx_word' id='word_1_483' title='bbox 427 5248 484 5301; x_wconf 86' lang='grc' dir='ltr'>δέ</span> <span class='ocrx_word' id='word_1_484' title='bbox 515 5249 614 5320; x_wconf 81' lang='grc' dir='ltr'>τῆς</span> <span class='ocrx_word' id='word_1_485' title='bbox 648 5250 862 5319; x_wconf 84' lang='grc' dir='ltr'>φύσεως</span> <span class='ocrx_word' id='word_1_486' title='bbox 898 5253 1059 5323; x_wconf 84' lang='grc' dir='ltr'>νόμον</span> <span class='ocrx_word' id='word_1_487' title='bbox 1106 5253 1269 5326; x_wconf 81' lang='grc' dir='ltr'>εἶχον.</span> <span class='ocrx_word' id='word_1_488' title='bbox 1329 5257 1438 5310; x_wconf 77' lang='grc' dir='ltr'>Καὶ</span> <span class='ocrx_word' id='word_1_489' title='bbox 1482 5257 1672 5311; x_wconf 72' lang='grc' dir='ltr'>πςὶιλιν⁸</span> <span class='ocrx_word' id='word_1_490' title='bbox 1713 5258 1868 5323; x_wconf 80' lang='grc' dir='ltr'>Δόξα</span> <span class='ocrx_word' id='word_1_491' title='bbox 1894 5259 1984 5325; x_wconf 82' lang='grc' dir='ltr'>δὲ,</span> 
     </span>
    </p>
   </div>
   <div class='ocr_carea' id='block_1_58' title="bbox 303 5336 1990 5418">
    <p class='ocr_par' dir='ltr' id='par_1_58' title="bbox 303 5336 1990 5418">
     <span class='ocr_line' id='line_1_58' title="bbox 303 5336 1990 5418; baseline 0.009 -31"><span class='ocrx_word' id='word_1_492' title='bbox 303 5336 404 5388; x_wconf 77' lang='grc' dir='ltr'>καί</span> <span class='ocrx_word' id='word_1_493' title='bbox 440 5337 599 5407; x_wconf 80' lang='grc' dir='ltr'>τιμὴ.</span> <span class='ocrx_word' id='word_1_494' title='bbox 637 5339 735 5394; x_wconf 77' lang='grc' dir='ltr'>καὶ</span> <span class='ocrx_word' id='word_1_495' title='bbox 768 5338 975 5408; x_wconf 71' lang='grc' dir='ltr'>εἰρήνη</span> <span class='ocrx_word' id='word_1_496' title='bbox 1007 5344 1185 5395; x_wconf 81' lang='grc' dir='ltr'>παντὶ</span> <span class='ocrx_word' id='word_1_497' title='bbox 1228 5341 1308 5409; x_wconf 86' lang='grc' dir='ltr'>τῷ</span> <span class='ocrx_word' id='word_1_498' title='bbox 1341 5344 1705 5415; x_wconf 80' lang='grc' dir='ltr'>ἐργαζομένῳ</span> <span class='ocrx_word' id='word_1_499' title='bbox 1750 5348 1815 5401; x_wconf 82' lang='grc' dir='ltr'>τὸ</span> <span class='ocrx_word' id='word_1_500' title='bbox 1845 5347 1990 5418; x_wconf 74' lang='grc' dir='ltr'>ἁγα-</span> 
     </span>
    </p>
   </div>
   <div class='ocr_carea' id='block_1_59' title="bbox 301 5423 1995 5503">
    <p class='ocr_par' dir='ltr' id='par_1_59' title="bbox 301 5423 1995 5503">
     <span class='ocr_line' id='line_1_59' title="bbox 301 5423 1995 5503; baseline 0.01 -27"><span class='ocrx_word' id='word_1_501' title='bbox 301 5423 436 5487; x_wconf 80' lang='grc' dir='ltr'>οὸν,</span> <span class='ocrx_word' id='word_1_502' title='bbox 478 5426 734 5492; x_wconf 85' lang='grc' dir='ltr'>Ἰουδαίῳ</span> <span class='ocrx_word' id='word_1_503' title='bbox 757 5444 823 5481; x_wconf 87' lang='grc' dir='ltr'>τε</span> <span class='ocrx_word' id='word_1_504' title='bbox 847 5428 1085 5496; x_wconf 79' lang='grc' dir='ltr'>πρῶτον</span> <span class='ocrx_word' id='word_1_505' title='bbox 1111 5432 1209 5485; x_wconf 80' lang='grc' dir='ltr'>καὶ</span> <span class='ocrx_word' id='word_1_506' title='bbox 1238 5433 1512 5500; x_wconf 78' lang='grc' dir='ltr'>Ἕλληνι.</span> <span class='ocrx_word' id='word_1_507' title='bbox 1990 5456 1995 5503; x_wconf 74' lang='grc' dir='ltr'>ξ</span> 
     </span>
    </p>
   </div>
   <div class='ocr_carea' id='block_1_60' title="bbox 377 5526 1988 5612">
    <p class='ocr_par' dir='ltr' id='par_1_60' title="bbox 377 5526 1988 5612">
     <span class='ocr_line' id='line_1_60' title="bbox 377 5526 1988 5612; baseline 0.01 -32"><span class='ocrx_word' id='word_1_508' title='bbox 377 5526 563 5582; x_wconf 87' lang='grc' dir='ltr'>Ταῦτα</span> <span class='ocrx_word' id='word_1_509' title='bbox 599 5532 656 5585; x_wconf 82' lang='grc' dir='ltr'>δὲ</span> <span class='ocrx_word' id='word_1_510' title='bbox 691 5532 844 5601; x_wconf 80' lang='grc' dir='ltr'>ἔλεγε</span> <span class='ocrx_word' id='word_1_511' title='bbox 889 5535 1016 5606; x_wconf 77' lang='grc' dir='ltr'>περὶ</span> <span class='ocrx_word' id='word_1_512' title='bbox 1059 5535 1166 5590; x_wconf 88' lang='grc' dir='ltr'>τῶν</span> <span class='ocrx_word' id='word_1_513' title='bbox 1204 5536 1317 5590; x_wconf 81' lang='grc' dir='ltr'>ἄνω</span> <span class='ocrx_word' id='word_1_514' title='bbox 1358 5538 1565 5607; x_wconf 86' lang='grc' dir='ltr'>χρόνων</span> <span class='ocrx_word' id='word_1_515' title='bbox 1605 5540 1988 5612; x_wconf 80' lang='grc' dir='ltr'>διαλεγόμενος</span> 
     </span>
    </p>
   </div>
   <div class='ocr_carea' id='block_1_61' title="bbox 302 5613 1990 5700">
    <p class='ocr_par' dir='ltr' id='par_1_61' title="bbox 302 5613 1990 5700">
     <span class='ocr_line' id='line_1_61' title="bbox 302 5613 1990 5700; baseline 0.011 -33"><span class='ocrx_word' id='word_1_516' title='bbox 302 5613 414 5668; x_wconf 80' lang='grc' dir='ltr'>τῶν</span> <span class='ocrx_word' id='word_1_517' title='bbox 445 5616 548 5687; x_wconf 82' lang='grc' dir='ltr'>-τρὸ</span> <span class='ocrx_word' id='word_1_518' title='bbox 582 5619 680 5687; x_wconf 81' lang='grc' dir='ltr'>τῆς</span> <span class='ocrx_word' id='word_1_519' title='bbox 712 5622 1015 5691; x_wconf 81' lang='grc' dir='ltr'>παρουσίας</span> <span class='ocrx_word' id='word_1_520' title='bbox 1048 5622 1144 5676; x_wconf 87' lang='grc' dir='ltr'>τοῦ</span> <span class='ocrx_word' id='word_1_521' title='bbox 1182 5623 1440 5696; x_wconf 79' lang='grc' dir='ltr'>Χριστοῦ.</span> <span class='ocrx_word' id='word_1_522' title='bbox 1486 5627 1596 5680; x_wconf 73' lang='grc' dir='ltr'>Καὶ</span> <span class='ocrx_word' id='word_1_523' title='bbox 1625 5628 1864 5700; x_wconf 84' lang='grc' dir='ltr'>Ἕλληνα</span> <span class='ocrx_word' id='word_1_524' title='bbox 1904 5633 1990 5684; x_wconf 89' lang='grc' dir='ltr'>ἐν-</span> 
     </span>
    </p>
   </div>
   <div class='ocr_carea' id='block_1_62' title="bbox 305 5700 1990 5790">
    <p class='ocr_par' dir='ltr' id='par_1_62' title="bbox 305 5700 1990 5790">
     <span class='ocr_line' id='line_1_62' title="bbox 305 5700 1990 5790; baseline 0.012 -38"><span class='ocrx_word' id='word_1_525' title='bbox 305 5700 481 5790; x_wconf 74' lang='grc' dir='ltr'>ταῦθα</span> <span class='ocrx_word' id='word_1_526' title='bbox 531 5704 688 5790; x_wconf 85' lang='grc' dir='ltr'>καλεῖ</span> <span class='ocrx_word' id='word_1_527' title='bbox 729 5707 789 5758; x_wconf 80' lang='grc' dir='ltr'>οὐ</span> <span class='ocrx_word' id='word_1_528' title='bbox 835 5708 926 5761; x_wconf 83' lang='grc' dir='ltr'>τὸν</span> <span class='ocrx_word' id='word_1_529' title='bbox 970 5710 1382 5783; x_wconf 86' lang='grc' dir='ltr'>είδωλολάτρην,</span> <span class='ocrx_word' id='word_1_530' title='bbox 1431 5714 1564 5768; x_wconf 83' lang='grc' dir='ltr'>ἀλλᾶ</span> <span class='ocrx_word' id='word_1_531' title='bbox 1602 5716 1696 5770; x_wconf 86' lang='grc' dir='ltr'>τὸν</span> <span class='ocrx_word' id='word_1_532' title='bbox 1750 5734 1990 5790; x_wconf 81' lang='grc' dir='ltr'>προσκυ-</span> 
     </span>
    </p>
   </div>
   <div class='ocr_carea' id='block_1_63' title="bbox 306 5787 1986 5877">
    <p class='ocr_par' dir='ltr' id='par_1_63' title="bbox 306 5787 1986 5877">
     <span class='ocr_line' id='line_1_63' title="bbox 306 5787 1986 5877; baseline 0.014 -39"><span class='ocrx_word' id='word_1_533' title='bbox 306 5787 504 5877; x_wconf 73' lang='grc' dir='ltr'>νοῦντα</span> <span class='ocrx_word' id='word_1_534' title='bbox 531 5789 629 5877; x_wconf 81' lang='grc' dir='ltr'>μέν</span> <span class='ocrx_word' id='word_1_535' title='bbox 657 5790 747 5843; x_wconf 85' lang='grc' dir='ltr'>τὸν</span> <span class='ocrx_word' id='word_1_536' title='bbox 778 5793 906 5846; x_wconf 84' lang='grc' dir='ltr'>Θεὸν</span> <span class='ocrx_word' id='word_1_537' title='bbox 944 5796 1122 5865; x_wconf 88' lang='grc' dir='ltr'>μόνον,</span> <span class='ocrx_word' id='word_1_538' title='bbox 1157 5799 1257 5853; x_wconf 84' lang='grc' dir='ltr'>οὐκ</span> <span class='ocrx_word' id='word_1_539' title='bbox 1300 5800 1640 5873; x_wconf 82' lang='grc' dir='ltr'>ἐνδεδεμένον</span> <span class='ocrx_word' id='word_1_540' title='bbox 1677 5805 1735 5858; x_wconf 82' lang='grc' dir='ltr'>δὲ</span> <span class='ocrx_word' id='word_1_541' title='bbox 1767 5787 1832 5877; x_wconf 67' lang='grc' dir='ltr'>τῇ</span> <span class='ocrx_word' id='word_1_542' title='bbox 1875 5807 1986 5861; x_wconf 87' lang='grc' dir='ltr'>τῶν</span> 
     </span>
    </p>
   </div>
   <div class='ocr_carea' id='block_1_64' title="bbox 321 5871 1984 5965">
    <p class='ocr_par' dir='ltr' id='par_1_64' title="bbox 321 5871 1984 5965">
     <span class='ocr_line' id='line_1_64' title="bbox 321 5871 1984 5965; baseline 0.01 -32"><span class='ocrx_word' id='word_1_543' title='bbox 321 5871 624 5930; x_wconf 69' lang='grc' dir='ltr'>Ἰουδαϊκῶν</span> <span class='ocrx_word' id='word_1_544' title='bbox 664 5884 1094 5952; x_wconf 77' lang='grc' dir='ltr'>παρατηρήσεων</span> <span class='ocrx_word' id='word_1_545' title='bbox 1136 5886 1369 5960; x_wconf 78' lang='grc' dir='ltr'>ἀνάγκῃ,</span> <span class='ocrx_word' id='word_1_546' title='bbox 1410 5871 1984 5965; x_wconf 56' lang='grc' dir='ltr'>σαϐϐατισμοῖξλέγω</span> 
     </span>
    </p>
   </div>
   <div class='ocr_carea' id='block_1_65' title="bbox 1095 310 2953 374">
    <p class='ocr_par' dir='ltr' id='par_1_65' title="bbox 1095 310 2953 374">
     <span class='ocr_line' id='line_1_65' title="bbox 1095 310 2953 374; baseline -0.002 -5"><span class='ocrx_word' id='word_1_547' title='bbox 1095 315 1151 369; x_wconf 93' lang='lat' dir='ltr'>S.</span> <span class='ocrx_word' id='word_1_548' title='bbox 1194 315 1483 371; x_wconf 77' lang='lat' dir='ltr'>JOANNIS</span> <span class='ocrx_word' id='word_1_549' title='bbox 1514 314 2004 372; x_wconf 76' lang='lat' dir='ltr'>CIIBYSOSTOMI</span> <span class='ocrx_word' id='word_1_550' title='bbox 2040 314 2362 374; x_wconf 78' lang='lat' dir='ltr'>ARCHIEP.</span> <span class='ocrx_word' id='word_1_551' title='bbox 2402 310 2953 370; x_wconf 75' lang='lat' dir='ltr'>CONSTANTINOP.</span> 
     </span>
    </p>
   </div>
   <div class='ocr_carea' id='block_1_66' title="bbox 3676 312 3770 369">
    <p class='ocr_par' dir='ltr' id='par_1_66' title="bbox 3676 312 3770 369">
     <span class='ocr_line' id='line_1_66' title="bbox 3676 312 3770 369; baseline 0.043 -4"><span class='ocrx_word' id='word_1_552' title='bbox 3676 312 3770 369; x_wconf 60' lang='lat'>13$</span> 
     </span>
    </p>
   </div>
   <div class='ocr_carea' id='block_1_67' title="bbox 2119 422 3772 500">
    <p class='ocr_par' dir='ltr' id='par_1_67' title="bbox 2119 422 3772 500">
     <span class='ocr_line' id='line_1_67' title="bbox 2119 422 3772 500; baseline -0.001 -19"><span class='ocrx_word' id='word_1_553' title='bbox 2119 428 2221 482; x_wconf 71' lang='grc' dir='ltr'>καὶ</span> <span class='ocrx_word' id='word_1_554' title='bbox 2245 432 2507 500; x_wconf 79' lang='grc' dir='ltr'>περιτομῇ</span> <span class='ocrx_word' id='word_1_555' title='bbox 2556 427 2651 481; x_wconf 77' lang='grc' dir='ltr'>καὶ</span> <span class='ocrx_word' id='word_1_556' title='bbox 2688 429 3045 498; x_wconf 78' lang='grc' dir='ltr'>καθαρισμοῖς</span> <span class='ocrx_word' id='word_1_557' title='bbox 3074 426 3364 495; x_wconf 66' lang='grc' dir='ltr'>διαφόροις,</span> <span class='ocrx_word' id='word_1_558' title='bbox 3394 422 3530 478; x_wconf 76' lang='grc' dir='ltr'>ἁλλά</span> <span class='ocrx_word' id='word_1_559' title='bbox 3569 426 3772 491; x_wconf 77' lang='grc' dir='ltr'>φιλοσο-</span> 
     </span>
    </p>
   </div>
   <div class='ocr_carea' id='block_1_68' title="bbox 2119 512 3772 584">
    <p class='ocr_par' dir='ltr' id='par_1_68' title="bbox 2119 512 3772 584">
     <span class='ocr_line' id='line_1_68' title="bbox 2119 512 3772 584; baseline -0.001 -17"><span class='ocrx_word' id='word_1_560' title='bbox 2119 517 2246 584; x_wconf 73' lang='grc' dir='ltr'>φίαν</span> <span class='ocrx_word' id='word_1_561' title='bbox 2278 518 2370 569; x_wconf 78' lang='grc' dir='ltr'>καὶ</span> <span class='ocrx_word' id='word_1_562' title='bbox 2395 515 2674 568; x_wconf 81' lang='grc' dir='ltr'>εὐσέϐειαν</span> <span class='ocrx_word' id='word_1_563' title='bbox 2716 514 2932 567; x_wconf 77' lang='grc' dir='ltr'>ἃπασαν</span> <span class='ocrx_word' id='word_1_564' title='bbox 2974 512 3429 581; x_wconf 84' lang='grc' dir='ltr'>ἐπιδεικνύμενον.</span> <span class='ocrx_word' id='word_1_565' title='bbox 3474 512 3581 564; x_wconf 73' lang='grc' dir='ltr'>Καὶ</span> <span class='ocrx_word' id='word_1_566' title='bbox 3621 512 3772 566; x_wconf 80' lang='grc' dir='ltr'>πάλιν</span> 
     </span>
    </p>
   </div>
   <div class='ocr_carea' id='block_1_69' title="bbox 2119 595 3774 671">
    <p class='ocr_par' dir='ltr' id='par_1_69' title="bbox 2119 595 3774 671">
     <span class='ocr_line' id='line_1_69' title="bbox 2119 595 3774 671; baseline -0.002 -17"><span class='ocrx_word' id='word_1_567' title='bbox 2119 604 2246 671; x_wconf 78' lang='grc' dir='ltr'>περὶ</span> <span class='ocrx_word' id='word_1_568' title='bbox 2287 603 2379 655; x_wconf 87' lang='grc' dir='ltr'>τοῦ</span> <span class='ocrx_word' id='word_1_569' title='bbox 2430 602 2595 655; x_wconf 74' lang='grc' dir='ltr'>αὑτοῦ</span> <span class='ocrx_word' id='word_1_570' title='bbox 2641 601 3019 670; x_wconf 83' lang='grc' dir='ltr'>διαλεγόμενός</span> <span class='ocrx_word' id='word_1_571' title='bbox 3066 615 3230 669; x_wconf 81' lang='grc' dir='ltr'>φησι’</span> <span class='ocrx_word' id='word_1_572' title='bbox 3275 595 3468 665; x_wconf 74' lang='grc' dir='ltr'>Θυμύς</span> <span class='ocrx_word' id='word_1_573' title='bbox 3494 598 3587 649; x_wconf 80' lang='grc' dir='ltr'>καὶ</span> <span class='ocrx_word' id='word_1_574' title='bbox 3613 597 3774 668; x_wconf 78' lang='grc' dir='ltr'>ὀργὴ,</span> 
     </span>
    </p>
   </div>
   <div class='ocr_carea' id='block_1_70' title="bbox 2114 683 3774 756">
    <p class='ocr_par' dir='ltr' id='par_1_70' title="bbox 2114 683 3774 756">
     <span class='ocr_line' id='line_1_70' title="bbox 2114 683 3774 756; baseline 0 -17"><span class='ocrx_word' id='word_1_575' title='bbox 2114 688 2315 755; x_wconf 67' lang='grc' dir='ltr'>θλῖψις</span> <span class='ocrx_word' id='word_1_576' title='bbox 2348 688 2444 740; x_wconf 73' lang='grc' dir='ltr'>καὶ</span> <span class='ocrx_word' id='word_1_577' title='bbox 2477 688 2845 756; x_wconf 84' lang='grc' dir='ltr'>στενοχωρία</span> <span class='ocrx_word' id='word_1_578' title='bbox 2871 685 2971 738; x_wconf 75' lang='grc' dir='ltr'>ἐπὶ</span> <span class='ocrx_word' id='word_1_579' title='bbox 2999 685 3206 738; x_wconf 78' lang='grc' dir='ltr'>πᾶσαν</span> <span class='ocrx_word' id='word_1_580' title='bbox 3230 683 3435 751; x_wconf 71' lang='grc' dir='ltr'>ψυχὴν</span> <span class='ocrx_word' id='word_1_581' title='bbox 3471 684 3774 751; x_wconf 72' lang='grc' dir='ltr'>ἀνθρώπου</span> 
     </span>
    </p>
   </div>
   <div class='ocr_carea' id='block_1_71' title="bbox 2114 768 3774 842">
    <p class='ocr_par' dir='ltr' id='par_1_71' title="bbox 2114 768 3774 842">
     <span class='ocr_line' id='line_1_71' title="bbox 2114 768 3774 842; baseline 0.001 -17"><span class='ocrx_word' id='word_1_582' title='bbox 2114 773 2617 842; x_wconf 73' lang='grc' dir='ltr'>κατεργαζομένου</span> <span class='ocrx_word' id='word_1_583' title='bbox 2652 773 2719 825; x_wconf 86' lang='grc' dir='ltr'>τὸ</span> <span class='ocrx_word' id='word_1_584' title='bbox 2751 772 2963 833; x_wconf 67' lang='grc' dir='ltr'>κακὸν,</span> <span class='ocrx_word' id='word_1_585' title='bbox 3006 771 3290 823; x_wconf 79' lang='grc' dir='ltr'>Ἰουδαίου</span> <span class='ocrx_word' id='word_1_586' title='bbox 3323 786 3384 822; x_wconf 87' lang='grc' dir='ltr'>τε</span> <span class='ocrx_word' id='word_1_587' title='bbox 3414 768 3774 835; x_wconf 77' lang='grc' dir='ltr'>πρῶτω’,και</span> 
     </span>
    </p>
   </div>
   <div class='ocr_carea' id='block_1_72' title="bbox 2116 856 3774 929">
    <p class='ocr_par' dir='ltr' id='par_1_72' title="bbox 2116 856 3774 929">
     <span class='ocr_line' id='line_1_72' title="bbox 2116 856 3774 929; baseline -0.001 -18"><span class='ocrx_word' id='word_1_588' title='bbox 2116 860 2415 928; x_wconf 78' lang='grc' dir='ltr'>Ἕλληνος</span> <span class='ocrx_word' id='word_1_589' title='bbox 2465 861 2632 913; x_wconf 87' lang='grc' dir='ltr'>Πάλιν</span> <span class='ocrx_word' id='word_1_590' title='bbox 2672 858 2906 911; x_wconf 85' lang='grc' dir='ltr'>ἐνταῦθα</span> <span class='ocrx_word' id='word_1_591' title='bbox 2944 858 3182 929; x_wconf 80' lang='grc' dir='ltr'>Ἕλληνα</span> <span class='ocrx_word' id='word_1_592' title='bbox 3221 857 3373 910; x_wconf 85' lang='grc' dir='ltr'>καλεῖ</span> <span class='ocrx_word' id='word_1_593' title='bbox 3415 856 3506 908; x_wconf 80' lang='grc' dir='ltr'>τὸν</span> <span class='ocrx_word' id='word_1_594' title='bbox 3542 857 3774 925; x_wconf 84' lang='grc' dir='ltr'>ἀπηλλα-</span> 
     </span>
    </p>
   </div>
   <div class='ocr_carea' id='block_1_73' title="bbox 2112 944 3774 1019">
    <p class='ocr_par' dir='ltr' id='par_1_73' title="bbox 2112 944 3774 1019">
     <span class='ocr_line' id='line_1_73' title="bbox 2112 944 3774 1019; baseline 0.006 -31"><span class='ocrx_word' id='word_1_595' title='bbox 2112 947 2311 1016; x_wconf 75' lang='grc' dir='ltr'>γμένον</span> <span class='ocrx_word' id='word_1_596' title='bbox 2363 949 2462 1018; x_wconf 80' lang='grc' dir='ltr'>τῆς</span> <span class='ocrx_word' id='word_1_597' title='bbox 2516 949 2952 1019; x_wconf 80' lang='grc' dir='ltr'>παρατηρήσεως</span> <span class='ocrx_word' id='word_1_598' title='bbox 3004 947 3101 1016; x_wconf 83' lang='grc' dir='ltr'>τῆς</span> <span class='ocrx_word' id='word_1_599' title='bbox 3143 944 3453 1014; x_wconf 73' lang='grc' dir='ltr'>Ἰουδαϊκῆς.</span> <span class='ocrx_word' id='word_1_600' title='bbox 3502 944 3563 997; x_wconf 71' lang='lat' dir='ltr'>Ei</span> <span class='ocrx_word' id='word_1_601' title='bbox 3603 945 3774 998; x_wconf 82' lang='grc' dir='ltr'>τοίνυν</span> 
     </span>
    </p>
   </div>
   <div class='ocr_carea' id='block_1_74' title="bbox 2117 1031 3773 1105">
    <p class='ocr_par' dir='ltr' id='par_1_74' title="bbox 2117 1031 3773 1105">
     <span class='ocr_line' id='line_1_74' title="bbox 2117 1031 3773 1105; baseline 0.014 -1"><span class='ocrx_word' id='word_1_602' title='bbox 2117 1037 2250 1104; x_wconf 80' lang='grc' dir='ltr'>μήτε</span> <span class='ocrx_word' id='word_1_603' title='bbox 2289 1035 2453 1103; x_wconf 69' lang='grc' dir='ltr'>νόμου</span> <span class='ocrx_word' id='word_1_604' title='bbox 2495 1035 2725 1105; x_wconf 73' lang='grc' dir='ltr'>ἢκουσε,</span> <span class='ocrx_word' id='word_1_605' title='bbox 2774 1034 2910 1103; x_wconf 74' lang='grc' dir='ltr'>μήτε</span> <span class='ocrx_word' id='word_1_606' title='bbox 2961 1035 3098 1102; x_wconf 73' lang='grc' dir='ltr'>μετά</span> <span class='ocrx_word' id='word_1_607' title='bbox 3135 1031 3399 1084; x_wconf 73' lang='grc' dir='ltr'>Ἰουδαίων</span> <span class='ocrx_word' id='word_1_608' title='bbox 3448 1032 3773 1102; x_wconf 40' lang='grc' dir='ltr'>ἀνεστράφλ</span> 
     </span>
    </p>
   </div>
   <div class='ocr_carea' id='block_1_75' title="bbox 2112 1117 3772 1190">
    <p class='ocr_par' dir='ltr' id='par_1_75' title="bbox 2112 1117 3772 1190">
     <span class='ocr_line' id='line_1_75' title="bbox 2112 1117 3772 1190; baseline -0.002 -19"><span class='ocrx_word' id='word_1_609' title='bbox 2112 1120 2228 1183; x_wconf 88' lang='grc' dir='ltr'>πῶς</span> <span class='ocrx_word' id='word_1_610' title='bbox 2258 1120 2410 1174; x_wconf 79' lang='grc' dir='ltr'>ἔσται</span> <span class='ocrx_word' id='word_1_611' title='bbox 2437 1120 2583 1190; x_wconf 80' lang='grc' dir='ltr'>αύτῴ</span> <span class='ocrx_word' id='word_1_612' title='bbox 2613 1120 2781 1189; x_wconf 84' lang='grc' dir='ltr'>θυμὸς</span> <span class='ocrx_word' id='word_1_613' title='bbox 2810 1120 2904 1171; x_wconf 72' lang='grc' dir='ltr'>καὶ</span> <span class='ocrx_word' id='word_1_614' title='bbox 2933 1119 3070 1189; x_wconf 81' lang='grc' dir='ltr'>ὀργὴ</span> <span class='ocrx_word' id='word_1_615' title='bbox 3101 1120 3196 1171; x_wconf 72' lang='grc' dir='ltr'>καὶ</span> <span class='ocrx_word' id='word_1_616' title='bbox 3219 1117 3396 1185; x_wconf 70' lang='grc' dir='ltr'>θλῖψις</span> <span class='ocrx_word' id='word_1_617' title='bbox 3436 1117 3772 1187; x_wconf 74' lang='grc' dir='ltr'>ἐργαζομένῳ</span> 
     </span>
    </p>
   </div>
   <div class='ocr_carea' id='block_1_76' title="bbox 2110 1204 3769 1279">
    <p class='ocr_par' dir='ltr' id='par_1_76' title="bbox 2110 1204 3769 1279">
     <span class='ocr_line' id='line_1_76' title="bbox 2110 1204 3769 1279; baseline -0.001 -20"><span class='ocrx_word' id='word_1_618' title='bbox 2110 1207 2169 1259; x_wconf 88' lang='grc' dir='ltr'>τὸ</span> <span class='ocrx_word' id='word_1_619' title='bbox 2197 1208 2405 1272; x_wconf 85' lang='grc' dir='ltr'>κακόν;</span> <span class='ocrx_word' id='word_1_620' title='bbox 2448 1207 2667 1279; x_wconf 79' lang='grc' dir='ltr'>Ἐπειδὴ</span> <span class='ocrx_word' id='word_1_621' title='bbox 2710 1206 2948 1269; x_wconf 82' lang='grc' dir='ltr'>συνειδὸς</span> <span class='ocrx_word' id='word_1_622' title='bbox 2987 1204 3127 1275; x_wconf 76' lang='grc' dir='ltr'>εἶχεν</span> <span class='ocrx_word' id='word_1_623' title='bbox 3172 1205 3317 1258; x_wconf 79' lang='grc' dir='ltr'>ἔνδον</span> <span class='ocrx_word' id='word_1_624' title='bbox 3358 1205 3582 1274; x_wconf 86' lang='grc' dir='ltr'>ἐνηχοῦν</span> <span class='ocrx_word' id='word_1_625' title='bbox 3611 1205 3769 1275; x_wconf 77' lang='grc' dir='ltr'>αὐτῷ,</span> 
     </span>
    </p>
   </div>
   <div class='ocr_carea' id='block_1_77' title="bbox 2111 1291 3765 1362">
    <p class='ocr_par' dir='ltr' id='par_1_77' title="bbox 2111 1291 3765 1362">
     <span class='ocr_line' id='line_1_77' title="bbox 2111 1291 3765 1362; baseline -0.001 -18"><span class='ocrx_word' id='word_1_626' title='bbox 2111 1292 2207 1345; x_wconf 73' lang='grc' dir='ltr'>καὶ</span> <span class='ocrx_word' id='word_1_627' title='bbox 2238 1293 2486 1347; x_wconf 73' lang='grc' dir='ltr'>διδάσκον</span> <span class='ocrx_word' id='word_1_628' title='bbox 2517 1294 2610 1346; x_wconf 78' lang='grc' dir='ltr'>καὶ</span> <span class='ocrx_word' id='word_1_629' title='bbox 2646 1293 2895 1345; x_wconf 82' lang='grc' dir='ltr'>παιδεῦον</span> <span class='ocrx_word' id='word_1_630' title='bbox 2927 1293 3161 1346; x_wconf 75' lang='grc' dir='ltr'>ἅπαντα.</span> <span class='ocrx_word' id='word_1_631' title='bbox 3198 1293 3366 1345; x_wconf 89' lang='grc' dir='ltr'>Πόθεν</span> <span class='ocrx_word' id='word_1_632' title='bbox 3392 1292 3550 1362; x_wconf 77' lang='grc' dir='ltr'>δῆλον</span> <span class='ocrx_word' id='word_1_633' title='bbox 3587 1291 3765 1357; x_wconf 83' lang='grc' dir='ltr'>τοῦ’το;</span> 
     </span>
    </p>
   </div>
   <div class='ocr_carea' id='block_1_78' title="bbox 2123 1373 3769 1452">
    <p class='ocr_par' dir='ltr' id='par_1_78' title="bbox 2123 1373 3769 1452">
     <span class='ocr_line' id='line_1_78' title="bbox 2123 1373 3769 1452; baseline 0 -21"><span class='ocrx_word' id='word_1_634' title='bbox 2123 1380 2242 1446; x_wconf 73' lang='grc' dir='ltr'>Ἀφ’</span> <span class='ocrx_word' id='word_1_635' title='bbox 2264 1375 2339 1433; x_wconf 80' lang='grc' dir='ltr'>ὧν</span> <span class='ocrx_word' id='word_1_636' title='bbox 2363 1382 2581 1451; x_wconf 87' lang='grc' dir='ltr'>ἐτέρους</span> <span class='ocrx_word' id='word_1_637' title='bbox 2612 1381 3020 1452; x_wconf 86' lang='grc' dir='ltr'>ἁμαρτάνοντας</span> <span class='ocrx_word' id='word_1_638' title='bbox 3048 1381 3325 1445; x_wconf 82' lang='grc' dir='ltr'>ἐκόλασεν,</span> <span class='ocrx_word' id='word_1_639' title='bbox 3354 1380 3448 1449; x_wconf 80' lang='grc' dir='ltr'>ἀφ’</span> <span class='ocrx_word' id='word_1_640' title='bbox 3478 1373 3552 1433; x_wconf 78' lang='grc' dir='ltr'>ὧν</span> <span class='ocrx_word' id='word_1_641' title='bbox 3586 1379 3769 1449; x_wconf 84' lang='grc' dir='ltr'>νόμους</span> 
     </span>
    </p>
   </div>
   <div class='ocr_carea' id='block_1_79' title="bbox 2109 1461 3771 1539">
    <p class='ocr_par' dir='ltr' id='par_1_79' title="bbox 2109 1461 3771 1539">
     <span class='ocr_line' id='line_1_79' title="bbox 2109 1461 3771 1539; baseline 0.004 -22"><span class='ocrx_word' id='word_1_642' title='bbox 2109 1465 2326 1536; x_wconf 77' lang='grc' dir='ltr'>ἔθηκεν,</span> <span class='ocrx_word' id='word_1_643' title='bbox 2357 1468 2451 1535; x_wconf 81' lang='grc' dir='ltr'>ἀφ’</span> <span class='ocrx_word' id='word_1_644' title='bbox 2479 1461 2553 1520; x_wconf 85' lang='grc' dir='ltr'>ὧν</span> <span class='ocrx_word' id='word_1_645' title='bbox 2584 1468 2653 1521; x_wconf 80' lang='grc' dir='ltr'>τὰ</span> <span class='ocrx_word' id='word_1_646' title='bbox 2684 1468 3007 1539; x_wconf 82' lang='grc' dir='ltr'>δικαστήρια</span> <span class='ocrx_word' id='word_1_647' title='bbox 3035 1467 3275 1522; x_wconf 76' lang='grc' dir='ltr'>ἐκάθισε.</span> <span class='ocrx_word' id='word_1_648' title='bbox 3311 1467 3483 1521; x_wconf 88' lang='grc' dir='ltr'>Τοῦτο</span> <span class='ocrx_word' id='word_1_649' title='bbox 3514 1467 3619 1537; x_wconf 78' lang='grc' dir='ltr'>γὰρ</span> <span class='ocrx_word' id='word_1_650' title='bbox 3651 1468 3771 1523; x_wconf 80' lang='grc' dir='ltr'>αὐτὸ</span> 
     </span>
    </p>
   </div>
   <div class='ocr_carea' id='block_1_80' title="bbox 2107 1553 3775 1627">
    <p class='ocr_par' dir='ltr' id='par_1_80' title="bbox 2107 1553 3775 1627">
     <span class='ocr_line' id='line_1_80' title="bbox 2107 1553 3775 1627; baseline 0.003 -22"><span class='ocrx_word' id='word_1_651' title='bbox 2107 1553 2283 1622; x_wconf 86' lang='grc' dir='ltr'>δηλῶν</span> <span class='ocrx_word' id='word_1_652' title='bbox 2312 1557 2340 1606; x_wconf 88' lang='grc' dir='ltr'><strong>ὁ</strong></span> <span class='ocrx_word' id='word_1_653' title='bbox 2378 1555 2583 1618; x_wconf 83' lang='grc' dir='ltr'>Παῦλος</span> <span class='ocrx_word' id='word_1_654' title='bbox 2623 1555 2772 1623; x_wconf 71' lang='grc' dir='ltr'>ἔλεγε</span> <span class='ocrx_word' id='word_1_655' title='bbox 2804 1557 2930 1626; x_wconf 79' lang='grc' dir='ltr'>περὶ</span> <span class='ocrx_word' id='word_1_656' title='bbox 2963 1555 3071 1609; x_wconf 89' lang='grc' dir='ltr'>τῶν</span> <span class='ocrx_word' id='word_1_657' title='bbox 3108 1558 3167 1609; x_wconf 79' lang='grc' dir='ltr'>ἐν</span> <span class='ocrx_word' id='word_1_658' title='bbox 3205 1556 3379 1627; x_wconf 72' lang='grc' dir='ltr'>κακία</span> <span class='ocrx_word' id='word_1_659' title='bbox 3406 1554 3650 1621; x_wconf 74' lang='grc' dir='ltr'>ζώντων·</span> <span class='ocrx_word' id='word_1_660' title='bbox 3683 1555 3775 1611; x_wconf 69' lang='grc' dir='ltr'>Οτ-</span> 
     </span>
    </p>
   </div>
   <div class='ocr_carea' id='block_1_81' title="bbox 2107 1641 3772 1711">
    <p class='ocr_par' dir='ltr' id='par_1_81' title="bbox 2107 1641 3772 1711">
     <span class='ocr_line' id='line_1_81' title="bbox 2107 1641 3772 1711; baseline 0.004 -18"><span class='ocrx_word' id='word_1_661' title='bbox 2107 1657 2265 1707; x_wconf 84' lang='grc' dir='ltr'>τινες</span> <span class='ocrx_word' id='word_1_662' title='bbox 2302 1641 2368 1694; x_wconf 80' lang='grc' dir='ltr'>τὸ</span> <span class='ocrx_word' id='word_1_663' title='bbox 2396 1641 2686 1711; x_wconf 74' lang='grc' dir='ltr'>δικαίωμα</span> <span class='ocrx_word' id='word_1_664' title='bbox 2722 1643 2828 1697; x_wconf 86' lang='grc' dir='ltr'>τοῦ</span> <span class='ocrx_word' id='word_1_665' title='bbox 2878 1643 3024 1697; x_wconf 83' lang='grc' dir='ltr'>Θεοῦ</span> <span class='ocrx_word' id='word_1_666' title='bbox 3069 1644 3440 1710; x_wconf 72' lang='grc' dir='ltr'>ἐπιγνόντες,</span> <span class='ocrx_word' id='word_1_667' title='bbox 3485 1643 3572 1696; x_wconf 85' lang='grc' dir='ltr'>ὅτι</span> <span class='ocrx_word' id='word_1_668' title='bbox 3607 1648 3660 1698; x_wconf 82' lang='grc' dir='ltr'>οι</span> <span class='ocrx_word' id='word_1_669' title='bbox 3703 1645 3772 1700; x_wconf 80' lang='grc' dir='ltr'>τὰ</span> 
     </span>
    </p>
   </div>
   <div class='ocr_carea' id='block_1_82' title="bbox 2106 1728 3772 1800">
    <p class='ocr_par' dir='ltr' id='par_1_82' title="bbox 2106 1728 3772 1800">
     <span class='ocr_line' id='line_1_82' title="bbox 2106 1728 3772 1800; baseline 0.003 -20"><span class='ocrx_word' id='word_1_670' title='bbox 2106 1728 2350 1782; x_wconf 86' lang='grc' dir='ltr'>τοιαῦτα</span> <span class='ocrx_word' id='word_1_671' title='bbox 2374 1729 2754 1797; x_wconf 79' lang='grc' dir='ltr'>πράσσοντες</span> <span class='ocrx_word' id='word_1_672' title='bbox 2784 1728 2937 1795; x_wconf 77' lang='grc' dir='ltr'>ἄξιοι</span> <span class='ocrx_word' id='word_1_673' title='bbox 2970 1729 3231 1784; x_wconf 81' lang='grc' dir='ltr'>θανάτου</span> <span class='ocrx_word' id='word_1_674' title='bbox 3272 1731 3453 1796; x_wconf 71' lang='grc' dir='ltr'>εἰσιν,</span> <span class='ocrx_word' id='word_1_675' title='bbox 3486 1733 3556 1785; x_wconf 89' lang='grc' dir='ltr'>οὐ</span> <span class='ocrx_word' id='word_1_676' title='bbox 3589 1734 3772 1800; x_wconf 81' lang='grc' dir='ltr'>μόνον</span> 
     </span>
    </p>
   </div>
   <div class='ocr_carea' id='block_1_83' title="bbox 2106 1815 3770 1885">
    <p class='ocr_par' dir='ltr' id='par_1_83' title="bbox 2106 1815 3770 1885">
     <span class='ocr_line' id='line_1_83' title="bbox 2106 1815 3770 1885; baseline 0.004 -17"><span class='ocrx_word' id='word_1_677' title='bbox 2106 1815 2259 1869; x_wconf 77' lang='grc' dir='ltr'>αὐτὰ</span> <span class='ocrx_word' id='word_1_678' title='bbox 2302 1816 2604 1878; x_wconf 82' lang='grc' dir='ltr'>ποιοῦσιν,</span> <span class='ocrx_word' id='word_1_679' title='bbox 2633 1818 2795 1872; x_wconf 66' lang='grc' dir='ltr'><em>ἀλλὰ</em></span> <span class='ocrx_word' id='word_1_680' title='bbox 2834 1817 2931 1872; x_wconf 81' lang='grc' dir='ltr'>καὶ</span> <span class='ocrx_word' id='word_1_681' title='bbox 2973 1818 3348 1873; x_wconf 79' lang='grc' dir='ltr'>συνδοκοῦσι</span> <span class='ocrx_word' id='word_1_682' title='bbox 3381 1831 3407 1859; x_wconf 71' lang='grc' dir='ltr'>ι</span> <span class='ocrx_word' id='word_1_683' title='bbox 3440 1818 3562 1885; x_wconf 80' lang='grc' dir='ltr'>τοῖς</span> <span class='ocrx_word' id='word_1_684' title='bbox 3592 1819 3770 1884; x_wconf 76' lang='grc' dir='ltr'>πράσ-</span> 
     </span>
    </p>
   </div>
   <div class='ocr_carea' id='block_1_84' title="bbox 2106 1904 3767 1976">
    <p class='ocr_par' dir='ltr' id='par_1_84' title="bbox 2106 1904 3767 1976">
     <span class='ocr_line' id='line_1_84' title="bbox 2106 1904 3767 1976; baseline 0.003 -21"><span class='ocrx_word' id='word_1_685' title='bbox 2106 1919 2307 1956; x_wconf 88' lang='grc' dir='ltr'>σουσι.</span> <span class='ocrx_word' id='word_1_686' title='bbox 2355 1905 2465 1957; x_wconf 77' lang='grc' dir='ltr'>Καὶ</span> <span class='ocrx_word' id='word_1_687' title='bbox 2502 1904 2663 1958; x_wconf 85' lang='grc' dir='ltr'>πόθεν</span> <span class='ocrx_word' id='word_1_688' title='bbox 2711 1905 2965 1976; x_wconf 64' lang='grc' dir='ltr'>⁴ᾔδεισαν,</span> <span class='ocrx_word' id='word_1_689' title='bbox 3010 1906 3195 1976; x_wconf 73' lang='grc' dir='ltr'>φησὶν,</span> <span class='ocrx_word' id='word_1_690' title='bbox 3242 1907 3323 1958; x_wconf 84' lang='grc' dir='ltr'>ὅτι</span> <span class='ocrx_word' id='word_1_691' title='bbox 3381 1905 3593 1976; x_wconf 84' lang='grc' dir='ltr'>θέλημα</span> <span class='ocrx_word' id='word_1_692' title='bbox 3640 1907 3767 1960; x_wconf 82' lang='grc' dir='ltr'>Θεοῦ</span> 
     </span>
    </p>
   </div>
   <div class='ocr_carea' id='block_1_85' title="bbox 2105 1990 3767 2064">
    <p class='ocr_par' dir='ltr' id='par_1_85' title="bbox 2105 1990 3767 2064">
     <span class='ocr_line' id='line_1_85' title="bbox 2105 1990 3767 2064; baseline 0.004 -23"><span class='ocrx_word' id='word_1_693' title='bbox 2105 1990 2221 2043; x_wconf 89' lang='grc' dir='ltr'>ἐστι</span> <span class='ocrx_word' id='word_1_694' title='bbox 2242 1992 2365 2054; x_wconf 84' lang='grc' dir='ltr'>τοὺς</span> <span class='ocrx_word' id='word_1_695' title='bbox 2387 1992 2444 2045; x_wconf 84' lang='grc' dir='ltr'>ἐν</span> <span class='ocrx_word' id='word_1_696' title='bbox 2471 1993 2706 2064; x_wconf 80' lang='grc' dir='ltr'>πονηρίᾳ</span> <span class='ocrx_word' id='word_1_697' title='bbox 2730 1992 2936 2057; x_wconf 77' lang='grc' dir='ltr'>ζῶντας</span> <span class='ocrx_word' id='word_1_698' title='bbox 2958 1991 3172 2063; x_wconf 83' lang='grc' dir='ltr'>θανάτῳ</span> <span class='ocrx_word' id='word_1_699' title='bbox 3201 1992 3556 2058; x_wconf 71' lang='grc' dir='ltr'>κολάξεσθαι;</span> <span class='ocrx_word' id='word_1_700' title='bbox 3587 1993 3767 2062; x_wconf 82' lang='grc' dir='ltr'>πόθεν;</span> 
     </span>
    </p>
   </div>
   <div class='ocr_carea' id='block_1_86' title="bbox 2118 2070 3766 2153">
    <p class='ocr_par' dir='ltr' id='par_1_86' title="bbox 2118 2070 3766 2153">
     <span class='ocr_line' id='line_1_86' title="bbox 2118 2070 3766 2153; baseline 0.004 -26"><span class='ocrx_word' id='word_1_701' title='bbox 2118 2075 2207 2140; x_wconf 82' lang='grc' dir='ltr'>Ἐξ</span> <span class='ocrx_word' id='word_1_702' title='bbox 2237 2070 2310 2132; x_wconf 84' lang='grc' dir='ltr'>ὧν</span> <span class='ocrx_word' id='word_1_703' title='bbox 2344 2078 2558 2148; x_wconf 84' lang='grc' dir='ltr'>ἐτέρους</span> <span class='ocrx_word' id='word_1_704' title='bbox 2593 2078 2839 2142; x_wconf 79' lang='grc' dir='ltr'>ἐδίκαζον</span> <span class='ocrx_word' id='word_1_705' title='bbox 2877 2080 3310 2152; x_wconf 86' lang='grc' dir='ltr'>ἁμαρτάνοντας.</span> <span class='ocrx_word' id='word_1_706' title='bbox 3351 2081 3416 2133; x_wconf 87' lang='grc' dir='ltr'><strong>Εἰ</strong></span> <span class='ocrx_word' id='word_1_707' title='bbox 3450 2080 3556 2151; x_wconf 80' lang='grc' dir='ltr'>γὰρ</span> <span class='ocrx_word' id='word_1_708' title='bbox 3591 2082 3661 2153; x_wconf 85' lang='grc' dir='ltr'>μὴ</span> <span class='ocrx_word' id='word_1_709' title='bbox 3688 2100 3766 2134; x_wconf 90' lang='grc' dir='ltr'>νο-</span> 
     </span>
    </p>
   </div>
   <div class='ocr_carea' id='block_1_87' title="bbox 2108 2162 3769 2241">
    <p class='ocr_par' dir='ltr' id='par_1_87' title="bbox 2108 2162 3769 2241">
     <span class='ocr_line' id='line_1_87' title="bbox 2108 2162 3769 2241; baseline 0.004 -26"><span class='ocrx_word' id='word_1_710' title='bbox 2108 2162 2286 2233; x_wconf 76' lang='grc' dir='ltr'>μίζεις</span> <span class='ocrx_word' id='word_1_711' title='bbox 2324 2165 2490 2218; x_wconf 88' lang='grc' dir='ltr'>κακὸν</span> <span class='ocrx_word' id='word_1_712' title='bbox 2531 2166 2668 2220; x_wconf 86' lang='grc' dir='ltr'>εἶναι</span> <span class='ocrx_word' id='word_1_713' title='bbox 2710 2167 2800 2220; x_wconf 90' lang='grc' dir='ltr'>τὸν</span> <span class='ocrx_word' id='word_1_714' title='bbox 2849 2168 3028 2236; x_wconf 84' lang='grc' dir='ltr'>φόνον,</span> <span class='ocrx_word' id='word_1_715' title='bbox 3059 2169 3280 2221; x_wconf 75' lang='grc' dir='ltr'>ἐπειδὰν</span> <span class='ocrx_word' id='word_1_716' title='bbox 3315 2167 3490 2241; x_wconf 77' lang='grc' dir='ltr'>λάϐῃς</span> <span class='ocrx_word' id='word_1_717' title='bbox 3522 2169 3769 2240; x_wconf 74' lang='grc' dir='ltr'>ἀνδροφόρ</span> 
     </span>
    </p>
   </div>
   <div class='ocr_carea' id='block_1_88' title="bbox 2103 2249 3764 2326">
    <p class='ocr_par' dir='ltr' id='par_1_88' title="bbox 2103 2249 3764 2326">
     <span class='ocr_line' id='line_1_88' title="bbox 2103 2249 3764 2326; baseline 0.005 -26"><span class='ocrx_word' id='word_1_718' title='bbox 2103 2265 2212 2308; x_wconf 91' lang='grc' dir='ltr'>νον,</span> <span class='ocrx_word' id='word_1_719' title='bbox 2247 2249 2350 2302; x_wconf 86' lang='grc' dir='ltr'>ὑπὸ</span> <span class='ocrx_word' id='word_1_720' title='bbox 2382 2254 2448 2321; x_wconf 81' lang='grc' dir='ltr'>τῇ</span> <span class='ocrx_word' id='word_1_721' title='bbox 2494 2255 2561 2323; x_wconf 79' lang='grc' dir='ltr'>σῇ</span> <span class='ocrx_word' id='word_1_722' title='bbox 2591 2252 2756 2323; x_wconf 73' lang='grc' dir='ltr'>ψήφῳ</span> <span class='ocrx_word' id='word_1_723' title='bbox 2792 2252 2866 2325; x_wconf 81' lang='grc' dir='ltr'>μὴ</span> <span class='ocrx_word' id='word_1_724' title='bbox 2900 2255 3165 2326; x_wconf 78' lang='grc' dir='ltr'>κολάσῃς’</span> <span class='ocrx_word' id='word_1_725' title='bbox 3209 2256 3257 2307; x_wconf 88' lang='grc' dir='ltr'>εί</span> <span class='ocrx_word' id='word_1_726' title='bbox 3294 2255 3372 2326; x_wconf 84' lang='grc' dir='ltr'>μὴ</span> <span class='ocrx_word' id='word_1_727' title='bbox 3406 2254 3639 2325; x_wconf 78' lang='grc' dir='ltr'>νομίζεις</span> <span class='ocrx_word' id='word_1_728' title='bbox 3672 2274 3764 2309; x_wconf 88' lang='grc' dir='ltr'>κα-</span> 
     </span>
    </p>
   </div>
   <div class='ocr_carea' id='block_1_89' title="bbox 2104 2333 3767 2413">
    <p class='ocr_par' dir='ltr' id='par_1_89' title="bbox 2104 2333 3767 2413">
     <span class='ocr_line' id='line_1_89' title="bbox 2104 2333 3767 2413; baseline 0.004 -24"><span class='ocrx_word' id='word_1_729' title='bbox 2104 2337 2198 2389; x_wconf 84' lang='grc' dir='ltr'>κὸν</span> <span class='ocrx_word' id='word_1_730' title='bbox 2230 2333 2370 2391; x_wconf 72' lang='grc' dir='ltr'>εἶναι</span> <span class='ocrx_word' id='word_1_731' title='bbox 2413 2339 2473 2390; x_wconf 86' lang='grc' dir='ltr'>τὸ</span> <span class='ocrx_word' id='word_1_732' title='bbox 2509 2341 2813 2410; x_wconf 84' lang='grc' dir='ltr'>μοιχεύειν,</span> <span class='ocrx_word' id='word_1_733' title='bbox 2857 2342 3074 2395; x_wconf 69' lang='grc' dir='ltr'>ἐπειδάν</span> <span class='ocrx_word' id='word_1_734' title='bbox 3119 2342 3335 2413; x_wconf 83' lang='grc' dir='ltr'>ἐμπέσῃ</span> <span class='ocrx_word' id='word_1_735' title='bbox 3394 2343 3596 2413; x_wconf 89' lang='grc' dir='ltr'>μοιχὸς,</span> <span class='ocrx_word' id='word_1_736' title='bbox 3642 2344 3767 2412; x_wconf 72' lang='grc' dir='ltr'>ἄφες</span> 
     </span>
    </p>
   </div>
   <div class='ocr_carea' id='block_1_90' title="bbox 2101 2425 3774 2501">
    <p class='ocr_par' dir='ltr' id='par_1_90' title="bbox 2101 2425 3774 2501">
     <span class='ocr_line' id='line_1_90' title="bbox 2101 2425 3774 2501; baseline 0.004 -24"><span class='ocrx_word' id='word_1_737' title='bbox 2101 2425 2262 2479; x_wconf 79' lang='grc' dir='ltr'>αὑτὸν</span> <span class='ocrx_word' id='word_1_738' title='bbox 2288 2426 2391 2496; x_wconf 79' lang='grc' dir='ltr'>τῆς</span> <span class='ocrx_word' id='word_1_739' title='bbox 2421 2428 2707 2498; x_wconf 84' lang='grc' dir='ltr'>τιμωρίας.</span> <span class='ocrx_word' id='word_1_740' title='bbox 2750 2427 2899 2500; x_wconf 75' lang='grc'><strong>[151]</strong></span> <span class='ocrx_word' id='word_1_741' title='bbox 2928 2430 2988 2482; x_wconf 88' lang='grc' dir='ltr'>Εἰ</span> <span class='ocrx_word' id='word_1_742' title='bbox 3036 2428 3091 2483; x_wconf 84' lang='grc' dir='ltr'>δὲ</span> <span class='ocrx_word' id='word_1_743' title='bbox 3121 2432 3178 2483; x_wconf 88' lang='grc' dir='ltr'>ἐν</span> <span class='ocrx_word' id='word_1_744' title='bbox 3207 2433 3319 2493; x_wconf 90' lang='grc' dir='ltr'>τοῖς</span> <span class='ocrx_word' id='word_1_745' title='bbox 3351 2430 3557 2501; x_wconf 77' lang='grc' dir='ltr'>ἐτέρων</span> <span class='ocrx_word' id='word_1_746' title='bbox 3600 2431 3774 2500; x_wconf 77' lang='grc' dir='ltr'>ἀμαρ-</span> 
     </span>
    </p>
   </div>
   <div class='ocr_carea' id='block_1_91' title="bbox 2100 2513 3771 2586">
    <p class='ocr_par' dir='ltr' id='par_1_91' title="bbox 2100 2513 3771 2586">
     <span class='ocr_line' id='line_1_91' title="bbox 2100 2513 3771 2586; baseline 0.004 -23"><span class='ocrx_word' id='word_1_747' title='bbox 2100 2513 2306 2581; x_wconf 87' lang='grc' dir='ltr'>τήμασι</span> <span class='ocrx_word' id='word_1_748' title='bbox 2349 2514 2442 2567; x_wconf 76' lang='grc' dir='ltr'>καὶ</span> <span class='ocrx_word' id='word_1_749' title='bbox 2476 2515 2672 2585; x_wconf 88' lang='grc' dir='ltr'>νόμους</span> <span class='ocrx_word' id='word_1_750' title='bbox 2708 2516 2960 2586; x_wconf 54' lang='grc' dir='ltr'>γράφεις,</span> <span class='ocrx_word' id='word_1_751' title='bbox 3008 2516 3101 2569; x_wconf 79' lang='grc' dir='ltr'>καὶ</span> <span class='ocrx_word' id='word_1_752' title='bbox 3132 2516 3403 2586; x_wconf 82' lang='grc' dir='ltr'>τιμωρίας</span> <span class='ocrx_word' id='word_1_753' title='bbox 3432 2516 3645 2586; x_wconf 77' lang='grc' dir='ltr'>ὁρίζεις,</span> <span class='ocrx_word' id='word_1_754' title='bbox 3678 2519 3771 2570; x_wconf 69' lang='grc' dir='ltr'>καὶ</span> 
     </span>
    </p>
   </div>
   <div class='ocr_carea' id='block_1_92' title="bbox 2102 2598 3765 2673">
    <p class='ocr_par' dir='ltr' id='par_1_92' title="bbox 2102 2598 3765 2673">
     <span class='ocr_line' id='line_1_92' title="bbox 2102 2598 3765 2673; baseline 0.003 -22"><span class='ocrx_word' id='word_1_755' title='bbox 2102 2599 2333 2671; x_wconf 83' lang='grc' dir='ltr'>ἀκριϐής</span> <span class='ocrx_word' id='word_1_756' title='bbox 2362 2598 2411 2654; x_wconf 80' lang='grc' dir='ltr'>εἷ</span> <span class='ocrx_word' id='word_1_757' title='bbox 2441 2601 2717 2672; x_wconf 83' lang='grc' dir='ltr'>δικαστὴς.</span> <span class='ocrx_word' id='word_1_758' title='bbox 2749 2603 2907 2656; x_wconf 88' lang='grc' dir='ltr'>ποίαν</span> <span class='ocrx_word' id='word_1_759' title='bbox 2944 2602 3010 2656; x_wconf 85' lang='grc' dir='ltr'>ἂν</span> <span class='ocrx_word' id='word_1_760' title='bbox 3040 2604 3226 2673; x_wconf 82' lang='grc' dir='ltr'>σχοίης</span> <span class='ocrx_word' id='word_1_761' title='bbox 3263 2604 3557 2671; x_wconf 87' lang='grc' dir='ltr'>ἀπολογίαν</span> <span class='ocrx_word' id='word_1_762' title='bbox 3598 2608 3651 2656; x_wconf 84' lang='grc' dir='ltr'>ἐν</span> <span class='ocrx_word' id='word_1_763' title='bbox 3691 2599 3765 2666; x_wconf 76' lang='grc' dir='ltr'>οἷς</span> 
     </span>
    </p>
   </div>
   <div class='ocr_carea' id='block_1_93' title="bbox 2100 2688 3765 2762">
    <p class='ocr_par' dir='ltr' id='par_1_93' title="bbox 2100 2688 3765 2762">
     <span class='ocr_line' id='line_1_93' title="bbox 2100 2688 3765 2762; baseline 0.003 -23"><span class='ocrx_word' id='word_1_764' title='bbox 2100 2688 2262 2744; x_wconf 77' lang='grc' dir='ltr'>αὐτὸς</span> <span class='ocrx_word' id='word_1_765' title='bbox 2301 2689 2657 2759; x_wconf 84' lang='grc' dir='ltr'>ἁμαρτάνεις,</span> <span class='ocrx_word' id='word_1_766' title='bbox 2697 2691 2870 2758; x_wconf 81' lang='grc' dir='ltr'>λέγων</span> <span class='ocrx_word' id='word_1_767' title='bbox 2915 2693 3127 2758; x_wconf 88' lang='grc' dir='ltr'>ἀγνοεῖν</span> <span class='ocrx_word' id='word_1_768' title='bbox 3164 2691 3231 2744; x_wconf 79' lang='grc' dir='ltr'>τὰ</span> <span class='ocrx_word' id='word_1_769' title='bbox 3267 2692 3558 2761; x_wconf 86' lang='grc' dir='ltr'>πρακτέα;</span> <span class='ocrx_word' id='word_1_770' title='bbox 3597 2692 3765 2762; x_wconf 85' lang='grc' dir='ltr'>Ἐμοί-</span> 
     </span>
    </p>
   </div>
   <div class='ocr_carea' id='block_1_94' title="bbox 2099 2773 3765 2848">
    <p class='ocr_par' dir='ltr' id='par_1_94' title="bbox 2099 2773 3765 2848">
     <span class='ocr_line' id='line_1_94' title="bbox 2099 2773 3765 2848; baseline 0.002 -23"><span class='ocrx_word' id='word_1_771' title='bbox 2099 2790 2319 2843; x_wconf 84' lang='grc' dir='ltr'>χευσας,</span> <span class='ocrx_word' id='word_1_772' title='bbox 2361 2777 2454 2827; x_wconf 77' lang='grc' dir='ltr'>καὶ</span> <span class='ocrx_word' id='word_1_773' title='bbox 2480 2776 2540 2829; x_wconf 82' lang='grc' dir='ltr'>οὐ</span> <span class='ocrx_word' id='word_1_774' title='bbox 2585 2778 2853 2839; x_wconf 88' lang='grc' dir='ltr'>κάκεῖνος.</span> <span class='ocrx_word' id='word_1_775' title='bbox 2904 2778 3060 2839; x_wconf 87' lang='grc' dir='ltr'>Τίνος</span> <span class='ocrx_word' id='word_1_776' title='bbox 3091 2773 3184 2831; x_wconf 79' lang='grc' dir='ltr'>οῦν</span> <span class='ocrx_word' id='word_1_777' title='bbox 3227 2778 3417 2830; x_wconf 83' lang='grc' dir='ltr'>ἐνεκεν</span> <span class='ocrx_word' id='word_1_778' title='bbox 3447 2780 3644 2831; x_wconf 85' lang='grc' dir='ltr'>ἐκεῖνον</span> <span class='ocrx_word' id='word_1_779' title='bbox 3676 2777 3765 2848; x_wconf 79' lang='grc' dir='ltr'>μὲν</span> 
     </span>
    </p>
   </div>
   <div class='ocr_carea' id='block_1_95' title="bbox 2101 2862 3764 2937">
    <p class='ocr_par' dir='ltr' id='par_1_95' title="bbox 2101 2862 3764 2937">
     <span class='ocr_line' id='line_1_95' title="bbox 2101 2862 3764 2937; baseline 0.001 -23"><span class='ocrx_word' id='word_1_780' title='bbox 2101 2862 2368 2925; x_wconf 78' lang='grc' dir='ltr'>κολάζεις,</span> <span class='ocrx_word' id='word_1_781' title='bbox 2396 2864 2589 2917; x_wconf 81' lang='grc' dir='ltr'>σαυτὸν</span> <span class='ocrx_word' id='word_1_782' title='bbox 2614 2863 2670 2915; x_wconf 87' lang='grc' dir='ltr'>δὲ</span> <span class='ocrx_word' id='word_1_783' title='bbox 2704 2862 3028 2934; x_wconf 83' lang='grc' dir='ltr'>συγγνώμης</span> <span class='ocrx_word' id='word_1_784' title='bbox 3053 2864 3222 2931; x_wconf 80' lang='grc' dir='ltr'>ἀξιοῖς</span> <span class='ocrx_word' id='word_1_785' title='bbox 3247 2882 3261 2930; x_wconf 89' lang='lat'><strong>;</strong></span> <span class='ocrx_word' id='word_1_786' title='bbox 3294 2866 3356 2917; x_wconf 79' lang='grc' dir='ltr'><strong>Εἰ</strong></span> <span class='ocrx_word' id='word_1_787' title='bbox 3392 2868 3499 2936; x_wconf 88' lang='grc' dir='ltr'>γάρ</span> <span class='ocrx_word' id='word_1_788' title='bbox 3531 2866 3601 2937; x_wconf 77' lang='grc' dir='ltr'>μὴ</span> <span class='ocrx_word' id='word_1_789' title='bbox 3630 2866 3764 2936; x_wconf 75' lang='grc' dir='ltr'>ᾔδεις</span> 
     </span>
    </p>
   </div>
   <div class='ocr_carea' id='block_1_96' title="bbox 2100 2947 3764 3024">
    <p class='ocr_par' dir='ltr' id='par_1_96' title="bbox 2100 2947 3764 3024">
     <span class='ocr_line' id='line_1_96' title="bbox 2100 2947 3764 3024; baseline -0.001 -21"><span class='ocrx_word' id='word_1_790' title='bbox 2100 2951 2267 3003; x_wconf 88' lang='grc' dir='ltr'>κακὸν</span> <span class='ocrx_word' id='word_1_791' title='bbox 2309 2947 2445 3003; x_wconf 78' lang='grc' dir='ltr'>εἶναι</span> <span class='ocrx_word' id='word_1_792' title='bbox 2493 2950 2592 3021; x_wconf 79' lang='grc' dir='ltr'>τὴν</span> <span class='ocrx_word' id='word_1_793' title='bbox 2638 2951 2879 3021; x_wconf 84' lang='grc' dir='ltr'>μοιχείαν</span> <span class='ocrx_word' id='word_1_794' title='bbox 2925 2953 2970 3009; x_wconf 78' lang='grc' dir='ltr'>ιι.</span> <span class='ocrx_word' id='word_1_795' title='bbox 3017 2952 3139 3004; x_wconf 85' lang='grc' dir='ltr'>οὐδὲ</span> <span class='ocrx_word' id='word_1_796' title='bbox 3186 2952 3370 3024; x_wconf 75' lang='grc' dir='ltr'>ἕτερον</span> <span class='ocrx_word' id='word_1_797' title='bbox 3425 2953 3764 3024; x_wconf 78' lang='grc' dir='ltr'>τιμωρεῖσθαι</span> 
     </span>
    </p>
   </div>
   <div class='ocr_carea' id='block_1_97' title="bbox 2097 3034 3765 3110">
    <p class='ocr_par' dir='ltr' id='par_1_97' title="bbox 2097 3034 3765 3110">
     <span class='ocr_line' id='line_1_97' title="bbox 2097 3034 3765 3110; baseline 0 -19"><span class='ocrx_word' id='word_1_798' title='bbox 2097 3037 2238 3091; x_wconf 79' lang='grc' dir='ltr'>ἔδει·</span> <span class='ocrx_word' id='word_1_799' title='bbox 2281 3038 2328 3090; x_wconf 82' lang='grc' dir='ltr'>εί</span> <span class='ocrx_word' id='word_1_800' title='bbox 2366 3037 2422 3089; x_wconf 82' lang='grc' dir='ltr'>δὲ</span> <span class='ocrx_word' id='word_1_801' title='bbox 2474 3036 2660 3109; x_wconf 74' lang='grc' dir='ltr'>ἕτερον</span> <span class='ocrx_word' id='word_1_802' title='bbox 2694 3039 2793 3108; x_wconf 84' lang='grc' dir='ltr'>μὲν</span> <span class='ocrx_word' id='word_1_803' title='bbox 2837 3039 3100 3104; x_wconf 78' lang='grc' dir='ltr'>κολάζεις,</span> <span class='ocrx_word' id='word_1_804' title='bbox 3156 3040 3221 3093; x_wconf 81' lang='grc' dir='ltr'>σὺ</span> <span class='ocrx_word' id='word_1_805' title='bbox 3272 3040 3329 3092; x_wconf 80' lang='grc' dir='ltr'>δὲ</span> <span class='ocrx_word' id='word_1_806' title='bbox 3381 3034 3621 3110; x_wconf 64' lang='grc' dir='ltr'>νομίζεις</span> <span class='ocrx_word' id='word_1_807' title='bbox 3662 3040 3765 3092; x_wconf 86' lang='grc' dir='ltr'>δια-</span> 
     </span>
    </p>
   </div>
   <div class='ocr_carea' id='block_1_98' title="bbox 2098 3125 3765 3197">
    <p class='ocr_par' dir='ltr' id='par_1_98' title="bbox 2098 3125 3765 3197">
     <span class='ocr_line' id='line_1_98' title="bbox 2098 3125 3765 3197; baseline 0 -20"><span class='ocrx_word' id='word_1_808' title='bbox 2098 3126 2320 3195; x_wconf 85' lang='grc' dir='ltr'>φεύγειν</span> <span class='ocrx_word' id='word_1_809' title='bbox 2353 3125 2451 3197; x_wconf 82' lang='grc' dir='ltr'>τήν</span> <span class='ocrx_word' id='word_1_810' title='bbox 2506 3126 2745 3190; x_wconf 87' lang='grc' dir='ltr'>κόλασιν,</span> <span class='ocrx_word' id='word_1_811' title='bbox 2801 3125 2917 3190; x_wconf 88' lang='grc' dir='ltr'>πῶς</span> <span class='ocrx_word' id='word_1_812' title='bbox 2958 3126 3024 3179; x_wconf 85' lang='grc' dir='ltr'>ἂν</span> <span class='ocrx_word' id='word_1_813' title='bbox 3066 3126 3178 3196; x_wconf 76' lang='grc' dir='ltr'>ἔχοι</span> <span class='ocrx_word' id='word_1_814' title='bbox 3237 3127 3399 3195; x_wconf 84' lang='grc' dir='ltr'>λόγον</span> <span class='ocrx_word' id='word_1_815' title='bbox 3444 3128 3552 3181; x_wconf 88' lang='grc' dir='ltr'>τῶν</span> <span class='ocrx_word' id='word_1_816' title='bbox 3599 3126 3765 3180; x_wconf 81' lang='grc' dir='ltr'>αὐτῶν</span> 
     </span>
    </p>
   </div>
   <div class='ocr_carea' id='block_1_99' title="bbox 2096 3211 3765 3284">
    <p class='ocr_par' dir='ltr' id='par_1_99' title="bbox 2096 3211 3765 3284">
     <span class='ocr_line' id='line_1_99' title="bbox 2096 3211 3765 3284; baseline -0.001 -18"><span class='ocrx_word' id='word_1_817' title='bbox 2096 3211 2511 3284; x_wconf 80' lang='grc' dir='ltr'>ἁμαρτημάτων</span> <span class='ocrx_word' id='word_1_818' title='bbox 2540 3214 2614 3284; x_wconf 81' lang='grc' dir='ltr'>μὴ</span> <span class='ocrx_word' id='word_1_819' title='bbox 2644 3214 2742 3276; x_wconf 86' lang='grc' dir='ltr'>τὰς</span> <span class='ocrx_word' id='word_1_820' title='bbox 2768 3213 2937 3276; x_wconf 74' lang='grc' dir='ltr'>αὐτάς</span> <span class='ocrx_word' id='word_1_821' title='bbox 2965 3214 3165 3267; x_wconf 85' lang='grc' dir='ltr'>διδόναι</span> <span class='ocrx_word' id='word_1_822' title='bbox 3195 3214 3391 3280; x_wconf 86' lang='grc' dir='ltr'>δίκας;</span> <span class='ocrx_word' id='word_1_823' title='bbox 3439 3214 3606 3268; x_wconf 89' lang='grc' dir='ltr'>Τοῦτο</span> <span class='ocrx_word' id='word_1_824' title='bbox 3645 3213 3765 3282; x_wconf 83' lang='grc' dir='ltr'>γοῦν</span> 
     </span>
    </p>
   </div>
   <div class='ocr_carea' id='block_1_100' title="bbox 2096 3296 3766 3373">
    <p class='ocr_par' dir='ltr' id='par_1_100' title="bbox 2096 3296 3766 3373">
     <span class='ocr_line' id='line_1_100' title="bbox 2096 3296 3766 3373; baseline 0.001 -18"><span class='ocrx_word' id='word_1_825' title='bbox 2096 3302 2229 3357; x_wconf 79' lang='grc' dir='ltr'>αὐτὸ</span> <span class='ocrx_word' id='word_1_826' title='bbox 2282 3301 2527 3371; x_wconf 77' lang='grc' dir='ltr'>ἐγκαλῶν</span> <span class='ocrx_word' id='word_1_827' title='bbox 2579 3303 2605 3354; x_wconf 88' lang='lat'>6</span> <span class='ocrx_word' id='word_1_828' title='bbox 2653 3301 2861 3365; x_wconf 88' lang='grc' dir='ltr'>Παῦλος</span> <span class='ocrx_word' id='word_1_829' title='bbox 2906 3302 3092 3370; x_wconf 78' lang='grc' dir='ltr'>ἐλεγε’</span> <span class='ocrx_word' id='word_1_830' title='bbox 3132 3304 3343 3373; x_wconf 73' lang='grc' dir='ltr'>Λογίζη</span> <span class='ocrx_word' id='word_1_831' title='bbox 3378 3304 3450 3356; x_wconf 82' lang='grc' dir='ltr'>δὲ</span> <span class='ocrx_word' id='word_1_832' title='bbox 3492 3305 3681 3368; x_wconf 89' lang='grc' dir='ltr'>τοῦτο,</span> <span class='ocrx_word' id='word_1_833' title='bbox 3721 3296 3766 3357; x_wconf 82' lang='grc' dir='ltr'><em>ὦ</em></span> 
     </span>
    </p>
   </div>
   <div class='ocr_carea' id='block_1_101' title="bbox 2096 3389 3763 3460">
    <p class='ocr_par' dir='ltr' id='par_1_101' title="bbox 2096 3389 3763 3460">
     <span class='ocr_line' id='line_1_101' title="bbox 2096 3389 3763 3460; baseline 0 -18"><span class='ocrx_word' id='word_1_834' title='bbox 2096 3390 2387 3458; x_wconf 75' lang='grc' dir='ltr'>ἄνθρωπε,</span> <span class='ocrx_word' id='word_1_835' title='bbox 2436 3393 2469 3444; x_wconf 84' lang='grc' dir='ltr'>ό</span> <span class='ocrx_word' id='word_1_836' title='bbox 2519 3390 2739 3458; x_wconf 80' lang='grc' dir='ltr'>κρίνων</span> <span class='ocrx_word' id='word_1_837' title='bbox 2784 3389 2927 3454; x_wconf 83' lang='grc' dir='ltr'>τοὺς</span> <span class='ocrx_word' id='word_1_838' title='bbox 2970 3389 3042 3443; x_wconf 82' lang='grc' dir='ltr'>τὰ</span> <span class='ocrx_word' id='word_1_839' title='bbox 3093 3391 3335 3445; x_wconf 88' lang='grc' dir='ltr'>τοιαῦτα</span> <span class='ocrx_word' id='word_1_840' title='bbox 3387 3393 3763 3460; x_wconf 74' lang='grc' dir='ltr'>,πράσσοντας</span> 
     </span>
    </p>
   </div>
   <div class='ocr_carea' id='block_1_102' title="bbox 2098 3476 3764 3548">
    <p class='ocr_par' dir='ltr' id='par_1_102' title="bbox 2098 3476 3764 3548">
     <span class='ocr_line' id='line_1_102' title="bbox 2098 3476 3764 3548; baseline 0.001 -18"><span class='ocrx_word' id='word_1_841' title='bbox 2098 3477 2195 3530; x_wconf 81' lang='grc' dir='ltr'>καὶ</span> <span class='ocrx_word' id='word_1_842' title='bbox 2222 3476 2409 3530; x_wconf 77' lang='grc' dir='ltr'>ποιῶν</span> <span class='ocrx_word' id='word_1_843' title='bbox 2436 3479 2607 3539; x_wconf 82' lang='grc' dir='ltr'>αὐτὰ,</span> <span class='ocrx_word' id='word_1_844' title='bbox 2640 3476 2728 3529; x_wconf 84' lang='grc' dir='ltr'>ὅτι</span> <span class='ocrx_word' id='word_1_845' title='bbox 2755 3476 2836 3530; x_wconf 86' lang='grc' dir='ltr'>σὺ</span> <span class='ocrx_word' id='word_1_846' title='bbox 2858 3477 3124 3547; x_wconf 59' lang='grc' dir='ltr'>ἐκφεύξῃ</span> <span class='ocrx_word' id='word_1_847' title='bbox 3153 3478 3219 3531; x_wconf 83' lang='grc' dir='ltr'>τὸ</span> <span class='ocrx_word' id='word_1_848' title='bbox 3250 3478 3432 3548; x_wconf 80' lang='grc' dir='ltr'>κρῖμα</span> <span class='ocrx_word' id='word_1_849' title='bbox 3459 3480 3564 3534; x_wconf 90' lang='grc' dir='ltr'>τοῦ</span> <span class='ocrx_word' id='word_1_850' title='bbox 3595 3477 3764 3540; x_wconf 82' lang='grc' dir='ltr'>Θεοῦ;</span> 
     </span>
    </p>
   </div>
   <div class='ocr_carea' id='block_1_103' title="bbox 2099 3564 3762 3638">
    <p class='ocr_par' dir='ltr' id='par_1_103' title="bbox 2099 3564 3762 3638">
     <span class='ocr_line' id='line_1_103' title="bbox 2099 3564 3762 3638; baseline -0.001 -21"><span class='ocrx_word' id='word_1_851' title='bbox 2099 3565 2212 3617; x_wconf 78' lang='grc' dir='ltr'>Οὐκ</span> <span class='ocrx_word' id='word_1_852' title='bbox 2242 3565 2355 3618; x_wconf 82' lang='grc' dir='ltr'>ἑστι</span> <span class='ocrx_word' id='word_1_853' title='bbox 2375 3565 2551 3630; x_wconf 89' lang='grc' dir='ltr'>τοῦτο,</span> <span class='ocrx_word' id='word_1_854' title='bbox 2580 3565 2678 3617; x_wconf 82' lang='grc' dir='ltr'>οὐκ</span> <span class='ocrx_word' id='word_1_855' title='bbox 2705 3564 2882 3618; x_wconf 82' lang='grc' dir='ltr'>ἔστιν·</span> <span class='ocrx_word' id='word_1_856' title='bbox 2928 3566 3034 3618; x_wconf 79' lang='grc' dir='ltr'>ἀπὸ</span> <span class='ocrx_word' id='word_1_857' title='bbox 3077 3565 3185 3636; x_wconf 77' lang='grc' dir='ltr'>γάρ</span> <span class='ocrx_word' id='word_1_858' title='bbox 3217 3567 3315 3635; x_wconf 80' lang='grc' dir='ltr'>τῆς</span> <span class='ocrx_word' id='word_1_859' title='bbox 3355 3567 3559 3638; x_wconf 77' lang='grc' dir='ltr'>ψήφου,</span> <span class='ocrx_word' id='word_1_860' title='bbox 3589 3565 3762 3635; x_wconf 69' lang='grc' dir='ltr'>φησιν,</span> 
     </span>
    </p>
   </div>
   <div class='ocr_carea' id='block_1_104' title="bbox 2097 3646 3765 3724">
    <p class='ocr_par' dir='ltr' id='par_1_104' title="bbox 2097 3646 3765 3724">
     <span class='ocr_line' id='line_1_104' title="bbox 2097 3646 3765 3724; baseline 0.001 -21"><span class='ocrx_word' id='word_1_861' title='bbox 2097 3646 2164 3722; x_wconf 82' lang='grc' dir='ltr'>ἦς</span> <span class='ocrx_word' id='word_1_862' title='bbox 2201 3651 2436 3723; x_wconf 78' lang='grc' dir='ltr'>ἤνεγκας</span> <span class='ocrx_word' id='word_1_863' title='bbox 2464 3651 2583 3705; x_wconf 78' lang='grc' dir='ltr'>καθ’</span> <span class='ocrx_word' id='word_1_864' title='bbox 2614 3652 2822 3721; x_wconf 78' lang='grc' dir='ltr'>ἐτέρου,</span> <span class='ocrx_word' id='word_1_865' title='bbox 2856 3652 2964 3705; x_wconf 88' lang='grc' dir='ltr'>ἀπὸ</span> <span class='ocrx_word' id='word_1_866' title='bbox 3002 3652 3204 3723; x_wconf 83' lang='grc' dir='ltr'>ταύτης</span> <span class='ocrx_word' id='word_1_867' title='bbox 3252 3670 3333 3706; x_wconf 88' lang='grc' dir='ltr'>σοι</span> <span class='ocrx_word' id='word_1_868' title='bbox 3382 3656 3558 3724; x_wconf 89' lang='grc' dir='ltr'>κρινεῖ</span> <span class='ocrx_word' id='word_1_869' title='bbox 3584 3656 3611 3707; x_wconf 84' lang='lat'>6</span> <span class='ocrx_word' id='word_1_870' title='bbox 3643 3651 3765 3714; x_wconf 89' lang='grc' dir='ltr'>Θεὸς</span> 
     </span>
    </p>
   </div>
   <div class='ocr_carea' id='block_1_105' title="bbox 2094 3738 3762 3811">
    <p class='ocr_par' dir='ltr' id='par_1_105' title="bbox 2094 3738 3762 3811">
     <span class='ocr_line' id='line_1_105' title="bbox 2094 3738 3762 3811; baseline -0.001 -19"><span class='ocrx_word' id='word_1_871' title='bbox 2094 3740 2246 3792; x_wconf 87' lang='grc' dir='ltr'>τότε·</span> <span class='ocrx_word' id='word_1_872' title='bbox 2277 3739 2338 3791; x_wconf 83' lang='grc' dir='ltr'>ού</span> <span class='ocrx_word' id='word_1_873' title='bbox 2363 3741 2470 3811; x_wconf 81' lang='grc' dir='ltr'>γὰρ</span> <span class='ocrx_word' id='word_1_874' title='bbox 2518 3738 2688 3809; x_wconf 84' lang='grc' dir='ltr'>δήπου</span> <span class='ocrx_word' id='word_1_875' title='bbox 2739 3739 2803 3791; x_wconf 80' lang='grc' dir='ltr'>σὺ</span> <span class='ocrx_word' id='word_1_876' title='bbox 2841 3738 2939 3809; x_wconf 86' lang='grc' dir='ltr'>μὲν</span> <span class='ocrx_word' id='word_1_877' title='bbox 2979 3739 3204 3804; x_wconf 85' lang='grc' dir='ltr'>δίκαιος,</span> <span class='ocrx_word' id='word_1_878' title='bbox 3233 3741 3261 3792; x_wconf 85' lang='lat'>6</span> <span class='ocrx_word' id='word_1_879' title='bbox 3305 3740 3365 3793; x_wconf 84' lang='grc' dir='ltr'>δέ</span> <span class='ocrx_word' id='word_1_880' title='bbox 3409 3740 3541 3805; x_wconf 80' lang='grc' dir='ltr'>Θεὸς</span> <span class='ocrx_word' id='word_1_881' title='bbox 3572 3739 3762 3798; x_wconf 82' lang='grc' dir='ltr'>ἄδικος.</span> 
     </span>
    </p>
   </div>
   <div class='ocr_carea' id='block_1_106' title="bbox 2096 3825 3765 3897">
    <p class='ocr_par' dir='ltr' id='par_1_106' title="bbox 2096 3825 3765 3897">
     <span class='ocr_line' id='line_1_106' title="bbox 2096 3825 3765 3897; baseline -0.001 -17"><span class='ocrx_word' id='word_1_882' title='bbox 2096 3828 2159 3880; x_wconf 83' lang='grc' dir='ltr'>Εἰ</span> <span class='ocrx_word' id='word_1_883' title='bbox 2184 3826 2292 3897; x_wconf 86' lang='grc' dir='ltr'>γάρ</span> <span class='ocrx_word' id='word_1_884' title='bbox 2322 3827 2385 3880; x_wconf 82' lang='grc' dir='ltr'>σὺ</span> <span class='ocrx_word' id='word_1_885' title='bbox 2417 3826 2478 3878; x_wconf 85' lang='grc' dir='ltr'>ού</span> <span class='ocrx_word' id='word_1_886' title='bbox 2515 3827 2774 3897; x_wconf 77' lang='grc' dir='ltr'>περιορᾷς</span> <span class='ocrx_word' id='word_1_887' title='bbox 2817 3825 3000 3889; x_wconf 76' lang='grc' dir='ltr'>ἓτερον</span> <span class='ocrx_word' id='word_1_888' title='bbox 3031 3826 3407 3897; x_wconf 84' lang='grc' dir='ltr'>ἀδικούμενον,</span> <span class='ocrx_word' id='word_1_889' title='bbox 3440 3829 3555 3892; x_wconf 90' lang='grc' dir='ltr'>πῶς</span> <span class='ocrx_word' id='word_1_890' title='bbox 3592 3831 3619 3880; x_wconf 91' lang='grc' dir='ltr'>ό</span> <span class='ocrx_word' id='word_1_891' title='bbox 3643 3826 3765 3888; x_wconf 84' lang='grc' dir='ltr'>Θεὸς</span> 
     </span>
    </p>
   </div>
   <div class='ocr_carea' id='block_1_107' title="bbox 2096 3912 3763 3985">
    <p class='ocr_par' dir='ltr' id='par_1_107' title="bbox 2096 3912 3763 3985">
     <span class='ocr_line' id='line_1_107' title="bbox 2096 3912 3763 3985; baseline -0.002 -17"><span class='ocrx_word' id='word_1_892' title='bbox 2096 3914 2445 3984; x_wconf 78' lang='grc' dir='ltr'>περιόψεται;</span> <span class='ocrx_word' id='word_1_893' title='bbox 2476 3914 2524 3966; x_wconf 82' lang='grc' dir='ltr'>εἰ</span> <span class='ocrx_word' id='word_1_894' title='bbox 2560 3913 2623 3966; x_wconf 71' lang='grc' dir='ltr'>σὺ</span> <span class='ocrx_word' id='word_1_895' title='bbox 2650 3912 2880 3983; x_wconf 86' lang='grc' dir='ltr'>διορθοῖς</span> <span class='ocrx_word' id='word_1_896' title='bbox 2910 3913 2978 3965; x_wconf 77' lang='grc' dir='ltr'>τὰ</span> <span class='ocrx_word' id='word_1_897' title='bbox 3009 3914 3211 3984; x_wconf 83' lang='grc' dir='ltr'>ἐτέρων</span> <span class='ocrx_word' id='word_1_898' title='bbox 3237 3914 3633 3985; x_wconf 85' lang='grc' dir='ltr'>ἁμαρτήματα,</span> <span class='ocrx_word' id='word_1_899' title='bbox 3659 3913 3763 3974; x_wconf 76' lang='grc' dir='ltr'>πῶς</span> 
     </span>
    </p>
   </div>
   <div class='ocr_carea' id='block_1_108' title="bbox 2092 3999 3767 4070">
    <p class='ocr_par' dir='ltr' id='par_1_108' title="bbox 2092 3999 3767 4070">
     <span class='ocr_line' id='line_1_108' title="bbox 2092 3999 3767 4070; baseline -0.001 -16"><span class='ocrx_word' id='word_1_900' title='bbox 2092 4004 2120 4054; x_wconf 90' lang='grc' dir='ltr'>ὁ</span> <span class='ocrx_word' id='word_1_901' title='bbox 2151 4001 2283 4064; x_wconf 87' lang='grc' dir='ltr'>Θεὸς</span> <span class='ocrx_word' id='word_1_902' title='bbox 2321 4002 2381 4054; x_wconf 80' lang='grc' dir='ltr'>οὐ</span> <span class='ocrx_word' id='word_1_903' title='bbox 2414 3999 2766 4070; x_wconf 86' lang='grc' dir='ltr'>διορθώσεταί</span> <span class='ocrx_word' id='word_1_904' title='bbox 2797 4016 2892 4066; x_wconf 89' lang='grc' dir='ltr'>σε;</span> <span class='ocrx_word' id='word_1_905' title='bbox 2922 4001 2986 4052; x_wconf 68' lang='lat' dir='ltr'>Et</span> <span class='ocrx_word' id='word_1_906' title='bbox 3024 4000 3081 4053; x_wconf 84' lang='grc' dir='ltr'>δὲ</span> <span class='ocrx_word' id='word_1_907' title='bbox 3106 4002 3166 4053; x_wconf 76' lang='grc' dir='ltr'>οὐ</span> <span class='ocrx_word' id='word_1_908' title='bbox 3203 4000 3354 4070; x_wconf 83' lang='grc' dir='ltr'>παρὰ</span> <span class='ocrx_word' id='word_1_909' title='bbox 3393 4001 3558 4064; x_wconf 79' lang='grc' dir='ltr'>πόδας</span> <span class='ocrx_word' id='word_1_910' title='bbox 3583 4000 3767 4065; x_wconf 75' lang='grc' dir='ltr'>ἐπάγει</span> 
     </span>
    </p>
   </div>
   <div class='ocr_carea' id='block_1_109' title="bbox 2094 4086 3768 4161">
    <p class='ocr_par' dir='ltr' id='par_1_109' title="bbox 2094 4086 3768 4161">
     <span class='ocr_line' id='line_1_109' title="bbox 2094 4086 3768 4161; baseline -0.001 -20"><span class='ocrx_word' id='word_1_911' title='bbox 2094 4105 2176 4141; x_wconf 89' lang='grc' dir='ltr'>σοι</span> <span class='ocrx_word' id='word_1_912' title='bbox 2197 4090 2294 4158; x_wconf 84' lang='grc' dir='ltr'>τὴν</span> <span class='ocrx_word' id='word_1_913' title='bbox 2316 4089 2607 4161; x_wconf 86' lang='grc' dir='ltr'>τιμωρίαν,</span> <span class='ocrx_word' id='word_1_914' title='bbox 2633 4088 2707 4157; x_wconf 84' lang='grc' dir='ltr'>μὴ</span> <span class='ocrx_word' id='word_1_915' title='bbox 2730 4086 2920 4158; x_wconf 73' lang='grc' dir='ltr'>θάρρει</span> <span class='ocrx_word' id='word_1_916' title='bbox 2943 4087 3028 4141; x_wconf 84' lang='grc' dir='ltr'>διά</span> <span class='ocrx_word' id='word_1_917' title='bbox 3054 4087 3229 4147; x_wconf 87' lang='grc' dir='ltr'>τοῦτο.</span> <span class='ocrx_word' id='word_1_918' title='bbox 3256 4088 3393 4141; x_wconf 88' lang='grc' dir='ltr'>ἀλλά</span> <span class='ocrx_word' id='word_1_919' title='bbox 3418 4088 3582 4157; x_wconf 84' lang='grc' dir='ltr'>φοϐοῦ</span> <span class='ocrx_word' id='word_1_920' title='bbox 3606 4086 3768 4159; x_wconf 77' lang='grc' dir='ltr'>μειζό-</span> 
     </span>
    </p>
   </div>
   <div class='ocr_carea' id='block_1_110' title="bbox 2093 4174 3766 4242">
    <p class='ocr_par' dir='ltr' id='par_1_110' title="bbox 2093 4174 3766 4242">
     <span class='ocr_line' id='line_1_110' title="bbox 2093 4174 3766 4242; baseline -0.001 -13"><span class='ocrx_word' id='word_1_921' title='bbox 2093 4192 2218 4238; x_wconf 87' lang='grc' dir='ltr'>νως.</span> <span class='ocrx_word' id='word_1_922' title='bbox 2249 4174 2405 4228; x_wconf 75' lang='grc' dir='ltr'>Οὕτω</span> <span class='ocrx_word' id='word_1_923' title='bbox 2428 4176 2521 4229; x_wconf 82' lang='grc' dir='ltr'>καὶ</span> <span class='ocrx_word' id='word_1_924' title='bbox 2550 4174 2759 4238; x_wconf 87' lang='grc' dir='ltr'>Παῦλος</span> <span class='ocrx_word' id='word_1_925' title='bbox 2786 4174 3036 4228; x_wconf 88' lang='grc' dir='ltr'>ἐκέλευσε</span> <span class='ocrx_word' id='word_1_926' title='bbox 3062 4175 3263 4242; x_wconf 81' lang='grc' dir='ltr'>λέγων·</span> <span class='ocrx_word' id='word_1_927' title='bbox 3292 4178 3368 4230; x_wconf 85' lang='grc' dir='ltr'><strong>Ἦ</strong></span> <span class='ocrx_word' id='word_1_928' title='bbox 3385 4176 3492 4230; x_wconf 86' lang='grc' dir='ltr'>τοῦ</span> <span class='ocrx_word' id='word_1_929' title='bbox 3512 4176 3766 4229; x_wconf 65' lang='grc' dir='ltr'>πλούτου</span> 
     </span>
    </p>
   </div>
   <div class='ocr_carea' id='block_1_111' title="bbox 2093 4260 3768 4331">
    <p class='ocr_par' dir='ltr' id='par_1_111' title="bbox 2093 4260 3768 4331">
     <span class='ocr_line' id='line_1_111' title="bbox 2093 4260 3768 4331; baseline 0.001 -17"><span class='ocrx_word' id='word_1_930' title='bbox 2093 4260 2203 4329; x_wconf 84' lang='grc' dir='ltr'>τῆς</span> <span class='ocrx_word' id='word_1_931' title='bbox 2231 4266 2641 4331; x_wconf 69' lang='grc' dir='ltr'>χρηστότητος</span> <span class='ocrx_word' id='word_1_932' title='bbox 2670 4261 2856 4316; x_wconf 79' lang='grc' dir='ltr'>αὐτοῦ</span> <span class='ocrx_word' id='word_1_933' title='bbox 2891 4261 2989 4315; x_wconf 77' lang='grc' dir='ltr'>καὶ</span> <span class='ocrx_word' id='word_1_934' title='bbox 3016 4261 3123 4329; x_wconf 84' lang='grc' dir='ltr'>τῆς</span> <span class='ocrx_word' id='word_1_935' title='bbox 3148 4261 3379 4331; x_wconf 81' lang='grc' dir='ltr'>ἀνοχῆς</span> <span class='ocrx_word' id='word_1_936' title='bbox 3407 4264 3504 4317; x_wconf 78' lang='grc' dir='ltr'>καὶ</span> <span class='ocrx_word' id='word_1_937' title='bbox 3538 4262 3644 4330; x_wconf 82' lang='grc' dir='ltr'>τῆς</span> <span class='ocrx_word' id='word_1_938' title='bbox 3667 4277 3768 4331; x_wconf 82' lang='grc' dir='ltr'>μα-</span> 
     </span>
    </p>
   </div>
   <div class='ocr_carea' id='block_1_112' title="bbox 2093 4347 3766 4419">
    <p class='ocr_par' dir='ltr' id='par_1_112' title="bbox 2093 4347 3766 4419">
     <span class='ocr_line' id='line_1_112' title="bbox 2093 4347 3766 4419; baseline 0.001 -19"><span class='ocrx_word' id='word_1_939' title='bbox 2093 4351 2415 4416; x_wconf 79' lang='grc' dir='ltr'>κροθυμίας</span> <span class='ocrx_word' id='word_1_940' title='bbox 2439 4348 2851 4417; x_wconf 59' lang='grc' dir='ltr'>καταφρονεῖς,</span> <span class='ocrx_word' id='word_1_941' title='bbox 2882 4347 3116 4416; x_wconf 77' lang='grc' dir='ltr'>ἀγνοῶν</span> <span class='ocrx_word' id='word_1_942' title='bbox 3142 4349 3228 4402; x_wconf 82' lang='grc' dir='ltr'>ὅτι</span> <span class='ocrx_word' id='word_1_943' title='bbox 3265 4349 3329 4401; x_wconf 80' lang='grc' dir='ltr'>τὸ</span> <span class='ocrx_word' id='word_1_944' title='bbox 3363 4349 3634 4419; x_wconf 73' lang='grc' dir='ltr'>γρηστὸν</span> <span class='ocrx_word' id='word_1_945' title='bbox 3668 4347 3766 4402; x_wconf 88' lang='grc' dir='ltr'>τοῦ</span> 
     </span>
    </p>
   </div>
   <div class='ocr_carea' id='block_1_113' title="bbox 2096 4435 3764 4506">
    <p class='ocr_par' dir='ltr' id='par_1_113' title="bbox 2096 4435 3764 4506">
     <span class='ocr_line' id='line_1_113' title="bbox 2096 4435 3764 4506; baseline 0 -18"><span class='ocrx_word' id='word_1_946' title='bbox 2096 4436 2243 4489; x_wconf 83' lang='grc' dir='ltr'>Θεοῦ</span> <span class='ocrx_word' id='word_1_947' title='bbox 2285 4440 2373 4502; x_wconf 85' lang='grc' dir='ltr'>εὶς</span> <span class='ocrx_word' id='word_1_948' title='bbox 2388 4436 2715 4505; x_wconf 81' lang='grc' dir='ltr'>μετάνοιάν</span> <span class='ocrx_word' id='word_1_949' title='bbox 2754 4453 2828 4489; x_wconf 88' lang='grc' dir='ltr'>σε</span> <span class='ocrx_word' id='word_1_950' title='bbox 2867 4435 3030 4506; x_wconf 75' lang='grc' dir='ltr'>ἄγεις</span> <span class='ocrx_word' id='word_1_951' title='bbox 3059 4438 3155 4490; x_wconf 76' lang='grc' dir='ltr'>Διά</span> <span class='ocrx_word' id='word_1_952' title='bbox 3182 4438 3289 4506; x_wconf 73' lang='grc' dir='ltr'>γὰρ</span> <span class='ocrx_word' id='word_1_953' title='bbox 3320 4439 3479 4491; x_wconf 84' lang='grc' dir='ltr'>τοῦτο</span> <span class='ocrx_word' id='word_1_954' title='bbox 3507 4439 3764 4506; x_wconf 82' lang='grc' dir='ltr'>ἀνέχεται,</span> 
     </span>
    </p>
   </div>
   <div class='ocr_carea' id='block_1_114' title="bbox 2094 4522 3765 4596">
    <p class='ocr_par' dir='ltr' id='par_1_114' title="bbox 2094 4522 3765 4596">
     <span class='ocr_line' id='line_1_114' title="bbox 2094 4522 3765 4596; baseline 0 -20"><span class='ocrx_word' id='word_1_955' title='bbox 2094 4524 2277 4592; x_wconf 75' lang='grc' dir='ltr'>φησὶν,</span> <span class='ocrx_word' id='word_1_956' title='bbox 2301 4524 2398 4594; x_wconf 76' lang='grc' dir='ltr'>οὐχ</span> <span class='ocrx_word' id='word_1_957' title='bbox 2420 4524 2507 4578; x_wconf 82' lang='grc' dir='ltr'>ἵνα</span> <span class='ocrx_word' id='word_1_958' title='bbox 2524 4526 2719 4595; x_wconf 88' lang='grc' dir='ltr'>χείρων</span> <span class='ocrx_word' id='word_1_959' title='bbox 2738 4524 2890 4596; x_wconf 78' lang='grc' dir='ltr'>γένῃ,</span> <span class='ocrx_word' id='word_1_960' title='bbox 2922 4524 3034 4577; x_wconf 79' lang='grc' dir='ltr'>ἀλλ’</span> <span class='ocrx_word' id='word_1_961' title='bbox 3057 4524 3142 4576; x_wconf 84' lang='grc' dir='ltr'>ἵνα</span> <span class='ocrx_word' id='word_1_962' title='bbox 3167 4526 3399 4595; x_wconf 85' lang='grc' dir='ltr'>μετανοή</span> <span class='ocrx_word' id='word_1_963' title='bbox 3409 4541 3525 4595; x_wconf 55' lang='lat' dir='ltr'>an:</span> <span class='ocrx_word' id='word_1_964' title='bbox 3550 4528 3596 4577; x_wconf 84' lang='grc' dir='ltr'>εί</span> <span class='ocrx_word' id='word_1_965' title='bbox 3622 4525 3674 4576; x_wconf 86' lang='grc' dir='ltr'>δέ</span> <span class='ocrx_word' id='word_1_966' title='bbox 3697 4522 3765 4594; x_wconf 82' lang='grc' dir='ltr'>μὴ</span> 
     </span>
    </p>
   </div>
   <div class='ocr_carea' id='block_1_115' title="bbox 2094 4610 3765 4685">
    <p class='ocr_par' dir='ltr' id='par_1_115' title="bbox 2094 4610 3765 4685">
     <span class='ocr_line' id='line_1_115' title="bbox 2094 4610 3765 4685; baseline -0.001 -22"><span class='ocrx_word' id='word_1_967' title='bbox 2094 4610 2290 4681; x_wconf 80' lang='grc' dir='ltr'>βούλει,</span> <span class='ocrx_word' id='word_1_968' title='bbox 2340 4613 2612 4676; x_wconf 82' lang='grc' dir='ltr'>κολάσεως</span> <span class='ocrx_word' id='word_1_969' title='bbox 2666 4613 2912 4682; x_wconf 77' lang='grc' dir='ltr'>μείζονος</span> <span class='ocrx_word' id='word_1_970' title='bbox 2963 4613 3170 4680; x_wconf 77' lang='grc' dir='ltr'>ἐφόδιον</span> <span class='ocrx_word' id='word_1_971' title='bbox 3210 4617 3243 4683; x_wconf 91' lang='grc' dir='ltr'>ή</span> <span class='ocrx_word' id='word_1_972' title='bbox 3294 4614 3647 4685; x_wconf 80' lang='grc' dir='ltr'>μακροθυμία</span> <span class='ocrx_word' id='word_1_973' title='bbox 3688 4628 3765 4663; x_wconf 86' lang='grc' dir='ltr'>σοι</span> 
     </span>
    </p>
   </div>
   <div class='ocr_carea' id='block_1_116' title="bbox 2092 4700 3768 4771">
    <p class='ocr_par' dir='ltr' id='par_1_116' title="bbox 2092 4700 3768 4771">
     <span class='ocr_line' id='line_1_116' title="bbox 2092 4700 3768 4771; baseline 0 -19"><span class='ocrx_word' id='word_1_974' title='bbox 2092 4700 2300 4768; x_wconf 89' lang='grc' dir='ltr'>γίνεται</span> <span class='ocrx_word' id='word_1_975' title='bbox 2337 4702 2692 4771; x_wconf 81' lang='grc' dir='ltr'>ἀμετανοήτῳ</span> <span class='ocrx_word' id='word_1_976' title='bbox 2724 4701 2958 4771; x_wconf 88' lang='grc' dir='ltr'>μένοντι.</span> <span class='ocrx_word' id='word_1_977' title='bbox 3008 4702 3117 4754; x_wconf 73' lang='grc' dir='ltr'>Καὶ</span> <span class='ocrx_word' id='word_1_978' title='bbox 3149 4703 3309 4755; x_wconf 90' lang='grc' dir='ltr'>τοῦτο</span> <span class='ocrx_word' id='word_1_979' title='bbox 3337 4703 3468 4771; x_wconf 90' lang='grc' dir='ltr'>γοῦν</span> <span class='ocrx_word' id='word_1_980' title='bbox 3518 4702 3642 4757; x_wconf 77' lang='grc' dir='ltr'>αὐτὸ</span> <span class='ocrx_word' id='word_1_981' title='bbox 3680 4700 3768 4769; x_wconf 85' lang='grc' dir='ltr'>δη-</span> 
     </span>
    </p>
   </div>
   <div class='ocr_carea' id='block_1_117' title="bbox 2093 4787 3768 4858">
    <p class='ocr_par' dir='ltr' id='par_1_117' title="bbox 2093 4787 3768 4858">
     <span class='ocr_line' id='line_1_117' title="bbox 2093 4787 3768 4858; baseline -0.001 -18"><span class='ocrx_word' id='word_1_982' title='bbox 2093 4787 2201 4841; x_wconf 87' lang='grc' dir='ltr'>λῶν</span> <span class='ocrx_word' id='word_1_983' title='bbox 2230 4787 2414 4858; x_wconf 81' lang='grc' dir='ltr'>ἐλεγεο</span> <span class='ocrx_word' id='word_1_984' title='bbox 2434 4788 2594 4842; x_wconf 83' lang='grc' dir='ltr'>Κατὰ</span> <span class='ocrx_word' id='word_1_985' title='bbox 2633 4787 2702 4840; x_wconf 84' lang='grc' dir='ltr'>δὲ</span> <span class='ocrx_word' id='word_1_986' title='bbox 2736 4787 2851 4856; x_wconf 83' lang='grc' dir='ltr'>τὴν</span> <span class='ocrx_word' id='word_1_987' title='bbox 2879 4789 3263 4857; x_wconf 77' lang='grc' dir='ltr'>σκληρότητά</span> <span class='ocrx_word' id='word_1_988' title='bbox 3291 4808 3407 4844; x_wconf 89' lang='grc' dir='ltr'>σου</span> <span class='ocrx_word' id='word_1_989' title='bbox 3441 4791 3539 4844; x_wconf 78' lang='grc' dir='ltr'>καὶ</span> <span class='ocrx_word' id='word_1_990' title='bbox 3566 4790 3768 4857; x_wconf 81' lang='grc' dir='ltr'>ἀμετα-</span> 
     </span>
    </p>
   </div>
   <div class='ocr_carea' id='block_1_118' title="bbox 2091 4875 3766 4948">
    <p class='ocr_par' dir='ltr' id='par_1_118' title="bbox 2091 4875 3766 4948">
     <span class='ocr_line' id='line_1_118' title="bbox 2091 4875 3766 4948; baseline -0.001 -17"><span class='ocrx_word' id='word_1_991' title='bbox 2091 4878 2314 4944; x_wconf 81' lang='grc' dir='ltr'>νόητον</span> <span class='ocrx_word' id='word_1_992' title='bbox 2337 4876 2608 4945; x_wconf 86' lang='grc' dir='ltr'>καρδίαν,</span> <span class='ocrx_word' id='word_1_993' title='bbox 2634 4876 3006 4945; x_wconf 82' lang='grc' dir='ltr'>θησαυρίζεις</span> <span class='ocrx_word' id='word_1_994' title='bbox 3026 4879 3261 4944; x_wconf 84' lang='grc' dir='ltr'>σεαυτῷ</span> <span class='ocrx_word' id='word_1_995' title='bbox 3289 4879 3479 4948; x_wconf 65' lang='grc' dir='ltr'>ὀργὴν</span> <span class='ocrx_word' id='word_1_996' title='bbox 3497 4880 3566 4933; x_wconf 80' lang='grc' dir='ltr'>ἐν</span> <span class='ocrx_word' id='word_1_997' title='bbox 3587 4875 3766 4947; x_wconf 74' lang='grc' dir='ltr'>ἡμέρᾳ</span> 
     </span>
    </p>
   </div>
   <div class='ocr_carea' id='block_1_119' title="bbox 2092 4961 3764 5034">
    <p class='ocr_par' dir='ltr' id='par_1_119' title="bbox 2092 4961 3764 5034">
     <span class='ocr_line' id='line_1_119' title="bbox 2092 4961 3764 5034; baseline -0.004 -13"><span class='ocrx_word' id='word_1_998' title='bbox 2092 4965 2276 5034; x_wconf 74' lang='grc' dir='ltr'>ὀργῆς</span> <span class='ocrx_word' id='word_1_999' title='bbox 2324 4965 2424 5018; x_wconf 80' lang='grc' dir='ltr'>καὶ</span> <span class='ocrx_word' id='word_1_1000' title='bbox 2487 4965 2965 5033; x_wconf 69' lang='grc' dir='ltr'>ἀποκαλύψεως,</span> <span class='ocrx_word' id='word_1_1001' title='bbox 3023 4965 3122 5019; x_wconf 78' lang='grc' dir='ltr'>καὶ</span> <span class='ocrx_word' id='word_1_1002' title='bbox 3179 4965 3613 5033; x_wconf 76' lang='grc' dir='ltr'>δικαιοκρισίας</span> <span class='ocrx_word' id='word_1_1003' title='bbox 3664 4961 3764 5015; x_wconf 90' lang='grc' dir='ltr'>τοῦ</span> 
     </span>
    </p>
   </div>
   <div class='ocr_carea' id='block_1_120' title="bbox 2094 5049 3760 5121">
    <p class='ocr_par' dir='ltr' id='par_1_120' title="bbox 2094 5049 3760 5121">
     <span class='ocr_line' id='line_1_120' title="bbox 2094 5049 3760 5121; baseline -0.001 -17"><span class='ocrx_word' id='word_1_1004' title='bbox 2094 5052 2263 5113; x_wconf 86' lang='grc' dir='ltr'>Θεοῦ,</span> <span class='ocrx_word' id='word_1_1005' title='bbox 2307 5050 2377 5119; x_wconf 82' lang='grc' dir='ltr'>ὃς</span> <span class='ocrx_word' id='word_1_1006' title='bbox 2415 5050 2716 5106; x_wconf 84' lang='grc' dir='ltr'>ἀποδώσει</span> <span class='ocrx_word' id='word_1_1007' title='bbox 2761 5052 2996 5116; x_wconf 75' lang='grc' dir='ltr'>ἑκάστῳ</span> <span class='ocrx_word' id='word_1_1008' title='bbox 3045 5052 3195 5106; x_wconf 80' lang='grc' dir='ltr'>κατὰ</span> <span class='ocrx_word' id='word_1_1009' title='bbox 3245 5054 3318 5107; x_wconf 83' lang='grc' dir='ltr'>τὰ</span> <span class='ocrx_word' id='word_1_1010' title='bbox 3367 5056 3512 5121; x_wconf 75' lang='grc' dir='ltr'>ἔργα</span> <span class='ocrx_word' id='word_1_1011' title='bbox 3564 5049 3760 5105; x_wconf 81' lang='grc' dir='ltr'>αὐτοῦ.</span> 
     </span>
    </p>
   </div>
   <div class='ocr_carea' id='block_1_121' title="bbox 2106 5135 3763 5212">
    <p class='ocr_par' dir='ltr' id='par_1_121' title="bbox 2106 5135 3763 5212">
     <span class='ocr_line' id='line_1_121' title="bbox 2106 5135 3763 5212; baseline -0.001 -21"><span class='ocrx_word' id='word_1_1012' title='bbox 2106 5138 2257 5192; x_wconf 73' lang='grc' dir='ltr'>Ἐπεὶ</span> <span class='ocrx_word' id='word_1_1013' title='bbox 2283 5135 2376 5193; x_wconf 85' lang='grc' dir='ltr'>οὖν</span> <span class='ocrx_word' id='word_1_1014' title='bbox 2415 5140 2630 5210; x_wconf 78' lang='grc' dir='ltr'>ἑκάστῳ</span> <span class='ocrx_word' id='word_1_1015' title='bbox 2669 5141 2810 5193; x_wconf 88' lang='grc' dir='ltr'>κατά</span> <span class='ocrx_word' id='word_1_1016' title='bbox 2850 5141 2918 5193; x_wconf 81' lang='grc' dir='ltr'>τά</span> <span class='ocrx_word' id='word_1_1017' title='bbox 2965 5140 3103 5212; x_wconf 83' lang='grc' dir='ltr'>ἔργα</span> <span class='ocrx_word' id='word_1_1018' title='bbox 3136 5140 3447 5202; x_wconf 86' lang='grc' dir='ltr'>ἀποδίδωσι,</span> <span class='ocrx_word' id='word_1_1019' title='bbox 3482 5140 3575 5193; x_wconf 77' lang='grc' dir='ltr'>καὶ</span> <span class='ocrx_word' id='word_1_1020' title='bbox 3610 5138 3763 5208; x_wconf 88' lang='grc' dir='ltr'>νόμον</span> 
     </span>
    </p>
   </div>
   <div class='ocr_carea' id='block_1_122' title="bbox 2091 5224 3763 5299">
    <p class='ocr_par' dir='ltr' id='par_1_122' title="bbox 2091 5224 3763 5299">
     <span class='ocr_line' id='line_1_122' title="bbox 2091 5224 3763 5299; baseline -0.004 -20"><span class='ocrx_word' id='word_1_1021' title='bbox 2091 5225 2179 5280; x_wconf 81' lang='grc' dir='ltr'>διά</span> <span class='ocrx_word' id='word_1_1022' title='bbox 2211 5226 2369 5280; x_wconf 86' lang='grc' dir='ltr'>τοῦτο</span> <span class='ocrx_word' id='word_1_1023' title='bbox 2399 5227 2626 5295; x_wconf 83' lang='grc' dir='ltr'>φυσικὸν</span> <span class='ocrx_word' id='word_1_1024' title='bbox 2669 5228 2803 5298; x_wconf 82' lang='grc' dir='ltr'>ἡμῖν</span> <span class='ocrx_word' id='word_1_1025' title='bbox 2846 5227 3094 5299; x_wconf 85' lang='grc' dir='ltr'>ἐνέθηκε,</span> <span class='ocrx_word' id='word_1_1026' title='bbox 3144 5227 3238 5280; x_wconf 72' lang='grc' dir='ltr'>καὶ</span> <span class='ocrx_word' id='word_1_1027' title='bbox 3278 5226 3520 5298; x_wconf 85' lang='grc' dir='ltr'>γραπτὸν</span> <span class='ocrx_word' id='word_1_1028' title='bbox 3551 5224 3763 5293; x_wconf 74' lang='grc' dir='ltr'>ὕστερον</span> 
     </span>
    </p>
   </div>
   <div class='ocr_carea' id='block_1_123' title="bbox 2090 5308 3762 5386">
    <p class='ocr_par' dir='ltr' id='par_1_123' title="bbox 2090 5308 3762 5386">
     <span class='ocr_line' id='line_1_123' title="bbox 2090 5308 3762 5386; baseline -0.004 -20"><span class='ocrx_word' id='word_1_1029' title='bbox 2090 5313 2310 5378; x_wconf 76' lang='grc' dir='ltr'>ἔδωκεν,</span> <span class='ocrx_word' id='word_1_1030' title='bbox 2354 5314 2442 5366; x_wconf 83' lang='grc' dir='ltr'>ἴνα</span> <span class='ocrx_word' id='word_1_1031' title='bbox 2483 5314 2715 5377; x_wconf 77' lang='grc' dir='ltr'>εὐθύνας</span> <span class='ocrx_word' id='word_1_1032' title='bbox 2740 5315 3021 5386; x_wconf 80' lang='grc' dir='ltr'>ἀπαιτήσῃ</span> <span class='ocrx_word' id='word_1_1033' title='bbox 3070 5312 3177 5366; x_wconf 89' lang='grc' dir='ltr'>τῶν</span> <span class='ocrx_word' id='word_1_1034' title='bbox 3220 5313 3647 5383; x_wconf 84' lang='grc' dir='ltr'>ἁμαρτημάτων,</span> <span class='ocrx_word' id='word_1_1035' title='bbox 3678 5308 3762 5360; x_wconf 79' lang='grc' dir='ltr'>καὶ</span> 
     </span>
    </p>
   </div>
   <div class='ocr_carea' id='block_1_124' title="bbox 2091 5393 3761 5472">
    <p class='ocr_par' dir='ltr' id='par_1_124' title="bbox 2091 5393 3761 5472">
     <span class='ocr_line' id='line_1_124' title="bbox 2091 5393 3761 5472; baseline -0.004 -19"><span class='ocrx_word' id='word_1_1036' title='bbox 2091 5400 2179 5455; x_wconf 82' lang='grc' dir='ltr'>ἵνα</span> <span class='ocrx_word' id='word_1_1037' title='bbox 2225 5399 2626 5471; x_wconf 81' lang='grc' dir='ltr'>κατορθοῦντας</span> <span class='ocrx_word' id='word_1_1038' title='bbox 2688 5399 3036 5472; x_wconf 83' lang='grc' dir='ltr'>στεφανώσῃ·</span> <span class='ocrx_word' id='word_1_1039' title='bbox 3092 5400 3230 5472; x_wconf 82' lang='grc' dir='ltr'>μετὰ</span> <span class='ocrx_word' id='word_1_1040' title='bbox 3281 5399 3482 5468; x_wconf 86' lang='grc' dir='ltr'>πολλῆς</span> <span class='ocrx_word' id='word_1_1041' title='bbox 3530 5393 3621 5451; x_wconf 79' lang='grc' dir='ltr'>οὖν</span> <span class='ocrx_word' id='word_1_1042' title='bbox 3669 5394 3761 5463; x_wconf 78' lang='grc' dir='ltr'>τῆς</span> 
     </span>
    </p>
   </div>
   <div class='ocr_carea' id='block_1_125' title="bbox 2092 5483 3759 5561">
    <p class='ocr_par' dir='ltr' id='par_1_125' title="bbox 2092 5483 3759 5561">
     <span class='ocr_line' id='line_1_125' title="bbox 2092 5483 3759 5561; baseline -0.004 -20"><span class='ocrx_word' id='word_1_1043' title='bbox 2092 5488 2350 5559; x_wconf 79' lang='grc' dir='ltr'>σπουδῆς,</span> <span class='ocrx_word' id='word_1_1044' title='bbox 2384 5490 2478 5541; x_wconf 81' lang='grc' dir='ltr'>καὶ</span> <span class='ocrx_word' id='word_1_1045' title='bbox 2507 5488 2694 5560; x_wconf 83' lang='grc' dir='ltr'>ῶσπερ</span> <span class='ocrx_word' id='word_1_1046' title='bbox 2730 5492 2810 5553; x_wconf 84' lang='grc' dir='ltr'>είς</span> <span class='ocrx_word' id='word_1_1047' title='bbox 2834 5490 3184 5561; x_wconf 86' lang='grc' dir='ltr'>δικαστήριον</span> <span class='ocrx_word' id='word_1_1048' title='bbox 3210 5485 3614 5558; x_wconf 86' lang='grc' dir='ltr'>ἀπαντήσεσθαι</span> <span class='ocrx_word' id='word_1_1049' title='bbox 3644 5483 3759 5554; x_wconf 82' lang='grc' dir='ltr'>μέλ-</span> 
     </span>
    </p>
   </div>
   <div class='ocr_carea' id='block_1_126' title="bbox 2089 5570 3757 5648">
    <p class='ocr_par' dir='ltr' id='par_1_126' title="bbox 2089 5570 3757 5648">
     <span class='ocr_line' id='line_1_126' title="bbox 2089 5570 3757 5648; baseline -0.004 -19"><span class='ocrx_word' id='word_1_1050' title='bbox 2089 5576 2270 5640; x_wconf 88' lang='grc' dir='ltr'>λοντες</span> <span class='ocrx_word' id='word_1_1051' title='bbox 2297 5576 2547 5648; x_wconf 84' lang='grc' dir='ltr'>φοϐερὸν,</span> <span class='ocrx_word' id='word_1_1052' title='bbox 2581 5580 2651 5630; x_wconf 86' lang='grc' dir='ltr'>τὰ</span> <span class='ocrx_word' id='word_1_1053' title='bbox 2695 5577 2815 5631; x_wconf 88' lang='grc' dir='ltr'>καθ’</span> <span class='ocrx_word' id='word_1_1054' title='bbox 2847 5577 3074 5641; x_wconf 77' lang='grc' dir='ltr'>ἑαυτοὺς</span> <span class='ocrx_word' id='word_1_1055' title='bbox 3107 5578 3553 5648; x_wconf 77' lang='grc' dir='ltr'>οἰκονομήσωμεν</span> <span class='ocrx_word' id='word_1_1056' title='bbox 3574 5612 3588 5638; x_wconf 91' lang='grc'>,</span> <span class='ocrx_word' id='word_1_1057' title='bbox 3634 5570 3757 5624; x_wconf 86' lang='grc' dir='ltr'>εἰδό-</span> 
     </span>
    </p>
   </div>
   <div class='ocr_carea' id='block_1_127' title="bbox 2151 5780 3751 5849">
    <p class='ocr_par' dir='ltr' id='par_1_127' title="bbox 2151 5780 3751 5849">
     <span class='ocr_line' id='line_1_127' title="bbox 2151 5780 3751 5849; baseline -0.006 -15"><span class='ocrx_word' id='word_1_1058' title='bbox 2151 5782 2168 5806; x_wconf 86' lang='grc'><strong><em>⁸</em></strong></span> <span class='ocrx_word' id='word_1_1059' title='bbox 2204 5785 2303 5835; x_wconf 73' lang='lat' dir='ltr'><strong>Alii</strong></span> <span class='ocrx_word' id='word_1_1060' title='bbox 2324 5784 2405 5849; x_wconf 78' lang='grc' dir='ltr'>καὶ</span> <span class='ocrx_word' id='word_1_1061' title='bbox 2417 5781 2780 5849; x_wconf 59' lang='grc' dir='ltr'>συνευδοκῷσι.</span> <span class='ocrx_word' id='word_1_1062' title='bbox 2803 5782 2933 5849; x_wconf 61' lang='lat' dir='ltr'><strong>Infra</strong></span> <span class='ocrx_word' id='word_1_1063' title='bbox 2944 5786 3126 5849; x_wconf 78' lang='grc' dir='ltr'>Θανάτῳ</span> <span class='ocrx_word' id='word_1_1064' title='bbox 3144 5792 3258 5835; x_wconf 79' lang='lat' dir='ltr'>ante</span> <span class='ocrx_word' id='word_1_1065' title='bbox 3280 5784 3553 5849; x_wconf 73' lang='grc' dir='ltr'>κολάζεσθαι</span> <span class='ocrx_word' id='word_1_1066' title='bbox 3570 5780 3751 5844; x_wconf 62' lang='lat' dir='ltr'><strong>quidam</strong></span> 
     </span>
    </p>
   </div>
   <div class='ocr_carea' id='block_1_128' title="bbox 2091 5845 3569 5911">
    <p class='ocr_par' dir='ltr' id='par_1_128' title="bbox 2091 5845 3569 5911">
     <span class='ocr_line' id='line_1_128' title="bbox 2091 5845 3569 5911; baseline 0 -16"><span class='ocrx_word' id='word_1_1067' title='bbox 2091 5860 2207 5911; x_wconf 51' lang='grc' dir='ltr'>ωας.</span> <span class='ocrx_word' id='word_1_1068' title='bbox 2226 5859 2332 5911; x_wconf 60' lang='lat' dir='ltr'>non</span> <span class='ocrx_word' id='word_1_1069' title='bbox 2356 5845 2557 5911; x_wconf 59' lang='lat' dir='ltr'>haben},</span> <span class='ocrx_word' id='word_1_1070' title='bbox 2582 5858 2675 5911; x_wconf 68' lang='lat' dir='ltr'>nec</span> <span class='ocrx_word' id='word_1_1071' title='bbox 2698 5847 2804 5907; x_wconf 84' lang='lat' dir='ltr'>ipse</span> <span class='ocrx_word' id='word_1_1072' title='bbox 2825 5846 2974 5897; x_wconf 75' lang='lat' dir='ltr'><strong>habet</strong></span> <span class='ocrx_word' id='word_1_1073' title='bbox 2998 5845 3160 5898; x_wconf 41' lang='lat' dir='ltr'>nisi’iu</span> <span class='ocrx_word' id='word_1_1074' title='bbox 3181 5851 3401 5911; x_wconf 78' lang='lat' dir='ltr'>margine</span> <span class='ocrx_word' id='word_1_1075' title='bbox 3423 5847 3569 5897; x_wconf 70' lang='lat' dir='ltr'>Sam.</span> 
     </span>
    </p>
   </div>
   <div class='ocr_carea' id='block_1_129' title="bbox 2155 5908 2814 5969">
    <p class='ocr_par' dir='ltr' id='par_1_129' title="bbox 2155 5908 2814 5969">
     <span class='ocr_line' id='line_1_129' title="bbox 2155 5908 2814 5969; baseline -0.005 -9"><span class='ocrx_word' id='word_1_1076' title='bbox 2155 5908 2183 5950; x_wconf 69' lang='lat' dir='ltr'><strong>b</strong></span> <span class='ocrx_word' id='word_1_1077' title='bbox 2209 5908 2309 5959; x_wconf 77' lang='lat' dir='ltr'>Alii</span> <span class='ocrx_word' id='word_1_1078' title='bbox 2332 5908 2480 5956; x_wconf 85' lang='grc' dir='ltr'>κακὸν</span> <span class='ocrx_word' id='word_1_1079' title='bbox 2505 5908 2557 5957; x_wconf 82' lang='grc' dir='ltr'>ὃν</span> <span class='ocrx_word' id='word_1_1080' title='bbox 2580 5908 2663 5965; x_wconf 72' lang='grc' dir='ltr'>τὴν</span> <span class='ocrx_word' id='word_1_1081' title='bbox 2684 5922 2814 5969; x_wconf 77' lang='grc' dir='ltr'>μοιχ.</span> 
     </span>
    </p>
   </div>
  </div>
