4068 6456
501 364 608 424 133

500 479 673 548 ipsmu
700 477 1014 545 occultabat,
1045 483 1101 533 et
1131 486 1248 547 post
1287 476 1625 531 commissam
1658 489 1843 530 necem
1872 488 2084 528 rursum

497 586 528 624 a
559 571 666 624 Deo
695 571 1080 639 interrogatus,
1108 567 1206 623 Ubi
1243 578 1314 621 est
1355 566 1480 621 Abel
1505 566 1662 637 frater
1702 567 1854 620 tuus?
1880 565 2047 634 inquit
2073 605 2088 630 ,

501 663 719 717 Nescio:
736 663 982 733 numquid
996 672 1161 715 custos
1183 660 1354 732 fratris
1376 661 1470 713 mei
1491 677 1600 713 sum
1617 675 1708 728 ego
1729 657 1878 727 (Gen.
1896 659 2087 727 4&9):

500 756 683 824 Quare
710 757 850 810 enim
885 756 1083 825 negat?
1115 769 1291 808 nonne
1330 762 1475 823 patet
1522 753 1663 822 quod
1711 752 2091 807 condemnaret

500 850 737 916 seipsum
759 847 1142 901 vehenien'er‘?
1173 848 1321 901 Sicut
1345 846 1486 899 enim
1516 845 1677 913 ipsius
1708 854 1858 913 pater
1883 858 1942 897 se
1970 845 2087 896 alis-

497 939 786 1003 conderat,
817 938 885 991 ita
926 947 975 993 et
1022 938 1111 992 hic
1154 946 1313 1006 negat
1342 953 1355 988 :
1387 946 1442 990 et
1470 946 1589 1004 post
1618 935 2088 1002 interrogationem

497 1030 692 1084 iterum
723 1030 909 1098 inquit,
946 1029 1117 1099 Major
1146 1040 1216 1082 est
1263 1044 1417 1079 causa
1466 1042 1595 1088 mea,
1620 1042 1769 1096 quant
1815 1037 1867 1077 ut
1915 1024 2088 1077 dimit-

497 1132 636 1176 tatur
656 1123 777 1175 mihi
805 1122 912 1190 (Ib.
943 1140 996 1173 ν.
1024 1122 1137 1189 15).
1168 1120 1274 1175 Sed
1305 1119 1517 1189 gentilis
1545 1118 1658 1170 hare
1688 1132 1791 1170 non
1821 1114 1944 1168 fert.
1978 1116 2088 1184 Age

497 1215 660 1284 igitur
684 1225 736 1268 et
762 1214 826 1267 ad
860 1214 1006 1267 illum
1037 1213 1335 1282 loquamur,
1358 1219 1413 1265 et
1452 1209 1593 1279 quod
1624 1209 1674 1261 in
1704 1207 1979 1262 creatione
2008 1206 2087 1261 le-

500 1308 695 1369 cimus,
731 1321 835 1359 non
874 1304 1163 1375 Scripturis
1194 1313 1421 1363 tantum,
1453 1301 1545 1354 sed
1591 1301 1753 1353 etiam
1794 1297 2088 1351 rationibus

497 1400 790 1453 certamina
818 1406 1003 1451 contra
1037 1397 1158 1449 illos
1200 1402 1498 1457 moventes,
1530 1392 1631 1446 hoc
1673 1399 1727 1444 et
1772 1391 1911 1443 circa
1953 1404 2087 1443 con-

496 1491 776 1545 scientiam
802 1505 940 1543 nunc
970 1489 1244 1543 faciamus.
1282 1487 1490 1540 Etenim
1524 1494 1577 1538 et
1606 1484 1803 1537 Paulus
1838 1481 1940 1534 hoc
1967 1496 2086 1534 mo-

495 1583 959 1651 vitargumentum
991 1580 1248 1633 adversos
1276 1579 1394 1631 illos
1423 1591 1678 1645 pugnans.
1703 1572 1841 1641 Quid
1873 1572 2088 1626 tandem

498 1682 582 1725 est
629 1671 769 1740 quod
820 1671 1043 1724 dicunt?
1071 1670 1187 1723 Non
1228 1676 1310 1722 est
1342 1669 1496 1721 nobis
1541 1682 1635 1735 per
1675 1682 1733 1719 se
1759 1666 1840 1719 lex
1872 1665 1926 1718 in
1954 1678 2089 1718 con-

497 1763 721 1816 scientia
755 1763 949 1830 posita,
985 1776 1081 1814 nec
1107 1776 1223 1813 eam
1266 1768 1468 1811 natura:
1500 1757 1644 1811 Deus
1672 1756 1913 1809 inseruit.
1934 1754 2090 1811 Unde

498 1853 678 1922 igitur,
704 1852 861 1915 unde,
888 1854 1121 1921 inquam,
1148 1852 1212 1904 de
1233 1851 1447 1917 nuptiis,
1467 1849 1534 1903 de
1560 1848 1813 1909 caidibus,
1834 1846 1901 1901 de
1926 1855 2090 1900 testa-

499 1944 715 2005 tuentis,
748 1944 814 1997 de
841 1942 1097 2011 depositis
1120 1983 1131 2001 ,
1156 1944 1221 1994 de
1263 1941 1517 2010 proximis
1546 1955 1650 1991 non
1690 1937 2051 2007 opprimendis
2070 1978 2085 2002 ,

499 2036 569 2091 de
600 2036 816 2090 inliuitis
853 2034 972 2088 aliis
1004 2035 1148 2103 leges
1199 2033 1337 2102 apud
1379 2047 1474 2087 eos
1515 2031 1844 2099 scripserunt
1878 2028 2090 2098 legisla-

497 2128 690 2183 tores?
717 2127 778 2181 Hi
820 2126 1016 2196 quippe
1044 2135 1332 2194 praesentes
1364 2120 1502 2176 forte
1543 2137 1572 2174 a
1624 2120 1912 2189 majoribus
1960 2132 2088 2173 natu

495 2220 816 2282 didicerunt,
840 2227 897 2272 et
941 2218 1014 2272 illi
1058 2232 1088 2271 a
1127 2216 1411 2285 prioribus,
1450 2225 1502 2269 et
1526 2229 1736 2267 rursum
1791 2228 1820 2265 a
1856 2213 2089 2281 superiov

498 2312 648 2365 ribus
674 2311 758 2364 isti
796 2327 811 2366 :
845 2311 932 2381 qui
961 2324 1090 2364 vero
1115 2311 1181 2363 ab
1201 2308 1350 2361 initio
1379 2317 1432 2361 et
1464 2307 1617 2376 primi
1641 2305 1780 2376 apud
1808 2321 1900 2361 cos
1943 2306 2086 2374 leges

497 2404 763 2464 tulerunt,
794 2417 823 2455 a
878 2417 983 2471 quo
1032 2400 1373 2455 didicerunt?
1414 2414 1590 2451 annon
1646 2398 1827 2467 utique
1872 2412 1905 2450 a
1954 2410 2085 2449 con-

498 2494 763 2549 scientia?
817 2492 1000 2563 Neque
1044 2494 1185 2546 euim
1238 2492 1418 2546 dicere
1468 2499 1722 2560 possent,
1771 2488 1913 2559 quod
1963 2503 2084 2543 cum

501 2588 647 2641 Most:
700 2586 931 2652 fuerint,
960 2584 1101 2655 quod
1149 2583 1435 2653 prophetas
1483 2579 2088 2651 audierint:quomodo

494 2681 642 2733 enim
670 2680 756 2750 qui
788 2679 1016 2749 gentiles
1045 2677 1239 2737 erant?
1272 2676 1376 2731 Sed
1405 2684 1548 2745 patet
1571 2690 1665 2729 eos
1693 2690 1721 2727 a
1753 2676 1866 2743 lege
1889 2714 1903 2737 ,
1925 2685 2087 2743 quam

499 2773 772 2827 hominem
805 2775 1007 2842 lingens
1033 2772 1173 2825 Deus
1198 2772 1264 2825 ab
1289 2770 1439 2823 initio
1470 2770 1567 2839 ipsi
1596 2768 1790 2839 posuit,
1818 2768 1885 2821 ab
1912 2767 2012 2822 hac
2032 2782 2088 2823 et

501 2866 648 2936 leges
677 2866 917 2935 posuisse
940 2878 1085 2929 suas,
1109 2874 1160 2917 et
1176 2873 1317 2916 artes
1338 2863 1621 2927 invenisse,
1642 2862 1849 2930 aliaque
1870 2859 2082 2916 omnia:

501 2959 700 3013 etenim
739 2966 793 3011 et
832 2966 976 3010 artes
1009 2956 1087 3009 sic
1133 2956 1434 3009 tonstitutte
1479 2961 1632 3015 sunt,
1661 2967 1781 3006 cum
1813 2951 1971 3020 prisci
2012 2950 2088 3005 illi

503 3060 691 3118 suopte
720 3050 938 3118 ingenio
963 3048 1029 3103 ad
1062 3050 1180 3103 illas
1217 3062 1514 3103 accessere.
1545 3045 1634 3100 Sic
1659 3055 1711 3099 et
1749 3044 1946 3114 judicia
1967 3085 1983 3109 ,
2010 3045 2089 3099 sic

501 3153 555 3198 et
583 3158 752 3212 paena:
779 3142 1011 3196 deﬁnitae
1038 3151 1165 3195 sunt
1193 3158 1206 3192 :
1233 3139 1374 3209 quod
1405 3154 1596 3208 nempe
1618 3146 1672 3191 et
1703 3137 1893 3191 Paulus
1927 3136 2076 3190 dicit.

501 3234 634 3302 Quia
666 3236 806 3289 enim
831 3244 884 3289 et
910 3235 1186 3306 gentilium
1218 3234 1370 3288 multi
1400 3230 1781 3287 contradicturi
1815 3236 1967 3285 erant
1989 3269 2004 3294 ,
2035 3234 2091 3282 et

501 3326 1042 3394 dicturizQuomodo
1090 3327 1231 3380 Deus
1279 3325 1526 3379 homines
1563 3324 1653 3393 qui
1705 3321 1920 3376 fuerunt
1965 3330 2091 3374 ante

504 3417 703 3472 llosetn
730 3417 1033 3487 iudicabit?
1060 3432 1165 3471 non
1198 3418 1343 3472 misit
1372 3416 1755 3487 legislatorem,
1789 3429 1893 3467 non
1921 3414 2091 3482 legem

505 3514 642 3575 tulit,
676 3528 780 3565 non
834 3513 1147 3581 prophetam
1199 3511 1422 3579 paravit,
1452 3525 1558 3563 non
1603 3508 1899 3578 apostolum
1925 3547 1941 3571 ,
1984 3520 2093 3560 non

505 3606 880 3675 evangelistam
915 3621 928 3655 :
954 3603 1225 3674 quomodo
1272 3605 1339 3657 ab
1385 3604 1511 3672 ipsis
1542 3616 1728 3672 pinnas
1756 3599 1971 3669 exiget?
2000 3612 2095 3652 voc

504 3699 619 3753 lens
650 3698 841 3752 Paulus
866 3696 1235 3751 demonstrare
1260 3737 1274 3760 ,
1303 3695 1443 3765 quod
1474 3710 1502 3749 a
1531 3705 1719 3748 natura
1748 3693 1891 3747 docti
1920 3692 2092 3760 legem

506 3791 783 3857 haberent,
807 3800 862 3845 et
890 3790 1092 3859 agenda
1121 3789 1398 3843 manifeste
1428 3788 1665 3846 scirent.
1704 3785 1825 3838 audi
1855 3783 1980 3853 quid
2008 3783 2091 3835 in-

500 3884 656 3952 quit:
689 3883 811 3936 Cum
841 3882 973 3935 enim
1014 3891 1199 3952 gentes,
1223 3895 1333 3949 qua:
1381 3878 1538 3949 legem
1581 3893 1681 3930 non
1713 3874 1913 3938 habent,
1944 3881 2093 3926 natu-

504 3974 689 4029 raliter
711 3990 769 4029 ea
791 3989 903 4042 qua:
924 3973 1048 4043 legis
1068 3982 1217 4036 sunt,
1262 3972 1454 4043 faciunt
1477 3986 1494 4023 :
1517 3968 1762 4041 ejusmodi
1792 3968 1948 4036 legem
1991 3982 2093 4018 non

506 4065 761 4129 habentes,
790 4064 889 4134 ipsi
926 4064 1021 4117 sibi
1068 4074 1184 4118 sunt
1232 4064 1333 4130 leas,
1356 4062 1439 4132 qui
1487 4059 1751 4114 ostendunt
1795 4074 1922 4128 apus
1968 4056 2093 4126 legis

500 4151 757 4214 scriptum
801 4150 852 4201 itt
897 4147 1142 4203 cordibus
1187 4152 1316 4202 suis.
1357 4151 1642 4216 Quomodo
1689 4150 1807 4204 sine
1848 4151 2080 4207 litteris?

504 4236 885 4291 Testimonium
926 4238 1169 4291 reddente
1219 4238 1327 4292 illis
1364 4240 1685 4293 conscientia
1729 4241 1985 4310 ipsorum,
2027 4250 2079 4297 et

501 4327 703 4380 in'erse
720 4328 934 4381 invicem
954 4328 1361 4397 cogitationibus
1380 4330 1773 4393 accusantibus,
1796 4339 1887 4382 aut
1916 4330 2079 4384 etiam

501 4419 921 4487 defendentibus,
943 4422 997 4474 in
1036 4420 1121 4474 die
1143 4436 1246 4490 qua
1259 4420 1528 4490 judicabit
1566 4420 1705 4474 Deus
1740 4422 1948 4475 occulta
1980 4423 2080 4476 Ito-

505 4511 727 4572 mitium,
749 4514 1033 4564 secundum
1051 4512 1376 4582 evangelium
1397 4529 1566 4566 meum
1594 4514 1883 4582 perlesum
1920 4514 2080 4569 Citri-

499 4610 642 4653 stum
660 4599 893 4669 (Romi.
912 4601 1095 4673 14-16)
1117 4620 1129 4654 :
1152 4612 1205 4657 et
1223 4604 1416 4658 iterum
1436 4620 1448 4655 :
1466 4604 1791 4676 Quicumque
1806 4607 1945 4659 enint
1968 4607 2082 4660 sine

501 4692 611 4761 lege
636 4704 1002 4761 peccaverunt,
1030 4697 1143 4749 sine
1170 4696 1278 4766 lege
1307 4698 1549 4767 peribunt
1574 4706 1659 4750 :et
1690 4698 2003 4768 quicumque
2026 4699 2083 4751 iu

501 4784 612 4853 lege
635 4798 1091 4856 peccaverunt,per
1123 4788 1282 4857 legem
1297 4789 1686 4857 judicabantur
1714 4787 1939 4859 (Ibid.v.
1966 4788 2079 4859 12).

501 4876 644 4943 Quid
666 4889 768 4944 est,
797 4877 924 4934 Sine
948 4878 1055 4949 lege
1078 4879 1480 4947 peribunt?Non
1511 4880 1626 4949 lege
1642 4889 1956 4943 accusante,
1988 4880 2083 4935 sed

502 4970 835 5025 conscientia
862 4982 915 5026 et
948 4973 1391 5042 cogitationibus.
1419 4973 1476 5029 Si
1496 4990 1625 5029 vero
1643 4974 1812 5043 legem
1843 4989 1951 5028 non
1982 4975 2080 5028 ha-
2124 4975 2133 4982 ”

501 5061 1126 5130 huisseutconseientize,
1144 5080 1242 5119 nec
1257 5065 1401 5134 ipsos
1420 5066 1597 5135 perire
1617 5073 1908 5135 peccantes
1925 5077 2083 5131 opor-

500 5153 649 5207 tebat
670 5170 682 5204 :
704 5158 980 5224 quomodo
1001 5156 1229 5223 euitn,si
1256 5158 1373 5212 sine
1401 5158 1517 5229 lege
1550 5154 1950 5228 peccaverunt?
1976 5152 2079 5207 Sed

501 5259 629 5298 cum
650 5248 759 5301 sine
777 5247 886 5317 lege
909 5248 1057 5314 dicit,
1079 5265 1186 5305 non
1207 5250 1340 5305 dicit
1365 5265 1471 5305 non
1497 5251 1750 5305 habuisse
1770 5252 1962 5318 legem.
1988 5246 2083 5301 80d

503 5353 612 5389 nou
639 5338 893 5394 habuisse
916 5341 1085 5409 legem
1116 5343 1399 5412 scriptam,
1421 5351 1628 5395 natura:
1643 5356 1771 5396 vero
1796 5342 1965 5410 legem
1988 5341 2084 5393 ha-

501 5428 706 5485 buisse.
725 5430 788 5485 Et
804 5449 1051 5487 rursum:
1078 5432 1261 5488 Gloria
1276 5445 1473 5501 autem,
1489 5442 1537 5487 et
1552 5434 1734 5497 honor,
1754 5443 1803 5486 et
1818 5447 1924 5501 pax
1940 5431 2084 5486 omni

500 5525 742 5590 aperanti
768 5523 1173 5588 bonttthuda’o
1190 5528 1441 5596 primunt,
1460 5536 1508 5580 et
1529 5525 1713 5580 Gra'co
1735 5522 2082 5596 (Ibid.v.10.)

579 5619 633 5675 5.
661 5618 787 5675 “me
804 5628 982 5673 autem
1006 5619 1214 5674 dicebat
1238 5618 1304 5674 de
1324 5618 1685 5689 superioribus
1712 5619 1933 5688 loquens
1959 5631 2093 5673 lent-

500 5713 743 5785 poribus,
775 5728 891 5783 qua!
918 5725 1039 5768 ante
1063 5712 1261 5768 Christi
1288 5713 1569 5767 adventum
1602 5711 1832 5768 fuerunt.
1857 5713 1923 5767 Et
1943 5712 2091 5768 Grat-

507 5823 625 5861 cum
670 5805 756 5860 hic
784 5813 935 5860 VOCal
971 5820 1076 5860 non
1123 5805 1454 5862 idololatram
1482 5846 1495 5873 ,
1528 5804 1619 5860 sed
1669 5804 1832 5860 Deum
1881 5805 2091 5877 quidem

1337 362 1426 418 ΑΙ)
1466 360 1785 418 POPlII.UM
1827 359 2336 418 ANTlOCIiENUM.
2376 363 2605 419 llOMlL.
2648 364 2762 421 ΧΠ.

3689 376 3789 432 154

2202 475 2373 530 solum
2417 476 2726 533 adorantem
2752 519 2766 543 ,
2811 478 3158 539 Judaicarum
3201 500 3328 541 vero
3365 487 3795 548 Observationum

2200 567 2503 621 necessitati
2536 584 2639 622 non
2670 569 2931 638 deditum,
2959 574 3297 646 saltbalis'mis
3317 576 3456 646 dico,
3481 590 3535 635 et
3559 582 3789 638 circum-

2198 657 2383 711 cisioui
2411 698 2426 723 ,
2457 668 2510 713 et
2540 660 2701 712 variis
2730 662 3224 732 purilicationibus;
3263 642 3357 723 sed
3384 671 3697 739 sapientiam
3738 685 3793 730 et

2200 749 2450 818 pietatem
2494 766 2707 805 onmem
2753 753 3113 812 exhibentem.
3158 759 3224 813 Et
3259 776 3465 815 rursum
3495 764 3561 820 de
3603 767 3793 822 eodem

2195 840 2466 895 disserens
2487 840 2658 911 inquit
2679 860 2690 894 :
2715 842 2806 896 Ira
2826 855 2871 897 et
2896 848 3197 918 indignatio,
3222 852 3477 908 tribulatio
3494 865 3539 908 et
3559 860 3794 928 angustia

2195 947 2346 999 super
2374 950 2569 985 omnem
2598 936 2817 988 animam
2859 938 3073 993 hominis
3094 945 3347 1009 operantis
3375 947 3583 1014 malum,
3620 949 3793 1003 Judwi

2196 1025 2412 1093 primum
2447 1035 2494 1079 et
2536 1025 2700 1080 Crteci
2724 1030 2894 1097 (Rom.
2918 1037 2974 1091 2.
3004 1032 3036 1086 9
3074 1037 3110 1102 ).
3142 1034 3369 1090 Rursum
3417 1038 3501 1093 hic
3546 1041 3790 1096 Graecum

2196 1126 2383 1181 vocat,
2413 1116 2787 1173 observatione
2814 1119 3027 1176 Judaica
3064 1123 3363 1180 liberatum.
3393 1129 3449 1183 Si
3482 1131 3656 1202 itaque
3699 1150 3791 1187 ne-

2193 1222 2295 1275 que
2318 1207 2485 1277 legem
2513 1210 2731 1276 audivit,
2758 1229 2929 1283 neque
2949 1231 3069 1269 cum
3096 1216 3294 1272 Judmis
3315 1236 3661 1279 conversatus
3684 1238 3786 1287 est,

2197 1299 2466 1366 quomodo
2489 1302 2588 1354 erit
2612 1302 2709 1370 ipsi
2739 1303 2814 1356 ira
2840 1317 2894 1358 et
2916 1305 3203 1376 indignatio
3222 1320 3274 1364 et
3299 1312 3563 1367 tribulatio
3590 1317 3785 1370 malum

2193 1392 2478 1459 operanti?
2508 1392 2766 1459 Quoniam
2796 1397 2942 1452 intus
2986 1402 3368 1458 eonscietttiatn
3398 1406 3588 1462 habeat
3613 1409 3787 1464 incre—

2194 1494 2403 1551 pantem
2435 1494 2488 1540 et
2514 1487 2792 1543 docentem
2820 1499 2873 1544 et
2893 1491 3225 1548 erudientem
3257 1495 3306 1549 in
3337 1499 3602 1554 onmibus.
3637 1500 3787 1557 Unde

2193 1572 2297 1629 hoc
2322 1576 2693 1632 manifestum?
2722 1580 2797 1634 Ex
2824 1581 2959 1635 iisin
2987 1584 3178 1652 quibus
3204 1588 3336 1641 alios
3364 1590 3637 1658 castigavit
3660 1608 3784 1661 pec-

2192 1676 2397 1732 cantes,
2437 1668 2580 1738 leges
2612 1671 2758 1735 tulit,
2787 1672 2984 1741 judicia
3015 1678 3309 1731 constituit.
3339 1679 3448 1734 Hoc
3491 1682 3651 1752 igitur
3688 1684 3786 1738 de-

2191 1760 2399 1814 clarans
2446 1762 2638 1817 Paultts
2662 1805 2676 1829 ,
2724 1765 2790 1819 de
2819 1767 3117 1823 viventibus
3145 1770 3195 1823 in
3226 1772 3352 1824 vitio
3392 1774 3602 1830 dicebat
3631 1794 3644 1830 :
3679 1778 3781 1843 Qui

2181 1874 2300 1912 cum
2344 1851 2614 1925 justitiam
2653 1855 2750 1911 Dei
2791 1859 3169 1928 cognovissent,
3224 1861 3475 1929 quoniam
3515 1862 3605 1931 qui
3643 1863 3776 1914 talia

2178 1953 2342 2015 agunt
2399 1946 2545 2016 digni
2596 1954 2717 1999 sunt
2777 1957 2981 2012 morte,
3036 1964 3139 2001 non
3193 1949 3359 2003 solum
3418 1968 3479 2004 ea
3536 1952 3773 2021 faciunt,

2178 2038 2270 2090 sed
2315 2037 2477 2090 etiam
2530 2038 2859 2091 consentiunt
2910 2040 2928 2069 ¹
2988 2041 3301 2110 facientibus
3358 2042 3530 2113 (Rom.
3567 2045 3617 2097 i.
3656 2045 3772 2109 5-2).

2182 2127 2249 2181 Et
2303 2127 2447 2181 unde
2493 2128 2734 2182 scierunt
2776 2129 3113 2184 voluntatem
3148 2131 3240 2186 Dei
3301 2148 3442 2193 esse,
3486 2142 3545 2186 ut
3584 2133 3675 2202 qni
3721 2135 3774 2187 in

2180 2218 2526 2287 improbitate
2560 2219 2750 2273 vivunt
2780 2221 3115 2289 puniantur?
3156 2224 3338 2278 unde?
3368 2225 3439 2278 lix
3471 2224 3535 2279 iis
3566 2227 3620 2277 in
3651 2225 3776 2293 qui-

2178 2309 2280 2361 bus
2329 2308 2463 2361 alios
2511 2307 2832 2377 judicabant
2882 2323 3191 2381 peccantes.
3250 2313 3303 2365 Si
3363 2314 3508 2366 enim
3568 2316 3776 2370 malum

2197 2414 2318 2460 esse
2349 2421 2453 2459 non
2475 2417 2630 2475 putes
2657 2410 3017 2468 caulem,cum
3048 2407 3375 2462 homicidam
3400 2408 3628 2476 ceperis,
3648 2423 3775 2463 sen-

2200 2501 2365 2554 tentia
2394 2508 2483 2552 tua
2513 2514 2619 2553 non
2641 2500 2832 2568 puuies
2852 2518 2864 2553 :
2887 2500 2989 2553 nisi
3017 2501 3216 2553 malum
3242 2515 3361 2553 esse
3381 2513 3534 2570 putes
3561 2501 3771 2555 adulte-

2198 2605 2342 2650 rare.
2363 2604 2488 2644 cum
2521 2589 2771 2643 inciderit
2802 2588 3035 2653 adulter,
3058 2589 3225 2642 libera
3259 2590 3434 2658 ipsum
3464 2607 3491 2643 a
3515 2606 3696 2661 poena.
3718 2590 3773 2643 Si

2197 2697 2329 2736 vero
2358 2689 2412 2736 et
2452 2680 2506 2734 in
2542 2681 2776 2734 aliorum
2817 2681 3055 2749 peccatis
3084 2681 3228 2749 leges
3259 2680 3479 2745 scribis,
3508 2692 3561 2734 et
3589 2697 3776 2749 poenas

2197 2772 2409 2836 deliuis,
2427 2782 2476 2826 et
2495 2788 2717 2828 severus
2736 2771 3001 2841 esjudex:
3023 2786 3183 2839 quam
3205 2772 3403 2825 habere
3421 2772 3596 2840 possis
3612 2788 3776 2825 excu-

2198 2863 2487 2921 sationem,
2522 2862 2574 2914 in
2611 2860 2811 2930 quibus
2848 2860 2963 2929 ipse
3004 2874 3219 2928 peccas,
3256 2860 3444 2913 dicens
3478 2867 3528 2911 te
3568 2858 3773 2926 agenda

2199 2956 2484 3024 ignorare?
2505 2952 2758 3007 Moechati
2784 2953 2917 3006 estis
2933 2959 2986 3005 et
3009 2960 3064 3004 tu
3089 2962 3141 3005 et
3161 2951 3267 3004 ille.
3286 2950 3467 3016 Quare
3484 2949 3635 3003 illum
3656 2949 3777 3018 qui-

2196 3050 2316 3101 dem
2344 3048 2523 3117 punis,
2548 3054 2600 3100 te
2618 3061 2745 3099 vero
2765 3044 2919 3098 venia
2938 3044 3159 3112 dignum
3179 3042 3405 3097 censes?
3425 3042 3480 3096 Si
3498 3042 3641 3095 enim
3665 3057 3777 3095 nta-

2198 3142 2306 3193 lum
2331 3139 2608 3193 nesciebas
2623 3153 2742 3192 esse
2761 3136 3109 3199 adulterium,
3130 3145 3382 3189 neutrum
3407 3134 3586 3203 puniri
3612 3148 3776 3200 opor-

2197 3231 2429 3295 tt:l:at;si
2455 3245 2581 3282 vero
2603 3230 2833 3281 alterum
2857 3226 3306 3296 quidempunias,
3329 3236 3379 3279 te
3402 3240 3532 3279 vero
3556 3240 3774 3293 poenam

2197 3326 2433 3393 eli‘ugere
2457 3322 2758 3382 existimes,
2800 3321 3077 3390 quomodo
3116 3318 3309 3372 rationi
3344 3330 3773 3372 consentaneum

2198 3416 2365 3471 videri
2395 3416 2590 3485 poterit
2611 3415 2923 3469 eorumdem
2953 3411 3246 3465 criminum
3278 3426 3403 3464 reos
3426 3424 3533 3463 non
3553 3408 3772 3463 easdem

2200 3509 2434 3580 pendere
2458 3508 2682 3577 punias?
2715 3504 2830 3560 Hoc
2862 3505 3026 3575 igitur
3057 3504 3233 3574 ipsum
3265 3517 3535 3556 accusans
3563 3500 3769 3554 Paulus

2198 3600 2413 3654 dicebat
2450 3618 2463 3653 :
2502 3599 2794 3652 Existimas
2829 3608 3007 3651 autem
3038 3598 3154 3661 Itoc,
3185 3613 3213 3647 ο
3237 3595 3413 3658 homo,
3445 3594 3535 3662 qui
3556 3593 3776 3662 judicas
3862 3646 3870 3656 ,

2197 3705 2282 3742 eos
2308 3690 2398 3758 qui
2421 3688 2554 3742 talia
2573 3696 2757 3757 agunt,
2790 3696 2837 3742 et
2863 3688 3034 3756 facias
3062 3703 3145 3747 ea,
3167 3686 3292 3755 quia
3312 3695 3363 3737 tu
3383 3684 3600 3753 e/fugies
3620 3683 3778 3752 judi-

2198 3782 2334 3834 cium
2358 3780 2453 3834 Dei
2476 3778 2649 3847 (Rom.
2668 3779 2724 3842 2,
2747 3777 2961 3850 3).Nou
2990 3787 3072 3832 est
3095 3776 3189 3837 ita,
3216 3792 3322 3830 non
3346 3785 3460 3841 est;
3485 3791 3550 3829 ex
3568 3774 3779 3843 judicio

2198 3875 2342 3929 enim
2361 3873 2505 3941 quod
2526 3873 2579 3925 in
2597 3874 2761 3926 alium
2782 3870 3075 3941 protulisti,
3097 3885 3163 3924 ex
3187 3869 3287 3924 hoc
3307 3879 3358 3925 te
3382 3869 3522 3923 Deus
3543 3868 3777 3937 tuncju-

2199 3964 2401 4020 dit-abit
2421 3984 2431 4018 :
2455 3979 2564 4017 non
2596 3964 2739 4017 enim
2771 3962 3016 4033 profecto
3045 3975 3101 4018 tu
3136 3964 3355 4033 quidem
3384 3962 3589 4030 justus,
3637 3961 3781 4017 Deus

2200 4067 2381 4111 autem
2421 4054 2678 4125 iniustus.
2713 4054 2769 4109 Si
2796 4054 2940 4109 enim
2966 4071 3072 4109 non
3106 4055 3344 4122 despicis
3375 4054 3540 4108 alium
3579 4053 3778 4122 injuria

2200 4146 2470 4213 allectum,
2487 4148 2765 4217 quontodo
2788 4147 2928 4201 Deus
2948 4145 3292 4215 despiciet?si
3320 4154 3373 4200 tu
3393 4144 3624 4211 corrigis
3641 4145 3779 4198 alio—

2200 4255 2320 4294 rum
2348 4249 2587 4307 peccata,
2611 4239 2888 4309 quomodo
2907 4249 2957 4294 te
2978 4239 3121 4292 Deus
3141 4255 3247 4294 nou
3278 4239 3515 4307 corriget
3531 4237 3555 4291 ἴ
3571 4236 3626 4292 Si
3649 4253 3780 4291 vero

2200 4346 2308 4383 non
2327 4330 2420 4383 tibi
2447 4330 2629 4383 statim
2655 4345 2871 4399 pmnam
2893 4328 3078 4394 infert,
3097 4345 3163 4383 ne
3187 4330 3256 4383 ob
3282 4330 3383 4383 hoc
3397 4330 3662 4391 conlidas,
3684 4329 3778 4382 sed

2202 4421 2332 4474 time
2358 4420 2551 4489 magis.
2596 4419 2687 4474 Sic
2715 4419 2987 4475 etPaulus
3008 4420 3174 4490 jussit
3201 4421 3424 4475 dicens:
3451 4422 3531 4473 An
3564 4420 3781 4474 divitias

2201 4509 2454 4565 bonitatis
2470 4515 2583 4581 ejus
2602 4522 2650 4566 et
2664 4515 2934 4582 potientice
2949 4527 2999 4570 et
3022 4515 3447 4585 longanimitalis
3466 4516 3781 4577 contemnis,

2201 4601 2452 4669 ignorans
2490 4606 2739 4672 quoniam
2772 4605 3068 4677 benignitas
3104 4607 3199 4661 Dei
3240 4610 3309 4661 ad
3340 4609 3699 4677 paznitentiam
3737 4618 3786 4662 te

2202 4695 2415 4748 adducit
2438 4696 2609 4763 (Rom.
2628 4697 2683 4751 2.
2704 4698 2787 4768 4)?
2802 4700 3090 4769 Propterea
3107 4702 3248 4755 enim
3265 4702 3479 4764 tolerat,
3504 4717 3609 4757 non
3626 4710 3685 4755 ut
3698 4719 3787 4770 pe-

2198 4786 2286 4857 jor
2309 4788 2425 4849 tias,
2447 4790 2537 4843 sed
2559 4800 2615 4842 ut
2634 4793 3009 4859 paenitentiam
3029 4794 3248 4860 agas;si
3271 4808 3399 4847 vero
3419 4809 3522 4846 non
3545 4795 3645 4856 vis,
3672 4811 3788 4848 ma-

2199 4879 2336 4949 joris
2358 4881 2579 4935 materia
2599 4883 2820 4938 ultionis
2836 4884 2929 4937 tibi
2944 4894 3026 4939 est
3043 4882 3134 4938 Dei
3151 4886 3536 4954 longanimitas
3550 4889 3667 4941 sine
3681 4902 3789 4956 pa:-

2202 4972 2428 5026 nitentia
2448 4975 2811 5042 permanenti.
2834 4974 2900 5027 Et
2920 4975 3023 5030 hoc
3040 4976 3240 5044 quippe
3253 4975 3537 5031 declarans
3554 4978 3785 5032 dicebat:

2206 5061 2502 5117 Secundum
2523 5074 2700 5118 autent
2714 5066 2971 5119 duritiam
2989 5076 3133 5119 tuam
3147 5076 3194 5120 et
3211 5068 3539 5136 intpu'nitens
3553 5086 3661 5133 cor,
3682 5069 3787 5122 tlte-

2203 5156 2450 5207 saurizas
2470 5156 2564 5208 tibi
2586 5158 2722 5209 iram
2745 5159 2798 5209 in
2818 5157 2904 5210 die
2920 5159 3016 5211 ira:
3033 5166 3081 5210 et
3103 5159 3787 5229 revelationisjustijudicii

2203 5242 2323 5309 Dei,
2337 5248 2426 5316 qui
2445 5246 2620 5300 reddet
2637 5249 2918 5318 unicuique
2939 5250 3224 5304 secundum
3240 5268 3397 5321 opera
3416 5254 3527 5322 ejus
3543 5252 3714 5322 (Rom.
3731 5252 3789 5308 ἓ.

2206 5338 2260 5393 5.
2281 5338 2356 5408 6).
2382 5339 2651 5402 Quoniam
2678 5341 2843 5409 igitur
2862 5342 3059 5411 cuique
3080 5345 3381 5400 secundum
3407 5360 3571 5413 opera
3590 5344 3785 5414 reddit,

2202 5430 2439 5501 etlegem
2458 5441 2741 5501 propterea
2757 5435 2914 5490 nobis
2929 5439 3229 5491 naturalem
3248 5437 3514 5499 indidit,et
3528 5437 3785 5506 scriptam

2207 5525 2555 5594 postmodum
2591 5528 2757 5595 dedit,
2785 5538 2841 5582 ut
2882 5546 3071 5599 pteuas
3106 5531 3301 5598 exigat‘
3324 5542 3700 5597 peccatorum,
3734 5542 3782 5586 et

2209 5624 2354 5668 recte
2371 5629 2591 5685 agentes
2606 5628 2849 5671 coronet:
2868 5620 3037 5673 multo
3059 5621 3239 5688 itrque
3252 5620 3433 5672 studio
3449 5629 3703 5690 tanquam
3718 5622 3784 5673 ad

2268 5756 2284 5789 ⁸
2332 5751 2732 5811 tlii,assentitmt.
2780 5747 2901 5800 Infra
2941 5749 3074 5807 voci,
3114 5748 3390 5811 puniantur,
3430 5758 3534 5801 εον.
3575 5751 3704 5804 addit
3735 5754 3784 5805 in

2202 5818 2446 5882 margine,
2470 5822 2632 5865 morte.
