4068 6430
392 360 494 415 135

391 476 731 533 tremendum
777 467 1089 527 mnventuri
1150 464 1406 537 judicium
1434 506 1449 530 ,
1498 463 1735 518 actiones
1782 470 1994 517 nostras

391 562 1044 639 dispeuscmus,scientes
1086 558 1228 629 quod
1269 556 1468 611 nullam
1514 568 1864 624 assequemur
1904 568 1995 608 ve-

392 663 535 715 niam
558 702 571 722 ,
604 659 648 714 si
676 665 798 727 post
822 653 1115 709 naturalem
1144 660 1198 706 et
1230 650 1479 721 scriptam
1506 647 1677 719 legem
1707 655 1764 702 et
1789 646 1993 705 destri-

397 766 517 804 nam
562 757 759 802 tantum
803 755 857 800 et
891 742 1310 799 admonitionem
1339 739 1610 796 assiduam
1638 738 1866 793 salutem
1893 752 1992 792 no-

393 850 556 895 stram
587 837 934 907 negligamus.

460 932 517 986 6.
548 930 573 983 I
583 941 743 984 (mnu
772 929 836 982 de
845 927 1176 998 juramentis.
1202 954 1275 967 —-
1294 924 1429 979 Volo
1471 924 1649 993 itaque
1687 939 1898 978 rursum
1924 921 1994 978 de

386 1021 706 1090 juramentis
730 1020 882 1074 vobis
913 1018 1077 1089 loqui,
1110 1017 1369 1072 erubesco
1392 1025 1591 1070 autem.
1621 1014 1746 1069 Mihi
1776 1014 1992 1085 quidem

387 1129 551 1184 grave
581 1128 687 1168 non
718 1122 801 1167 est
829 1112 915 1167 die
956 1121 1217 1180 nocteque
1246 1107 1434 1164 eadem
1464 1107 1613 1162 vobis
1640 1108 1848 1172 dicere;
1897 1107 1993 1162 sed

391 1209 554 1263 timeo
574 1212 648 1263 ne
673 1216 954 1278 postquam
974 1220 1071 1261 vos
1097 1206 1180 1259 his
1217 1202 1615 1259 multis'diebus
1643 1202 1991 1267 admonuero,

389 1303 615 1357 multum
648 1310 915 1370 torporem
938 1308 1171 1355 vestrum
1195 1296 1550 1352 damnabilem
1572 1295 1872 1355 ostendam,
1904 1293 1993 1364 qui

392 1395 444 1447 in
475 1396 689 1463 negotio
734 1403 842 1447 tam
892 1391 1028 1446 facili
1059 1390 1312 1445 continua
1353 1388 1564 1459 egeatis
1606 1387 1991 1442 admonitione.

395 1484 504 1540 Nec
536 1494 739 1539 tantum
783 1484 1040 1538 erubesco
1064 1524 1079 1547 ,
1125 1481 1219 1536 sed
1250 1489 1306 1535 et
1346 1481 1509 1534 timeo
1549 1480 1720 1534 vobis.
1766 1479 1994 1533 Assidua

390 1590 623 1644 namque
660 1574 902 1629 doctrina
943 1570 1344 1627 advertentibus
1392 1569 1641 1624 salutaris
1681 1568 1895 1639 quidem
1940 1580 1996 1624 et

390 1667 555 1733 utilis,
582 1665 913 1737 torpentibus
932 1677 1065 1719 vero
1087 1662 1339 1717 damnosa
1363 1671 1417 1717 et
1439 1661 1755 1732 periculosa.
1782 1662 1995 1717 Etenim

392 1768 594 1829 quanto
618 1758 737 1828 quis
765 1756 960 1826 saepius
989 1754 1237 1820 audierit,
1264 1761 1414 1808 tanto
1437 1755 1697 1823 majorem
1739 1754 1994 1809 ultionem

394 1850 628 1905 attrahet
646 1892 660 1915 ,
693 1865 798 1904 non
828 1849 1029 1904 faciens
1048 1863 1169 1917 qua:
1189 1847 1457 1903 dicuntur.
1487 1848 1600 1904 Hoc
1625 1848 1784 1919 igitur
1809 1857 1862 1904 et
1896 1847 1995 1903 Ju-

344 1938 359 1945 ”
393 1942 525 1997 d.ris
548 1943 919 2013 improperans
944 1940 1157 1995 dicebat
1186 1941 1327 1995 Deus
1358 1958 1372 1994 :
1400 1940 1522 1995 Misi
1564 1942 1835 2013 prophetas
1861 1958 1997 1996 meos

386 2049 666 2104 exsurgens
695 2033 963 2099 diluculo,
1008 2042 1055 2087 et
1101 2033 1360 2102 emitteus,
1408 2049 1566 2105 neque
1600 2034 1674 2087 sic
1720 2035 1996 2088 mandisti:

388 2124 543 2194 (Jer.
582 2122 808 2197 25.4.).
835 2125 943 2181 Nos
982 2142 1175 2197 nempe
1201 2142 1266 2182 ex
1294 2125 1459 2179 multa
1503 2126 1864 2180 sollicitudine
1893 2126 1995 2179 hoc

387 2215 616 2270 facimus
640 2257 656 2280 ,
700 2214 793 2270 sed
827 2217 1077 2273 timemus
1123 2233 1193 2272 ne
1236 2218 1287 2270 in
1315 2215 1402 2271 die
1430 2216 1513 2270 illa
1546 2215 1819 2269 tremenda
1848 2214 1993 2270 obsit

386 2305 543 2361 Vobis
567 2305 820 2362 omnibus
845 2306 961 2362 haec
980 2307 1277 2363 admonitio
1305 2315 1359 2363 et
1391 2307 1490 2361 hoc
1516 2306 1817 2361 consilium.
1852 2304 1990 2360 Cum

391 2399 533 2452 enim
556 2405 612 2452 et
628 2398 822 2453 bonum
841 2414 975 2468 opus
999 2400 1068 2453 sit
1093 2398 1266 2465 facile,
1286 2409 1339 2454 et
1354 2399 1442 2469 qui
1459 2397 1673 2453 assidue
1689 2411 1999 2453 commone-

389 2488 549 2543 faciat
577 2504 679 2543 non
707 2488 883 2554 desit,
916 2489 1042 2561 quid
1072 2491 1362 2560 poterimus
1393 2491 1444 2544 in
1474 2490 1871 2545 excusationem
1909 2488 1994 2544 di-

388 2582 555 2638 cere?
578 2583 658 2637 vel
681 2598 802 2653 quae
830 2597 927 2637 nos
952 2585 1090 2638 ratio
1110 2584 1176 2639 ab
1209 2583 1411 2638 ultione
1432 2583 1663 2653 eripiet?
1686 2584 1779 2637 Dic
1802 2598 1996 2653 nempe

388 2675 542 2738 mihi,
574 2676 617 2729 si
647 2686 928 2746 argentum
957 2677 1053 2732 abs
1085 2687 1139 2733 te
1168 2688 1407 2733 mutuum
1430 2678 1548 2735 dari
1578 2680 1868 2750 contingat,
1900 2695 1997 2734 an-

387 2782 496 2822 non
534 2783 747 2837 semper
774 2769 1000 2825 debitori
1025 2770 1324 2827 ’occurrens
1356 2773 1529 2843 ipsum
1559 2775 1729 2828 mutui
1758 2789 1996 2829 commo-

389 2860 592 2915 nefacis
622 2862 646 2915 ‘l
671 2862 783 2917 lloc
808 2873 861 2919 et
899 2878 1041 2920 nunc
1070 2865 1182 2928 fac,
1216 2874 1271 2919 et
1295 2866 1519 2935 quisque
1545 2874 1694 2937 putet
1715 2875 1994 2936 argentum

382 2952 486 3006 sibi
521 2953 821 3023 proximum
857 2956 1056 3011 debere
1080 2999 1094 3024 ,
1128 2956 1285 3027 hujus
1309 2957 1514 3011 scilicet
1548 2957 1781 3012 mandati
1808 2959 1994 3028 exple-

382 3046 583 3101 tionem
608 3087 625 3115 ,
668 3058 722 3103 et
749 3064 1037 3105 occurrens
1081 3051 1362 3106 solutionis
1404 3052 1575 3124 ipsum
1608 3061 1990 3120 commoneat,

388 3137 565 3192 sciens
603 3154 708 3194 non
750 3155 970 3209 parvum
1001 3142 1153 3196 nobis
1196 3143 1485 3213 repositum
1516 3159 1635 3199 esse
1661 3145 1991 3215 periculum,

382 3225 607 3283 fratrum
631 3246 813 3285 curam
837 3247 940 3286 non
965 3234 1263 3302 agentibus.
1291 3233 1578 3304 Prottterea
1606 3244 1659 3291 et
1684 3252 1783 3307 ego
1803 3237 1990 3293 eadem

381 3317 562 3373 dicere
592 3336 697 3376 non
727 3321 931 3377 desisto
965 3343 979 3375 :
1014 3325 1177 3379 timeo
1205 3325 1369 3391 enim,
1395 3342 1463 3381 ne
1493 3327 1580 3381 illa
1609 3327 1697 3383 die
1731 3329 1944 3384 audiam
1974 3347 1988 3384 :

388 3407 630 3479 Improbe
649 3428 787 3466 serve
816 3422 864 3466 et
906 3414 1094 3484 segnis,
1134 3418 1392 3485 oportebat
1418 3428 1466 3471 te
1493 3434 1703 3489 erogare
1726 3431 1992 3491 argentum

383 3518 546 3554 meum
572 3505 961 3576 nummulariis(
989 3504 1174 3560 Matth.
1196 3507 1288 3564 25.
1317 3507 1408 3563 26.
1439 3509 1554 3580 ‘27).
1587 3510 1725 3566 Ecce
1754 3514 1987 3583 erogavi,

380 3608 489 3647 non
514 3595 713 3659 semel,
745 3611 918 3666 neque
947 3598 1047 3663 bis,
1078 3599 1171 3653 sed
1193 3601 1387 3669 smpitts
1411 3617 1425 3667 ;
1454 3612 1690 3657 vestrum
1714 3619 1841 3658 vero
1866 3606 1991 3660 reli-

385 3699 547 3753 quum
576 3695 657 3741 est
688 3688 859 3742 faenus
893 3687 1119 3744 reddere
1147 3707 1160 3743 :
1192 3706 1350 3745 usura
1387 3707 1511 3747 vero
1533 3702 1617 3749 est
1645 3695 1841 3751 audita:
1869 3712 1989 3751 mo-

388 3777 608 3832 nitionis
634 3793 728 3848 per
755 3794 917 3849 opera
961 3781 1222 3837 exhibitio
1253 3801 1266 3837 :
1298 3784 1494 3838 etenim
1533 3785 1799 3842 dominica
1825 3797 1983 3855 sunt,

380 4009 759 4054 GBATIARUM
804 4010 990 4054 ACTIO
1035 4010 1251 4053 ADHUC
1297 4011 1380 4053 ΔΙ)
1424 4012 1603 4054 DEUM
1650 4013 1731 4053 DE
1777 4013 2150 4056 MUTATIONE
2192 4011 2500 4055 TRISTIUM
2551 4012 2565 4050 Ξ

1135 350 1195 409 8.
1235 347 1512 407 JOANNIS
1549 345 2023 404 CHRYSOSTOMI
2062 342 2383 408 ARCHIEP.
2422 339 2954 402 CONSTANTINOP.

3599 347 3698 400 136

2098 474 2218 528 qua:
2239 467 2425 513 mutuo
2450 457 2661 512 dantur.
2693 454 2771 511 Ne
2797 454 2956 524 igitur
2977 452 3308 524 negligenter
3329 468 3389 508 su
3404 454 3704 524 ⁵(ιίιήτιηιηι.

2098 550 2192 605 sed
2223 565 2343 604 cum
2380 549 2652 617 diligentia
2692 547 2992 616 depositum
3036 548 3448 607 cnntincatuus,
3484 559 3539 600 ιιι
3584 565 3702 602 cum

2107 641 2271 697 multa
2317 641 2675 710 negotiatione
2722 640 2895 711 ipsum
2942 642 3032 697 illo
3077 640 3163 696 die
3219 640 3529 695 reddamus.
3597 638 3705 696 Nisi

2097 733 2240 786 enim
2268 741 2323 787 et
2357 731 2495 786 alios
2521 733 2572 786 in
2614 732 2753 786 idem
2790 731 3027 789 ofﬁcium
3056 733 3359 792 induxeris,
3393 731 3582 786 audies
3612 747 3708 786 vo-

2096 838 2216 878 cem
2246 824 2420 891 illam,
2452 839 2611 894 quam
2638 822 2841 878 audivit
2868 825 2955 894 qui
2986 824 3243 879 talentum
3274 821 3494 876 defodit.
3520 827 3595 876 At
3616 838 3708 875 vo-

2095 916 2180 971 bis
2201 932 2268 971 ne
2302 915 2515 971 eveniat
2538 914 2677 969 hanc
2702 915 2906 981 audire,
2941 915 3033 971 sed
3065 915 3225 971 aliam
3245 929 3428 968 vorem
3455 930 3611 982 quam
3636 914 3708 977 ei,

2096 1006 2188 1076 qui
2214 1007 2512 1076 negotiatus
2538 1014 2675 1071 erat,
2709 1005 2946 1061 reddidit
2973 1005 3239 1070 Christus,
3267 1005 3454 1058 dicens
3485 1021 3497 1055 :
3536 1004 3707 1073 Euge,

2096 1114 2236 1153 serve
2260 1100 2386 1153 bone
2405 1106 2451 1153 et
2480 1098 2646 1167 ﬁdelis
2670 1140 2684 1160 ,
2712 1098 2952 1168 quoniam
2981 1114 3133 1167 super
3161 1112 3325 1167 pauca
3347 1095 3490 1166 fuisti
3521 1095 3705 1163 ﬁdelis,

2095 1206 2257 1261 supra
2281 1191 2443 1244 multa
2464 1200 2510 1243 te
2527 1191 2832 1244 constituant
2855 1188 3071 1261 (Matth.
3099 1189 3189 1244 25.
3211 1188 3271 1243 2i
3366 1187 3511 1240 Ilanc
3532 1195 3634 1240 aut-
3659 1202 3708 1239 nt

2096 1280 2378 1336 audiemus
2398 1296 2581 1335 vocem
2603 1323 2619 1346 ,
2648 1283 2690 1336 si
2720 1280 2859 1335 idem
2891 1280 3032 1350 quod
3064 1280 3151 1334 ille
3195 1277 3429 1332 studium
3455 1277 3709 1331 exhibue-

2099 1373 2307 1435 rimus;
2342 1372 2480 1427 idem
2509 1388 2635 1425 vero
2665 1372 2897 1426 studium
2930 1370 3323 1441 praestabimus,
3356 1371 3399 1424 si
3425 1372 3544 1432 hoc,
3567 1365 3705 1436 quod

2097 1465 2219 1519 dico
2244 1507 2258 1528 ,
2289 1464 2595 1519 fecerimus.
2628 1464 2760 1518 Cum
2803 1463 2979 1518 adhuc
3022 1461 3240 1518 fervens
3282 1472 3365 1516 est
3409 1461 3624 1516 auditus
3654 1460 3703 1513 in

2096 1557 2270 1621 vobis,
2295 1556 2495 1627 egressi
2525 1555 2882 1622 exhortamini
2914 1555 3052 1608 inter
3082 1568 3215 1608 vos:
3248 1561 3304 1607 et
3332 1553 3468 1606 sicut
3495 1551 3700 1620 disjun-

2096 1647 2283 1718 gimiui
2306 1648 2533 1717 quisque
2561 1663 2682 1703 cum
2708 1647 3050 1710 salutatione,
3083 1645 3161 1699 sic
3187 1659 3309 1699 cum
3336 1643 3699 1697 admonitione

2098 1740 2323 1809 quisque
2350 1738 2570 1793 domum
2596 1740 2830 1802 recedat,
2859 1746 2915 1792 et
2938 1737 3081 1792 dicat
3103 1736 3345 1805 proximo
3374 1752 3388 1787 :
3416 1734 3708 1789 Considi-ra

2097 1840 2153 1884 et
2174 1828 2459 1884 recordare
2477 1870 2493 1891 ,
2524 1828 2793 1899 quomodo
2820 1827 3127 1882 mandatum
3171 1825 3444 1881 custodias
3468 1842 3483 1878 :
3513 1834 3569 1879 et
3590 1840 3707 1879 om~

2099 1922 2225 1977 nino
2263 1921 2656 1991 superabimus.
2685 1920 2818 1975 Cum
2850 1922 2993 1975 enim
3033 1928 3088 1975 et
3111 1919 3272 1973 amici
3301 1928 3353 1973 te
3392 1917 3691 1971 dimiserint

2098 2029 2218 2069 cum
2242 2015 2333 2068 tali
2357 2013 2604 2077 consilio,
2633 2022 2685 2067 et
2704 2012 2922 2067 domum
2948 2009 3244 2080 profectum
3276 2025 3493 2065 rursum
3514 2008 3699 2063 eadem

2100 2122 2234 2161 uxor
2257 2105 2571 2172 admoneat,
2602 2114 2690 2172 et,
2721 2120 2840 2159 cum
2868 2103 2968 2159 soli
2999 2106 3130 2159 estis
3150 2146 3165 2167 ,
3198 2104 3372 2158 oratio
3399 2113 3583 2157 nostra
3614 2117 3704 2155 vos

2097 2200 2407 2267 contineat,
2447 2200 2697 2256 celeriter
2738 2199 2878 2254 hanc
2914 2198 3356 2253 consuetudinem
3407 2197 3701 2265 improbam

2098 2295 2446 2364 expellemus.
2480 2293 2612 2348 Novi
2643 2292 2861 2364 quidem
2887 2306 2985 2346 vos
3014 2290 3266 2346 admirari
3297 2304 3465 2360 quare
3507 2298 3703 2343 unitum

2097 2386 2166 2441 de
2213 2386 2313 2442 hoc
2354 2386 2608 2441 mandato
2644 2384 2879 2440 studium
2920 2383 3147 2449 faciam;
3180 2398 3363 2437 vcrmu
3410 2381 3695 2449 adimplcte

2099 2477 2431 2543 mandatum,
2461 2486 2517 2532 et
2543 2486 2669 2531 tunc
2689 2476 2887 2532 dicam.
2922 2475 3135 2529 Interim
3166 2474 3357 2544 quippe
3387 2472 3518 2525 illud
3540 2471 3656 2526 dico
3679 2512 3695 2535 ,

2097 2569 2270 2640 legem
2296 2584 2415 2624 esse
2458 2568 2692 2623 divinam
2742 2567 2842 2622 hoc
2876 2566 3206 2630 mandatum,
3233 2574 3287 2617 et
3308 2565 3482 2633 ipsum
3517 2572 3702 2617 trans.

2092 2662 2245 2732 gredi
2274 2677 2379 2716 non
2409 2677 2528 2716 esse
2559 2670 2728 2715 tutum
2754 2677 2769 2723 ;
2799 2661 2843 2714 si
2873 2669 3051 2714 autem
3098 2658 3371 2726 impletmu
3403 2656 3611 2718 videro,
3653 2664 3704 2708 et

2096 2752 2261 2807 aliam
2292 2753 2445 2808 vobis
2475 2768 2689 2808 causam
2711 2752 3149 2806 commemorabo
3172 2750 3269 2803 hac
3291 2765 3398 2802 non
3425 2749 3702 2812 minorem,

2097 2854 2156 2899 ut
2180 2844 2429 2908 discatis,
2463 2859 2549 2900 me
2573 2845 2694 2912 jure
2722 2857 2819 2912 pro
2861 2842 2959 2897 hac
2989 2843 3105 2910 lege
3154 2839 3389 2894 studimu
3432 2838 3701 2892 exhibere.

2097 2936 2287 2991 Restat
2315 2951 2441 2991 vero
2464 2935 2573 3004 jam
2605 2950 2700 3005 per
2726 2933 3170 3003 supplicationem
3198 2946 3508 2984 sermonem
3533 2927 3704 2982 absol-

2096 3044 2239 3084 vere.
2269 3028 2602 3084 Uuauimiter
2636 3028 2797 3097 igitur
2831 3039 3018 3081 omnes
3046 3024 3322 3078 dicamus:
3354 3023 3499 3077 Deus
3523 3022 3705 3076 nolens

2098 3130 2205 3176 tam
2237 3130 2462 3174 mortem
2485 3120 2803 3189 peccatoris,
2836 3134 2995 3189 quam
3018 3126 3075 3173 ut
3087 3125 3432 3174 convertatur
3452 3126 3508 3171 ct
3529 3115 3691 3178 vivat,

2094 3222 2150 3268 et
2179 3213 2315 3267 hanc
2335 3221 2389 3266 et
2423 3211 2557 3266 alias
2585 3212 2733 3282 leges
2757 3225 2948 3265 omnes
2989 3224 3086 3264 nos
3112 3217 3437 3277 exsequutus
3485 3208 3703 3278 dignare

2094 3304 2172 3358 sic
2198 3303 2449 3358 assistere
2479 3302 2727 3357 tribunali
2753 3301 2952 3356 Christi
2984 3303 3081 3365 tui,
3117 3311 3173 3354 ut
3198 3298 3448 3353 fiduciam
3485 3300 3702 3352 multum

2094 3395 2384 3465 asscquuti,
2421 3397 2475 3450 in
2503 3410 2723 3465 regnum
2754 3394 3130 3463 perveniamus
3158 3390 3223 3445 ad
3255 3389 3486 3460 glorianti
3517 3400 3655 3444 tuam
3684 3404 3699 3441 :

2093 3491 2348 3560 quoniam
2381 3499 2431 3545 te
2459 3490 2611 3545 decet
2642 3491 2834 3561 gloria,
2867 3505 2969 3543 una
2999 3503 3120 3543 cum
3145 3487 3418 3557 unigenito
3446 3485 3585 3541 Filio
3616 3495 3703 3540 tuo

2093 3595 2148 3640 et
2177 3593 2363 3639 sancto
2393 3584 2614 3653 Spiritu,
2640 3599 2781 3639 nunc
2808 3592 2865 3639 et
2888 3597 3121 3652 semper,
3150 3591 3204 3635 et
3230 3581 3283 3635 in
3305 3581 3505 3636 sarcula
3529 3594 3694 3635 saecu-

2095 3675 2289 3733 lorum.
2324 3682 2515 3732 Amen.

2615 4009 2693 4051 ET
2736 4005 3252 4050 COMMEMORATIO
3296 4004 3546 4059 EORUM,
3592 3999 3697 4055 QUI

460 4108 747 4152 PROPTER
771 4109 1159 4153 SEDITIONEM
1192 4110 1483 4166 RAPTATX,
1515 4111 1744 4154 POENAS
1772 4113 2087 4157 LUEBANT.
2112 4114 2434 4157 SIMIIJTEB
2465 4109 2702 4153 RURSL'S
2746 4106 3075 4150 EXPOSITIO
3105 4109 3185 4149 DE
3215 4108 3479 4151 1103"le
3508 4107 3700 4151 (ΞΜ-ΖΑ·

458 4212 675 4267 TIOVE,
704 4213 785 4255 ΕΤ
828 4212 1000 4265 QUOD
1044 4212 1257 4257 ιιεϐειι
1300 4211 1651 4256 ACCEPERIT
1693 4214 2081 4259 NATURALEM
2129 4217 2144 4256 2

460 4312 791 4358 TOLLBNDA
837 4298 878 4357 ‘.

2193 4215 2274 4257 ET
2339 4214 2422 4255 DE
2488 4211 2764 4255 JL'RANDI
2810 4209 3295 4253 CONSUETUDINE
3352 4207 3693 4253 RADICITUB

1795 4420 2297 4500 WQW

1005 4573 1224 4614 BOIILIA
1263 4575 1376 4613 Xlll.

452 4651 506 4707 Ι.
546 4651 629 4708 Ab
651 4650 839 4707 eodem
866 4649 1128 4721 principio
1164 4658 1219 4703 et
1254 4650 1441 4704 iisdem
1471 4650 1762 4719 prooemiis,
1792 4650 1987 4721 quibus

384 4739 499 4798 heri
528 4752 580 4798 et
617 4742 1011 4798 nudiustertius
1040 4741 1197 4810 cmpi,
1229 4751 1283 4796 et
1306 4741 1470 4796 hodie
1497 4742 1744 4812 incipiam
1774 4760 1787 4796 :
1813 4744 1984 4798 die-un

382 4843 439 4889 et
480 4848 622 4890 nunc
647 4850 661 4887 :
690 4832 1008 4889 Benedictus
1035 4832 1196 4889 Deus.
1228 4833 1448 4900 Qualem
1480 4834 1802 4902 praeteritam
1850 4835 1984 4889 vidi-

385 4940 510 4980 mus
536 4924 723 4981 feriam
749 4934 1023 4995 quartam,
1056 4933 1110 4979 et
1134 4925 1346 4996 qualem
1388 4940 1529 4980 nunc
1571 4924 1812 4981 videmus
1851 4941 1988 4996 pra:-

386 5018 632 5073 sentem?
656 5026 854 5088 quanta
895 5018 949 5073 in
977 5017 1069 5072 illo
1107 5016 1407 5073 obscuritas
1444 5025 1569 5073 tunc
1595 5017 1754 5072 erat?
1789 5027 1985 5089 quanta

383 5122 527 5163 nunc
551 5106 605 5162 in
625 5110 876 5179 presenti
897 5108 1287 5179 tranquillitas?
1317 5108 1516 5165 Eodem
1534 5108 1623 5165 die
1649 5109 1985 5165 tremendum

385 5200 442 5255 in
470 5200 687 5256 civitate
714 5200 944 5256 tribunal
972 5200 1103 5256 illud
1128 5209 1182 5257 et
1212 5202 1449 5257 omnium
1489 5203 1651 5259 corda
1677 5205 1981 5269 concussit,

384 5303 441 5347 et
479 5303 636 5348 nocte
666 5290 798 5348 fecit
824 5291 966 5348 diem
998 5292 1162 5348 nihilo
1187 5310 1307 5351 esse
1341 5296 1617 5352 meliorem
1643 5340 1657 5363 ,
1687 5312 1792 5352 non
1823 5296 1987 5353 radiis

384 5385 693 5451 exstinctis,
725 5384 820 5440 sed
849 5386 1062 5440 tristitia
1088 5397 1141 5441 et
1168 5387 1362 5444 timore
1390 5390 1575 5444 oculos
1600 5388 1987 5445 oﬂ‘uscantibus

385 5483 614 5530 vestros.
644 5474 713 5532 Ut
752 5474 910 5545 igitur
933 5485 987 5531 et
1026 5491 1123 5531 nos
1152 5477 1408 5548 majorem
1439 5482 1712 5551 capiamus
1740 5482 1984 5553 volupta-

386 5569 492 5616 tem
514 5606 529 5631 ,
562 5580 730 5635 pauca
753 5581 939 5621 eorum
965 5582 1083 5638 qua:
1114 5576 1238 5623 tunc
1265 5570 1613 5639 acciderunt,
1654 5588 1984 5628 commemo-

448 5721 676 5803 Lsavilrz-
708 5726 949 5803 assae“
985 5730 1260 5803 παιατριξηι
1286 5745 1388 5803 ,ρετ
1423 5734 1740 5803 equitatem
1770 5740 1985 5803 egendo:

380 5790 559 5895 ῖέηηέαει
581 5799 678 5838 non
723 5789 1057 5853 agendorum;
1093 5798 1139 5845 et
1175 5794 1238 5845 de
1266 5789 1861 5858 jurattdi'cousuetudii'te
1891 5798 1986 5851 toto

2093 4575 2217 4616 rare
2245 4559 2386 4615 volo.
2421 4558 2489 4614 Et
2513 4557 2664 4613 vobis
2700 4556 2843 4613 enim
2874 4564 2930 4613 et
2965 4556 3196 4629 posteris
3235 4556 3486 4613 omnibus
3514 4557 3692 4613 utilem

2091 4651 2281 4707 horum
2313 4667 2434 4708 esse
2462 4651 2619 4708 video
2658 4650 3019 4705 narrationem
3046 4667 3059 4703 :
3082 4648 3333 4718 quoniam
3368 4649 3518 4705 etde
3561 4663 3693 4704 nau-

2091 4744 2261 4813 fragio
2286 4745 2511 4799 servatis
2537 4741 2832 4814 jucundum
2872 4750 2955 4796 est
2983 4738 3239 4795 ﬂuctuum
3281 4741 3595 4797 meminisse
3640 4746 3697 4794 et

2093 4837 2425 4906 tempestatis
2454 4845 2510 4892 et
2531 4844 2807 4890 ventorum
2830 4876 2845 4900 ,
2892 4842 3172 4905 postquam
3203 4834 3255 4888 in
3284 4843 3496 4903 portum
3545 4833 3694 4886 navi-

2094 4927 2310 4998 garint;
2354 4937 2409 4982 et
2449 4926 2638 4981 morbo
2663 4924 2893 4980 detentis
2920 4933 3224 4996 pergratum
3238 4936 3319 4978 est
3344 4934 3463 4993 post
3476 4924 3693 4995 aegrituo

2094 5020 2275 5076 dinem
2302 5017 2481 5075 febres
2505 5059 2520 5083 ,
2548 5033 2646 5088 per
2670 5033 2801 5088 quas
2840 5032 2978 5089 pene
3010 5016 3079 5073 ad
3122 5024 3349 5071 mortem
3391 5026 3691 5078 venerunt,

2091 5114 2212 5171 aliis
2240 5127 2480 5169 narrare.
2509 5110 2644 5167 Cum
2671 5111 2812 5166 enim
2839 5110 3019 5183 gravia
3048 5109 3424 5180 praeterierint,
3456 5110 3694 5177 volupta-

2093 5214 2200 5261 tem
2230 5203 2392 5260 habet
2431 5218 2616 5259 eorum
2645 5202 3106 5266 commemoratio,
3132 5200 3309 5256 anima
3336 5216 3444 5256 non
3469 5200 3691 5268 amplius

2093 5296 2455 5363 formidante,
2506 5296 2598 5351 sed
2656 5297 2916 5367 majorem
2970 5297 3214 5366 capiente
3258 5294 3687 5351 delectationem.

2091 5390 2490 5447 Praeteritorum
2541 5392 2684 5446 enim
2731 5391 2990 5446 memoria
3035 5391 3335 5457 malorum,
3378 5399 3691 5461 prmsentem

2093 5483 2528 5552 tranquillitatem
2555 5486 2856 5541 accuratius
2877 5484 3200 5555 gustandam
3228 5485 3464 5541 exhibet.

2164 5574 2515 5632 Cousternatio
2545 5578 2976 5631 Antioclteuorum
3005 5578 3059 5632 in
3095 5578 3456 5647 perquisitt'one
3488 5577 3552 5630 de
3581 5582 3690 5627 sut-

2093 5668 2192 5724 tuis
2213 5669 2517 5724 eversis.--
2543 5668 2831 5740 Postquam
2879 5668 3024 5722 enim
3073 5668 3304 5724 civitatis
3345 5669 3517 5738 major
3571 5679 3688 5736 pars

2092 5776 2203 5832 pra:
2228 5761 2419 5816 timore
2453 5770 2509 5815 et
2533 5762 2951 5818 comminatione
2981 5762 3067 5817 illa
3093 5761 3158 5818 ad
3184 5761 3399 5817 deserta
3432 5771 3485 5818 et
3513 5758 3687 5813 fanum

2093 5853 2357 5910 montium
2405 5860 2460 5908 et
2503 5853 2709 5910 occulta
2759 5852 3001 5910 locorum
3055 5851 3494 5919 transmigravit,
3542 5857 3687 5903 metu
