4068 6434
291 327 360 354 9K

291 329 318 354 -’
349 328 360 340 U

257 328 363 386 ὀἰδ

253 457 344 504 τες
371 437 448 502 ὡς
481 439 748 510 μηδεμιᾶς
781 437 1162 510 ἀπολαύσομεν
1209 436 1562 510 συγγνώμης,
1589 439 1639 492 εί
1679 439 1818 510 μετά
1843 456 1942 508 φυ-

255 528 411 583 σικὸν
440 529 532 581 καὶ
557 527 802 596 γραπτὸν
824 526 1007 597 νόμον,
1037 528 1130 580 καὶ
1155 526 1503 582 διδασκαλίαν
1529 526 1819 598 τοσαύτην,
1849 529 1943 581 καὶ

256 616 458 688 συνεχῆ
480 615 819 686 παραίνεσιν,
857 615 956 686 τῆς
1009 615 1284 687 ἡμετέρας
1339 614 1720 686 ἀμελήσαιμεν
1761 631 1942 686 σωτήρ

259 705 410 777 ρίας.

328 791 684 862 ς’.Βούλομαι
699 786 792 844 οὖν
806 789 964 844 πάλιν
977 789 1224 862 περὶτῶν
1240 791 1416 861 ὅρκων
1429 789 1458 842 ύ
1467 793 1556 861 μίν
1571 789 1942 861 διαλεχθῆναι,

259 881 587 952 αἰσχύνομαι
615 879 694 935 δέ,
737 879 892 950 Ἐμοὶ
919 879 1016 949 μὲν
1047 878 1154 950 γάρ
1183 879 1280 931 ούκ
1312 877 1458 932 ἔστιν
1492 878 1726 950 ἐπαχθὲς
1753 879 1846 932 καὶ
1887 880 1944 933 ἐν

265 969 447 1040 ἡμέρα
478 968 572 1021 καὶ
611 969 667 1020 ἐν
697 968 853 1020 νυκτὶ
877 967 944 1020 τὰ
987 966 1126 1019 αὐτά
1169 965 1304 1036 πρὸς
1335 965 1480 1036 ὑμᾶς
1508 965 1708 1035 λέγειν,
1731 966 1944 1019 δέδοικα

261 1059 319 1110 δὲ
349 1056 424 1128 μὴ
453 1056 550 1118 τὰς
579 1054 778 1117 πολλὰς
805 1052 1009 1116 ταύτας
1035 1054 1247 1124 ἡμέρας
1273 1051 1401 1123 ὑμῖν
1434 1053 1942 1125 παρακολουθήσας,

263 1145 466 1216 πολλὴν
498 1142 649 1214 ὑμῶν
681 1141 934 1210 καταγνῶ
964 1153 990 1180 ⁸
1021 1139 1293 1210 ρᾳθυμίαν
1327 1141 1454 1212 περὶ
1495 1141 1821 1211 πράγματος
1855 1141 1936 1195 οὗ.

259 1249 370 1296 τως
393 1230 616 1284 εὐκόλου
635 1228 914 1300 διηνεκοῦς
934 1227 1202 1296 δεομένων
1226 1228 1606 1299 ὑπομνήσεως.
1629 1229 1742 1282 Οὐκ
1764 1229 1948 1300 αἰσχύ-

261 1336 426 1390 νομαι
452 1319 511 1372 δὲ
537 1318 721 1390 μόνον,
743 1315 881 1370 ἀλλὰ
903 1317 994 1369 καὶ
1017 1315 1232 1369 δέδοικα
1263 1315 1394 1386 περὶ
1419 1314 1574 1386 ὑμῶν
1590 1333 1604 1346 ο
1633 1317 1668 1386 ἡ
1695 1317 1802 1386 γὰρ
1832 1334 1952 1372 συν-

261 1408 396 1478 εχὴς
419 1405 738 1461 διδασκαλία
769 1407 880 1468 τοῖς
909 1404 1008 1476 μὲν
1033 1403 1356 1475 προσέχουσι
1395 1403 1662 1475 σωτήριον
1691 1405 1785 1458 καὶ
1814 1407 1949 1477 χρή-

264 1512 444 1566 σιμον,
469 1497 584 1558 τοῖς
607 1493 663 1547 δὲ
684 1491 988 1564 ῥᾳθυμοῦσι
1021 1489 1283 1562 βλαϐερὸν
1314 1491 1409 1544 καὶ
1449 1490 1807 1546 ἐπικίνδυνον.
1839 1495 1948 1547 Καὶ

261 1584 374 1656 γὰρ
403 1584 621 1654 ὅσῳπερ
657 1583 726 1637 ἀν
756 1598 840 1645 τις
884 1578 1173 1643 πλεονάκις
1208 1579 1439 1652 ἀκούσῃ,
1470 1579 1712 1651 τοσούτῳ
1748 1580 1948 1651 μᾶλλον

262 1671 566 1723 ἐπισπᾶται
597 1669 696 1740 τὴν
737 1668 961 1722 κόλασιν
1005 1668 1080 1740 μὴ
1117 1666 1288 1721 ποιῶν
1332 1667 1403 1721 τὰ
1445 1667 1738 1739 λεγόμενα.
1779 1669 1948 1722 Τοῦτο

262 1757 395 1824 γοῦν
415 1757 510 1810 καὶ
545 1755 822 1820 Ἰουδαίοις
843 1755 1120 1820 ὀνειδίζων
1140 1754 1330 1824 ἔλεγεν
1348 1756 1376 1808 6
1398 1754 1530 1818 Θεός
1551 1771 1564 1784 °
1601 1755 1950 1811 Ἀπέστειλα

260 1844 407 1910 τοὺς
436 1843 751 1914 προφήτας
769 1861 888 1913 μου
919 1840 1221 1911 ὀρθρίζων,
1263 1841 1362 1896 καὶ
1385 1841 1808 1908 ἀποστέλλων,
1847 1845 1946 1898 καὶ

261 1932 408 1988 οὐδὲ
433 1932 623 1998 οὕτως
650 1932 1074 2000 είσηκυύσατε.
1091 1932 1283 2002 Ἡμεῖς
1328 1931 1427 2002 μὲν
1467 1927 1561 1984 οῦν
1607 1931 1714 1985 ἀπὸ
1748 1933 1950 2002 πολλῆς

263 2021 593 2092 κηδεμονίας
619 2020 780 2074 τοῦτο
799 2019 1082 2091 ποιοῦμεν,
1104 2019 1424 2091 δεδοίκαμεν
1457 2019 1514 2072 δὲ
1531 2021 1558 2060 b
1583 2019 1658 2092 μὴ
1686 2021 1830 2075 κατά
1851 2023 1950 2092 τήν

261 2110 482 2182 ἡμέραν
510 2110 726 2180 ἐκείνην
755 2109 854 2181 τήν
887 2108 1126 2180 φοϐερὰν
1155 2111 1524 2182 ἀντικαταστῇ
1567 2113 1732 2164 πᾶσιν
1761 2113 1888 2182 ὑμῖν
1916 2115 1951 2185 ἡ

263 2198 586 2270 παραίνεσις
614 2195 1039 2270 αῦτη[152]καὶ
1061 2199 1094 2268 ή
1129 2197 1608 2270 συμϐουλή.⁸⁸οταν
1631 2199 1740 2271 γὰρ
1772 2199 1866 2253 καὶ
1891 2201 1952 2254 τὸ

267 2283 598 2357 κατόρθωμα
623 2283 843 2339 εὔκολον
861 2281 918 2358 ᾖ,
945 2287 1038 2338 καὶ⁸
1063 2287 1091 2338 ὁ
1118 2285 1358 2356 συνεχῶς
1394 2287 1828 2357 ὑπομιμνήσκων
1875 2287 1950 2358 μὴ

265 2373 627 2444 διαλιμπάνῃ,
657 2373 818 2427 ποίαν
845 2373 1042 2444 ’ἐξομεν
1081 2373 1380 2443 ἀπολογίαν
1405 2377 1610 2440 είπεῖν;
1632 2375 1665 2444 ἢ
1692 2374 1774 2436 τίς
1802 2376 1952 2445 ἡμᾶς

266 2458 618 2531 ἐξαιρήσεται
643 2461 744 2532 τῆς
777 2461 1052 2525 κολάσεως
1079 2461 1271 2530 λόγος;
1303 2462 1440 2514 Εἰπὲ
1468 2462 1578 2534 γάρ
1621 2480 1732 2534 μοι,
1761 2461 1826 2516 ἂν
1852 2464 1946 2534 ἁρ-

267 2547 462 2619 γύριόν
515 2565 597 2602 σοι
643 2549 1087 2620 χρεωστούμενον
1124 2548 1284 2620 τύχῃ,
1321 2549 1424 2603 οὐκ
1449 2550 1535 2602 ἀεὶ
1571 2550 1953 2620 συντυγχάνων

265 2633 346 2706 τῷ
393 2635 667 2704 ὀφείλοντι
717 2637 1160 2708 ἀναμιμνήσκεις
1209 2637 1374 2690 αὑτὸν
1422 2638 1518 2690 τοῦ
1556 2636 1952 2707 δανείσματος;

267 2723 442 2777 Τοῦτο
464 2723 558 2776 καὶ
586 2725 650 2778 σὺ
673 2723 922 2794 ποίησον,
949 2725 1043 2778 καὶ
1067 2725 1297 2788 ἕκαστος
1321 2723 1589 2794 νομιζέτω
1611 2724 1701 2777 τὸν
1725 2723 1954 2794 πλησίον

268 2809 536 2884 ἀργύριον
586 2810 822 2881 ὀφείλειν
867 2811 1036 2884 αὐτῷ,
1069 2813 1168 2884 τὴν
1216 2811 1565 2884 ἐκπλήρωσιν
1600 2813 1698 2883 τῆς
1733 2812 1955 2882 ἐντολῆς

267 2898 498 2969 ταύτης,
528 2901 622 2952 καὶ
653 2899 910 2954 ἀπαντῶν
941 2901 1083 2970 ὑπὲρ
1123 2901 1212 2970 τῆς
1237 2901 1502 2963 ἐκτίσεως
1548 2900 1712 2952 αὑτὸν
1758 2900 1956 2969 ἀναμι-

273 2989 591 3058 μνησκέτω,
622 2988 779 3052 εἰδὼς
805 2989 880 3052 ὡς
907 2989 967 3042 οὐ
1005 2988 1201 3061 μικρὸς
1229 2991 1362 3060 ἡμῖν
1392 2989 1679 3042 ἀπόκειται
1713 2987 1956 3049 κίνδυνος

270 3075 384 3128 τῶν
408 3075 654 3145 ἀδελφῶν
685 3079 786 3130 ούκ
809 3077 1280 3148 ἐπιμελουμένοις.
1311 3077 1410 3132 Διά
1455 3076 1613 3129 τοῦτο
1639 3075 1732 3130 καὶ
1757 3075 1867 3144 ἐγὼ
1887 3075 1956 3128 τὰ

272 3161 417 3216 αὐτὰ
444 3163 617 3232 λέγων
650 3165 710 3218 οὐ
746 3164 1022 3236 παύομαι·
1055 3165 1270 3219 δέδοικα
1297 3166 1406 3236 γὰρ
1435 3165 1647 3236 μήποτε
1676 3166 1794 3218 κατ’
1817 3164 1959 3218 ἐκεί-

273 3267 376 3320 νην
425 3250 642 3306 ἀκούσω
689 3251 789 3324 τὴν
833 3253 1076 3326 ἡμέρανο
1107 3252 1342 3320 Πονηρὲ
1373 3251 1558 3306 δοῦλε
1584 3250 1684 3305 καὶ
1717 3251 1957 3318 ὀκνηρέ,

275 3338 404 3392 ἔδει
441 3352 516 3394 σε
553 3341 919 3396 καταϐαλεῖν
941 3341 1008 3395 τὸ
1038 3342 1326 3412 ἀργύριόν
1345 3358 1468 3411 μου
1511 3339 1609 3394 ἐπὶ
1653 3339 1796 3404 τοὺς
1826 3357 1964 3406 τρα-

277 3425 686 3494 πεᾶ’τας.Ἰδοί›
717 3430 852 3498 γοῦν
884 3429 1183 3484 κατέϐαλον
1211 3428 1308 3499 οὐχ
1339 3428 1506 3495 ἅπαξ,
1543 3427 1666 3482 ούδέ
1694 3427 1799 3491 δὶς,
1833 3427 1970 3482 ἀλλά

279 3513 574 3578 πολλάκις
601 3517 758 3588 ὑμῶν
789 3519 907 3571 ἐστι
939 3517 1127 3571 λοιπὸν
1149 3517 1243 3570 τὸν
1267 3517 1427 3570 τόκον
1453 3515 1822 3582 ἐπιδείξασθαι
1839 3533 1850 3546 ο
1883 3516 1972 3568 τό-

278 3617 378 3666 κος
417 3601 475 3656 δὲ
511 3604 850 3675 ἀκροάσεως,
880 3607 914 3678 ἡ
945 3605 1036 3661 διὰ
1067 3604 1177 3660 τῶν
1209 3604 1387 3678 ἔργων
1415 3603 1676 3669 ἐπίδειξις
1695 3621 1710 3636 ο
1739 3603 1967 3674 καὶγὰρ

346 3757 368 3827 ξ
391 3759 497 3827 ᾼΙῇΔ
523 3765 910 3827 καταγνώσωμοιι

343 3819 377 3862 1³
401 3823 498 3872 Alii
523 3819 714 3874 δέδοικα
749 3828 818 3876 δέ.

1311 322 1405 379 ΔΙ)
1439 321 1772 379 POPULUM
1806 319 2312 380 ANTIOCHENUM
2355 316 2590 378 HOMIL.
2625 318 2771 377 XIII.

3631 319 3736 380 156

2047 437 2353 492 Δεσποτικά
2379 437 2448 491 τὰ
2471 437 2944 508 καταϐαλλόμενα.
2966 433 3058 508 Μὴ
3077 433 3258 488 τοίνυν
3283 451 3388 506 παρ
3403 433 3578 506 ἐργως
3603 430 3737 489 ὕπο-

2045 525 2350 597 δεξώμεθα,
2385 525 2523 580 ἀλλὰ
2556 525 2697 596 μετά
2731 523 3018 610 ἀκριϐείας
3045 524 3368 594 κατέχωμεν
3411 523 3510 594 τήν
3555 537 3739 592 παρα-

2047 615 2390 686 καταθήκην,
2423 614 2510 668 ἵνα
2543 613 2682 685 μετά
2712 613 2915 685 πολλῆς
2956 613 3059 684 τῆς
3104 613 3368 685 ἐργασίας
3407 611 3578 683 αὐτὴν
3605 613 3738 665 ἁπο-

2047 701 2227 772 δῶμεν
2255 702 2400 756 κατά
2427 701 2524 772 τὴν
2553 701 2769 772 ἡμέραν
2797 702 3032 772 ἐκείνην.
3053 701 3178 754 Ἐὰν
3218 699 3328 770 γὰρ
3369 702 3444 771 μὴ
3485 699 3582 754 καὶ
3613 699 3734 752 ἐτέ-

2051 808 2176 864 ρους
2205 792 2286 854 είς
2311 789 2374 843 τὸ
2395 790 2529 842 αὐτὸ
2561 789 2837 861 ἐναγάγῃς
2862 787 3222 859 κατόρθωμα,
3253 787 3462 860 ἀκούσῃ
3491 788 3588 857 τῆς
3616 805 3738 856 φω-

2048 879 2147 950 νῆς
2177 877 2394 948 ἐκείνης
2424 873 2492 950 ἦς
2519 878 2752 948 ἡκουσεν
2783 879 2811 929 6
2839 878 2896 928 τὸ
2939 875 3201 930 τάλαντον
3231 876 3556 948 κατορύξας.
3575 873 3740 927 Ἀλλά

2052 967 2128 1038 μὴ
2173 965 2385 1035 γένοιτο
2413 963 2638 1034 ταύτης,
2667 963 2804 1017 ἀλλὰ
2829 963 2928 1034 τῆς
2959 963 3125 1034 ἄλλης
3159 965 3302 1034 ὑμᾶς
3342 965 3572 1018 ἀκοῦσαι
3619 979 3739 1030 φω-

2049 1054 2149 1124 νῆς
2179 1055 2246 1125 ἢν
2272 1053 2409 1126 πρὸς
2434 1052 2527 1106 τὸν
2559 1053 2938 1124 ἐργασάμενον
2964 1051 3146 1122 ἀφῆκε
3177 1051 3354 1120 λέγων
3399 1053 3427 1104 6
3463 1049 3696 1122 Χριστός
3719 1067 3734 1080 ·

2049 1137 2160 1207 Εὖ,
2193 1140 2380 1195 δοῦλε
2428 1139 2615 1210 ἀγαθὲ
2657 1139 2756 1194 καὶ
2807 1139 3006 1205 πιστὲ,
3040 1139 3138 1193 ἐπὶ
3185 1140 3361 1208 ὀλίγα
3389 1135 3466 1209 ἦς
3498 1139 3739 1205 πιστὸς,

2049 1228 2152 1282 ἐπὶ
2197 1227 2449 1282 πολλῶν
2501 1243 2576 1282 σε
2624 1227 3007 1293 καταστήσω.
3051 1227 3268 1298 Ταύτης
3305 1227 3360 1280 δὲ
3393 1225 3744 1296 ἀκουσόμεθα

2048 1317 2151 1387 τῆς
2181 1318 2387 1388 φωνῆς,
2416 1316 2482 1370 ἂν
2513 1315 2610 1387 τὴν
2635 1316 2805 1386 αὐτὴν
2835 1315 3030 1385 ἐκείνῳ
3056 1317 3292 1386 σπουδὴν
3325 1311 3737 1382 ἐπιδειξώμεθα·

2052 1404 2150 1476 τὴν
2177 1405 2349 1475 αὐτὴν
2392 1404 2450 1457 δὲ
2500 1403 2886 1472 ἐπιδειξόμεθα
2933 1403 3190 1474 σπουδὴν,
3222 1403 3317 1456 ἐὰν
3349 1401 3506 1455 τοῦτο
3535 1402 3564 1455 ὃ
3597 1401 3746 1469 λέγω

2052 1493 2525 1564 ποιήσωμεν,Ἔτι
2557 1490 2772 1562 θερμῆς
2805 1490 2973 1560 οὔσης
3005 1492 3105 1562 τῆς
3139 1491 3458 1562 ἀκροάσεως
3501 1493 3557 1542 ἐν
3590 1491 3742 1559 ὑμῖν,

2053 1580 2362 1648 ἐξελθόντες
2389 1578 2834 1652 παρακελεύεσθε
2868 1579 3139 1648 ἀλλήλοις,
3173 1581 3267 1633 καὶ
3291 1578 3542 1649 καθάπερ
3561 1588 3584 1616 ε
3614 1577 3746 1630 ἐκα-

2055 1684 2180 1730 στος
2208 1667 2346 1736 μετά
2371 1666 2746 1738 προσηγορίας
2767 1665 3072 1731 διαλύεσθε,
3109 1665 3252 1718 οὕτω
3283 1665 3420 1736 μετὰ
3463 1681 3750 1736 παραγγε-

2057 1753 2176 1818 λίας
2203 1754 2432 1817 ἕκαστος
2463 1755 2646 1808 οἶκαδε
2692 1755 3070 1826 ἀναχωρείτω,
3108 1755 3203 1808 καὶ
3232 1754 3310 1823 τῷ
3337 1755 3564 1825 πλησίον
3591 1753 3750 1822 λεγέ-

2057 1859 2135 1895 τω
2152 1855 2168 1870 °
2200 1843 2402 1894 Σκόπει
2433 1845 2528 1895 καὶ
2559 1842 2805 1914 μέμνησο
2833 1843 2982 1906 ὅπως
3007 1843 3247 1916 φυλάξῃς
3269 1842 3365 1914 τήν
3392 1841 3632 1912 ἐντολήν,
3653 1841 3752 1896 καὶ

2059 1929 2276 1992 πάντως
2325 1929 2912 2002 περιεσόμεθα.”οταν
2965 1929 3075 2002 γὰρ
3129 1931 3274 1999 φίλοι
3332 1930 3750 2001 παραπέμπωσι

2061 2017 2202 2088 μετὰ
2246 2017 2507 2088 τοιαύτης
2556 2017 2888 2088 συμϐουλῆς,
2925 2019 3022 2070 καὶ
3054 2017 3192 2070 οἴκοι
3225 2017 3516 2086 γενόμενον
3545 2019 3578 2088 ή
3613 2017 3752 2088 γυνὴ

2060 2105 2221 2160 πάλιν
2246 2107 2314 2158 τὰ
2350 2105 2492 2158 αύτά
2519 2107 2936 2178 ἀναμιμνήσκῃ,
2980 2106 3074 2158 καὶ
3122 2105 3318 2176 μόνους
3346 2105 3506 2168 δντας
3536 2107 3565 2158 6
3593 2105 3752 2174 λόγος

2059 2196 2088 2248 ὁ
2112 2193 2384 2264 ἡμέτερος
2407 2193 2635 2266 κατέχῃ,
2661 2193 2874 2262 ταχέως
2899 2192 3356 2264 ἀποκρουσόμεθα
3381 2193 3479 2264 τήν
3509 2193 3754 2264 πονηρὰν

2063 2281 2356 2352 συνήθειαν
2385 2282 2612 2352 ταύτην.
2644 2277 2773 2334 Οἶδα
2811 2281 2908 2351 μὲν
2936 2281 3018 2333 ὅτι
3052 2279 3366 2350 θαυμάζετε
3393 2281 3538 2344 τίνος
3565 2282 3754 2335 ἕνεκεν

2059 2369 2329 2440 τοσαύτην
2369 2369 2510 2444 ὑπὲρ
2549 2370 2648 2440 τῆς
2695 2368 2916 2439 ἐντολῆς
2947 2369 3153 2439 ταύτης
3182 2369 3438 2440 ποιοῦμαι
3472 2369 3708 2440 σπουδήν
3733 2385 3750 2400 ο

2061 2457 2449 2528 κατορθώσατε
2481 2457 2539 2510 δὲ
2572 2457 2633 2509 τὸ
2674 2456 2990 2526 ἐπιταχθὲν,
3019 2458 3114 2509 καὶ
3145 2457 3268 2510 τότε
3296 2459 3426 2528 ἐρῶ.
3453 2458 3604 2522 Τέως
3655 2457 3754 2529 μὲν

2061 2545 2172 2616 γὰρ
2203 2547 2384 2598 ἐκεῖνο
2411 2545 2575 2613 λέγω,
2603 2545 2686 2598 ὅτι
2711 2545 2875 2615 νόμος
2908 2545 3026 2597 ἐστὶ
3070 2543 3214 2608 θεῖος
3243 2545 3305 2597 τὸ
3335 2545 3614 2616 ἐπίταγμα
3639 2543 3758 2598 τοῦ-

2061 2649 2144 2698 το,
2184 2633 2280 2686 καὶ
2311 2631 2627 2704 παραϐῆναι
2663 2632 2826 2686 αὑτὸν
2855 2633 2956 2685 οὑκ
2982 2633 3225 2700 ἀσφαλές
3245 2647 3258 2661 '
3289 2635 3386 2687 ἐὰν
3414 2634 3472 2687 δὲ
3501 2633 3596 2687 ίδω
3622 2651 3758 2686 κατ-

2062 2719 2322 2792 ορθωθὲν,
2349 2721 2444 2774 καὶ
2473 2721 2668 2792 ἑτέραν
2697 2722 2826 2792 ὑμῖν
2859 2721 3041 2774 αἰτίαν
3069 2721 3181 2791 ἐρῶ
3206 2721 3306 2774 οὐκ
3334 2723 3590 2776 ἐλάττονα
3622 2721 3758 2775 ταύ-

2063 2822 2186 2876 της,
2223 2804 2311 2857 ἰνα
2359 2805 2566 2876 μάθητε
2600 2805 2684 2857 ὅτι
2725 2803 2951 2866 δικαίως
2991 2804 3264 2874 τοσαύτην
3300 2805 3442 2876 ὑπὲρ
3467 2805 3560 2859 τοῦ
3592 2805 3756 2875 νόμου

2064 2889 2254 2940 τούτου
2279 2886 2583 2957 ποιοῦμαιά
2611 2887 2851 2958 σπουδήν
2871 2903 2884 2915 °
2914 2885 3032 2958 ὥρα
3062 2887 3120 2939 δὲ
3149 2887 3335 2940 λοιπὸν
3359 2891 3438 2952 τίς
3467 2889 3632 2958 εὐχὴν
3655 2903 3758 2940 κα-

2063 2971 2294 3025 ταλῦσαι
2318 2973 2408 3024 τὸν
2440 2971 2614 3038 λόγον.
2631 2973 2798 3042 Κοινῇ
2821 2973 2998 3024 τοίνυν
3021 2971 3222 3034 πάντες
3246 2971 3488 3041 εἴπωμεν
3505 2987 3516 3000 ·
3551 2971 3606 3024 Ὀ
3626 2970 3760 3035 Θεὸς

2061 3051 2090 3102 ὁ
2129 3050 2202 3122 μὴ
2229 3049 2398 3102 θέλων
2427 3050 2516 3102 τὸν
2548 3049 2778 3103 θάνατον
2800 3051 2895 3103 τοῦ
2923 3050 3278 3122 ἁμαρτωλοῦ,
3309 3051 3384 3114 ὡς
3411 3051 3472 3103 τὸ
3500 3051 3760 3121 ἐπιστρέ-

2063 3134 2164 3204 ψαι
2195 3133 2359 3186 αὐτὸν
2389 3133 2481 3185 καὶ
2512 3133 2634 3203 ζῇν,
2667 3133 2763 3186 καὶ
2791 3133 2980 3186 τοῦτον
3027 3136 3122 3188 καὶ
3149 3137 3276 3198 τοὺς
3315 3135 3533 3198 λοιποὺς
3565 3136 3761 3206 νόμους

2068 3215 2316 3275 ἅπαντας
2343 3211 2682 3277 καταξίωσον
2707 3213 2856 3282 ἡμᾶς
2887 3212 3275 3278 ἐξανύσαντας,
3313 3213 3454 3266 οὕτω
3477 3215 3762 3286 παραστῆ-

2069 3311 2160 3350 ναι
2201 3294 2278 3366 τῷ
2307 3294 2512 3365 βήματι
2544 3293 2638 3346 τοῦ
2674 3292 2912 3366 Χριστοῦ
2945 3311 3062 3356 σου,
3093 3293 3179 3362 ἵνα
3215 3297 3530 3366 παρρησίας
3561 3295 3762 3367 πολλῆς

2071 3373 2503 3438 ἀπολαύσαντες,
2529 3374 2631 3444 τῆς
2659 3372 2940 3444 βασιλείας
2970 3372 3319 3444 ἐπιτύχωμεν
3352 3376 3432 3437 είς
3457 3374 3613 3439 δόξαν
3641 3374 3759 3444 σήν,

2072 3456 2154 3509 ὅτι
2184 3457 2267 3509 σοὶ
2295 3455 2497 3526 πρέπει
2529 3455 2680 3520 δόξα,
2705 3454 2822 3525 ἅμα
2849 3453 2926 3524 τῷ
2955 3457 3234 3526 μονογενεῖ
3265 3472 3360 3506 σου
3394 3455 3548 3508 Παιδὶ
3575 3455 3669 3507 καὶ
3687 3453 3764 3522 τῷ

2073 3537 2213 3606 ἁγίῳ
2258 3535 2562 3607 Πνεύματι,
2601 3538 2698 3590 νῦν
2747 3536 2843 3590 καὶ
2888 3537 2996 3601 ἀεὶ,
3021 3537 3116 3590 καὶ
3149 3537 3228 3600 είς
3254 3537 3380 3602 τοὺς
3418 3535 3622 3600 αἰῶνας
3655 3536 3764 3590 τῶν

2073 3619 2311 3676 αἰώνων.
2331 3621 2530 3691 Ἀμήν.

2139 3769 2164 3829 ε
2199 3766 2296 3814 Alii
2319 3766 2400 3814 καὶ
2419 3766 2586 3829 ῶσπερ
2609 3766 2825 3822 ἕκαστος.

2140 3825 2167 3866 ά
2191 3829 2289 3876 Alii
2313 3825 2602 3890 πεποίημαι.

283 4077 442 4150 [I53]
473 4079 841 4148 Εὐχαριστία
894 4081 982 4136 ἐτι
1009 4082 1160 4151 πρὸς
1203 4081 1312 4135 τὸν
1337 4081 1486 4136 Θεὸν
1523 4079 1650 4150 περὶ
1683 4080 1794 4152 τῆς
1839 4077 2182 4150 μεταϐολῆς
2229 4077 2350 4134 τῶν
2381 4077 2758 4148 σκυθρωπῶν
2779 4095 2798 4112 ο
2840 4079 2940 4134 καὶ
2981 4079 3328 4150 ἀνάμνησις
3370 4077 3490 4132 τῶν
3521 4077 3621 4134 διὰ
3653 4073 3771 4150 τὴν

357 4170 581 4228 στάσιν
623 4171 1030 4242 διασυρέντων
1069 4174 1168 4228 καὶ
1199 4174 1676 4244 τιμωρηθέντωνο
1722 4173 1937 4241 ὁμοίως
1967 4171 2036 4224 δὲ
2073 4170 2261 4226 πάλιν
2274 4170 2567 4251 ἐξήγησις
2589 4171 2720 4240 περὶ
2746 4173 2858 4238 τῆς
2874 4171 2980 4226 τοῦ
3005 4169 3322 4240 ἀνθρώπου
3342 4169 3759 4242 δημιουργίας,

359 4265 460 4316 καί
491 4263 578 4318 ὅτι
619 4264 888 4334 φυσικὸν
923 4266 1114 4337 νόμον
1145 4264 1423 4332 ἐδέξατοο
1477 4264 1580 4320 καί
1627 4265 1760 4334 περὶ
1808 4265 1916 4320 τοῦ
1949 4264 2194 4332 τελείως
2230 4264 2606 4334 κατορθῶσαι
2645 4265 2708 4319 τὸ
2733 4264 2820 4334 μὴ
2854 4265 3100 4334 ὀμνύειν
3131 4275 3180 4320 II.

961 4513 1186 4584 Ὁμιλία
1214 4519 1310 4582 ιγ’.

364 4627 435 4678 α’.
454 4621 586 4675 Ἀπὸ
601 4621 701 4694 τῆς
731 4622 901 4693 αὐτῆς
923 4621 1098 4692 ἀρχῆς
1123 4617 1340 4673 καὶτῶν
1359 4614 1540 4670 αὐτῶν
1560 4614 1888 4688 προοιμίων,
1904 4608 1980 4670 ὧν

287 4711 422 4782 χθὲς
454 4711 547 4763 καὶ
570 4709 678 4782 πρὸ
711 4708 927 4782 ἐκείνης
959 4708 1238 4781 ἠρξάμην,
1274 4706 1371 4761 καὶ
1419 4707 1660 4776 σήμερον
1706 4703 1975 4776 ἄρξομαι·

289 4798 406 4870 ἐρῶ
437 4799 531 4852 καὶ⁵
565 4797 658 4852 νῦν
677 4815 693 4829 ο
727 4797 1033 4869 Εὐλογητὸς
1065 4799 1094 4848 6
1125 4795 1278 4858 Θεός.
1307 4793 1439 4848 Οἴαν
1471 4791 1570 4864 τὴν
1598 4791 1979 4862 παρελθοῦσαν

291 4889 507 4960 εῐδομεν
540 4888 796 4960 τετράδα,
826 4888 922 4942 καλ¹
963 4887 1080 4940 οἵαν
1121 4884 1220 4956 τὴν
1253 4883 1536 4956 παροῦσαν
1584 4881 1803 4954 ὁρῶμεν
1848 4881 1984 4948 νῦν;

293 4976 464 5039 πόσος
492 4979 548 5030 ἐν
585 4977 771 5048 ἐκείνῃ
801 4976 962 5045 ζόφος
994 4977 1115 5028 τότε
1156 4970 1263 5046 ἧν;
1293 4974 1433 5044 πόση
1476 4969 1617 5024 κατά
1648 4969 1746 5041 τήν
1779 4969 1987 5042 παροῦ-

295 5079 401 5118 σαν
450 5063 657 5136 γαλήνη
691 5064 821 5130 νῦν;
856 5065 1014 5118 Κατά
1043 5064 1142 5135 τήν
1175 5062 1392 5135 ἡμέραν
1420 5059 1626 5128 ταύτην
1658 5059 1721 5112 τὸ
1753 5058 1987 5130 φοϐερὸν

295 5154 474 5206 ἐκεῖνο
496 5153 720 5222 γέγονεν
747 5155 808 5206 ἐν
834 5157 902 5224 τῇ
923 5152 1077 5206 πόλει
1105 5151 1478 5221 δικαστήριον,
1506 5149 1604 5202 καὶ
1631 5147 1730 5211 τὰς
1759 5146 1988 5218 καρδίας

296 5237 554 5293 ἁπάντων
591 5238 848 5304 διέσεισε,
877 5240 973 5292 καλ⁸
1013 5238 1210 5301 νυκτὸς
1247 5237 1400 5290 οὐδὲν
1427 5235 1654 5306 ἄμεινον
1681 5233 1988 5288 διακεῖσθαι

296 5326 523 5397 ἐποίησε
550 5327 653 5398 τὴν
690 5328 928 5398 ἡμέραν,
967 5327 1028 5380 ού
1073 5326 1178 5396 τῆς
1223 5326 1442 5388 ἀκτῖνος
1475 5321 1818 5394 σϐεσθείσης,
1853 5321 1990 5376 ἀλλά

296 5414 399 5487 τῆς
450 5413 686 5486 ἀθυμίας
733 5415 828 5469 καὶ
873 5415 967 5468 τοῦ
1013 5415 1184 5486 φόϐου
1243 5411 1618 5484 πηρωσάντων
1667 5411 1822 5482 ὑμῶν
1863 5412 1988 5474 τοὺς

301 5502 737 5574 ὀφθαλμούς.”ιν’
765 5498 858 5556 οῦν
891 5503 986 5556 καὶ
1016 5503 1179 5573 ἡμεῖς
1203 5501 1422 5554 πλείονα
1445 5496 1871 5570 καρπωσὼμεθα
1891 5498 1988 5570 τὴν

298 5589 516 5662 ἡδονήν,
551 5590 727 5662 μικρά
751 5591 858 5643 τῶν
885 5591 1005 5644 τότε
1047 5589 1374 5661 συμϐάντων
1402 5584 1766 5657 διηγήσασθαι
1800 5585 1988 5657 βούλο-

303 5696 427 5750 μαι.
459 5679 570 5732 Καὶ
605 5680 716 5750 γὰρ
761 5679 858 5733 καὶ
899 5680 1026 5750 ὑμῖν
1077 5680 1172 5732 καὶ
1216 5679 1331 5740 τοῖς
1383 5673 1775 5746 γενησομένοις
1817 5673 1989 5727 ἅπασι

305 5765 580 5839 χρησίμην
603 5767 716 5838 ὁρῶ
740 5767 840 5839 τὴν
867 5766 1070 5820 τούτων
1093 5766 1343 5838 διήγησιν
1373 5759 1538 5818 οὖσαν
1562 5779 1578 5794 ο
1608 5761 1730 5816 ἐπεὶ
1757 5763 1850 5815 καὶ
1875 5763 1990 5826 τοῖς

363 5887 389 5916 ⁸
421 5888 570 5939 Savil.
598 5891 790 5946 ἐδέξατο
823 5890 903 5952 διᾶι
923 5895 1008 5948 τῆς
1037 5890 1258 5952 γνώσεως
1288 5887 1386 5952 τῶν
1403 5886 1672 5952 πρακτέων,
1695 5885 1776 5934 καὶ
1807 5885 1904 5934 τῶν
1932 5884 1988 5934 οὐ

300 5955 574 6020 πρακτέων,
597 5953 804 6016 καὶπερὶ
824 5949 910 6000 τοῦ
932 5946 1232 6016 κατορθῶσαι
1253 5949 1308 5999 τὸ
1331 5951 1399 6014 μὴ
1425 5946 1628 6012 ὄμνύειν.

2087 4518 2153 4568 ἐκ
2185 4515 2450 4583 ναυαγίου
2479 4513 2825 4568 διασωθεῖσιν
2863 4508 2967 4585 ἡδὺ
3009 4512 3118 4567 τῶν
3165 4515 3427 4584 κυμάτων
3465 4512 3778 4583 μεμνῆσθαι

2087 4605 2182 4658 καὶ
2215 4603 2317 4674 τῆς
2346 4603 2516 4674 ζάλης
2549 4603 2776 4656 καὶτῶν
2815 4602 3056 4672 ἀνέμων,
3086 4602 3308 4654 ἐπειδὰν
3333 4603 3414 4665 είς
3452 4601 3648 4672 λιμένα
3675 4617 3778 4653 καο

2083 4691 2464 4746 ταπλεύσωσι’
2495 4693 2587 4746 καὶ
2623 4693 2739 4755 τοῖς
2789 4690 3075 4763 ἀρρωστία
3118 4689 3478 4760 περιπεσοῦσι
3529 4687 3776 4743 ποθεινὸν

2088 4780 2226 4851 μετὰ
2251 4779 2352 4851 τήν
2383 4779 2696 4852 ἀρρωστίαν
2719 4779 2847 4842 τοὺς
2869 4777 3160 4849 πυρετοὺς,
3189 4777 3257 4829 δι’
3280 4775 3374 4839 οὓς
3398 4774 3551 4846 παρά
3580 4773 3776 4846 μικρὸν

2082 4864 2246 4940 ἦλθον
2301 4868 2616 4936 ἀποθανεῖν,
2649 4866 2958 4938 διηγεῖσθαι
3001 4865 3140 4937 πρὸς
3185 4863 3425 4936 ἐτέρους.
3451 4865 3621 4917 Ὅταν
3665 4861 3778 4934 γὰρ

2086 4957 2336 5030 παρέλθῃ
2379 4959 2450 5012 τὰ
2485 4957 2654 5021 δεινὰ,
2682 4954 2877 5026 ἡδονήν
2928 4953 3041 5023 ἔχει
3086 4951 3196 5005 τῶν
3217 4950 3404 5005 δεινῶν
3432 4953 3466 5022 ή
3495 4949 3775 5022 διήγησις,

2083 5048 2184 5118 τῆς
2210 5046 2394 5118 ψυχῆς
2430 5045 2532 5098 οὐκ
2571 5043 2653 5096 ἔτι
2683 5041 3008 5104 δεδοικυίας,
3046 5038 3182 5093 ἀλλὰ
3232 5039 3328 5092 καὶ
3377 5038 3601 5108 μείζονα
3644 5052 3781 5107 καρο

2087 5133 2371 5205 πουμένης
2392 5131 2492 5203 τὴν
2521 5128 2877 5201 εὐφροσύνην.
2897 5128 2962 5180 'H
2992 5126 3102 5198 γὰρ
3124 5125 3234 5180 τῶν
3269 5125 3651 5198 παρελθόντων
3676 5139 3778 5176 κα·

2087 5223 2202 5276 κῶν
2237 5224 2426 5292 μνήμη
2452 5220 2541 5273 ἀεὶ
2563 5220 2664 5289 τήν
2695 5215 3000 5270 ἐνεστῶσαν
3045 5214 3346 5286 εὐημερίαν
3387 5213 3780 5286 ἀκριϐέστερον

2085 5310 2316 5384 ὁρᾶσθαι
2347 5311 2513 5362 ποιεῖ.

2175 5397 2394 5470 Ἐπειδὴ
2447 5397 2558 5468 γὰρ
2596 5395 2660 5448 τὸ
2716 5395 2814 5468 μὲν
2881 5393 3044 5448 πλέον
3103 5394 3204 5466 τῆς
3269 5392 3476 5452 πόλεως
3519 5387 3630 5442 ἀπὸ
3681 5390 3776 5444 τοῦ

2089 5490 2258 5561 φόϐου
2305 5487 2401 5542 καὶ
2457 5489 2556 5557 τῆς
2605 5483 2837 5554 ἀπειλῆς
2899 5483 3118 5553 ἐκείνης
3181 5481 3318 5553 πρὸς
3371 5477 3472 5540 τὰς
3534 5477 3784 5548 ἐρήμους

2089 5580 2185 5634 καὶ
2211 5578 2310 5641 τάς
2338 5577 2635 5648 φάραγγας
2667 5575 2764 5627 καὶ
2793 5573 2919 5634 τοὺς
2945 5570 3308 5630 λανθάνοντας
3335 5564 3640 5636 μετῴκιστο
3684 5564 3776 5618 τόδ

2091 5683 2248 5731 πους,
2281 5665 2376 5718 τοῦ
2407 5663 2574 5734 φόϐου
2601 5659 2866 5716 πάντοθεν
2889 5659 3088 5720 αὐτοὺς
3112 5654 3550 5718 συνελαύνοντος,
3571 5653 3668 5708 καὶ
3689 5669 3784 5707 κει
3851 5691 3859 5700 .

2089 5757 2180 5811 ναὶ⁵
2217 5755 2314 5826 μὲν
2347 5750 2490 5824 ἦσαν
2517 5750 2794 5820 γυναικῶν
2825 5749 2880 5800 αἱ
2903 5746 3096 5808 οἰκίαι,
3116 5743 3250 5814 κενὴ
3275 5743 3333 5796 δὲ
3359 5741 3570 5814 ἀνδρῶν
3593 5744 3625 5813 ἡ
3653 5743 3780 5809 ἀγο-

2093 5845 2183 5917 ρὰ,
2221 5841 2372 5914 μόλις
2411 5839 2466 5893 δὲ
2488 5838 2581 5892 δύο
2605 5837 2638 5908 ἢ
2663 5838 2811 5907 τρεῖς
2844 5833 3152 5917 βαδίζοντες
3172 5833 3230 5885 ἐν
3257 5830 3335 5902 τῷ
3367 5831 3517 5902 μέσῳ
3546 5830 3666 5900 μετ’
3686 5829 3779 5884 ἀλα

2089 5914 2266 6005 λὴλων
2292 5928 2593 5999 ἐφαίνοντο,
2625 5925 2719 5979 καὶ
2750 5922 2905 5976 αὐτοὶ
2948 5914 3095 5976 οῦτοι
3138 5921 3390 5992 καθάπερ
3420 5917 3651 5990 ἕμψυχοι
3692 5933 3780 5973 νε-
