4068 6430
338 295 446 357 137

332 417 466 486 χροὶ
493 415 823 489 περιιόντες·
865 415 1136 486 ἀπῄειμεν
1153 426 1178 455 ι
1221 417 1302 479 είς
1332 415 1395 469 τὸ
1418 416 1766 487 δικαστήριον
1789 417 1850 470 τὸ
1875 417 2027 481 τέλος

340 504 597 574 ὐφόμενοι
619 502 728 556 τῶν
749 502 1066 573 γινομένων,
1092 503 1185 554 καὶ
1216 502 1416 567 ἰδόντες
1444 505 1566 557 ἐκεῖ
1589 504 1691 573 τῆς
1718 505 1929 568 πόλεως
1954 506 2024 559 τά

340 590 571 661 λείψανα
616 590 1022 659 συνειλεγμένα,
1073 589 1307 660 μάλιστα
1354 591 1571 644 πάντων
1622 591 2020 664 ἐθαυμάσαμεν

341 680 540 741 ἐκεῖνο,
572 678 653 730 ὅτι
685 677 916 746 πλήθους
949 677 1102 740 ὄντος
1149 679 1279 749 περὶ
1331 679 1431 741 τὰς
1480 678 1671 750 θύρας,
1708 679 1784 743 ὼς
1814 680 2027 745 οὐδενὸς

341 767 632 837 παρόντος,
689 764 962 836 βαθυτάτη
995 761 1065 835 ῆν
1100 769 1133 836 ή
1171 767 1320 837 σιγὴ,
1365 768 1585 820 πάντων
1636 768 1717 831 είς
1763 767 2028 838 ἀλλήλους

344 854 670 925 βλεπόντων,
690 856 784 907 καὶ
808 855 948 926 μήτε
970 854 1190 925 ἐρέσθαι
1212 854 1302 907 τὸν
1327 855 1672 925 παρεστῶτα,
1701 857 1838 927 μήτε
1864 857 2026 909 ἀκοῦ-

340 942 437 994 σαί
480 962 530 995 τι
584 945 709 1014 παρ’
735 941 945 995 ἐκείνου
996 942 1302 1013 τολμῶντός
1332 959 1493 1005 τινος.
1524 943 1627 997 Τὸν
1654 945 1763 1014 γὰρ
1797 944 2024 1014 πλησίον

343 1029 668 1083 ὑπώπτευεν
697 1030 948 1093 ἕκαστος,
972 1028 1062 1081 διὰ
1082 1030 1143 1081 τὸ
1166 1029 1392 1092 πολλοὺς
1417 1030 1515 1101 ’ήδη
1546 1033 1676 1103 παρ’
1706 1032 1896 1085 ἐλπίδα
1918 1036 2025 1087 πᾶ-

340 1134 438 1171 σαν
483 1118 549 1171 ἐκ
588 1118 762 1189 μέσης
804 1116 1257 1187 ἀναρπασθέντας
1302 1118 1399 1187 τῆς
1441 1118 1668 1188 ἀγορᾶς,
1708 1120 1856 1174 ἔνδον
1894 1139 2020 1176 κατ-

336 1204 557 1275 έχεσθαι
580 1225 591 1237 ·
620 1206 713 1257 καὶ
737 1205 935 1267 πάντες
965 1205 1116 1274 κοινῇ
1146 1207 1282 1275 πρὸς
1312 1204 1402 1256 τὸν
1429 1207 1659 1276 οὐρανὸν
1686 1207 2018 1278 ἐϐλέπομεν,

335 1293 431 1346 καὶ
462 1292 561 1354 τάς
589 1295 778 1362 χεῖρας
809 1291 1154 1362 ἀνετείνομεν
1185 1294 1311 1362 σιγῇ
1343 1292 1442 1360 τὴν
1483 1292 1691 1347 ἀνωθεν
1728 1293 2021 1366 ἐκδεχόμε-

333 1400 414 1435 νοι
451 1382 647 1453 ῥοπήν,
677 1382 772 1434 καὶ
804 1381 935 1434 Θεὸν
962 1380 1406 1452 παρακαλοῦντες
1437 1382 1786 1452 παραστῆναί
1814 1403 1873 1437 τε
1905 1388 2021 1450 τοῖς

332 1469 736 1539 δικαζομένοις,
769 1469 864 1523 καὶ
893 1469 1129 1540 μαλάξαι
1160 1469 1260 1533 τάς
1281 1469 1389 1522 τῶν
1415 1469 1742 1533 δικαζόντων
1769 1473 2014 1543 καρδίας,

333 1558 431 1611 καὶ
480 1558 707 1627 ποιῆσαι
748 1558 955 1628 ἥμερον
983 1556 1233 1625 γενέσθαι
1262 1557 1361 1629 τὴν
1384 1557 1589 1626 ψῆφον.
1620 1558 1729 1612 Καὶ
1768 1562 2017 1634 καθάπερ

332 1647 385 1697 οἱ
407 1646 534 1709 τοὺς
559 1644 929 1714 ναυαγοῦντας
955 1644 1063 1698 ἀπὸ
1087 1645 1187 1715 τῆς
1220 1645 1323 1715 γῆς
1351 1645 1657 1716 βλέποντες,
1698 1648 2017 1719 προσελθεῖν

336 1733 437 1803 μὲν
487 1734 582 1787 καὶ
626 1736 783 1804 χεῖρα
812 1732 994 1804 ὀρέξαι
1028 1733 1119 1786 καὶ
1148 1733 1440 1804 διορθῶσαι
1478 1732 1628 1806 [154]
1673 1735 1771 1806 τήν
1809 1752 2018 1806 συμφο-

331 1820 437 1891 ράν
465 1822 565 1874 οὐκ
589 1820 792 1892 έχουσι,
815 1823 926 1884 τοῖς
957 1820 1165 1891 κύμασι
1188 1820 1572 1892 διειργόμενοι,
1603 1822 1803 1887 ἔξωθεν
1833 1823 1888 1876 δὲ
1908 1824 2017 1879 ἀπὸ

330 1906 443 1961 τῶν
472 1909 733 1976 αἰγιαλῶν
772 1910 869 1972 τάς
899 1912 1086 1980 χεῖρας
1112 1909 1504 1973 ἀνατείνοντες,
1539 1911 1635 1963 καὶ
1664 1909 2012 1981 δακρύοντες,

330 1995 423 2051 τὸν
445 1996 576 2049 Θεὸν
599 1996 978 2065 παρακαλοῦσι
1002 1998 1352 2068 παραστῆναι
1375 2000 1489 2060 τοῖς
1511 1997 2012 2069 κλυδωνιζομένοις·

332 2081 476 2137 οὕτω
516 2086 609 2137 καὶ
641 2085 877 2140 ἐνταῦθα
907 2087 1109 2149 πάντες
1143 2088 1268 2156 σιγῇ
1304 2087 1398 2139 καὶ
1429 2085 1572 2139 κατά
1613 2085 1853 2141 διάνοιαν
1886 2089 2016 2142 ἐκά-

330 2170 458 2225 λουν
486 2172 576 2226 τὸν
610 2172 761 2238 Θεὸν,
790 2173 1066 2240 ἀξιοῦντες
1093 2175 1205 2237 τοίς
1235 2174 1294 2225 ἐν
1334 2172 1415 2243 τῷ
1450 2173 1806 2245 δικαστηρίῳ,
1840 2176 2016 2231 καθά-

330 2276 439 2332 περ
485 2262 543 2313 ἐν
583 2260 822 2331 κύμασιν
868 2260 1305 2331 ἀνειλημμένοις,
1339 2263 1497 2332 χεῖρα
1555 2262 1761 2333 ὀρέξαι,
1796 2266 1889 2317 καὶ
1939 2267 2014 2337 μὴ

334 2349 690 2419 συγχωρῆσαι
718 2348 1212 2420 καταποντισθῆναι
1235 2347 1295 2400 τὸ
1321 2349 1550 2417 σκάφος,
1582 2350 1718 2419 μηδὲ
1747 2353 1827 2413 εἰς
1851 2354 2018 2407 ναυά-

331 2451 451 2504 γιον
476 2436 737 2500 παντελὲς
757 2436 1059 2491 καταλῦσαι
1080 2437 1189 2489 τῶν
1212 2436 1540 2498 δικαζόντων
1562 2438 1661 2508 τὴν
1684 2439 1886 2509 κρίσιν.
1904 2442 2016 2494 Καὶ

331 2521 503 2576 ταῦτα
543 2524 639 2594 μὲν
682 2521 750 2596 ἦν
798 2525 905 2596 πρὸ
937 2524 1043 2577 τῶν
1077 2523 1254 2596 θυρῶν
1276 2540 1289 2553 ·
1321 2523 1507 2595 ἐπειδὴ
1538 2524 1595 2577 δὲ
1626 2525 1889 2598 ἐνδοτέρω
1918 2529 2017 2598 τῆς

330 2610 504 2681 αὐλῆς
536 2610 846 2683 εἰσέϐημεν,
887 2612 1048 2665 πάλιν
1074 2612 1285 2682 εἴδομεν
1311 2612 1472 2684 ἐτερα
1500 2611 1854 2686 φοϐερώτερα
1887 2616 2014 2668 τού-

332 2716 461 2760 των,
498 2699 835 2770 στρατιώτας
879 2699 1365 2770 καθωπλισμένους
1396 2699 1571 2767 ξίφεσι
1607 2702 1703 2754 καὶ
1737 2701 2013 2771 ῥοπάλοις,

332 2787 429 2839 καὶ
460 2787 657 2856 πολλὴν
682 2789 794 2851 τοῖς
822 2787 969 2841 ἔνδον
987 2788 1014 2827 ι)
1037 2786 1320 2852 δικάζουσι
1352 2789 1452 2861 τὴν
1481 2789 1715 2860 ἡσυχίαν
1749 2791 2016 2863 παρέχον-

331 2891 450 2937 τας.
470 2876 686 2947 Ἐπειδὴ
729 2877 838 2947 γάρ
878 2878 927 2929 οἱ
964 2879 1333 2947 προσήκοντες
1364 2878 1601 2940 ἅπαντες
1637 2878 1886 2944 ἐκείνοις,
1924 2880 2015 2931 καὶ

333 2965 611 3030 γυναῖκες,
648 2964 742 3017 καὶ
774 2963 1030 3036 μητέρες,
1067 2964 1161 3017 καλ⁵
1194 2962 1515 3034 θυγατέρες,
1543 2964 1640 3016 καὶ
1668 2966 1903 3036 πατέρες
1935 2966 2015 3017 εί-

334 3056 630 3106 στήκεισαν
681 3054 786 3124 πρὸ
831 3052 941 3105 τῶν
992 3051 1086 3105 τοῦ
1134 3051 1484 3122 δικαστηρίου
1520 3050 1723 3123 θυρῶν,
1765 3048 1930 3115 ὥστε,
1966 3053 2022 3106 εῐ

330 3156 452 3192 τινα
484 3140 722 3212 συμϐαίη
753 3140 848 3212 τὴν
890 3140 985 3194 ἐπὶ
1028 3139 1258 3194 θάνατον
1286 3139 1674 3210 ἀπενεχθῆναι,
1707 3140 1912 3210 μηδένα
1950 3144 2015 3212 τῇ

332 3228 432 3299 θέα
474 3230 574 3299 τῆς
612 3230 897 3301 συμφορᾶς
928 3229 1318 3301 ἐμπρησθέντα
1362 3228 1588 3298 θόρυϐόν
1626 3246 1749 3283 τινα
1792 3229 2017 3300 ποιῆσαι

336 3316 431 3368 καὶ
458 3316 725 3389 ταραχὴν,
754 3317 1037 3389 πόρρωθεν
1073 3316 1301 3385 ἐφόϐουν
1329 3317 1378 3368 οἱ
1412 3316 1740 3387 στρατιῶται
1785 3316 2016 3382 πάντας,

334 3407 954 3477 προκαταλαμϐάνοντες
978 3417 1000 3444 ο
1035 3406 1212 3459 αὐτῶν
1238 3405 1318 3476 τῷ
1343 3405 1452 3458 δέει
1484 3407 1584 3476 τήν
1611 3405 1871 3461 διάνοιαν.

407 3495 481 3548 Τὸ
509 3495 566 3548 δέ
589 3497 806 3550 πάντων
834 3496 1219 3567 ἐλεεινότερον,
1247 3501 1428 3566 μήτηρ
1450 3495 1547 3565 μία
1567 3497 1660 3548 καί
1686 3495 1889 3568 ἀδελφή
1910 3494 2021 3549 τῶν

333 3583 482 3638 ἔνδον
505 3583 842 3655 κρινομένων
876 3584 1041 3647 τινὸς,
1067 3586 1202 3656 πρὸς
1229 3585 1369 3638 αὐτά
1389 3583 1499 3637 τῶν
1531 3582 1860 3645 δικαζόντων
1884 3585 2018 3640 ἐκά-

332 3672 497 3745 θηντο
539 3672 608 3726 τὰ
662 3673 933 3744 πρόθυρα,
969 3674 1381 3744 κυλινδούμεναι
1416 3674 1545 3744 περὶ
1575 3674 1637 3726 τὸ
1682 3673 1898 3743 ἔδαφος,
1926 3675 2024 3728 καὶ

334 3761 513 3815 κοινὸν
546 3758 702 3815 οὖσαι
733 3762 960 3835 θέατρον
990 3767 1103 3827 τοῖς
1136 3761 1497 3834 περιεστῶσιν
1521 3761 1713 3825 άπασι,
1750 3762 2023 3832 συγκαλυ-

333 3850 601 3920 πτόμεναι
643 3849 741 3915 τάς
774 3851 946 3922 ὄψεις,
976 3853 1070 3905 καὶ
1107 3850 1357 3906 τοσοῦτον
1403 3850 1789 3922 αἰσχυνόμεναι
1839 3852 2018 3923 μόνον,

331 3938 457 3994 ὅσον
491 3940 793 4014 ἐπέτρεπεν
819 3944 853 4014 ή
875 3942 976 4012 τῆς
1002 3944 1289 4014 συμφορᾶς
1316 3941 1529 4013 ἀνάγκη
1547 3958 1560 3971 ο
1593 3942 1689 3995 καὶ
1710 3940 1833 3995 οὐτε
1860 3943 2024 4013 θερα-

332 4028 518 4092 παινὶς
548 4029 739 4094 αὐταῖς
773 4031 977 4102 παρῆν,
1008 4030 1132 4084 οὔτε
1174 4030 1392 4101 γείτων,
1422 4030 1545 4084 οὐτε
1577 4031 1727 4102 φίλη,
1757 4032 1859 4085 οὐκ
1886 4032 2019 4105 ἀλλη

331 4134 416 4181 τις
453 4117 562 4173 τῶν
610 4120 952 4192 ἐπιτηδείων,
983 4120 1121 4175 ἀλλά
1161 4121 1321 4192 μόναι
1361 4120 1499 4191 μετά
1524 4121 1759 4175 εὐτελῶν
1789 4124 2021 4193 ἱματίων

332 4210 392 4263 ἐν
441 4211 593 4281 μέσῳ
636 4208 911 4263 τοσούτων
957 4208 1370 4280 ἀπειλημμέναι
1417 4209 1800 4281 στρατιωτῶν,
1845 4213 2023 4282 χαμαὶ

335 4299 652 4370 συρόμεναιν
673 4298 803 4369 περὶ
848 4298 948 4361 τὰς
996 4296 1167 4370 θύρας
1198 4298 1387 4362 αὐτὰς,
1419 4298 1528 4351 τῶν
1558 4298 1705 4352 ἔνδον
1736 4298 2024 4370 δικαζομέ-

333 4404 441 4441 νων
464 4387 799 4457 ἐλεεινότερα
824 4385 1085 4456 ἔπασχον,
1107 4388 1205 4457 τῆς
1231 4387 1343 4441 τῶν
1364 4386 1572 4457 δημίων
1592 4386 1889 4441 ἀκούουσαι
1912 4406 2024 4457 φω-

334 4475 451 4545 νῆς,
482 4474 574 4527 τοῦ
607 4473 812 4527 κτύπου
841 4473 948 4526 τῶν
982 4474 1283 4544 μαστίγων,
1315 4474 1410 4527 τοῦ
1445 4476 1645 4547 θρήνου
1679 4475 1789 4529 τῶν
1823 4492 2023 4547 μαστι-

335 4560 601 4633 ζομένων,
622 4561 721 4630 τῆς
753 4561 989 4632 φοϐερᾶς
1010 4564 1120 4614 τῶν
1143 4563 1471 4627 δικαζόντων
1497 4563 1747 4634 ἀπειλῆς,
1780 4565 1875 4618 καὶ
1896 4564 2021 4618 καθ’

335 4649 568 4703 ἕκαστον
597 4649 705 4703 τῶν
744 4649 1056 4719 παιομένων
1089 4649 1481 4721 χαλεπωτέρας
1512 4651 1782 4707 ἐκείνων(ι
1817 4652 2023 4722 ὑπέμε-

335 4755 428 4791 νον
472 4736 665 4800 ὀδύνας
708 4729 888 4791 αὗται.
909 4737 1127 4808 Ἐπειδὴ
1176 4738 1284 4811 γὰρ
1317 4739 1376 4791 ἐν
1406 4741 1527 4803 ταῖς
1559 4739 1762 4809 ἐτέρων
1808 4757 2022 4812 μαρτυ-

342 4826 488 4898 ρίαις
513 4825 883 4880 ἐκινδυνεύετο
912 4828 946 4897 ή
984 4825 1091 4879 τῶν
1113 4826 1477 4898 ἐγκλημάτων
1500 4826 1795 4894 ἀπόδειξις,
1818 4829 2022 4883 εἴποτέ

338 4931 482 4976 τινος
514 4913 741 4984 ᾔσθοντο
783 4916 1203 4986 μαστιζομένου,
1233 4915 1375 4970 ὥστε
1409 4917 1583 4969 εἰπεῖν
1630 4918 1757 4980 τούς
1787 4917 2022 4971 ὑπευθύ-

339 5018 488 5066 νους,
515 5004 607 5056 καὶ
650 5003 1015 5068 ὀλολύζοντος,
1047 5006 1126 5068 εἰς
1175 5004 1265 5058 τὸν
1315 5004 1541 5076 οὐρανὸν
1585 5005 1880 5076 βλέπουσαι
1929 5007 2022 5063 τὸν

341 5090 475 5145 Θεὸν
508 5092 851 5161 παρεκάλουν
883 5092 1067 5147 δοῦναί
1098 5111 1220 5147 τινα
1266 5095 1418 5165 ἰσχὺν
1450 5093 1543 5147 καὶ
1575 5095 1851 5167 ὑπομονὴν
1879 5096 2024 5150 ἐκεί·

342 5196 441 5252 νῳ,
475 5178 616 5232 ὥστε
655 5177 729 5249 μὴ
763 5179 871 5232 τῶν
895 5182 1075 5244 αὐτοῖς
1109 5183 1492 5252 προσηκόντων
1533 5183 1630 5252 τὴν
1666 5185 1940 5255 σωτηρίαν
1965 5186 2023 5236 ἐν

341 5272 464 5333 ταῖς
492 5268 696 5340 ἐτέρων
738 5267 1045 5332 ἀσθενείαις
1072 5270 1424 5341 προδοθῆναι,
1469 5270 1568 5343 τήν
1610 5271 1862 5343 δριμεῖαν
1914 5273 2022 5327 ἀπὸ

342 5357 452 5410 τῶν
486 5355 711 5429 πληγῶν
740 5354 930 5425 ὀδύνην
969 5356 1043 5426 μὴ
1066 5357 1378 5428 δυναμένων
1405 5360 1647 5428 ἐνεγκεῖν
1667 5372 1687 5388 θ
1706 5361 1799 5413 καὶ
1827 5361 2022 5414 ταυτὸν

346 5446 506 5500 πάλιν
538 5439 649 5499 οἷον
697 5443 792 5498 ἐπὶ
828 5444 938 5501 τῶν
970 5443 1384 5515 χειμαζομένων
1419 5447 1723 5502 συνέϐαινε.
1754 5448 2023 5521 Καθάπερ

409 5571 432 5599 ο
459 5568 544 5619 Sic
564 5570 750 5632 placuit
770 5568 1078 5632 Iegcreicum
1106 5568 1238 5627 Sav.,
1263 5571 1312 5618 in
1336 5573 1587 5632 prselerilo
1611 5588 1635 5622 ιι
1657 5575 1875 5625 themate
1887 5576 2024 5624 ἄπει-

346 5645 541 5704 μιηηοιι
562 5637 616 5680 ut.
639 5631 813 5704 Μοιιεί.
842 5639 894 5680 el
918 5631 1113 5704 Month
1134 5631 1347 5704 ἀπίεμεν
1370 5635 1503 5694 quod
1532 5635 1593 5684 ad
1630 5637 1769 5686 verbi
1803 5638 2025 5688 inusitati

344 5694 517 5756 ἀπίημι
541 5706 758 5753 prmsens
783 5700 977 5754 tempus
989 5695 1285 5755 pertineret.
1305 5696 1436 5744 Enn.

407 5759 434 5797 ι)
456 5756 606 5807 bam.
634 5756 899 5817 elquidam
928 5769 1041 5804 mss.
1065 5756 1162 5812 τοῖς
1182 5756 1378 5807 ἔνδοθεν.

411 5822 435 5883 ξ
466 5818 616 5883 ﬁdem
635 5816 813 5883 πάντας
833 5819 1095 5883 πρωταλ.
1124 5817 1296 5883 Μοτεί.
1320 5822 1525 5870 πάντων.
1550 5837 1627 5883 πρ.

407 5879 437 5923 d
464 5879 636 5945 »ιρι-ει.
669 5883 720 5926 el
749 5877 917 5945 Monii.
944 5882 1040 5927 τῶν
1075 5881 1362 5945 παιομένων.
1387 5877 1664 5936 Pronouien
1693 5882 1845 5935 habet
1869 5884 2019 5937 Savil.

345 5954 398 5999 et
425 5944 549 6008 legit
573 5942 825 6004 interpres
873 5939 1007 5992 Εοιτ,

1085 297 1148 353 S.
1186 294 1475 356 JOANNIS
1513 298 2013 355 CHRYSOSTOMI
2056 299 2382 356 ARCIIIEP.
2423 297 2982 355 CONSTAN‘I'INOP.

3719 297 3824 353 133

2130 416 2240 488 γάρ
2271 418 2492 483 ἐκεῖνοι,
2523 416 2579 469 εί
2609 432 2742 470 ποτε
2774 416 3018 487 κύματος
3050 415 3211 471 ἴδοιεν
3250 415 3487 488 ἐμϐολὴν
3530 415 3822 487 πόρρωθεν

2130 519 2366 573 κορυφου
2375 503 2543 574 μένην
2567 503 2821 557 καὶκατὰ
2848 504 3042 575 μικρὸν
3067 503 3373 576 αὐξομένην
3396 506 3492 557 καλ⁵
3515 503 3823 574 μέλλουσαν

2134 589 2417 660 βαπτίζειν
2448 590 2511 643 τὸ
2548 591 2774 659 σκάφος,
2805 591 2902 644 καὶ
2946 591 3075 662 πρὶν
3110 591 3144 663 ἢ
3179 591 3406 662 πλησίον
3433 590 3685 658 γενέσθαι
3716 588 3816 641 τοῦ

2134 677 2316 730 πλοίου
2364 677 2877 749 προαποτεθνήκασι
2919 678 2997 748 τῷ
3025 678 3167 744 δέει·
3198 677 3341 732 οὕτω
3370 678 3434 749 δὴ
3464 679 3733 743 κάκεῖναι,
3762 679 3819 730 ει

2129 783 2257 819 ποτε
2302 766 2494 836 φωνῶν
2543 767 2638 820 καὶ
2668 766 2989 837 όλολυγμῶν
3016 767 3244 838 ᾔσθοντο
3279 767 3614 838 φερομένων,
3639 766 3817 820 δεδοι-

2127 857 2276 908 κυῖαι
2309 855 2383 925 μὴ
2420 855 2557 926 πρὸς
2584 858 2685 919 τὰς
2728 855 2994 925 βασάνους
3032 856 3509 926 ἀπαγορεύσαντες
3550 857 3598 908 οί
3641 871 3821 908 κατα-

2130 944 2429 1013 μαρτυρεῖν
2464 942 2921 1013 ἀναγκαζόμενοι,
2949 942 3249 995 κατείπωσί
3289 959 3435 1007 τινος
3469 942 3579 995 τῶν
3623 943 3816 1005 αὐτοῖς

2124 1030 2469 1100 ἐπιτηδείων,
2512 1033 2739 1102 μυρίους
2769 1031 2879 1102 πρὸ
2918 1031 3027 1085 τῶν
3068 1030 3363 1100 ὀφθαλμῶν
3409 1030 3596 1103 ἐώρων
3642 1030 3816 1083 θανά.⁴

2121 1132 2268 1179 τους.
2302 1118 2412 1170 Καὶ
2435 1114 2503 1188 ἦν
2540 1118 2668 1171 ἰδεῖν
2693 1118 2840 1171 ἔνδον
2876 1117 3166 1188 βασάνους,
3194 1117 3299 1183 ἔξω
3339 1118 3633 1189 βασάνους·
3665 1119 3816 1172 ἐκεί-

2121 1220 2248 1266 νους
2276 1205 2373 1275 μὲν
2399 1207 2507 1275 γὰρ
2536 1208 2585 1258 οἱ
2613 1207 2818 1275 δήμιοι,
2851 1206 3054 1269 ταύτας
3079 1206 3135 1258 δέ
3164 1205 3483 1270 ἐϐασάνιζεν
3511 1207 3544 1276 ἠ
3573 1207 3672 1275 τῆς
3700 1204 3815 1274 φύε

2123 1308 2260 1355 σεως
2283 1295 2535 1364 τυραννὶς
2564 1292 2664 1346 καὶ
2687 1295 2717 1364 ή
2745 1294 2855 1346 τῶν
2885 1293 3212 1364 σπλάγχνων
3237 1294 3550 1364 συμπάθεια
3573 1310 3587 1323 ”
3621 1296 3717 1347 καὶ
3739 1291 3814 1365 ῆν

2121 1378 2270 1432 ἔνδον
2318 1379 2535 1450 θρῆνος,
2573 1380 2679 1446 ἔξω
2713 1380 2913 1451 θρῆνος
2937 1397 2949 1410 ·
2999 1381 3146 1434 ἔνδον
3178 1380 3288 1435 τῶν
3334 1380 3670 1447 ὑπευθύνων,
3702 1382 3819 1446 ἔξω

2118 1465 2228 1519 τῶν
2258 1469 2440 1532 αὐτοῖς
2476 1468 2629 1539 [155]
2669 1469 3076 1541 προσηκόντων.
3101 1469 3319 1523 Μᾶλλον
3340 1468 3395 1522 δὲ
3420 1470 3517 1538 οὐχ
3541 1465 3685 1523 οὗτοι
3709 1471 3814 1539 p.6-

2118 1571 2230 1619 νον,
2266 1555 2403 1610 ἀλλά
2451 1557 2545 1609 καὶ
2576 1558 2730 1610 αὐτοὶ
2779 1559 2827 1609 οἱ
2877 1557 3190 1621 δικάζοντες
3226 1558 3484 1629 ἐθρήνουν
3517 1558 3658 1611 κατὰ
3687 1556 3811 1610 διά-

2118 1659 2287 1706 νοιαν,
2325 1643 2419 1696 καὶ
2469 1643 2825 1716 χαλεπώτερα
2881 1645 3102 1698 πάντων
3149 1645 3410 1714 ἔπασχον,
3448 1643 3589 1698 οὕτω
3630 1645 3812 1717 πικρᾷ

2116 1729 2394 1801 τραγῳδίᾳ
2417 1732 2853 1802 ἀναγκαζόμενοι
2887 1733 3011 1786 τότε
3044 1734 3359 1804 ὑπηρετεῖν.

2191 1816 2260 1887 β’.
2279 1818 2421 1886 Ἐγὼ
2455 1819 2513 1871 δέ
2537 1820 2997 1890 παρακαθήμενος
3028 1821 3327 1874 καὶηταῡτα
3358 1819 3683 1891 βλέπων,δτι
3707 1838 3814 1889 γυ-

2116 1908 2304 1968 ναῖκες
2329 1906 2423 1958 καὶ
2459 1907 2722 1978 παρθένοι
2759 1906 3199 1980 θαλαμευόμεναι
3228 1907 3325 1963 νῦν
3357 1910 3533 1962 κοινὸν
3558 1910 3814 1977 ἐγένοντο

2116 1991 2345 2063 θέατρον
2373 1994 2569 2059 ἅπασι,
2600 1996 2695 2047 καὶ
2728 1995 2786 2048 αἰ
2830 1996 2925 2047 ἐπὶ
2970 1997 3260 2067 στρωμνῆς
3290 1996 3507 2066 ἁπαλῆς
3540 1996 3814 2050 κιιτιιικλιη·⁵

2115 2080 2363 2150 νόμεναι,
2387 2081 2449 2134 τὸ
2474 2082 2669 2149 ἔδαφος
2699 2083 2821 2135 ἀντί
2848 2084 3140 2154 στρωμνῆς
3161 2083 3364 2154 έχουσι,
3397 2085 3490 2137 καὶ
3522 2085 3580 2137 αἱ
3607 2084 3814 2138 τοσαύο
3850 2115 3877 2134 ο

2114 2184 2210 2237 της
2232 2168 2603 2224 ἀπολαύουσαι
2624 2170 2920 2241 θεραπείας
2940 2170 3360 2241 θεραπαινίδων,
3385 2172 3679 2242 εὐνούχων,
3702 2173 3813 2242 τῆς

2116 2254 2284 2324 ἄλλης
2318 2258 2538 2325 ἀπάσης
2578 2259 2902 2327 φαντασίας,
2933 2258 3029 2313 νῦν
3062 2260 3317 2313 ἁπάντων
3351 2262 3575 2313 ἐκείνων
3604 2260 3811 2331 ἔρημοι

2116 2343 2252 2413 πρὸς
2262 2344 2386 2407 τοὺς
2400 2345 2655 2398 ἁπάντων
2669 2346 2925 2415 σύρονται
2938 2347 3124 2410 πόδας,
3140 2347 3370 2401 ἕκαστον
3387 2348 3809 2419 παρακαλοῦσαι
3880 2400 3889 2407 .

2117 2436 2550 2499 συνεισενεγκεῖν
2566 2450 2617 2485 τι
2633 2433 2742 2485 τῶν
2759 2436 2840 2496 εἰς
2862 2434 3023 2487 αὐτὸν
3049 2435 3288 2505 ἡκόντων
3306 2438 3415 2498 τοῖς
3437 2436 3809 2507 κρινομένοις,

2123 2524 2219 2578 καὶ
2232 2523 2408 2577 κοινὸν
2423 2522 2574 2595 παρά
2589 2522 2807 2577 πάντων
2822 2523 2977 2576 ἐλέου
2990 2524 3109 2576 τινὰ
3124 2522 3315 2594 ἔρανον
3332 2524 3455 2591 γενέ
3464 2518 3814 2588 σθαι,ἐφθεγ-

2119 2612 2298 2683 ξάμην
2345 2614 2525 2665 ἐκεῖνο
2556 2613 2617 2665 τὸ
2662 2611 2757 2664 τοῦ
2786 2610 3159 2682 Σολομῶντος,
3205 2613 3541 2675 Ματαιότης
3565 2624 3814 2677 ματαιο-

2114 2690 2330 2757 τήτων,
2353 2691 2424 2744 τὰ
2468 2690 2666 2744 πάντα
2696 2694 3044 2760 ματαιότης.
3075 2688 3227 2746 Εἶδον
3249 2693 3357 2763 γὰρ
3378 2690 3537 2744 τοῦτό
3560 2708 3614 2744 τε
3643 2692 3803 2757 αὐτὸ,

2115 2778 2208 2830 καὶ
2233 2778 2417 2849 ἕτερον
2443 2777 2621 2846 λόγιον
2642 2779 2706 2832 δι’
2734 2781 2912 2833 αὐτῶν
2931 2780 3038 2832 τῶν
3060 2780 3235 2852 ἔργων
3256 2779 3524 2845 ἐκϐαῖνον,
3542 2780 3602 2833 τὸ
3617 2779 3802 2846 λέγον,

2114 2866 2216 2931 δτι,
2272 2866 2445 2920 Πᾶσα
2491 2867 2643 2931 δόξα
2687 2867 3001 2933 ἀνθρώπου
3036 2874 3115 2933 ὼς
3158 2866 3339 2933 ἄνθος
3369 2869 3622 2936 χόρτου·
3662 2867 3811 2935 ἐξῆ-

2104 2954 2300 3022 ρεὶνθη
2350 2957 2384 3008 ὁ
2441 2956 2689 3024 χόρτος,
2732 2955 2829 3009 καὶ
2880 2955 2949 3009 τὸ
2992 2955 3175 3021 ἄνθος
3219 2954 3492 3020 ἐξέπεσε.
3532 2957 3641 3010 Καὶ
3688 2957 3808 3028 γάρ

2117 3042 2345 3106 πλοῦτος
2369 3043 2514 3107 τότε,
2549 3045 2644 3097 καὶ
2665 3044 2937 3113 εὐγένεια,
2972 3044 3067 3097 καὶ
3105 3045 3455 3115 περιφάνεια,
3493 3046 3588 3097 καὶ
3623 3045 3802 3113 φίλων

2117 3131 2443 3201 προστασία,
2472 3133 2566 3186 καί¹
2598 3134 2913 3201 συγγένεια,
2944 3134 3039 3187 καὶ
3075 3133 3248 3187 πάντα
3280 3132 3543 3203 ἠλέγχετο
3566 3133 3637 3186 τά
3669 3132 3807 3203 βιωα

2115 3220 2263 3283 τικὰ,
2286 3221 2385 3290 τῆς
2407 3221 2680 3291 ἁμαρτίας
2702 3222 2913 3293 καὶτῆς
2934 3221 3280 3293 παρανομίας
3303 3222 3403 3291 τῆς
3426 3221 3807 3292 γεγενημένης

2116 3305 2216 3376 τὴν
2250 3307 2559 3378 συμμαχίαν
2598 3310 2815 3363 ἃπασαν
2845 3308 3194 3380 τρεψαμένης
3236 3308 3457 3379 ταύτην.
3493 3309 3602 3362 Καὶ
3624 3309 3804 3363 καθά-

2119 3409 2227 3464 περ
2251 3398 2432 3467 μήτηρ
2469 3397 2767 3467 στρουθῶν,
2803 3398 2911 3449 τῶν
2932 3397 3159 3451 νεοττῶν
3182 3397 3607 3469 ἀφαιρεθέντων,
3626 3397 3825 3450 ἐλθοῦε

2121 3498 2190 3534 σα
2230 3484 2326 3536 καὶ
2372 3484 2471 3555 τήν
2501 3484 2695 3539 καλιὰν
2729 3485 2968 3555 εὑροῦσα
3011 3488 3215 3557 κενὴν,
3259 3484 3539 3549 ἐξελέσθαι
3590 3485 3687 3556 μὲν
3736 3486 3805 3538 οὐ

2118 3569 2339 3624 δύναται
2376 3572 2503 3633 τούς
2532 3572 2761 3637 ἀλόντας
2791 3573 2964 3643 αὐτῆς
3001 3576 3272 3637 νεοττοὺς,
3303 3573 3710 3645 περιιπταμένη
3743 3574 3809 3627 δὲ

2119 3657 2212 3710 τοῦ
2241 3656 2477 3730 θηρατοῦ
2516 3661 2613 3723 τὰς
2641 3663 2852 3732 χεῖρας,
2883 3660 3033 3732 αὐτῷ
3070 3660 3246 3732 τούτῳ
3280 3661 3376 3732 τὴν
3410 3660 3604 3730 ὀδύνην
3635 3660 3811 3714 ἐνδεί-

2120 3763 2343 3799 κνυται·
2373 3746 2516 3801 οὔτω
2547 3749 2612 3820 δὴ
2646 3751 2742 3802 καὶ
2775 3752 2829 3802 αἰ
2862 3753 3119 3819 γυναῖκες
3154 3750 3370 3803 ἐποίουν
3408 3749 3531 3803 τότε
3571 3750 3800 3813 ἐκεῖναι,

2120 3834 2579 3907 ἀναρπασθέντων
2626 3838 2818 3901 αὐταῖς
2852 3839 2917 3890 ἐκ
2956 3839 3055 3908 τῆς
3086 3839 3266 3901 οἰκίας
3301 3836 3409 3891 τῶν
3443 3838 3665 3900 παίδων,
3703 3838 3807 3892 καὶ

2118 3922 2266 3977 ἔνδον
2305 3924 2750 3995 ἀπειλημμένων,
2785 3925 2976 3997 ῶσπερ
3007 3928 3066 3980 ἐν
3090 3926 3294 3998 δικτύῳ
3324 3930 3433 3981 τινὶ
3463 3927 3557 3980 καὶ
3584 3926 3800 3995 παγίδι,

2120 4011 2441 4083 προσελθεῖν
2474 4012 2573 4082 μὲν
2605 4013 2699 4064 καὶ
2730 4011 3005 4077 ἐξελέσθαι
3041 4016 3168 4078 τοὺς
3200 4016 3427 4079 ἁλόντας
3456 4017 3556 4068 οὐκ
3591 4015 3802 4085 ἴσχυον,

2117 4098 2197 4169 τῷ
2226 4098 2283 4152 δὲ
2314 4102 2439 4172 περὶ
2463 4101 2560 4165 τὰς
2586 4100 2754 4171 θύρας
2788 4102 2962 4165 αὐτάς
2997 4101 3384 4167 καλινδεῖσθαι,
3427 4107 3518 4156 καὶ
3558 4103 3800 4175 θρηνεῖν,

2121 4188 2216 4240 καὶ
2242 4187 2624 4261 ὀλοφύρεσθαι.
2651 4192 2745 4242 καὶ
2775 4192 2881 4243 τῶν
2914 4191 3299 4261 θηρευσάντων
3322 4192 3614 4261 πειρᾶσθαι
3644 4192 3807 4257 γενέ-

2122 4281 2244 4335 σθαι
2259 4281 2447 4351 ἐγγὺς,
2467 4281 2565 4352 τήν
2585 4280 2779 4351 ὀδύνην
2798 4281 3089 4338 ἐδείκνυον.
3122 4280 3306 4337 Ταῦτα
3318 4281 3382 4354 δὴ
3406 4284 3523 4337 τότε
3544 4277 3702 4353 δρῶν,
3728 4289 3819 4351 είς

2126 4368 2252 4422 νοῦν
2280 4369 2554 4441 ἐϐαλόμην
2577 4382 2601 4409 ο
2623 4372 2682 4424 τὸ
2706 4372 2939 4443 φοϐερὸν
2955 4373 3130 4425 ἐκεῖνο
3148 4371 3520 4442 δικαστήριον,
3551 4374 3648 4427 καὶ
3669 4374 3816 4444 πρὸς

2119 4457 2357 4529 ἐμαυτὸν
2380 4454 2535 4512 εἷπον
2556 4477 2569 4490 ·
2593 4461 2657 4513 Εἰ
2688 4461 2783 4514 νῦν
2812 4462 3117 4532 ἀνθρώπων
3136 4461 3487 4527 δικαζόντων,
3511 4463 3572 4516 οὐ
3596 4465 3812 4535 μήτηρ,

2118 4543 2218 4595 οὐκ
2256 4541 2477 4614 ἀδελφὴ,
2508 4544 2569 4596 οὐ
2596 4546 2801 4616 πατὴρ,
2831 4545 2932 4597 οὐκ
2956 4544 3113 4608 ἄλλος
3137 4544 3329 4610 οὐδεὶς,
3357 4546 3531 4598 καίτοι
3560 4563 3622 4613 γε
3646 4547 3813 4600 ἀνεύ-

2120 4627 2268 4683 θυνοι
2304 4629 2413 4683 τῶν
2447 4630 2827 4701 τολμηθέντων
2861 4631 3034 4695 ὅντες,
3079 4632 3179 4685 οὐκ
3210 4632 3484 4702 ἰσχύουσιν
3527 4633 3810 4697 ἐξελέσθαι

2116 4718 2247 4782 τοὺς
2278 4717 2653 4791 κρινομένους,
2684 4720 2766 4782 τίς
2802 4721 2858 4771 ἐν
2886 4718 2965 4785 τῷ
3013 4719 3228 4791 φοϐερῴ
3255 4720 3346 4773 τοῦ
3384 4720 3619 4793 Χριστοῦ
3643 4722 3804 4775 δικα-

2119 4806 2327 4878 στηρίῳ
2368 4809 2778 4878 παραστήσεται
2811 4808 3153 4878 κρινομένοις
3202 4809 3365 4878 ήμῖνς
3401 4810 3482 4872 τίς
3534 4809 3801 4878 τολμήσει

2118 4891 2278 4962 ῥῆξαι
2319 4892 2535 4961 φωνήν;
2572 4892 2657 4954 τίς
2687 4888 2962 4955 ἐξελέσθαι
2992 4893 3118 4954 τοὺς
3148 4892 3529 4962 ἀπαγομένους
3576 4894 3667 4944 ἐπὶ
3696 4892 3801 4954 τὰς

2116 4975 2424 5047 ἀφορήτους
2450 4973 2671 5037 ,ἐκείνας
2700 4973 2949 5037 κολάσεις
2972 4989 2986 5042 ;
3013 4973 3203 5028 Καίτοι
3232 4975 3439 5046 πρῶτοι
3460 4975 3558 5045 τῆς
3589 4973 3800 5031 πόλεως

2118 5062 2259 5138 ἦσαν
2289 5069 2339 5120 οἱ
2385 5068 2508 5121 τότε
2553 5068 2919 5137 δικαζόμενοι,
2958 5069 3051 5120 καὶ
3101 5066 3231 5120 αὐτὸ
3264 5067 3362 5136 τῆς
3417 5066 3695 5135 εὐγενείας
3731 5064 3797 5122 τὸ

2121 5155 2440 5225 κεφάλαιον.
2486 5156 2624 5208 Ἀλλ’
2647 5157 2796 5226 ὅμως
2829 5157 3079 5226 ἠγάπων,
3116 5154 3279 5217 εἴτις
3316 5150 3425 5225 δῴη
3459 5154 3631 5207 πάντα
3660 5156 3797 5207 ἀπο-

2122 5244 2398 5307 ϐαλοῦσιν,
2425 5247 2471 5297 εἰ
2498 5244 2628 5310 δέοι,
2663 5247 2756 5299 καὶ
2797 5245 2896 5316 τὴν
2920 5243 3235 5314 ἐλευθερίαν
3262 5242 3428 5313 αὐτὴν
3457 5241 3558 5311 τῆς
3594 5241 3793 5312 παρού-

2125 5350 2225 5405 σης
2276 5333 2570 5387 ἀπολαύειν
2617 5334 2785 5404 ζωῆς.
2819 5334 2931 5403 Τῆς
2978 5332 3189 5403 ἡμέρας
3231 5332 3287 5384 δὲ
3321 5330 3508 5384 λοιπὸν
3554 5330 3688 5401 πρὸς
3736 5333 3795 5384 τὸ

2120 5420 2272 5486 τέλος
2300 5422 2680 5494 ἐπειγομένης,
2724 5423 2818 5476 καὶ
2854 5421 3160 5492 βαθυτάτης
3186 5418 3487 5489 γενομένης
3537 5418 3794 5489 ἑσπέρας,

2123 5509 2218 5563 καί¹
2264 5509 2357 5562 τοῦ
2387 5510 2577 5573 τέλους
2622 5510 2723 5580 τῆς
2773 5510 2952 5579 ψήφου
2993 5506 3448 5579 προσδοκωμένου
3494 5507 3551 5559 ἐν
3590 5505 3798 5577 μείζονι

2123 5600 2326 5662 πάντες
2350 5594 2490 5669 ἦσαν
2537 5600 2765 5670 ἀγωνίᾳ,
2786 5596 2880 5651 καὶ
2903 5596 2994 5649 τὸν
3022 5595 3155 5649 Θεὸν
3182 5595 3368 5665 ἠξίουν
3397 5594 3653 5665 μέλλησίν
3677 5610 3802 5646 τινα

2123 5689 2219 5741 καὶ
2269 5686 2534 5759 ἀναϐολὴν
2580 5686 2873 5757 γενέσθαι,
2908 5684 3001 5738 καὶ
3034 5685 3100 5755 τῇ
3134 5682 3280 5754 ψυχῇ
3327 5681 3438 5735 τῶν
3468 5682 3801 5745 δικαζόντων

2124 5775 2382 5848 ἐμϐαλεῖν
2406 5777 2488 5840 εἰς
2518 5775 2619 5846 τὴν
2641 5774 2736 5829 τοῦ
2776 5772 3040 5846 βασιλέως
3069 5770 3297 5842 γνώμην
3341 5770 3652 5838 ἀνενεγκεῖν
3687 5769 3803 5823 τῶν

2189 5884 2209 5945 f
2236 5882 2397 5945 Sarni
2418 5888 2472 5930 et
2491 5882 2690 5945 quidam
2710 5897 2834 5935 mss.
2860 5885 2925 5942 εἰς
2942 5880 3053 5932 νοῦν
3076 5879 3328 5941 ἐϐαλόμην.
3358 5876 3530 5927 Morel.
3556 5884 3606 5926 et
3627 5876 3712 5927 alii
3735 5876 3803 5932 εἰς

2131 5943 2240 5995 νοῦν
2261 5943 2514 6009 ἐλαϐόμην.
