2034 3241
198 135 247 163 ητ

197 195 271 229 ipsos
286 191 402 226 undique
421 192 533 224 cogente
551 196 558 215 :
576 191 606 215 et
627 193 717 214 vacua:
736 184 892 213 mulieribus
917 187 994 211 erant

196 240 296 266 domus
308 257 315 269 ,
330 243 443 264 vacuum
458 234 522 262 viris
534 234 623 262 forum
634 253 642 266 ,
658 233 702 260 vix
713 237 803 260 autem
814 231 868 259 duo
880 231 921 258 vel
941 234 998 258 tres

197 289 293 312 cantes
306 283 333 310 in
347 281 435 309 medio
453 280 533 308 simul
547 278 727 311 videbantur,
751 282 779 305 et
799 277 850 312 ipsi
864 281 997 312 tamquam

199 329 312 358 animati
325 327 421 355 mortui
432 327 646 357 circumeuntes;
663 324 802 352 abibamus
816 323 843 349 in
854 322 942 350 forum
956 321 1000 355 ju-

199 375 297 403 diciale
317 378 453 410 gestorum
475 372 554 399 tinem
576 370 657 398 visuri
674 379 680 397 :
697 374 725 397 et
738 369 864 397 collectas
883 366 997 395 civitatis

200 422 329 457 reliquias
349 424 505 451 cernentes,
530 418 594 445 illud
610 417 727 444 omnium
745 416 860 442 maxime
875 413 998 441 admirati

199 469 300 495 fuimus
312 488 319 499 ,
341 466 411 501 quod
428 463 596 491 multitudine
611 464 681 489 circa
695 462 764 489 fores
779 465 900 487 morante
910 481 916 491 ,
933 464 1001 486 tam-

199 521 280 548 quam
299 516 432 547 prmseute
454 509 560 536 nemine
574 530 580 541 ,
603 508 738 535 silentium
753 511 807 533 eral
824 504 1001 540 profundissi-

201 568 273 587 inum
284 580 292 591 ,
308 558 432 586 omnibus
453 557 522 583 inter
536 563 595 582 sese
615 553 818 588 respicientibus
831 572 838 583 ,
855 556 879 578 ct
893 551 1000 578 nemine

208 605 377 632 assistentem
401 603 564 636 interrogare
575 621 581 632 ,
598 605 643 626 aut
657 599 799 633 quidquam
810 597 902 624 audire
912 597 945 623 ab
959 597 1003 623 illo

199 651 326 678 audente.
339 649 492 676 Proximum
509 648 579 674 enim
591 647 702 681 quisque
712 648 864 679 suspectum
874 643 1001 670 habebat:

201 696 326 731 quoniam
341 694 416 721 multi
426 693 480 728 jam
493 697 588 727 pra-ter
599 698 705 718 omnem
719 689 926 725 spcmexntedio
936 690 1005 723 rapti

202 742 337 768 forointus
346 739 537 766 eoercebantur
545 747 551 764 :
559 742 585 764 et
592 744 684 764 omnes
693 736 791 771 pariter
798 735 823 762 in
833 735 925 762 czeluni
935 734 1006 769 aspi-

199 788 349 820 ciebamus,
356 791 380 813 et
388 793 481 813 manus
489 784 769 814 extendeliamus,cum
778 782 882 809 silentio
891 788 1006 816 superne

201 833 354 860 subsidium
367 836 563 866 exspectantes,
580 835 606 857 et
623 830 678 857 Deo
688 828 878 863 supplicantes,
895 831 924 853 ut
934 825 1006 861 judi—

199 879 295 907 caudis
304 878 418 910 adessrt,
428 882 453 904 et
465 877 638 912 judicantium
646 875 726 903 corda
734 874 871 906 niuicerct,
880 877 906 900 et
915 872 1006 899 mitem

201 925 305 952 faceret
318 923 486 951 sententiam.
503 922 536 949 Et
551 922 617 949 sicut
638 921 682 956 qui
704 920 890 954 naufragantes
903 926 917 945 a
933 923 1003 946 terra

202 971 313 1003 vident,
337 968 464 996 accedere
477 968 583 1003 quidem
598 989 605 1000 ,
622 972 650 994 et
663 974 770 994 manuni
788 965 923 1000 porrigere
938 984 946 997 ,
962 963 1005 990 vel

203 1023 350 1043 :erumnam
368 1015 490 1041 relevare
505 1022 557 1041 ll0l'l
576 1018 685 1048 pOSSﬂlll
698 1034 704 1045 ,
721 1020 781 1039 cum
803 1011 880 1038 undis
895 1017 1005 1038 arcean-

203 1067 248 1089 tur
272 1071 279 1088 :
301 1061 467 1088 extrinsecus
492 1065 580 1086 autem
605 1059 639 1086 ab
665 1058 729 1092 ipsis
752 1057 884 1084 littoribus
910 1062 1005 1082 manus

203 1106 394 1139 extendentes,
411 1110 437 1133 et
458 1105 634 1140 lacrymantcs
646 1124 654 1136 ,
672 1104 753 1131 Deum
765 1107 843 1130 orant
855 1107 883 1128 ut
898 1102 1005 1128 assistat

204 1151 394 1178 ﬂuctuantibus
411 1159 417 1176 :
433 1151 468 1176 ita
488 1154 515 1177 et
535 1150 577 1176 hic
596 1150 676 1175 tacite
697 1156 790 1175 omnes
811 1151 899 1175 mente
923 1147 1006 1173 Deum

206 1197 384 1229 invocabant,
402 1201 539 1230 petentes,
556 1200 584 1221 ut
598 1195 629 1221 ad
649 1194 764 1221 tribunal
781 1194 851 1220 velut
867 1193 893 1220 in
909 1192 1004 1219 ﬂuctus

205 1242 328 1270 adductis
340 1250 447 1269 manutn
463 1242 618 1275 porrigeret,
631 1248 680 1267 nec
691 1241 790 1267 sineret
804 1239 936 1273 navigium
946 1238 1009 1265 sub-

211 1289 306 1323 nicrgi,
325 1296 374 1315 nec
390 1288 415 1314 in
430 1293 578 1314 extremum
593 1286 758 1320 naufragium
768 1285 942 1320 judicantium
957 1284 1009 1310 sol—

207 1338 282 1361 vcrct
293 1334 430 1368 judicium.
441 1333 471 1359 Et
481 1333 537 1359 lucc
550 1332 655 1367 quidem
666 1336 741 1358 erant
751 1339 797 1366 pro
807 1331 922 1358 foribus:
936 1334 1009 1364 post-

206 1388 286 1413 quam
294 1388 357 1406 vero
366 1379 520 1406 interiorem
528 1379 614 1405 aulam
624 1378 801 1410 introivimus,
810 1384 901 1404 rursus
908 1377 957 1403 alia
969 1377 1009 1403 his

208 1426 366 1453 terribiliora
380 1425 505 1457 vidimus,
517 1424 613 1450 milites
624 1429 740 1451 armatos
752 1422 862 1449 ensibus
874 1427 899 1449 et
914 1422 1006 1453 clavis,

208 1476 238 1498 et
251 1471 360 1497 inultam
375 1469 485 1497 interius
499 1469 676 1503 judicantibus
697 1468 814 1502 quietem
840 1471 1007 1502 prmstaules.

208 1516 339 1550 Quoniam
354 1515 426 1541 cnim
439 1514 583 1541 necessarii
602 1514 709 1541 illorum
725 1520 834 1545 omnes,
856 1517 882 1539 et
900 1519 1007 1544 uxores,

209 1568 237 1590 et
247 1567 355 1595 matres,
370 1567 396 1588 et
410 1562 470 1588 tilia:
482 1581 489 1593 ,
506 1566 531 1588 et
545 1565 634 1595 patres
646 1564 708 1587 ante
730 1559 780 1586 fori
790 1559 898 1594 januain
912 1558 1011 1585 consti-

213 1614 319 1640 terant,
345 1608 410 1635 utsi
432 1607 552 1635 eveniret
572 1606 724 1641 quempiam
745 1605 777 1631 ad
799 1609 912 1631 mortem
936 1604 1007 1636 duci,

211 1663 290 1682 nemo
312 1663 437 1681 mrumnze
464 1653 617 1688 spectaculo
641 1659 787 1685 accensus,
816 1651 956 1678 tumultum
983 1655 1010 1678 et

213 1701 388 1727 turbationem
411 1700 491 1726 ullam
514 1699 612 1726 faceret
627 1719 634 1731 ,
660 1706 755 1725 omnes
770 1697 861 1732 procul
883 1697 1011 1725 arcebant

213 1745 320 1777 milites,
337 1745 454 1778 ipsorum
471 1748 586 1770 mentem
603 1751 700 1778 pavore
714 1747 941 1777 praeoccupantes.

250 1790 393 1817 Misernbile
416 1790 596 1823 spectaculum.
621 1804 656 1808 —
678 1788 755 1822 Quod
778 1792 866 1815 autem
893 1787 1010 1814 omnium

214 1837 332 1864 maxime
353 1836 520 1868 miserabile,
544 1840 628 1863 mater
641 1840 669 1862 et
692 1843 769 1862 soror
792 1835 928 1869 cujusdam
943 1855 951 1867 ,
967 1835 1012 1869 qui

215 1883 284 1909 intus
297 1882 473 1916 indicabatur,
491 1881 524 1908 ad
540 1881 595 1916 ipsa
609 1881 784 1915 judicantium
796 1880 926 1907 vestibula
940 1879 1012 1914 jace-

216 1928 291 1959 liant,
304 1936 333 1954 se
348 1927 420 1954 humi
431 1931 591 1959 sternentes,
603 1931 630 1953 et
644 1933 785 1953 commune
800 1925 922 1952 omnibus
936 1925 1011 1952 factm

213 1973 448 2000 circumstantibus
463 1972 643 2007 spectaculum
658 1992 664 2004 ,
681 1971 773 1998 oculos
787 1971 889 2003 velatae,
910 1976 936 1997 et
956 1975 1013 1996 tan-

217 2025 273 2046 tum
300 2019 438 2046 dumtaxat
463 2018 671 2051 erubescentes,
702 2022 830 2052 quantum
855 2017 1013 2044 calamitatis

218 2065 363 2092 necessitas
380 2063 549 2099 permittebat
565 2072 572 2090 :
587 2071 672 2097 neque
687 2063 778 2090 aderat
793 2063 857 2097 ipsis
879 2062 1012 2094 ancillula,

218 2119 271 2137 non
283 2111 385 2143 vicina,
402 2117 454 2136 non
470 2110 570 2141 amica,
585 2117 637 2135 non
654 2109 706 2135 ulla
722 2109 933 2135 necessariarum
950 2107 1011 2139 alia,

218 2156 266 2184 sed
281 2157 343 2184 sola:
366 2156 411 2183 vili
431 2156 529 2183 amictu
551 2156 576 2182 iu
602 2155 690 2182 medio
717 2159 756 2181 tot
781 2155 894 2181 militum
910 2154 1012 2188 positae,

220 2209 266 2236 per
281 2202 388 2229 humum
404 2209 433 2228 se
455 2201 590 2227 trahentes
604 2201 673 2227 circa
694 2201 764 2234 ipsas
786 2199 857 2226 fores
870 2220 876 2230 ,
904 2200 935 2226 iis
947 2220 953 2231 ,
971 2199 1015 2233 qui

221 2248 292 2275 intus
309 2247 506 2283 judicabantur,
523 2247 643 2281 graviora
660 2245 826 2280 patiebantur
840 2265 846 2277 ,
861 2245 1014 2272 carniﬁcum

222 2301 311 2321 vocem
336 2293 492 2325 audientes,
516 2293 656 2319 verberum
677 2292 791 2319 sonitum
806 2312 812 2322 ,
835 2291 1015 2325 vapulantium

221 2341 330 2373 luctum,
344 2339 495 2366 tremendas
507 2338 682 2373 judicantium
695 2338 792 2370 minas,
804 2341 831 2363 et
845 2337 907 2364 dum
921 2336 1017 2371 singuli

222 2386 433 2420 ﬂagellarentur,
459 2385 626 2420 gravioribus
647 2392 726 2419 quam
741 2384 778 2411 illi
793 2385 801 2399 ι
816 2383 953 2411 doloribus
976 2383 1017 2409 ha:

221 2431 439 2458 conﬁciebantur.
453 2430 583 2465 Quoniam
597 2430 667 2457 enim
684 2431 709 2457 in
724 2430 836 2456 aliorutn
859 2428 1018 2456 testimoniis

222 2477 256 2504 de
266 2477 405 2503 criminum
418 2476 596 2503 declaratione
605 2476 814 2511 periclitabatur,
832 2475 915 2502 sicubi
926 2483 1018 2509 quein-

225 2530 293 2557 piam
303 2522 439 2557 ﬂagellari,
456 2527 483 2548 ut
494 2530 553 2548 reos
567 2522 678 2554 dict-ret,
691 2521 851 2551 sentiebant.
866 2525 892 2547 et
905 2520 1016 2552 ululare,

225 2570 250 2595 in
265 2569 358 2596 ca'luui
376 2569 547 2601 respicientes
570 2568 650 2593 Deum
674 2567 784 2593 orabant
808 2571 835 2592 ut
859 2566 894 2592 illi
916 2566 1011 2592 fortitu

225 2614 314 2641 dinem
323 2619 349 2641 et
361 2614 526 2640 tolerantiam
541 2613 626 2645 daret,
643 2620 676 2639 ne
686 2613 895 2639 necessariorum
910 2619 1019 2638 suoruut

225 2660 297 2686 salus
304 2659 461 2693 proderetur
471 2667 517 2692 per
527 2659 647 2689 aliorum,
658 2666 744 2684 acrem
753 2659 891 2684 verberutn
901 2657 1020 2683 dolorem

225 2706 298 2732 ferre
312 2712 364 2731 non
380 2704 522 2731 valentium
536 2725 543 2735 ,
559 2703 738 2730 intirinitatcm
756 2712 762 2729 :
779 2708 805 2729 et
819 2703 870 2729 tale
884 2702 946 2736 quid
961 2710 1028 2742 rur-_

216 2757 297 2784 ,suin,
312 2751 390 2785 quale
404 2750 593 2777 ﬂuctuantibus
608 2750 685 2781 solet,
700 2749 847 2776 accidebat.
862 2749 936 2776 Sicut
950 2748 1020 2775 enim

259 2832 267 2847 ι
286 2830 323 2853 sic
329 2828 400 2854 Savit.
410 2827 493 2853 Morel.
503 2832 529 2853 et
539 2826 685 2858 ttontefalc.,
696 2833 750 2858 pro,
760 2832 832 2859 quam
839 2824 887 2857 illi,
897 2825 1022 2858 legerunt,

213 2867 287 2892 quam
298 2859 423 2891 ﬂugetlati.

384 2905 521 2936 ΡΑιι-ιιοι..
544 2905 604 2935 Gtt.
625 2904 757 2935 XLIX.-

665 129 708 158 AD
728 126 886 156 POPL'LUM
907 124 1149 153 ANTIOCHENUM
1177 124 1291 153 IIOMIL.
1309 124 1366 152 Xlll

1797 125 1849 152 17-8

1053 181 1108 215 illi,
1122 181 1144 209 si
1156 181 1264 217 quando
1275 184 1353 209 undat
1368 181 1495 216 impetum
1515 181 1623 209 videant
1636 182 1740 209 eminus
1764 181 1849 208 insur-

1051 231 1158 262 gentem
1168 248 1176 260 ,
1201 227 1328 263 paulatim
1348 232 1513 254 crescentem
1528 231 1555 255 et
1568 234 1663 254 navem
1676 228 1848 262 submergere

1052 273 1197 300 minantem
1210 293 1217 306 ,
1240 273 1320 300 etiam
1347 273 1499 308 priusquam
1516 273 1566 308 ipsi
1585 274 1694 308 propior
1708 273 1770 306 ﬁat,
1795 281 1850 308 pne

1053 319 1148 346 timore
1170 325 1219 346 ceu
1237 318 1334 345 mortui
1351 323 1415 346 sunt.
1428 328 1434 345 :
1449 318 1490 346 sic
1510 322 1538 346 ct
1552 319 1604 346 illac
1616 319 1638 346 si
1656 319 1762 354 quando
1773 327 1851 348 voces

1052 368 1080 391 et
1099 363 1213 391 ululatus
1233 363 1377 391 audiebant
1387 364 1473 391 emitti
1486 384 1493 396 ,
1509 364 1602 391 verita:
1618 371 1650 391 ne
1670 364 1695 391 in
1712 366 1853 392 tormentis

1054 409 1206 436 fatiscentes
1219 408 1265 444 qui
1286 408 1467 436 testiinonium
1490 409 1580 437 dicere
1595 410 1771 444 cogebantur,
1787 418 1855 437 con-

1055 460 1094 482 tra
1117 455 1330 482 necessariorum
1352 455 1467 489 aliquem
1489 455 1606 482 dicerent
1620 476 1628 488 ,
1652 455 1769 483 intinitas
1789 461 1854 483 ante

1055 502 1146 529 oculos
1170 505 1271 528 mortes
1292 501 1428 528 videbant.
1450 501 1483 528 Et
1505 505 1562 528 erat
1585 509 1696 529 cernere
1711 502 1782 529 intus
1798 507 1854 529 tor-

1056 553 1143 576 menta
1156 569 1164 581 ,
1177 553 1253 576 extra
1269 552 1399 575 tormenta
1413 557 1420 575 :
1436 548 1495 575 illos
1512 555 1608 582 nempe
1621 548 1761 576 carniﬁces
1774 570 1781 582 ,
1805 550 1853 576 has

1056 603 1120 622 vero
1134 600 1236 622 natura:
1258 594 1397 629 torquebat
1419 594 1558 629 imperium
1583 600 1610 621 ct
1629 595 1761 622 viscerum
1780 602 1853 622 eom-

1057 641 1146 676 passio
1162 650 1170 668 :
1185 641 1256 668 intus
1281 640 1368 668 luctus
1381 662 1388 674 ,
1414 640 1479 667 foris
1500 641 1588 668 luctus
1604 650 1611 667 :
1634 641 1706 668 intus
1726 648 1832 669 reorum
1844 661 1852 673 ,

1058 687 1122 715 toris
1137 687 1359 715 necessariorum.
1385 686 1440 714 lino
1453 694 1519 714 vero
1538 694 1591 714 non
1607 687 1656 721 ipsi
1676 691 1790 720 tantum,
1807 688 1854 714 sed

1058 737 1084 760 et
1108 733 1158 768 ipsi
1179 733 1284 767 judices
1309 732 1392 760 corde
1415 733 1560 768 lugebant,
1590 737 1617 760 et
1643 733 1767 761 omnibus
1792 741 1854 768 gra—

1058 779 1131 805 viora
1142 778 1311 814 patiebantur
1321 799 1329 812 ,
1350 782 1403 804 tam
1418 778 1521 805 acerbae
1537 778 1682 805 calamitati
1703 778 1855 806 ministrare

1058 824 1153 852 coacti.

1093 870 1120 898 2.
1138 870 1193 906 Ego
1209 875 1297 899 autent
1313 870 1435 898 assidens
1448 876 1475 898 ct
1490 871 1548 898 lia-c
1561 878 1674 899 cernens
1686 892 1695 904 ,
1709 870 1781 907 quod
1799 879 1853 898 mu-

1059 916 1140 944 lieres
1154 919 1181 944 εἰ
1200 916 1315 951 virgines
1325 937 1333 950 ,
1348 916 1469 944 thalamis
1483 922 1609 950 assuetas,
1626 925 1696 946 nunc
1714 913 1857 945 commune

1059 963 1162 991 cunctis
1185 963 1367 998 spectaculum
1389 963 1465 991 factm
1481 968 1589 996 essent,
1605 968 1633 991 et
1649 964 1721 992 molli
1743 970 1856 992 assueta:

1059 1012 1143 1036 strato
1155 1029 1162 1041 ,
1189 1013 1289 1036 terram
1313 1016 1364 1044 pro
1377 1014 1462 1037 strato
1476 1000 1545 1037 nunc
1566 1009 1695 1037 haberent
1705 1031 1713 1043 ,
1729 1015 1757 1038 et
1772 1018 1855 1045 nuper

1060 1059 1163 1082 tantum
1178 1059 1263 1083 nacta:
1277 1055 1433 1091 obsequium
1448 1056 1632 1083 ancillularum
1644 1076 1651 1088 ,
1671 1055 1855 1083 cunuchorum

1060 1106 1087 1128 et
1100 1101 1209 1136 reliqua:
1223 1101 1312 1129 omnis
1325 1109 1429 1136 pompae
1444 1122 1450 1133 ,
1467 1109 1536 1128 nunc
1548 1101 1672 1129 omnibus
1683 1101 1735 1129 illis
1747 1102 1856 1136 privata:

1060 1147 1094 1175 ad
1104 1148 1222 1175 omnium
1235 1147 1317 1183 pedes
1342 1152 1575 1183 prosternerentnr
1587 1168 1594 1180 ,
1615 1148 1734 1183 singulos
1749 1152 1856 1175 orantes

1061 1197 1090 1220 ut
1109 1193 1208 1228 aliquid
1227 1192 1379 1228 judicandis
1400 1201 1449 1228 pro
1470 1192 1593 1220 facultate
1617 1200 1665 1220 sua
1687 1193 1713 1220 in
1729 1193 1855 1220 auxilium

1061 1239 1215 1267 conferrent
1227 1260 1234 1272 ,
1247 1244 1276 1268 et
1288 1239 1368 1266 simul
1382 1246 1475 1267 omnes
1488 1239 1587 1275 aliquid
1602 1239 1792 1266 misericordia:
1804 1238 1857 1266 reis

1062 1285 1225 1319 tribuerent,
1248 1284 1312 1312 illud
1325 1284 1378 1312 dixi
1394 1284 1546 1312 Salomonis
1563 1293 1569 1310 :
1589 1284 1695 1311 Vanilas
1707 1284 1856 1314 υαηὶιαιιιιιι,

1062 1336 1085 1358 et
1105 1331 1191 1358 omnia
1208 1331 1307 1357 vanitas
1327 1329 1462 1365 (Eccle-l.
1479 1330 1506 1357 2.
1523 1330 1560 1363 7).
1589 1330 1717 1358 Videbam
1740 1330 1810 1358 enim
1832 1338 1860 1358 et

1063 1378 1114 1406 hoc
1135 1378 1239 1414 ipsum,
1256 1382 1284 1405 et
1306 1376 1377 1404 aliud
1390 1377 1527 1405 oraculum
1551 1377 1617 1412 ipsis
1636 1377 1716 1404 rebus
1739 1377 1857 1413 comple—

1063 1430 1130 1457 tum,
1145 1431 1251 1459 nempe,
1267 1423 1357 1450 Omnis
1369 1423 1451 1459 gloria
1466 1423 1576 1450 hominis
1589 1428 1708 1458 tanquam
1719 1424 1768 1458 ﬂos
1781 1424 1841 1458 freni
1851 1432 1859 1448 :

1062 1472 1184 1497 siccatum
1206 1474 1244 1497 est
1261 1472 1374 1505 fanum,
1397 1475 1420 1496 et
1435 1470 1524 1496 cecidit
1545 1470 1594 1504 ﬂos
1617 1468 1694 1505 (Isai.
1709 1470 1753 1497 40.
1773 1470 1799 1496 6.
1820 1469 1858 1498 7).

1063 1516 1167 1543 Etenim
1182 1515 1281 1543 divitia:
1296 1520 1359 1543 tunc
1373 1520 1400 1542 et
1412 1515 1537 1542 nobilitas
1549 1536 1556 1547 ,
1578 1515 1703 1547 claritas,
1720 1519 1747 1542 et
1762 1515 1861 1541 antico~

1063 1570 1121 1590 rum
1134 1562 1310 1597 patrocinium
1323 1582 1329 1594 ,
1346 1566 1373 1589 et
1388 1562 1527 1596 cognatio.
1550 1566 1577 1589 ct
1595 1561 1685 1589 omnia
1701 1562 1764 1588 vita:
1786 1561 1861 1595 adju-

1063 1613 1151 1636 mcnta
1165 1608 1241 1636 nihili
1261 1612 1354 1641 erant,
1376 1612 1486 1643 peccato
1507 1613 1535 1635 ct
1556 1607 1694 1642 iniquitate
1716 1608 1858 1634 commissa

1064 1662 1170 1682 omnem
1190 1654 1260 1681 lianc
1273 1661 1351 1689 opem
1365 1653 1535 1681 subvertente
1551 1661 1558 1680 :
1575 1658 1601 1680 et
1616 1654 1684 1680 sicut
1697 1653 1860 1680 avicularum

1063 1705 1150 1728 mater
1163 1699 1242 1735 pullis
1254 1700 1365 1727 sublatis
1380 1699 1504 1731 veniens,
1522 1703 1549 1726 et
1562 1699 1652 1726 nidum
1664 1699 1769 1726 inanem
1786 1706 1860 1725 com-

1064 1748 1172 1783 periens
1184 1768 1192 1782 ,
1216 1755 1279 1775 suos
1293 1747 1400 1782 quidem
1416 1747 1501 1782 pullos
1515 1751 1608 1781 captos
1629 1747 1733 1781 eripere
1747 1754 1800 1773 non
1813 1753 1862 1781 po.

1065 1798 1134 1827 test,
1147 1793 1283 1821 venatoris
1300 1797 1389 1820 autem
1402 1800 1499 1820 manus
1517 1792 1713 1820 circumvolans
1724 1813 1732 1826 ,
1753 1799 1800 1826 per
1813 1792 1863 1818 hoc

1066 1842 1151 1875 ipsum
1161 1840 1281 1868 dolorem
1297 1847 1373 1867 suum
1387 1839 1554 1867 demonstrat
1568 1847 1575 1865 :
1588 1839 1626 1866 sic
1637 1843 1664 1866 et
1676 1839 1727 1866 illac
1740 1838 1864 1865 mulieres

1066 1892 1128 1914 tunc
1145 1886 1286 1917 faciebant,
1296 1886 1380 1920 raptis
1391 1886 1439 1913 sibi
1452 1885 1533 1912 domo
1548 1885 1619 1917 (iliis,
1636 1889 1662 1913 et
1674 1884 1784 1912 interius
1798 1889 1863 1911 tani-

1066 1940 1145 1967 quam
1161 1933 1186 1959 in
1201 1936 1257 1959 rete
1276 1931 1408 1966 quoddam
1424 1931 1467 1958 vel
1489 1931 1612 1965 laqueum
1635 1930 1767 1965 arreptis,
1787 1937 1865 1957 acco-

1067 1978 1130 2005 dere
1142 1977 1248 2012 qnidein
1260 1980 1287 2003 et.
1298 1976 1403 2010 eripere
1413 1979 1505 2010 captos
1518 1983 1570 2002 non
1581 1979 1704 2009 poterant
1716 1984 1721 2001 :
1734 1974 1781 2001 sed
1792 1974 1863 2001 circa

1069 2023 1138 2050 iores
1154 2022 1225 2057 ipsas
1239 2029 1267 2048 se
1281 2020 1426 2048 volutando
1436 2041 1444 2053 ,
1461 2019 1575 2055 lugendo
1588 2040 1595 2052 ,
1608 2020 1751 2055 gemenda,
1766 2025 1793 2046 et
1806 2020 1863 2054 spi-

1068 2067 1230 2095 eulatoribus
1252 2066 1432 2101 propinquare
1453 2065 1578 2092 tentando
1604 2064 1726 2092 dolorem
1752 2064 1864 2092 demon-

1068 2114 1199 2141 strabant.
1216 2113 1277 2140 llmc
1298 2111 1422 2148 equidem
1437 2116 1500 2139 tunc
1515 2111 1647 2146 aspiciens
1659 2131 1667 2144 ,
1683 2111 1708 2138 in
1725 2111 1795 2139 illius
1808 2116 1863 2138 tre-

1070 2160 1158 2189 mendi
1171 2159 1264 2195 judicii
1279 2159 1467 2194 cogitationem
1475 2158 1546 2190 Veni,
1557 2163 1581 2185 ct
1596 2158 1665 2185 intra
1675 2165 1717 2185 me
1726 2157 1846 2185 dicebam
1859 2167 1864 2184 :

1070 2208 1098 2235 Si
1114 2214 1183 2235 nunc
1204 2207 1238 2234 ab
1255 2205 1408 2233 hominibus
1424 2204 1605 2240 iudicantibus
1622 2212 1674 2231 non
1689 2208 1775 2231 mater
1786 2224 1795 2237 ,
1810 2212 1863 2230 non

1070 2261 1146 2280 soror
1158 2273 1165 2284 ,
1180 2259 1232 2279 non
1245 2256 1322 2286 pater
1333 2272 1340 2283 ,
1356 2258 1410 2278 non
1424 2250 1492 2277 alius
1504 2249 1635 2285 quispiam
1646 2269 1654 2282 ,
1671 2249 1733 2276 licet
1744 2256 1760 2276 a
1771 2256 1865 2284 perpe-

1072 2299 1145 2326 tratis
1160 2297 1296 2330 immunis,
1314 2304 1374 2324 reos
1387 2296 1490 2331 eripere
1502 2300 1600 2330 potest,
1613 2295 1672 2331 quis
1687 2295 1713 2322 in
1730 2296 1869 2324 tremendo

1071 2343 1170 2371 (Ilii-isti
1195 2342 1297 2377 judicio
1322 2341 1399 2369 nobis
1424 2340 1540 2368 adstabit
1564 2340 1733 2375 judicandis?
1757 2341 1818 2376 quis
1841 2342 1866 2368 in

1072 2397 1164 2418 vocem
1178 2396 1320 2424 erumpere
1333 2388 1460 2415 audebit?
1479 2388 1539 2423 quis
1552 2386 1680 2414 abductos
1693 2386 1726 2414 ad
1741 2387 1869 2414 intolera-

1071 2436 1140 2464 biles
1165 2436 1224 2463 illas
1250 2442 1344 2471 pinnas
1371 2434 1476 2468 eripere
1501 2432 1617 2460 valebit?
1644 2432 1723 2467 Atqui
1752 2432 1869 2460 civitatis

1074 2482 1210 2517 primates,
1227 2481 1271 2517 qui
1283 2486 1345 2508 tunc
1356 2479 1563 2515 judicabantur,
1578 2482 1664 2510 erant,
1678 2483 1705 2505 et
1717 2478 1804 2514 ipsum
1820 2487 1868 2505 ltu-

1076 2528 1183 2556 bilitatis
1193 2532 1282 2562 caput.
1307 2527 1430 2553 Attamen
1447 2525 1499 2551 lani
1512 2524 1634 2556 fuissent,
1645 2524 1666 2551 si
1680 2524 1741 2558 quis
1754 2525 1795 2552 eis
1807 2532 1872 2552 con-

1075 2574 1208 2604 ccssisset,
1225 2577 1254 2599 ut
1267 2571 1419 2599 amittentes
1429 2571 1527 2601 omnia,
1543 2575 1580 2603 et,
1596 2569 1620 2597 si
1631 2570 1870 2605 oporteret,ipsam

1077 2621 1223 2647 libertatem
1235 2639 1242 2652 ,
1269 2617 1394 2652 pra-senti
1412 2616 1464 2642 vita
1486 2616 1644 2651 potirentur.
1670 2615 1717 2643 Die
1732 2623 1795 2643 vero
1815 2615 1871 2650 jani

1076 2670 1170 2693 exacto
1179 2686 1186 2697 ,
1203 2663 1462 2700 profundissimoqne
1476 2662 1547 2689 tacto
1561 2669 1672 2697 vespere
1683 2681 1691 2694 ,
1705 2669 1766 2689 cum
1778 2660 1872 2695 judicii

1078 2711 1137 2739 linis
1152 2714 1369 2745 exspectaretur,
1385 2709 1410 2736 in
1426 2708 1522 2743 majori
1532 2713 1608 2736 erant
1620 2714 1715 2734 omnes
1727 2707 1874 2738 anxietate,

1079 2763 1105 2785 et
1119 2764 1134 2784 a
1146 2757 1201 2784 Deo
1221 2755 1347 2791 petebant
1366 2754 1520 2781 dilationem
1538 2754 1652 2788 aliquant
1664 2757 1690 2779 et
1704 2751 1873 2787 prorogatio-

1080 2811 1140 2831 nem
1156 2802 1213 2830 ﬁeri
1226 2823 1234 2836 ,
1257 2806 1284 2829 et
1302 2801 1477 2836 judicantium
1493 2800 1581 2826 animo
1594 2798 1699 2826 immitti
1710 2819 1718 2831 ,
1731 2803 1760 2826 ut
1773 2797 1806 2830 ad
1820 2798 1874 2825 lin-

1081 2848 1212 2887 peratoris
1221 2847 1381 2877 sententiam
1391 2847 1521 2883 referrent
1535 2845 1728 2881 exquisitorum
1742 2844 1874 2880 cognitio-

1691 2888 1711 2922 9
