4068 6462
349 322 440 377 Ml

343 438 376 506 ή
405 435 627 506 γνιῖισις,
657 438 793 492 ἀλλὰ
820 438 991 492 δεῖται
1017 436 1326 509 προθυμίας
1347 435 1440 488 καὶ
1464 434 1720 506 σπουδῆς.
1752 436 1829 488 Οὑ
1850 434 2023 505 ταύτῃ

333 524 390 581 δὲ
432 526 593 587 μόνον
625 525 986 594 ἐπεκούφισεν
1018 526 1152 595 ήμῖν
1199 522 1260 576 τὸ
1294 520 1492 592 βάρος,
1524 521 1660 576 ἀλλὰ
1702 523 1801 578 καὶ
1849 522 2023 593 ἑτέρῳ

339 613 526 685 τρόπῳ
560 613 743 677 πάλιν,
791 613 885 667 καὶ
920 611 1101 665 αὐτῶν
1138 609 1249 663 τῶν
1279 602 1720 680 κατορθωμάτων
1759 608 1875 663 ἔνια
1909 626 2013 679 φυ-

342 699 471 754 σικά
517 702 676 773 ἀφεὶς
703 696 841 754 εἶναι
890 701 948 752 ἐν
978 700 1131 769 ἡμῖν.
1170 698 1281 752 Καὶ
1325 696 1434 769 7&9
1480 696 1543 750 τὸ
1590 699 2024 764 συναγανακτεῖν

340 791 457 851 τοῖς
491 786 875 863 ὑϐριζομένοις
908 786 1135 856 φυσικὸν
1164 785 1402 850 ἅπαντες
1434 784 1633 856 ἔχομεν
1667 784 1893 855 (εὐθέως
1923 781 2018 838 οὖν

340 879 452 939 τοῖς
498 874 903 947 ἐπηρεάζουσιν
947 873 1135 947 ἐχθροὶ
1171 872 1435 944 γινόμεθα
1459 914 1474 938 ,
1508 871 1614 927 κᾶν
1672 871 1839 944 μηδὲν
1871 866 2024 943 ὦμεν

341 964 495 1017 αὑτοὶ
525 963 905 1028 πεπονθότες),
948 963 1042 1018 καὶ
1080 962 1143 1016 τὸ
1186 959 1517 1032 συνήδεσθαι
1547 961 1660 1024 τοῖς
1689 959 2026 1032 ἀντιλήψεως

340 1049 434 1104 καὶ
464 1048 715 1122 βοηθείας
744 1050 1103 1113 ἀπολαύουσι,
1138 1048 1234 1102 καὶ
1265 1053 1326 1102 τὸ
1356 1046 1736 1102 κατακλᾶσθαι
1772 1048 1866 1100 ἐπὶ
1898 1049 2019 1112 ταῖς

340 1137 543 1210 ἐτέρων
569 1141 877 1209 συμφοραῖς
894 1138 988 1191 καὶ
1011 1138 1078 1209 τῇ
1103 1133 1455 1207 φιλοστοργίᾳ
1475 1137 1541 1206 τῇ
1568 1133 1705 1207 πρὸς
1727 1135 2021 1206 ἀλλήλους.

340 1225 461 1279 Κᾶν
506 1225 616 1299 7&9
644 1227 990 1298 πραγμάτων
1024 1223 1376 1297 περιστάσεις
1422 1221 1623 1275 δοκῶσι
1658 1221 2024 1294 μικροψυχίαν

338 1311 463 1367 τινὰ
506 1311 783 1384 εἰσάγειν,
819 1312 935 1369 ἀλλ’
962 1313 1114 1384 ὅμως
1151 1311 1350 1382 ἔχομεν
1378 1309 1555 1363 κοινὸν
1589 1311 1725 1380 πρὸς
1760 1309 2023 1383 ἀλλήλους

339 1400 581 1474 φίλτρον.
622 1401 736 1456 Καὶ
762 1399 921 1455 τοῦτό
947 1416 1030 1464 τις
1063 1398 1225 1467 σοφὸς
1271 1397 1645 1468 αἰνιττόμενος
1683 1397 1867 1467 ἐλεγεο
1894 1396 2025 1452 Πᾶν

339 1486 488 1547 ζῶον
509 1487 713 1558 ἀγαπᾷ
738 1487 804 1542 τὸ
834 1488 1040 1558 ὅμοιον
1063 1483 1243 1552 αὐτῷ,
1276 1486 1372 1540 καὶ
1397 1484 1708 1554 ἄνθρωπος
1739 1484 1847 1539 τὸν
1871 1487 2023 1552 πλη-

340 1575 485 1629 σίον
513 1576 725 1632 αὐτοῦ.
1442 1576 1445 1581 ’

410 1664 473 1717 δ’.
496 1664 734 1728 Πολλοὺς
763 1663 820 1718 δέ
848 1664 941 1717 καὶ
969 1663 1188 1737 ἐτέρους
1210 1660 1347 1734 μετὰ
1366 1661 1459 1715 τοῦ
1479 1648 1775 1725 συνειδότος
1793 1660 2024 1731 ἐπέστη-

341 1768 435 1805 σεν
487 1753 618 1823 ἡμῖν
665 1750 1023 1816 διδασκάλους
1061 1753 1089 1806 0
1137 1749 1302 1814 Θεός·
1350 1749 1582 1821 καὶγὰρ
1619 1749 1866 1820 πατέρας
1911 1751 2024 1812 τοῖς

344 1842 506 1904 υἱοῖς.
539 1841 636 1894 καὶ
680 1839 950 1904 δεσπότας
978 1840 1093 1904 τοῖς
1126 1837 1363 1902 δούλοις,
1393 1838 1487 1891 καὶ
1520 1837 1722 1909 ἄνδρας
1770 1838 1889 1900 ταῖς
1925 1852 2023 1906 γυ-

342 1926 507 1993 ναιξὶ,
527 1928 620 1982 καὶ
646 1927 1001 1990 διδασκάλους
1021 1928 1134 1990 τοῖς
1161 1923 1454 1997 μαθηταῖς,
1481 1925 1575 1978 καὶ
1601 1923 1900 1995 νομοθέτας
1930 1923 2024 1977 καὶ

340 2013 603 2078 δικαστὰς
635 2016 748 2079 τοῖς
779 2014 1124 2086 ἀρχομένοις,
1163 2012 1257 2066 καί
1296 2012 1483 2082 φίλους
1510 2014 1621 2075 τοῖς
1653 2011 1846 2080 φίλοις.
1885 2011 2026 2065 Πολ·

341 2101 498 2166 λάκις
542 2101 598 2155 δέ
630 2102 723 2155 καὶ
753 2105 887 2173 παρ’
929 2100 1138 2175 ἐχθρῶν
1178 2099 1552 2172 ἐκερδάναμεν
1599 2098 1700 2152 οὑκ
1742 2098 2022 2171 ἐλαττονῆ

340 2189 493 2261 παρὰ
516 2189 717 2259 φίλων·
749 2190 879 2243 ὅταν
909 2189 1018 2262 γὰρ
1045 2191 1177 2260 ἡμῖν
1197 2187 1496 2251 όνειδίζωσι
1526 2186 1594 2241 τὰ
1628 2186 2022 2257 ἁμαρτήματα,

341 2278 435 2330 καί
458 2276 692 2342 ἄκοντας
721 2278 802 2341 εἰς
825 2276 1110 2349 διόρθωσιν
1132 2276 1315 2330 αὐτῶν
1344 2275 1696 2347 διεγείρουσι.
1724 2273 2025 2338 Τοσούτους

339 2363 396 2417 δέ
428 2366 560 2437 ἡμῖν
581 2365 938 2426 διδασκάλους
970 2364 1293 2436 ἐπέστησεν,
1328 2363 1415 2416 ἴνα
1448 2361 1673 2426 εῠκολος
1704 2363 1838 2433 ἡμῖν
1870 2362 2025 2434 ήτοῦ

340 2452 746 2516 λυσιτελοῦντος
795 2451 1013 2525 εῦρεσίς
1045 2469 1105 2505 τε
1146 2450 1241 2506 καὶ
1290 2450 1577 2523 διόρθωσις
1611 2448 1876 2520 γένηται,
1930 2449 2026 2503 τοῦ

343 2538 584 2612 πλήθους
611 2538 721 2593 τῶν
752 2539 888 2610 πρὸς
917 2539 1048 2593 αὑτὸ
1075 2538 1509 2593 συνελαυνόντων
1531 2539 1682 2609 ἡμᾶς
1712 2538 1813 2591 οὑκ
1837 2537 2027 2606 ἀφιέν-

340 2644 433 2690 τος
462 2627 718 2679 ἐκπεσεῖν
753 2625 861 2679 τῶν
890 2626 1275 2698 συμφερόντων
1311 2627 1466 2697 ἡμῖν.
1502 2624 1621 2680 Κᾶν
1650 2623 1758 2697 7&9
1796 2623 1908 2679 τῶν
1934 2640 2028 2693 γε·

340 2713 684 2785 γεννηκότων
722 2714 1248 2784 καταφρονήσωμεν,
1272 2713 1400 2777 τοὺς
1430 2712 1700 2783 ἄρχοντας
1728 2710 2029 2777 δεδοικότες

342 2800 743 2872 ἐπιεικέστεροι
776 2800 994 2864 πάντως
1017 2798 1254 2870 ἐσόμεθα
1274 2817 1286 2830 ·
1317 2798 1421 2853 κᾶν
1451 2799 1695 2864 ἐκείνους
1723 2798 2031 2853 διαπτύσω-

348 2905 448 2959 μεν
493 2887 925 2960 ἁμαρτάνοντες,
958 2886 1055 2959 τὴν
1096 2885 1189 2941 τοῦ
1235 2886 1538 2950 συνειδότος
1556 2886 1837 2940 -οὑδέποτε
1868 2886 2029 2958 δυνη-

346 2973 554 3045 σόμεθα
579 2975 865 3044 διαφυγεῖν
903 2974 1256 3047 ἐπιτίμησινο
1291 2972 1393 3028 κᾶν
1432 2975 1638 3045 ταύτην
1666 2974 2029 3046 ἀτιμάσωμεν

344 3064 440 3116 καὶ
484 3061 960 3133 διακρουσώμεθα,
1004 3062 1103 3133 τὴν
1150 3059 1303 3133 παρά
1351 3058 1459 3115 τῶν
1504 3060 1715 3115 πολλῶν
1760 3061 2029 3134 ὑπόληψιν

345 3149 644 3214 δεδοικότες
688 3148 949 3221 ἀμείνους
996 3148 1269 3219 ἐσόμεθα’
1311 3146 1415 3202 κᾶν
1448 3149 1588 3220 πρὸς
1621 3149 1826 3219 ταύτην
1876 3151 2030 3203 ἀναι-

348 3239 759 3309 σχυντήσωμεν,
784 3239 812 3291 0
833 3236 940 3289 τῶν
966 3235 1145 3307 νόμων
1167 3234 1486 3306 ἐγκείμενος
1509 3247 1535 3276 ιι
1560 3236 1724 3304 φόϐος
1749 3236 1841 3289 καὶ
1866 3236 2027 3290 Αἰκον⁴

345 3340 444 3387 τας
484 3324 633 3394 ήμᾶς
666 3322 1003 3394 σωφρονίσαι
1039 3321 1371 3394 δυνήσεται,
1411 3324 1506 3375 καὶ
1536 3323 1687 3386 νέους
1732 3323 1831 3395 μὲν
1870 3324 2028 3388 ὄντας

346 3409 655 3466 διδάσκαλοι
682 3411 777 3465 καὶ
810 3410 1063 3483 πατέρες,
1081 3408 1427 3481 αὐξηθέντας
1452 3408 1508 3462 δὲ
1534 3410 1583 3462 οἱ
1608 3409 1896 3479 νομοθέται
1936 3411 2029 3463 καὶ

347 3498 608 3571 ἄρχοντες
647 3496 1053 3572 παραλαϐόντες
1085 3496 1473 3569 ῥυθμίζουσιν·
1507 3497 1637 3549 οἵτε
1668 3496 1897 3561 οἰκέται,
1933 3497 2027 3550 ἆτε

349 3583 723 3657 ῥᾳθυμότερον
758 3583 1093 3655 διακείμενοι
1135 3583 1273 3655 μετὰ
1306 3583 1415 3637 τῶν
1447 3582 1753 3655 εἰρημένων
1791 3584 1889 3636 καὶ
1929 3583 2028 3656 τήν

349 3671 505 3744 παρὰ
544 3671 652 3725 τῶν
686 3670 963 3725 δεσποτῶν
1002 3672 1251 3743 ἀνάγκην
1288 3672 1369 3734 εἰς
1422 3669 1776 3742 σωφροσύνην
1820 3670 2024 3743 έχουσι,

350 3761 447 3816 καὶ
491 3762 546 3814 αἰ
582 3761 841 3829 γυναῖκες
881 3759 1006 3822 τοὺς
1035 3758 1263 3833 ἄνδρας*
1316 3758 1412 3811 καὶ
1463 3757 1633 3812 πολλὰ
1687 3756 2028 3829 πανταχόθεν

349 3848 508 3919 ἡμῶν
545 3846 622 3918 τῷ
654 3846 802 3919 γένει
830 3845 898 3899 τὰ
931 3844 1117 3920 τειχία·
1139 3845 1275 3915 πρὸς
1301 3845 1363 3899 τὸ
1394 3844 1471 3916 μὴ
1504 3844 1704 3916 ῥαδίως
1727 3846 1805 3910 είς
1831 3846 2029 3901 κακίαν

350 3934 692 4008 ἑξο“·.ισοῆσαι
732 3935 825 3988 καὶ
883 3935 1236 3993 καταπεσεῖν.
1289 3932 1436 4008 Πρὸς
1473 3932 1531 3986 δέ
1570 3931 1784 3997 τούτοις
1831 3933 2027 3999 ἅπασι,

351 4024 444 4078 καὶ
469 4023 617 4077 νόσοι
642 4022 735 4076 καὶ
756 4020 1103 4093 περιστάσεις
1132 4019 1475 4092 πραγμάτων
1505 4021 1654 4091 ἡμᾶς
1680 4018 1993 4074 παιδεύουσι
2011 4038 2025 4054 ο

351 4110 445 4165 καὶ
476 4109 586 4185 γάρ
614 4110 710 4169 καὶ
736 4108 900 4169 πενία
928 4108 1173 4179 κατέχει.
1204 4106 1300 4165 καὶ
1340 4105 1514 4182 ζημία
1549 4105 1894 4178 σωφρονίζει,
1934 4108 2027 4162 καὶ

353 4196 594 4264 κίνδυνος
623 4196 995 4260 καταστέλλει,
1026 4195 1121 4253 καὶ
1151 4192 1320 4251 πολλὰ
1356 4192 1519 4267 ἔτερα
1550 4193 1795 4249 τοιαῦτα.
1828 4196 1903 4249 Οὑ
1932 4213 2026 4265 φο-

351 4285 438 4339 ϐεῖ
469 4301 528 4338 σε
563 4283 790 4362 πατήρ;
839 4281 959 4341 οὑδὲ
995 4279 1313 4342 διδάσκαλος
1339 4294 1355 4347 ;
1383 4279 1483 4337 οὐκ
1519 4279 1735 4357 άρχων;
1769 4281 1830 4335 οὐ
1865 4299 2025 4354 νομο-

351 4373 543 4444 θέτης;
567 4371 628 4425 00
650 4370 947 4442 δικαστής;
981 4370 1082 4423 οὑκ
1127 4367 1379 4447 ἐντρέπει
1418 4384 1477 4426 σε
1508 4367 1693 4445 φίλος;
1728 4368 1788 4423 00
1838 4369 2025 4427 δάκνει

354 4468 414 4515 σε
440 4458 670 4531 ἐχθρός;
699 4458 761 4511 00
795 4457 1117 4531 σωφρονίζει
1141 4455 1440 4527 δεσπότης;
1468 4455 1530 4511 οὑ
1573 4455 1816 4513 διδάσκει
1843 4457 2021 4532 άνήρ;

352 4546 414 4601 οὑ
446 4543 754 4616 διορθοῦται
782 4560 840 4597 σε
876 4545 938 4597 τὸ
972 4543 1238 4609 συνειδός;
1278 4543 1418 4597 Ἀλλ’
1446 4543 1729 4617 ἀρρωστία
1763 4544 2025 4613 πολλάκις

353 4630 660 4690 ἐπελθοῦσα
702 4630 989 4703 σωματικὴ
1019 4630 1079 4684 τδ
1112 4632 1221 4685 πᾶν
1249 4628 1601 4705 κατώρθωσε,
1642 4630 1737 4686 καὶ
1767 4631 1940 4707 ζημία
1969 4634 2026 4692 δὲ

351 4721 445 4776 τὸν
489 4715 824 4792 θρασύτερον
863 4717 1116 4789 ἐποίησεν
1155 4716 1586 4789 ἐπιεικέστερον
1631 4716 1785 4792 [159]
1828 4720 1923 4775 καὶ
1965 4723 2027 4775 τὸ

352 4808 417 4882 δὴ
447 4808 651 4887 μεῖζον.
683 4807 766 4865 ὅτι
788 4806 888 4882 οὑχ
920 4806 1051 4877 ἡμῖν
1084 4805 1263 4876 μόνον,
1290 4804 1426 4860 ἀλλὰ
1459 4805 1554 4862 καὶ
1583 4806 1789 4880 ἐτέροις
1825 4808 2024 4881 συμπί-

352 4914 556 4952 πτοντα
579 4894 648 4949 τά
673 4893 821 4951 δεινὰ
852 4893 1061 4965 μεγάλα
1094 4895 1243 4964 ἡμᾶς
1266 4892 1494 4962 ὠφελεῖν
1522 4892 1680 4950 εἴωθε
1703 4906 1717 4920 ·
1744 4894 1837 4949 καὶ
1873 4896 2025 4949 αὑτοὶ

357 4985 457 5057 μέν
491 4981 655 5055 μηδέν
679 5000 734 5037 τι
762 4980 1043 5047 παθόντες,
1066 4980 1288 5054 ἐτέρους
1316 4980 1373 5033 δὲ
1404 4979 1797 5053 κολαζομένους
1828 4982 2025 5047 ἰδόντες

353 5074 454 5128 οὑκ
489 5070 710 5124 ἔλαττον
734 5069 959 5124 ἐκείνων
990 5068 1361 5141 ἐσωφρονίσθη
1372 5084 1489 5138 μεν.

421 5172 598 5229 Τοῦτο
623 5170 719 5224 καὶ
750 5169 842 5223 ἐπὶ
872 5170 980 5227 τῶν
1005 5170 1444 5243 κατορθωμάτων
1480 5169 1777 5240 συμϐαῖνον
1808 5169 1908 5226 ίδοι
1941 5190 2023 5236 τις

351 5268 415 5321 ἄν
440 5280 455 5295 ⁸
493 5261 683 5331 ῶσπερ
724 5256 833 5333 7&9
882 5256 1255 5328 κολαζομένων
1284 5256 1392 5311 τῶν
1431 5257 1619 5311 κακῶν
1639 5259 1668 5300 1)
1694 5256 1874 5326 ἕτεροι
1902 5259 2025 5330 βελ-

350 5353 498 5414 τίους
545 5347 786 5423 γίνονται
812 5362 825 5377 ο
860 5343 1004 5400 οὕτω
1052 5344 1160 5398 τῶν
1210 5344 1430 5416 ἀγαθῶν
1477 5362 1529 5397 τι
1589 5343 2021 5416 κατορθούντων,

351 5438 536 5494 πολλοὶ
572 5439 652 5500 εἰς
684 5433 776 5489 τὸν
812 5432 926 5487 ἴσον
970 5432 1253 5499 ἐνάγονται
1281 5432 1442 5504 ζῆλον
1475 5449 1487 5462 ο
1526 5432 1554 5486 ὃ
1582 5432 1645 5502 δὴ
1681 5434 1774 5486 καὶ
1804 5432 1897 5484 ἐπὶ
1926 5432 2024 5504 τῆς

348 5525 458 5581 τῶν
482 5526 678 5596 ’ὅρκων
727 5520 926 5592 συνέϐη
973 5520 1171 5589 φυγῆς.
1203 5520 1393 5573 Πολλοὶ
1419 5519 1528 5591 γὰρ
1565 5520 1784 5593 ἐτέρους
1825 5518 2024 5582 ἰδόντες

348 5613 447 5687 τὴν
473 5610 713 5683 πονηρὰν
738 5608 1110 5681 ἀποθεμένους
1138 5606 1248 5661 τῶν
1274 5607 1451 5678 ὅρκων
1482 5606 1789 5677 συνήθειαν,
1818 5605 2024 5678 ἐμιμή-

351 5716 514 5756 σαντο
535 5695 632 5770 τὴν
655 5696 909 5768 σπουδὴν,
937 5696 1032 5750 καὶ
1056 5695 1433 5767 περιεγένοντο
1461 5694 1560 5765 τῆς
1588 5693 1865 5766 ἁμαρτίας
1891 5708 1906 5723 ⁸
1941 5693 2022 5749 διδ

347 5786 443 5841 καὶ
474 5785 635 5858 ήμεῖς
664 5782 1070 5855 προθυμότερον
1093 5781 1194 5853 τῆς
1222 5781 1396 5851 αὐτῆς
1416 5780 1701 5851 ἁπτόμεθα
1717 5780 1877 5836 πάλιν
1890 5796 2034 5851 παρ·

407 5895 437 5960 ξ
458 5888 686 5960 ξηιλ-ει
707 5900 880 5960 ωακηέ
902 5899 1014 5960 pa}?
1032 5886 1477 5960 ωεξλὲπικείμενος.
1506 5884 1679 5960 Μρῐςι.
1702 5884 2003 5947 ἐγκείμενος.Δ

406 5949 435 5995 b
460 5953 558 6006 Alii
577 5953 672 6004 τῶν
692 5947 926 6010 πονηρῶν.
952 5949 1060 5997 Mox
1084 5947 1349 6005 3011:0710}
1382 5948 1497 6012 πρὸς
1510 5947 1593 5996 τὸν
1615 5947 1738 5997 ίσον.

1096 321 1154 376 S.
1195 317 1484 375 JOANNIS
1524 317 2017 375 CHRYSUSTOMI
2056 318 2376 375 ARCHIEP.
2412 316 2968 374 CONbTA'NTINOP.

3704 318 3819 374 ﬂ!

2116 437 2394 499 αινέσεως.
2477 432 2573 506 Μὴ
2598 434 2705 506 γάρ
2742 451 2834 506 μοι
2864 434 3071 503 λεγέτω
3097 450 3215 499 τις,
3246 434 3333 486 ότι
3364 431 3554 486 πολλοὶ
3586 431 3821 507 κατώρα

2130 521 2309 575 θωσαν
2328 539 2341 551 ·
2377 522 2439 575 οὑ
2471 522 2630 576 τοῦτό
2657 523 2777 576 ἐστι
2809 522 2872 574 τὸ
2898 521 3265 593 ζητούμενον,
3306 521 3422 576 ἀλλ’
3446 522 3534 575 ἵνα
3583 521 3816 585 πάντες.

2136 610 2281 674 Ἕως
2305 609 2351 662 δ’
2385 610 2453 664 ἂν
2498 609 2574 681 μὴ
2614 610 2775 664 τοῦτο
2809 610 2937 675 ῐδω,
2975 610 3038 663 ού
3079 609 3312 676 δύναμαι
3345 608 3706 662 ἀναπνεῦσαι.
3750 609 3819 662 '0

2126 696 2331 769 ποιμὴν
2355 699 2563 762 ἐκεῖνος
2590 699 2785 752 ἐκατὸν
2807 697 3058 769 πρόϐατα
3084 694 3218 766 εἶχε,
3243 698 3340 751 καὶ
3365 697 3486 760 ἐνὸς
3510 695 3818 767 πλανηθέν-

2124 799 2249 849 τος,
2279 787 2381 839 οὑκ
2410 786 2714 858 ἐλάμϐανεν
2745 785 2998 857 αἴσθησιν
3033 785 3133 855 τῆς
3166 784 3442 856 σωτηρίας
3472 785 3583 838 τῶν
3618 786 3816 857 ἐνενή-

2126 889 2292 928 κοντα
2321 874 2477 928 ἐννέα
2495 914 2511 935 .
2541 874 2646 938 ἕως
2692 873 2759 928 ἂν
2804 873 2863 927 τὸ
2901 872 3182 936 ἀπολωλὸς
3225 867 3355 943 εὗρε
3385 873 3478 927 καὶ
3505 876 3570 944 τῇ
3600 872 3815 945 ποίμνῃ

2125 960 2290 1015 πάλιν
2327 962 2629 1018 ἀπέδωκεν.
2665 962 2778 1031 Οὑχ
2821 962 2952 1033 όρᾷς
2983 961 3078 1015 καὶ
3107 961 3200 1014 ἐπὶ
3228 960 3603 1033 τοῦσώματος
3646 961 3816 1015 τοῦτο

2125 1049 2448 1120 γινόμενον;
2487 1048 2585 1102 ἐάν
2621 1049 2730 1120 γάρ
2763 1048 2853 1102 τὸν
2900 1048 3068 1118 δνυχα
3118 1047 3279 1119 μόνον
3333 1047 3818 1118 προσπταίσαντες

2126 1137 2551 1209 ἀναστρέψωμεν
2577 1177 2592 1202 ,
2623 1136 2743 1188 ὅλον
2788 1134 2866 1205 τῷ
2911 1135 3062 1205 μέλει
3101 1134 3354 1204 συναλγεῖ
3393 1136 3455 1189 τὸ
3500 1135 3682 1206 σῶμα.
3716 1134 3816 1206 Μὴ

2125 1225 2305 1278 τοίνυν
2334 1225 2492 1278 τοῦτο
2521 1225 2683 1296 εἴπῃς
2705 1267 2718 1286 ,
2748 1224 2823 1289 ὡς
2854 1224 3023 1292 ὀλίγοι
3048 1223 3196 1288 τινὲς
3220 1223 3625 1296 ὑπελείφθησαν
3652 1225 3703 1277 οί
3734 1224 3815 1296 μὴ

2128 1312 2554 1385 κατωρθωκότες
2586 1324 2632 1375 ε,
2672 1311 2785 1365 ἀλλ’
2821 1315 2998 1366 ἐκεῖνο
3028 1312 3221 1367 σκόπει
3253 1313 3335 1367 ὅτι
3364 1305 3596 1367 οῦτοιοί
3635 1312 3815 1380 ὀλίγοι

2129 1400 2207 1473 μὴ
2257 1401 2640 1473 διορθωθέντες
2693 1401 2917 1465 πολλοὺς
2964 1401 3368 1473 διαφθείρουσιν
3406 1401 3645 1472 ἐτέρους.
3698 1401 3817 1454 Καὶ

2126 1488 2236 1561 γὰρ
2273 1485 2356 1554 εἷς
2388 1486 2455 1561 ἦν
2489 1493 2517 1544 0
2545 1489 2935 1563 πεπορνευκὼς
2968 1489 3120 1561 παρὰ
3146 1488 3454 1561 Κορινθίοις
3476 1528 3492 1553 ,
3528 1491 3624 1542 καὶ
3657 1490 3814 1560 ὅμως

2125 1575 2299 1640 οὕτως
2344 1576 2561 1632 ἔστενεν
2610 1581 2639 1631 0
2672 1576 2883 1641 Παῦλος
2926 1577 3003 1641 ὡς
3039 1577 3169 1648 ὅλης
3211 1580 3311 1649 τῆς
3344 1576 3553 1640 πόλεως
3591 1575 3815 1630 ἀπολω⁹

2126 1662 2302 1728 λυίας.
2321 1665 2433 1718 Καὶ
2464 1665 2609 1737 μάλα
2636 1664 2862 1728 εἰκότως
2881 1683 2894 1697 ·
2922 1666 3040 1737 ⁴ᾔδει
3067 1665 3176 1737 7&9
3201 1666 3283 1719 ὅτι
3307 1664 3381 1736 μὴ
3409 1664 3813 1735 σωφρονισθένι

2128 1769 2217 1816 τος
2248 1753 2458 1807 ἐκείνου
2512 1754 2721 1823 ταχέως
2758 1753 2821 1806 τὸ
2873 1754 3087 1825 νόσημα
3123 1751 3337 1823 βαδίζον
3381 1751 3487 1823 ὁδῷ
3539 1752 3634 1806 καὶ
3683 1753 3816 1816 τῦῖδς

2129 1838 2321 1903 ἄλλους
2352 1842 2735 1913 ἐπιδραμεῖται
2779 1842 3006 1906 πάντας.
3044 1834 3195 1895 Εἶδον
3229 1838 3422 1913 πρώην
3451 1843 3511 1895 ἐν
3543 1840 3623 1912 τῷ
3655 1841 3814 1894 δικα-

2132 1930 2337 2001 στηρίῳ
2360 1930 2677 2001 δεδεμένους
2705 1931 2798 1983 καὶ
2822 1929 3200 2000 ἀπαγομένους
3225 1929 3313 1983 διὰ
3353 1928 3523 1999 μέσης
3556 1929 3656 2000 τῆς
3682 1931 3819 1998 ἀγο-

2134 2018 2232 2089 ρᾶς
2258 2019 2383 2082 τοὺς
2409 2020 2731 2089 περιφανεῖς
2760 2017 3000 2080 ἐκείνους
3032 2017 3251 2089 ἄνδρας,
3280 2018 3374 2071 καί
3408 2035 3572 2071 τινων
3593 2018 3812 2089 θαυμαο

2130 2104 2332 2168 ζόντων
2392 2105 2482 2158 διὰ
2530 2105 2629 2177 τὴν
2687 2105 2993 2177 ὑπερϐολὴν
3042 2106 3141 2176 τῆς
3200 2104 3449 2176 ὕϐρεως,
3485 2105 3654 2159 Οὐδὲν
3707 2105 3816 2177 χρὴ

2129 2193 2462 2265 θαυμάζειν,
2513 2193 2692 2266 ἕτεροι
2722 2192 2908 2263 ἔλεγον
2933 2212 2948 2223 ⁸
2980 2194 3111 2248 ἔνθα
3143 2193 3253 2265 γὰρ
3283 2194 3349 2249 ἂν
3459 2193 3814 2256 καθοσίωσις,

2129 2281 2347 2352 ἀξίωμα
2391 2281 2543 2337 οὐδὲν
2591 2281 2814 2352 ὠφελεῖ.
2851 2281 3062 2335 Ούκοῦν
3108 2281 3289 2354 πολλῷ
3333 2282 3533 2354 μᾶλλον
3581 2281 3710 2337 ἔνθα
3748 2282 3818 2337 ἂν

2129 2369 2355 2423 ἀσέϐεια
2381 2364 2451 2443 ᾖ,
2483 2369 2705 2442 ἀξίωμα
2745 2369 2898 2426 οὐδὲν
2927 2369 3148 2439 ὠφελεῖ.

2196 2475 2448 2530 ε⁹.Ταῦτα
2461 2470 2557 2530 οὖν
2573 2474 2877 2539 ἐννοοῦντες
2888 2475 3146 2547 διαναστή
3155 2492 3334 2545 σωμεν
3346 2475 3570 2541 ἑαυτούς
3579 2475 3692 2530 ’ἐὰν
3706 2478 3818 2549 γάρ

2134 2564 2210 2636 μὴ
2235 2565 2336 2636 τὴν
2370 2562 2501 2637 παρ’
2524 2564 2679 2636 ὑμῶν
2712 2564 2950 2635 σπουδὴν
2981 2565 3139 2635 ὑμεῖς
3169 2564 3544 2636 εἰσενέγκητε,
3585 2567 3816 2636 περιττὰ

2129 2652 2200 2706 τά
2227 2654 2361 2726 παρ’
2388 2652 2547 2725 ήμῶν
2579 2652 2815 2706 ἃπαντα.
2855 2650 2920 2703 Τί
2961 2651 3193 2723 δήποτε;
3223 2652 3347 2705 Ὀτι
3396 2653 3493 2723 οὑχ
3533 2652 3722 2725 ῶσπερ
3756 2655 3816 2706 αἰ

2131 2741 2314 2797 λοιπαὶ
2342 2742 2560 2812 τέχναι,
2609 2738 2752 2794 οὑτω
2801 2740 2960 2811 καίή
3008 2738 3364 2811 διδασκαλική
3399 2742 3514 2794 ἐστι
3560 2739 3813 2812 δύναμις.

2142 2830 2203 2885 σο
2236 2830 2336 2901 μὲν
2376 2829 2488 2902 γὰρ
2516 2827 2901 2902 ἀργυροκόπος
2935 2822 3049 2882 οἷον
3092 2828 3160 2883 ἂν
3203 2828 3480 2902 χαλκεύσῃ
3507 2827 3568 2882 τὸ
3621 2828 3817 2894 σκεῦος

2132 2920 2224 2974 καὶ
2261 2920 2571 2991 ἀπόθηται,
2610 2917 2852 2972 τοιοῦτον
2896 2917 3066 2973 ἐλθὼν
3093 2921 3160 2990 τῇ
3195 2918 3426 2991 ἐπιούσῃ
3454 2918 3614 2972 πάλιν
3649 2918 3816 2989 εὑρή-

2134 3025 2242 3062 σει·
2280 3009 2374 3062 καὶ
2420 3010 2449 3061 ό
2481 3006 2850 3078 χαλκοτύπος,
2911 3006 3004 3060 καὶ
3055 3008 3083 3060 0
3131 3005 3400 3071 λιθοξόος,
3447 3007 3544 3060 καὶ
3570 3007 3678 3060 τῶν
3716 3005 3814 3077 δη·

2135 3096 2411 3168 μιουργῶν
2441 3097 2670 3158 ἕκαστος
2693 3089 2807 3149 οἷον
2847 3095 2914 3149 ἂν
2971 3097 3083 3166 ἀφῇ
3117 3095 3178 3148 τὸ
3205 3096 3407 3149 οἰκεῖον
3428 3095 3609 3166 ἔργον.
3636 3095 3816 3149 τοιοῦ-

2130 3201 2221 3239 τον
2266 3183 2602 3255 ἀπολήψεται
2631 3182 2795 3237 πάλιν
2820 3198 2835 3213 ’
2882 3183 2976 3236 ἐπὶ
3016 3183 3075 3236 δὲ
3110 3181 3266 3252 ἡμῶν
3293 3183 3393 3253 οὑχ
3436 3181 3609 3246 οὕτως
3629 3221 3645 3246 ,
3676 3182 3817 3236 ἀλλὰ

2130 3273 2440 3328 τούναντίον
2490 3272 2637 3326 ἅπαν
2661 3287 2676 3302 '
2710 3271 2773 3324 00
2829 3271 2940 3341 7&9
2988 3269 3172 3340 ἄψυχα
3220 3269 3388 3342 σκεύη
3412 3313 3424 3333 ,
3456 3270 3591 3324 ἀλλὰ
3633 3270 3816 3342 ψυχὰς

2129 3359 2467 3432 χαλκεύομεν
2496 3358 2739 3428 λογικάς.
2776 3358 2875 3411 Διὰ
2892 3357 3051 3411 τοῦτο
3076 3357 3140 3410 o0
3177 3357 3451 3421 τοιούτους
3486 3359 3631 3428 ὑμᾶς
3662 3358 3816 3429 εὑρί-

2133 3464 2334 3518 σκομεν
2376 3448 2522 3511 οἵους
2573 3444 3064 3516 καταλιμπάνομεν
3087 3484 3104 3511 ,
3139 3445 3254 3500 ἀλλ’
3286 3445 3506 3499 ἐπειδὰν
3556 3446 3816 3511 λαϐόντες

2135 3537 2276 3607 μετὰ
2298 3534 2494 3588 πολλοῦ
2534 3535 2779 3605 καμάτου
2814 3533 3224 3605 διαπλάσωμεν,
3259 3532 3663 3604 διορθώσωμεν,
3694 3534 3813 3605 θερ-

2136 3625 2400 3697 μοτέρους
2421 3622 2810 3695 ἐργασώμεθά,
2834 3621 3148 3689 ἐξελθόντας
3178 3623 3324 3692 ὑμᾶς
3347 3624 3380 3694 ή
3412 3622 3520 3676 τῶν
3558 3624 3815 3694 πραγμά-

2128 3729 2238 3765 των
2259 3728 2325 3764 πε
2335 3712 2580 3783 ρίστασις
2593 3709 2930 3781 πανταχόθεν
2952 3708 3468 3780 περιστοιχιζομένη
3494 3708 3813 3781 διαστρέφει

2132 3800 2322 3862 πάλιν,
2381 3800 2475 3854 καὶ
2508 3798 2728 3851 πλείονα
2780 3797 3009 3869 παρέχει
3057 3795 3158 3868 τὴν
3202 3795 3492 3850 δυσκολίαν
3525 3798 3676 3869 ήμῖν.
3710 3799 3811 3852 Διὰ

2128 3889 2288 3943 τοῦτο
2317 3888 2508 3958 δέομαι
2544 3886 2636 3940 καὶ
2668 3884 2934 3940 ἀντιϐολῶ
2965 3886 3121 3956 χεῖρα
3153 3883 3339 3956 ὀρέξαι
3361 3924 3377 3945 .
3408 3885 3501 3939 καὶ
3546 3885 3678 3957 ὅσην
3724 3887 3811 3938 ἐν-

2129 3977 2304 4033 ταῦθα
2355 3974 2616 4047 ποιοῦμαι
2647 3974 2748 4046 τὴν
2783 3972 3020 4045 σπουδὴν
3049 3971 3187 4044 πρὸς
3229 3972 3329 4045 τὴν
3375 3971 3660 4044 διόρθωσιν
3709 3974 3810 4044 τὴν

2130 4066 2440 4138 ὑμετέραν,
2475 4061 2745 4133 τοσαύτην
2779 4059 3108 4124 ἀπελθόντες
3136 4058 3385 4114 ἐντεῦθεν
3432 4061 3809 4117 ἐπιδείκνυσθε

2128 4154 2260 4226 περὶ
2299 4153 2398 4226 τὴν
2452 4150 2724 4222 σωτηρίαν
2761 4150 2863 4220 τὴν
2911 4147 3184 4219 ὑμετέραν
3221 4147 3498 4220 φροντίδα.
3529 4149 3656 4204 Εἴθε
3706 4151 3809 4223 μὲν

2129 4243 2238 4314 γὰρ
2269 4241 2495 4296 δυνατὸν
2542 4233 2611 4312 ἦν
2646 4235 2787 4308 ὑπὲρ
2834 4234 2990 4306 ὑμῶν
3044 4234 3146 4306 ἐμὲ
3195 4235 3533 4308 κατορθοῦν,
3587 4239 3684 4293 καὶ
3738 4239 3809 4293 τά

2130 4330 2340 4385 ἔπαθλα
2375 4328 2521 4400 ὑμᾶς
2547 4324 2849 4397 λαμϐάνειν
2883 4320 3036 4395 [MO]
3068 4321 3178 4375 τῶν
3204 4322 3670 4395 κατορθωμάτων,
3711 4328 3808 4381 καὶ

2129 4420 2230 4474 οὑκ
2260 4418 2326 4472 ἂν
2350 4413 2604 4470 τοσοῦτον
2635 4411 2946 4484 ἠνώχλησα.
2988 4409 3149 4464 Ἀλλὰ
3172 4410 3226 4464 τί
3254 4410 3412 4466 πάθω
3434 4431 3448 4479 ;
3473 4413 3633 4466 τοῦτο
3671 4415 3808 4487 ἀμή·

2129 4522 2325 4580 χανον·
2377 4505 2593 4575 ἑκάστῳ
2629 4501 2740 4574 γὰρ
2788 4499 2937 4554 κατὰ
2984 4499 3054 4553 τὰ
3103 4498 3242 4571 ἔργα
3292 4501 3459 4554 αὑτοῦ
3512 4500 3806 4559 ἀποδώσει.

2126 4598 2346 4666 ,Ὥσπερ
2403 4592 2497 4648 οῦν
2556 4592 2742 4663 μήτηρ
2777 4588 2960 4661 δρῶσα
2987 4588 3050 4643 τὸ
3079 4587 3290 4642 παιδίον
3321 4588 3587 4659 πυρέττον
3610 4629 3626 4652 ,
3664 4608 3808 4662 παρ-

2128 4684 2343 4740 εστῶσα
2370 4679 2656 4752 άγχομένῳ
2703 4678 2800 4732 καὶ
2853 4676 3162 4755 καιομένῳ,
3220 4675 3494 4749 θρηνοῦσα
3544 4678 3809 4745 πολλάκις

2126 4770 2251 4827 εἷπε
2299 4770 2436 4842 πρὸς
2490 4768 2552 4822 τὸ
2603 4765 2796 4820 νοσοῦν
2849 4764 3101 4829 παιδίον,
3145 4765 3269 4819 Εἴθε
3302 4783 3392 4836 μοι
3441 4766 3664 4820 δυνατὸν
3712 4763 3804 4839 ἦν,

2126 4861 2336 4923 τέκνον,
2362 4856 2454 4910 τὸν
2487 4854 2721 4927 πυρετὸν
2738 4851 3098 4920 ἀναδέξασθαι
3130 4854 3222 4906 τὸν
3253 4853 3365 4916 σὺν,
3397 4854 3493 4907 καὶ
3517 4855 3605 4907 ἐπ’
3630 4856 3805 4926 ἐμαυη

2126 4950 2225 5022 τὴν
2253 4945 2476 5001 ἐλκύσαι
2501 4943 2598 5015 τὴν
2622 4942 2796 5014 φλόγα
2814 4958 2828 4972 ο
2852 4940 2996 4994 οὓτω
3019 4940 3082 5012 δὴ
3110 4942 3205 4995 καὶ
3232 4940 3344 5009 ἐγὼ
3365 4938 3510 5009 λέγω
3531 4941 3647 4996 νῦν’
3673 4943 3802 5000 Εἴθε

2126 5035 2350 5091 δυνατὸν
2369 5029 2438 5104 ἦν
2459 5031 2561 5103 ἐμὲ
2583 5031 2893 5100 πονήσαντα
2929 5029 3071 5099 ὑπὲρ
3106 5028 3261 5097 ὑμῶν
3293 5028 3637 5099 κατορθῶσαι
3663 5031 3804 5086 πάν-

2126 5142 2234 5180 των
2255 5140 2270 5154 ·
2300 5121 2415 5176 ἀλλ’
2460 5121 2560 5173 οὑκ
2600 5119 2716 5172 ἐστι
2755 5116 2915 5171 τοῦτο
2933 5155 2949 5181 ,
2997 5115 3100 5168 οὑκ
3127 5114 3275 5169 ἐστιν
3300 5155 3315 5179 ,
3348 5115 3485 5170 ἀλλὰ
3513 5116 3623 5171 τῶν
3652 5117 3803 5191 αὑτῷ

2129 5209 2520 5285 πραττομένων
2548 5208 2779 5260 ἕκαστον
2814 5206 3027 5275 ἀνάγκη
3056 5202 3241 5258 δοῦναι
3272 5203 3374 5268 τὰς
3413 5204 3679 5273 εὐθύνας,
3706 5210 3805 5264 καὶ

2125 5304 2228 5357 οὐκ
2262 5287 2470 5353 ἄν’ῐδοι
2523 5313 2609 5359 τις
2660 5295 2847 5365 ἕτερον
2877 5293 3018 5365 ὑπὲρ
3050 5291 3239 5361 ἐτέρου
3283 5292 3668 5363 κολαζόμενον.
3705 5297 3805 5351 Διὰ

2124 5388 2285 5443 τοῦτο
2326 5383 2604 5454 ὀδυνῶμαι
2646 5383 2742 5436 καὶ
2769 5380 2954 5453 θρηνῶ
2974 5419 2988 5444 ,
3023 5381 3106 5433 ὅτι
3134 5378 3278 5433 κατὰ
3302 5379 3403 5451 τὴν
3427 5379 3646 5452 ἡμέραν
3674 5380 3804 5452 ὑμῖν

2125 5475 2343 5546 ἐκείνην
2375 5471 2796 5541 ἐγκαλουμένοις
2825 5468 2886 5521 οὑ
2931 5468 3233 5538 δυνήσομαι
3266 5467 3617 5541 παραστῆναι
3643 5487 3657 5501 ·
3698 5470 3802 5540 μά-

2124 5565 2280 5617 λιστα
2322 5561 2422 5632 μὲν
2451 5560 2563 5630 γὰρ
2602 5558 2721 5612 οὑδέ
2756 5557 3039 5628 παρρησία
3099 5573 3194 5625 μοι
3221 5555 3360 5627 1:90;
3393 5558 3485 5609 τὸν
3517 5555 3652 5610 Θεόν
3684 5559 3802 5614 ἐστι

2123 5650 2384 5719 τοσαύτη.
2424 5649 2488 5702 Εἰ
2516 5646 2573 5699 δέ
2596 5646 2689 5699 καὶ
2716 5644 3032 5716 παρρησίαν
3062 5638 3207 5714 εἶχον
3232 5684 3247 5708 ,
3274 5644 3374 5698 οὑκ
3406 5644 3526 5716 εἰμὶ
3553 5646 3800 5713 Μωσέως

2123 5737 2422 5811 ἁγιώτερος
2444 5777 2460 5806 ,
2509 5735 2630 5790 οὑδὲ
2668 5732 2923 5805 Σαμουὴλ
2962 5732 3332 5804 δικαιότερος,
3358 5731 3454 5797 οὓς
3485 5735 3582 5788 ἐπὶ
3611 5734 3798 5789 τοσοῦ-

2188 5884 2212 5913 ο
2238 5880 2350 5931 Sav.
2381 5888 2437 5931 el
2475 5881 2684 5931 maxima
2714 5889 2825 5943 pars
2853 5887 2968 5928 mss.
2989 5875 3374 5941 κατωρθωκότες,
3400 5875 3520 5927 Mor.
3549 5850 3793 5944 καῗιορθώ.

2127 5959 2309 6001 σαντες.
3396 5971 3402 5976 .
