  <div class='ocr_page' id='page_1' title='image "/cluster/home/n/w/nwhite01/storage/ocr_20150623/49:no.2:pt.1/coo.31924054869486/144.png"; bbox 0 0 4068 6428; ppageno 0'>
   <div class='ocr_carea' id='block_1_1' title="bbox 301 385 401 469">
    <p class='ocr_par' dir='ltr' id='par_1_1' title="bbox 301 385 401 469">
     <span class='ocr_line' id='line_1_1' title="bbox 301 385 401 469; baseline 0 0"><span class='ocrx_word' id='word_1_1' title='bbox 301 385 401 469; x_wconf 77' lang='lat' dir='ltr'><strong>ni</strong></span> 
     </span>
    </p>
   </div>
   <div class='ocr_carea' id='block_1_2' title="bbox 298 516 1899 597">
    <p class='ocr_par' dir='ltr' id='par_1_2' title="bbox 298 516 1899 597">
     <span class='ocr_line' id='line_1_2' title="bbox 298 516 1899 597; baseline -0.009 -14"><span class='ocrx_word' id='word_1_2' title='bbox 298 545 444 597; x_wconf 83' lang='lat' dir='ltr'><strong>opus</strong></span> <span class='ocrx_word' id='word_1_3' title='bbox 473 526 639 583; x_wconf 91' lang='lat' dir='ltr'><strong>habet</strong></span> <span class='ocrx_word' id='word_1_4' title='bbox 667 526 949 582; x_wconf 82' lang='lat' dir='ltr'><strong>sedulitate</strong></span> <span class='ocrx_word' id='word_1_5' title='bbox 982 531 1038 578; x_wconf 90' lang='lat' dir='ltr'><strong>et</strong></span> <span class='ocrx_word' id='word_1_6' title='bbox 1074 521 1272 577; x_wconf 89' lang='lat' dir='ltr'><strong>studio.</strong></span> <span class='ocrx_word' id='word_1_7' title='bbox 1313 520 1422 575; x_wconf 82' lang='lat' dir='ltr'><strong>Nec</strong></span> <span class='ocrx_word' id='word_1_8' title='bbox 1453 518 1624 574; x_wconf 90' lang='lat' dir='ltr'><strong>solum</strong></span> <span class='ocrx_word' id='word_1_9' title='bbox 1647 517 1718 571; x_wconf 86' lang='lat' dir='ltr'><strong>ita</strong></span> <span class='ocrx_word' id='word_1_10' title='bbox 1746 516 1899 570; x_wconf 89' lang='lat' dir='ltr'><strong>nobis</strong></span> 
     </span>
    </p>
   </div>
   <div class='ocr_carea' id='block_1_3' title="bbox 304 612 1904 691">
    <p class='ocr_par' dir='ltr' id='par_1_3' title="bbox 304 612 1904 691">
     <span class='ocr_line' id='line_1_3' title="bbox 304 612 1904 691; baseline -0.007 -18"><span class='ocrx_word' id='word_1_11' title='bbox 304 620 522 691; x_wconf 83' lang='lat' dir='ltr'><strong>pondus</strong></span> <span class='ocrx_word' id='word_1_12' title='bbox 548 618 765 684; x_wconf 84' lang='lat' dir='ltr'><strong>levavit,</strong></span> <span class='ocrx_word' id='word_1_13' title='bbox 796 616 890 672; x_wconf 86' lang='lat' dir='ltr'><strong>sed</strong></span> <span class='ocrx_word' id='word_1_14' title='bbox 920 626 973 672; x_wconf 94' lang='lat' dir='ltr'><strong>ct</strong></span> <span class='ocrx_word' id='word_1_15' title='bbox 994 615 1102 670; x_wconf 87' lang='lat' dir='ltr'><strong>alio</strong></span> <span class='ocrx_word' id='word_1_16' title='bbox 1126 613 1286 669; x_wconf 89' lang='lat' dir='ltr'><strong>modo</strong></span> <span class='ocrx_word' id='word_1_17' title='bbox 1311 627 1495 667; x_wconf 88' lang='lat' dir='ltr'><strong>rursus</strong></span> <span class='ocrx_word' id='word_1_18' title='bbox 1526 612 1761 680; x_wconf 88' lang='lat' dir='ltr'><strong>ipsorum</strong></span> <span class='ocrx_word' id='word_1_19' title='bbox 1792 624 1904 662; x_wconf 90' lang='lat' dir='ltr'><strong>mc-</strong></span> 
     </span>
    </p>
   </div>
   <div class='ocr_carea' id='block_1_4' title="bbox 300 702 1900 783">
    <p class='ocr_par' dir='ltr' id='par_1_4' title="bbox 300 702 1900 783">
     <span class='ocr_line' id='line_1_4' title="bbox 300 702 1900 783; baseline -0.009 -14"><span class='ocrx_word' id='word_1_20' title='bbox 300 715 535 769; x_wconf 80' lang='lat' dir='ltr'><strong>ritorum</strong></span> <span class='ocrx_word' id='word_1_21' title='bbox 564 710 810 783; x_wconf 64' lang='lat' dir='ltr'><strong>qumdam</strong></span> <span class='ocrx_word' id='word_1_22' title='bbox 837 710 1098 766; x_wconf 72' lang='lat' dir='ltr'><strong>naturalia</strong></span> <span class='ocrx_word' id='word_1_23' title='bbox 1131 707 1284 763; x_wconf 89' lang='lat' dir='ltr'><strong>nobis</strong></span> <span class='ocrx_word' id='word_1_24' title='bbox 1305 721 1428 761; x_wconf 87' lang='lat' dir='ltr'><strong>esse</strong></span> <span class='ocrx_word' id='word_1_25' title='bbox 1454 705 1656 759; x_wconf 89' lang='lat' dir='ltr'><strong>sinens.</strong></span> <span class='ocrx_word' id='word_1_26' title='bbox 1692 702 1900 758; x_wconf 78' lang='lat' dir='ltr'><strong>Etenim</strong></span> 
     </span>
    </p>
   </div>
   <div class='ocr_carea' id='block_1_5' title="bbox 303 794 1899 872">
    <p class='ocr_par' dir='ltr' id='par_1_5' title="bbox 303 794 1899 872">
     <span class='ocr_line' id='line_1_5' title="bbox 303 794 1899 872; baseline -0.008 -13"><span class='ocrx_word' id='word_1_27' title='bbox 303 819 412 859; x_wconf 88' lang='lat' dir='ltr'><strong>una</strong></span> <span class='ocrx_word' id='word_1_28' title='bbox 441 818 565 859; x_wconf 90' lang='lat' dir='ltr'><strong>eum</strong></span> <span class='ocrx_word' id='word_1_29' title='bbox 598 803 664 858; x_wconf 89' lang='lat' dir='ltr'><strong>iis</strong></span> <span class='ocrx_word' id='word_1_30' title='bbox 705 802 797 872; x_wconf 92' lang='lat' dir='ltr'><strong>qui</strong></span> <span class='ocrx_word' id='word_1_31' title='bbox 833 800 1213 857; x_wconf 73' lang='lat' dir='ltr'><strong>contumeliam</strong></span> <span class='ocrx_word' id='word_1_32' title='bbox 1259 798 1531 869; x_wconf 89' lang='lat' dir='ltr'><strong>patiuntur</strong></span> <span class='ocrx_word' id='word_1_33' title='bbox 1552 837 1567 862; x_wconf 93' lang='lat'><strong>,</strong></span> <span class='ocrx_word' id='word_1_34' title='bbox 1616 794 1899 864; x_wconf 83' lang='lat' dir='ltr'><strong>indignari,</strong></span> 
     </span>
    </p>
   </div>
   <div class='ocr_carea' id='block_1_6' title="bbox 303 887 1905 964">
    <p class='ocr_par' dir='ltr' id='par_1_6' title="bbox 303 887 1905 964">
     <span class='ocr_line' id='line_1_6' title="bbox 303 887 1905 964; baseline -0.007 -12"><span class='ocrx_word' id='word_1_35' title='bbox 303 899 556 953; x_wconf 80' lang='lat' dir='ltr'><strong>naturale</strong></span> <span class='ocrx_word' id='word_1_36' title='bbox 594 912 787 953; x_wconf 89' lang='lat' dir='ltr'><strong>omnes</strong></span> <span class='ocrx_word' id='word_1_37' title='bbox 828 896 1086 950; x_wconf 79' lang='lat' dir='ltr'><strong>habemus</strong></span> <span class='ocrx_word' id='word_1_38' title='bbox 1133 893 1351 964; x_wconf 91' lang='lat' dir='ltr'><strong>(statim</strong></span> <span class='ocrx_word' id='word_1_39' title='bbox 1378 890 1575 962; x_wconf 85' lang='lat' dir='ltr'><strong>quippe</strong></span> <span class='ocrx_word' id='word_1_40' title='bbox 1605 887 1905 944; x_wconf 88' lang='lat' dir='ltr'><strong>infestanti-</strong></span> 
     </span>
    </p>
   </div>
   <div class='ocr_carea' id='block_1_7' title="bbox 300 979 1903 1057">
    <p class='ocr_par' dir='ltr' id='par_1_7' title="bbox 300 979 1903 1057">
     <span class='ocr_line' id='line_1_7' title="bbox 300 979 1903 1057; baseline -0.007 -12"><span class='ocrx_word' id='word_1_41' title='bbox 300 989 410 1045; x_wconf 85' lang='lat' dir='ltr'><strong>bus</strong></span> <span class='ocrx_word' id='word_1_42' title='bbox 434 988 703 1044; x_wconf 80' lang='lat' dir='ltr'><strong>efﬁcimur</strong></span> <span class='ocrx_word' id='word_1_43' title='bbox 723 986 923 1042; x_wconf 88' lang='lat' dir='ltr'><strong>inimici</strong></span> <span class='ocrx_word' id='word_1_44' title='bbox 947 1027 963 1055; x_wconf 93' lang='lat'><strong>,</strong></span> <span class='ocrx_word' id='word_1_45' title='bbox 990 986 1115 1041; x_wconf 90' lang='lat' dir='ltr'><strong>licet</strong></span> <span class='ocrx_word' id='word_1_46' title='bbox 1140 985 1240 1057; x_wconf 85' lang='lat' dir='ltr'><strong>ipsi</strong></span> <span class='ocrx_word' id='word_1_47' title='bbox 1263 982 1400 1039; x_wconf 87' lang='lat' dir='ltr'><strong>nihil</strong></span> <span class='ocrx_word' id='word_1_48' title='bbox 1425 983 1593 1038; x_wconf 88' lang='lat' dir='ltr'><strong>simus</strong></span> <span class='ocrx_word' id='word_1_49' title='bbox 1620 979 1817 1052; x_wconf 83' lang='lat' dir='ltr'><strong>passi),</strong></span> <span class='ocrx_word' id='word_1_50' title='bbox 1847 985 1903 1034; x_wconf 86' lang='lat' dir='ltr'><strong>et</strong></span> 
     </span>
    </p>
   </div>
   <div class='ocr_carea' id='block_1_8' title="bbox 299 1070 1898 1153">
    <p class='ocr_par' dir='ltr' id='par_1_8' title="bbox 299 1070 1898 1153">
     <span class='ocr_line' id='line_1_8' title="bbox 299 1070 1898 1153; baseline -0.007 -18"><span class='ocrx_word' id='word_1_51' title='bbox 299 1081 566 1153; x_wconf 83' lang='lat' dir='ltr'><strong>gratulari</strong></span> <span class='ocrx_word' id='word_1_52' title='bbox 593 1079 903 1136; x_wconf 73' lang='lat' dir='ltr'><strong>defensione</strong></span> <span class='ocrx_word' id='word_1_53' title='bbox 927 1087 982 1133; x_wconf 88' lang='lat' dir='ltr'><strong>et</strong></span> <span class='ocrx_word' id='word_1_54' title='bbox 996 1077 1202 1133; x_wconf 76' lang='lat' dir='ltr'><strong>auxilio</strong></span> <span class='ocrx_word' id='word_1_55' title='bbox 1220 1074 1573 1146; x_wconf 81' lang='lat' dir='ltr'><strong>patientibus,</strong></span> <span class='ocrx_word' id='word_1_56' title='bbox 1604 1080 1660 1128; x_wconf 91' lang='lat' dir='ltr'><strong>et</strong></span> <span class='ocrx_word' id='word_1_57' title='bbox 1686 1072 1741 1126; x_wconf 91' lang='lat' dir='ltr'><strong>in</strong></span> <span class='ocrx_word' id='word_1_58' title='bbox 1764 1070 1898 1125; x_wconf 85' lang='lat' dir='ltr'><strong>alie-</strong></span> 
     </span>
    </p>
   </div>
   <div class='ocr_carea' id='block_1_9' title="bbox 303 1165 1900 1244">
    <p class='ocr_par' dir='ltr' id='par_1_9' title="bbox 303 1165 1900 1244">
     <span class='ocr_line' id='line_1_9' title="bbox 303 1165 1900 1244; baseline -0.007 -15"><span class='ocrx_word' id='word_1_59' title='bbox 303 1178 395 1232; x_wconf 86' lang='lat' dir='ltr'><strong>nis</strong></span> <span class='ocrx_word' id='word_1_60' title='bbox 434 1174 829 1233; x_wconf 62' lang='lat' dir='ltr'><strong>calamitatibus</strong></span> <span class='ocrx_word' id='word_1_61' title='bbox 854 1172 1042 1244; x_wconf 80' lang='lat' dir='ltr'><strong>afﬂigi,</strong></span> <span class='ocrx_word' id='word_1_62' title='bbox 1058 1170 1389 1229; x_wconf 81' lang='lat' dir='ltr'><strong>etcliaritate</strong></span> <span class='ocrx_word' id='word_1_63' title='bbox 1413 1176 1596 1224; x_wconf 89' lang='lat' dir='ltr'><strong>mutua</strong></span> <span class='ocrx_word' id='word_1_64' title='bbox 1624 1165 1900 1221; x_wconf 90' lang='lat' dir='ltr'><strong>delectari.</strong></span> 
     </span>
    </p>
   </div>
   <div class='ocr_carea' id='block_1_10' title="bbox 302 1257 1902 1332">
    <p class='ocr_par' dir='ltr' id='par_1_10' title="bbox 302 1257 1902 1332">
     <span class='ocr_line' id='line_1_10' title="bbox 302 1257 1902 1332; baseline -0.005 -12"><span class='ocrx_word' id='word_1_65' title='bbox 302 1265 425 1321; x_wconf 78' lang='lat' dir='ltr'><strong>Etsi</strong></span> <span class='ocrx_word' id='word_1_66' title='bbox 453 1265 597 1320; x_wconf 86' lang='lat' dir='ltr'><strong>enim</strong></span> <span class='ocrx_word' id='word_1_67' title='bbox 623 1280 800 1322; x_wconf 85' lang='lat' dir='ltr'><strong>rerum</strong></span> <span class='ocrx_word' id='word_1_68' title='bbox 816 1279 972 1321; x_wconf 88' lang='lat' dir='ltr'><strong>casus</strong></span> <span class='ocrx_word' id='word_1_69' title='bbox 993 1262 1318 1319; x_wconf 82' lang='lat' dir='ltr'><strong>simultatem</strong></span> <span class='ocrx_word' id='word_1_70' title='bbox 1339 1259 1623 1332; x_wconf 85' lang='lat' dir='ltr'><strong>quamdam</strong></span> <span class='ocrx_word' id='word_1_71' title='bbox 1649 1257 1902 1313; x_wconf 86' lang='lat' dir='ltr'><strong>inducere</strong></span> 
     </span>
    </p>
   </div>
   <div class='ocr_carea' id='block_1_11' title="bbox 304 1350 1902 1421">
    <p class='ocr_par' dir='ltr' id='par_1_11' title="bbox 304 1350 1902 1421">
     <span class='ocr_line' id='line_1_11' title="bbox 304 1350 1902 1421; baseline -0.004 -13"><span class='ocrx_word' id='word_1_72' title='bbox 304 1356 633 1421; x_wconf 88' lang='lat' dir='ltr'><strong>videantur,</strong></span> <span class='ocrx_word' id='word_1_73' title='bbox 685 1355 946 1409; x_wconf 84' lang='lat' dir='ltr'><strong>habemus</strong></span> <span class='ocrx_word' id='word_1_74' title='bbox 996 1363 1174 1409; x_wconf 89' lang='lat' dir='ltr'><strong>tamen</strong></span> <span class='ocrx_word' id='word_1_75' title='bbox 1230 1366 1572 1407; x_wconf 89' lang='lat' dir='ltr'><strong>communem</strong></span> <span class='ocrx_word' id='word_1_76' title='bbox 1622 1350 1762 1404; x_wconf 87' lang='lat' dir='ltr'><strong>inter</strong></span> <span class='ocrx_word' id='word_1_77' title='bbox 1805 1363 1902 1403; x_wconf 89' lang='lat' dir='ltr'><strong>nos</strong></span> 
     </span>
    </p>
   </div>
   <div class='ocr_carea' id='block_1_12' title="bbox 302 1440 1901 1516">
    <p class='ocr_par' dir='ltr' id='par_1_12' title="bbox 302 1440 1901 1516">
     <span class='ocr_line' id='line_1_12' title="bbox 302 1440 1901 1516; baseline -0.002 -16"><span class='ocrx_word' id='word_1_78' title='bbox 302 1462 573 1502; x_wconf 89' lang='lat' dir='ltr'><strong>amorem.</strong></span> <span class='ocrx_word' id='word_1_79' title='bbox 629 1447 698 1501; x_wconf 85' lang='lat' dir='ltr'><strong>Et</strong></span> <span class='ocrx_word' id='word_1_80' title='bbox 741 1446 843 1502; x_wconf 92' lang='lat' dir='ltr'><strong>hoc</strong></span> <span class='ocrx_word' id='word_1_81' title='bbox 879 1446 1095 1516; x_wconf 90' lang='lat' dir='ltr'><strong>quidam</strong></span> <span class='ocrx_word' id='word_1_82' title='bbox 1123 1445 1336 1515; x_wconf 83' lang='lat' dir='ltr'><strong>sapiens</strong></span> <span class='ocrx_word' id='word_1_83' title='bbox 1375 1444 1603 1499; x_wconf 89' lang='lat' dir='ltr'><strong>inuuens</strong></span> <span class='ocrx_word' id='word_1_84' title='bbox 1638 1440 1853 1496; x_wconf 89' lang='lat' dir='ltr'><strong>dicebat</strong></span> <span class='ocrx_word' id='word_1_85' title='bbox 1884 1459 1901 1497; x_wconf 90' lang='lat'><strong>:</strong></span> 
     </span>
    </p>
   </div>
   <div class='ocr_carea' id='block_1_13' title="bbox 306 1536 1903 1606">
    <p class='ocr_par' dir='ltr' id='par_1_13' title="bbox 306 1536 1903 1606">
     <span class='ocr_line' id='line_1_13' title="bbox 306 1536 1903 1606; baseline -0.004 -13"><span class='ocrx_word' id='word_1_86' title='bbox 306 1540 477 1593; x_wconf 84' lang='lat' dir='ltr'><strong>Omne</strong></span> <span class='ocrx_word' id='word_1_87' title='bbox 503 1538 697 1593; x_wconf 82' lang='lat' dir='ltr'><strong>animal</strong></span> <span class='ocrx_word' id='word_1_88' title='bbox 714 1549 851 1593; x_wconf 87' lang='lat' dir='ltr'><strong>amat</strong></span> <span class='ocrx_word' id='word_1_89' title='bbox 870 1538 962 1593; x_wconf 78' lang='lat' dir='ltr'><strong>sibi</strong></span> <span class='ocrx_word' id='word_1_90' title='bbox 986 1538 1170 1605; x_wconf 73' lang='lat' dir='ltr'><strong>simile,</strong></span> <span class='ocrx_word' id='word_1_91' title='bbox 1194 1545 1239 1591; x_wconf 81' lang='lat' dir='ltr'><strong>et</strong></span> <span class='ocrx_word' id='word_1_92' title='bbox 1259 1536 1410 1591; x_wconf 85' lang='lat' dir='ltr'><strong>homo</strong></span> <span class='ocrx_word' id='word_1_93' title='bbox 1436 1536 1723 1606; x_wconf 70' lang='lat' dir='ltr'><strong>proximum</strong></span> <span class='ocrx_word' id='word_1_94' title='bbox 1751 1549 1903 1589; x_wconf 82' lang='lat' dir='ltr'><strong>suum</strong></span> 
     </span>
    </p>
   </div>
   <div class='ocr_carea' id='block_1_14' title="bbox 301 1629 775 1703">
    <p class='ocr_par' dir='ltr' id='par_1_14' title="bbox 301 1629 775 1703">
     <span class='ocr_line' id='line_1_14' title="bbox 301 1629 775 1703; baseline 0.002 -20"><span class='ocrx_word' id='word_1_95' title='bbox 301 1629 499 1703; x_wconf 76' lang='lat' dir='ltr'><strong>(Eccli.</strong></span> <span class='ocrx_word' id='word_1_96' title='bbox 536 1631 628 1685; x_wconf 76' lang='lat' dir='ltr'><strong>is.</strong></span> <span class='ocrx_word' id='word_1_97' title='bbox 662 1630 775 1702; x_wconf 71' lang='grc' dir='ltr'><strong>ω).</strong></span> 
     </span>
    </p>
   </div>
   <div class='ocr_carea' id='block_1_15' title="bbox 379 1720 1900 1793">
    <p class='ocr_par' dir='ltr' id='par_1_15' title="bbox 379 1720 1900 1793">
     <span class='ocr_line' id='line_1_15' title="bbox 379 1720 1900 1793; baseline -0.002 -17"><span class='ocrx_word' id='word_1_98' title='bbox 379 1724 430 1777; x_wconf 62' lang='grc' dir='ltr'><strong>ὅ.</strong></span> <span class='ocrx_word' id='word_1_99' title='bbox 468 1723 659 1777; x_wconf 75' lang='lat' dir='ltr'><strong>Multos</strong></span> <span class='ocrx_word' id='word_1_100' title='bbox 686 1732 862 1777; x_wconf 89' lang='lat' dir='ltr'><strong>autem</strong></span> <span class='ocrx_word' id='word_1_101' title='bbox 894 1732 946 1778; x_wconf 88' lang='lat' dir='ltr'><strong>et</strong></span> <span class='ocrx_word' id='word_1_102' title='bbox 968 1721 1102 1778; x_wconf 90' lang='lat' dir='ltr'><strong>alios</strong></span> <span class='ocrx_word' id='word_1_103' title='bbox 1124 1729 1318 1793; x_wconf 69' lang='lat' dir='ltr'><strong>prtetcr</strong></span> <span class='ocrx_word' id='word_1_104' title='bbox 1343 1720 1727 1777; x_wconf 87' lang='lat' dir='ltr'><strong>conscientiam</strong></span> <span class='ocrx_word' id='word_1_105' title='bbox 1759 1736 1900 1788; x_wconf 71' lang='lat' dir='ltr'><strong>prte-</strong></span> 
     </span>
    </p>
   </div>
   <div class='ocr_carea' id='block_1_16' title="bbox 301 1812 1898 1885">
    <p class='ocr_par' dir='ltr' id='par_1_16' title="bbox 301 1812 1898 1885">
     <span class='ocr_line' id='line_1_16' title="bbox 301 1812 1898 1885; baseline -0.001 -18"><span class='ocrx_word' id='word_1_106' title='bbox 301 1823 558 1882; x_wconf 87' lang='lat' dir='ltr'><strong>ceptores</strong></span> <span class='ocrx_word' id='word_1_107' title='bbox 593 1813 750 1868; x_wconf 87' lang='lat' dir='ltr'><strong>nobis</strong></span> <span class='ocrx_word' id='word_1_108' title='bbox 776 1814 919 1869; x_wconf 91' lang='lat' dir='ltr'><strong>Deus</strong></span> <span class='ocrx_word' id='word_1_109' title='bbox 948 1815 1234 1885; x_wconf 70' lang='lat' dir='ltr'><strong>prmposuit</strong></span> <span class='ocrx_word' id='word_1_110' title='bbox 1270 1833 1282 1869; x_wconf 92' lang='lat'><strong>:</strong></span> <span class='ocrx_word' id='word_1_111' title='bbox 1311 1814 1508 1869; x_wconf 87' lang='lat' dir='ltr'><strong>etenim</strong></span> <span class='ocrx_word' id='word_1_112' title='bbox 1549 1822 1726 1885; x_wconf 90' lang='lat' dir='ltr'><strong>patres</strong></span> <span class='ocrx_word' id='word_1_113' title='bbox 1755 1812 1898 1878; x_wconf 81' lang='lat' dir='ltr'><strong>filiis,</strong></span> 
     </span>
    </p>
   </div>
   <div class='ocr_carea' id='block_1_17' title="bbox 299 1904 1901 1972">
    <p class='ocr_par' dir='ltr' id='par_1_17' title="bbox 299 1904 1901 1972">
     <span class='ocr_line' id='line_1_17' title="bbox 299 1904 1901 1972; baseline -0.001 -10"><span class='ocrx_word' id='word_1_114' title='bbox 299 1917 366 1962; x_wconf 89' lang='lat' dir='ltr'><strong>et</strong></span> <span class='ocrx_word' id='word_1_115' title='bbox 414 1907 662 1963; x_wconf 88' lang='lat' dir='ltr'><strong>dominos</strong></span> <span class='ocrx_word' id='word_1_116' title='bbox 712 1908 882 1962; x_wconf 89' lang='lat' dir='ltr'><strong>servis</strong></span> <span class='ocrx_word' id='word_1_117' title='bbox 906 1949 921 1972; x_wconf 94' lang='lat'><strong>,</strong></span> <span class='ocrx_word' id='word_1_118' title='bbox 969 1917 1023 1962; x_wconf 91' lang='lat' dir='ltr'><strong>et</strong></span> <span class='ocrx_word' id='word_1_119' title='bbox 1063 1907 1208 1962; x_wconf 90' lang='lat' dir='ltr'><strong>viros</strong></span> <span class='ocrx_word' id='word_1_120' title='bbox 1234 1906 1487 1962; x_wconf 77' lang='lat' dir='ltr'><strong>uxoribus</strong></span> <span class='ocrx_word' id='word_1_121' title='bbox 1512 1947 1527 1971; x_wconf 91' lang='lat'><strong>,</strong></span> <span class='ocrx_word' id='word_1_122' title='bbox 1572 1913 1626 1961; x_wconf 91' lang='lat' dir='ltr'><strong>et</strong></span> <span class='ocrx_word' id='word_1_123' title='bbox 1653 1904 1901 1961; x_wconf 81' lang='lat' dir='ltr'><strong>doctores</strong></span> 
     </span>
    </p>
   </div>
   <div class='ocr_carea' id='block_1_18' title="bbox 302 1998 1902 2071">
    <p class='ocr_par' dir='ltr' id='par_1_18' title="bbox 302 1998 1902 2071">
     <span class='ocr_line' id='line_1_18' title="bbox 302 1998 1902 2071; baseline -0.001 -17"><span class='ocrx_word' id='word_1_124' title='bbox 302 2000 615 2071; x_wconf 80' lang='lat' dir='ltr'><strong>discipulis,</strong></span> <span class='ocrx_word' id='word_1_125' title='bbox 644 2010 699 2054; x_wconf 86' lang='lat' dir='ltr'><strong>et</strong></span> <span class='ocrx_word' id='word_1_126' title='bbox 724 2000 1057 2071; x_wconf 82' lang='lat' dir='ltr'><strong>legislatorcs</strong></span> <span class='ocrx_word' id='word_1_127' title='bbox 1083 2010 1139 2056; x_wconf 90' lang='lat' dir='ltr'><strong>et</strong></span> <span class='ocrx_word' id='word_1_128' title='bbox 1161 2000 1371 2070; x_wconf 88' lang='lat' dir='ltr'><strong>judices</strong></span> <span class='ocrx_word' id='word_1_129' title='bbox 1397 1998 1625 2055; x_wconf 86' lang='lat' dir='ltr'><strong>subditis</strong></span> <span class='ocrx_word' id='word_1_130' title='bbox 1644 2042 1658 2066; x_wconf 84' lang='lat'><strong>,</strong></span> <span class='ocrx_word' id='word_1_131' title='bbox 1691 2008 1745 2054; x_wconf 92' lang='lat' dir='ltr'><strong>et</strong></span> <span class='ocrx_word' id='word_1_132' title='bbox 1765 1998 1902 2054; x_wconf 87' lang='lat' dir='ltr'><strong>ami-</strong></span> 
     </span>
    </p>
   </div>
   <div class='ocr_carea' id='block_1_19' title="bbox 300 2089 1902 2162">
    <p class='ocr_par' dir='ltr' id='par_1_19' title="bbox 300 2089 1902 2162">
     <span class='ocr_line' id='line_1_19' title="bbox 300 2089 1902 2162; baseline -0.002 -14"><span class='ocrx_word' id='word_1_133' title='bbox 300 2108 398 2148; x_wconf 85' lang='lat' dir='ltr'><strong>cos</strong></span> <span class='ocrx_word' id='word_1_134' title='bbox 425 2094 634 2149; x_wconf 85' lang='lat' dir='ltr'><strong>amicis.</strong></span> <span class='ocrx_word' id='word_1_135' title='bbox 680 2093 836 2162; x_wconf 66' lang='lat' dir='ltr'><strong>Saepe</strong></span> <span class='ocrx_word' id='word_1_136' title='bbox 874 2108 1004 2148; x_wconf 85' lang='lat' dir='ltr'><strong>vero</strong></span> <span class='ocrx_word' id='word_1_137' title='bbox 1034 2102 1089 2149; x_wconf 91' lang='lat' dir='ltr'><strong>et</strong></span> <span class='ocrx_word' id='word_1_138' title='bbox 1128 2095 1196 2148; x_wconf 88' lang='lat' dir='ltr'><strong>ab</strong></span> <span class='ocrx_word' id='word_1_139' title='bbox 1218 2092 1446 2147; x_wconf 88' lang='lat' dir='ltr'><strong>inimicis</strong></span> <span class='ocrx_word' id='word_1_140' title='bbox 1478 2106 1583 2146; x_wconf 85' lang='lat' dir='ltr'><strong>non</strong></span> <span class='ocrx_word' id='word_1_141' title='bbox 1616 2090 1792 2145; x_wconf 91' lang='lat' dir='ltr'><strong>minus</strong></span> <span class='ocrx_word' id='word_1_142' title='bbox 1820 2089 1902 2144; x_wconf 80' lang='lat' dir='ltr'><strong>lu-</strong></span> 
     </span>
    </p>
   </div>
   <div class='ocr_carea' id='block_1_20' title="bbox 300 2186 1898 2256">
    <p class='ocr_par' dir='ltr' id='par_1_20' title="bbox 300 2186 1898 2256">
     <span class='ocr_line' id='line_1_20' title="bbox 300 2186 1898 2256; baseline -0.001 -16"><span class='ocrx_word' id='word_1_143' title='bbox 300 2201 555 2249; x_wconf 84' lang='lat' dir='ltr'><strong>cramur,</strong></span> <span class='ocrx_word' id='word_1_144' title='bbox 596 2201 755 2256; x_wconf 90' lang='lat' dir='ltr'><strong>quam</strong></span> <span class='ocrx_word' id='word_1_145' title='bbox 795 2189 864 2242; x_wconf 92' lang='lat' dir='ltr'><strong>ab</strong></span> <span class='ocrx_word' id='word_1_146' title='bbox 897 2187 1083 2241; x_wconf 88' lang='lat' dir='ltr'><strong>amicis</strong></span> <span class='ocrx_word' id='word_1_147' title='bbox 1112 2205 1125 2240; x_wconf 87' lang='lat'><strong>:</strong></span> <span class='ocrx_word' id='word_1_148' title='bbox 1158 2202 1281 2241; x_wconf 91' lang='lat' dir='ltr'><strong>cum</strong></span> <span class='ocrx_word' id='word_1_149' title='bbox 1310 2187 1453 2241; x_wconf 89' lang='lat' dir='ltr'><strong>enim</strong></span> <span class='ocrx_word' id='word_1_150' title='bbox 1491 2186 1646 2241; x_wconf 87' lang='lat' dir='ltr'><strong>nobis</strong></span> <span class='ocrx_word' id='word_1_151' title='bbox 1680 2192 1898 2255; x_wconf 88' lang='lat' dir='ltr'><strong>peccata</strong></span> 
     </span>
    </p>
   </div>
   <div class='ocr_carea' id='block_1_21' title="bbox 299 2276 1898 2349">
    <p class='ocr_par' dir='ltr' id='par_1_21' title="bbox 299 2276 1898 2349">
     <span class='ocr_line' id='line_1_21' title="bbox 299 2276 1898 2349; baseline 0 -20"><span class='ocrx_word' id='word_1_152' title='bbox 299 2277 785 2344; x_wconf 74' lang='lat' dir='ltr'><strong>exprobraverint,</strong></span> <span class='ocrx_word' id='word_1_153' title='bbox 814 2277 974 2331; x_wconf 86' lang='lat' dir='ltr'><strong>etiam</strong></span> <span class='ocrx_word' id='word_1_154' title='bbox 1019 2277 1214 2333; x_wconf 87' lang='lat' dir='ltr'><strong>invitos</strong></span> <span class='ocrx_word' id='word_1_155' title='bbox 1254 2277 1305 2332; x_wconf 92' lang='lat' dir='ltr'><strong>in</strong></span> <span class='ocrx_word' id='word_1_156' title='bbox 1339 2278 1578 2349; x_wconf 61' lang='lat' dir='ltr'><strong>ipsorum</strong></span> <span class='ocrx_word' id='word_1_157' title='bbox 1601 2276 1898 2333; x_wconf 86' lang='lat' dir='ltr'><strong>correctio-</strong></span> 
     </span>
    </p>
   </div>
   <div class='ocr_carea' id='block_1_22' title="bbox 302 2369 1893 2441">
    <p class='ocr_par' dir='ltr' id='par_1_22' title="bbox 302 2369 1893 2441">
     <span class='ocr_line' id='line_1_22' title="bbox 302 2369 1893 2441; baseline 0 -18"><span class='ocrx_word' id='word_1_158' title='bbox 302 2383 429 2424; x_wconf 96' lang='lat' dir='ltr'><strong>nem</strong></span> <span class='ocrx_word' id='word_1_159' title='bbox 455 2369 715 2427; x_wconf 76' lang='lat' dir='ltr'><strong>excitant.</strong></span> <span class='ocrx_word' id='word_1_160' title='bbox 770 2369 873 2424; x_wconf 86' lang='lat' dir='ltr'><strong>Tot</strong></span> <span class='ocrx_word' id='word_1_161' title='bbox 902 2382 1079 2425; x_wconf 89' lang='lat' dir='ltr'><strong>autem</strong></span> <span class='ocrx_word' id='word_1_162' title='bbox 1113 2370 1362 2426; x_wconf 82' lang='lat' dir='ltr'><strong>ductores</strong></span> <span class='ocrx_word' id='word_1_163' title='bbox 1389 2369 1893 2441; x_wconf 59' lang='lat' dir='ltr'><strong>nobis-praeposuit,</strong></span> 
     </span>
    </p>
   </div>
   <div class='ocr_carea' id='block_1_23' title="bbox 301 2461 1896 2534">
    <p class='ocr_par' dir='ltr' id='par_1_23' title="bbox 301 2461 1896 2534">
     <span class='ocr_line' id='line_1_23' title="bbox 301 2461 1896 2534; baseline -0.001 -16"><span class='ocrx_word' id='word_1_164' title='bbox 301 2471 366 2518; x_wconf 90' lang='lat' dir='ltr'><strong>ut</strong></span> <span class='ocrx_word' id='word_1_165' title='bbox 403 2461 576 2518; x_wconf 80' lang='lat' dir='ltr'><strong>facilis</strong></span> <span class='ocrx_word' id='word_1_166' title='bbox 610 2463 764 2518; x_wconf 90' lang='lat' dir='ltr'><strong>nobis</strong></span> <span class='ocrx_word' id='word_1_167' title='bbox 794 2465 1039 2519; x_wconf 85' lang='lat' dir='ltr'><strong>utilitatis</strong></span> <span class='ocrx_word' id='word_1_168' title='bbox 1075 2464 1311 2520; x_wconf 83' lang='lat' dir='ltr'><strong>inventio</strong></span> <span class='ocrx_word' id='word_1_169' title='bbox 1337 2471 1399 2519; x_wconf 65' lang='lat' dir='ltr'><strong>ct&quot;</strong></span> <span class='ocrx_word' id='word_1_170' title='bbox 1419 2464 1689 2534; x_wconf 84' lang='lat' dir='ltr'><strong>reparatio</strong></span> <span class='ocrx_word' id='word_1_171' title='bbox 1723 2462 1896 2529; x_wconf 83' lang='lat' dir='ltr'><strong>ﬁeret,</strong></span> 
     </span>
    </p>
   </div>
   <div class='ocr_carea' id='block_1_24' title="bbox 302 2554 1901 2625">
    <p class='ocr_par' dir='ltr' id='par_1_24' title="bbox 302 2554 1901 2625">
     <span class='ocr_line' id='line_1_24' title="bbox 302 2554 1901 2625; baseline 0.001 -18"><span class='ocrx_word' id='word_1_172' title='bbox 302 2554 646 2610; x_wconf 84' lang='lat' dir='ltr'><strong>multitudine</strong></span> <span class='ocrx_word' id='word_1_173' title='bbox 693 2556 758 2609; x_wconf 89' lang='lat' dir='ltr'><strong>ad</strong></span> <span class='ocrx_word' id='word_1_174' title='bbox 810 2554 862 2609; x_wconf 92' lang='lat' dir='ltr'><strong>id</strong></span> <span class='ocrx_word' id='word_1_175' title='bbox 913 2555 1349 2625; x_wconf 85' lang='lat' dir='ltr'><strong>compellentium</strong></span> <span class='ocrx_word' id='word_1_176' title='bbox 1397 2571 1504 2610; x_wconf 92' lang='lat' dir='ltr'><strong>non</strong></span> <span class='ocrx_word' id='word_1_177' title='bbox 1557 2554 1901 2625; x_wconf 89' lang='lat' dir='ltr'><strong>permittente</strong></span> 
     </span>
    </p>
   </div>
   <div class='ocr_carea' id='block_1_25' title="bbox 300 2646 1900 2719">
    <p class='ocr_par' dir='ltr' id='par_1_25' title="bbox 300 2646 1900 2719">
     <span class='ocr_line' id='line_1_25' title="bbox 300 2646 1900 2719; baseline 0.001 -18"><span class='ocrx_word' id='word_1_178' title='bbox 300 2662 406 2702; x_wconf 88' lang='lat' dir='ltr'><strong>nos</strong></span> <span class='ocrx_word' id='word_1_179' title='bbox 429 2646 625 2713; x_wconf 78' lang='lat' dir='ltr'><strong>abiis,</strong></span> <span class='ocrx_word' id='word_1_180' title='bbox 670 2664 789 2719; x_wconf 68' lang='lat' dir='ltr'><strong>quae</strong></span> <span class='ocrx_word' id='word_1_181' title='bbox 817 2648 972 2703; x_wconf 87' lang='lat' dir='ltr'><strong>nobis</strong></span> <span class='ocrx_word' id='word_1_182' title='bbox 1011 2648 1336 2718; x_wconf 74' lang='lat' dir='ltr'><strong>expediunt,</strong></span> <span class='ocrx_word' id='word_1_183' title='bbox 1373 2648 1640 2704; x_wconf 81' lang='lat' dir='ltr'><strong>excidere.</strong></span> <span class='ocrx_word' id='word_1_184' title='bbox 1688 2649 1900 2705; x_wconf 89' lang='lat' dir='ltr'><strong>Etenim</strong></span> 
     </span>
    </p>
   </div>
   <div class='ocr_carea' id='block_1_26' title="bbox 299 2740 1899 2812">
    <p class='ocr_par' dir='ltr' id='par_1_26' title="bbox 299 2740 1899 2812">
     <span class='ocr_line' id='line_1_26' title="bbox 299 2740 1899 2812; baseline 0.001 -18"><span class='ocrx_word' id='word_1_185' title='bbox 299 2740 349 2794; x_wconf 92' lang='lat' dir='ltr'><strong>si</strong></span> <span class='ocrx_word' id='word_1_186' title='bbox 375 2750 626 2810; x_wconf 86' lang='lat' dir='ltr'><strong>parentes</strong></span> <span class='ocrx_word' id='word_1_187' title='bbox 649 2749 1087 2805; x_wconf 87' lang='lat' dir='ltr'><strong>contemnamus,</strong></span> <span class='ocrx_word' id='word_1_188' title='bbox 1118 2740 1461 2812; x_wconf 89' lang='lat' dir='ltr'><strong>magistratus</strong></span> <span class='ocrx_word' id='word_1_189' title='bbox 1490 2742 1760 2806; x_wconf 88' lang='lat' dir='ltr'><strong>timentes,</strong></span> <span class='ocrx_word' id='word_1_190' title='bbox 1788 2740 1899 2799; x_wconf 84' lang='lat' dir='ltr'><strong>eri-</strong></span> 
     </span>
    </p>
   </div>
   <div class='ocr_carea' id='block_1_27' title="bbox 301 2830 1901 2903">
    <p class='ocr_par' dir='ltr' id='par_1_27' title="bbox 301 2830 1901 2903">
     <span class='ocr_line' id='line_1_27' title="bbox 301 2830 1901 2903; baseline 0.002 -19"><span class='ocrx_word' id='word_1_191' title='bbox 301 2845 430 2885; x_wconf 86' lang='lat' dir='ltr'><strong>mus</strong></span> <span class='ocrx_word' id='word_1_192' title='bbox 454 2830 673 2885; x_wconf 86' lang='lat' dir='ltr'><strong>omnino</strong></span> <span class='ocrx_word' id='word_1_193' title='bbox 713 2831 954 2887; x_wconf 85' lang='lat' dir='ltr'><strong>mitiores</strong></span> <span class='ocrx_word' id='word_1_194' title='bbox 985 2849 999 2885; x_wconf 89' lang='lat'>:</span> <span class='ocrx_word' id='word_1_195' title='bbox 1028 2842 1082 2886; x_wconf 91' lang='lat' dir='ltr'><strong>et</strong></span> <span class='ocrx_word' id='word_1_196' title='bbox 1120 2832 1164 2886; x_wconf 92' lang='lat' dir='ltr'><strong>si</strong></span> <span class='ocrx_word' id='word_1_197' title='bbox 1207 2832 1327 2887; x_wconf 89' lang='lat' dir='ltr'><strong>illos</strong></span> <span class='ocrx_word' id='word_1_198' title='bbox 1364 2833 1415 2886; x_wconf 92' lang='lat' dir='ltr'><strong>in</strong></span> <span class='ocrx_word' id='word_1_199' title='bbox 1446 2832 1686 2902; x_wconf 90' lang='lat' dir='ltr'><strong>peccatis</strong></span> <span class='ocrx_word' id='word_1_200' title='bbox 1714 2832 1901 2903; x_wconf 81' lang='lat' dir='ltr'><strong>despi-</strong></span> 
     </span>
    </p>
   </div>
   <div class='ocr_carea' id='block_1_28' title="bbox 301 2921 1900 2994">
    <p class='ocr_par' dir='ltr' id='par_1_28' title="bbox 301 2921 1900 2994">
     <span class='ocr_line' id='line_1_28' title="bbox 301 2921 1900 2994; baseline 0.002 -18"><span class='ocrx_word' id='word_1_201' title='bbox 301 2921 513 2978; x_wconf 84' lang='lat' dir='ltr'><strong>ciamns</strong></span> <span class='ocrx_word' id='word_1_202' title='bbox 536 2965 551 2989; x_wconf 91' lang='lat'><strong>,</strong></span> <span class='ocrx_word' id='word_1_203' title='bbox 588 2939 878 2994; x_wconf 83' lang='lat' dir='ltr'><strong>numquam</strong></span> <span class='ocrx_word' id='word_1_204' title='bbox 925 2925 1272 2980; x_wconf 81' lang='lat' dir='ltr'><strong>conscientia:</strong></span> <span class='ocrx_word' id='word_1_205' title='bbox 1316 2924 1738 2993; x_wconf 86' lang='lat' dir='ltr'><strong>increpationem</strong></span> <span class='ocrx_word' id='word_1_206' title='bbox 1767 2923 1900 2980; x_wconf 73' lang='lat' dir='ltr'><strong>etfu-</strong></span> 
     </span>
    </p>
   </div>
   <div class='ocr_carea' id='block_1_29' title="bbox 300 3015 1898 3087">
    <p class='ocr_par' dir='ltr' id='par_1_29' title="bbox 300 3015 1898 3087">
     <span class='ocr_line' id='line_1_29' title="bbox 300 3015 1898 3087; baseline 0 -17"><span class='ocrx_word' id='word_1_207' title='bbox 300 3030 435 3084; x_wconf 86' lang='lat' dir='ltr'><strong>gere</strong></span> <span class='ocrx_word' id='word_1_208' title='bbox 459 3029 740 3084; x_wconf 86' lang='lat' dir='ltr'><strong>possumus</strong></span> <span class='ocrx_word' id='word_1_209' title='bbox 772 3033 785 3069; x_wconf 94' lang='lat'>:</span> <span class='ocrx_word' id='word_1_210' title='bbox 818 3025 873 3071; x_wconf 90' lang='lat' dir='ltr'><strong>et</strong></span> <span class='ocrx_word' id='word_1_211' title='bbox 914 3017 958 3071; x_wconf 91' lang='lat' dir='ltr'><strong>si</strong></span> <span class='ocrx_word' id='word_1_212' title='bbox 1000 3015 1139 3071; x_wconf 90' lang='lat' dir='ltr'><strong>hanc</strong></span> <span class='ocrx_word' id='word_1_213' title='bbox 1184 3031 1540 3087; x_wconf 87' lang='lat' dir='ltr'><strong>aspernemur</strong></span> <span class='ocrx_word' id='word_1_214' title='bbox 1567 3024 1623 3071; x_wconf 90' lang='lat' dir='ltr'><strong>et</strong></span> <span class='ocrx_word' id='word_1_215' title='bbox 1664 3016 1898 3085; x_wconf 85' lang='lat' dir='ltr'><strong>repella-</strong></span> 
     </span>
    </p>
   </div>
   <div class='ocr_carea' id='block_1_30' title="bbox 303 3106 1898 3177">
    <p class='ocr_par' dir='ltr' id='par_1_30' title="bbox 303 3106 1898 3177">
     <span class='ocr_line' id='line_1_30' title="bbox 303 3106 1898 3177; baseline 0.002 -17"><span class='ocrx_word' id='word_1_216' title='bbox 303 3120 447 3170; x_wconf 86' lang='lat' dir='ltr'><strong>mus,</strong></span> <span class='ocrx_word' id='word_1_217' title='bbox 468 3107 755 3163; x_wconf 89' lang='lat' dir='ltr'><strong>multorum</strong></span> <span class='ocrx_word' id='word_1_218' title='bbox 771 3107 1077 3177; x_wconf 90' lang='lat' dir='ltr'><strong>opinionem</strong></span> <span class='ocrx_word' id='word_1_219' title='bbox 1101 3108 1372 3173; x_wconf 87' lang='lat' dir='ltr'><strong>timentes,</strong></span> <span class='ocrx_word' id='word_1_220' title='bbox 1393 3106 1645 3164; x_wconf 84' lang='lat' dir='ltr'><strong>meliores</strong></span> <span class='ocrx_word' id='word_1_221' title='bbox 1660 3107 1863 3163; x_wconf 85' lang='lat' dir='ltr'><strong>erimus</strong></span> <span class='ocrx_word' id='word_1_222' title='bbox 1882 3125 1898 3175; x_wconf 91' lang='lat'><strong>;</strong></span> 
     </span>
    </p>
   </div>
   <div class='ocr_carea' id='block_1_31' title="bbox 300 3196 1901 3271">
    <p class='ocr_par' dir='ltr' id='par_1_31' title="bbox 300 3196 1901 3271">
     <span class='ocr_line' id='line_1_31' title="bbox 300 3196 1901 3271; baseline 0.004 -21"><span class='ocrx_word' id='word_1_223' title='bbox 300 3197 351 3250; x_wconf 87' lang='lat' dir='ltr'><strong>si</strong></span> <span class='ocrx_word' id='word_1_224' title='bbox 393 3196 460 3252; x_wconf 91' lang='lat' dir='ltr'><strong>ad</strong></span> <span class='ocrx_word' id='word_1_225' title='bbox 506 3197 642 3253; x_wconf 89' lang='lat' dir='ltr'><strong>hanc</strong></span> <span class='ocrx_word' id='word_1_226' title='bbox 677 3214 781 3253; x_wconf 89' lang='lat' dir='ltr'><strong>non</strong></span> <span class='ocrx_word' id='word_1_227' title='bbox 811 3199 1227 3266; x_wconf 88' lang='lat' dir='ltr'><strong>erubescamus,</strong></span> <span class='ocrx_word' id='word_1_228' title='bbox 1279 3200 1470 3255; x_wconf 89' lang='lat' dir='ltr'><strong>insitus</strong></span> <span class='ocrx_word' id='word_1_229' title='bbox 1520 3200 1693 3271; x_wconf 87' lang='lat' dir='ltr'><strong>legum</strong></span> <span class='ocrx_word' id='word_1_230' title='bbox 1738 3200 1901 3257; x_wconf 90' lang='lat' dir='ltr'><strong>timor</strong></span> 
     </span>
    </p>
   </div>
   <div class='ocr_carea' id='block_1_32' title="bbox 304 3287 1900 3364">
    <p class='ocr_par' dir='ltr' id='par_1_32' title="bbox 304 3287 1900 3364">
     <span class='ocr_line' id='line_1_32' title="bbox 304 3287 1900 3364; baseline 0.007 -25"><span class='ocrx_word' id='word_1_231' title='bbox 304 3288 392 3342; x_wconf 81' lang='lat' dir='ltr'><strong>vel</strong></span> <span class='ocrx_word' id='word_1_232' title='bbox 432 3287 627 3344; x_wconf 89' lang='lat' dir='ltr'><strong>invitos</strong></span> <span class='ocrx_word' id='word_1_233' title='bbox 664 3304 763 3344; x_wconf 86' lang='lat' dir='ltr'><strong>nos</strong></span> <span class='ocrx_word' id='word_1_234' title='bbox 791 3291 1055 3362; x_wconf 87' lang='lat' dir='ltr'><strong>castigare</strong></span> <span class='ocrx_word' id='word_1_235' title='bbox 1095 3292 1291 3361; x_wconf 88' lang='lat' dir='ltr'><strong>poterit</strong></span> <span class='ocrx_word' id='word_1_236' title='bbox 1319 3310 1331 3346; x_wconf 89' lang='lat'><strong>:</strong></span> <span class='ocrx_word' id='word_1_237' title='bbox 1362 3300 1418 3347; x_wconf 91' lang='lat' dir='ltr'><strong>et</strong></span> <span class='ocrx_word' id='word_1_238' title='bbox 1445 3305 1540 3347; x_wconf 85' lang='lat' dir='ltr'><strong>eos</strong></span> <span class='ocrx_word' id='word_1_239' title='bbox 1564 3292 1654 3363; x_wconf 89' lang='lat' dir='ltr'><strong>qui</strong></span> <span class='ocrx_word' id='word_1_240' title='bbox 1672 3292 1900 3364; x_wconf 75' lang='lat' dir='ltr'><strong>juvenes</strong></span> 
     </span>
    </p>
   </div>
   <div class='ocr_carea' id='block_1_33' title="bbox 306 3380 1900 3455">
    <p class='ocr_par' dir='ltr' id='par_1_33' title="bbox 306 3380 1900 3455">
     <span class='ocr_line' id='line_1_33' title="bbox 306 3380 1900 3455; baseline 0.005 -22"><span class='ocrx_word' id='word_1_241' title='bbox 306 3386 456 3445; x_wconf 89' lang='lat' dir='ltr'><strong>sunt,</strong></span> <span class='ocrx_word' id='word_1_242' title='bbox 483 3380 724 3450; x_wconf 77' lang='lat' dir='ltr'><strong>magistri</strong></span> <span class='ocrx_word' id='word_1_243' title='bbox 750 3390 803 3436; x_wconf 89' lang='lat' dir='ltr'><strong>et</strong></span> <span class='ocrx_word' id='word_1_244' title='bbox 832 3392 1013 3451; x_wconf 84' lang='lat' dir='ltr'><strong>patres</strong></span> <span class='ocrx_word' id='word_1_245' title='bbox 1035 3424 1049 3447; x_wconf 91' lang='lat'><strong>,</strong></span> <span class='ocrx_word' id='word_1_246' title='bbox 1090 3382 1304 3438; x_wconf 88' lang='lat' dir='ltr'><strong>adultos</strong></span> <span class='ocrx_word' id='word_1_247' title='bbox 1334 3399 1462 3438; x_wconf 88' lang='lat' dir='ltr'><strong>vero</strong></span> <span class='ocrx_word' id='word_1_248' title='bbox 1492 3384 1824 3455; x_wconf 82' lang='lat' dir='ltr'><strong>lcgislatorcs</strong></span> <span class='ocrx_word' id='word_1_249' title='bbox 1842 3393 1900 3441; x_wconf 89' lang='lat' dir='ltr'><strong>et</strong></span> 
     </span>
    </p>
   </div>
   <div class='ocr_carea' id='block_1_34' title="bbox 308 3470 1895 3545">
    <p class='ocr_par' dir='ltr' id='par_1_34' title="bbox 308 3470 1895 3545">
     <span class='ocr_line' id='line_1_34' title="bbox 308 3470 1895 3545; baseline 0.005 -20"><span class='ocrx_word' id='word_1_250' title='bbox 308 3470 580 3541; x_wconf 88' lang='lat' dir='ltr'><strong>principes</strong></span> <span class='ocrx_word' id='word_1_251' title='bbox 602 3473 652 3527; x_wconf 91' lang='lat' dir='ltr'><strong>in</strong></span> <span class='ocrx_word' id='word_1_252' title='bbox 684 3488 870 3528; x_wconf 88' lang='lat' dir='ltr'><strong>curam</strong></span> <span class='ocrx_word' id='word_1_253' title='bbox 897 3487 1047 3529; x_wconf 89' lang='lat' dir='ltr'><strong>suam</strong></span> <span class='ocrx_word' id='word_1_254' title='bbox 1071 3483 1344 3530; x_wconf 83' lang='lat' dir='ltr'><strong>sumentes</strong></span> <span class='ocrx_word' id='word_1_255' title='bbox 1365 3484 1706 3545; x_wconf 88' lang='lat' dir='ltr'><strong>componunt</strong></span> <span class='ocrx_word' id='word_1_256' title='bbox 1735 3493 1748 3529; x_wconf 93' lang='lat'>:</span> <span class='ocrx_word' id='word_1_257' title='bbox 1775 3492 1895 3532; x_wconf 86' lang='lat' dir='ltr'><strong>ser-</strong></span> 
     </span>
    </p>
   </div>
   <div class='ocr_carea' id='block_1_35' title="bbox 306 3563 1900 3636">
    <p class='ocr_par' dir='ltr' id='par_1_35' title="bbox 306 3563 1900 3636">
     <span class='ocr_line' id='line_1_35' title="bbox 306 3563 1900 3636; baseline 0.006 -21"><span class='ocrx_word' id='word_1_258' title='bbox 306 3563 470 3634; x_wconf 80' lang='lat' dir='ltr'><strong>vique</strong></span> <span class='ocrx_word' id='word_1_259' title='bbox 512 3564 729 3635; x_wconf 78' lang='lat' dir='ltr'><strong>segnius</strong></span> <span class='ocrx_word' id='word_1_260' title='bbox 770 3580 829 3619; x_wconf 88' lang='lat' dir='ltr'><strong>se</strong></span> <span class='ocrx_word' id='word_1_261' title='bbox 878 3564 1135 3621; x_wconf 84' lang='lat' dir='ltr'><strong>habentes</strong></span> <span class='ocrx_word' id='word_1_262' title='bbox 1158 3574 1212 3620; x_wconf 91' lang='lat' dir='ltr'><strong>et</strong></span> <span class='ocrx_word' id='word_1_263' title='bbox 1237 3582 1266 3619; x_wconf 88' lang='lat' dir='ltr'><strong>a</strong></span> <span class='ocrx_word' id='word_1_264' title='bbox 1310 3566 1633 3636; x_wconf 79' lang='lat' dir='ltr'><strong>supradictis</strong></span> <span class='ocrx_word' id='word_1_265' title='bbox 1659 3578 1766 3623; x_wconf 89' lang='lat' dir='ltr'><strong>eta</strong></span> <span class='ocrx_word' id='word_1_266' title='bbox 1796 3568 1900 3624; x_wconf 78' lang='lat' dir='ltr'><strong>do-</strong></span> 
     </span>
    </p>
   </div>
   <div class='ocr_carea' id='block_1_36' title="bbox 306 3654 1902 3726">
    <p class='ocr_par' dir='ltr' id='par_1_36' title="bbox 306 3654 1902 3726">
     <span class='ocr_line' id='line_1_36' title="bbox 306 3654 1902 3726; baseline 0.005 -18"><span class='ocrx_word' id='word_1_267' title='bbox 306 3654 471 3709; x_wconf 88' lang='lat' dir='ltr'><strong>minis</strong></span> <span class='ocrx_word' id='word_1_268' title='bbox 512 3656 885 3711; x_wconf 87' lang='lat' dir='ltr'><strong>necessitatem</strong></span> <span class='ocrx_word' id='word_1_269' title='bbox 923 3657 1200 3712; x_wconf 65' lang='lat' dir='ltr'><strong>modestiae</strong></span> <span class='ocrx_word' id='word_1_270' title='bbox 1242 3659 1517 3714; x_wconf 74' lang='lat' dir='ltr'><strong>servandae</strong></span> <span class='ocrx_word' id='word_1_271' title='bbox 1560 3658 1793 3726; x_wconf 81' lang='lat' dir='ltr'><strong>habent,</strong></span> <span class='ocrx_word' id='word_1_272' title='bbox 1845 3668 1902 3716; x_wconf 88' lang='lat' dir='ltr'><strong>et</strong></span> 
     </span>
    </p>
   </div>
   <div class='ocr_carea' id='block_1_37' title="bbox 307 3746 1899 3822">
    <p class='ocr_par' dir='ltr' id='par_1_37' title="bbox 307 3746 1899 3822">
     <span class='ocr_line' id='line_1_37' title="bbox 307 3746 1899 3822; baseline 0.004 -23"><span class='ocrx_word' id='word_1_273' title='bbox 307 3746 564 3804; x_wconf 87' lang='lat' dir='ltr'><strong>mulieres</strong></span> <span class='ocrx_word' id='word_1_274' title='bbox 585 3764 616 3803; x_wconf 90' lang='lat' dir='ltr'><strong>a</strong></span> <span class='ocrx_word' id='word_1_275' title='bbox 639 3749 801 3814; x_wconf 89' lang='lat' dir='ltr'><strong>viris;</strong></span> <span class='ocrx_word' id='word_1_276' title='bbox 829 3758 883 3803; x_wconf 90' lang='lat' dir='ltr'><strong>et</strong></span> <span class='ocrx_word' id='word_1_277' title='bbox 906 3749 1052 3803; x_wconf 89' lang='lat' dir='ltr'><strong>multi</strong></span> <span class='ocrx_word' id='word_1_278' title='bbox 1077 3749 1313 3822; x_wconf 87' lang='lat' dir='ltr'><strong>undique</strong></span> <span class='ocrx_word' id='word_1_279' title='bbox 1336 3750 1518 3820; x_wconf 68' lang='lat' dir='ltr'><strong>generi</strong></span> <span class='ocrx_word' id='word_1_280' title='bbox 1548 3759 1734 3806; x_wconf 90' lang='lat' dir='ltr'><strong>nostro</strong></span> <span class='ocrx_word' id='word_1_281' title='bbox 1759 3751 1899 3806; x_wconf 89' lang='lat' dir='ltr'><strong>muri</strong></span> 
     </span>
    </p>
   </div>
   <div class='ocr_carea' id='block_1_38' title="bbox 307 3839 1898 3914">
    <p class='ocr_par' dir='ltr' id='par_1_38' title="bbox 307 3839 1898 3914">
     <span class='ocr_line' id='line_1_38' title="bbox 307 3839 1898 3914; baseline 0.006 -23"><span class='ocrx_word' id='word_1_282' title='bbox 307 3846 469 3904; x_wconf 89' lang='lat' dir='ltr'><strong>sunt,</strong></span> <span class='ocrx_word' id='word_1_283' title='bbox 498 3854 564 3893; x_wconf 91' lang='lat' dir='ltr'><strong>ne</strong></span> <span class='ocrx_word' id='word_1_284' title='bbox 599 3839 752 3895; x_wconf 86' lang='lat' dir='ltr'><strong>facile</strong></span> <span class='ocrx_word' id='word_1_285' title='bbox 794 3840 846 3895; x_wconf 91' lang='lat' dir='ltr'><strong>in</strong></span> <span class='ocrx_word' id='word_1_286' title='bbox 876 3841 1057 3896; x_wconf 78' lang='lat' dir='ltr'><strong>vitium</strong></span> <span class='ocrx_word' id='word_1_287' title='bbox 1089 3842 1389 3898; x_wconf 74' lang='lat' dir='ltr'><strong>dilabantur</strong></span> <span class='ocrx_word' id='word_1_288' title='bbox 1417 3851 1470 3898; x_wconf 92' lang='lat' dir='ltr'><strong>et</strong></span> <span class='ocrx_word' id='word_1_289' title='bbox 1509 3843 1785 3914; x_wconf 76' lang='lat' dir='ltr'><strong>cudamus.</strong></span> <span class='ocrx_word' id='word_1_290' title='bbox 1817 3844 1898 3900; x_wconf 81' lang='lat' dir='ltr'><strong>Ad</strong></span> 
     </span>
    </p>
   </div>
   <div class='ocr_carea' id='block_1_39' title="bbox 308 3928 1899 4005">
    <p class='ocr_par' dir='ltr' id='par_1_39' title="bbox 308 3928 1899 4005">
     <span class='ocr_line' id='line_1_39' title="bbox 308 3928 1899 4005; baseline 0.005 -21"><span class='ocrx_word' id='word_1_291' title='bbox 308 3928 425 3984; x_wconf 66' lang='lat' dir='ltr'><strong>lucc</strong></span> <span class='ocrx_word' id='word_1_292' title='bbox 448 3938 624 3986; x_wconf 88' lang='lat' dir='ltr'><strong>autem</strong></span> <span class='ocrx_word' id='word_1_293' title='bbox 654 3931 833 3986; x_wconf 87' lang='lat' dir='ltr'><strong>omnia</strong></span> <span class='ocrx_word' id='word_1_294' title='bbox 851 3942 904 3987; x_wconf 91' lang='lat' dir='ltr'><strong>ct</strong></span> <span class='ocrx_word' id='word_1_295' title='bbox 932 3933 1272 4003; x_wconf 82' lang='lat' dir='ltr'><strong>a-gritudines</strong></span> <span class='ocrx_word' id='word_1_296' title='bbox 1298 3945 1352 3989; x_wconf 90' lang='lat' dir='ltr'><strong>et</strong></span> <span class='ocrx_word' id='word_1_297' title='bbox 1383 3935 1714 4005; x_wconf 82' lang='lat' dir='ltr'><strong>negotiorum</strong></span> <span class='ocrx_word' id='word_1_298' title='bbox 1744 3951 1899 4005; x_wconf 87' lang='lat' dir='ltr'><strong>pres-</strong></span> 
     </span>
    </p>
   </div>
   <div class='ocr_carea' id='block_1_40' title="bbox 308 4023 1900 4096">
    <p class='ocr_par' dir='ltr' id='par_1_40' title="bbox 308 4023 1900 4096">
     <span class='ocr_line' id='line_1_40' title="bbox 308 4023 1900 4096; baseline 0.004 -21"><span class='ocrx_word' id='word_1_299' title='bbox 308 4037 447 4076; x_wconf 71' lang='lat' dir='ltr'><strong>sura:</strong></span> <span class='ocrx_word' id='word_1_300' title='bbox 487 4038 584 4078; x_wconf 86' lang='lat' dir='ltr'><strong>nos</strong></span> <span class='ocrx_word' id='word_1_301' title='bbox 629 4023 825 4079; x_wconf 88' lang='lat' dir='ltr'><strong>docent</strong></span> <span class='ocrx_word' id='word_1_302' title='bbox 858 4042 871 4076; x_wconf 89' lang='lat'><strong>:</strong></span> <span class='ocrx_word' id='word_1_303' title='bbox 908 4025 1107 4080; x_wconf 87' lang='lat' dir='ltr'><strong>etenim</strong></span> <span class='ocrx_word' id='word_1_304' title='bbox 1139 4036 1191 4081; x_wconf 92' lang='lat' dir='ltr'><strong>ct</strong></span> <span class='ocrx_word' id='word_1_305' title='bbox 1229 4036 1510 4096; x_wconf 85' lang='lat' dir='ltr'><strong>paupertas</strong></span> <span class='ocrx_word' id='word_1_306' title='bbox 1551 4026 1803 4091; x_wconf 82' lang='lat' dir='ltr'><strong>cohibet,</strong></span> <span class='ocrx_word' id='word_1_307' title='bbox 1846 4035 1900 4083; x_wconf 92' lang='lat' dir='ltr'><strong>et</strong></span> 
     </span>
    </p>
   </div>
   <div class='ocr_carea' id='block_1_41' title="bbox 310 4112 1897 4195">
    <p class='ocr_par' dir='ltr' id='par_1_41' title="bbox 310 4112 1897 4195">
     <span class='ocr_line' id='line_1_41' title="bbox 310 4112 1897 4195; baseline 0.006 -30"><span class='ocrx_word' id='word_1_308' title='bbox 310 4112 505 4167; x_wconf 88' lang='lat' dir='ltr'><strong>mulcta</strong></span> <span class='ocrx_word' id='word_1_309' title='bbox 535 4114 794 4185; x_wconf 89' lang='lat' dir='ltr'><strong>castigat,</strong></span> <span class='ocrx_word' id='word_1_310' title='bbox 833 4124 887 4171; x_wconf 91' lang='lat' dir='ltr'><strong>et</strong></span> <span class='ocrx_word' id='word_1_311' title='bbox 910 4116 1204 4187; x_wconf 89' lang='lat' dir='ltr'><strong>periculum</strong></span> <span class='ocrx_word' id='word_1_312' title='bbox 1231 4119 1455 4188; x_wconf 88' lang='lat' dir='ltr'><strong>corripit</strong></span> <span class='ocrx_word' id='word_1_313' title='bbox 1476 4157 1490 4185; x_wconf 90' lang='lat'><strong>,</strong></span> <span class='ocrx_word' id='word_1_314' title='bbox 1517 4128 1571 4173; x_wconf 93' lang='lat' dir='ltr'><strong>et</strong></span> <span class='ocrx_word' id='word_1_315' title='bbox 1603 4119 1767 4173; x_wconf 88' lang='lat' dir='ltr'><strong>multa</strong></span> <span class='ocrx_word' id='word_1_316' title='bbox 1794 4119 1897 4195; x_wconf 77' lang='lat' dir='ltr'><strong>alia</strong></span> 
     </span>
    </p>
   </div>
   <div class='ocr_carea' id='block_1_42' title="bbox 308 4202 1899 4293">
    <p class='ocr_par' dir='ltr' id='par_1_42' title="bbox 308 4202 1899 4293">
     <span class='ocr_line' id='line_1_42' title="bbox 308 4202 1899 4293; baseline 0.008 -38"><span class='ocrx_word' id='word_1_317' title='bbox 308 4202 633 4274; x_wconf 80' lang='lat' dir='ltr'><strong>ltujusmodi.</strong></span> <span class='ocrx_word' id='word_1_318' title='bbox 684 4205 802 4262; x_wconf 86' lang='lat' dir='ltr'><strong>Non</strong></span> <span class='ocrx_word' id='word_1_319' title='bbox 831 4215 997 4263; x_wconf 88' lang='lat' dir='ltr'><strong>terret</strong></span> <span class='ocrx_word' id='word_1_320' title='bbox 1023 4216 1075 4264; x_wconf 93' lang='lat' dir='ltr'><strong>te</strong></span> <span class='ocrx_word' id='word_1_321' title='bbox 1100 4210 1291 4279; x_wconf 88' lang='lat' dir='ltr'><strong>pater?</strong></span> <span class='ocrx_word' id='word_1_322' title='bbox 1333 4225 1432 4265; x_wconf 91' lang='lat' dir='ltr'><strong>nec</strong></span> <span class='ocrx_word' id='word_1_323' title='bbox 1471 4212 1766 4293; x_wconf 76' lang='lat' dir='ltr'><strong>magister?</strong></span> <span class='ocrx_word' id='word_1_324' title='bbox 1791 4227 1899 4268; x_wconf 93' lang='lat' dir='ltr'><strong>non</strong></span> 
     </span>
    </p>
   </div>
   <div class='ocr_carea' id='block_1_43' title="bbox 308 4296 1899 4370">
    <p class='ocr_par' dir='ltr' id='par_1_43' title="bbox 308 4296 1899 4370">
     <span class='ocr_line' id='line_1_43' title="bbox 308 4296 1899 4370; baseline 0.007 -23"><span class='ocrx_word' id='word_1_325' title='bbox 308 4296 599 4365; x_wconf 82' lang='lat' dir='ltr'><strong>princeps?</strong></span> <span class='ocrx_word' id='word_1_326' title='bbox 645 4311 752 4352; x_wconf 91' lang='lat' dir='ltr'><strong>non</strong></span> <span class='ocrx_word' id='word_1_327' title='bbox 796 4297 1105 4368; x_wconf 85' lang='lat' dir='ltr'><strong>legislator?</strong></span> <span class='ocrx_word' id='word_1_328' title='bbox 1153 4315 1258 4354; x_wconf 93' lang='lat' dir='ltr'><strong>non</strong></span> <span class='ocrx_word' id='word_1_329' title='bbox 1292 4298 1496 4370; x_wconf 76' lang='lat' dir='ltr'><strong>judes?</strong></span> <span class='ocrx_word' id='word_1_330' title='bbox 1539 4318 1648 4356; x_wconf 88' lang='lat' dir='ltr'><strong>non</strong></span> <span class='ocrx_word' id='word_1_331' title='bbox 1680 4314 1732 4358; x_wconf 91' lang='lat' dir='ltr'><strong>te</strong></span> <span class='ocrx_word' id='word_1_332' title='bbox 1770 4319 1899 4358; x_wconf 84' lang='lat' dir='ltr'><strong>con-</strong></span> 
     </span>
    </p>
   </div>
   <div class='ocr_carea' id='block_1_44' title="bbox 309 4387 1902 4466">
    <p class='ocr_par' dir='ltr' id='par_1_44' title="bbox 309 4387 1902 4466">
     <span class='ocr_line' id='line_1_44' title="bbox 309 4387 1902 4466; baseline 0.006 -24"><span class='ocrx_word' id='word_1_333' title='bbox 309 4387 483 4443; x_wconf 83' lang='lat' dir='ltr'><strong>fundit</strong></span> <span class='ocrx_word' id='word_1_334' title='bbox 514 4390 758 4446; x_wconf 60' lang='lat' dir='ltr'><strong>amicus}</strong></span> <span class='ocrx_word' id='word_1_335' title='bbox 783 4407 887 4447; x_wconf 92' lang='lat' dir='ltr'><strong>non</strong></span> <span class='ocrx_word' id='word_1_336' title='bbox 915 4400 966 4446; x_wconf 90' lang='lat' dir='ltr'><strong>te</strong></span> <span class='ocrx_word' id='word_1_337' title='bbox 993 4392 1205 4448; x_wconf 89' lang='lat' dir='ltr'><strong>mordet</strong></span> <span class='ocrx_word' id='word_1_338' title='bbox 1233 4393 1517 4448; x_wconf 82' lang='lat' dir='ltr'><strong>inimicus?</strong></span> <span class='ocrx_word' id='word_1_339' title='bbox 1546 4410 1649 4448; x_wconf 88' lang='lat' dir='ltr'><strong>non</strong></span> <span class='ocrx_word' id='word_1_340' title='bbox 1678 4396 1902 4466; x_wconf 80' lang='lat' dir='ltr'><strong>castigat</strong></span> 
     </span>
    </p>
   </div>
   <div class='ocr_carea' id='block_1_45' title="bbox 307 4478 1901 4555">
    <p class='ocr_par' dir='ltr' id='par_1_45' title="bbox 307 4478 1901 4555">
     <span class='ocr_line' id='line_1_45' title="bbox 307 4478 1901 4555; baseline 0.004 -22"><span class='ocrx_word' id='word_1_341' title='bbox 307 4478 595 4535; x_wconf 87' lang='lat' dir='ltr'><strong>dominus?</strong></span> <span class='ocrx_word' id='word_1_342' title='bbox 624 4496 731 4535; x_wconf 90' lang='lat' dir='ltr'><strong>non</strong></span> <span class='ocrx_word' id='word_1_343' title='bbox 760 4480 920 4537; x_wconf 91' lang='lat' dir='ltr'><strong>docet</strong></span> <span class='ocrx_word' id='word_1_344' title='bbox 954 4482 1215 4538; x_wconf 86' lang='lat' dir='ltr'><strong>maritus?</strong></span> <span class='ocrx_word' id='word_1_345' title='bbox 1240 4498 1347 4537; x_wconf 92' lang='lat' dir='ltr'><strong>non</strong></span> <span class='ocrx_word' id='word_1_346' title='bbox 1381 4484 1598 4555; x_wconf 80' lang='lat' dir='ltr'><strong>corrigit</strong></span> <span class='ocrx_word' id='word_1_347' title='bbox 1622 4486 1901 4542; x_wconf 88' lang='lat' dir='ltr'><strong>conscien-</strong></span> 
     </span>
    </p>
   </div>
   <div class='ocr_carea' id='block_1_46' title="bbox 311 4570 1900 4649">
    <p class='ocr_par' dir='ltr' id='par_1_46' title="bbox 311 4570 1900 4649">
     <span class='ocr_line' id='line_1_46' title="bbox 311 4570 1900 4649; baseline 0.007 -26"><span class='ocrx_word' id='word_1_348' title='bbox 311 4571 420 4624; x_wconf 85' lang='lat' dir='ltr'><strong>tia?</strong></span> <span class='ocrx_word' id='word_1_349' title='bbox 486 4570 591 4627; x_wconf 89' lang='lat' dir='ltr'><strong>Sed</strong></span> <span class='ocrx_word' id='word_1_350' title='bbox 643 4573 941 4645; x_wconf 86' lang='lat' dir='ltr'><strong>corporalis</strong></span> <span class='ocrx_word' id='word_1_351' title='bbox 995 4574 1257 4645; x_wconf 76' lang='lat' dir='ltr'><strong>aegritudo</strong></span> <span class='ocrx_word' id='word_1_352' title='bbox 1318 4578 1706 4647; x_wconf 84' lang='lat' dir='ltr'><strong>supervcniens</strong></span> <span class='ocrx_word' id='word_1_353' title='bbox 1755 4594 1900 4649; x_wconf 69' lang='lat' dir='ltr'><strong>saepe</strong></span> 
     </span>
    </p>
   </div>
   <div class='ocr_carea' id='block_1_47' title="bbox 309 4664 1900 4735">
    <p class='ocr_par' dir='ltr' id='par_1_47' title="bbox 309 4664 1900 4735">
     <span class='ocr_line' id='line_1_47' title="bbox 309 4664 1900 4735; baseline 0.007 -18"><span class='ocrx_word' id='word_1_354' title='bbox 309 4664 489 4718; x_wconf 87' lang='lat' dir='ltr'><strong>omnia</strong></span> <span class='ocrx_word' id='word_1_355' title='bbox 514 4667 748 4721; x_wconf 78' lang='lat' dir='ltr'><strong>correxit</strong></span> <span class='ocrx_word' id='word_1_356' title='bbox 771 4706 788 4735; x_wconf 89' lang='lat'><strong>,</strong></span> <span class='ocrx_word' id='word_1_357' title='bbox 822 4678 879 4722; x_wconf 94' lang='lat' dir='ltr'><strong>et</strong></span> <span class='ocrx_word' id='word_1_358' title='bbox 916 4668 1114 4723; x_wconf 89' lang='lat' dir='ltr'><strong>mulcta</strong></span> <span class='ocrx_word' id='word_1_359' title='bbox 1157 4668 1416 4725; x_wconf 89' lang='lat' dir='ltr'><strong>audacem</strong></span> <span class='ocrx_word' id='word_1_360' title='bbox 1455 4671 1581 4726; x_wconf 82' lang='lat' dir='ltr'><strong>fecit</strong></span> <span class='ocrx_word' id='word_1_361' title='bbox 1619 4670 1900 4728; x_wconf 87' lang='lat' dir='ltr'><strong>humanio-</strong></span> 
     </span>
    </p>
   </div>
   <div class='ocr_carea' id='block_1_48' title="bbox 309 4758 1892 4831">
    <p class='ocr_par' dir='ltr' id='par_1_48' title="bbox 309 4758 1892 4831">
     <span class='ocr_line' id='line_1_48' title="bbox 309 4758 1892 4831; baseline 0.006 -21"><span class='ocrx_word' id='word_1_362' title='bbox 309 4772 463 4812; x_wconf 84' lang='lat' dir='ltr'><strong>rem:</strong></span> <span class='ocrx_word' id='word_1_363' title='bbox 492 4758 740 4829; x_wconf 83' lang='lat' dir='ltr'><strong>quodque</strong></span> <span class='ocrx_word' id='word_1_364' title='bbox 775 4761 1017 4830; x_wconf 83' lang='lat' dir='ltr'><strong>proiecto</strong></span> <span class='ocrx_word' id='word_1_365' title='bbox 1048 4762 1225 4831; x_wconf 86' lang='lat' dir='ltr'><strong>majus</strong></span> <span class='ocrx_word' id='word_1_366' title='bbox 1269 4772 1385 4827; x_wconf 90' lang='lat' dir='ltr'><strong>est,</strong></span> <span class='ocrx_word' id='word_1_367' title='bbox 1428 4778 1533 4817; x_wconf 90' lang='lat' dir='ltr'><strong>non</strong></span> <span class='ocrx_word' id='word_1_368' title='bbox 1566 4773 1766 4819; x_wconf 83' lang='lat' dir='ltr'><strong>tantum</strong></span> <span class='ocrx_word' id='word_1_369' title='bbox 1801 4781 1892 4821; x_wconf 81' lang='lat' dir='ltr'><strong>no-</strong></span> 
     </span>
    </p>
   </div>
   <div class='ocr_carea' id='block_1_49' title="bbox 307 4848 1900 4925">
    <p class='ocr_par' dir='ltr' id='par_1_49' title="bbox 307 4848 1900 4925">
     <span class='ocr_line' id='line_1_49' title="bbox 307 4848 1900 4925; baseline 0.006 -22"><span class='ocrx_word' id='word_1_370' title='bbox 307 4848 393 4903; x_wconf 89' lang='lat' dir='ltr'><strong>bis</strong></span> <span class='ocrx_word' id='word_1_371' title='bbox 413 4889 429 4913; x_wconf 92' lang='lat'><strong>,</strong></span> <span class='ocrx_word' id='word_1_372' title='bbox 461 4849 556 4904; x_wconf 90' lang='lat' dir='ltr'><strong>sed</strong></span> <span class='ocrx_word' id='word_1_373' title='bbox 582 4863 636 4906; x_wconf 92' lang='lat' dir='ltr'><strong>et</strong></span> <span class='ocrx_word' id='word_1_374' title='bbox 669 4851 788 4906; x_wconf 90' lang='lat' dir='ltr'><strong>aliis</strong></span> <span class='ocrx_word' id='word_1_375' title='bbox 827 4851 1123 4908; x_wconf 85' lang='lat' dir='ltr'><strong>accidentia</strong></span> <span class='ocrx_word' id='word_1_376' title='bbox 1149 4854 1286 4908; x_wconf 84' lang='lat' dir='ltr'><strong>mala</strong></span> <span class='ocrx_word' id='word_1_377' title='bbox 1322 4870 1646 4925; x_wconf 82' lang='lat' dir='ltr'><strong>magnopere</strong></span> <span class='ocrx_word' id='word_1_378' title='bbox 1676 4857 1900 4913; x_wconf 83' lang='lat' dir='ltr'><strong>nosad-</strong></span> 
     </span>
    </p>
   </div>
   <div class='ocr_carea' id='block_1_50' title="bbox 310 4939 1900 5014">
    <p class='ocr_par' dir='ltr' id='par_1_50' title="bbox 310 4939 1900 5014">
     <span class='ocr_line' id='line_1_50' title="bbox 310 4939 1900 5014; baseline 0.008 -23"><span class='ocrx_word' id='word_1_379' title='bbox 310 4939 495 5008; x_wconf 77' lang='lat' dir='ltr'><strong>iuvare</strong></span> <span class='ocrx_word' id='word_1_380' title='bbox 535 4952 930 4998; x_wconf 87' lang='lat' dir='ltr'><strong>consueverunt</strong></span> <span class='ocrx_word' id='word_1_381' title='bbox 960 4961 974 4997; x_wconf 93' lang='lat'><strong>:</strong></span> <span class='ocrx_word' id='word_1_382' title='bbox 1004 4950 1058 4998; x_wconf 89' lang='lat' dir='ltr'><strong>et</strong></span> <span class='ocrx_word' id='word_1_383' title='bbox 1101 4943 1201 5012; x_wconf 85' lang='lat' dir='ltr'><strong>ipsi</strong></span> <span class='ocrx_word' id='word_1_384' title='bbox 1234 4959 1400 5014; x_wconf 80' lang='lat' dir='ltr'><strong>grave</strong></span> <span class='ocrx_word' id='word_1_385' title='bbox 1429 4945 1505 5000; x_wconf 89' lang='lat' dir='ltr'><strong>nil</strong></span> <span class='ocrx_word' id='word_1_386' title='bbox 1540 4947 1680 5014; x_wconf 83' lang='lat' dir='ltr'><strong>passi</strong></span> <span class='ocrx_word' id='word_1_387' title='bbox 1705 4989 1719 5013; x_wconf 84' lang='lat'><strong>,</strong></span> <span class='ocrx_word' id='word_1_388' title='bbox 1764 4947 1900 5003; x_wconf 85' lang='lat' dir='ltr'><strong>alios</strong></span> 
     </span>
    </p>
   </div>
   <div class='ocr_carea' id='block_1_51' title="bbox 312 5033 1896 5110">
    <p class='ocr_par' dir='ltr' id='par_1_51' title="bbox 312 5033 1896 5110">
     <span class='ocr_line' id='line_1_51' title="bbox 312 5033 1896 5110; baseline 0.008 -28"><span class='ocrx_word' id='word_1_389' title='bbox 312 5045 441 5083; x_wconf 86' lang='lat' dir='ltr'><strong>vero</strong></span> <span class='ocrx_word' id='word_1_390' title='bbox 489 5033 662 5100; x_wconf 90' lang='lat' dir='ltr'><strong>puniri</strong></span> <span class='ocrx_word' id='word_1_391' title='bbox 712 5033 1047 5103; x_wconf 88' lang='lat' dir='ltr'><strong>conspicati,</strong></span> <span class='ocrx_word' id='word_1_392' title='bbox 1100 5051 1205 5088; x_wconf 90' lang='lat' dir='ltr'><strong>non</strong></span> <span class='ocrx_word' id='word_1_393' title='bbox 1263 5035 1439 5091; x_wconf 73' lang='lat' dir='ltr'><strong>minus</strong></span> <span class='ocrx_word' id='word_1_394' title='bbox 1488 5036 1597 5092; x_wconf 84' lang='lat' dir='ltr'><strong>illis</strong></span> <span class='ocrx_word' id='word_1_395' title='bbox 1651 5040 1896 5110; x_wconf 83' lang='lat' dir='ltr'><strong>castigati</strong></span> 
     </span>
    </p>
   </div>
   <div class='ocr_carea' id='block_1_52' title="bbox 307 5135 513 5177">
    <p class='ocr_par' dir='ltr' id='par_1_52' title="bbox 307 5135 513 5177">
     <span class='ocr_line' id='line_1_52' title="bbox 307 5135 513 5177; baseline -0.01 0"><span class='ocrx_word' id='word_1_396' title='bbox 307 5135 513 5177; x_wconf 81' lang='lat' dir='ltr'><strong>sumus.</strong></span> 
     </span>
    </p>
   </div>
   <div class='ocr_carea' id='block_1_53' title="bbox 378 5213 1894 5294">
    <p class='ocr_par' dir='ltr' id='par_1_53' title="bbox 378 5213 1894 5294">
     <span class='ocr_line' id='line_1_53' title="bbox 378 5213 1894 5294; baseline 0.007 -26"><span class='ocrx_word' id='word_1_397' title='bbox 378 5213 631 5271; x_wconf 74' lang='lat' dir='ltr'><strong>Aduersus</strong></span> <span class='ocrx_word' id='word_1_398' title='bbox 659 5218 972 5286; x_wconf 82' lang='lat' dir='ltr'><strong>juramenla.</strong></span> <span class='ocrx_word' id='word_1_399' title='bbox 1000 5249 1073 5260; x_wconf 90' lang='lat'><strong>—</strong></span> <span class='ocrx_word' id='word_1_400' title='bbox 1107 5220 1220 5274; x_wconf 83' lang='lat' dir='ltr'><strong>Hoc</strong></span> <span class='ocrx_word' id='word_1_401' title='bbox 1254 5230 1308 5275; x_wconf 91' lang='lat' dir='ltr'><strong>et</strong></span> <span class='ocrx_word' id='word_1_402' title='bbox 1353 5221 1404 5274; x_wconf 90' lang='lat' dir='ltr'><strong>in</strong></span> <span class='ocrx_word' id='word_1_403' title='bbox 1445 5221 1736 5278; x_wconf 81' lang='lat' dir='ltr'><strong>benefactis</strong></span> <span class='ocrx_word' id='word_1_404' title='bbox 1773 5224 1894 5294; x_wconf 84' lang='lat' dir='ltr'><strong>quis</strong></span> 
     </span>
    </p>
   </div>
   <div class='ocr_carea' id='block_1_54' title="bbox 313 5306 1895 5382">
    <p class='ocr_par' dir='ltr' id='par_1_54' title="bbox 313 5306 1895 5382">
     <span class='ocr_line' id='line_1_54' title="bbox 313 5306 1895 5382; baseline 0.008 -23"><span class='ocrx_word' id='word_1_405' title='bbox 313 5306 487 5362; x_wconf 86' lang='lat' dir='ltr'><strong>videat</strong></span> <span class='ocrx_word' id='word_1_406' title='bbox 514 5308 729 5366; x_wconf 87' lang='lat' dir='ltr'><strong>evenire</strong></span> <span class='ocrx_word' id='word_1_407' title='bbox 759 5327 773 5364; x_wconf 91' lang='lat'><strong>:</strong></span> <span class='ocrx_word' id='word_1_408' title='bbox 803 5310 939 5366; x_wconf 88' lang='lat' dir='ltr'><strong>sicut</strong></span> <span class='ocrx_word' id='word_1_409' title='bbox 982 5312 1126 5366; x_wconf 87' lang='lat' dir='ltr'><strong>enim</strong></span> <span class='ocrx_word' id='word_1_410' title='bbox 1153 5312 1280 5367; x_wconf 88' lang='lat' dir='ltr'><strong>dum</strong></span> <span class='ocrx_word' id='word_1_411' title='bbox 1307 5311 1601 5382; x_wconf 90' lang='lat' dir='ltr'><strong>puniuntur</strong></span> <span class='ocrx_word' id='word_1_412' title='bbox 1627 5316 1775 5381; x_wconf 88' lang='lat' dir='ltr'><strong>mali,</strong></span> <span class='ocrx_word' id='word_1_413' title='bbox 1805 5317 1895 5372; x_wconf 90' lang='lat' dir='ltr'><strong>alii</strong></span> 
     </span>
    </p>
   </div>
   <div class='ocr_carea' id='block_1_55' title="bbox 326 5398 1893 5475">
    <p class='ocr_par' dir='ltr' id='par_1_55' title="bbox 326 5398 1893 5475">
     <span class='ocr_line' id='line_1_55' title="bbox 326 5398 1893 5475; baseline 0.006 -22"><span class='ocrx_word' id='word_1_414' title='bbox 326 5398 559 5454; x_wconf 88' lang='lat' dir='ltr'><strong>ncliores</strong></span> <span class='ocrx_word' id='word_1_415' title='bbox 602 5398 908 5455; x_wconf 77' lang='lat' dir='ltr'><strong>efﬁciuntur</strong></span> <span class='ocrx_word' id='word_1_416' title='bbox 936 5420 949 5457; x_wconf 91' lang='lat'><strong>:</strong></span> <span class='ocrx_word' id='word_1_417' title='bbox 976 5403 1055 5456; x_wconf 90' lang='lat' dir='ltr'><strong>sic</strong></span> <span class='ocrx_word' id='word_1_418' title='bbox 1101 5401 1256 5458; x_wconf 88' lang='lat' dir='ltr'><strong>bonis</strong></span> <span class='ocrx_word' id='word_1_419' title='bbox 1297 5403 1434 5459; x_wconf 89' lang='lat' dir='ltr'><strong>bene</strong></span> <span class='ocrx_word' id='word_1_420' title='bbox 1473 5418 1532 5460; x_wconf 87' lang='lat' dir='ltr'><strong>se</strong></span> <span class='ocrx_word' id='word_1_421' title='bbox 1566 5408 1893 5475; x_wconf 80' lang='lat' dir='ltr'><strong>gerentibus,</strong></span> 
     </span>
    </p>
   </div>
   <div class='ocr_carea' id='block_1_56' title="bbox 329 5487 1899 5567">
    <p class='ocr_par' dir='ltr' id='par_1_56' title="bbox 329 5487 1899 5567">
     <span class='ocr_line' id='line_1_56' title="bbox 329 5487 1899 5567; baseline 0.006 -23"><span class='ocrx_word' id='word_1_422' title='bbox 329 5487 464 5544; x_wconf 90' lang='lat' dir='ltr'><strong>nulti</strong></span> <span class='ocrx_word' id='word_1_423' title='bbox 490 5489 557 5544; x_wconf 89' lang='lat' dir='ltr'><strong>ad</strong></span> <span class='ocrx_word' id='word_1_424' title='bbox 591 5490 817 5546; x_wconf 89' lang='lat' dir='ltr'><strong>similem</strong></span> <span class='ocrx_word' id='word_1_425' title='bbox 857 5492 1030 5546; x_wconf 87' lang='lat' dir='ltr'><strong>zelum</strong></span> <span class='ocrx_word' id='word_1_426' title='bbox 1067 5491 1393 5550; x_wconf 89' lang='lat' dir='ltr'><strong>inducuntur</strong></span> <span class='ocrx_word' id='word_1_427' title='bbox 1430 5513 1442 5549; x_wconf 92' lang='lat'><strong>:</strong></span> <span class='ocrx_word' id='word_1_428' title='bbox 1476 5495 1620 5565; x_wconf 91' lang='lat' dir='ltr'><strong>quod</strong></span> <span class='ocrx_word' id='word_1_429' title='bbox 1655 5507 1710 5552; x_wconf 88' lang='lat' dir='ltr'><strong>et</strong></span> <span class='ocrx_word' id='word_1_430' title='bbox 1732 5498 1782 5551; x_wconf 90' lang='lat' dir='ltr'><strong>in</strong></span> <span class='ocrx_word' id='word_1_431' title='bbox 1820 5497 1899 5567; x_wconf 81' lang='lat' dir='ltr'><strong>ju-</strong></span> 
     </span>
    </p>
   </div>
   <div class='ocr_carea' id='block_1_57' title="bbox 327 5581 1894 5654">
    <p class='ocr_par' dir='ltr' id='par_1_57' title="bbox 327 5581 1894 5654">
     <span class='ocr_line' id='line_1_57' title="bbox 327 5581 1894 5654; baseline 0.008 -20"><span class='ocrx_word' id='word_1_432' title='bbox 327 5588 671 5636; x_wconf 71' lang='lat' dir='ltr'><strong>amentorum</strong></span> <span class='ocrx_word' id='word_1_433' title='bbox 714 5581 835 5652; x_wconf 87' lang='lat' dir='ltr'><strong>fuga</strong></span> <span class='ocrx_word' id='word_1_434' title='bbox 882 5582 1122 5654; x_wconf 85' lang='lat' dir='ltr'><strong>contigit.</strong></span> <span class='ocrx_word' id='word_1_435' title='bbox 1163 5583 1311 5639; x_wconf 82' lang='lat' dir='ltr'><strong>Multi</strong></span> <span class='ocrx_word' id='word_1_436' title='bbox 1358 5586 1500 5640; x_wconf 87' lang='lat' dir='ltr'><strong>enim</strong></span> <span class='ocrx_word' id='word_1_437' title='bbox 1547 5587 1686 5642; x_wconf 86' lang='lat' dir='ltr'><strong>alios</strong></span> <span class='ocrx_word' id='word_1_438' title='bbox 1721 5589 1894 5646; x_wconf 89' lang='lat' dir='ltr'><strong>intuiti</strong></span> 
     </span>
    </p>
   </div>
   <div class='ocr_carea' id='block_1_58' title="bbox 330 5672 1892 5745">
    <p class='ocr_par' dir='ltr' id='par_1_58' title="bbox 330 5672 1892 5745">
     <span class='ocr_line' id='line_1_58' title="bbox 330 5672 1892 5745; baseline 0.005 -17"><span class='ocrx_word' id='word_1_439' title='bbox 330 5672 503 5729; x_wconf 84' lang='lat' dir='ltr'><strong>nalam</strong></span> <span class='ocrx_word' id='word_1_440' title='bbox 532 5673 843 5742; x_wconf 86' lang='lat' dir='ltr'><strong>deposuisse</strong></span> <span class='ocrx_word' id='word_1_441' title='bbox 873 5673 1088 5745; x_wconf 89' lang='lat' dir='ltr'><strong>jurandi</strong></span> <span class='ocrx_word' id='word_1_442' title='bbox 1135 5677 1575 5732; x_wconf 83' lang='lat' dir='ltr'><strong>consuetudinem</strong></span> <span class='ocrx_word' id='word_1_443' title='bbox 1597 5720 1611 5743; x_wconf 89' lang='lat'><strong>,</strong></span> <span class='ocrx_word' id='word_1_444' title='bbox 1658 5680 1892 5737; x_wconf 89' lang='lat' dir='ltr'><strong>studium</strong></span> 
     </span>
    </p>
   </div>
   <div class='ocr_carea' id='block_1_59' title="bbox 332 5764 1892 5840">
    <p class='ocr_par' dir='ltr' id='par_1_59' title="bbox 332 5764 1892 5840">
     <span class='ocr_line' id='line_1_59' title="bbox 332 5764 1892 5840; baseline 0.008 -22"><span class='ocrx_word' id='word_1_445' title='bbox 332 5764 495 5819; x_wconf 71' lang='lat' dir='ltr'><strong>‘nitati</strong></span> <span class='ocrx_word' id='word_1_446' title='bbox 523 5774 669 5832; x_wconf 89' lang='lat' dir='ltr'><strong>sunt,</strong></span> <span class='ocrx_word' id='word_1_447' title='bbox 696 5767 1344 5837; x_wconf 80' lang='lat' dir='ltr'><strong>peccatumquovieerunt</strong></span> <span class='ocrx_word' id='word_1_448' title='bbox 1369 5787 1382 5822; x_wconf 87' lang='lat'><strong>:</strong></span> <span class='ocrx_word' id='word_1_449' title='bbox 1413 5780 1778 5840; x_wconf 77' lang='lat' dir='ltr'><strong>proptereact</strong></span> <span class='ocrx_word' id='word_1_450' title='bbox 1795 5790 1892 5831; x_wconf 89' lang='lat' dir='ltr'><strong>nos</strong></span> 
     </span>
    </p>
   </div>
   <div class='ocr_carea' id='block_1_60' title="bbox 326 5856 1882 5932">
    <p class='ocr_par' dir='ltr' id='par_1_60' title="bbox 326 5856 1882 5932">
     <span class='ocr_line' id='line_1_60' title="bbox 326 5856 1882 5932; baseline 0.008 -19"><span class='ocrx_word' id='word_1_451' title='bbox 326 5856 603 5928; x_wconf 60' lang='lat' dir='ltr'><strong>temptius</strong></span> <span class='ocrx_word' id='word_1_452' title='bbox 628 5858 819 5914; x_wconf 81' lang='lat' dir='ltr'><strong>iterum</strong></span> <span class='ocrx_word' id='word_1_453' title='bbox 852 5859 1097 5916; x_wconf 85' lang='lat' dir='ltr'><strong>eamdem</strong></span> <span class='ocrx_word' id='word_1_454' title='bbox 1135 5862 1400 5932; x_wconf 79' lang='lat' dir='ltr'><strong>tangimus</strong></span> <span class='ocrx_word' id='word_1_455' title='bbox 1443 5864 1882 5926; x_wconf 89' lang='lat' dir='ltr'><strong>admonitionem.</strong></span> 
     </span>
    </p>
   </div>
   <div class='ocr_carea' id='block_1_61' title="bbox 1212 368 3604 491">
    <p class='ocr_par' dir='ltr' id='par_1_61' title="bbox 1212 368 3604 491">
     <span class='ocr_line' id='line_1_61' title="bbox 1212 368 3604 491; baseline 0.001 -27"><span class='ocrx_word' id='word_1_456' title='bbox 1212 404 1302 463; x_wconf 83' lang='lat' dir='ltr'><strong>AD</strong></span> <span class='ocrx_word' id='word_1_457' title='bbox 1345 399 1670 463; x_wconf 70' lang='lat' dir='ltr'><strong>rerum</strong></span> <span class='ocrx_word' id='word_1_458' title='bbox 1708 395 2201 455; x_wconf 65' lang='lat' dir='ltr'><strong>AXTlOCllt-LNUM</strong></span> <span class='ocrx_word' id='word_1_459' title='bbox 2264 401 2489 460; x_wconf 78' lang='lat' dir='ltr'><strong>llOMlL.</strong></span> <span class='ocrx_word' id='word_1_460' title='bbox 2532 404 2670 461; x_wconf 78' lang='lat' dir='ltr'><strong>xm.</strong></span> <span class='ocrx_word' id='word_1_461' title='bbox 3160 465 3167 472; x_wconf 72' lang='grc'>,</span> <span class='ocrx_word' id='word_1_462' title='bbox 3507 368 3604 491; x_wconf 62' lang='lat' dir='ltr'><strong>ne</strong></span> 
     </span>
    </p>
   </div>
   <div class='ocr_carea' id='block_1_62' title="bbox 2012 502 3603 587">
    <p class='ocr_par' dir='ltr' id='par_1_62' title="bbox 2012 502 3603 587">
     <span class='ocr_line' id='line_1_62' title="bbox 2012 502 3603 587; baseline 0.009 -18"><span class='ocrx_word' id='word_1_463' title='bbox 2012 510 2182 569; x_wconf 82' lang='lat' dir='ltr'><strong>Nemo</strong></span> <span class='ocrx_word' id='word_1_464' title='bbox 2209 516 2351 571; x_wconf 89' lang='lat' dir='ltr'><strong>enim</strong></span> <span class='ocrx_word' id='word_1_465' title='bbox 2382 517 2511 572; x_wconf 86' lang='lat' dir='ltr'><strong>mihi</strong></span> <span class='ocrx_word' id='word_1_466' title='bbox 2534 516 2698 587; x_wconf 85' lang='lat' dir='ltr'><strong>dicat,</strong></span> <span class='ocrx_word' id='word_1_467' title='bbox 2731 502 2875 577; x_wconf 61' lang='lat' dir='ltr'><strong>ﬁniti</strong></span> <span class='ocrx_word' id='word_1_468' title='bbox 2902 525 3134 580; x_wconf 86' lang='lat' dir='ltr'><strong>correcti</strong></span> <span class='ocrx_word' id='word_1_469' title='bbox 3166 536 3293 582; x_wconf 84' lang='lat' dir='ltr'><strong>sunt</strong></span> <span class='ocrx_word' id='word_1_470' title='bbox 3326 546 3337 581; x_wconf 92' lang='lat'><strong>:</strong></span> <span class='ocrx_word' id='word_1_471' title='bbox 3377 527 3477 583; x_wconf 84' lang='lat' dir='ltr'><strong>hoc</strong></span> <span class='ocrx_word' id='word_1_472' title='bbox 3499 506 3603 585; x_wconf 80' lang='lat' dir='ltr'><strong>non</strong></span> 
     </span>
    </p>
   </div>
   <div class='ocr_carea' id='block_1_63' title="bbox 2011 606 3600 688">
    <p class='ocr_par' dir='ltr' id='par_1_63' title="bbox 2011 606 3600 688">
     <span class='ocr_line' id='line_1_63' title="bbox 2011 606 3600 688; baseline 0.009 -28"><span class='ocrx_word' id='word_1_473' title='bbox 2011 615 2095 661; x_wconf 89' lang='lat' dir='ltr'><strong>est</strong></span> <span class='ocrx_word' id='word_1_474' title='bbox 2123 606 2264 677; x_wconf 90' lang='lat' dir='ltr'><strong>quod</strong></span> <span class='ocrx_word' id='word_1_475' title='bbox 2288 612 2565 679; x_wconf 61' lang='lat' dir='ltr'><strong>qumritur,</strong></span> <span class='ocrx_word' id='word_1_476' title='bbox 2596 613 2688 668; x_wconf 91' lang='lat' dir='ltr'><strong>sed</strong></span> <span class='ocrx_word' id='word_1_477' title='bbox 2725 624 2782 670; x_wconf 90' lang='lat' dir='ltr'><strong>ut</strong></span> <span class='ocrx_word' id='word_1_478' title='bbox 2803 632 3012 672; x_wconf 90' lang='lat' dir='ltr'><strong>omnes.</strong></span> <span class='ocrx_word' id='word_1_479' title='bbox 3046 618 3226 676; x_wconf 84' lang='lat' dir='ltr'><strong>Donec</strong></span> <span class='ocrx_word' id='word_1_480' title='bbox 3266 619 3366 676; x_wconf 86' lang='lat' dir='ltr'><strong>hoc</strong></span> <span class='ocrx_word' id='word_1_481' title='bbox 3395 621 3600 688; x_wconf 82' lang='lat' dir='ltr'><strong>videro,</strong></span> 
     </span>
    </p>
   </div>
   <div class='ocr_carea' id='block_1_64' title="bbox 2009 698 3599 772">
    <p class='ocr_par' dir='ltr' id='par_1_64' title="bbox 2009 698 3599 772">
     <span class='ocr_line' id='line_1_64' title="bbox 2009 698 3599 772; baseline 0.013 -22"><span class='ocrx_word' id='word_1_482' title='bbox 2009 698 2280 769; x_wconf 88' lang='lat' dir='ltr'><strong>respirare</strong></span> <span class='ocrx_word' id='word_1_483' title='bbox 2318 715 2425 755; x_wconf 91' lang='lat' dir='ltr'><strong>non</strong></span> <span class='ocrx_word' id='word_1_484' title='bbox 2470 716 2706 772; x_wconf 82' lang='lat' dir='ltr'><strong>possunt.</strong></span> <span class='ocrx_word' id='word_1_485' title='bbox 2741 706 2929 763; x_wconf 81' lang='lat' dir='ltr'><strong>Pastor</strong></span> <span class='ocrx_word' id='word_1_486' title='bbox 2969 709 3056 765; x_wconf 91' lang='lat' dir='ltr'><strong>ille</strong></span> <span class='ocrx_word' id='word_1_487' title='bbox 3095 719 3312 767; x_wconf 89' lang='lat' dir='ltr'><strong>centum</strong></span> <span class='ocrx_word' id='word_1_488' title='bbox 3341 728 3469 769; x_wconf 83' lang='lat' dir='ltr'><strong>oves</strong></span> <span class='ocrx_word' id='word_1_489' title='bbox 3519 717 3599 772; x_wconf 80' lang='lat' dir='ltr'><strong>lia-</strong></span> 
     </span>
    </p>
   </div>
   <div class='ocr_carea' id='block_1_65' title="bbox 2015 787 3601 877">
    <p class='ocr_par' dir='ltr' id='par_1_65' title="bbox 2015 787 3601 877">
     <span class='ocr_line' id='line_1_65' title="bbox 2015 787 3601 877; baseline 0.013 -33"><span class='ocrx_word' id='word_1_490' title='bbox 2015 787 2193 857; x_wconf 90' lang='lat' dir='ltr'><strong>bcbat,</strong></span> <span class='ocrx_word' id='word_1_491' title='bbox 2221 799 2277 847; x_wconf 91' lang='lat' dir='ltr'><strong>et</strong></span> <span class='ocrx_word' id='word_1_492' title='bbox 2296 808 2399 847; x_wconf 91' lang='lat' dir='ltr'><strong>una</strong></span> <span class='ocrx_word' id='word_1_493' title='bbox 2426 794 2643 861; x_wconf 89' lang='lat' dir='ltr'><strong>amissa,</strong></span> <span class='ocrx_word' id='word_1_494' title='bbox 2677 812 2784 853; x_wconf 89' lang='lat' dir='ltr'><strong>non</strong></span> <span class='ocrx_word' id='word_1_495' title='bbox 2806 802 2974 855; x_wconf 90' lang='lat' dir='ltr'><strong>sensit</strong></span> <span class='ocrx_word' id='word_1_496' title='bbox 3001 802 3066 857; x_wconf 87' lang='lat' dir='ltr'><strong>de</strong></span> <span class='ocrx_word' id='word_1_497' title='bbox 3093 798 3379 877; x_wconf 82' lang='lat' dir='ltr'><strong>nenaginta</strong></span> <span class='ocrx_word' id='word_1_498' title='bbox 3410 825 3601 865; x_wconf 89' lang='lat' dir='ltr'><strong>novem</strong></span> 
     </span>
    </p>
   </div>
   <div class='ocr_carea' id='block_1_66' title="bbox 2010 883 3601 974">
    <p class='ocr_par' dir='ltr' id='par_1_66' title="bbox 2010 883 3601 974">
     <span class='ocr_line' id='line_1_66' title="bbox 2010 883 3601 974; baseline 0.011 -37"><span class='ocrx_word' id='word_1_499' title='bbox 2010 883 2185 940; x_wconf 87' lang='lat' dir='ltr'><strong>salute</strong></span> <span class='ocrx_word' id='word_1_500' title='bbox 2202 883 2635 955; x_wconf 85' lang='lat' dir='ltr'><strong>delectationem,</strong></span> <span class='ocrx_word' id='word_1_501' title='bbox 2663 891 2835 947; x_wconf 89' lang='lat' dir='ltr'><strong>donec</strong></span> <span class='ocrx_word' id='word_1_502' title='bbox 2864 896 3122 964; x_wconf 86' lang='lat' dir='ltr'><strong>perditam</strong></span> <span class='ocrx_word' id='word_1_503' title='bbox 3145 899 3346 955; x_wconf 89' lang='lat' dir='ltr'><strong>invenit</strong></span> <span class='ocrx_word' id='word_1_504' title='bbox 3377 910 3434 957; x_wconf 89' lang='lat' dir='ltr'><strong>et</strong></span> <span class='ocrx_word' id='word_1_505' title='bbox 3455 905 3601 974; x_wconf 67' lang='lat' dir='ltr'><strong>gregi</strong></span> 
     </span>
    </p>
   </div>
   <div class='ocr_carea' id='block_1_67' title="bbox 2010 977 3601 1064">
    <p class='ocr_par' dir='ltr' id='par_1_67' title="bbox 2010 977 3601 1064">
     <span class='ocr_line' id='line_1_67' title="bbox 2010 977 3601 1064; baseline 0.011 -33"><span class='ocrx_word' id='word_1_506' title='bbox 2010 977 2243 1033; x_wconf 86' lang='lat' dir='ltr'><strong>restituit</strong></span> <span class='ocrx_word' id='word_1_507' title='bbox 2266 977 2478 1049; x_wconf 68' lang='lat' dir='ltr'><strong>(Hau/1.</strong></span> <span class='ocrx_word' id='word_1_508' title='bbox 2505 981 2592 1037; x_wconf 84' lang='grc'><strong>18.</strong></span> <span class='ocrx_word' id='word_1_509' title='bbox 2621 981 2709 1038; x_wconf 75' lang='grc'><strong>12.</strong></span> <span class='ocrx_word' id='word_1_510' title='bbox 2744 985 2855 1058; x_wconf 79' lang='grc'><strong>13).</strong></span> <span class='ocrx_word' id='word_1_511' title='bbox 2888 986 3003 1043; x_wconf 89' lang='lat' dir='ltr'><strong>Non</strong></span> <span class='ocrx_word' id='word_1_512' title='bbox 3025 992 3200 1046; x_wconf 90' lang='lat' dir='ltr'><strong>cernis</strong></span> <span class='ocrx_word' id='word_1_513' title='bbox 3221 1001 3274 1048; x_wconf 88' lang='lat' dir='ltr'><strong>et</strong></span> <span class='ocrx_word' id='word_1_514' title='bbox 3303 993 3355 1047; x_wconf 92' lang='lat' dir='ltr'><strong>in</strong></span> <span class='ocrx_word' id='word_1_515' title='bbox 3377 1008 3601 1064; x_wconf 89' lang='lat' dir='ltr'><strong>corpore</strong></span> 
     </span>
    </p>
   </div>
   <div class='ocr_carea' id='block_1_68' title="bbox 2011 1069 3603 1152">
    <p class='ocr_par' dir='ltr' id='par_1_68' title="bbox 2011 1069 3603 1152">
     <span class='ocr_line' id='line_1_68' title="bbox 2011 1069 3603 1152; baseline 0.013 -28"><span class='ocrx_word' id='word_1_516' title='bbox 2011 1069 2114 1126; x_wconf 86' lang='lat' dir='ltr'><strong>hoc</strong></span> <span class='ocrx_word' id='word_1_517' title='bbox 2168 1069 2326 1128; x_wconf 77' lang='lat' dir='ltr'><strong>ﬁeri?</strong></span> <span class='ocrx_word' id='word_1_518' title='bbox 2368 1073 2416 1130; x_wconf 85' lang='lat' dir='ltr'><strong>si</strong></span> <span class='ocrx_word' id='word_1_519' title='bbox 2469 1075 2613 1131; x_wconf 90' lang='lat' dir='ltr'><strong>enim</strong></span> <span class='ocrx_word' id='word_1_520' title='bbox 2652 1078 2737 1133; x_wconf 89' lang='lat' dir='ltr'><strong>vel</strong></span> <span class='ocrx_word' id='word_1_521' title='bbox 2790 1096 3017 1152; x_wconf 86' lang='lat' dir='ltr'><strong>unguem</strong></span> <span class='ocrx_word' id='word_1_522' title='bbox 3060 1084 3231 1140; x_wconf 87' lang='lat' dir='ltr'><strong>solum</strong></span> <span class='ocrx_word' id='word_1_523' title='bbox 3273 1085 3603 1145; x_wconf 70' lang='lat' dir='ltr'><strong>oil‘endentes</strong></span> 
     </span>
    </p>
   </div>
   <div class='ocr_carea' id='block_1_69' title="bbox 2009 1161 3598 1250">
    <p class='ocr_par' dir='ltr' id='par_1_69' title="bbox 2009 1161 3598 1250">
     <span class='ocr_line' id='line_1_69' title="bbox 2009 1161 3598 1250; baseline 0.011 -34"><span class='ocrx_word' id='word_1_524' title='bbox 2009 1161 2390 1231; x_wconf 85' lang='lat' dir='ltr'><strong>snbvertimus,</strong></span> <span class='ocrx_word' id='word_1_525' title='bbox 2415 1173 2584 1222; x_wconf 92' lang='lat' dir='ltr'><strong>totum</strong></span> <span class='ocrx_word' id='word_1_526' title='bbox 2605 1181 2800 1240; x_wconf 89' lang='lat' dir='ltr'><strong>corpus</strong></span> <span class='ocrx_word' id='word_1_527' title='bbox 2826 1174 3067 1227; x_wconf 81' lang='lat' dir='ltr'><strong>membro</strong></span> <span class='ocrx_word' id='word_1_528' title='bbox 3097 1174 3366 1232; x_wconf 76' lang='lat' dir='ltr'><strong>condolet.</strong></span> <span class='ocrx_word' id='word_1_529' title='bbox 3397 1177 3473 1233; x_wconf 87' lang='lat' dir='ltr'><strong>Ne</strong></span> <span class='ocrx_word' id='word_1_530' title='bbox 3501 1179 3598 1250; x_wconf 84' lang='lat' dir='ltr'><strong>igi-</strong></span> 
     </span>
    </p>
   </div>
   <div class='ocr_carea' id='block_1_70' title="bbox 2012 1256 3602 1339">
    <p class='ocr_par' dir='ltr' id='par_1_70' title="bbox 2012 1256 3602 1339">
     <span class='ocr_line' id='line_1_70' title="bbox 2012 1256 3602 1339; baseline 0.011 -29"><span class='ocrx_word' id='word_1_531' title='bbox 2012 1264 2097 1311; x_wconf 90' lang='lat' dir='ltr'><strong>tur</strong></span> <span class='ocrx_word' id='word_1_532' title='bbox 2119 1256 2287 1324; x_wconf 89' lang='lat' dir='ltr'><strong>dicas,</strong></span> <span class='ocrx_word' id='word_1_533' title='bbox 2333 1259 2494 1317; x_wconf 78' lang='lat' dir='ltr'><strong>Pauci</strong></span> <span class='ocrx_word' id='word_1_534' title='bbox 2536 1262 2753 1333; x_wconf 87' lang='lat' dir='ltr'><strong>quidam</strong></span> <span class='ocrx_word' id='word_1_535' title='bbox 2801 1265 2968 1321; x_wconf 81' lang='lat' dir='ltr'><strong>rel-icti</strong></span> <span class='ocrx_word' id='word_1_536' title='bbox 3006 1276 3148 1327; x_wconf 79' lang='lat' dir='ltr'><strong>sunt.</strong></span> <span class='ocrx_word' id='word_1_537' title='bbox 3194 1270 3283 1339; x_wconf 86' lang='lat' dir='ltr'><strong>qui</strong></span> <span class='ocrx_word' id='word_1_538' title='bbox 3333 1286 3437 1324; x_wconf 90' lang='lat' dir='ltr'><strong>nou</strong></span> <span class='ocrx_word' id='word_1_539' title='bbox 3476 1285 3602 1328; x_wconf 90' lang='lat' dir='ltr'><strong>sunt</strong></span> 
     </span>
    </p>
   </div>
   <div class='ocr_carea' id='block_1_71' title="bbox 2008 1349 3602 1429">
    <p class='ocr_par' dir='ltr' id='par_1_71' title="bbox 2008 1349 3602 1429">
     <span class='ocr_line' id='line_1_71' title="bbox 2008 1349 3602 1429; baseline 0.011 -27"><span class='ocrx_word' id='word_1_540' title='bbox 2008 1349 2238 1404; x_wconf 90' lang='lat' dir='ltr'><strong>correcti</strong></span> <span class='ocrx_word' id='word_1_541' title='bbox 2262 1366 2276 1415; x_wconf 90' lang='lat'><strong>;</strong></span> <span class='ocrx_word' id='word_1_542' title='bbox 2305 1351 2397 1405; x_wconf 88' lang='lat' dir='ltr'><strong>sed</strong></span> <span class='ocrx_word' id='word_1_543' title='bbox 2430 1351 2557 1407; x_wconf 91' lang='lat' dir='ltr'><strong>illud</strong></span> <span class='ocrx_word' id='word_1_544' title='bbox 2577 1354 2877 1421; x_wconf 84' lang='lat' dir='ltr'><strong>considera,</strong></span> <span class='ocrx_word' id='word_1_545' title='bbox 2908 1358 3050 1429; x_wconf 86' lang='lat' dir='ltr'><strong>quod</strong></span> <span class='ocrx_word' id='word_1_546' title='bbox 3076 1360 3157 1413; x_wconf 84' lang='lat' dir='ltr'><strong>isti</strong></span> <span class='ocrx_word' id='word_1_547' title='bbox 3182 1363 3332 1429; x_wconf 88' lang='lat' dir='ltr'><strong>pauci</strong></span> <span class='ocrx_word' id='word_1_548' title='bbox 3358 1379 3460 1418; x_wconf 87' lang='lat' dir='ltr'><strong>non</strong></span> <span class='ocrx_word' id='word_1_549' title='bbox 3481 1378 3602 1418; x_wconf 84' lang='lat' dir='ltr'><strong>cor-</strong></span> 
     </span>
    </p>
   </div>
   <div class='ocr_carea' id='block_1_72' title="bbox 2009 1442 3600 1525">
    <p class='ocr_par' dir='ltr' id='par_1_72' title="bbox 2009 1442 3600 1525">
     <span class='ocr_line' id='line_1_72' title="bbox 2009 1442 3600 1525; baseline 0.009 -28"><span class='ocrx_word' id='word_1_550' title='bbox 2009 1442 2139 1498; x_wconf 91' lang='lat' dir='ltr'><strong>recti</strong></span> <span class='ocrx_word' id='word_1_551' title='bbox 2179 1445 2375 1500; x_wconf 90' lang='lat' dir='ltr'><strong>multos</strong></span> <span class='ocrx_word' id='word_1_552' title='bbox 2403 1458 2749 1519; x_wconf 83' lang='lat' dir='ltr'><strong>corrumpant</strong></span> <span class='ocrx_word' id='word_1_553' title='bbox 2779 1451 2931 1508; x_wconf 89' lang='lat' dir='ltr'><strong>alios.</strong></span> <span class='ocrx_word' id='word_1_554' title='bbox 2982 1452 3190 1508; x_wconf 78' lang='lat' dir='ltr'><strong>Etenim</strong></span> <span class='ocrx_word' id='word_1_555' title='bbox 3234 1463 3291 1510; x_wconf 90' lang='lat' dir='ltr'><strong>et</strong></span> <span class='ocrx_word' id='word_1_556' title='bbox 3329 1457 3466 1525; x_wconf 89' lang='lat' dir='ltr'><strong>apud</strong></span> <span class='ocrx_word' id='word_1_557' title='bbox 3508 1458 3600 1512; x_wconf 82' lang='lat' dir='ltr'><strong>Co-</strong></span> 
     </span>
    </p>
   </div>
   <div class='ocr_carea' id='block_1_73' title="bbox 2009 1533 3603 1618">
    <p class='ocr_par' dir='ltr' id='par_1_73' title="bbox 2009 1533 3603 1618">
     <span class='ocr_line' id='line_1_73' title="bbox 2009 1533 3603 1618; baseline 0.013 -32"><span class='ocrx_word' id='word_1_558' title='bbox 2009 1533 2236 1591; x_wconf 88' lang='lat' dir='ltr'><strong>rinthios</strong></span> <span class='ocrx_word' id='word_1_559' title='bbox 2263 1552 2399 1593; x_wconf 75' lang='lat' dir='ltr'><strong>unus</strong></span> <span class='ocrx_word' id='word_1_560' title='bbox 2422 1548 2540 1594; x_wconf 87' lang='lat' dir='ltr'><strong>erat</strong></span> <span class='ocrx_word' id='word_1_561' title='bbox 2568 1539 2883 1611; x_wconf 88' lang='lat' dir='ltr'><strong>fornicatus,</strong></span> <span class='ocrx_word' id='word_1_562' title='bbox 2923 1556 2975 1599; x_wconf 89' lang='lat' dir='ltr'><strong>et</strong></span> <span class='ocrx_word' id='word_1_563' title='bbox 3016 1548 3193 1601; x_wconf 84' lang='lat' dir='ltr'><strong>tamen</strong></span> <span class='ocrx_word' id='word_1_564' title='bbox 3247 1547 3319 1602; x_wconf 87' lang='lat' dir='ltr'><strong>ita</strong></span> <span class='ocrx_word' id='word_1_565' title='bbox 3357 1551 3603 1618; x_wconf 76' lang='lat' dir='ltr'><strong>gemebat</strong></span> 
     </span>
    </p>
   </div>
   <div class='ocr_carea' id='block_1_74' title="bbox 2009 1626 3597 1714">
    <p class='ocr_par' dir='ltr' id='par_1_74' title="bbox 2009 1626 3597 1714">
     <span class='ocr_line' id='line_1_74' title="bbox 2009 1626 3597 1714; baseline 0.009 -32"><span class='ocrx_word' id='word_1_566' title='bbox 2009 1626 2222 1695; x_wconf 77' lang='lat' dir='ltr'><strong>Paulus,</strong></span> <span class='ocrx_word' id='word_1_567' title='bbox 2257 1638 2524 1702; x_wconf 81' lang='lat' dir='ltr'><strong>tamquam</strong></span> <span class='ocrx_word' id='word_1_568' title='bbox 2576 1642 2682 1689; x_wconf 90' lang='lat' dir='ltr'><strong>tota</strong></span> <span class='ocrx_word' id='word_1_569' title='bbox 2729 1636 2937 1706; x_wconf 88' lang='lat' dir='ltr'><strong>perdita</strong></span> <span class='ocrx_word' id='word_1_570' title='bbox 2977 1638 3193 1695; x_wconf 87' lang='lat' dir='ltr'><strong>civitate</strong></span> <span class='ocrx_word' id='word_1_571' title='bbox 3234 1638 3456 1714; x_wconf 82' lang='lat' dir='ltr'><strong>(l.Cor.</strong></span> <span class='ocrx_word' id='word_1_572' title='bbox 3496 1643 3597 1710; x_wconf 78' lang='lat'><strong>5):</strong></span> 
     </span>
    </p>
   </div>
   <div class='ocr_carea' id='block_1_75' title="bbox 2006 1723 3598 1800">
    <p class='ocr_par' dir='ltr' id='par_1_75' title="bbox 2006 1723 3598 1800">
     <span class='ocr_line' id='line_1_75' title="bbox 2006 1723 3598 1800; baseline 0.006 -21"><span class='ocrx_word' id='word_1_573' title='bbox 2006 1729 2073 1779; x_wconf 67' lang='lat' dir='ltr'><strong>et</strong></span> <span class='ocrx_word' id='word_1_574' title='bbox 2098 1723 2319 1791; x_wconf 90' lang='lat' dir='ltr'><strong>merito;</strong></span> <span class='ocrx_word' id='word_1_575' title='bbox 2361 1725 2564 1781; x_wconf 88' lang='lat' dir='ltr'><strong>sciebat</strong></span> <span class='ocrx_word' id='word_1_576' title='bbox 2601 1728 2742 1783; x_wconf 89' lang='lat' dir='ltr'><strong>enim</strong></span> <span class='ocrx_word' id='word_1_577' title='bbox 2764 1769 2780 1795; x_wconf 93' lang='lat'><strong>,</strong></span> <span class='ocrx_word' id='word_1_578' title='bbox 2829 1729 2922 1785; x_wconf 88' lang='lat' dir='ltr'><strong>illo</strong></span> <span class='ocrx_word' id='word_1_579' title='bbox 2960 1745 3067 1786; x_wconf 90' lang='lat' dir='ltr'><strong>non</strong></span> <span class='ocrx_word' id='word_1_580' title='bbox 3116 1741 3380 1800; x_wconf 74' lang='lat' dir='ltr'><strong>correcta,</strong></span> <span class='ocrx_word' id='word_1_581' title='bbox 3417 1728 3598 1789; x_wconf 88' lang='lat' dir='ltr'><strong>vitium</strong></span> 
     </span>
    </p>
   </div>
   <div class='ocr_carea' id='block_1_76' title="bbox 2006 1818 3602 1900">
    <p class='ocr_par' dir='ltr' id='par_1_76' title="bbox 2006 1818 3602 1900">
     <span class='ocr_line' id='line_1_76' title="bbox 2006 1818 3602 1900; baseline 0.01 -30"><span class='ocrx_word' id='word_1_582' title='bbox 2006 1830 2232 1886; x_wconf 87' lang='lat' dir='ltr'><strong>serpens</strong></span> <span class='ocrx_word' id='word_1_583' title='bbox 2257 1825 2311 1872; x_wconf 89' lang='lat' dir='ltr'><strong>et</strong></span> <span class='ocrx_word' id='word_1_584' title='bbox 2349 1818 2484 1874; x_wconf 85' lang='lat' dir='ltr'><strong>alios</strong></span> <span class='ocrx_word' id='word_1_585' title='bbox 2512 1835 2702 1877; x_wconf 89' lang='lat' dir='ltr'><strong>omnes</strong></span> <span class='ocrx_word' id='word_1_586' title='bbox 2746 1822 3054 1880; x_wconf 86' lang='lat' dir='ltr'><strong>invasurum</strong></span> <span class='ocrx_word' id='word_1_587' title='bbox 3092 1841 3232 1882; x_wconf 86' lang='lat' dir='ltr'><strong>esse.</strong></span> <span class='ocrx_word' id='word_1_588' title='bbox 3279 1826 3399 1883; x_wconf 81' lang='lat' dir='ltr'><strong>Vidi</strong></span> <span class='ocrx_word' id='word_1_589' title='bbox 3432 1846 3602 1900; x_wconf 86' lang='lat' dir='ltr'><strong>nuper</strong></span> 
     </span>
    </p>
   </div>
   <div class='ocr_carea' id='block_1_77' title="bbox 2008 1905 3600 1984">
    <p class='ocr_par' dir='ltr' id='par_1_77' title="bbox 2008 1905 3600 1984">
     <span class='ocr_line' id='line_1_77' title="bbox 2008 1905 3600 1984; baseline 0.011 -24"><span class='ocrx_word' id='word_1_590' title='bbox 2008 1905 2073 1960; x_wconf 87' lang='lat' dir='ltr'><strong>in</strong></span> <span class='ocrx_word' id='word_1_591' title='bbox 2103 1906 2307 1976; x_wconf 86' lang='lat' dir='ltr'><strong>judicio</strong></span> <span class='ocrx_word' id='word_1_592' title='bbox 2348 1909 2553 1967; x_wconf 87' lang='lat' dir='ltr'><strong>vinctos</strong></span> <span class='ocrx_word' id='word_1_593' title='bbox 2602 1920 2658 1968; x_wconf 90' lang='lat' dir='ltr'><strong>et</strong></span> <span class='ocrx_word' id='word_1_594' title='bbox 2703 1928 2801 1984; x_wconf 90' lang='lat' dir='ltr'><strong>per</strong></span> <span class='ocrx_word' id='word_1_595' title='bbox 2847 1917 3079 1972; x_wconf 88' lang='lat' dir='ltr'><strong>medium</strong></span> <span class='ocrx_word' id='word_1_596' title='bbox 3124 1917 3298 1975; x_wconf 88' lang='lat' dir='ltr'><strong>forum</strong></span> <span class='ocrx_word' id='word_1_597' title='bbox 3342 1921 3600 1978; x_wconf 87' lang='lat' dir='ltr'><strong>abductos</strong></span> 
     </span>
    </p>
   </div>
   <div class='ocr_carea' id='block_1_78' title="bbox 2007 1997 3600 2077">
    <p class='ocr_par' dir='ltr' id='par_1_78' title="bbox 2007 1997 3600 2077">
     <span class='ocr_line' id='line_1_78' title="bbox 2007 1997 3600 2077; baseline 0.012 -26"><span class='ocrx_word' id='word_1_598' title='bbox 2007 1997 2129 2053; x_wconf 90' lang='lat' dir='ltr'><strong>illos</strong></span> <span class='ocrx_word' id='word_1_599' title='bbox 2154 1999 2391 2056; x_wconf 74' lang='lat' dir='ltr'><strong>iliuStres</strong></span> <span class='ocrx_word' id='word_1_600' title='bbox 2418 2003 2565 2059; x_wconf 87' lang='lat' dir='ltr'><strong>viros</strong></span> <span class='ocrx_word' id='word_1_601' title='bbox 2594 2021 2608 2059; x_wconf 92' lang='lat'><strong>:</strong></span> <span class='ocrx_word' id='word_1_602' title='bbox 2632 2013 2688 2061; x_wconf 90' lang='lat' dir='ltr'><strong>et</strong></span> <span class='ocrx_word' id='word_1_603' title='bbox 2714 2007 3029 2077; x_wconf 87' lang='lat' dir='ltr'><strong>quibusdam</strong></span> <span class='ocrx_word' id='word_1_604' title='bbox 3058 2014 3396 2069; x_wconf 67' lang='lat' dir='ltr'><strong>contuitu-liae</strong></span> <span class='ocrx_word' id='word_1_605' title='bbox 3424 2031 3600 2070; x_wconf 58' lang='grc' dir='ltr'><strong>(οπρε-</strong></span> 
     </span>
    </p>
   </div>
   <div class='ocr_carea' id='block_1_79' title="bbox 2006 2089 3609 2170">
    <p class='ocr_par' dir='ltr' id='par_1_79' title="bbox 2006 2089 3609 2170">
     <span class='ocr_line' id='line_1_79' title="bbox 2006 2089 3609 2170; baseline 0.012 -29"><span class='ocrx_word' id='word_1_606' title='bbox 2006 2101 2125 2143; x_wconf 81' lang='lat' dir='ltr'><strong>sum</strong></span> <span class='ocrx_word' id='word_1_607' title='bbox 2163 2089 2587 2160; x_wconf 85' lang='lat' dir='ltr'><strong>admirantibus,</strong></span> <span class='ocrx_word' id='word_1_608' title='bbox 2624 2093 2771 2151; x_wconf 74' lang='lat' dir='ltr'><strong>nihil</strong></span> <span class='ocrx_word' id='word_1_609' title='bbox 2799 2097 3052 2155; x_wconf 86' lang='lat' dir='ltr'><strong>admirari</strong></span> <span class='ocrx_word' id='word_1_610' title='bbox 3080 2112 3312 2170; x_wconf 83' lang='lat' dir='ltr'><strong>oportet,</strong></span> <span class='ocrx_word' id='word_1_611' title='bbox 3352 2103 3609 2160; x_wconf 68' lang='lat' dir='ltr'><strong>dict-bant</strong></span> 
     </span>
    </p>
   </div>
   <div class='ocr_carea' id='block_1_80' title="bbox 2005 2179 3597 2264">
    <p class='ocr_par' dir='ltr' id='par_1_80' title="bbox 2005 2179 3597 2264">
     <span class='ocr_line' id='line_1_80' title="bbox 2005 2179 3597 2264; baseline 0.013 -31"><span class='ocrx_word' id='word_1_612' title='bbox 2005 2179 2094 2234; x_wconf 86' lang='lat' dir='ltr'><strong>alii</strong></span> <span class='ocrx_word' id='word_1_613' title='bbox 2121 2198 2135 2237; x_wconf 90' lang='lat'>:</span> <span class='ocrx_word' id='word_1_614' title='bbox 2163 2181 2253 2237; x_wconf 89' lang='lat' dir='ltr'><strong>ubi</strong></span> <span class='ocrx_word' id='word_1_615' title='bbox 2282 2183 2424 2239; x_wconf 89' lang='lat' dir='ltr'><strong>enim</strong></span> <span class='ocrx_word' id='word_1_616' title='bbox 2455 2184 2748 2254; x_wconf 85' lang='lat' dir='ltr'><strong>damnatio,</strong></span> <span class='ocrx_word' id='word_1_617' title='bbox 2775 2188 3005 2260; x_wconf 87' lang='lat' dir='ltr'><strong>dignitas</strong></span> <span class='ocrx_word' id='word_1_618' title='bbox 3033 2195 3161 2248; x_wconf 82' lang='lat' dir='ltr'><strong>nihil</strong></span> <span class='ocrx_word' id='word_1_619' title='bbox 3194 2196 3429 2264; x_wconf 85' lang='lat' dir='ltr'><strong>prodest.</strong></span> <span class='ocrx_word' id='word_1_620' title='bbox 3455 2199 3597 2253; x_wconf 86' lang='lat' dir='ltr'><strong>Non-</strong></span> 
     </span>
    </p>
   </div>
   <div class='ocr_carea' id='block_1_81' title="bbox 2006 2273 3598 2362">
    <p class='ocr_par' dir='ltr' id='par_1_81' title="bbox 2006 2273 3598 2362">
     <span class='ocr_line' id='line_1_81' title="bbox 2006 2273 3598 2362; baseline 0.012 -34"><span class='ocrx_word' id='word_1_621' title='bbox 2006 2288 2075 2329; x_wconf 91' lang='lat' dir='ltr'><strong>ne</strong></span> <span class='ocrx_word' id='word_1_622' title='bbox 2103 2273 2261 2345; x_wconf 89' lang='lat' dir='ltr'><strong>igitur</strong></span> <span class='ocrx_word' id='word_1_623' title='bbox 2288 2276 2458 2333; x_wconf 89' lang='lat' dir='ltr'><strong>mnlto</strong></span> <span class='ocrx_word' id='word_1_624' title='bbox 2481 2280 2673 2351; x_wconf 85' lang='lat' dir='ltr'><strong>magis,</strong></span> <span class='ocrx_word' id='word_1_625' title='bbox 2701 2281 2789 2338; x_wconf 88' lang='lat' dir='ltr'><strong>ubi</strong></span> <span class='ocrx_word' id='word_1_626' title='bbox 2820 2283 2888 2337; x_wconf 87' lang='lat' dir='ltr'><strong>sit</strong></span> <span class='ocrx_word' id='word_1_627' title='bbox 2919 2284 3184 2355; x_wconf 84' lang='lat' dir='ltr'><strong>impietas,</strong></span> <span class='ocrx_word' id='word_1_628' title='bbox 3212 2289 3341 2343; x_wconf 82' lang='lat' dir='ltr'><strong>nihil</strong></span> <span class='ocrx_word' id='word_1_629' title='bbox 3371 2290 3598 2362; x_wconf 83' lang='lat' dir='ltr'><strong>dignitas</strong></span> 
     </span>
    </p>
   </div>
   <div class='ocr_carea' id='block_1_82' title="bbox 2004 2366 2266 2436">
    <p class='ocr_par' dir='ltr' id='par_1_82' title="bbox 2004 2366 2266 2436">
     <span class='ocr_line' id='line_1_82' title="bbox 2004 2366 2266 2436; baseline 0.011 -16"><span class='ocrx_word' id='word_1_630' title='bbox 2004 2366 2222 2436; x_wconf 84' lang='lat' dir='ltr'><strong>adjuvat</strong></span> <span class='ocrx_word' id='word_1_631' title='bbox 2241 2368 2266 2423; x_wconf 86' lang='lat'><strong>?</strong></span> 
     </span>
    </p>
   </div>
   <div class='ocr_carea' id='block_1_83' title="bbox 2076 2459 3596 2543">
    <p class='ocr_par' dir='ltr' id='par_1_83' title="bbox 2076 2459 3596 2543">
     <span class='ocr_line' id='line_1_83' title="bbox 2076 2459 3596 2543; baseline 0.012 -28"><span class='ocrx_word' id='word_1_632' title='bbox 2076 2460 2130 2515; x_wconf 84' lang='lat'><strong>5.</strong></span> <span class='ocrx_word' id='word_1_633' title='bbox 2164 2459 2290 2517; x_wconf 74' lang='lat' dir='ltr'><strong>Htec</strong></span> <span class='ocrx_word' id='word_1_634' title='bbox 2312 2462 2473 2534; x_wconf 87' lang='lat' dir='ltr'><strong>igitur</strong></span> <span class='ocrx_word' id='word_1_635' title='bbox 2493 2467 2809 2538; x_wconf 81' lang='lat' dir='ltr'><strong>cogitantes,</strong></span> <span class='ocrx_word' id='word_1_636' title='bbox 2835 2486 2931 2527; x_wconf 88' lang='lat' dir='ltr'><strong>nos</strong></span> <span class='ocrx_word' id='word_1_637' title='bbox 2960 2473 3103 2543; x_wconf 66' lang='lat' dir='ltr'><strong>ipso;</strong></span> <span class='ocrx_word' id='word_1_638' title='bbox 3124 2476 3419 2533; x_wconf 79' lang='lat' dir='ltr'><strong>excitemus</strong></span> <span class='ocrx_word' id='word_1_639' title='bbox 3450 2496 3462 2532; x_wconf 86' lang='lat'><strong>:</strong></span> <span class='ocrx_word' id='word_1_640' title='bbox 3498 2478 3596 2533; x_wconf 86' lang='lat' dir='ltr'><strong>nisi</strong></span> 
     </span>
    </p>
   </div>
   <div class='ocr_carea' id='block_1_84' title="bbox 2005 2553 3596 2640">
    <p class='ocr_par' dir='ltr' id='par_1_84' title="bbox 2005 2553 3596 2640">
     <span class='ocr_line' id='line_1_84' title="bbox 2005 2553 3596 2640; baseline 0.01 -31"><span class='ocrx_word' id='word_1_641' title='bbox 2005 2553 2150 2609; x_wconf 90' lang='lat' dir='ltr'><strong>enim</strong></span> <span class='ocrx_word' id='word_1_642' title='bbox 2180 2553 2413 2610; x_wconf 88' lang='lat' dir='ltr'><strong>studium</strong></span> <span class='ocrx_word' id='word_1_643' title='bbox 2440 2558 2792 2618; x_wconf 84' lang='lat' dir='ltr'><strong>adhibueritis</strong></span> <span class='ocrx_word' id='word_1_644' title='bbox 2816 2578 2911 2619; x_wconf 89' lang='lat' dir='ltr'><strong>vos</strong></span> <span class='ocrx_word' id='word_1_645' title='bbox 2935 2608 2948 2629; x_wconf 86' lang='lat'><strong>,</strong></span> <span class='ocrx_word' id='word_1_646' title='bbox 2981 2566 3192 2621; x_wconf 78' lang='lat' dir='ltr'><strong>anubis</strong></span> <span class='ocrx_word' id='word_1_647' title='bbox 3218 2570 3394 2623; x_wconf 83' lang='lat' dir='ltr'><strong>omnia</strong></span> <span class='ocrx_word' id='word_1_648' title='bbox 3426 2587 3596 2640; x_wconf 74' lang='lat' dir='ltr'><strong>agun-</strong></span> 
     </span>
    </p>
   </div>
   <div class='ocr_carea' id='block_1_85' title="bbox 2007 2646 3598 2725">
    <p class='ocr_par' dir='ltr' id='par_1_85' title="bbox 2007 2646 3598 2725">
     <span class='ocr_line' id='line_1_85' title="bbox 2007 2646 3598 2725; baseline 0.011 -26"><span class='ocrx_word' id='word_1_649' title='bbox 2007 2652 2095 2700; x_wconf 87' lang='lat' dir='ltr'><strong>tur</strong></span> <span class='ocrx_word' id='word_1_650' title='bbox 2118 2646 2406 2717; x_wconf 82' lang='lat' dir='ltr'><strong>superﬂua.</strong></span> <span class='ocrx_word' id='word_1_651' title='bbox 2441 2649 2584 2719; x_wconf 82' lang='lat' dir='ltr'><strong>Quid</strong></span> <span class='ocrx_word' id='word_1_652' title='bbox 2622 2652 2694 2708; x_wconf 85' lang='lat' dir='ltr'><strong>ita</strong></span> <span class='ocrx_word' id='word_1_653' title='bbox 2733 2655 2986 2712; x_wconf 82' lang='lat' dir='ltr'><strong>tandem?</strong></span> <span class='ocrx_word' id='word_1_654' title='bbox 3025 2658 3287 2725; x_wconf 72' lang='lat' dir='ltr'><strong>Quoniam</strong></span> <span class='ocrx_word' id='word_1_655' title='bbox 3331 2679 3433 2714; x_wconf 78' lang='lat' dir='ltr'><strong>non</strong></span> <span class='ocrx_word' id='word_1_656' title='bbox 3462 2662 3598 2717; x_wconf 77' lang='lat' dir='ltr'><strong>sirnt</strong></span> 
     </span>
    </p>
   </div>
   <div class='ocr_carea' id='block_1_86' title="bbox 2002 2741 3596 2821">
    <p class='ocr_par' dir='ltr' id='par_1_86' title="bbox 2002 2741 3596 2821">
     <span class='ocr_line' id='line_1_86' title="bbox 2002 2741 3596 2821; baseline 0.008 -25"><span class='ocrx_word' id='word_1_657' title='bbox 2002 2741 2228 2812; x_wconf 63' lang='lat' dir='ltr'><strong>reliquae</strong></span> <span class='ocrx_word' id='word_1_658' title='bbox 2252 2748 2396 2797; x_wconf 86' lang='lat' dir='ltr'><strong>artes</strong></span> <span class='ocrx_word' id='word_1_659' title='bbox 2419 2783 2434 2808; x_wconf 91' lang='lat'><strong>,</strong></span> <span class='ocrx_word' id='word_1_660' title='bbox 2465 2743 2535 2799; x_wconf 88' lang='lat' dir='ltr'><strong>ita</strong></span> <span class='ocrx_word' id='word_1_661' title='bbox 2558 2751 2641 2802; x_wconf 87' lang='lat' dir='ltr'><strong>est</strong></span> <span class='ocrx_word' id='word_1_662' title='bbox 2667 2747 3052 2817; x_wconf 88' lang='lat' dir='ltr'><strong>magisterium.</strong></span> <span class='ocrx_word' id='word_1_663' title='bbox 3086 2752 3428 2821; x_wconf 80' lang='lat' dir='ltr'><strong>Argentarius</strong></span> <span class='ocrx_word' id='word_1_664' title='bbox 3455 2754 3596 2808; x_wconf 80' lang='lat' dir='ltr'><strong>enim</strong></span> 
     </span>
    </p>
   </div>
   <div class='ocr_carea' id='block_1_87' title="bbox 2006 2832 3599 2917">
    <p class='ocr_par' dir='ltr' id='par_1_87' title="bbox 2006 2832 3599 2917">
     <span class='ocr_line' id='line_1_87' title="bbox 2006 2832 3599 2917; baseline 0.009 -30"><span class='ocrx_word' id='word_1_665' title='bbox 2006 2832 2157 2889; x_wconf 78' lang='lat' dir='ltr'><strong>faber</strong></span> <span class='ocrx_word' id='word_1_666' title='bbox 2190 2835 2580 2908; x_wconf 82' lang='lat' dir='ltr'><strong>qualecumque</strong></span> <span class='ocrx_word' id='word_1_667' title='bbox 2614 2854 2708 2896; x_wconf 88' lang='lat' dir='ltr'><strong>vas</strong></span> <span class='ocrx_word' id='word_1_668' title='bbox 2743 2843 3020 2900; x_wconf 85' lang='lat' dir='ltr'><strong>excudcrit</strong></span> <span class='ocrx_word' id='word_1_669' title='bbox 3059 2856 3113 2901; x_wconf 86' lang='lat' dir='ltr'><strong>et</strong></span> <span class='ocrx_word' id='word_1_670' title='bbox 3143 2850 3460 2917; x_wconf 89' lang='lat' dir='ltr'><strong>rcposncrit,</strong></span> <span class='ocrx_word' id='word_1_671' title='bbox 3493 2846 3599 2901; x_wconf 87' lang='lat' dir='ltr'><strong>tale</strong></span> 
     </span>
    </p>
   </div>
   <div class='ocr_carea' id='block_1_88' title="bbox 2004 2925 3595 2995">
    <p class='ocr_par' dir='ltr' id='par_1_88' title="bbox 2004 2925 3595 2995">
     <span class='ocr_line' id='line_1_88' title="bbox 2004 2925 3595 2995; baseline 0.009 -17"><span class='ocrx_word' id='word_1_672' title='bbox 2004 2925 2264 2995; x_wconf 87' lang='lat' dir='ltr'><strong>postridie</strong></span> <span class='ocrx_word' id='word_1_673' title='bbox 2301 2942 2552 2984; x_wconf 81' lang='lat' dir='ltr'><strong>reversus</strong></span> <span class='ocrx_word' id='word_1_674' title='bbox 2600 2931 2793 2987; x_wconf 89' lang='lat' dir='ltr'><strong>iterum</strong></span> <span class='ocrx_word' id='word_1_675' title='bbox 2839 2935 3074 2995; x_wconf 85' lang='lat' dir='ltr'><strong>inveniet</strong></span> <span class='ocrx_word' id='word_1_676' title='bbox 3122 2955 3135 2990; x_wconf 92' lang='lat'><strong>:</strong></span> <span class='ocrx_word' id='word_1_677' title='bbox 3181 2946 3237 2992; x_wconf 90' lang='lat' dir='ltr'><strong>et</strong></span> <span class='ocrx_word' id='word_1_678' title='bbox 3278 2939 3498 2993; x_wconf 83' lang='lat' dir='ltr'><strong>:erarius</strong></span> <span class='ocrx_word' id='word_1_679' title='bbox 3546 2949 3595 2994; x_wconf 90' lang='lat' dir='ltr'><strong>et</strong></span> 
     </span>
    </p>
   </div>
   <div class='ocr_carea' id='block_1_89' title="bbox 2005 3020 3596 3099">
    <p class='ocr_par' dir='ltr' id='par_1_89' title="bbox 2005 3020 3596 3099">
     <span class='ocr_line' id='line_1_89' title="bbox 2005 3020 3596 3099; baseline 0.009 -28"><span class='ocrx_word' id='word_1_680' title='bbox 2005 3020 2389 3074; x_wconf 89' lang='lat' dir='ltr'><strong>marmorarius</strong></span> <span class='ocrx_word' id='word_1_681' title='bbox 2441 3028 2496 3075; x_wconf 90' lang='lat' dir='ltr'><strong>et</strong></span> <span class='ocrx_word' id='word_1_682' title='bbox 2546 3024 2811 3079; x_wconf 80' lang='lat' dir='ltr'><strong>artificum</strong></span> <span class='ocrx_word' id='word_1_683' title='bbox 2857 3026 3081 3098; x_wconf 89' lang='lat' dir='ltr'><strong>quisque</strong></span> <span class='ocrx_word' id='word_1_684' title='bbox 3119 3028 3279 3097; x_wconf 88' lang='lat' dir='ltr'><strong>quale</strong></span> <span class='ocrx_word' id='word_1_685' title='bbox 3328 3030 3596 3099; x_wconf 88' lang='lat' dir='ltr'><strong>proprium</strong></span> 
     </span>
    </p>
   </div>
   <div class='ocr_carea' id='block_1_90' title="bbox 2004 3110 3599 3189">
    <p class='ocr_par' dir='ltr' id='par_1_90' title="bbox 2004 3110 3599 3189">
     <span class='ocr_line' id='line_1_90' title="bbox 2004 3110 3599 3189; baseline 0.008 -26"><span class='ocrx_word' id='word_1_686' title='bbox 2004 3121 2139 3178; x_wconf 90' lang='lat' dir='ltr'><strong>opus</strong></span> <span class='ocrx_word' id='word_1_687' title='bbox 2183 3110 2469 3178; x_wconf 90' lang='lat' dir='ltr'><strong>dimiserit,</strong></span> <span class='ocrx_word' id='word_1_688' title='bbox 2502 3113 2607 3168; x_wconf 91' lang='lat' dir='ltr'><strong>tale</strong></span> <span class='ocrx_word' id='word_1_689' title='bbox 2636 3129 2848 3170; x_wconf 92' lang='lat' dir='ltr'><strong>rursum</strong></span> <span class='ocrx_word' id='word_1_690' title='bbox 2890 3119 3132 3189; x_wconf 84' lang='lat' dir='ltr'><strong>recipiet.</strong></span> <span class='ocrx_word' id='word_1_691' title='bbox 3161 3118 3311 3174; x_wconf 87' lang='lat' dir='ltr'><strong>Circa</strong></span> <span class='ocrx_word' id='word_1_692' title='bbox 3345 3136 3441 3175; x_wconf 84' lang='lat' dir='ltr'><strong>nos</strong></span> <span class='ocrx_word' id='word_1_693' title='bbox 3471 3137 3599 3176; x_wconf 72' lang='lat' dir='ltr'><strong>vero</strong></span> 
     </span>
    </p>
   </div>
   <div class='ocr_carea' id='block_1_91' title="bbox 2005 3200 3582 3266">
    <p class='ocr_par' dir='ltr' id='par_1_91' title="bbox 2005 3200 3582 3266">
     <span class='ocr_line' id='line_1_91' title="bbox 2005 3200 3582 3266; baseline 0.007 -11"><span class='ocrx_word' id='word_1_694' title='bbox 2005 3215 2112 3255; x_wconf 90' lang='lat' dir='ltr'><strong>non</strong></span> <span class='ocrx_word' id='word_1_695' title='bbox 2157 3200 2251 3266; x_wconf 90' lang='lat' dir='ltr'><strong>ita,</strong></span> <span class='ocrx_word' id='word_1_696' title='bbox 2297 3200 2393 3257; x_wconf 82' lang='lat' dir='ltr'><strong>sed</strong></span> <span class='ocrx_word' id='word_1_697' title='bbox 2429 3204 2756 3260; x_wconf 90' lang='lat' dir='ltr'><strong>contrarium</strong></span> <span class='ocrx_word' id='word_1_698' title='bbox 2805 3209 3024 3263; x_wconf 90' lang='lat' dir='ltr'><strong>omnino</strong></span> <span class='ocrx_word' id='word_1_699' title='bbox 3059 3228 3072 3262; x_wconf 90' lang='lat'>:</span> <span class='ocrx_word' id='word_1_700' title='bbox 3108 3226 3211 3263; x_wconf 87' lang='lat' dir='ltr'><strong>non</strong></span> <span class='ocrx_word' id='word_1_701' title='bbox 3241 3211 3382 3266; x_wconf 86' lang='lat' dir='ltr'><strong>enim</strong></span> <span class='ocrx_word' id='word_1_702' title='bbox 3421 3211 3582 3266; x_wconf 79' lang='lat' dir='ltr'><strong>inani-</strong></span> 
     </span>
    </p>
   </div>
   <div class='ocr_carea' id='block_1_92' title="bbox 2006 3293 3595 3360">
    <p class='ocr_par' dir='ltr' id='par_1_92' title="bbox 2006 3293 3595 3360">
     <span class='ocr_line' id='line_1_92' title="bbox 2006 3293 3595 3360; baseline 0.006 -13"><span class='ocrx_word' id='word_1_703' title='bbox 2006 3302 2148 3349; x_wconf 88' lang='lat' dir='ltr'><strong>mata</strong></span> <span class='ocrx_word' id='word_1_704' title='bbox 2174 3308 2320 3360; x_wconf 90' lang='lat' dir='ltr'><strong>vasa,</strong></span> <span class='ocrx_word' id='word_1_705' title='bbox 2347 3293 2442 3349; x_wconf 90' lang='lat' dir='ltr'><strong>sed</strong></span> <span class='ocrx_word' id='word_1_706' title='bbox 2463 3296 2669 3352; x_wconf 92' lang='lat' dir='ltr'><strong>animas</strong></span> <span class='ocrx_word' id='word_1_707' title='bbox 2699 3298 2940 3352; x_wconf 88' lang='lat' dir='ltr'><strong>cudimus</strong></span> <span class='ocrx_word' id='word_1_708' title='bbox 2980 3300 3286 3356; x_wconf 52' lang='lat' dir='ltr'><strong>rationales.</strong></span> <span class='ocrx_word' id='word_1_709' title='bbox 3330 3301 3452 3357; x_wconf 85' lang='lat' dir='ltr'><strong>Ideo</strong></span> <span class='ocrx_word' id='word_1_710' title='bbox 3492 3320 3595 3357; x_wconf 89' lang='lat' dir='ltr'><strong>non</strong></span> 
     </span>
    </p>
   </div>
   <div class='ocr_carea' id='block_1_93' title="bbox 2002 3388 3599 3467">
    <p class='ocr_par' dir='ltr' id='par_1_93' title="bbox 2002 3388 3599 3467">
     <span class='ocr_line' id='line_1_93' title="bbox 2002 3388 3599 3467; baseline 0.006 -24"><span class='ocrx_word' id='word_1_711' title='bbox 2002 3388 2143 3444; x_wconf 87' lang='lat' dir='ltr'><strong>tales</strong></span> <span class='ocrx_word' id='word_1_712' title='bbox 2175 3403 2271 3444; x_wconf 86' lang='lat' dir='ltr'><strong>vos</strong></span> <span class='ocrx_word' id='word_1_713' title='bbox 2312 3389 2639 3457; x_wconf 88' lang='lat' dir='ltr'><strong>invenimus,</strong></span> <span class='ocrx_word' id='word_1_714' title='bbox 2675 3392 2863 3464; x_wconf 89' lang='lat' dir='ltr'><strong>quales</strong></span> <span class='ocrx_word' id='word_1_715' title='bbox 2908 3395 3288 3467; x_wconf 77' lang='lat' dir='ltr'><strong>relinquimus,</strong></span> <span class='ocrx_word' id='word_1_716' title='bbox 3314 3398 3407 3453; x_wconf 88' lang='lat' dir='ltr'><strong>scd</strong></span> <span class='ocrx_word' id='word_1_717' title='bbox 3454 3409 3599 3467; x_wconf 86' lang='lat' dir='ltr'><strong>post-</strong></span> 
     </span>
    </p>
   </div>
   <div class='ocr_carea' id='block_1_94' title="bbox 2004 3483 3596 3552">
    <p class='ocr_par' dir='ltr' id='par_1_94' title="bbox 2004 3483 3596 3552">
     <span class='ocr_line' id='line_1_94' title="bbox 2004 3483 3596 3552; baseline 0.007 -18"><span class='ocrx_word' id='word_1_718' title='bbox 2004 3495 2168 3551; x_wconf 89' lang='lat' dir='ltr'><strong>quam</strong></span> <span class='ocrx_word' id='word_1_719' title='bbox 2192 3489 2471 3552; x_wconf 89' lang='lat' dir='ltr'><strong>susceptos</strong></span> <span class='ocrx_word' id='word_1_720' title='bbox 2500 3483 2670 3539; x_wconf 89' lang='lat' dir='ltr'><strong>multo</strong></span> <span class='ocrx_word' id='word_1_721' title='bbox 2695 3484 2877 3542; x_wconf 90' lang='lat' dir='ltr'><strong>labore</strong></span> <span class='ocrx_word' id='word_1_722' title='bbox 2902 3486 3372 3544; x_wconf 83' lang='lat' dir='ltr'><strong>rcformavcrimus</strong></span> <span class='ocrx_word' id='word_1_723' title='bbox 3401 3499 3455 3545; x_wconf 89' lang='lat' dir='ltr'><strong>et</strong></span> <span class='ocrx_word' id='word_1_724' title='bbox 3473 3505 3596 3545; x_wconf 89' lang='lat' dir='ltr'><strong>cor-</strong></span> 
     </span>
    </p>
   </div>
   <div class='ocr_carea' id='block_1_95' title="bbox 2003 3573 3600 3658">
    <p class='ocr_par' dir='ltr' id='par_1_95' title="bbox 2003 3573 3600 3658">
     <span class='ocr_line' id='line_1_95' title="bbox 2003 3573 3600 3658; baseline 0.009 -31"><span class='ocrx_word' id='word_1_725' title='bbox 2003 3573 2324 3641; x_wconf 81' lang='lat' dir='ltr'><strong>rexerimus,</strong></span> <span class='ocrx_word' id='word_1_726' title='bbox 2370 3587 2426 3633; x_wconf 92' lang='lat' dir='ltr'><strong>et</strong></span> <span class='ocrx_word' id='word_1_727' title='bbox 2449 3578 2786 3639; x_wconf 85' lang='lat' dir='ltr'><strong>effecerimus</strong></span> <span class='ocrx_word' id='word_1_728' title='bbox 2827 3581 3200 3653; x_wconf 83' lang='lat' dir='ltr'><strong>ferventiorcs,</strong></span> <span class='ocrx_word' id='word_1_729' title='bbox 3238 3600 3482 3658; x_wconf 70' lang='lat' dir='ltr'><strong>egressos</strong></span> <span class='ocrx_word' id='word_1_730' title='bbox 3509 3603 3600 3642; x_wconf 84' lang='lat' dir='ltr'><strong>nc-</strong></span> 
     </span>
    </p>
   </div>
   <div class='ocr_carea' id='block_1_96' title="bbox 2004 3666 3598 3745">
    <p class='ocr_par' dir='ltr' id='par_1_96' title="bbox 2004 3666 3598 3745">
     <span class='ocr_line' id='line_1_96' title="bbox 2004 3666 3598 3745; baseline 0.008 -25"><span class='ocrx_word' id='word_1_731' title='bbox 2004 3666 2268 3736; x_wconf 85' lang='lat' dir='ltr'><strong>gotiornm</strong></span> <span class='ocrx_word' id='word_1_732' title='bbox 2317 3669 2722 3727; x_wconf 87' lang='lat' dir='ltr'><strong>circumstantia</strong></span> <span class='ocrx_word' id='word_1_733' title='bbox 2757 3687 2853 3728; x_wconf 89' lang='lat' dir='ltr'><strong>vos</strong></span> <span class='ocrx_word' id='word_1_734' title='bbox 2895 3674 3129 3745; x_wconf 88' lang='lat' dir='ltr'><strong>undique</strong></span> <span class='ocrx_word' id='word_1_735' title='bbox 3170 3675 3598 3734; x_wconf 89' lang='lat' dir='ltr'><strong>circumcurrens</strong></span> 
     </span>
    </p>
   </div>
   <div class='ocr_carea' id='block_1_97' title="bbox 2005 3762 3602 3839">
    <p class='ocr_par' dir='ltr' id='par_1_97' title="bbox 2005 3762 3602 3839">
     <span class='ocr_line' id='line_1_97' title="bbox 2005 3762 3602 3839; baseline 0.011 -27"><span class='ocrx_word' id='word_1_736' title='bbox 2005 3772 2217 3814; x_wconf 84' lang='lat' dir='ltr'><strong>rursum</strong></span> <span class='ocrx_word' id='word_1_737' title='bbox 2247 3762 2524 3829; x_wconf 83' lang='lat' dir='ltr'><strong>pervertit,</strong></span> <span class='ocrx_word' id='word_1_738' title='bbox 2566 3773 2620 3820; x_wconf 91' lang='lat' dir='ltr'><strong>et</strong></span> <span class='ocrx_word' id='word_1_739' title='bbox 2655 3764 2913 3834; x_wconf 89' lang='lat' dir='ltr'><strong>majorem</strong></span> <span class='ocrx_word' id='word_1_740' title='bbox 2950 3770 3104 3823; x_wconf 90' lang='lat' dir='ltr'><strong>nobis</strong></span> <span class='ocrx_word' id='word_1_741' title='bbox 3150 3770 3350 3839; x_wconf 73' lang='lat' dir='ltr'><strong>praebet</strong></span> <span class='ocrx_word' id='word_1_742' title='bbox 3372 3770 3602 3829; x_wconf 79' lang='lat' dir='ltr'><strong>difﬁcul-</strong></span> 
     </span>
    </p>
   </div>
   <div class='ocr_carea' id='block_1_98' title="bbox 2005 3850 3600 3936">
    <p class='ocr_par' dir='ltr' id='par_1_98' title="bbox 2005 3850 3600 3936">
     <span class='ocr_line' id='line_1_98' title="bbox 2005 3850 3600 3936; baseline 0.011 -32"><span class='ocrx_word' id='word_1_743' title='bbox 2005 3858 2193 3906; x_wconf 89' lang='lat' dir='ltr'><strong>tatem.</strong></span> <span class='ocrx_word' id='word_1_744' title='bbox 2221 3850 2427 3908; x_wconf 89' lang='lat' dir='ltr'><strong>ldcirco</strong></span> <span class='ocrx_word' id='word_1_745' title='bbox 2447 3857 2693 3926; x_wconf 86' lang='lat' dir='ltr'><strong>supplico</strong></span> <span class='ocrx_word' id='word_1_746' title='bbox 2719 3868 2775 3912; x_wconf 90' lang='lat' dir='ltr'><strong>et</strong></span> <span class='ocrx_word' id='word_1_747' title='bbox 2799 3875 2915 3926; x_wconf 91' lang='lat' dir='ltr'><strong>oro,</strong></span> <span class='ocrx_word' id='word_1_748' title='bbox 2956 3878 3172 3916; x_wconf 88' lang='lat' dir='ltr'><strong>manum</strong></span> <span class='ocrx_word' id='word_1_749' title='bbox 3212 3865 3517 3936; x_wconf 88' lang='lat' dir='ltr'><strong>porrigatis,</strong></span> <span class='ocrx_word' id='word_1_750' title='bbox 3547 3876 3600 3922; x_wconf 92' lang='lat' dir='ltr'><strong>ct</strong></span> 
     </span>
    </p>
   </div>
   <div class='ocr_carea' id='block_1_99' title="bbox 2003 3945 3596 4015">
    <p class='ocr_par' dir='ltr' id='par_1_99' title="bbox 2003 3945 3596 4015">
     <span class='ocr_line' id='line_1_99' title="bbox 2003 3945 3596 4015; baseline 0.011 -20"><span class='ocrx_word' id='word_1_751' title='bbox 2003 3951 2263 4013; x_wconf 89' lang='lat' dir='ltr'><strong>quantum</strong></span> <span class='ocrx_word' id='word_1_752' title='bbox 2289 3958 2389 4015; x_wconf 84' lang='lat' dir='ltr'><strong>ego</strong></span> <span class='ocrx_word' id='word_1_753' title='bbox 2428 3945 2519 4002; x_wconf 86' lang='lat' dir='ltr'><strong>hic</strong></span> <span class='ocrx_word' id='word_1_754' title='bbox 2559 3947 2627 4003; x_wconf 90' lang='lat' dir='ltr'><strong>ad</strong></span> <span class='ocrx_word' id='word_1_755' title='bbox 2663 3951 3049 4009; x_wconf 86' lang='lat' dir='ltr'><strong>correctionem</strong></span> <span class='ocrx_word' id='word_1_756' title='bbox 3092 3962 3326 4009; x_wconf 87' lang='lat' dir='ltr'><strong>vestram</strong></span> <span class='ocrx_word' id='word_1_757' title='bbox 3361 3956 3596 4012; x_wconf 87' lang='lat' dir='ltr'><strong>studium</strong></span> 
     </span>
    </p>
   </div>
   <div class='ocr_carea' id='block_1_100' title="bbox 2004 4033 3596 4111">
    <p class='ocr_par' dir='ltr' id='par_1_100' title="bbox 2004 4033 3596 4111">
     <span class='ocr_line' id='line_1_100' title="bbox 2004 4033 3596 4111; baseline 0.008 -23"><span class='ocrx_word' id='word_1_758' title='bbox 2004 4033 2160 4100; x_wconf 88' lang='lat' dir='ltr'><strong>facio,</strong></span> <span class='ocrx_word' id='word_1_759' title='bbox 2194 4043 2395 4091; x_wconf 90' lang='lat' dir='ltr'><strong>tantum</strong></span> <span class='ocrx_word' id='word_1_760' title='bbox 2426 4051 2525 4092; x_wconf 87' lang='lat' dir='ltr'><strong>vos</strong></span> <span class='ocrx_word' id='word_1_761' title='bbox 2552 4037 2677 4095; x_wconf 88' lang='lat' dir='ltr'><strong>hinc</strong></span> <span class='ocrx_word' id='word_1_762' title='bbox 2697 4040 2922 4111; x_wconf 87' lang='lat' dir='ltr'><strong>digressi</strong></span> <span class='ocrx_word' id='word_1_763' title='bbox 2952 4043 3091 4098; x_wconf 90' lang='lat' dir='ltr'><strong>circa</strong></span> <span class='ocrx_word' id='word_1_764' title='bbox 3120 4045 3346 4100; x_wconf 81' lang='lat' dir='ltr'><strong>Salutem</strong></span> <span class='ocrx_word' id='word_1_765' title='bbox 3366 4057 3596 4103; x_wconf 86' lang='lat' dir='ltr'><strong>vestram</strong></span> 
     </span>
    </p>
   </div>
   <div class='ocr_carea' id='block_1_101' title="bbox 2003 4127 3599 4210">
    <p class='ocr_par' dir='ltr' id='par_1_101' title="bbox 2003 4127 3599 4210">
     <span class='ocr_line' id='line_1_101' title="bbox 2003 4127 3599 4210; baseline 0.008 -29"><span class='ocrx_word' id='word_1_766' title='bbox 2003 4141 2149 4182; x_wconf 73' lang='lat' dir='ltr'><strong>cura:</strong></span> <span class='ocrx_word' id='word_1_767' title='bbox 2179 4127 2582 4186; x_wconf 87' lang='lat' dir='ltr'><strong>demonstretis.</strong></span> <span class='ocrx_word' id='word_1_768' title='bbox 2634 4131 2844 4188; x_wconf 88' lang='lat' dir='ltr'><strong>Utinam</strong></span> <span class='ocrx_word' id='word_1_769' title='bbox 2895 4143 3077 4204; x_wconf 86' lang='lat' dir='ltr'><strong>posset</strong></span> <span class='ocrx_word' id='word_1_770' title='bbox 3113 4135 3247 4203; x_wconf 86' lang='lat' dir='ltr'><strong>fieri,</strong></span> <span class='ocrx_word' id='word_1_771' title='bbox 3282 4148 3337 4194; x_wconf 87' lang='lat' dir='ltr'><strong>ut</strong></span> <span class='ocrx_word' id='word_1_772' title='bbox 3364 4152 3463 4210; x_wconf 86' lang='lat' dir='ltr'><strong>ego</strong></span> <span class='ocrx_word' id='word_1_773' title='bbox 3503 4154 3599 4210; x_wconf 89' lang='lat' dir='ltr'><strong>pro</strong></span> 
     </span>
    </p>
   </div>
   <div class='ocr_carea' id='block_1_102' title="bbox 2004 4218 3598 4301">
    <p class='ocr_par' dir='ltr' id='par_1_102' title="bbox 2004 4218 3598 4301">
     <span class='ocr_line' id='line_1_102' title="bbox 2004 4218 3598 4301; baseline 0.008 -27"><span class='ocrx_word' id='word_1_774' title='bbox 2004 4218 2155 4275; x_wconf 90' lang='lat' dir='ltr'><strong>vobis</strong></span> <span class='ocrx_word' id='word_1_775' title='bbox 2186 4220 2322 4278; x_wconf 88' lang='lat' dir='ltr'><strong>bene</strong></span> <span class='ocrx_word' id='word_1_776' title='bbox 2364 4238 2618 4287; x_wconf 88' lang='lat' dir='ltr'><strong>mererer,</strong></span> <span class='ocrx_word' id='word_1_777' title='bbox 2664 4232 2718 4279; x_wconf 92' lang='lat' dir='ltr'><strong>et</strong></span> <span class='ocrx_word' id='word_1_778' title='bbox 2754 4227 3066 4281; x_wconf 89' lang='lat' dir='ltr'><strong>meritorum</strong></span> <span class='ocrx_word' id='word_1_779' title='bbox 3112 4228 3291 4283; x_wconf 87' lang='lat' dir='ltr'><strong>bravia</strong></span> <span class='ocrx_word' id='word_1_780' title='bbox 3319 4245 3412 4284; x_wconf 90' lang='lat' dir='ltr'><strong>vos</strong></span> <span class='ocrx_word' id='word_1_781' title='bbox 3442 4246 3598 4301; x_wconf 82' lang='lat' dir='ltr'><strong>cape-</strong></span> 
     </span>
    </p>
   </div>
   <div class='ocr_carea' id='block_1_103' title="bbox 2005 4311 3598 4391">
    <p class='ocr_par' dir='ltr' id='par_1_103' title="bbox 2005 4311 3598 4391">
     <span class='ocr_line' id='line_1_103' title="bbox 2005 4311 3598 4391; baseline 0.009 -28"><span class='ocrx_word' id='word_1_782' title='bbox 2005 4311 2169 4375; x_wconf 88' lang='lat' dir='ltr'><strong>retis;</strong></span> <span class='ocrx_word' id='word_1_783' title='bbox 2202 4328 2301 4367; x_wconf 87' lang='lat' dir='ltr'><strong>nec</strong></span> <span class='ocrx_word' id='word_1_784' title='bbox 2326 4322 2530 4368; x_wconf 86' lang='lat' dir='ltr'><strong>tantum</strong></span> <span class='ocrx_word' id='word_1_785' title='bbox 2571 4330 2669 4370; x_wconf 86' lang='lat' dir='ltr'><strong>vos</strong></span> <span class='ocrx_word' id='word_1_786' title='bbox 2707 4331 3004 4371; x_wconf 82' lang='lat' dir='ltr'><strong>vexassent.</strong></span> <span class='ocrx_word' id='word_1_787' title='bbox 3053 4317 3158 4374; x_wconf 87' lang='lat' dir='ltr'><strong>Sed</strong></span> <span class='ocrx_word' id='word_1_788' title='bbox 3198 4319 3325 4391; x_wconf 88' lang='lat' dir='ltr'><strong>quid</strong></span> <span class='ocrx_word' id='word_1_789' title='bbox 3370 4321 3598 4377; x_wconf 85' lang='lat' dir='ltr'><strong>faciam?</strong></span> 
     </span>
    </p>
   </div>
   <div class='ocr_carea' id='block_1_104' title="bbox 2005 4403 3597 4484">
    <p class='ocr_par' dir='ltr' id='par_1_104' title="bbox 2005 4403 3597 4484">
     <span class='ocr_line' id='line_1_104' title="bbox 2005 4403 3597 4484; baseline 0.007 -26"><span class='ocrx_word' id='word_1_790' title='bbox 2005 4403 2108 4460; x_wconf 90' lang='lat' dir='ltr'><strong>hoc</strong></span> <span class='ocrx_word' id='word_1_791' title='bbox 2152 4404 2482 4476; x_wconf 89' lang='lat' dir='ltr'><strong>impossibile</strong></span> <span class='ocrx_word' id='word_1_792' title='bbox 2511 4416 2638 4462; x_wconf 90' lang='lat' dir='ltr'><strong>est:</strong></span> <span class='ocrx_word' id='word_1_793' title='bbox 2680 4409 2872 4478; x_wconf 88' lang='lat' dir='ltr'><strong>cuique</strong></span> <span class='ocrx_word' id='word_1_794' title='bbox 2918 4412 3061 4464; x_wconf 87' lang='lat' dir='ltr'><strong>enim</strong></span> <span class='ocrx_word' id='word_1_795' title='bbox 3110 4413 3400 4469; x_wconf 87' lang='lat' dir='ltr'><strong>secundum</strong></span> <span class='ocrx_word' id='word_1_796' title='bbox 3435 4431 3597 4484; x_wconf 84' lang='lat' dir='ltr'><strong>opera</strong></span> 
     </span>
    </p>
   </div>
   <div class='ocr_carea' id='block_1_105' title="bbox 2004 4502 3596 4576">
    <p class='ocr_par' dir='ltr' id='par_1_105' title="bbox 2004 4502 3596 4576">
     <span class='ocr_line' id='line_1_105' title="bbox 2004 4502 3596 4576; baseline 0.011 -24"><span class='ocrx_word' id='word_1_797' title='bbox 2004 4514 2099 4552; x_wconf 90' lang='lat' dir='ltr'><strong>sua</strong></span> <span class='ocrx_word' id='word_1_798' title='bbox 2131 4502 2409 4557; x_wconf 90' lang='lat' dir='ltr'><strong>retribuet.</strong></span> <span class='ocrx_word' id='word_1_799' title='bbox 2441 4503 2593 4559; x_wconf 91' lang='lat' dir='ltr'><strong>Sicut</strong></span> <span class='ocrx_word' id='word_1_800' title='bbox 2622 4505 2782 4576; x_wconf 86' lang='lat' dir='ltr'><strong>igitur</strong></span> <span class='ocrx_word' id='word_1_801' title='bbox 2811 4518 2984 4563; x_wconf 88' lang='lat' dir='ltr'><strong>mater</strong></span> <span class='ocrx_word' id='word_1_802' title='bbox 3012 4508 3177 4564; x_wconf 76' lang='lat' dir='ltr'><strong>lilium</strong></span> <span class='ocrx_word' id='word_1_803' title='bbox 3206 4509 3596 4568; x_wconf 84' lang='lat' dir='ltr'><strong>febricitantem</strong></span> 
     </span>
    </p>
   </div>
   <div class='ocr_carea' id='block_1_106' title="bbox 2004 4593 3602 4675">
    <p class='ocr_par' dir='ltr' id='par_1_106' title="bbox 2004 4593 3602 4675">
     <span class='ocr_line' id='line_1_106' title="bbox 2004 4593 3602 4675; baseline 0.009 -29"><span class='ocrx_word' id='word_1_804' title='bbox 2004 4608 2252 4659; x_wconf 90' lang='lat' dir='ltr'><strong>cernens,</strong></span> <span class='ocrx_word' id='word_1_805' title='bbox 2284 4593 2486 4650; x_wconf 91' lang='lat' dir='ltr'><strong>dolenti</strong></span> <span class='ocrx_word' id='word_1_806' title='bbox 2530 4606 2585 4652; x_wconf 89' lang='lat' dir='ltr'><strong>et</strong></span> <span class='ocrx_word' id='word_1_807' title='bbox 2624 4598 2829 4654; x_wconf 88' lang='lat' dir='ltr'><strong>ardenti</strong></span> <span class='ocrx_word' id='word_1_808' title='bbox 2876 4601 3152 4666; x_wconf 88' lang='lat' dir='ltr'><strong>assistens,</strong></span> <span class='ocrx_word' id='word_1_809' title='bbox 3195 4602 3382 4675; x_wconf 85' lang='lat' dir='ltr'><strong>lugens</strong></span> <span class='ocrx_word' id='word_1_810' title='bbox 3431 4621 3602 4675; x_wconf 74' lang='lat' dir='ltr'><strong>tegro-</strong></span> 
     </span>
    </p>
   </div>
   <div class='ocr_carea' id='block_1_107' title="bbox 2006 4682 3599 4766">
    <p class='ocr_par' dir='ltr' id='par_1_107' title="bbox 2006 4682 3599 4766">
     <span class='ocr_line' id='line_1_107' title="bbox 2006 4682 3599 4766; baseline 0.009 -30"><span class='ocrx_word' id='word_1_811' title='bbox 2006 4682 2139 4738; x_wconf 91' lang='lat' dir='ltr'><strong>tanti</strong></span> <span class='ocrx_word' id='word_1_812' title='bbox 2178 4683 2311 4740; x_wconf 90' lang='lat' dir='ltr'><strong>dicit</strong></span> <span class='ocrx_word' id='word_1_813' title='bbox 2349 4685 2502 4742; x_wconf 79' lang='lat' dir='ltr'><strong>lilio:</strong></span> <span class='ocrx_word' id='word_1_814' title='bbox 2536 4687 2772 4756; x_wconf 86' lang='lat' dir='ltr'><strong>Utinam,</strong></span> <span class='ocrx_word' id='word_1_815' title='bbox 2804 4690 2898 4757; x_wconf 86' lang='lat' dir='ltr'><strong>ﬁli,</strong></span> <span class='ocrx_word' id='word_1_816' title='bbox 2947 4691 3148 4746; x_wconf 84' lang='lat' dir='ltr'><strong>febrem</strong></span> <span class='ocrx_word' id='word_1_817' title='bbox 3187 4707 3289 4763; x_wconf 87' lang='lat' dir='ltr'><strong>ego</strong></span> <span class='ocrx_word' id='word_1_818' title='bbox 3327 4695 3599 4766; x_wconf 84' lang='lat' dir='ltr'><strong>suscipere</strong></span> 
     </span>
    </p>
   </div>
   <div class='ocr_carea' id='block_1_108' title="bbox 2004 4777 3599 4854">
    <p class='ocr_par' dir='ltr' id='par_1_108' title="bbox 2004 4777 3599 4854">
     <span class='ocr_line' id='line_1_108' title="bbox 2004 4777 3599 4854; baseline 0.008 -24"><span class='ocrx_word' id='word_1_819' title='bbox 2004 4789 2239 4845; x_wconf 89' lang='lat' dir='ltr'><strong>possem,</strong></span> <span class='ocrx_word' id='word_1_820' title='bbox 2267 4786 2323 4833; x_wconf 92' lang='lat' dir='ltr'><strong>et</strong></span> <span class='ocrx_word' id='word_1_821' title='bbox 2351 4778 2404 4834; x_wconf 91' lang='lat' dir='ltr'><strong>in</strong></span> <span class='ocrx_word' id='word_1_822' title='bbox 2427 4793 2515 4835; x_wconf 90' lang='lat' dir='ltr'><strong>me</strong></span> <span class='ocrx_word' id='word_1_823' title='bbox 2539 4777 2808 4837; x_wconf 79' lang='lat' dir='ltr'><strong>ﬂammam</strong></span> <span class='ocrx_word' id='word_1_824' title='bbox 2838 4782 3149 4840; x_wconf 83' lang='lat' dir='ltr'><strong>attrahere:</strong></span> <span class='ocrx_word' id='word_1_825' title='bbox 3174 4785 3251 4838; x_wconf 90' lang='lat' dir='ltr'><strong>sic</strong></span> <span class='ocrx_word' id='word_1_826' title='bbox 3278 4787 3515 4854; x_wconf 79' lang='lat' dir='ltr'><strong>profecto</strong></span> <span class='ocrx_word' id='word_1_827' title='bbox 3543 4799 3599 4841; x_wconf 88' lang='lat' dir='ltr'><strong>et</strong></span> 
     </span>
    </p>
   </div>
   <div class='ocr_carea' id='block_1_109' title="bbox 2004 4871 3598 4950">
    <p class='ocr_par' dir='ltr' id='par_1_109' title="bbox 2004 4871 3598 4950">
     <span class='ocr_line' id='line_1_109' title="bbox 2004 4871 3598 4950; baseline 0.008 -28"><span class='ocrx_word' id='word_1_828' title='bbox 2004 4884 2106 4940; x_wconf 88' lang='lat' dir='ltr'><strong>ego</strong></span> <span class='ocrx_word' id='word_1_829' title='bbox 2131 4886 2274 4928; x_wconf 91' lang='lat' dir='ltr'><strong>nunc</strong></span> <span class='ocrx_word' id='word_1_830' title='bbox 2305 4871 2425 4928; x_wconf 89' lang='lat' dir='ltr'><strong>dico</strong></span> <span class='ocrx_word' id='word_1_831' title='bbox 2451 4890 2465 4928; x_wconf 90' lang='lat'><strong>:</strong></span> <span class='ocrx_word' id='word_1_832' title='bbox 2493 4872 2706 4930; x_wconf 90' lang='lat' dir='ltr'><strong>Utinam</strong></span> <span class='ocrx_word' id='word_1_833' title='bbox 2738 4876 2990 4945; x_wconf 89' lang='lat' dir='ltr'><strong>possibile</strong></span> <span class='ocrx_word' id='word_1_834' title='bbox 3019 4887 3163 4933; x_wconf 87' lang='lat' dir='ltr'><strong>esset</strong></span> <span class='ocrx_word' id='word_1_835' title='bbox 3192 4893 3280 4933; x_wconf 91' lang='lat' dir='ltr'><strong>me</strong></span> <span class='ocrx_word' id='word_1_836' title='bbox 3321 4895 3419 4950; x_wconf 89' lang='lat' dir='ltr'><strong>pro</strong></span> <span class='ocrx_word' id='word_1_837' title='bbox 3446 4881 3598 4936; x_wconf 77' lang='lat' dir='ltr'><strong>vobis</strong></span> 
     </span>
    </p>
   </div>
   <div class='ocr_carea' id='block_1_110' title="bbox 2003 4961 3596 5043">
    <p class='ocr_par' dir='ltr' id='par_1_110' title="bbox 2003 4961 3596 5043">
     <span class='ocr_line' id='line_1_110' title="bbox 2003 4961 3596 5043; baseline 0.008 -26"><span class='ocrx_word' id='word_1_838' title='bbox 2003 4961 2334 5022; x_wconf 88' lang='lat' dir='ltr'><strong>laborantem</strong></span> <span class='ocrx_word' id='word_1_839' title='bbox 2357 4965 2607 5022; x_wconf 90' lang='lat' dir='ltr'><strong>omnibus</strong></span> <span class='ocrx_word' id='word_1_840' title='bbox 2640 4977 2785 5023; x_wconf 87' lang='lat' dir='ltr'><strong>recte</strong></span> <span class='ocrx_word' id='word_1_841' title='bbox 2825 4984 3018 5038; x_wconf 84' lang='lat' dir='ltr'><strong>agere;</strong></span> <span class='ocrx_word' id='word_1_842' title='bbox 3061 4970 3155 5025; x_wconf 91' lang='lat' dir='ltr'><strong>sed</strong></span> <span class='ocrx_word' id='word_1_843' title='bbox 3184 4986 3291 5027; x_wconf 90' lang='lat' dir='ltr'><strong>non</strong></span> <span class='ocrx_word' id='word_1_844' title='bbox 3319 4973 3446 5029; x_wconf 89' lang='lat' dir='ltr'><strong>licet</strong></span> <span class='ocrx_word' id='word_1_845' title='bbox 3472 4972 3596 5043; x_wconf 88' lang='lat' dir='ltr'><strong>hoc,</strong></span> 
     </span>
    </p>
   </div>
   <div class='ocr_carea' id='block_1_111' title="bbox 2003 5056 3592 5128">
    <p class='ocr_par' dir='ltr' id='par_1_111' title="bbox 2003 5056 3592 5128">
     <span class='ocr_line' id='line_1_111' title="bbox 2003 5056 3592 5128; baseline 0.003 -17"><span class='ocrx_word' id='word_1_846' title='bbox 2003 5056 2287 5122; x_wconf 84' lang='lat' dir='ltr'><strong>nonlicet,</strong></span> <span class='ocrx_word' id='word_1_847' title='bbox 2319 5057 2413 5112; x_wconf 89' lang='lat' dir='ltr'><strong>sed</strong></span> <span class='ocrx_word' id='word_1_848' title='bbox 2435 5072 2701 5128; x_wconf 88' lang='lat' dir='ltr'><strong>quemque</strong></span> <span class='ocrx_word' id='word_1_849' title='bbox 2729 5074 2950 5114; x_wconf 83' lang='lat' dir='ltr'><strong>necesse</strong></span> <span class='ocrx_word' id='word_1_850' title='bbox 2978 5071 3061 5116; x_wconf 91' lang='lat' dir='ltr'><strong>est</strong></span> <span class='ocrx_word' id='word_1_851' title='bbox 3103 5077 3133 5117; x_wconf 91' lang='lat' dir='ltr'><strong>a</strong></span> <span class='ocrx_word' id='word_1_852' title='bbox 3179 5076 3239 5118; x_wconf 88' lang='lat' dir='ltr'><strong>se</strong></span> <span class='ocrx_word' id='word_1_853' title='bbox 3281 5066 3592 5121; x_wconf 82' lang='lat' dir='ltr'><strong>commisso-</strong></span> 
     </span>
    </p>
   </div>
   <div class='ocr_carea' id='block_1_112' title="bbox 2004 5148 3599 5228">
    <p class='ocr_par' dir='ltr' id='par_1_112' title="bbox 2004 5148 3599 5228">
     <span class='ocr_line' id='line_1_112' title="bbox 2004 5148 3599 5228; baseline 0.006 -27"><span class='ocrx_word' id='word_1_854' title='bbox 2004 5162 2125 5202; x_wconf 92' lang='lat' dir='ltr'><strong>rum</strong></span> <span class='ocrx_word' id='word_1_855' title='bbox 2166 5148 2428 5204; x_wconf 86' lang='lat' dir='ltr'><strong>rationem</strong></span> <span class='ocrx_word' id='word_1_856' title='bbox 2467 5148 2696 5205; x_wconf 83' lang='lat' dir='ltr'><strong>reddere</strong></span> <span class='ocrx_word' id='word_1_857' title='bbox 2725 5165 2739 5204; x_wconf 90' lang='lat'><strong>:</strong></span> <span class='ocrx_word' id='word_1_858' title='bbox 2770 5166 2944 5221; x_wconf 91' lang='lat' dir='ltr'><strong>neque</strong></span> <span class='ocrx_word' id='word_1_859' title='bbox 2974 5153 3154 5209; x_wconf 88' lang='lat' dir='ltr'><strong>videre</strong></span> <span class='ocrx_word' id='word_1_860' title='bbox 3191 5163 3274 5211; x_wconf 92' lang='lat' dir='ltr'><strong>est</strong></span> <span class='ocrx_word' id='word_1_861' title='bbox 3311 5158 3472 5214; x_wconf 89' lang='lat' dir='ltr'><strong>alium</strong></span> <span class='ocrx_word' id='word_1_862' title='bbox 3502 5176 3599 5228; x_wconf 88' lang='lat' dir='ltr'><strong>pro</strong></span> 
     </span>
    </p>
   </div>
   <div class='ocr_carea' id='block_1_113' title="bbox 2002 5240 3595 5319">
    <p class='ocr_par' dir='ltr' id='par_1_113' title="bbox 2002 5240 3595 5319">
     <span class='ocr_line' id='line_1_113' title="bbox 2002 5240 3595 5319; baseline 0.006 -23"><span class='ocrx_word' id='word_1_863' title='bbox 2002 5240 2108 5296; x_wconf 91' lang='lat' dir='ltr'><strong>alio</strong></span> <span class='ocrx_word' id='word_1_864' title='bbox 2131 5240 2326 5313; x_wconf 90' lang='lat' dir='ltr'><strong>puniri.</strong></span> <span class='ocrx_word' id='word_1_865' title='bbox 2356 5242 2640 5312; x_wconf 87' lang='lat' dir='ltr'><strong>Pr0pterea</strong></span> <span class='ocrx_word' id='word_1_866' title='bbox 2675 5242 2831 5298; x_wconf 88' lang='lat' dir='ltr'><strong>doleo</strong></span> <span class='ocrx_word' id='word_1_867' title='bbox 2857 5252 2912 5300; x_wconf 88' lang='lat' dir='ltr'><strong>et</strong></span> <span class='ocrx_word' id='word_1_868' title='bbox 2965 5245 3141 5318; x_wconf 84' lang='lat' dir='ltr'><strong>lugeo,</strong></span> <span class='ocrx_word' id='word_1_869' title='bbox 3174 5249 3296 5319; x_wconf 87' lang='lat' dir='ltr'><strong>quia</strong></span> <span class='ocrx_word' id='word_1_870' title='bbox 3329 5250 3478 5304; x_wconf 86' lang='lat' dir='ltr'><strong>vobis</strong></span> <span class='ocrx_word' id='word_1_871' title='bbox 3507 5251 3595 5305; x_wconf 73' lang='lat' dir='ltr'><strong>alio</strong></span> 
     </span>
    </p>
   </div>
   <div class='ocr_carea' id='block_1_114' title="bbox 2004 5331 3594 5406">
    <p class='ocr_par' dir='ltr' id='par_1_114' title="bbox 2004 5331 3594 5406">
     <span class='ocr_line' id='line_1_114' title="bbox 2004 5331 3594 5406; baseline 0.006 -20"><span class='ocrx_word' id='word_1_872' title='bbox 2004 5331 2096 5386; x_wconf 93' lang='lat' dir='ltr'><strong>illo</strong></span> <span class='ocrx_word' id='word_1_873' title='bbox 2119 5333 2382 5387; x_wconf 89' lang='lat' dir='ltr'><strong>accusatis</strong></span> <span class='ocrx_word' id='word_1_874' title='bbox 2400 5333 2653 5388; x_wconf 86' lang='lat' dir='ltr'><strong>assistere</strong></span> <span class='ocrx_word' id='word_1_875' title='bbox 2690 5349 2796 5390; x_wconf 90' lang='lat' dir='ltr'><strong>non</strong></span> <span class='ocrx_word' id='word_1_876' title='bbox 2826 5344 3036 5406; x_wconf 90' lang='lat' dir='ltr'><strong>potero,</strong></span> <span class='ocrx_word' id='word_1_877' title='bbox 3077 5341 3306 5396; x_wconf 80' lang='lat' dir='ltr'><strong>maxime</strong></span> <span class='ocrx_word' id='word_1_878' title='bbox 3334 5357 3454 5395; x_wconf 90' lang='lat' dir='ltr'><strong>cum</strong></span> <span class='ocrx_word' id='word_1_879' title='bbox 3500 5357 3594 5396; x_wconf 89' lang='lat' dir='ltr'><strong>ne-</strong></span> 
     </span>
    </p>
   </div>
   <div class='ocr_carea' id='block_1_115' title="bbox 2001 5425 3593 5497">
    <p class='ocr_par' dir='ltr' id='par_1_115' title="bbox 2001 5425 3593 5497">
     <span class='ocr_line' id='line_1_115' title="bbox 2001 5425 3593 5497; baseline 0.006 -19"><span class='ocrx_word' id='word_1_880' title='bbox 2001 5438 2107 5495; x_wconf 89' lang='lat' dir='ltr'><strong>que</strong></span> <span class='ocrx_word' id='word_1_881' title='bbox 2136 5425 2266 5480; x_wconf 89' lang='lat' dir='ltr'><strong>mihi</strong></span> <span class='ocrx_word' id='word_1_882' title='bbox 2294 5426 2487 5481; x_wconf 82' lang='lat' dir='ltr'><strong>ﬁducia</strong></span> <span class='ocrx_word' id='word_1_883' title='bbox 2513 5427 2654 5497; x_wconf 90' lang='lat' dir='ltr'><strong>apud</strong></span> <span class='ocrx_word' id='word_1_884' title='bbox 2697 5428 2865 5484; x_wconf 90' lang='lat' dir='ltr'><strong>Deum</strong></span> <span class='ocrx_word' id='word_1_885' title='bbox 2912 5430 2983 5486; x_wconf 92' lang='lat' dir='ltr'><strong>sit</strong></span> <span class='ocrx_word' id='word_1_886' title='bbox 3016 5439 3198 5496; x_wconf 89' lang='lat' dir='ltr'><strong>tanta;</strong></span> <span class='ocrx_word' id='word_1_887' title='bbox 3227 5432 3271 5485; x_wconf 91' lang='lat' dir='ltr'><strong>si</strong></span> <span class='ocrx_word' id='word_1_888' title='bbox 3296 5447 3420 5486; x_wconf 77' lang='lat' dir='ltr'><strong>vero</strong></span> <span class='ocrx_word' id='word_1_889' title='bbox 3449 5443 3502 5487; x_wconf 91' lang='lat' dir='ltr'><strong>et</strong></span> <span class='ocrx_word' id='word_1_890' title='bbox 3533 5433 3593 5487; x_wconf 67' lang='lat' dir='ltr'><strong>fio</strong></span> 
     </span>
    </p>
   </div>
   <div class='ocr_carea' id='block_1_116' title="bbox 2000 5515 3594 5593">
    <p class='ocr_par' dir='ltr' id='par_1_116' title="bbox 2000 5515 3594 5593">
     <span class='ocr_line' id='line_1_116' title="bbox 2000 5515 3594 5593; baseline 0.003 -22"><span class='ocrx_word' id='word_1_891' title='bbox 2000 5515 2210 5572; x_wconf 92' lang='lat' dir='ltr'><strong>duciam</strong></span> <span class='ocrx_word' id='word_1_892' title='bbox 2233 5516 2510 5588; x_wconf 86' lang='lat' dir='ltr'><strong>haberem,</strong></span> <span class='ocrx_word' id='word_1_893' title='bbox 2534 5535 2640 5574; x_wconf 91' lang='lat' dir='ltr'><strong>non</strong></span> <span class='ocrx_word' id='word_1_894' title='bbox 2672 5536 2789 5575; x_wconf 90' lang='lat' dir='ltr'><strong>sum</strong></span> <span class='ocrx_word' id='word_1_895' title='bbox 2815 5519 2960 5577; x_wconf 80' lang='lat' dir='ltr'><strong>Mose</strong></span> <span class='ocrx_word' id='word_1_896' title='bbox 2992 5523 3242 5587; x_wconf 81' lang='lat' dir='ltr'><strong>sanctior,</strong></span> <span class='ocrx_word' id='word_1_897' title='bbox 3284 5538 3455 5593; x_wconf 88' lang='lat' dir='ltr'><strong>neque</strong></span> <span class='ocrx_word' id='word_1_898' title='bbox 3498 5522 3594 5578; x_wconf 80' lang='lat' dir='ltr'><strong>Sa-</strong></span> 
     </span>
    </p>
   </div>
   <div class='ocr_carea' id='block_1_117' title="bbox 2000 5608 3591 5685">
    <p class='ocr_par' dir='ltr' id='par_1_117' title="bbox 2000 5608 3591 5685">
     <span class='ocr_line' id='line_1_117' title="bbox 2000 5608 3591 5685; baseline 0.004 -20"><span class='ocrx_word' id='word_1_899' title='bbox 2000 5609 2175 5665; x_wconf 90' lang='lat' dir='ltr'><strong>muele</strong></span> <span class='ocrx_word' id='word_1_900' title='bbox 2191 5608 2403 5681; x_wconf 89' lang='lat' dir='ltr'><strong>justior,</strong></span> <span class='ocrx_word' id='word_1_901' title='bbox 2436 5626 2570 5682; x_wconf 91' lang='lat' dir='ltr'><strong>quos</strong></span> <span class='ocrx_word' id='word_1_902' title='bbox 2601 5612 2851 5670; x_wconf 89' lang='lat' dir='ltr'><strong>virtutem</strong></span> <span class='ocrx_word' id='word_1_903' title='bbox 2882 5625 3082 5670; x_wconf 89' lang='lat' dir='ltr'><strong>tantam</strong></span> <span class='ocrx_word' id='word_1_904' title='bbox 3117 5625 3434 5685; x_wconf 78' lang='lat' dir='ltr'><strong>assequutos</strong></span> <span class='ocrx_word' id='word_1_905' title='bbox 3458 5616 3591 5671; x_wconf 78' lang='lat' dir='ltr'><strong>dixit</strong></span> 
     </span>
    </p>
   </div>
   <div class='ocr_carea' id='block_1_118' title="bbox 2000 5702 3591 5780">
    <p class='ocr_par' dir='ltr' id='par_1_118' title="bbox 2000 5702 3591 5780">
     <span class='ocr_line' id='line_1_118' title="bbox 2000 5702 3591 5780; baseline 0.006 -22"><span class='ocrx_word' id='word_1_906' title='bbox 2000 5703 2149 5759; x_wconf 72' lang='lat' dir='ltr'><strong>non.‘</strong></span> <span class='ocrx_word' id='word_1_907' title='bbox 2174 5717 2332 5773; x_wconf 89' lang='lat' dir='ltr'><strong>posse</strong></span> <span class='ocrx_word' id='word_1_908' title='bbox 2356 5702 2482 5775; x_wconf 91' lang='lat' dir='ltr'><strong>quid</strong></span> <span class='ocrx_word' id='word_1_909' title='bbox 2500 5704 2714 5762; x_wconf 68' lang='lat' dir='ltr'><strong>Judaros</strong></span> <span class='ocrx_word' id='word_1_910' title='bbox 2739 5706 3013 5777; x_wconf 89' lang='lat' dir='ltr'><strong>adjuvare,</strong></span> <span class='ocrx_word' id='word_1_911' title='bbox 3036 5705 3175 5779; x_wconf 90' lang='lat' dir='ltr'><strong>quod</strong></span> <span class='ocrx_word' id='word_1_912' title='bbox 3198 5708 3362 5764; x_wconf 91' lang='lat' dir='ltr'><strong>nimio</strong></span> <span class='ocrx_word' id='word_1_913' title='bbox 3390 5715 3591 5780; x_wconf 86' lang='lat' dir='ltr'><strong>torpori</strong></span> 
     </span>
    </p>
   </div>
   <div class='ocr_carea' id='block_1_119' title="bbox 2064 5814 3589 5884">
    <p class='ocr_par' dir='ltr' id='par_1_119' title="bbox 2064 5814 3589 5884">
     <span class='ocr_line' id='line_1_119' title="bbox 2064 5814 3589 5884; baseline 0.011 -20"><span class='ocrx_word' id='word_1_914' title='bbox 2064 5819 2079 5847; x_wconf 79' lang='grc' dir='ltr'><strong>ι</strong></span> <span class='ocrx_word' id='word_1_915' title='bbox 2118 5814 2223 5884; x_wconf 79' lang='lat' dir='ltr'><strong>Alii,</strong></span> <span class='ocrx_word' id='word_1_916' title='bbox 2242 5830 2336 5868; x_wconf 81' lang='lat' dir='ltr'><strong>non</strong></span> <span class='ocrx_word' id='word_1_917' title='bbox 2359 5817 2591 5882; x_wconf 73' lang='lat' dir='ltr'><strong>permisit,</strong></span> <span class='ocrx_word' id='word_1_918' title='bbox 2621 5834 2724 5884; x_wconf 78' lang='lat' dir='ltr'><strong>pro,</strong></span> <span class='ocrx_word' id='word_1_919' title='bbox 2751 5820 2877 5873; x_wconf 70' lang='lat' dir='ltr'><strong>dixit</strong></span> <span class='ocrx_word' id='word_1_920' title='bbox 2910 5835 3021 5876; x_wconf 80' lang='lat' dir='ltr'><strong>non.</strong></span> <span class='ocrx_word' id='word_1_921' title='bbox 3063 5830 3114 5877; x_wconf 72' lang='lat' dir='ltr'><strong>Et</strong></span> <span class='ocrx_word' id='word_1_922' title='bbox 3132 5825 3198 5876; x_wconf 84' lang='lat' dir='ltr'><strong>ita</strong></span> <span class='ocrx_word' id='word_1_923' title='bbox 3224 5829 3368 5879; x_wconf 86' lang='lat' dir='ltr'><strong>vertit</strong></span> <span class='ocrx_word' id='word_1_924' title='bbox 3393 5834 3589 5881; x_wconf 79' lang='lat' dir='ltr'><strong>Bernar-</strong></span> 
     </span>
    </p>
   </div>
   <div class='ocr_carea' id='block_1_120' title="bbox 2000 5881 2375 5935">
    <p class='ocr_par' dir='ltr' id='par_1_120' title="bbox 2000 5881 2375 5935">
     <span class='ocr_line' id='line_1_120' title="bbox 2000 5881 2375 5935; baseline 0.005 -5"><span class='ocrx_word' id='word_1_925' title='bbox 2000 5881 2091 5931; x_wconf 88' lang='lat' dir='ltr'><strong>dus</strong></span> <span class='ocrx_word' id='word_1_926' title='bbox 2112 5881 2375 5935; x_wconf 72' lang='lat' dir='ltr'><strong>Brixianus.</strong></span> 
     </span>
    </p>
   </div>
  </div>
