4068 6436
493 332 596 388 143

490 446 698 515 seipsos
724 445 796 502 illi
819 445 1095 504 dedissent
1117 450 1327 522 (Jerem.
1353 453 1524 527 15,1).
1544 455 1804 522 Quoniam
1829 459 1986 528 igitur
2009 476 2074 515 ex

490 538 1000 620 propriis‘opcribus
1040 542 1287 612 punimur
1318 554 1370 598 et
1407 545 1698 612 salt-amur,
1745 548 2074 618 studeamus,

486 642 696 697 quaeso,
722 643 844 685 eum
869 630 989 685 aliis
1018 632 1264 689 omnibus
1285 644 1340 689 et
1381 635 1481 691 hoc
1508 639 1723 706 explere
1745 638 2073 706 mandatum,

487 726 544 774 ut
574 734 697 775 cum
720 719 858 775 bona-
883 736 981 792 spe
1016 725 1140 779 hinc
1167 726 1424 782 abeuntes
1453 729 1715 798 promissa
1757 731 1897 785 bona
1927 747 2072 788 asse-

1114 337 1173 394 S.
1212 338 1492 397 JOANNIS
1515 341 1990 400 CllﬂY-SOSTOMI
2032 346 2347 408 ABCHIEP.
2389 353 2919 418 CONSTAN'I’INOP.

3672 374 3772 434 ιιι

2183 451 2431 534 quatitur,
2473 471 2643 540 gratia
2694 483 2748 527 et
2796 475 3121 547 benignitate
3167 480 3384 539 Domini
3426 486 3597 542 nostri
3643 488 3775 545 .Iestt-

2190 556 2410 623 Christi,
2436 575 2530 628 per
2553 577 2710 630 quettt
2747 576 2799 618 et
2820 582 2940 622 cum
2963 586 3069 639 quo
3109 571 3250 628 Patri
3285 575 3473 645 gloria,
3510 593 3614 632 una
3649 596 3770 638 cum

2181 660 2368 703 sancto
2398 651 2624 721 Spiritu,
2647 672 2785 712 nunc
2816 671 2868 714 et
2905 677 3135 732 semper,
3165 678 3217 720 et
3245 668 3298 723 in
3321 672 3516 726 saecula
3555 677 3770 728 szeculo-

2183 755 2319 795 nun.
2355 740 2548 798 Amen.

516 851 2300 882 ._..__.__._.._______________________7_

2742 881 2961 894 ____

486 945 732 991 POPULO
770 947 933 992 ΟΜΝῙ·
975 951 1055 993 ΑΒ
1097 952 1405 995 ΔΝ-(ἰῦδῒῐᾼ
1448 953 1769 998 ιιιΒιςιιΑΤο
1805 955 1888 998 ΕΤ
1939 956 2330 1004 ςοαετιτυτο
2373 963 2437 1007 IN
2483 967 2767 1025 FIDUCIA,
2811 974 3059 1024 QUIDAM
3104 977 3363 1024 ιιυιιεωί
3419 982 3775 1031 CIVITATEM

516 1061 519 1066 '
563 1047 892 1096 CONFICTIS
934 1050 1295 1095 RUMORIBUS
1337 1053 1698 1098 TREM‘ENDIS
1743 1054 2236 1113 TURBAVERUNT,
2284 1062 2369 1106 ΕΤ
2395 1064 2691 1112 οοανιαιιι
2733 1069 2930 1126 δυωτς
2977 1074 3060 1116 DE
3105 1077 3227 1121 50C
3268 1079 3487 1123 ιειτυιι
3521 1083 3766 1130 ΕΔΒΙἸἋ

564 1149 678 1193 EST
720 1150 1010 1202 ΗουιιιΛ,
1059 1152 1140 1194 ΕΤ
1181 1153 1265 1193 DE
1306 1152 1829 1197 JURAMENTOBUM
1877 1155 2294 1203 ABSTINENTIA
2337 1162 2694 1210 ADMONITIO
2735 1170 3011 1229 ADDITA;
3043 1173 3324 1230 IDEOQUE
3355 1181 3436 1221 DE

3477 1181 3778 1231 JONATHA

563 1251 646 1293 ΕΤ
685 1251 886 1295 ελυιε
928 1252 1009 1292 ET
1049 1251 1338 1296 JEPBTBE
1382 1251 1680 1296 HISTORIA
1728 1252 2056 1299 PRODUCTL

2188 1257 2237 1312 Γ,
2285 1259 2367 1304 ετ
2408 1263 2950 1329 DEMONSTRATUM,
2996 1275 3168 1329 QUOD
3229 1279 3313 1322 EX
3380 1281 3504 1326 υκο
3568 1285 3778 1329 ,ΙωιΑη

563 1349 790 1399 usuro.
823 1352 1196 1398 tuscuu'run
1241 1352 1544 1397 ιιειυυιιη
1567 1334 1606 1394 ¹.

1965 1458 2280 1513 θεοιοιοὲθ»

1123 1608 1317 1644 nonius
1339 1605 1424 1643 ιη’
1431 1629 1443 1642 .

563 1700 614 1754 Ι.
655 1696 771 1754 Non
803 1711 990 1768 parum
1017 1697 1289 1754 civitatem
1316 1697 1470 1752 nobis
1511 1695 1626 1752 heri
1665 1696 1912 1753 diabolus
1953 1713 2077 1768 per—

486 1790 736 1858 turbavit,
763 1791 856 1847 sed
892 1799 947 1846 et
973 1791 1118 1846 Deus
1157 1806 1258 1846 nos
1295 1791 1488 1844 itcrum
1525 1803 1630 1844 non
1667 1805 1854 1859 parum
1877 1804 2071 1846 conso-

485 1883 620 1938 latus
648 1892 754 1948 est,
799 1883 870 1939 ita
915 1892 970 1939 ut
1009 1883 1234 1954 quisque
1279 1893 1519 1941 nostrum
1558 1891 1860 1952 opportune
1896 1882 2078 1939 dicere

487 1973 655 2042 possit
699 1974 834 2029 illud,-
880 1974 1253 2044 propheticum
1301 1992 1314 2029 :
1365 1973 1657 2029 Secundum
1699 1974 2074 2030 multitudinem

482 2065 718 2119 dolorum
747 2082 971 2119 meorum
1009 2065 1063 2119 in
1092 2065 1242 2120 corde
1273 2081 1383 2120 meo
1407 2065 1780 2121 consolationes
1819 2074 1921 2120 tum
1944 2065 2077 2120 (teti-

483 2156 766 2224 ﬁcaverunt
787 2156 1013 2209 animam
1048 2171 1209 2209 meam
1241 2153 1421 2226 (Psal.
1442 2154 1530 2210 95.
1558 2154 1686 2225 i9).
1717 2153 1829 2211 Nec
1869 2163 2075 2218 tantum

481 2245 830 2312 consolando,
854 2246 948 2301 sed
976 2256 1031 2301 et
1055 2245 1357 2317 perturbari
1384 2245 1768 2316 permittendo,
1790 2245 2077 2316 providen-

483 2338 610 2392 tiam
637 2337 792 2393 nobis
814 2353 964 2393 suam
990 2338 1129 2393 Deus
1153 2337 1416 2394 exhibuit.
1441 2338 1595 2405 Quod
1618 2338 1761 2394 enim
1784 2354 2074 2410 numquam

482 2430 662 2485 dicere
690 2429 895 2495 destiti,
927 2431 1028 2485 hoc
1051 2439 1109 2486 et
1133 2429 1292 2486 hodie
1317 2431 1488 2486 dicam
1504 2471 1527 2498 ,
1547 2446 1653 2486 non
1689 2430 1852 2486 modo
1876 2447 2075 2492 aerum-

484 2535 670 2573 narum
700 2519 1018 2575 solutionem
1045 2561 1062 2586 ,
1104 2519 1200 2575 sed
1231 2529 1289 2576 et
1332 2520 1518 2576 barum
1561 2520 1970 2590 permissionem
2008 2538 2074 2580 es

486 2608 580 2664 Dei
621 2609 989 2665 benevolentia
1023 2625 1163 2666 esse.
1207 2609 1340 2667 Cum
1379 2611 1522 2666 enim
1559 2626 1660 2668 nos
1696 2610 1768 2666 ad
1806 2620 2075 2683 torporem

483 2701 816 2757 declinantes
844 2703 1006 2770 videt,
1031 2712 1084 2758 et
1121 2702 1189 2756 ab
1229 2703 1394 2772 ipsius
1431 2701 1788 2762 familiaritate
1827 2703 2075 2760 resilien-

485 2803 595 2858 tes,
618 2808 682 2847 ac
720 2793 1078 2863 spiritualium
1115 2793 1316 2848 nullam
1356 2793 1617 2850 rationem
1642 2792 1923 2862 habentes,
1945 2809 2078 2864 pau-

484 2885 593 2940 lum
627 2899 724 2940 nos
764 2885 1089 2955 derelinquit
1111 2927 1127 2950 ,
1173 2896 1230 2940 ut
1259 2886 1330 2941 ita
1361 2886 1627 2955 castigati,
1657 2885 1728 2941 ad
1752 2885 1928 2956 ipsum
1955 2896 2074 2941 stu-

484 2977 684 3034 diosius
713 2977 1020 3033 redeamus.
1074 2978 1138 3034 Et
1180 2979 1308 3049 quid
1336 2978 1616 3033 admiraris
1640 3019 1656 3044 ,
1703 2978 1748 3035 si
1794 2979 1939 3035 circa
1975 2993 2080 3036 nos

484 3079 758 3139 torpentes
803 3069 906 3124 hoc
935 3070 1056 3124 facit
1079 3111 1096 3136 ,
1140 3070 1336 3140 quippe
1365 3073 1485 3126 cum
1519 3068 1714 3124 Paulus
1743 3077 1799 3126 et
1839 3069 1895 3126 in
1923 3083 1986 3126 se
2021 3077 2079 3126 et

484 3165 536 3220 in
593 3163 871 3234 discipulis
926 3164 1040 3220 suis
1086 3163 1225 3218 hanc
1277 3164 1633 3219 tentationum
1687 3177 1904 3219 causam
1955 3177 2078 3220 esse

483 3256 730 3311 dixerit?
781 3255 994 3312 Etenim
1039 3255 1106 3311 ad
1155 3255 1465 3311 Corinthios
1517 3255 1808 3312 secundam
1857 3255 2078 3310 mittens

483 3348 786 3418 epistolam,
818 3349 896 3404 sic
924 3347 1138 3404 dicebat
1172 3366 1185 3402 :
1214 3345 1352 3403 Nolo
1377 3363 1463 3401 vos
1492 3346 1750 3416 ignorare,
1779 3349 1986 3415 fratres,
2014 3346 2078 3402 de

485 3440 806 3494 tribulatione
849 3440 986 3509 facta
1033 3438 1176 3494 nobis
1221 3440 1275 3493 in
1302 3439 1458 3506 Asia,
1506 3439 1642 3508 quod
1686 3455 1844 3508 supra
1871 3438 2080 3495 modum

485 3534 682 3604 gravati
709 3549 884 3588 sumus
908 3549 1065 3604 supra
1095 3532 1363 3597 virtutem,
1391 3531 1466 3584 ita
1494 3541 1548 3584 ut
1576 3531 1780 3585 avderet
1808 3547 1901 3586 nos
1928 3531 2080 3586 etiam

487 3626 692 3691 virere;
720 3623 812 3679 sed
837 3624 935 3691 ipsi
961 3624 1017 3678 in
1042 3624 1186 3678 nobis
1209 3623 1336 3692 ipsis
1360 3639 1660 3694 responsum
1697 3622 1872 3678 mortis
1899 3623 2080 3677 habui-

486 3733 606 3771 mus
645 3717 883 3789 (‘2.(Ior.
909 3717 1033 3772 l.8.
1060 3714 1130 3788 9)
1164 3733 1179 3774 :
1219 3715 1369 3786 quasi
1417 3716 1660 3781 diceret,
1708 3713 1838 3770 Tam
1888 3730 2078 3789 magna

486 3811 667 3880 nobis,
694 3811 900 3883 inquit,
933 3811 1223 3866 incubuere
1250 3809 1485 3880 pericula
1513 3851 1529 3876 ,
1577 3818 1639 3864 ut
1662 3809 1842 3865 vivere
1867 3809 2077 3865 abomi-

487 3919 762 3972 narcmur,
793 3919 893 3960 nec
921 3903 1151 3974 amplius
1179 3917 1518 3973 speraremus
1548 3900 1710 3958 ullam
1736 3900 1853 3958 fore
1882 3901 2077 3956 bonam

487 3997 838 4052 mutationem
859 4038 883 4064 ,.
919 4011 1020 4052 nec
1048 3990 1149 4050 nisi
1178 4003 1410 4050 mortem
1440 3994 1859 4064 exspectandum
1887 4001 2033 4050 esset
2060 4009 2076 4047 :

488 4088 592 4144 hoe
617 4089 760 4145 enim
785 4088 916 4144 illud
942 4097 1046 4154 est,
1080 4086 1191 4160 Ipsi
1217 4087 1271 4142 in
1301 4087 1443 4142 nobis
1471 4087 1594 4158 ipsis
1619 4102 1918 4157 responsum
1943 4102 2081 4140 mor-

488 4181 553 4235 tis
579 4180 888 4247 habuimus;
917 4179 1012 4236 sed
1042 4188 1217 4234 tamen
1254 4187 1374 4248 post
1421 4187 1620 4232 tantam
1650 4177 2080 4247 deSpera-tionem

489 4273 695 4342 depulit
722 4275 860 4328 Deus
890 4272 1180 4343 procellam
1203 4313 1219 4339 ,
1250 4281 1303 4326 et
1334 4269 1529 4325 nubem
1558 4269 1755 4340 abegit,
1787 4282 1991 4339 nosque
2014 4283 2081 4322 ex

486 4365 621 4434 ipsis
647 4367 836 4420 mortis
865 4363 1103 4419 lancibus
1124 4362 1340 4433 eripuit.
1369 4360 1492 4416 Mox
1520 4360 1911 4423 demonstrans,
1937 4357 2081 4429 quod

489 4455 790 4510 concedere
818 4455 948 4509 utin
977 4463 1177 4508 tantum
1209 4452 1568 4508 incideremus
1599 4451 1916 4522 periculum,
1947 4450 2085 4505 mul-

493 4555 563 4599 tte
606 4553 722 4600 crat
773 4544 1120 4614 providentia:
1147 4559 1301 4611 onus,
1332 4560 1398 4600 ex
1451 4543 1830 4597 tentationibus
1875 4542 2082 4596 lucrum

490 4637 657 4692 etiam
715 4645 924 4706 partum
965 4643 1269 4697 memorat;
1319 4635 1418 4686 hoc
1466 4643 1644 4687 autem
1689 4641 1838 4698 erat,
1869 4631 2085 4686 assidue

490 4725 560 4782 ad
587 4726 761 4797 ipsum
791 4725 1082 4795 respicere,
1129 4723 1224 4778 sed
1269 4723 1341 4776 nil
1389 4737 1636 4792 magnum
1681 4737 1870 4792 sapere
1909 4737 2084 4792 neque

488 4820 699 4876 extolli.
747 4818 1037 4891 Propterea
1066 4834 1187 4872 cum
1219 4816 1474 4880 dixisset,
1525 4813 1638 4885 Ipsi
1679 4815 1730 4868 in
1776 4815 1918 4868 nobis
1961 4816 2085 4885 ipsis

489 4929 790 4983 responsum
813 4913 990 4967 mortis
1017 4910 1322 4975 habuimus,
1360 4917 1409 4964 et
1449 4922 1663 4961 causam
1709 4905 1904 4962 intulit.
1954 4906 2084 4974 Qum

486 4998 620 5058 vero
647 5003 766 5059 haec
790 5012 876 5059 est
902 5001 1106 5058 causa?
1138 4999 1205 5056 Ut
1247 5017 1350 5054 non
1387 5000 1548 5054 simus
1577 4997 1788 5066 ﬁdentes
1827 4998 1880 5050 in
1918 4996 2081 5062 nobis,

492 5093 690 5164 inquit,
721 5094 811 5149 sed
833 5095 889 5148 in
907 5092 1038 5159 Deo,
1071 5092 1157 5165 qui
1184 5093 1394 5146 suscitat
1422 5100 1650 5144 mortuos
1677 5087 1752 5161 (2.
1778 5087 1895 5143 Cor.
1927 5089 1978 5142 1.
2004 5089 2082 5159 9).

492 5185 860 5240 Dormitantes
883 5185 1027 5240 enim
1049 5199 1148 5238 nos
1172 5192 1226 5239 et
1248 5182 1496 5252 delapsos
1517 5180 1926 5250 expergel‘acere
1948 5180 2089 5235 solet

498 5285 556 5333 et
583 5276 820 5331 excitare
841 5315 859 5343 ,
889 5282 945 5330 et
988 5274 1348 5343 religiosiores
1379 5273 1555 5327 facere
1597 5272 1948 5326 tentationum
1985 5286 2085 5325 na—

495 5379 635 5424 tura.
668 5364 802 5423 Cum
832 5365 991 5436 igitur
1021 5365 1252 5431 videris,
1293 5365 1491 5422 dilecte
1515 5405 1531 5429 ,
1565 5366 1910 5419 tentationem
1946 5379 2088 5419 nunc

496 5460 714 5528 quidem
762 5457 1120 5522 exstinctam,
1163 5471 1379 5514 rursum
1421 5465 1600 5509 autem
1648 5469 1967 5520 accensam,
2023 5469 2090 5509 ne

497 5551 679 5606 animo
716 5551 967 5606 concidas
1004 5562 1110 5604 neu
1149 5546 1416 5611 refugias;
1462 5545 1556 5601 sed
1599 5544 1792 5599 bonam
1821 5561 1970 5618 spem
2005 5557 2084 5600 tc-

567 5671 582 5694 ι
619 5665 758 5714 savil.
779 5664 906 5713 hunc
927 5664 1046 5713 item
1062 5663 1113 5711 in
1127 5660 1349 5724 margine
1368 5657 1559 5724 titulum
1584 5657 1779 5724 adfert:
1809 5658 2093 5724 Exhortatio

505 5726 566 5773 de
589 5725 870 5774 abstinentia
883 5722 1170 5785 jurarnenti,
1209 5721 1257 5773 et
1281 5721 1407 5780 quod
1432 5721 1706 5784 frequenter
1716 5727 1966 5782 Jurantent
1988 5721 2088 5785 fre-

508 5791 708 5850 quenter
724 5787 868 5836 etiam
893 5787 1146 5851 pcrjurare
1170 5797 1362 5838 necesse
1385 5789 1470 5834 est.

2189 1613 2338 1662 neas,
2371 1600 2501 1656 illud
2527 1603 2674 1661 intra
2698 1609 2922 1677 teipsum
2947 1611 3290 1681 ratiocinans,
3319 1616 3460 1686 quod
3482 1633 3585 1672 non
3614 1633 3779 1688 prro~

2180 1703 2274 1744 sus
2301 1705 2402 1745 nec
2428 1704 2703 1750 aversatus
2733 1713 2833 1752 nos
2861 1699 2998 1755 Deus
3025 1701 3367 1761 inimicorum
3385 1708 3629 1762 manibus
3659 1719 3769 1763 trav

2180 1778 2304 1845 dat,
2336 1781 2433 1837 sed
2458 1785 2806 1843 studiosiores
2831 1798 2886 1844 et
2912 1791 3013 1846 sibi
3056 1794 3224 1863 magis
3269 1793 3556 1852 familiares
3585 1797 3781 1854 facere

2181 1872 2384 1930 volens.
2419 1874 2496 1930 Ne
2523 1876 2682 1949 igitur
2707 1880 2945 1936 animum
2975 1882 3402 1954 chpondeamus
3420 1928 3435 1951 ,
3466 1905 3565 1946 nec
3591 1878 3771 1948 muta.-

2182 1967 2383 2021 tionem
2413 1967 2465 2024 in
2497 1970 2685 2027 melius
2714 1972 3080 2043 desperemus,
3110 1978 3205 2032 sed
3232 1981 3562 2036 celerrimant
3587 1998 3774 2054 spere~

2179 2072 2302 2114 mus
2329 2057 2444 2114 fore
2471 2063 2929 2134 tranquillitatem,
2952 2075 3006 2122 ct
3027 2069 3266 2124 ninnium
3287 2072 3477 2141 quibus
3501 2074 3770 2143 agitantur

2181 2151 2502 2208 tumultuum
2531 2153 2692 2211 ﬁnem
2721 2157 2776 2213 in
2809 2159 2972 2214 Deum
3005 2161 3364 2231 projicientes,
3398 2180 3606 2220 rursum
3633 2183 3772 2221 con-

2178 2252 2328 2298 sueta
2356 2244 2715 2316 attingamus,
2757 2249 3074 2322 solitamque
3118 2253 3168 2306 in
3211 2254 3443 2311 medium
3471 2256 3773 2312 doctrinam

2181 2336 2536 2408 producamus
2561 2340 2578 2372 ⁸
2603 2358 2618 2394 :
2647 2357 2835 2399 rursus
2873 2344 3014 2398 enim
3045 2345 3195 2399 vobis
3222 2348 3290 2401 dc
3319 2346 3505 2402 eadem
3547 2351 3770 2410 mmet-ia

2180 2427 2361 2484 dicere
2385 2429 2529 2498 volo,
2554 2441 2611 2486 ut
2634 2430 2703 2488 de
2731 2442 2911 2490 mente
2941 2444 3115 2490 vestra
3140 2437 3376 2506 improba
3400 2437 3610 2507 jnnntdi
3637 2455 3771 2496 con-

2179 2521 2409 2580 suetudo
2436 2523 2690 2580 radicitus
2718 2526 2996 2582 avellatur.

2253 2633 2286 2690 1
2289 2645 2451 2691 terum
2473 2645 2655 2692 contra
2669 2638 2984 2708 juratnenta.
3004 2669 3071 2680 -—
3097 2638 3298 2695 Idcirco
3317 2657 3537 2697 necesse
3558 2658 3774 2697 rursum

2181 2725 2250 2782 ad
2277 2725 2524 2783 eadem
2555 2728 2842 2800 confugere
2879 2731 3340 2800 supplicationem.
3374 2733 3581 2788 Etenim
3609 2746 3773 2789 antea

2181 2833 2278 2874 vos
2305 2819 2485 2890 rogavi
2507 2861 2523 2887 ,
2555 2829 2615 2874 ut
2640 2819 2863 2877 Joannis
2889 2833 3051 2893 caput
3076 2823 3370 2878 abscisstnn
3397 2825 3572 2879 adhuc
3595 2826 3773 2879 calido

2179 2924 2375 2966 cruore
2397 2909 2672 2967 destillans
2698 2914 3097 2978 sumentes,sic
3121 2912 3336 2969 domum
3367 2915 3589 2985 quisque
3615 2927 3772 2970 suam

2179 2999 2414 3057 redeatis
2435 3041 2453 3068 ,
2481 3010 2538 3057 et
2563 3002 2760 3072 putetis
2789 3011 2913 3058 ante
2942 3004 3128 3058 oculos
3154 3004 3352 3060 habere
3382 3006 3552 3075 ipsum
3583 3023 3772 3063 vocem

2182 3093 2515 3151 emittentem
2557 3103 2616 3149 et
2653 3094 2920 3150 dicentem
2963 3113 2977 3150 :
3018 3095 3153 3152 0dio
3183 3095 3374 3152 habete
3415 3097 3773 3167 jngulatin'ent

2181 3199 2362 3242 meum
2396 3184 2782 3255 juramentum.
2826 3185 2978 3256 Quod
3007 3187 3298 3257 increpatio
3329 3204 3433 3242 non
3465 3187 3626 3254 fecit,
3669 3190 3775 3246 line

2179 3277 2309 3335 fecit
2352 3277 2717 3348 juramentum
2746 3295 2762 3334 :
2793 3279 2935 3350 quod
2978 3280 3056 3334 ira
3104 3296 3210 3336 non
3255 3280 3424 3349 potuit
3471 3281 3777 3351 tyrannica,

2183 3369 2287 3426 hoc
2320 3369 2542 3440 perjurii
2576 3370 2868 3427 necessitas
2893 3370 3087 3427 eﬂ'ecit.
3118 3371 3259 3427 Sane
3288 3371 3497 3442 quando
3523 3373 3781 3426 omnibus

2181 3460 2396 3532 publice
2420 3461 2760 3518 audientibus
2781 3462 3131 3532 arguebatur,
3162 3462 3575 3532 increpationetn
3605 3478 3773 3531 gone.

2181 3566 2310 3608 rese
2355 3553 2476 3607 tulit
2521 3563 2815 3626 tyrannus;
2864 3568 2986 3608 cum
3017 3568 3143 3608 vero
3176 3569 3235 3607 se
3273 3555 3325 3606 in
3349 3553 3786 3623 juramenturnm

2185 3645 2559 3701 necessitatem
2587 3645 2783 3716 adegit,
2812 3655 2939 3700 tunc
2963 3644 3092 3699 illud
3117 3645 3325 3698 beatum
3347 3654 3506 3714 caput
3527 3643 3782 3701 abm-idit.

2187 3737 2301 3793 Hoc
2329 3737 2502 3808 ipsum
2532 3737 2691 3808 igitur
2717 3747 2772 3792 et
2800 3751 2942 3791 nunc
2984 3744 3104 3806 peto
3125 3777 3141 3801 ,
3187 3746 3242 3790 et
3277 3735 3476 3804 petere
3499 3752 3602 3790 non
3630 3736 3782 3790 desi-.

2188 3841 2328 3887 stam
2347 3873 2364 3901 ,
2397 3840 2454 3887 ut
2480 3846 2813 3903 quocumque
2842 3829 3130 3884 abicrimns
3149 3871 3162 3891 ,
3199 3828 3298 3882 huc
3325 3838 3592 3899 gestantes
3616 3838 3779 3897 caput

2188 3925 2478 3992 abeamus,
2505 3933 2561 3979 et
2587 3923 2839 3978 omnibus
2863 3922 3208 3977 ostendamus
3251 3923 3490 3976 clamans
3527 3933 3582 3976 et
3622 3923 3778 3991 jura-

2190 4025 2368 4072 menta
2414 4017 2744 4084 vituperans.
2808 4013 3062 4082 Quamvis
3115 4027 3348 4082 namque
3402 4012 3557 4068 valde
3607 4013 3782 4069 'simue

2191 4107 2364 4180 ignavi
2411 4114 2465 4160 et
2513 4106 2880 4177 negligentes,
2927 4105 3117 4174 capitis
3165 4105 3304 4160 illius
3347 4105 3531 4158 oculos
3578 4103 3782 4171 intuiti,

2192 4197 2500 4253 terribiliter
2539 4210 2639 4251 nos
2668 4196 3017 4266 respicientes
3037 4237 3054 4262 ,
3085 4204 3138 4250 et
3167 4195 3429 4249 minantes
3450 4193 3782 4264 jurantibus,

2192 4291 2346 4346 freno
2369 4291 2516 4346 omni
2543 4288 2913 4345 vehementius
2951 4303 3046 4359 per
3073 4289 3316 4344 timorem
3347 4285 3646 4357 huiusmodi
3686 4302 3782 4341 re-

2195 4385 2362 4455 pressi
2387 4424 2402 4447 ,
2429 4383 2683 4439 cohibere
2705 4393 2758 4438 et
2781 4391 3023 4439 avertere
3050 4381 3204 4436 facile
3227 4381 3520 4451 poterimus
3545 4380 3783 4450 linguam

2191 4491 2221 4528 a
2248 4474 2460 4544 jurandi
2489 4474 2801 4544 pratcipitio.
2831 4472 2942 4528 Nec
2965 4474 3108 4528 enim
3137 4471 3238 4527 hoc
3264 4473 3439 4526 solum
3464 4470 3624 4525 habet
3651 4471 3784 4526 mali

2187 4567 2573 4636 juramentnm,
2617 4565 2759 4636 quod
2785 4574 2839 4619 et
2865 4573 3179 4619 temeratum
3207 4572 3265 4618 et
3285 4573 3552 4625 servatum
3575 4563 3788 4630 iuratos

2197 4674 2371 4730 ptente
2395 4657 2555 4714 faciat
2577 4657 2860 4723 obnoxios,
2891 4654 3034 4726 quod
3064 4655 3116 4709 in
3142 4655 3288 4709 nullo
3311 4666 3648 4723 peccatorum
3673 4652 3789 4706 alio

2193 4750 2438 4806 accidere
2459 4749 2721 4820 quispiam
2746 4748 2929 4814 videt;
2961 4747 3054 4802 sed
3078 4757 3136 4802 et
3161 4745 3304 4800 aliud
3334 4761 3441 4799 non
3476 4745 3652 4798 minus
3678 4743 3788 4796 isto

2196 4843 2416 4898 malum.
2443 4841 2581 4910 Quid
2605 4849 2783 4896 autem
2806 4840 2909 4894 hoc
2934 4841 3060 4896 est?
3087 4839 3238 4907 Quod
3262 4853 3437 4908 neque
3460 4836 3785 4903 volentibus,

2196 4951 2371 5007 neque
2398 4934 2734 4990 studentibus
2761 4933 2960 5003 smpius
3004 4932 3256 5004 possibile
3295 4931 3364 4985 sit
3405 4931 3542 4987 bene
3577 4930 3786 4999 jurarc.

2195 5028 2376 5083 Primo
2421 5029 2542 5097 quia
2582 5025 2888 5097 frequenter
2908 5025 3114 5093 jurans,
3143 5033 3197 5077 et
3234 5023 3419 5076 vnlens
3469 5032 3525 5076 et
3563 5020 3785 5084 invitus,

2195 5130 2252 5177 et
2278 5120 2520 5176 nesciens
2547 5128 2602 5174 et
2625 5119 2822 5184 sciens,
2851 5125 2906 5173 et
2935 5119 3075 5172 serio
3095 5126 3147 5170 et
3174 5116 3318 5184 joco,
3343 5124 3397 5169 et
3437 5113 3504 5168 ab
3527 5115 3602 5168 ira
3641 5127 3790 5182 saepe

2195 5212 2368 5268 elatus
2388 5219 2445 5266 et
2469 5226 2500 5265 a
2527 5210 2709 5265 multis
2731 5210 2873 5274 aliis,
2900 5208 3118 5263 omnino
3147 5206 3426 5278 pcjcrabit.
3461 5207 3526 5259 Et
3551 5205 3634 5258 his
3653 5219 3788 5259 con-

2199 5303 2421 5358 tradicet
2463 5317 2619 5357 nemo
2661 5319 2674 5355 :
2708 5317 2875 5369 usque
2920 5299 3056 5355 adeo
3104 5299 3316 5368 planum
3363 5306 3418 5351 et
3445 5295 3788 5351 manifestum

2196 5406 2311 5462 est,
2339 5393 2482 5465 quod
2508 5394 2734 5450 multum
2758 5392 3026 5462 jnrantem
3049 5433 3062 5457 ,
3096 5390 3366 5461 pcrjurutn
3396 5406 3515 5445 esse
3540 5403 3789 5445 necessu.

2263 5575 2277 5604 ι
2313 5578 2569 5634 δηνεροεῑ,
2585 5568 2910 5634 proﬁcientes,
2933 5566 3004 5616 sic
3027 5565 3209 5634 habet;
3229 5571 3503 5634 quartanas
3523 5571 3616 5634 pro
3633 5557 3789 5634 ortu-tif

2197 5636 2282 5686 bas
2293 5624 2517 5699 gratiam
2537 5624 2762 5695 adenies;
2785 5635 2830 5680 et
2854 5628 2943 5699 hoc
2961 5627 3156 5699 quidem
3179 5624 3276 5699 ipsi
3291 5624 3788 5699 facientesnunqmmut

2198 5684 2430 5748 desinatis
2448 5708 2466 5755 ;
2488 5684 2710 5758 ego'fuero
2731 5684 2957 5758 catenata
2975 5684 3212 5753 attingam
3233 5684 3410 5738 iterum
3432 5684 3714 5746 solitumque
3737 5684 3788 5730 in

2198 5758 2413 5812 medium
2435 5752 2706 5809 doctrinam
2726 5752 3014 5818 producam.
