4068 6434
297 401 402 460 ηε

291 516 436 572 rium
463 515 556 570 sit.
601 514 849 571 Secundo
869 555 884 580 ,
916 515 1014 569 etsi
1043 530 1147 568 non
1191 525 1371 584 raptus
1391 555 1407 580 ,
1449 525 1542 568 aut
1586 514 1786 568 invitus
1811 523 1903 566 aut

292 605 552 675 ignorans
588 603 692 659 hoc
720 605 967 674 patiatur,
995 603 1063 658 ab
1091 603 1202 672 ipsa
1233 605 1306 656 rei
1339 612 1548 664 natura,
1580 613 1634 655 et
1657 601 1903 656 volunta-

288 696 412 751 rius
442 704 498 750 et
523 695 702 750 sciens
728 695 951 748 omnino
983 695 1222 763 peierare
1260 702 1495 763 cogetur.
1528 692 1734 762 Saepius
1757 692 1898 748 enim

291 786 450 842 domi
495 787 650 842 nobis
692 785 1108 854 prandentibus,
1142 793 1196 839 ct
1238 799 1512 839 servorum
1552 784 1730 854 aliquo
1772 797 1899 852 pec-

292 886 494 943 cante,
528 891 587 931 se
627 876 776 930 illum
817 875 1198 945 flagellaturam
1231 891 1369 929 uxor
1393 874 1627 943 iuravit,
1667 889 1792 929 mox
1817 874 1900 928 vir

297 970 636 1024 contrarium
662 967 899 1037 iuravit,
950 979 1004 1022 et
1044 969 1268 1032 restitit,
1303 983 1401 1022 nec
1449 966 1690 1037 permisit
1714 969 1753 1020 ί.
1801 967 1899 1022 Hic

296 1059 566 1130 quidquid
598 1060 836 1124 fecerint,
864 1073 1081 1114 necesse
1106 1069 1186 1113 est
1212 1059 1433 1113 omnino
1462 1058 1748 1129 periurium
1770 1073 1898 1112 cono

298 1151 455 1207 stitui
486 1169 500 1205 :
531 1165 633 1205 nec
671 1151 811 1204 enim
840 1149 1138 1204 volentibus
1183 1150 1312 1219 ipsis
1347 1157 1400 1202 et
1424 1148 1762 1205 studemibus
1785 1147 1896 1218 iam

298 1254 388 1300 est
437 1245 690 1314 possibile
736 1243 1004 1298 custodire
1052 1242 1452 1313 iuramentum;
1505 1241 1601 1297 sed
1644 1239 1899 1312 quidquid

300 1336 549 1401 accidat,
591 1335 824 1404 ipsorum
872 1335 1008 1388 alter
1048 1335 1261 1404 periurii
1309 1348 1432 1388 reus
1459 1335 1583 1398 ﬁet,
1611 1333 1694 1388 vel
1724 1332 1900 1404 potius

299 1427 488 1493 ambo,
518 1425 621 1480 hoc
646 1426 848 1480 scilicet
876 1425 1055 1490 modo,
1083 1440 1242 1495 quem
1273 1424 1447 1479 dicam
1472 1443 1486 1478 :
1520 1425 1621 1479 hoc
1650 1425 1792 1479 enim
1818 1431 1902 1478 est

301 1517 644 1573 admirabile.
673 1516 889 1571 Juratus
932 1532 990 1571 se
1018 1515 1406 1586 flagellaturum
1448 1530 1661 1570 servum
1687 1515 1770 1569 vel
1799 1529 1900 1569 an-

303 1609 544 1664 cillulam
568 1649 583 1674 ,
624 1617 810 1679 postea
842 1608 1172 1679 prohibitus,
1204 1616 1258 1662 et
1301 1608 1416 1678 ipse
1443 1607 1726 1677 peieravit,
1769 1622 1902 1677 quo-

302 1701 452 1755 niam
484 1715 590 1754 non
620 1700 746 1754 fecit
770 1700 910 1770 quod
933 1699 1134 1770 iuravit
1159 1718 1172 1754 :
1199 1707 1254 1754 et
1278 1699 1646 1769 prohibentem
1671 1713 1735 1752 ac
1757 1699 1903 1768 iura-

301 1791 475 1845 menti
509 1792 784 1844 veritatem
815 1791 1192 1860 impedientem
1221 1791 1436 1861 periurii
1464 1791 1689 1847 crimine
1715 1791 1903 1861 alliga-

304 1885 404 1936 vit.
443 1881 561 1937 Non
592 1883 735 1938 enim
783 1883 1082 1953 peierantes
1125 1892 1366 1949 tantum,
1411 1883 1507 1937 sed
1535 1883 1654 1938 aliis
1693 1897 1905 1953 quoque

304 1975 684 2031 necessitatem
715 1975 852 2030 hanc
874 1975 1183 2043 afferentes,
1212 1975 1523 2031 earumdem
1546 1975 1622 2030 rei
1648 1983 1773 2030 sunt
1799 1976 1906 2030 cri-

306 2068 516 2122 minum
547 2083 562 2120 :
592 2082 694 2120 nec
740 2066 884 2122 domi
937 2076 1138 2122 tantum
1163 2107 1179 2134 ,
1212 2066 1308 2122 sed
1348 2075 1404 2122 et
1445 2067 1499 2122 in
1545 2065 1758 2136 publico
1803 2065 1906 2121 hoc

309 2160 579 2230 quispiam
608 2159 722 2214 fieri
756 2160 969 2228 videat,
1003 2169 1056 2214 et
1098 2161 1149 2214 in
1182 2159 1370 2230 pugnis
1401 2161 1665 2225 maxime,
1692 2159 1907 2230 quando

312 2251 456 2304 inter
481 2264 540 2304 se
570 2258 867 2319 pugnantes
895 2251 1162 2304 contraria
1183 2250 1366 2319 iurant
1395 2267 1408 2303 :
1441 2248 1528 2304 hic
1553 2248 1766 2319 quidem
1791 2265 1910 2304 ver-

315 2343 654 2408 beratnrum,
684 2343 772 2397 ille
793 2359 922 2398 vero
947 2359 1052 2397 non
1082 2344 1416 2398 verberatum
1441 2342 1504 2396 iri
1538 2360 1550 2394 :
1581 2341 1667 2397 hic
1692 2343 1908 2412 pallium

314 2451 378 2492 se
405 2436 706 2492 ablaturum
729 2479 742 2504 ,
790 2437 882 2491 ille
911 2453 1015 2491 non
1056 2437 1442 2507 permissurum
1471 2452 1486 2489 :
1519 2435 1606 2489 hic
1631 2447 1908 2504 argentum

315 2544 376 2584 se
402 2529 776 2598 repetiturum,
812 2529 902 2583 ille
925 2545 1050 2582 vero
1076 2543 1136 2582 se
1165 2544 1272 2582 non
1302 2526 1634 2582 redditurum
1662 2543 1676 2579 :
1701 2533 1757 2580 et
1777 2525 1912 2579 mul-

317 2631 372 2673 ta
413 2619 517 2674 alia
555 2619 942 2675 contendentes
984 2619 1166 2689 iurant
1205 2618 1532 2688 huiusmodi.
1565 2617 1680 2673 Hoc
1703 2632 1832 2674 vero
1859 2624 1914 2673 et

317 2711 375 2764 in
403 2710 628 2764 ofﬁcinis
655 2719 709 2764 et
736 2711 936 2764 scholis
955 2710 1218 2779 quispiam
1239 2710 1456 2764 evenire
1481 2708 1680 2765 videat.
1706 2707 1914 2779 Saepius
1961 2706 1963 2709 ’

318 2802 517 2871 quippe
564 2800 753 2856 artifex
801 2801 1120 2870 discipulum
1159 2799 1440 2856 comedere
1480 2807 1534 2855 et
1581 2799 1764 2856 bibere
1804 2813 1912 2856 non

320 2893 469 2961 prius
493 2907 552 2946 se
579 2892 962 2962 permissurum
991 2905 1110 2946 esse
1134 2891 1368 2961 iuravit,
1397 2906 1554 2962 quam
1579 2899 1747 2946 totum
1779 2905 1916 2962 opus

323 2985 620 3054 iniunctum
647 2985 962 3054 expedierit.
997 2985 1108 3040 Hoc
1131 2996 1312 3040 autem
1340 2994 1395 3040 et
1433 2983 1752 3056 paedagogus
1772 2997 1916 3053 saepe

323 3075 380 3129 in
409 3091 629 3145 puerum
658 3085 712 3131 et
736 3077 788 3130 in
813 3076 1060 3132 ancillam
1085 3075 1300 3132 domina
1330 3075 1453 3131 fecit
1479 3092 1492 3128 :
1515 3085 1570 3130 et
1589 3089 1808 3130 necesse
1834 3082 1917 3129 est

325 3168 736 3236 superveniente
765 3182 1026 3237 vespere,
1074 3177 1130 3223 et
1172 3182 1335 3237 opere
1377 3182 1484 3221 non
1533 3167 1791 3236 impleto,
1832 3165 1917 3222 vel

326 3257 470 3314 fame
513 3275 621 3314 non
668 3261 1014 3328 expedientes
1043 3261 1290 3328 absumi,
1334 3261 1420 3315 vel
1461 3261 1667 3330 iuratos
1699 3259 1920 3316 omnino

326 3354 591 3424 peierare.
643 3353 904 3426 Malignus
946 3356 1090 3411 enim
1120 3355 1329 3412 daemon
1372 3356 1464 3411 ille
1508 3355 1666 3411 bonis
1707 3370 1925 3427 semper

328 3447 528 3501 nostris
553 3447 809 3503 insidians
835 3448 1038 3511 adstat,
1072 3459 1126 3503 et
1155 3448 1584 3518 juramentorum
1626 3450 1921 3506 necessita-

329 3547 442 3594 tem
461 3537 704 3604 audiens,
728 3539 778 3592 in
804 3547 1071 3608 torporem
1091 3539 1357 3594 obnoxios
1383 3540 1628 3610 impellit,
1653 3539 1738 3596 vel
1759 3539 1922 3594 aliam

329 3630 550 3687 molitur
572 3629 941 3686 difﬁcultatem
967 3673 980 3694 ,
1015 3641 1074 3686 ut
1101 3646 1207 3687 non
1239 3631 1457 3701 impleto
1485 3645 1650 3701 opere
1673 3638 1730 3686 et
1758 3631 1926 3702 plaga:

332 3732 390 3778 et
416 3723 750 3779 contumelia:
779 3732 834 3777 et
873 3723 1103 3793 periuria
1143 3731 1197 3778 et
1236 3721 1438 3776 inﬁnita
1480 3723 1582 3778 alia
1610 3721 1748 3776 mala
1773 3721 1925 3776 ﬁant.

334 3817 485 3873 Sicut
519 3816 663 3872 enim
696 3816 843 3886 pueri
879 3816 1166 3870 funiculum
1199 3815 1415 3886 longum
1445 3824 1498 3869 ct
1523 3822 1832 3882 corruptum
1857 3827 1927 3868 ex

336 3909 606 3964 contrario
630 3908 770 3963 inter
796 3923 854 3962 se
883 3905 1152 3962 trahentes
1176 3920 1297 3961 eum
1325 3905 1494 3960 multo
1523 3908 1722 3975 impetu
1748 3903 1930 3974 supini

338 4015 527 4056 omnes
554 3999 754 4054 cadunt
799 3997 1037 4053 funiculo
1078 4013 1173 4069 per
1203 3997 1436 4054 medium
1466 3996 1748 4066 disrupto,
1788 4003 1846 4050 et
1872 3994 1930 4050 hi

341 4091 554 4162 quidem
582 4091 776 4162 capite,
801 4092 876 4146 illi
904 4107 1034 4147 vero
1061 4092 1164 4146 alia
1188 4091 1428 4162 corporis
1456 4098 1605 4161 parte
1631 4088 1929 4145 feriuntur:

344 4186 421 4241 sic
445 4195 499 4241 et
525 4187 667 4241 inter
695 4201 756 4240 se
784 4186 1051 4241 contraria
1074 4184 1348 4256 iurantes,
1372 4183 1681 4254 iuramento
1716 4197 1815 4253 pro
1840 4197 1929 4237 re-

346 4294 464 4334 rum
491 4279 814 4334 necessitate
839 4278 1104 4348 disrupto,
1134 4277 1187 4331 in
1217 4277 1438 4347 periurii
1466 4276 1778 4332 barathrum
1804 4274 1936 4330 utri-

347 4390 450 4444 que
474 4374 704 4440 cadunt,
737 4372 792 4427 hi
835 4373 1048 4443 quidem
1094 4369 1406 4442 pejerando,
1442 4370 1515 4425 illi
1543 4384 1674 4426 vero
1716 4368 1936 4440 periurii

348 4483 564 4524 causam
607 4468 728 4522 aliis
757 4466 1062 4538 praebendo.

419 4560 476 4615 2.
505 4559 590 4614 Ea:
612 4559 786 4615 Sutilis
811 4559 1022 4612 historia
1040 4559 1452 4629 juramentorum
1479 4556 1748 4626 perniciem
1773 4565 1940 4611 osten-

350 4653 446 4705 dit.
473 4681 544 4691 -ο
573 4650 642 4705 Ει
667 4661 725 4705 ut
751 4649 854 4704 hoc
889 4665 995 4704 non
1036 4660 1238 4704 tantum
1273 4664 1340 4704 ex
1370 4649 1434 4704 iis
1459 4663 1579 4717 qua;
1604 4647 1842 4718 quotidie
1884 4648 1937 4701 in

352 4741 602 4796 domibus
625 4749 681 4795 et
706 4739 894 4809 plateis
922 4739 1075 4806 ﬁunt,
1097 4739 1192 4794 sed
1221 4739 1383 4794 etiam
1406 4752 1474 4793 ex
1503 4737 1631 4809 ipsis
1654 4736 1942 4806 Scripturis

354 4833 426 4888 sit
464 4833 800 4887 manifestum
826 4873 843 4899 ,
887 4832 1158 4902 antiquam
1197 4831 1348 4886 vobis
1391 4830 1675 4903 quamdam
1715 4829 1944 4887 narrabo

360 4927 634 4982 historiam
661 4925 818 4981 dictis
847 4925 1272 4980 convenientem.
1303 4923 1496 4980 Hostes
1539 4923 1825 4994 aliquando
1846 4923 1944 4978 Ju-

359 5019 507 5074 dzeos
523 5035 642 5073 cum
667 5018 1006 5082 invasissent,
1021 5032 1214 5087 eosque
1233 5015 1490 5072 Jonathas
1509 5029 1789 5086 aggressus
1803 5022 1948 5071 esset

360 5114 471 5185 (hic
494 5122 671 5168 autem
697 5119 813 5167 erat
833 5112 1007 5168 Saulis
1035 5111 1218 5182 ﬁlius),
1237 5121 1292 5165 et
1318 5110 1418 5165 hos
1442 5109 1655 5180 quidem
1684 5107 1947 5163 trucidasc

361 5214 464 5269 set,
509 5204 628 5262 illos
681 5219 811 5259 vero
855 5204 908 5257 in
955 5203 1131 5272 fugam
1174 5202 1566 5258 convertisset:
1593 5202 1778 5256 volens
1819 5200 1948 5255 Saﬁl

367 5296 524 5367 huius
569 5306 722 5367 pater
757 5295 985 5366 amplius
1015 5304 1200 5351 contra
1227 5294 1460 5364 reliquos
1481 5294 1772 5348 exercitum
1801 5291 1953 5347 exci-

367 5401 502 5453 tare,
531 5401 584 5445 et
611 5389 789 5445 facere
813 5405 877 5444 ne
912 5389 1059 5458 prius
1083 5388 1404 5453 absisteret,
1434 5402 1592 5458 quam
1636 5402 1824 5443 omnes
1853 5403 1953 5457 op-

369 5479 686 5550 pressisset,
731 5479 1056 5535 contrarium
1099 5493 1260 5549 quam
1301 5477 1500 5545 voluit,
1533 5477 1702 5534 fecit:
1744 5479 1956 5548 iuratus

370 5571 640 5626 neminem
690 5585 857 5640 usque
905 5571 972 5624 ad
1023 5585 1301 5639 vesperam
1360 5584 1550 5639 panem
1596 5580 1956 5625 comesturum

373 5679 541 5735 usque
567 5662 634 5717 ad
665 5663 894 5718 hostium
919 5661 1175 5716 ultionem
1203 5675 1440 5716 suorum.
1469 5658 1607 5728 Quid
1643 5675 1833 5730 nempe
1859 5659 1960 5716 hac

440 5821 474 5887 t_
490 5818 632 5870 sat-il.
651 5828 715 5887 et_
725 5817 922 5882 plurimi
939 5816 1262 5887 Manusctzipti,
1282 5823 1593 5868 Contrarium
1608 5817 1798 5881 jurarit
1815 5824 1859 5869 et
1884 5830 1962 5869 re-

376 5882 492 5932 stitit
513 5882 799 5932 contendens
821 5889 980 5934 etnon
1003 5882 1297 5948 permittens.

1187 401 1278 456 AD
1318 403 1638 467 POPULUM
1677 406 2166 466 ANTIOCIIENUM
2230 408 2457 465 llOillL.
2502 407 2635 466 XIV.

3492 422 3594 479 HG

2009 531 2068 569 re
2112 519 2324 575 stultius
2369 521 2483 577 ﬁeri
2531 523 2753 594 posset?
2799 524 3067 598 Fatigatos
3105 531 3278 597 enim,
3320 540 3374 586 et
3410 531 3592 589 labore

2005 612 2174 666 multo
2216 628 2428 682 pressos
2471 616 2663 672 milites
2705 633 2825 672 cum
2865 620 3164 677 refocillare
3193 623 3498 687 debuisset,
3540 636 3593 680 et

2005 703 2254 761 fortiores
2298 707 2540 762 hostibus
2572 709 2857 766 immittere
2879 753 2892 776 ,
2934 711 3178 769 hostibus
3209 715 3339 786 ipsis
3378 718 3590 788 gravius

2005 813 2099 853 eos
2130 799 2346 864 habuit,
2375 814 2471 868 per
2493 801 2778 869 iuramenti
2806 804 3176 860 necessitatem
3219 807 3346 861 fami
3383 812 3589 879 gravis-

2004 889 2154 943 simae
2195 889 2339 959 ipsos
2371 891 2585 946 tradens
2621 892 2698 962 (l.
2728 892 2852 964 Reg.
2879 895 3078 950 14.24.
3102 896 3308 969 etsqq.)
3334 913 3348 951 :
3379 900 3591 969 pericu-

2005 979 2178 1034 losum
2222 979 2418 1050 quippe
2456 979 2524 1036 de
2564 983 2742 1051 seipso
2784 984 3086 1054 quempiam
3126 985 3345 1056 iurare;
3397 990 3594 1058 saepius

2003 1074 2147 1128 enim
2173 1088 2205 1128 a
2231 1089 2411 1129 rerum
2433 1074 2830 1130 circumstantia
2861 1077 3139 1147 cogimur;
3165 1078 3391 1133 aliorum
3415 1089 3594 1136 autem

2002 1165 2322 1220 sententiam
2360 1164 2786 1235 juramentorum
2835 1182 3056 1223 suorum
3097 1169 3415 1225 necessitate
3443 1186 3594 1226 com-

2006 1255 2357 1327 prehendere,
2387 1257 2554 1312 multo
2583 1257 2933 1326 periculosius
2952 1301 2966 1324 ,
2998 1268 3054 1314 et
3077 1259 3308 1313 maxime
3333 1274 3454 1314 cum
3485 1277 3591 1314 non

2004 1346 2074 1402 de
2103 1362 2212 1402 uno
2235 1389 2249 1413 ,
2284 1356 2377 1401 aut
2403 1347 2610 1402 duobus
2639 1347 2722 1402 vel
2770 1348 2936 1403 tribus
2959 1388 2974 1414 ,
3023 1347 3117 1402 sed
3161 1348 3228 1404 de
3257 1349 3597 1403 multitudine

2005 1439 2126 1509 quis
2153 1437 2356 1494 inﬁnita
2375 1438 2520 1508 iuret
2545 1456 2559 1493 :
2588 1439 2725 1494 sicut
2745 1448 2868 1494 tunc
2889 1438 3012 1493 Saftl
3038 1438 3426 1494 inconsiderate
3453 1440 3595 1504 fecit,

2007 1544 2182 1600 neque
2209 1529 2458 1598 cogitavit
2499 1529 2864 1585 verisimiliter
2895 1545 2960 1584 ex
3005 1538 3152 1584 tanto
3182 1544 3404 1584 numero
3434 1545 3594 1583 unum

2008 1621 2199 1676 saltem
2225 1621 2585 1690 iuramentum
2614 1629 3069 1692 transgressurum
3101 1635 3239 1686 esse,
3271 1635 3444 1691 neque
3473 1636 3600 1675 con-

2009 1713 2262 1769 sideravit
2291 1713 2488 1768 milites
2530 1721 2584 1768 et
2621 1712 2822 1768 milites
2861 1722 3156 1783 pugnantes
3176 1755 3191 1780 ,
3239 1721 3292 1767 et
3321 1713 3542 1768 multum
3571 1727 3599 1765 a

2011 1803 2345 1875 philosophia
2391 1803 2596 1859 alienos
2637 1814 2878 1859 ventrem
2910 1805 3126 1859 vincere
3167 1819 3272 1858 non
3324 1818 3514 1873 posse,
3547 1810 3602 1857 et

2011 1897 2244 1951 maxime
2269 1911 2391 1951 cum
2435 1896 2584 1952 labor
2611 1897 2682 1952 sit
2723 1895 3004 1965 plurimus.
3035 1895 3141 1950 Sed
3169 1894 3284 1950 hare
3309 1893 3486 1949 omnia
3517 1893 3604 1947 ille

2011 1988 2312 2058 despiciens
2337 2029 2354 2054 ,
2388 1997 2656 2057 tamquam
2687 1988 2756 2042 de
2799 2002 2907 2042 uno
2953 1994 3158 2041 tantum
3199 1999 3356 2040 servo
3391 1983 3601 2053 iurans,

2013 2097 2170 2152 quem
2202 2080 2356 2136 facile
2382 2081 2634 2134 cohibere
2663 2089 2864 2149 posset,
2895 2079 2972 2133 sic
2996 2077 3063 2132 de
3085 2077 3228 2132 omni
3257 2075 3605 2131 ratiocinatus

2013 2183 2094 2230 est
2123 2173 2380 2228 exercitu.
2409 2171 2479 2226 Et
2503 2171 2624 2226 ideo
2646 2179 2849 2226 tantum
2871 2169 3088 2224 diabolo
3125 2169 3329 2224 aditum
3369 2167 3602 2237 aperuit,

2015 2274 2072 2320 ut
2113 2280 2220 2319 non
2252 2263 2411 2318 modo
2439 2263 2546 2317 duo
2582 2272 2638 2317 et
2683 2263 2783 2316 tria
2825 2270 2877 2318 et
2907 2271 3136 2330 quatuor
3159 2301 3173 2325 ,
3219 2259 3315 2315 sed
3357 2266 3411 2313 et
3439 2257 3606 2311 multo

2015 2358 2167 2427 plura
2197 2355 2302 2411 hoc
2330 2371 2395 2412 ex
2419 2356 2723 2426 iuramento
2753 2354 2898 2409 brevi
2932 2363 3171 2421 tempore
3202 2350 3431 2421 periuria
3459 2357 3606 2403 texe-

2016 2456 2118 2504 ret.
2163 2447 2314 2502 Sicut
2339 2447 2484 2502 enim
2512 2461 2634 2500 cum
2678 2444 2812 2499 nihil
2852 2445 3070 2499 omnino
3109 2443 3386 2512 iuramus,
3418 2452 3607 2492 omnes

2017 2537 2118 2608 ipsi
2147 2536 2322 2593 aditus
2347 2535 2676 2592 obstruimus
2705 2553 2722 2594 :
2753 2535 2822 2590 ita
2854 2534 2900 2590 si
2937 2548 3100 2588 unum
3144 2533 3419 2587 dumtaxat
3457 2529 3606 2599 iura-

2013 2638 2259 2687 mentum
2287 2629 2628 2686 emiserimus
2652 2670 2666 2693 ,
2719 2627 2820 2699 ipsi
2861 2641 3106 2696 magnam
3156 2623 3358 2678 inﬁnita
3387 2635 3609 2690 compo-

2018 2723 2183 2781 nendi
2211 2722 2443 2796 periuria
2482 2727 2800 2791 potestatem
2841 2718 3163 2790 praebemus.
3193 2714 3262 2770 Et
3286 2714 3426 2769 sicut
3455 2712 3492 2766 ii
3519 2709 3612 2781 qui

2018 2825 2238 2874 catenas
2262 2815 2616 2885 complicant,
2649 2813 2695 2868 si
2730 2827 2854 2868 eum
2883 2811 2970 2882 qtti
2999 2819 3157 2880 caput
3188 2816 3332 2864 tenet
3358 2805 3609 2867 habeant,

2019 2907 2175 2964 facile
2199 2916 2256 2963 et
2277 2905 2563 2978 diligenter
2589 2912 2753 2960 totam
2780 2902 3068 2972 expediunt
3094 2898 3352 2954 nodorum
3383 2895 3610 2951 seriem:

2020 2999 2068 3054 si
2086 3013 2216 3054 vero
2239 2997 2329 3068 qui
2356 2995 2520 3051 faciat
2548 2996 2650 3051 hoc
2672 2993 2811 3048 adsit
2837 3007 3016 3059 nemo,
3041 3005 3140 3046 nec
3165 2991 3371 3044 initium
3398 2985 3614 3056 aggredi

2021 3097 2287 3162 possunt:
2313 3087 2504 3144 eodem
2545 3087 2706 3142 modo
2732 3084 2976 3140 diabolus
3018 3097 3231 3153 quoque
3275 3088 3613 3151 peccatorum

2022 3190 2330 3239 nostrorum
2359 3190 2576 3236 catenas
2603 3185 2846 3242 nectens,
2877 3173 2977 3229 nisi
3003 3189 3033 3228 a
3059 3172 3234 3242 lingua
3259 3181 3440 3226 nosua
3467 3168 3618 3238 prin-

2024 3273 2222 3344 cipium
2266 3271 2462 3338 ducat,
2511 3283 2611 3324 nec
2653 3265 2868 3338 aggredi
2909 3262 3121 3336 quidem
3152 3262 3359 3332 possit;
3403 3259 3446 3313 si
3486 3271 3617 3312 vero

2024 3379 2126 3421 nos
2172 3361 2494 3434 principium
2529 3359 2806 3415 dumtaxat
2849 3353 3172 3418 fecerimus,
3229 3352 3407 3422 lingua
3462 3348 3616 3419 quasi

2027 3471 2210 3521 manu,
2254 3453 2618 3526 iuramentum
2661 3448 2818 3506 nobis
2860 3446 3234 3510 retinentibus,
3283 3456 3404 3496 cum
3453 3438 3616 3494 multa

2023 3550 2135 3621 iam
2163 3546 2376 3603 licentia
2415 3543 2702 3615 malignam
2740 3550 2910 3596 artem
2949 3553 3098 3595 suam
3140 3542 3375 3598 exercet,
3419 3547 3488 3587 ex
3513 3545 3620 3585 uno

2024 3640 2332 3713 iuramento
2361 3637 2641 3692 innumera
2668 3647 2996 3703 componens
3022 3638 3076 3685 ct
3119 3638 3306 3682 texens
3347 3623 3578 3696 periuria
3602 3639 3618 3676 :

2029 3731 2184 3803 quod
2216 3731 2454 3801 profecto
2491 3736 2546 3783 et
2584 3740 2728 3782 nunc
2769 3726 2821 3780 in
2863 3723 3028 3780 Saﬁle
3071 3721 3156 3776 hic
3194 3719 3387 3775 eﬁ‘ecit.
3428 3715 3622 3786 ASpice

2032 3837 2228 3894 nempe
2253 3821 2425 3893 qualis
2453 3821 2556 3874 hoc
2593 3818 2900 3888 iuramento
2930 3815 3152 3884 laqueus
3192 3810 3449 3867 exoritur.
3498 3805 3620 3877 Syl-

2031 3931 2153 3972 vam
2178 3913 2483 3987 praeteribat
2501 3912 2771 3966 exercitus
2796 3907 3053 3977 apiarium
3082 3905 3389 3966 habentem,
3413 3908 3469 3955 et
3495 3895 3624 3952 illud

2033 4018 2159 4064 ante
2188 4006 2379 4062 faciem
2405 4004 2518 4074 agri
2546 4002 2586 4069 ⁸,
2614 4009 2668 4056 et
2697 4001 2971 4070 ingressus
2999 4004 3083 4051 est
3113 3994 3338 4064 populus
3373 3991 3440 4045 ad
3480 3989 3626 4058 apia-

2035 4100 2214 4167 rium,
2246 4105 2301 4154 et
2343 4094 2606 4152 transibat
2651 4092 2898 4162 loquens.
2941 4085 3131 4141 Vidisti
3177 4090 3431 4154 quantum
3471 4080 3623 4134 bara-

2037 4189 2255 4248 thrum?
2279 4187 2458 4244 Mensa
2479 4187 2977 4254 extemporanea,ut
2995 4186 3049 4233 et
3067 4171 3358 4231 accedendi
3381 4169 3625 4235 facilitas,

2038 4293 2094 4342 et
2118 4280 2432 4340 nutrimenti
2460 4278 2725 4340 suavitas,
2755 4283 2810 4329 et
2841 4269 3038 4327 latendi
3062 4282 3188 4338 spes
3216 4265 3270 4319 in
3291 4265 3626 4335 iuramento-

2040 4393 2161 4434 rum
2206 4373 2687 4445 transgressionem
2733 4368 2879 4438 ipsos
2913 4363 3173 4419 alliceret.
3204 4357 3338 4413 Nam
3381 4355 3549 4409 fames
3577 4361 3633 4445 et

2043 4471 2193 4528 labor
2221 4477 2275 4525 et
2302 4443 2514 4537 tempus
2535 4461 2740 4538 (Omnis
2759 4459 2926 4526 enim,
2954 4455 3144 4527 inquit,
3169 4462 3305 4507 terra
3329 4443 3631 4538 prandebat)

2045 4566 2124 4633 (l.
2140 4562 2268 4632 Reg.
2289 4561 2378 4615 l4.
2395 4536 2490 4630 25)
2514 4536 2641 4611 tunc
2658 4553 2726 4608 ad
2748 4546 3241 4622 prtevaricationem
3263 4536 3629 4633 impellebant.

2044 4628 2309 4711 Favorum
2355 4628 2605 4720 aspectus
2644 4657 2858 4716 quoque
2901 4638 3065 4694 animi
3113 4636 3349 4705 vigorem
3399 4628 3634 4690 solvens,

2047 4746 2380 4803 extrinsecus
2421 4741 2567 4812 ipsos
2593 4737 2868 4793 invitabat.
2904 4732 3104 4787 Mensa:
3133 4726 3275 4782 enim
3305 4734 3415 4777 tum
3441 4720 3637 4812 iucun-

2047 4839 2219 4903 ditas,
2251 4845 2361 4892 tum
2391 4809 2562 4889 facilis
2597 4834 2883 4899 apparatus
2903 4865 2920 4890 ,
2966 4831 3019 4879 et
3045 4812 3479 4888 deprehendendi
3511 4809 3634 4903 furti

2051 4900 2336 4986 difﬁcultas
2373 4937 2588 4980 omnem
2631 4915 3021 4990 philosOphiam
3069 4909 3253 4962 fallere
3284 4911 3546 4975 poterant.
3580 4900 3638 4953 Si

2053 5039 2248 5095 nempe
2265 5035 2456 5082 carnes
2485 5017 2728 5079 fuissent,
2755 5023 2886 5081 quas
2916 5007 3119 5062 elixare
3139 5001 3221 5095 vel
3251 5009 3456 5095 torrere
3484 5009 3641 5066 opor-

2057 5093 2220 5181 teret,
2253 5131 2360 5170 non
2397 5120 2601 5167 tantum
2647 5106 2884 5176 ipsorum
2914 5098 3122 5154 animos
3148 5093 3489 5156 allexissent,
3521 5103 3643 5181 cum

2059 5213 2110 5268 in
2141 5177 2271 5280 ipsis
2299 5202 2592 5276 euqucndis
2620 5207 2676 5254 et
2700 5195 2767 5252 ad
2795 5208 2973 5250 escam
3011 5185 3378 5280 prteparandis
3407 5177 3645 5237 cunctari

2057 5314 2110 5359 et
2139 5279 2350 5356 tardare
2368 5299 2662 5366 oporteret,
2696 5290 2751 5344 in
2777 5302 2835 5342 re
2878 5279 3207 5355 deprehendi
3233 5281 3603 5366 exspectantes
3631 5285 3645 5320 :

2061 5407 2201 5448 nunc
2227 5405 2357 5446 vero
2386 5362 2456 5442 nil
2487 5393 2604 5442 erat
2631 5382 2736 5437 tale
2758 5421 2775 5448 ,
2818 5377 2913 5434 sed
2946 5374 3050 5430 tnel
3080 5373 3251 5429 solum
3274 5410 3288 5433 ,
3334 5365 3422 5419 ubi
3465 5362 3649 5415 labore

2062 5485 2210 5540 nullo
2233 5496 2367 5552 opus
2393 5487 2546 5542 erat;
2588 5471 2888 5529 sufficiebat
2923 5476 3100 5522 autem
3131 5451 3646 5552 summum-digitum

2064 5541 2410 5646 intingeitten.
2439 5585 2508 5626 ex
2539 5580 2722 5622 mensa
2750 5575 2962 5630 capere.
2993 5557 3368 5646 Verumtamen
3395 5545 3472 5600 illi
3499 5541 3647 5646 cupi:

2064 5633 2282 5728 ditatem
2326 5666 2725 5726 continuerunt,
2767 5670 2866 5712 nec
2911 5653 3047 5708 intra
3093 5661 3152 5703 se
3195 5643 3483 5705 dixerunt,
3511 5633 3649 5703 Quid

2140 5877 2157 5909 ⁸
2191 5881 2266 5925 Stc
2289 5870 2478 5939 plurimi
2506 5876 2611 5920 Mss.
2630 5861 2844 5921 mutet,
2873 5855 3052 5924 populi.
3081 5871 3183 5921 pro,
3201 5847 3330 5917 agri.
