  <div class='ocr_page' id='page_1' title='image "/cluster/home/n/w/nwhite01/storage/ocr_20150623/49:no.2:pt.1/coo.31924054869486/153.png"; bbox 0 0 4068 6428; ppageno 0'>
   <div class='ocr_carea' id='block_1_1' title="bbox 429 355 521 410">
    <p class='ocr_par' dir='ltr' id='par_1_1' title="bbox 429 355 521 410">
     <span class='ocr_line' id='line_1_1' title="bbox 429 355 521 410; baseline -0.022 0"><span class='ocrx_word' id='word_1_1' title='bbox 429 355 521 410; x_wconf 72' lang='grc'><strong>151</strong></span> 
     </span>
    </p>
   </div>
   <div class='ocr_carea' id='block_1_2' title="bbox 423 452 2020 538">
    <p class='ocr_par' dir='ltr' id='par_1_2' title="bbox 423 452 2020 538">
     <span class='ocr_line' id='line_1_2' title="bbox 423 452 2020 538; baseline -0.013 -14"><span class='ocrx_word' id='word_1_2' title='bbox 423 470 622 525; x_wconf 81' lang='lat' dir='ltr'><strong>hentes</strong></span> <span class='ocrx_word' id='word_1_3' title='bbox 647 466 868 538; x_wconf 86' lang='lat' dir='ltr'><strong>supinos</strong></span> <span class='ocrx_word' id='word_1_4' title='bbox 895 462 1282 534; x_wconf 87' lang='lat' dir='ltr'><strong>proiicientem.</strong></span> <span class='ocrx_word' id='word_1_5' title='bbox 1310 458 1516 514; x_wconf 88' lang='lat' dir='ltr'><strong>Juravit</strong></span> <span class='ocrx_word' id='word_1_6' title='bbox 1541 455 1666 511; x_wconf 80' lang='lat' dir='ltr'><strong>Saiil</strong></span> <span class='ocrx_word' id='word_1_7' title='bbox 1697 469 1803 509; x_wconf 90' lang='lat' dir='ltr'><strong>non</strong></span> <span class='ocrx_word' id='word_1_8' title='bbox 1829 452 2020 516; x_wconf 89' lang='lat' dir='ltr'><strong>semel,</strong></span> 
     </span>
    </p>
   </div>
   <div class='ocr_carea' id='block_1_3' title="bbox 435 544 2027 631">
    <p class='ocr_par' dir='ltr' id='par_1_3' title="bbox 435 544 2027 631">
     <span class='ocr_line' id='line_1_3' title="bbox 435 544 2027 631; baseline -0.013 -15"><span class='ocrx_word' id='word_1_9' title='bbox 435 577 610 631; x_wconf 87' lang='lat' dir='ltr'><strong>neque</strong></span> <span class='ocrx_word' id='word_1_10' title='bbox 630 561 712 614; x_wconf 91' lang='lat' dir='ltr'><strong>bis</strong></span> <span class='ocrx_word' id='word_1_11' title='bbox 731 602 746 627; x_wconf 92' lang='lat'><strong>,</strong></span> <span class='ocrx_word' id='word_1_12' title='bbox 775 557 870 613; x_wconf 89' lang='lat' dir='ltr'><strong>sed</strong></span> <span class='ocrx_word' id='word_1_13' title='bbox 895 565 950 611; x_wconf 90' lang='lat' dir='ltr'><strong>et</strong></span> <span class='ocrx_word' id='word_1_14' title='bbox 977 554 1200 624; x_wconf 78' lang='lat' dir='ltr'><strong>saepius:</strong></span> <span class='ocrx_word' id='word_1_15' title='bbox 1231 550 1498 606; x_wconf 88' lang='lat' dir='ltr'><strong>contraria</strong></span> <span class='ocrx_word' id='word_1_16' title='bbox 1521 549 1718 619; x_wconf 85' lang='lat' dir='ltr'><strong>iuravit</strong></span> <span class='ocrx_word' id='word_1_17' title='bbox 1749 544 1977 617; x_wconf 88' lang='lat' dir='ltr'><strong>populus</strong></span> <span class='ocrx_word' id='word_1_18' title='bbox 2013 585 2027 608; x_wconf 94' lang='lat'><strong>,</strong></span> 
     </span>
    </p>
   </div>
   <div class='ocr_carea' id='block_1_4' title="bbox 433 637 2031 723">
    <p class='ocr_par' dir='ltr' id='par_1_4' title="bbox 433 637 2031 723">
     <span class='ocr_line' id='line_1_4' title="bbox 433 637 2031 723; baseline -0.014 -15"><span class='ocrx_word' id='word_1_19' title='bbox 433 664 486 708; x_wconf 89' lang='lat' dir='ltr'><strong>et</strong></span> <span class='ocrx_word' id='word_1_20' title='bbox 508 655 617 723; x_wconf 88' lang='lat' dir='ltr'><strong>iam</strong></span> <span class='ocrx_word' id='word_1_21' title='bbox 640 647 1014 706; x_wconf 77' lang='lat' dir='ltr'><strong>contendebat.</strong></span> <span class='ocrx_word' id='word_1_22' title='bbox 1042 644 1274 699; x_wconf 83' lang='lat' dir='ltr'><strong>Necesse</strong></span> <span class='ocrx_word' id='word_1_23' title='bbox 1296 641 1405 712; x_wconf 88' lang='lat' dir='ltr'><strong>iam</strong></span> <span class='ocrx_word' id='word_1_24' title='bbox 1429 641 1648 695; x_wconf 89' lang='lat' dir='ltr'><strong>omnino</strong></span> <span class='ocrx_word' id='word_1_25' title='bbox 1669 637 2031 707; x_wconf 86' lang='lat' dir='ltr'><strong>iuramentum</strong></span> 
     </span>
    </p>
   </div>
   <div class='ocr_carea' id='block_1_5' title="bbox 426 727 2030 804">
    <p class='ocr_par' dir='ltr' id='par_1_5' title="bbox 426 727 2030 804">
     <span class='ocr_line' id='line_1_5' title="bbox 426 727 2030 804; baseline -0.013 -4"><span class='ocrx_word' id='word_1_26' title='bbox 426 745 606 801; x_wconf 84' lang='lat' dir='ltr'><strong>scindi</strong></span> <span class='ocrx_word' id='word_1_27' title='bbox 636 763 648 797; x_wconf 93' lang='lat'>:</span> <span class='ocrx_word' id='word_1_28' title='bbox 683 757 803 796; x_wconf 89' lang='lat' dir='ltr'><strong>nam</strong></span> <span class='ocrx_word' id='word_1_29' title='bbox 851 749 950 794; x_wconf 86' lang='lat' dir='ltr'><strong>nos</strong></span> <span class='ocrx_word' id='word_1_30' title='bbox 979 753 1166 794; x_wconf 89' lang='lat' dir='ltr'><strong>omnes</strong></span> <span class='ocrx_word' id='word_1_31' title='bbox 1193 750 1320 790; x_wconf 83' lang='lat' dir='ltr'><strong>vere</strong></span> <span class='ocrx_word' id='word_1_32' title='bbox 1342 736 1554 804; x_wconf 83' lang='lat' dir='ltr'><strong>iurasse</strong></span> <span class='ocrx_word' id='word_1_33' title='bbox 1573 739 1656 785; x_wconf 91' lang='lat' dir='ltr'><strong>est</strong></span> <span class='ocrx_word' id='word_1_34' title='bbox 1681 727 2030 800; x_wconf 83' lang='lat' dir='ltr'><strong>impossibile.</strong></span> 
     </span>
    </p>
   </div>
   <div class='ocr_carea' id='block_1_6' title="bbox 509 820 2034 889">
    <p class='ocr_par' dir='ltr' id='par_1_6' title="bbox 509 820 2034 889">
     <span class='ocr_line' id='line_1_6' title="bbox 509 820 2034 889; baseline -0.011 0"><span class='ocrx_word' id='word_1_35' title='bbox 509 835 928 889; x_wconf 81' lang='lat' dir='ltr'><strong>Juramcutorum</strong></span> <span class='ocrx_word' id='word_1_36' title='bbox 958 830 1145 884; x_wconf 78' lang='lat' dir='ltr'><strong>damna</strong></span> <span class='ocrx_word' id='word_1_37' title='bbox 1172 826 1352 880; x_wconf 75' lang='lat' dir='ltr'><strong>multa.</strong></span> <span class='ocrx_word' id='word_1_38' title='bbox 1375 851 1446 866; x_wconf 80' lang='lat'><strong>--</strong></span> <span class='ocrx_word' id='word_1_39' title='bbox 1475 823 1584 878; x_wconf 83' lang='lat' dir='ltr'><strong>Nec</strong></span> <span class='ocrx_word' id='word_1_40' title='bbox 1607 821 1736 876; x_wconf 89' lang='lat' dir='ltr'><strong>mihi</strong></span> <span class='ocrx_word' id='word_1_41' title='bbox 1767 820 1844 875; x_wconf 88' lang='lat' dir='ltr'><strong>rei</strong></span> <span class='ocrx_word' id='word_1_42' title='bbox 1871 833 2034 873; x_wconf 86' lang='lat' dir='ltr'><strong>even-</strong></span> 
     </span>
    </p>
   </div>
   <div class='ocr_carea' id='block_1_7' title="bbox 441 913 2038 990">
    <p class='ocr_par' dir='ltr' id='par_1_7' title="bbox 441 913 2038 990">
     <span class='ocr_line' id='line_1_7' title="bbox 441 913 2038 990; baseline -0.012 -11"><span class='ocrx_word' id='word_1_43' title='bbox 441 935 550 980; x_wconf 89' lang='lat' dir='ltr'><strong>tum</strong></span> <span class='ocrx_word' id='word_1_44' title='bbox 580 925 750 988; x_wconf 88' lang='lat' dir='ltr'><strong>dicas,</strong></span> <span class='ocrx_word' id='word_1_45' title='bbox 778 921 873 978; x_wconf 89' lang='lat' dir='ltr'><strong>sed</strong></span> <span class='ocrx_word' id='word_1_46' title='bbox 903 920 1097 990; x_wconf 87' lang='lat' dir='ltr'><strong>cogita,</strong></span> <span class='ocrx_word' id='word_1_47' title='bbox 1125 925 1256 988; x_wconf 86' lang='lat' dir='ltr'><strong>quot</strong></span> <span class='ocrx_word' id='word_1_48' title='bbox 1283 916 1419 970; x_wconf 85' lang='lat' dir='ltr'><strong>mala</strong></span> <span class='ocrx_word' id='word_1_49' title='bbox 1450 913 1826 972; x_wconf 84' lang='lat' dir='ltr'><strong>nascebantur,</strong></span> <span class='ocrx_word' id='word_1_50' title='bbox 1849 919 1902 963; x_wconf 91' lang='lat' dir='ltr'><strong>et</strong></span> <span class='ocrx_word' id='word_1_51' title='bbox 1927 917 2038 962; x_wconf 71' lang='lat' dir='ltr'><strong>tra-</strong></span> 
     </span>
    </p>
   </div>
   <div class='ocr_carea' id='block_1_8' title="bbox 440 999 2041 1087">
    <p class='ocr_par' dir='ltr' id='par_1_8' title="bbox 440 999 2041 1087">
     <span class='ocr_line' id='line_1_8' title="bbox 440 999 2041 1087; baseline -0.01 -17"><span class='ocrx_word' id='word_1_52' title='bbox 440 1015 669 1087; x_wconf 70' lang='lat' dir='ltr'><strong>gmdiam</strong></span> <span class='ocrx_word' id='word_1_53' title='bbox 710 1022 765 1068; x_wconf 92' lang='lat' dir='ltr'><strong>et</strong></span> <span class='ocrx_word' id='word_1_54' title='bbox 791 1009 1128 1084; x_wconf 75' lang='lat' dir='ltr'><strong>tyrannidem</strong></span> <span class='ocrx_word' id='word_1_55' title='bbox 1153 1006 1394 1063; x_wconf 82' lang='lat' dir='ltr'><strong>venturis</strong></span> <span class='ocrx_word' id='word_1_56' title='bbox 1423 1017 1520 1076; x_wconf 86' lang='lat' dir='ltr'><strong>per</strong></span> <span class='ocrx_word' id='word_1_57' title='bbox 1545 1002 1799 1058; x_wconf 78' lang='lat' dir='ltr'><strong>Absalom</strong></span> <span class='ocrx_word' id='word_1_58' title='bbox 1837 999 2041 1055; x_wconf 80' lang='lat' dir='ltr'><strong>similes</strong></span> 
     </span>
    </p>
   </div>
   <div class='ocr_carea' id='block_1_9' title="bbox 444 1091 2039 1163">
    <p class='ocr_par' dir='ltr' id='par_1_9' title="bbox 444 1091 2039 1163">
     <span class='ocr_line' id='line_1_9' title="bbox 444 1091 2039 1163; baseline -0.009 -2"><span class='ocrx_word' id='word_1_59' title='bbox 444 1109 572 1163; x_wconf 87' lang='lat' dir='ltr'><strong>hinc</strong></span> <span class='ocrx_word' id='word_1_60' title='bbox 610 1107 854 1162; x_wconf 82' lang='lat' dir='ltr'><strong>diabolus</strong></span> <span class='ocrx_word' id='word_1_61' title='bbox 897 1103 1156 1160; x_wconf 88' lang='lat' dir='ltr'><strong>struehat.</strong></span> <span class='ocrx_word' id='word_1_62' title='bbox 1185 1101 1242 1157; x_wconf 88' lang='lat' dir='ltr'><strong>Si</strong></span> <span class='ocrx_word' id='word_1_63' title='bbox 1275 1099 1418 1155; x_wconf 89' lang='lat' dir='ltr'><strong>enim</strong></span> <span class='ocrx_word' id='word_1_64' title='bbox 1463 1096 1724 1153; x_wconf 87' lang='lat' dir='ltr'><strong>voluisset</strong></span> <span class='ocrx_word' id='word_1_65' title='bbox 1767 1109 1858 1149; x_wconf 80' lang='lat' dir='ltr'><strong>rex</strong></span> <span class='ocrx_word' id='word_1_66' title='bbox 1903 1091 2039 1147; x_wconf 88' lang='lat' dir='ltr'><strong>resi-</strong></span> 
     </span>
    </p>
   </div>
   <div class='ocr_carea' id='block_1_10' title="bbox 444 1187 2046 1268">
    <p class='ocr_par' dir='ltr' id='par_1_10' title="bbox 444 1187 2046 1268">
     <span class='ocr_line' id='line_1_10' title="bbox 444 1187 2046 1268; baseline -0.009 -14"><span class='ocrx_word' id='word_1_67' title='bbox 444 1211 590 1256; x_wconf 84' lang='lat' dir='ltr'><strong>stere</strong></span> <span class='ocrx_word' id='word_1_68' title='bbox 627 1210 680 1255; x_wconf 93' lang='lat' dir='ltr'><strong>ct</strong></span> <span class='ocrx_word' id='word_1_69' title='bbox 715 1199 782 1253; x_wconf 91' lang='lat' dir='ltr'><strong>ad</strong></span> <span class='ocrx_word' id='word_1_70' title='bbox 815 1199 1176 1268; x_wconf 86' lang='lat' dir='ltr'><strong>juramentum</strong></span> <span class='ocrx_word' id='word_1_71' title='bbox 1218 1191 1534 1266; x_wconf 91' lang='lat' dir='ltr'><strong>procedere,</strong></span> <span class='ocrx_word' id='word_1_72' title='bbox 1578 1198 1720 1244; x_wconf 87' lang='lat' dir='ltr'><strong>totus</strong></span> <span class='ocrx_word' id='word_1_73' title='bbox 1760 1187 2046 1242; x_wconf 89' lang='lat' dir='ltr'><strong>restitisset</strong></span> 
     </span>
    </p>
   </div>
   <div class='ocr_carea' id='block_1_11' title="bbox 443 1281 2049 1362">
    <p class='ocr_par' dir='ltr' id='par_1_11' title="bbox 443 1281 2049 1362">
     <span class='ocr_line' id='line_1_11' title="bbox 443 1281 2049 1362; baseline -0.01 -15"><span class='ocrx_word' id='word_1_74' title='bbox 443 1287 696 1362; x_wconf 81' lang='lat' dir='ltr'><strong>populus,</strong></span> <span class='ocrx_word' id='word_1_75' title='bbox 748 1298 802 1345; x_wconf 87' lang='lat' dir='ltr'><strong>et</strong></span> <span class='ocrx_word' id='word_1_76' title='bbox 833 1289 1074 1362; x_wconf 83' lang='lat' dir='ltr'><strong>tyrannis</strong></span> <span class='ocrx_word' id='word_1_77' title='bbox 1119 1285 1490 1342; x_wconf 78' lang='lat' dir='ltr'><strong>crudelissima</strong></span> <span class='ocrx_word' id='word_1_78' title='bbox 1525 1281 1664 1336; x_wconf 83' lang='lat' dir='ltr'><strong>facta</strong></span> <span class='ocrx_word' id='word_1_79' title='bbox 1715 1281 1902 1335; x_wconf 79' lang='lat' dir='ltr'><strong>fuisset</strong></span> <span class='ocrx_word' id='word_1_80' title='bbox 1939 1293 1953 1331; x_wconf 92' lang='lat'><strong>:</strong></span> <span class='ocrx_word' id='word_1_81' title='bbox 1992 1283 2049 1331; x_wconf 90' lang='lat' dir='ltr'><strong>et</strong></span> 
     </span>
    </p>
   </div>
   <div class='ocr_carea' id='block_1_12' title="bbox 449 1371 2045 1449">
    <p class='ocr_par' dir='ltr' id='par_1_12' title="bbox 449 1371 2045 1449">
     <span class='ocr_line' id='line_1_12' title="bbox 449 1371 2045 1449; baseline -0.009 -10"><span class='ocrx_word' id='word_1_82' title='bbox 449 1398 664 1439; x_wconf 90' lang='lat' dir='ltr'><strong>rursum</strong></span> <span class='ocrx_word' id='word_1_83' title='bbox 706 1384 751 1438; x_wconf 89' lang='lat' dir='ltr'><strong>si</strong></span> <span class='ocrx_word' id='word_1_84' title='bbox 794 1382 1052 1437; x_wconf 84' lang='lat' dir='ltr'><strong>voluisset</strong></span> <span class='ocrx_word' id='word_1_85' title='bbox 1097 1379 1237 1434; x_wconf 87' lang='lat' dir='ltr'><strong>filius</strong></span> <span class='ocrx_word' id='word_1_86' title='bbox 1277 1377 1506 1449; x_wconf 77' lang='lat' dir='ltr'><strong>propria:</strong></span> <span class='ocrx_word' id='word_1_87' title='bbox 1550 1375 1841 1431; x_wconf 84' lang='lat' dir='ltr'><strong>consulens</strong></span> <span class='ocrx_word' id='word_1_88' title='bbox 1887 1371 2045 1426; x_wconf 89' lang='lat' dir='ltr'><strong>saluti</strong></span> 
     </span>
    </p>
   </div>
   <div class='ocr_carea' id='block_1_13' title="bbox 449 1466 2046 1546">
    <p class='ocr_par' dir='ltr' id='par_1_13' title="bbox 449 1466 2046 1546">
     <span class='ocr_line' id='line_1_13' title="bbox 449 1466 2046 1546; baseline -0.008 -16"><span class='ocrx_word' id='word_1_89' title='bbox 449 1476 692 1546; x_wconf 84' lang='lat' dir='ltr'><strong>seipsum</strong></span> <span class='ocrx_word' id='word_1_90' title='bbox 715 1475 974 1530; x_wconf 86' lang='lat' dir='ltr'><strong>exercitui</strong></span> <span class='ocrx_word' id='word_1_91' title='bbox 997 1472 1216 1537; x_wconf 83' lang='lat' dir='ltr'><strong>dedere,</strong></span> <span class='ocrx_word' id='word_1_92' title='bbox 1241 1466 1507 1540; x_wconf 87' lang='lat' dir='ltr'><strong>parricida</strong></span> <span class='ocrx_word' id='word_1_93' title='bbox 1533 1469 1709 1523; x_wconf 81' lang='lat' dir='ltr'><strong>statim</strong></span> <span class='ocrx_word' id='word_1_94' title='bbox 1734 1466 2046 1522; x_wconf 90' lang='lat' dir='ltr'><strong>exstitisset.</strong></span> 
     </span>
    </p>
   </div>
   <div class='ocr_carea' id='block_1_14' title="bbox 453 1557 2052 1636">
    <p class='ocr_par' dir='ltr' id='par_1_14' title="bbox 453 1557 2052 1636">
     <span class='ocr_line' id='line_1_14' title="bbox 453 1557 2052 1636; baseline -0.007 -16"><span class='ocrx_word' id='word_1_95' title='bbox 453 1563 620 1620; x_wconf 73' lang='lat' dir='ltr'><strong>Vides</strong></span> <span class='ocrx_word' id='word_1_96' title='bbox 645 1573 700 1620; x_wconf 94' lang='lat' dir='ltr'><strong>ct</strong></span> <span class='ocrx_word' id='word_1_97' title='bbox 729 1563 1082 1636; x_wconf 80' lang='lat' dir='ltr'><strong>tyrannidem,</strong></span> <span class='ocrx_word' id='word_1_98' title='bbox 1111 1571 1165 1616; x_wconf 89' lang='lat' dir='ltr'><strong>et</strong></span> <span class='ocrx_word' id='word_1_99' title='bbox 1193 1560 1286 1615; x_wconf 82' lang='lat' dir='ltr'><strong>lilii</strong></span> <span class='ocrx_word' id='word_1_100' title='bbox 1308 1558 1532 1623; x_wconf 57' lang='lat' dir='ltr'><strong>ca‘dem,</strong></span> <span class='ocrx_word' id='word_1_101' title='bbox 1554 1568 1608 1613; x_wconf 90' lang='lat' dir='ltr'><strong>et</strong></span> <span class='ocrx_word' id='word_1_102' title='bbox 1628 1557 1970 1628; x_wconf 80' lang='lat' dir='ltr'><strong>parricidium</strong></span> <span class='ocrx_word' id='word_1_103' title='bbox 1998 1563 2052 1609; x_wconf 92' lang='lat' dir='ltr'><strong>ct</strong></span> 
     </span>
    </p>
   </div>
   <div class='ocr_carea' id='block_1_15' title="bbox 450 1650 2048 1725">
    <p class='ocr_par' dir='ltr' id='par_1_15' title="bbox 450 1650 2048 1725">
     <span class='ocr_line' id='line_1_15' title="bbox 450 1650 2048 1725; baseline -0.008 -13"><span class='ocrx_word' id='word_1_104' title='bbox 450 1658 652 1712; x_wconf 84' lang='lat' dir='ltr'><strong>bellum</strong></span> <span class='ocrx_word' id='word_1_105' title='bbox 684 1657 859 1719; x_wconf 87' lang='lat' dir='ltr'><strong>civile,</strong></span> <span class='ocrx_word' id='word_1_106' title='bbox 891 1665 945 1710; x_wconf 89' lang='lat' dir='ltr'><strong>et</strong></span> <span class='ocrx_word' id='word_1_107' title='bbox 967 1668 1217 1725; x_wconf 84' lang='lat' dir='ltr'><strong>pugnam,</strong></span> <span class='ocrx_word' id='word_1_108' title='bbox 1246 1659 1301 1706; x_wconf 92' lang='lat' dir='ltr'><strong>et</strong></span> <span class='ocrx_word' id='word_1_109' title='bbox 1322 1650 1704 1722; x_wconf 84' lang='lat' dir='ltr'><strong>iugulationes,</strong></span> <span class='ocrx_word' id='word_1_110' title='bbox 1732 1658 1786 1703; x_wconf 90' lang='lat' dir='ltr'><strong>et</strong></span> <span class='ocrx_word' id='word_1_111' title='bbox 1808 1663 2048 1712; x_wconf 80' lang='lat' dir='ltr'><strong>cruores,</strong></span> 
     </span>
    </p>
   </div>
   <div class='ocr_carea' id='block_1_16' title="bbox 453 1739 2052 1813">
    <p class='ocr_par' dir='ltr' id='par_1_16' title="bbox 453 1739 2052 1813">
     <span class='ocr_line' id='line_1_16' title="bbox 453 1739 2052 1813; baseline -0.006 -11"><span class='ocrx_word' id='word_1_112' title='bbox 453 1757 514 1802; x_wconf 83' lang='lat' dir='ltr'><strong>et</strong></span> <span class='ocrx_word' id='word_1_113' title='bbox 560 1747 762 1800; x_wconf 80' lang='lat' dir='ltr'><strong>inﬁnita</strong></span> <span class='ocrx_word' id='word_1_114' title='bbox 807 1745 1066 1801; x_wconf 74' lang='lat' dir='ltr'><strong>cadavera</strong></span> <span class='ocrx_word' id='word_1_115' title='bbox 1112 1760 1176 1799; x_wconf 80' lang='lat' dir='ltr'><strong>ex</strong></span> <span class='ocrx_word' id='word_1_116' title='bbox 1220 1758 1326 1798; x_wconf 89' lang='lat' dir='ltr'><strong>uno</strong></span> <span class='ocrx_word' id='word_1_117' title='bbox 1373 1750 1580 1813; x_wconf 87' lang='lat' dir='ltr'><strong>patrata</strong></span> <span class='ocrx_word' id='word_1_118' title='bbox 1619 1741 1944 1811; x_wconf 83' lang='lat' dir='ltr'><strong>iuramento.</strong></span> <span class='ocrx_word' id='word_1_119' title='bbox 1994 1739 2052 1794; x_wconf 83' lang='lat' dir='ltr'><strong>Si</strong></span> 
     </span>
    </p>
   </div>
   <div class='ocr_carea' id='block_1_17' title="bbox 463 1831 2056 1905">
    <p class='ocr_par' dir='ltr' id='par_1_17' title="bbox 463 1831 2056 1905">
     <span class='ocr_line' id='line_1_17' title="bbox 463 1831 2056 1905; baseline -0.006 -14"><span class='ocrx_word' id='word_1_120' title='bbox 463 1850 694 1905; x_wconf 80' lang='lat' dir='ltr'><strong>natoque</strong></span> <span class='ocrx_word' id='word_1_121' title='bbox 737 1837 934 1891; x_wconf 88' lang='lat' dir='ltr'><strong>bellum</strong></span> <span class='ocrx_word' id='word_1_122' title='bbox 983 1835 1094 1889; x_wconf 87' lang='lat' dir='ltr'><strong>lieri</strong></span> <span class='ocrx_word' id='word_1_123' title='bbox 1140 1835 1455 1898; x_wconf 87' lang='lat' dir='ltr'><strong>accidisset,</strong></span> <span class='ocrx_word' id='word_1_124' title='bbox 1487 1841 1544 1889; x_wconf 90' lang='lat' dir='ltr'><strong>et</strong></span> <span class='ocrx_word' id='word_1_125' title='bbox 1580 1833 1708 1888; x_wconf 74' lang='lat' dir='ltr'><strong>Saul</strong></span> <span class='ocrx_word' id='word_1_126' title='bbox 1743 1831 1963 1886; x_wconf 87' lang='lat' dir='ltr'><strong>forsitan</strong></span> <span class='ocrx_word' id='word_1_127' title='bbox 2001 1838 2056 1884; x_wconf 91' lang='lat' dir='ltr'><strong>et</strong></span> 
     </span>
    </p>
   </div>
   <div class='ocr_carea' id='block_1_18' title="bbox 459 1921 2058 1995">
    <p class='ocr_par' dir='ltr' id='par_1_18' title="bbox 459 1921 2058 1995">
     <span class='ocr_line' id='line_1_18' title="bbox 459 1921 2058 1995; baseline -0.003 -15"><span class='ocrx_word' id='word_1_128' title='bbox 459 1921 723 1981; x_wconf 82' lang='lat' dir='ltr'><strong>Jouathas</strong></span> <span class='ocrx_word' id='word_1_129' title='bbox 759 1927 1029 1995; x_wconf 75' lang='lat' dir='ltr'><strong>iugulatus</strong></span> <span class='ocrx_word' id='word_1_130' title='bbox 1063 1927 1278 1990; x_wconf 81' lang='lat' dir='ltr'><strong>luisset,</strong></span> <span class='ocrx_word' id='word_1_131' title='bbox 1307 1935 1360 1980; x_wconf 91' lang='lat' dir='ltr'><strong>et</strong></span> <span class='ocrx_word' id='word_1_132' title='bbox 1391 1924 1543 1979; x_wconf 89' lang='lat' dir='ltr'><strong>multi</strong></span> <span class='ocrx_word' id='word_1_133' title='bbox 1570 1923 1795 1979; x_wconf 90' lang='lat' dir='ltr'><strong>militum</strong></span> <span class='ocrx_word' id='word_1_134' title='bbox 1837 1923 2058 1977; x_wconf 85' lang='lat' dir='ltr'><strong>fuissent</strong></span> 
     </span>
    </p>
   </div>
   <div class='ocr_carea' id='block_1_19' title="bbox 459 2015 2056 2086">
    <p class='ocr_par' dir='ltr' id='par_1_19' title="bbox 459 2015 2056 2086">
     <span class='ocr_line' id='line_1_19' title="bbox 459 2015 2056 2086; baseline 0 -18"><span class='ocrx_word' id='word_1_135' title='bbox 459 2018 757 2071; x_wconf 73' lang='lat' dir='ltr'><strong>trucidati:</strong></span> <span class='ocrx_word' id='word_1_136' title='bbox 804 2026 858 2071; x_wconf 76' lang='lat' dir='ltr'><strong>et</strong></span> <span class='ocrx_word' id='word_1_137' title='bbox 909 2019 1036 2070; x_wconf 89' lang='lat' dir='ltr'><strong>nulli</strong></span> <span class='ocrx_word' id='word_1_138' title='bbox 1084 2019 1161 2071; x_wconf 90' lang='lat' dir='ltr'><strong>sic</strong></span> <span class='ocrx_word' id='word_1_139' title='bbox 1197 2017 1560 2086; x_wconf 81' lang='lat' dir='ltr'><strong>iuramcntum</strong></span> <span class='ocrx_word' id='word_1_140' title='bbox 1604 2015 1741 2072; x_wconf 90' lang='lat' dir='ltr'><strong>bene</strong></span> <span class='ocrx_word' id='word_1_141' title='bbox 1782 2016 2056 2071; x_wconf 89' lang='lat' dir='ltr'><strong>cessisset.</strong></span> 
     </span>
    </p>
   </div>
   <div class='ocr_carea' id='block_1_20' title="bbox 457 2107 2057 2180">
    <p class='ocr_par' dir='ltr' id='par_1_20' title="bbox 457 2107 2057 2180">
     <span class='ocr_line' id='line_1_20' title="bbox 457 2107 2057 2180; baseline 0.001 -19"><span class='ocrx_word' id='word_1_142' title='bbox 457 2108 644 2180; x_wconf 86' lang='lat' dir='ltr'><strong>Itaque</strong></span> <span class='ocrx_word' id='word_1_143' title='bbox 683 2123 750 2165; x_wconf 89' lang='lat' dir='ltr'><strong>ne</strong></span> <span class='ocrx_word' id='word_1_144' title='bbox 775 2109 1087 2164; x_wconf 85' lang='lat' dir='ltr'><strong>consideres</strong></span> <span class='ocrx_word' id='word_1_145' title='bbox 1123 2108 1244 2175; x_wconf 90' lang='lat' dir='ltr'><strong>hoc,</strong></span> <span class='ocrx_word' id='word_1_146' title='bbox 1267 2109 1408 2179; x_wconf 90' lang='lat' dir='ltr'><strong>quod</strong></span> <span class='ocrx_word' id='word_1_147' title='bbox 1459 2124 1564 2163; x_wconf 92' lang='lat' dir='ltr'><strong>non</strong></span> <span class='ocrx_word' id='word_1_148' title='bbox 1603 2107 1676 2162; x_wconf 86' lang='lat' dir='ltr'><strong>ita</strong></span> <span class='ocrx_word' id='word_1_149' title='bbox 1723 2107 1921 2162; x_wconf 90' lang='lat' dir='ltr'><strong>factum</strong></span> <span class='ocrx_word' id='word_1_150' title='bbox 1951 2107 2057 2172; x_wconf 87' lang='lat' dir='ltr'><strong>sit;</strong></span> 
     </span>
    </p>
   </div>
   <div class='ocr_carea' id='block_1_21' title="bbox 459 2200 2060 2271">
    <p class='ocr_par' dir='ltr' id='par_1_21' title="bbox 459 2200 2060 2271">
     <span class='ocr_line' id='line_1_21' title="bbox 459 2200 2060 2271; baseline -0.002 -12"><span class='ocrx_word' id='word_1_151' title='bbox 459 2203 558 2259; x_wconf 85' lang='lat' dir='ltr'><strong>sed</strong></span> <span class='ocrx_word' id='word_1_152' title='bbox 587 2203 716 2258; x_wconf 89' lang='lat' dir='ltr'><strong>illud</strong></span> <span class='ocrx_word' id='word_1_153' title='bbox 744 2202 1024 2258; x_wconf 90' lang='lat' dir='ltr'><strong>considera</strong></span> <span class='ocrx_word' id='word_1_154' title='bbox 1048 2242 1062 2267; x_wconf 91' lang='lat'><strong>,</strong></span> <span class='ocrx_word' id='word_1_155' title='bbox 1101 2201 1243 2271; x_wconf 90' lang='lat' dir='ltr'><strong>quod</strong></span> <span class='ocrx_word' id='word_1_156' title='bbox 1272 2201 1348 2257; x_wconf 92' lang='lat' dir='ltr'><strong>rei</strong></span> <span class='ocrx_word' id='word_1_157' title='bbox 1377 2209 1566 2256; x_wconf 88' lang='lat' dir='ltr'><strong>natura</strong></span> <span class='ocrx_word' id='word_1_158' title='bbox 1595 2201 1711 2255; x_wconf 76' lang='lat' dir='ltr'><strong>lucc</strong></span> <span class='ocrx_word' id='word_1_159' title='bbox 1755 2200 1869 2255; x_wconf 82' lang='lat' dir='ltr'><strong>fieri</strong></span> <span class='ocrx_word' id='word_1_160' title='bbox 1896 2213 2060 2270; x_wconf 82' lang='lat' dir='ltr'><strong>coge-</strong></span> 
     </span>
    </p>
   </div>
   <div class='ocr_carea' id='block_1_22' title="bbox 466 2292 2064 2364">
    <p class='ocr_par' dir='ltr' id='par_1_22' title="bbox 466 2292 2064 2364">
     <span class='ocr_line' id='line_1_22' title="bbox 466 2292 2064 2364; baseline -0.002 -17"><span class='ocrx_word' id='word_1_161' title='bbox 466 2296 558 2349; x_wconf 87' lang='lat' dir='ltr'><strong>bat</strong></span> <span class='ocrx_word' id='word_1_162' title='bbox 603 2312 616 2348; x_wconf 93' lang='lat'><strong>:</strong></span> <span class='ocrx_word' id='word_1_163' title='bbox 663 2295 892 2364; x_wconf 89' lang='lat' dir='ltr'><strong>populus</strong></span> <span class='ocrx_word' id='word_1_164' title='bbox 939 2303 1118 2348; x_wconf 91' lang='lat' dir='ltr'><strong>autem</strong></span> <span class='ocrx_word' id='word_1_165' title='bbox 1159 2293 1306 2348; x_wconf 82' lang='lat' dir='ltr'><strong>vicit.</strong></span> <span class='ocrx_word' id='word_1_166' title='bbox 1355 2293 1469 2362; x_wconf 83' lang='lat' dir='ltr'><strong>Age</strong></span> <span class='ocrx_word' id='word_1_167' title='bbox 1515 2292 1677 2363; x_wconf 88' lang='lat' dir='ltr'><strong>igitur</strong></span> <span class='ocrx_word' id='word_1_168' title='bbox 1720 2303 2064 2346; x_wconf 84' lang='lat' dir='ltr'><strong>numeremus</strong></span> 
     </span>
    </p>
   </div>
   <div class='ocr_carea' id='block_1_23' title="bbox 464 2381 2067 2455">
    <p class='ocr_par' dir='ltr' id='par_1_23' title="bbox 464 2381 2067 2455">
     <span class='ocr_line' id='line_1_23' title="bbox 464 2381 2067 2455; baseline -0.001 -15"><span class='ocrx_word' id='word_1_169' title='bbox 464 2385 754 2440; x_wconf 90' lang='lat' dir='ltr'><strong>commissa</strong></span> <span class='ocrx_word' id='word_1_170' title='bbox 795 2385 1050 2454; x_wconf 79' lang='lat' dir='ltr'><strong>periuria.</strong></span> <span class='ocrx_word' id='word_1_171' title='bbox 1093 2384 1434 2440; x_wconf 87' lang='lat' dir='ltr'><strong>&#39;i‘cmeratum</strong></span> <span class='ocrx_word' id='word_1_172' title='bbox 1491 2394 1573 2438; x_wconf 87' lang='lat' dir='ltr'><strong>est</strong></span> <span class='ocrx_word' id='word_1_173' title='bbox 1615 2384 1845 2455; x_wconf 89' lang='lat' dir='ltr'><strong>primum</strong></span> <span class='ocrx_word' id='word_1_174' title='bbox 1888 2381 2067 2438; x_wconf 77' lang='lat' dir='ltr'><strong>Saulis</strong></span> 
     </span>
    </p>
   </div>
   <div class='ocr_carea' id='block_1_24' title="bbox 465 2475 2066 2545">
    <p class='ocr_par' dir='ltr' id='par_1_24' title="bbox 465 2475 2066 2545">
     <span class='ocr_line' id='line_1_24' title="bbox 465 2475 2066 2545; baseline -0.001 -16"><span class='ocrx_word' id='word_1_175' title='bbox 465 2477 828 2545; x_wconf 84' lang='lat' dir='ltr'><strong>iuramentum</strong></span> <span class='ocrx_word' id='word_1_176' title='bbox 869 2492 900 2531; x_wconf 92' lang='lat' dir='ltr'><strong>a</strong></span> <span class='ocrx_word' id='word_1_177' title='bbox 946 2477 1054 2530; x_wconf 88' lang='lat' dir='ltr'><strong>lilio</strong></span> <span class='ocrx_word' id='word_1_178' title='bbox 1098 2493 1112 2531; x_wconf 89' lang='lat'><strong>:</strong></span> <span class='ocrx_word' id='word_1_179' title='bbox 1155 2475 1448 2530; x_wconf 89' lang='lat' dir='ltr'><strong>secundum</strong></span> <span class='ocrx_word' id='word_1_180' title='bbox 1489 2490 1711 2541; x_wconf 88' lang='lat' dir='ltr'><strong>rursus,</strong></span> <span class='ocrx_word' id='word_1_181' title='bbox 1755 2483 1810 2530; x_wconf 89' lang='lat' dir='ltr'><strong>et</strong></span> <span class='ocrx_word' id='word_1_182' title='bbox 1850 2475 2066 2529; x_wconf 89' lang='lat' dir='ltr'><strong>tertium</strong></span> 
     </span>
    </p>
   </div>
   <div class='ocr_carea' id='block_1_25' title="bbox 467 2567 2069 2636">
    <p class='ocr_par' dir='ltr' id='par_1_25' title="bbox 467 2567 2069 2636">
     <span class='ocr_line' id='line_1_25' title="bbox 467 2567 2069 2636; baseline 0.001 -16"><span class='ocrx_word' id='word_1_183' title='bbox 467 2568 644 2636; x_wconf 80' lang='lat' dir='ltr'><strong>ipsius</strong></span> <span class='ocrx_word' id='word_1_184' title='bbox 672 2567 846 2622; x_wconf 78' lang='lat' dir='ltr'><strong>Saulis</strong></span> <span class='ocrx_word' id='word_1_185' title='bbox 869 2567 938 2622; x_wconf 91' lang='lat' dir='ltr'><strong>de</strong></span> <span class='ocrx_word' id='word_1_186' title='bbox 981 2567 1072 2621; x_wconf 78' lang='lat' dir='ltr'><strong>filii</strong></span> <span class='ocrx_word' id='word_1_187' title='bbox 1099 2567 1246 2622; x_wconf 87' lang='lat' dir='ltr'><strong>c:ede</strong></span> <span class='ocrx_word' id='word_1_188' title='bbox 1270 2583 1284 2620; x_wconf 88' lang='lat'><strong>:</strong></span> <span class='ocrx_word' id='word_1_189' title='bbox 1315 2575 1370 2622; x_wconf 89' lang='lat' dir='ltr'><strong>et</strong></span> <span class='ocrx_word' id='word_1_190' title='bbox 1393 2569 1542 2622; x_wconf 79' lang='lat' dir='ltr'><strong>visus</strong></span> <span class='ocrx_word' id='word_1_191' title='bbox 1571 2575 1655 2622; x_wconf 85' lang='lat' dir='ltr'><strong>est</strong></span> <span class='ocrx_word' id='word_1_192' title='bbox 1684 2567 1912 2636; x_wconf 86' lang='lat' dir='ltr'><strong>populus</strong></span> <span class='ocrx_word' id='word_1_193' title='bbox 1943 2581 2069 2622; x_wconf 88' lang='lat' dir='ltr'><strong>vere</strong></span> 
     </span>
    </p>
   </div>
   <div class='ocr_carea' id='block_1_26' title="bbox 466 2657 2069 2730">
    <p class='ocr_par' dir='ltr' id='par_1_26' title="bbox 466 2657 2069 2730">
     <span class='ocr_line' id='line_1_26' title="bbox 466 2657 2069 2730; baseline -0.001 -16"><span class='ocrx_word' id='word_1_194' title='bbox 466 2661 715 2730; x_wconf 77' lang='lat' dir='ltr'><strong>iurasse;</strong></span> <span class='ocrx_word' id='word_1_195' title='bbox 745 2661 839 2715; x_wconf 86' lang='lat' dir='ltr'><strong>sed</strong></span> <span class='ocrx_word' id='word_1_196' title='bbox 875 2661 920 2714; x_wconf 90' lang='lat' dir='ltr'><strong>si</strong></span> <span class='ocrx_word' id='word_1_197' title='bbox 959 2661 1078 2729; x_wconf 77' lang='lat' dir='ltr'><strong>quis</strong></span> <span class='ocrx_word' id='word_1_198' title='bbox 1103 2660 1388 2730; x_wconf 77' lang='lat' dir='ltr'><strong>diligenter</strong></span> <span class='ocrx_word' id='word_1_199' title='bbox 1429 2675 1542 2715; x_wconf 93' lang='lat' dir='ltr'><strong>rem</strong></span> <span class='ocrx_word' id='word_1_200' title='bbox 1589 2661 1885 2726; x_wconf 81' lang='lat' dir='ltr'><strong>examinet,</strong></span> <span class='ocrx_word' id='word_1_201' title='bbox 1921 2669 1974 2714; x_wconf 90' lang='lat' dir='ltr'><strong>et</strong></span> <span class='ocrx_word' id='word_1_202' title='bbox 2013 2657 2069 2713; x_wconf 91' lang='lat' dir='ltr'><strong>hi</strong></span> 
     </span>
    </p>
   </div>
   <div class='ocr_carea' id='block_1_27' title="bbox 472 2749 2132 2819">
    <p class='ocr_par' dir='ltr' id='par_1_27' title="bbox 472 2749 2132 2819">
     <span class='ocr_line' id='line_1_27' title="bbox 472 2749 2132 2819; baseline 0.002 -19"><span class='ocrx_word' id='word_1_203' title='bbox 472 2762 664 2804; x_wconf 78' lang='lat' dir='ltr'><strong>rursus</strong></span> <span class='ocrx_word' id='word_1_204' title='bbox 689 2764 878 2804; x_wconf 81' lang='lat' dir='ltr'><strong>omnes</strong></span> <span class='ocrx_word' id='word_1_205' title='bbox 906 2750 1127 2819; x_wconf 87' lang='lat' dir='ltr'><strong>periurii</strong></span> <span class='ocrx_word' id='word_1_206' title='bbox 1165 2751 1482 2806; x_wconf 86' lang='lat' dir='ltr'><strong>criminibus</strong></span> <span class='ocrx_word' id='word_1_207' title='bbox 1510 2749 1730 2805; x_wconf 76' lang='lat' dir='ltr'><strong>obnoxii</strong></span> <span class='ocrx_word' id='word_1_208' title='bbox 1770 2749 1893 2805; x_wconf 92' lang='lat' dir='ltr'><strong>facti</strong></span> <span class='ocrx_word' id='word_1_209' title='bbox 1922 2760 2070 2806; x_wconf 89' lang='lat' dir='ltr'><strong>sunt.</strong></span> <span class='ocrx_word' id='word_1_210' title='bbox 2128 2759 2132 2766; x_wconf 88' lang='lat'><strong>‘</strong></span> 
     </span>
    </p>
   </div>
   <div class='ocr_carea' id='block_1_28' title="bbox 472 2831 2072 2912">
    <p class='ocr_par' dir='ltr' id='par_1_28' title="bbox 472 2831 2072 2912">
     <span class='ocr_line' id='line_1_28' title="bbox 472 2831 2072 2912; baseline 0.001 -18"><span class='ocrx_word' id='word_1_211' title='bbox 472 2831 648 2906; x_wconf 70' lang='lat' dir='ltr'><strong>ipsius</strong></span> <span class='ocrx_word' id='word_1_212' title='bbox 669 2840 811 2896; x_wconf 91' lang='lat' dir='ltr'><strong>enim</strong></span> <span class='ocrx_word' id='word_1_213' title='bbox 829 2840 1074 2896; x_wconf 71' lang='lat' dir='ltr'><strong>Jonatbzc</strong></span> <span class='ocrx_word' id='word_1_214' title='bbox 1098 2851 1303 2910; x_wconf 81' lang='lat' dir='ltr'><strong>patrem</strong></span> <span class='ocrx_word' id='word_1_215' title='bbox 1326 2843 1570 2911; x_wconf 76' lang='lat' dir='ltr'><strong>peierare</strong></span> <span class='ocrx_word' id='word_1_216' title='bbox 1593 2850 1906 2911; x_wconf 85' lang='lat' dir='ltr'><strong>coegerunt,</strong></span> <span class='ocrx_word' id='word_1_217' title='bbox 1934 2842 2072 2912; x_wconf 89' lang='lat' dir='ltr'><strong>patri</strong></span> 
     </span>
    </p>
   </div>
   <div class='ocr_carea' id='block_1_29' title="bbox 480 2931 2076 3003">
    <p class='ocr_par' dir='ltr' id='par_1_29' title="bbox 480 2931 2076 3003">
     <span class='ocr_line' id='line_1_29' title="bbox 480 2931 2076 3003; baseline 0.003 -19"><span class='ocrx_word' id='word_1_218' title='bbox 480 2931 647 2985; x_wconf 86' lang='lat' dir='ltr'><strong>filium</strong></span> <span class='ocrx_word' id='word_1_219' title='bbox 682 2950 786 2986; x_wconf 89' lang='lat' dir='ltr'><strong>non</strong></span> <span class='ocrx_word' id='word_1_220' title='bbox 832 2932 1110 2987; x_wconf 85' lang='lat' dir='ltr'><strong>dedentes.</strong></span> <span class='ocrx_word' id='word_1_221' title='bbox 1160 2932 1321 2989; x_wconf 81' lang='lat' dir='ltr'><strong>Vides</strong></span> <span class='ocrx_word' id='word_1_222' title='bbox 1358 2942 1489 3003; x_wconf 91' lang='lat' dir='ltr'><strong>quot</strong></span> <span class='ocrx_word' id='word_1_223' title='bbox 1534 2932 1783 2989; x_wconf 87' lang='lat' dir='ltr'><strong>homines</strong></span> <span class='ocrx_word' id='word_1_224' title='bbox 1828 2942 1936 2988; x_wconf 91' lang='lat' dir='ltr'><strong>tum</strong></span> <span class='ocrx_word' id='word_1_225' title='bbox 1981 2949 2076 2988; x_wconf 86' lang='lat' dir='ltr'><strong>vo-</strong></span> 
     </span>
    </p>
   </div>
   <div class='ocr_carea' id='block_1_30' title="bbox 479 3025 2077 3096">
    <p class='ocr_par' dir='ltr' id='par_1_30' title="bbox 479 3025 2077 3096">
     <span class='ocr_line' id='line_1_30' title="bbox 479 3025 2077 3096; baseline 0.004 -20"><span class='ocrx_word' id='word_1_226' title='bbox 479 3027 686 3089; x_wconf 78' lang='lat' dir='ltr'><strong>lentes,</strong></span> <span class='ocrx_word' id='word_1_227' title='bbox 740 3034 849 3078; x_wconf 91' lang='lat' dir='ltr'><strong>tum</strong></span> <span class='ocrx_word' id='word_1_228' title='bbox 895 3025 1089 3080; x_wconf 75' lang='lat' dir='ltr'><strong>invitos</strong></span> <span class='ocrx_word' id='word_1_229' title='bbox 1136 3026 1370 3096; x_wconf 88' lang='lat' dir='ltr'><strong>periurio</strong></span> <span class='ocrx_word' id='word_1_230' title='bbox 1416 3027 1680 3083; x_wconf 86' lang='lat' dir='ltr'><strong>obnoxios</strong></span> <span class='ocrx_word' id='word_1_231' title='bbox 1734 3043 1897 3081; x_wconf 90' lang='lat' dir='ltr'><strong>unum</strong></span> <span class='ocrx_word' id='word_1_232' title='bbox 1952 3027 2077 3082; x_wconf 89' lang='lat' dir='ltr'><strong>fecit</strong></span> 
     </span>
    </p>
   </div>
   <div class='ocr_carea' id='block_1_31' title="bbox 475 3114 2077 3191">
    <p class='ocr_par' dir='ltr' id='par_1_31' title="bbox 475 3114 2077 3191">
     <span class='ocr_line' id='line_1_31' title="bbox 475 3114 2077 3191; baseline 0.004 -23"><span class='ocrx_word' id='word_1_233' title='bbox 475 3114 882 3184; x_wconf 75' lang='lat' dir='ltr'><strong>iuramentum?</strong></span> <span class='ocrx_word' id='word_1_234' title='bbox 916 3127 1047 3187; x_wconf 84' lang='lat' dir='ltr'><strong>quot</strong></span> <span class='ocrx_word' id='word_1_235' title='bbox 1093 3118 1231 3172; x_wconf 73' lang='lat' dir='ltr'><strong>mala</strong></span> <span class='ocrx_word' id='word_1_236' title='bbox 1273 3118 1514 3173; x_wconf 90' lang='lat' dir='ltr'><strong>molitum</strong></span> <span class='ocrx_word' id='word_1_237' title='bbox 1569 3127 1684 3188; x_wconf 85' lang='lat' dir='ltr'><strong>est,</strong></span> <span class='ocrx_word' id='word_1_238' title='bbox 1731 3128 1861 3191; x_wconf 88' lang='lat' dir='ltr'><strong>quot</strong></span> <span class='ocrx_word' id='word_1_239' title='bbox 1899 3117 2077 3174; x_wconf 67' lang='lat' dir='ltr'><strong>credes</strong></span> 
     </span>
    </p>
   </div>
   <div class='ocr_carea' id='block_1_32' title="bbox 475 3207 746 3274">
    <p class='ocr_par' dir='ltr' id='par_1_32' title="bbox 475 3207 746 3274">
     <span class='ocr_line' id='line_1_32' title="bbox 475 3207 746 3274; baseline 0.015 -16"><span class='ocrx_word' id='word_1_240' title='bbox 475 3207 710 3274; x_wconf 60' lang='lat' dir='ltr'><strong>{patravit</strong></span> <span class='ocrx_word' id='word_1_241' title='bbox 733 3209 746 3262; x_wconf 88' lang='lat'><strong>!</strong></span> 
     </span>
    </p>
   </div>
   <div class='ocr_carea' id='block_1_33' title="bbox 553 3297 2079 3372">
    <p class='ocr_par' dir='ltr' id='par_1_33' title="bbox 553 3297 2079 3372">
     <span class='ocr_line' id='line_1_33' title="bbox 553 3297 2079 3372; baseline 0.003 -20"><span class='ocrx_word' id='word_1_242' title='bbox 553 3299 606 3352; x_wconf 80' lang='grc'><strong>6.</strong></span> <span class='ocrx_word' id='word_1_243' title='bbox 638 3297 899 3368; x_wconf 83' lang='lat' dir='ltr'><strong>Equidem</strong></span> <span class='ocrx_word' id='word_1_244' title='bbox 947 3315 1255 3356; x_wconf 89' lang='lat' dir='ltr'><strong>sermonem</strong></span> <span class='ocrx_word' id='word_1_245' title='bbox 1287 3301 1549 3372; x_wconf 87' lang='lat' dir='ltr'><strong>incipiens</strong></span> <span class='ocrx_word' id='word_1_246' title='bbox 1595 3302 1815 3372; x_wconf 88' lang='lat' dir='ltr'><strong>promisi</strong></span> <span class='ocrx_word' id='word_1_247' title='bbox 1860 3317 1946 3357; x_wconf 90' lang='lat' dir='ltr'><strong>me</strong></span> <span class='ocrx_word' id='word_1_248' title='bbox 1984 3301 2079 3357; x_wconf 80' lang='lat' dir='ltr'><strong>de-</strong></span> 
     </span>
    </p>
   </div>
   <div class='ocr_carea' id='block_1_34' title="bbox 479 3393 2083 3465">
    <p class='ocr_par' dir='ltr' id='par_1_34' title="bbox 479 3393 2083 3465">
     <span class='ocr_line' id='line_1_34' title="bbox 479 3393 2083 3465; baseline 0.004 -22"><span class='ocrx_word' id='word_1_249' title='bbox 479 3402 903 3445; x_wconf 78' lang='lat' dir='ltr'><strong>monstraturum</strong></span> <span class='ocrx_word' id='word_1_250' title='bbox 937 3394 990 3446; x_wconf 90' lang='lat' dir='ltr'><strong>in</strong></span> <span class='ocrx_word' id='word_1_251' title='bbox 1018 3393 1302 3448; x_wconf 89' lang='lat' dir='ltr'><strong>contrariis</strong></span> <span class='ocrx_word' id='word_1_252' title='bbox 1331 3394 1653 3464; x_wconf 89' lang='lat' dir='ltr'><strong>iuramentis</strong></span> <span class='ocrx_word' id='word_1_253' title='bbox 1691 3397 1913 3450; x_wconf 91' lang='lat' dir='ltr'><strong>omnino</strong></span> <span class='ocrx_word' id='word_1_254' title='bbox 1961 3411 2083 3465; x_wconf 78' lang='lat' dir='ltr'><strong>pcr-</strong></span> 
     </span>
    </p>
   </div>
   <div class='ocr_carea' id='block_1_35' title="bbox 481 3484 2082 3559">
    <p class='ocr_par' dir='ltr' id='par_1_35' title="bbox 481 3484 2082 3559">
     <span class='ocr_line' id='line_1_35' title="bbox 481 3484 2082 3559; baseline 0.003 -23"><span class='ocrx_word' id='word_1_255' title='bbox 481 3484 679 3551; x_wconf 86' lang='lat' dir='ltr'><strong>iurium</strong></span> <span class='ocrx_word' id='word_1_256' title='bbox 705 3485 870 3546; x_wconf 86' lang='lat' dir='ltr'><strong>nasci,</strong></span> <span class='ocrx_word' id='word_1_257' title='bbox 896 3485 1114 3540; x_wconf 87' lang='lat' dir='ltr'><strong>historia</strong></span> <span class='ocrx_word' id='word_1_258' title='bbox 1137 3501 1266 3541; x_wconf 90' lang='lat' dir='ltr'><strong>vero</strong></span> <span class='ocrx_word' id='word_1_259' title='bbox 1287 3501 1564 3557; x_wconf 85' lang='lat' dir='ltr'><strong>progressa</strong></span> <span class='ocrx_word' id='word_1_260' title='bbox 1592 3489 1759 3542; x_wconf 92' lang='lat' dir='ltr'><strong>multo</strong></span> <span class='ocrx_word' id='word_1_261' title='bbox 1783 3487 1898 3558; x_wconf 87' lang='lat' dir='ltr'><strong>plus</strong></span> <span class='ocrx_word' id='word_1_262' title='bbox 1923 3503 2082 3559; x_wconf 66' lang='lat' dir='ltr'><strong>quam</strong></span> 
     </span>
    </p>
   </div>
   <div class='ocr_carea' id='block_1_36' title="bbox 484 3575 2086 3635">
    <p class='ocr_par' dir='ltr' id='par_1_36' title="bbox 484 3575 2086 3635">
     <span class='ocr_line' id='line_1_36' title="bbox 484 3575 2086 3635; baseline 0.004 -8"><span class='ocrx_word' id='word_1_263' title='bbox 484 3575 726 3628; x_wconf 70' lang='lat' dir='ltr'><strong>conabar</strong></span> <span class='ocrx_word' id='word_1_264' title='bbox 767 3575 1161 3631; x_wconf 81' lang='lat' dir='ltr'><strong>demonstravit</strong></span> <span class='ocrx_word' id='word_1_265' title='bbox 1193 3594 1206 3629; x_wconf 89' lang='lat'><strong>:</strong></span> <span class='ocrx_word' id='word_1_266' title='bbox 1238 3592 1345 3631; x_wconf 91' lang='lat' dir='ltr'><strong>non</strong></span> <span class='ocrx_word' id='word_1_267' title='bbox 1387 3578 1530 3633; x_wconf 88' lang='lat' dir='ltr'><strong>enim</strong></span> <span class='ocrx_word' id='word_1_268' title='bbox 1557 3594 1719 3634; x_wconf 90' lang='lat' dir='ltr'><strong>unum</strong></span> <span class='ocrx_word' id='word_1_269' title='bbox 1757 3587 1812 3635; x_wconf 91' lang='lat' dir='ltr'><strong>et</strong></span> <span class='ocrx_word' id='word_1_270' title='bbox 1854 3579 1988 3634; x_wconf 92' lang='lat' dir='ltr'><strong>duos</strong></span> <span class='ocrx_word' id='word_1_271' title='bbox 2030 3589 2086 3634; x_wconf 89' lang='lat' dir='ltr'><strong>et</strong></span> 
     </span>
    </p>
   </div>
   <div class='ocr_carea' id='block_1_37' title="bbox 485 3667 2085 3738">
    <p class='ocr_par' dir='ltr' id='par_1_37' title="bbox 485 3667 2085 3738">
     <span class='ocr_line' id='line_1_37' title="bbox 485 3667 2085 3738; baseline 0.004 -20"><span class='ocrx_word' id='word_1_272' title='bbox 485 3675 601 3719; x_wconf 87' lang='lat' dir='ltr'><strong>tres</strong></span> <span class='ocrx_word' id='word_1_273' title='bbox 632 3667 876 3721; x_wconf 83' lang='lat' dir='ltr'><strong>homines</strong></span> <span class='ocrx_word' id='word_1_274' title='bbox 896 3705 912 3728; x_wconf 85' lang='lat'><strong>,</strong></span> <span class='ocrx_word' id='word_1_275' title='bbox 943 3667 1036 3721; x_wconf 88' lang='lat' dir='ltr'><strong>sed</strong></span> <span class='ocrx_word' id='word_1_276' title='bbox 1066 3667 1342 3738; x_wconf 83' lang='lat' dir='ltr'><strong>populum,</strong></span> <span class='ocrx_word' id='word_1_277' title='bbox 1387 3685 1493 3723; x_wconf 89' lang='lat' dir='ltr'><strong>non</strong></span> <span class='ocrx_word' id='word_1_278' title='bbox 1522 3685 1687 3724; x_wconf 91' lang='lat' dir='ltr'><strong>unum</strong></span> <span class='ocrx_word' id='word_1_279' title='bbox 1733 3679 1789 3724; x_wconf 93' lang='lat' dir='ltr'><strong>et</strong></span> <span class='ocrx_word' id='word_1_280' title='bbox 1819 3671 1947 3735; x_wconf 87' lang='lat' dir='ltr'><strong>tria,</strong></span> <span class='ocrx_word' id='word_1_281' title='bbox 1989 3669 2085 3725; x_wconf 89' lang='lat' dir='ltr'><strong>sed</strong></span> 
     </span>
    </p>
   </div>
   <div class='ocr_carea' id='block_1_38' title="bbox 487 3757 2085 3828">
    <p class='ocr_par' dir='ltr' id='par_1_38' title="bbox 487 3757 2085 3828">
     <span class='ocr_line' id='line_1_38' title="bbox 487 3757 2085 3828; baseline 0.004 -18"><span class='ocrx_word' id='word_1_282' title='bbox 487 3758 659 3811; x_wconf 70' lang='lat' dir='ltr'><strong>rit-ulto</strong></span> <span class='ocrx_word' id='word_1_283' title='bbox 690 3759 838 3827; x_wconf 86' lang='lat' dir='ltr'><strong>plura</strong></span> <span class='ocrx_word' id='word_1_284' title='bbox 873 3757 1178 3828; x_wconf 87' lang='lat' dir='ltr'><strong>iuramenta</strong></span> <span class='ocrx_word' id='word_1_285' title='bbox 1207 3768 1462 3816; x_wconf 89' lang='lat' dir='ltr'><strong>temerata</strong></span> <span class='ocrx_word' id='word_1_286' title='bbox 1498 3760 1754 3816; x_wconf 86' lang='lat' dir='ltr'><strong>exhibuit.</strong></span> <span class='ocrx_word' id='word_1_287' title='bbox 1785 3761 2003 3817; x_wconf 86' lang='lat' dir='ltr'><strong>Licebat</strong></span> <span class='ocrx_word' id='word_1_288' title='bbox 2031 3769 2085 3816; x_wconf 89' lang='lat' dir='ltr'><strong>et</strong></span> 
     </span>
    </p>
   </div>
   <div class='ocr_carea' id='block_1_39' title="bbox 489 3849 2088 3923">
    <p class='ocr_par' dir='ltr' id='par_1_39' title="bbox 489 3849 2088 3923">
     <span class='ocr_line' id='line_1_39' title="bbox 489 3849 2088 3923; baseline 0.004 -23"><span class='ocrx_word' id='word_1_289' title='bbox 489 3849 649 3903; x_wconf 83' lang='lat' dir='ltr'><strong>aliam</strong></span> <span class='ocrx_word' id='word_1_290' title='bbox 680 3865 897 3905; x_wconf 89' lang='lat' dir='ltr'><strong>narrare</strong></span> <span class='ocrx_word' id='word_1_291' title='bbox 925 3849 1224 3919; x_wconf 88' lang='lat' dir='ltr'><strong>historiam,</strong></span> <span class='ocrx_word' id='word_1_292' title='bbox 1252 3860 1306 3906; x_wconf 87' lang='lat' dir='ltr'><strong>et</strong></span> <span class='ocrx_word' id='word_1_293' title='bbox 1326 3867 1392 3909; x_wconf 85' lang='lat' dir='ltr'><strong>ex</strong></span> <span class='ocrx_word' id='word_1_294' title='bbox 1425 3852 1514 3907; x_wconf 90' lang='lat' dir='ltr'><strong>illa</strong></span> <span class='ocrx_word' id='word_1_295' title='bbox 1555 3853 1927 3909; x_wconf 92' lang='lat' dir='ltr'><strong>demonstrare</strong></span> <span class='ocrx_word' id='word_1_296' title='bbox 1966 3868 2088 3923; x_wconf 81' lang='lat' dir='ltr'><strong>gra-</strong></span> 
     </span>
    </p>
   </div>
   <div class='ocr_carea' id='block_1_40' title="bbox 492 3942 2090 4013">
    <p class='ocr_par' dir='ltr' id='par_1_40' title="bbox 492 3942 2090 4013">
     <span class='ocr_line' id='line_1_40' title="bbox 492 3942 2090 4013; baseline 0.005 -19"><span class='ocrx_word' id='word_1_297' title='bbox 492 3943 697 3996; x_wconf 84' lang='lat' dir='ltr'><strong>viorem</strong></span> <span class='ocrx_word' id='word_1_298' title='bbox 746 3942 845 3997; x_wconf 84' lang='lat' dir='ltr'><strong>hac</strong></span> <span class='ocrx_word' id='word_1_299' title='bbox 885 3952 943 3998; x_wconf 89' lang='lat' dir='ltr'><strong>et</strong></span> <span class='ocrx_word' id='word_1_300' title='bbox 986 3944 1245 4013; x_wconf 79' lang='lat' dir='ltr'><strong>majorem</strong></span> <span class='ocrx_word' id='word_1_301' title='bbox 1289 3945 1647 4002; x_wconf 89' lang='lat' dir='ltr'><strong>calamitatem</strong></span> <span class='ocrx_word' id='word_1_302' title='bbox 1693 3961 1854 4001; x_wconf 91' lang='lat' dir='ltr'><strong>unum</strong></span> <span class='ocrx_word' id='word_1_303' title='bbox 1897 3945 2090 4002; x_wconf 87' lang='lat' dir='ltr'><strong>fecisse</strong></span> 
     </span>
    </p>
   </div>
   <div class='ocr_carea' id='block_1_41' title="bbox 495 4036 2087 4111">
    <p class='ocr_par' dir='ltr' id='par_1_41' title="bbox 495 4036 2087 4111">
     <span class='ocr_line' id='line_1_41' title="bbox 495 4036 2087 4111; baseline 0.005 -23"><span class='ocrx_word' id='word_1_304' title='bbox 495 4036 882 4104; x_wconf 71' lang='lat' dir='ltr'><strong>iuratnentum.</strong></span> <span class='ocrx_word' id='word_1_305' title='bbox 916 4037 1127 4093; x_wconf 88' lang='lat' dir='ltr'><strong>Etenim</strong></span> <span class='ocrx_word' id='word_1_306' title='bbox 1158 4038 1434 4094; x_wconf 78' lang='lat' dir='ltr'><strong>civitatum</strong></span> <span class='ocrx_word' id='word_1_307' title='bbox 1465 4049 1521 4095; x_wconf 92' lang='lat' dir='ltr'><strong>et</strong></span> <span class='ocrx_word' id='word_1_308' title='bbox 1563 4041 1848 4096; x_wconf 85' lang='lat' dir='ltr'><strong>mulierum</strong></span> <span class='ocrx_word' id='word_1_309' title='bbox 1877 4049 1931 4096; x_wconf 90' lang='lat' dir='ltr'><strong>et</strong></span> <span class='ocrx_word' id='word_1_310' title='bbox 1958 4055 2087 4111; x_wconf 85' lang='lat' dir='ltr'><strong>pue-</strong></span> 
     </span>
    </p>
   </div>
   <div class='ocr_carea' id='block_1_42' title="bbox 495 4127 2088 4198">
    <p class='ocr_par' dir='ltr' id='par_1_42' title="bbox 495 4127 2088 4198">
     <span class='ocr_line' id='line_1_42' title="bbox 495 4127 2088 4198; baseline 0.003 -18"><span class='ocrx_word' id='word_1_311' title='bbox 495 4127 738 4182; x_wconf 77' lang='lat' dir='ltr'><strong>l‘ttlot‘ltm</strong></span> <span class='ocrx_word' id='word_1_312' title='bbox 764 4129 1104 4198; x_wconf 82' lang='lat' dir='ltr'><strong>captivitate,</strong></span> <span class='ocrx_word' id='word_1_313' title='bbox 1142 4139 1197 4184; x_wconf 89' lang='lat' dir='ltr'><strong>et</strong></span> <span class='ocrx_word' id='word_1_314' title='bbox 1235 4130 1514 4198; x_wconf 89' lang='lat' dir='ltr'><strong>incendio,</strong></span> <span class='ocrx_word' id='word_1_315' title='bbox 1547 4142 1602 4187; x_wconf 91' lang='lat' dir='ltr'><strong>et</strong></span> <span class='ocrx_word' id='word_1_316' title='bbox 1627 4131 1976 4187; x_wconf 88' lang='lat' dir='ltr'><strong>barbarorum</strong></span> <span class='ocrx_word' id='word_1_317' title='bbox 2006 4132 2088 4186; x_wconf 90' lang='lat' dir='ltr'><strong>in-</strong></span> 
     </span>
    </p>
   </div>
   <div class='ocr_carea' id='block_1_43' title="bbox 493 4219 2093 4291">
    <p class='ocr_par' dir='ltr' id='par_1_43' title="bbox 493 4219 2093 4291">
     <span class='ocr_line' id='line_1_43' title="bbox 493 4219 2093 4291; baseline 0.004 -21"><span class='ocrx_word' id='word_1_318' title='bbox 493 4219 716 4274; x_wconf 69' lang='lat' dir='ltr'><strong>Vasione</strong></span> <span class='ocrx_word' id='word_1_319' title='bbox 736 4261 750 4284; x_wconf 93' lang='lat'><strong>,</strong></span> <span class='ocrx_word' id='word_1_320' title='bbox 777 4229 832 4275; x_wconf 92' lang='lat' dir='ltr'><strong>et</strong></span> <span class='ocrx_word' id='word_1_321' title='bbox 855 4230 1163 4276; x_wconf 89' lang='lat' dir='ltr'><strong>sanctorum</strong></span> <span class='ocrx_word' id='word_1_322' title='bbox 1197 4221 1492 4291; x_wconf 87' lang='lat' dir='ltr'><strong>pollutione</strong></span> <span class='ocrx_word' id='word_1_323' title='bbox 1509 4261 1528 4290; x_wconf 89' lang='lat'><strong>,</strong></span> <span class='ocrx_word' id='word_1_324' title='bbox 1573 4231 1628 4276; x_wconf 87' lang='lat' dir='ltr'><strong>et</strong></span> <span class='ocrx_word' id='word_1_325' title='bbox 1656 4223 1948 4276; x_wconf 88' lang='lat' dir='ltr'><strong>innumeris</strong></span> <span class='ocrx_word' id='word_1_326' title='bbox 1974 4222 2093 4276; x_wconf 89' lang='lat' dir='ltr'><strong>aliis</strong></span> 
     </span>
    </p>
   </div>
   <div class='ocr_carea' id='block_1_44' title="bbox 489 4313 2092 4384">
    <p class='ocr_par' dir='ltr' id='par_1_44' title="bbox 489 4313 2092 4384">
     <span class='ocr_line' id='line_1_44' title="bbox 489 4313 2092 4384; baseline -0.001 -16"><span class='ocrx_word' id='word_1_327' title='bbox 489 4315 830 4381; x_wconf 67' lang='lat' dir='ltr'><strong>gravioribus</strong></span> <span class='ocrx_word' id='word_1_328' title='bbox 859 4317 1011 4372; x_wconf 86' lang='lat' dir='ltr'><strong>malis</strong></span> <span class='ocrx_word' id='word_1_329' title='bbox 1043 4314 1260 4371; x_wconf 70' lang='lat' dir='ltr'><strong>Judteos</strong></span> <span class='ocrx_word' id='word_1_330' title='bbox 1287 4316 1467 4371; x_wconf 77' lang='lat' dir='ltr'><strong>aﬂ&#39;ecit</strong></span> <span class='ocrx_word' id='word_1_331' title='bbox 1505 4331 1668 4371; x_wconf 89' lang='lat' dir='ltr'><strong>unum</strong></span> <span class='ocrx_word' id='word_1_332' title='bbox 1695 4329 1886 4371; x_wconf 86' lang='lat' dir='ltr'><strong>omnes</strong></span> <span class='ocrx_word' id='word_1_333' title='bbox 1919 4313 2092 4384; x_wconf 84' lang='lat' dir='ltr'><strong>iusiu-</strong></span> 
     </span>
    </p>
   </div>
   <div class='ocr_carea' id='block_1_45' title="bbox 498 4405 2093 4476">
    <p class='ocr_par' dir='ltr' id='par_1_45' title="bbox 498 4405 2093 4476">
     <span class='ocr_line' id='line_1_45' title="bbox 498 4405 2093 4476; baseline 0.002 -18"><span class='ocrx_word' id='word_1_334' title='bbox 498 4406 747 4460; x_wconf 80' lang='lat' dir='ltr'><strong>randum.</strong></span> <span class='ocrx_word' id='word_1_335' title='bbox 773 4406 880 4460; x_wconf 86' lang='lat' dir='ltr'><strong>Sed</strong></span> <span class='ocrx_word' id='word_1_336' title='bbox 909 4407 962 4459; x_wconf 92' lang='lat' dir='ltr'><strong>in</strong></span> <span class='ocrx_word' id='word_1_337' title='bbox 1003 4407 1225 4476; x_wconf 82' lang='lat' dir='ltr'><strong>longum</strong></span> <span class='ocrx_word' id='word_1_338' title='bbox 1260 4421 1567 4462; x_wconf 88' lang='lat' dir='ltr'><strong>sermonem</strong></span> <span class='ocrx_word' id='word_1_339' title='bbox 1600 4405 1847 4476; x_wconf 87' lang='lat' dir='ltr'><strong>protendi</strong></span> <span class='ocrx_word' id='word_1_340' title='bbox 1885 4405 2041 4461; x_wconf 85' lang='lat' dir='ltr'><strong>video</strong></span> <span class='ocrx_word' id='word_1_341' title='bbox 2077 4421 2093 4461; x_wconf 89' lang='lat'><strong>:</strong></span> 
     </span>
    </p>
   </div>
   <div class='ocr_carea' id='block_1_46' title="bbox 499 4498 2089 4568">
    <p class='ocr_par' dir='ltr' id='par_1_46' title="bbox 499 4498 2089 4568">
     <span class='ocr_line' id='line_1_46' title="bbox 499 4498 2089 4568; baseline 0.001 -16"><span class='ocrx_word' id='word_1_342' title='bbox 499 4509 787 4568; x_wconf 81' lang='lat' dir='ltr'><strong>propterea</strong></span> <span class='ocrx_word' id='word_1_343' title='bbox 807 4499 1051 4553; x_wconf 73' lang='lat' dir='ltr'><strong>historiae</strong></span> <span class='ocrx_word' id='word_1_344' title='bbox 1083 4499 1241 4568; x_wconf 86' lang='lat' dir='ltr'><strong>hujus</strong></span> <span class='ocrx_word' id='word_1_345' title='bbox 1262 4501 1626 4555; x_wconf 86' lang='lat' dir='ltr'><strong>narrationem</strong></span> <span class='ocrx_word' id='word_1_346' title='bbox 1655 4499 1743 4555; x_wconf 87' lang='lat' dir='ltr'><strong>hic</strong></span> <span class='ocrx_word' id='word_1_347' title='bbox 1767 4498 2049 4554; x_wconf 86' lang='lat' dir='ltr'><strong>absolvens</strong></span> <span class='ocrx_word' id='word_1_348' title='bbox 2070 4536 2089 4564; x_wconf 86' lang='lat'><strong>,</strong></span> 
     </span>
    </p>
   </div>
   <div class='ocr_carea' id='block_1_47' title="bbox 497 4589 2093 4661">
    <p class='ocr_par' dir='ltr' id='par_1_47' title="bbox 497 4589 2093 4661">
     <span class='ocr_line' id='line_1_47' title="bbox 497 4589 2093 4661; baseline 0.001 -17"><span class='ocrx_word' id='word_1_349' title='bbox 497 4603 624 4644; x_wconf 79' lang='lat' dir='ltr'><strong>cum</strong></span> <span class='ocrx_word' id='word_1_350' title='bbox 650 4589 872 4643; x_wconf 78' lang='lat' dir='ltr'><strong>Joannis</strong></span> <span class='ocrx_word' id='word_1_351' title='bbox 894 4591 1068 4660; x_wconf 89' lang='lat' dir='ltr'><strong>capite</strong></span> <span class='ocrx_word' id='word_1_352' title='bbox 1087 4589 1337 4644; x_wconf 71' lang='lat' dir='ltr'><strong>Jonatbae</strong></span> <span class='ocrx_word' id='word_1_353' title='bbox 1357 4590 1585 4656; x_wconf 58' lang='lat' dir='ltr'><strong>aedem,</strong></span> <span class='ocrx_word' id='word_1_354' title='bbox 1609 4600 1663 4644; x_wconf 91' lang='lat' dir='ltr'><strong>et</strong></span> <span class='ocrx_word' id='word_1_355' title='bbox 1686 4590 1974 4661; x_wconf 86' lang='lat' dir='ltr'><strong>perniciem</strong></span> <span class='ocrx_word' id='word_1_356' title='bbox 2003 4605 2093 4661; x_wconf 84' lang='lat' dir='ltr'><strong>ge-</strong></span> 
     </span>
    </p>
   </div>
   <div class='ocr_carea' id='block_1_48' title="bbox 501 4681 2093 4762">
    <p class='ocr_par' dir='ltr' id='par_1_48' title="bbox 501 4681 2093 4762">
     <span class='ocr_line' id='line_1_48' title="bbox 501 4681 2093 4762; baseline 0 -27"><span class='ocrx_word' id='word_1_357' title='bbox 501 4683 739 4762; x_wconf 80' lang='lat' dir='ltr'><strong>neralem</strong></span> <span class='ocrx_word' id='word_1_358' title='bbox 776 4682 946 4736; x_wconf 78' lang='lat' dir='ltr'><strong>totius</strong></span> <span class='ocrx_word' id='word_1_359' title='bbox 968 4681 1150 4751; x_wconf 88' lang='lat' dir='ltr'><strong>populi</strong></span> <span class='ocrx_word' id='word_1_360' title='bbox 1195 4681 1320 4736; x_wconf 83' lang='lat' dir='ltr'><strong>licet</strong></span> <span class='ocrx_word' id='word_1_361' title='bbox 1349 4697 1454 4736; x_wconf 90' lang='lat' dir='ltr'><strong>non</strong></span> <span class='ocrx_word' id='word_1_362' title='bbox 1495 4682 1816 4749; x_wconf 80' lang='lat' dir='ltr'><strong>admissam,</strong></span> <span class='ocrx_word' id='word_1_363' title='bbox 1845 4683 1912 4738; x_wconf 87' lang='lat' dir='ltr'><strong>de</strong></span> <span class='ocrx_word' id='word_1_364' title='bbox 1943 4683 2093 4752; x_wconf 81' lang='lat' dir='ltr'><strong>iura-</strong></span> 
     </span>
    </p>
   </div>
   <div class='ocr_carea' id='block_1_49' title="bbox 501 4773 2098 4843">
    <p class='ocr_par' dir='ltr' id='par_1_49' title="bbox 501 4773 2098 4843">
     <span class='ocr_line' id='line_1_49' title="bbox 501 4773 2098 4843; baseline 0.001 -16"><span class='ocrx_word' id='word_1_365' title='bbox 501 4783 806 4828; x_wconf 83' lang='lat' dir='ltr'><strong>ntcutorum</strong></span> <span class='ocrx_word' id='word_1_366' title='bbox 835 4780 1012 4827; x_wconf 88' lang='lat' dir='ltr'><strong>tamen</strong></span> <span class='ocrx_word' id='word_1_367' title='bbox 1039 4773 1359 4828; x_wconf 84' lang='lat' dir='ltr'><strong>necessitate</strong></span> <span class='ocrx_word' id='word_1_368' title='bbox 1383 4773 1808 4843; x_wconf 86' lang='lat' dir='ltr'><strong>provenientem,</strong></span> <span class='ocrx_word' id='word_1_369' title='bbox 1840 4774 1979 4828; x_wconf 88' lang='lat' dir='ltr'><strong>inter</strong></span> <span class='ocrx_word' id='word_1_370' title='bbox 2003 4789 2098 4828; x_wconf 89' lang='lat' dir='ltr'><strong>vos</strong></span> 
     </span>
    </p>
   </div>
   <div class='ocr_carea' id='block_1_50' title="bbox 497 4863 2097 4933">
    <p class='ocr_par' dir='ltr' id='par_1_50' title="bbox 497 4863 2097 4933">
     <span class='ocr_line' id='line_1_50' title="bbox 497 4863 2097 4933; baseline 0.002 -17"><span class='ocrx_word' id='word_1_371' title='bbox 497 4879 930 4920; x_wconf 71' lang='lat' dir='ltr'><strong>commemorare</strong></span> <span class='ocrx_word' id='word_1_372' title='bbox 959 4863 1234 4930; x_wconf 76' lang='lat' dir='ltr'><strong>exhortor,</strong></span> <span class='ocrx_word' id='word_1_373' title='bbox 1259 4873 1312 4918; x_wconf 90' lang='lat' dir='ltr'><strong>et</strong></span> <span class='ocrx_word' id='word_1_374' title='bbox 1337 4863 1504 4929; x_wconf 88' lang='lat' dir='ltr'><strong>domi,</strong></span> <span class='ocrx_word' id='word_1_375' title='bbox 1535 4872 1590 4918; x_wconf 92' lang='lat' dir='ltr'><strong>et</strong></span> <span class='ocrx_word' id='word_1_376' title='bbox 1624 4863 1678 4917; x_wconf 86' lang='lat' dir='ltr'><strong>in</strong></span> <span class='ocrx_word' id='word_1_377' title='bbox 1712 4864 1849 4932; x_wconf 89' lang='lat' dir='ltr'><strong>foro,</strong></span> <span class='ocrx_word' id='word_1_378' title='bbox 1877 4873 1930 4918; x_wconf 90' lang='lat' dir='ltr'><strong>et</strong></span> <span class='ocrx_word' id='word_1_379' title='bbox 1956 4863 2097 4933; x_wconf 79' lang='lat' dir='ltr'><strong>apud</strong></span> 
     </span>
    </p>
   </div>
   <div class='ocr_carea' id='block_1_51' title="bbox 499 4953 2098 5026">
    <p class='ocr_par' dir='ltr' id='par_1_51' title="bbox 499 4953 2098 5026">
     <span class='ocr_line' id='line_1_51' title="bbox 499 4953 2098 5026; baseline 0.001 -17"><span class='ocrx_word' id='word_1_380' title='bbox 499 4958 780 5025; x_wconf 73' lang='lat' dir='ltr'><strong>canit-rges.</strong></span> <span class='ocrx_word' id='word_1_381' title='bbox 809 4966 868 5012; x_wconf 89' lang='lat' dir='ltr'><strong>et</strong></span> <span class='ocrx_word' id='word_1_382' title='bbox 909 4955 1050 5026; x_wconf 81' lang='lat' dir='ltr'><strong>apud</strong></span> <span class='ocrx_word' id='word_1_383' title='bbox 1095 4955 1329 5023; x_wconf 88' lang='lat' dir='ltr'><strong>amicos,</strong></span> <span class='ocrx_word' id='word_1_384' title='bbox 1355 4962 1410 5011; x_wconf 90' lang='lat' dir='ltr'><strong>et</strong></span> <span class='ocrx_word' id='word_1_385' title='bbox 1437 4953 1576 5026; x_wconf 88' lang='lat' dir='ltr'><strong>apud</strong></span> <span class='ocrx_word' id='word_1_386' title='bbox 1619 4955 1826 5010; x_wconf 90' lang='lat' dir='ltr'><strong>vicinos</strong></span> <span class='ocrx_word' id='word_1_387' title='bbox 1846 4997 1861 5023; x_wconf 91' lang='lat'><strong>,</strong></span> <span class='ocrx_word' id='word_1_388' title='bbox 1884 4962 1939 5010; x_wconf 92' lang='lat' dir='ltr'><strong>et</strong></span> <span class='ocrx_word' id='word_1_389' title='bbox 1961 4955 2098 5025; x_wconf 84' lang='lat' dir='ltr'><strong>apud</strong></span> 
     </span>
    </p>
   </div>
   <div class='ocr_carea' id='block_1_52' title="bbox 504 5048 2106 5121">
    <p class='ocr_par' dir='ltr' id='par_1_52' title="bbox 504 5048 2106 5121">
     <span class='ocr_line' id='line_1_52' title="bbox 504 5048 2106 5121; baseline 0.002 -20"><span class='ocrx_word' id='word_1_390' title='bbox 504 5063 699 5103; x_wconf 80' lang='lat' dir='ltr'><strong>manes</strong></span> <span class='ocrx_word' id='word_1_391' title='bbox 717 5049 1039 5120; x_wconf 69' lang='lat' dir='ltr'><strong>generaliter</strong></span> <span class='ocrx_word' id='word_1_392' title='bbox 1061 5048 1217 5118; x_wconf 86' lang='lat' dir='ltr'><strong>huius</strong></span> <span class='ocrx_word' id='word_1_393' title='bbox 1233 5048 1312 5104; x_wconf 90' lang='lat' dir='ltr'><strong>rei</strong></span> <span class='ocrx_word' id='word_1_394' title='bbox 1342 5062 1527 5104; x_wconf 84' lang='lat' dir='ltr'><strong>curam</strong></span> <span class='ocrx_word' id='word_1_395' title='bbox 1544 5063 1731 5121; x_wconf 87' lang='lat' dir='ltr'><strong>gerere</strong></span> <span class='ocrx_word' id='word_1_396' title='bbox 1753 5063 1771 5103; x_wconf 84' lang='lat'><strong>:</strong></span> <span class='ocrx_word' id='word_1_397' title='bbox 1798 5063 1896 5104; x_wconf 85' lang='lat' dir='ltr'><strong>nec</strong></span> <span class='ocrx_word' id='word_1_398' title='bbox 1913 5057 2106 5117; x_wconf 84' lang='lat' dir='ltr'><strong>putare</strong></span> 
     </span>
    </p>
   </div>
   <div class='ocr_carea' id='block_1_53' title="bbox 507 5140 2099 5208">
    <p class='ocr_par' dir='ltr' id='par_1_53' title="bbox 507 5140 2099 5208">
     <span class='ocr_line' id='line_1_53' title="bbox 507 5140 2099 5208; baseline 0.001 -14"><span class='ocrx_word' id='word_1_399' title='bbox 507 5141 758 5194; x_wconf 82' lang='lat' dir='ltr'><strong>idoneam</strong></span> <span class='ocrx_word' id='word_1_400' title='bbox 789 5155 914 5196; x_wconf 84' lang='lat' dir='ltr'><strong>esse</strong></span> <span class='ocrx_word' id='word_1_401' title='bbox 954 5141 1107 5196; x_wconf 89' lang='lat' dir='ltr'><strong>nobis</strong></span> <span class='ocrx_word' id='word_1_402' title='bbox 1137 5140 1540 5208; x_wconf 81' lang='lat' dir='ltr'><strong>defensionem,</strong></span> <span class='ocrx_word' id='word_1_403' title='bbox 1585 5141 1629 5196; x_wconf 89' lang='lat' dir='ltr'><strong>si</strong></span> <span class='ocrx_word' id='word_1_404' title='bbox 1655 5141 2099 5197; x_wconf 83' lang='lat' dir='ltr'><strong>consuetudinem</strong></span> 
     </span>
    </p>
   </div>
   <div class='ocr_carea' id='block_1_54' title="bbox 504 5232 2103 5305">
    <p class='ocr_par' dir='ltr' id='par_1_54' title="bbox 504 5232 2103 5305">
     <span class='ocr_line' id='line_1_54' title="bbox 504 5232 2103 5305; baseline 0 -18"><span class='ocrx_word' id='word_1_405' title='bbox 504 5233 925 5304; x_wconf 68' lang='lat' dir='ltr'><strong>prieteudamtts.</strong></span> <span class='ocrx_word' id='word_1_406' title='bbox 953 5232 1104 5302; x_wconf 80' lang='lat' dir='ltr'><strong>Quod</strong></span> <span class='ocrx_word' id='word_1_407' title='bbox 1143 5235 1285 5290; x_wconf 87' lang='lat' dir='ltr'><strong>enim</strong></span> <span class='ocrx_word' id='word_1_408' title='bbox 1311 5235 1584 5290; x_wconf 77' lang='lat' dir='ltr'><strong>excusatio</strong></span> <span class='ocrx_word' id='word_1_409' title='bbox 1618 5234 1734 5290; x_wconf 72' lang='lat' dir='ltr'><strong>luet:</strong></span> <span class='ocrx_word' id='word_1_410' title='bbox 1772 5235 1842 5290; x_wconf 89' lang='lat' dir='ltr'><strong>sit</strong></span> <span class='ocrx_word' id='word_1_411' title='bbox 1882 5245 1937 5290; x_wconf 84' lang='lat' dir='ltr'><strong>et</strong></span> <span class='ocrx_word' id='word_1_412' title='bbox 1966 5251 2103 5305; x_wconf 54' lang='lat' dir='ltr'><strong>prau-</strong></span> 
     </span>
    </p>
   </div>
   <div class='ocr_carea' id='block_1_55' title="bbox 503 5327 2104 5398">
    <p class='ocr_par' dir='ltr' id='par_1_55' title="bbox 503 5327 2104 5398">
     <span class='ocr_line' id='line_1_55' title="bbox 503 5327 2104 5398; baseline -0.002 -16"><span class='ocrx_word' id='word_1_413' title='bbox 503 5338 705 5390; x_wconf 79' lang='lat' dir='ltr'><strong>textus,</strong></span> <span class='ocrx_word' id='word_1_414' title='bbox 735 5342 833 5382; x_wconf 91' lang='lat' dir='ltr'><strong>nec</strong></span> <span class='ocrx_word' id='word_1_415' title='bbox 871 5327 1297 5391; x_wconf 80' lang='lat' dir='ltr'><strong>consuetudinis,</strong></span> <span class='ocrx_word' id='word_1_416' title='bbox 1333 5327 1426 5383; x_wconf 89' lang='lat' dir='ltr'><strong>sed</strong></span> <span class='ocrx_word' id='word_1_417' title='bbox 1461 5328 1694 5398; x_wconf 91' lang='lat' dir='ltr'><strong>torporis</strong></span> <span class='ocrx_word' id='word_1_418' title='bbox 1723 5327 1791 5382; x_wconf 91' lang='lat' dir='ltr'><strong>sit</strong></span> <span class='ocrx_word' id='word_1_419' title='bbox 1822 5328 2001 5398; x_wconf 88' lang='lat' dir='ltr'><strong>culpa,</strong></span> <span class='ocrx_word' id='word_1_420' title='bbox 2035 5327 2104 5380; x_wconf 90' lang='lat' dir='ltr'><strong>ab</strong></span> 
     </span>
    </p>
   </div>
   <div class='ocr_carea' id='block_1_56' title="bbox 512 5416 1978 5489">
    <p class='ocr_par' dir='ltr' id='par_1_56' title="bbox 512 5416 1978 5489">
     <span class='ocr_line' id='line_1_56' title="bbox 512 5416 1978 5489; baseline 0.001 -15"><span class='ocrx_word' id='word_1_421' title='bbox 512 5416 600 5474; x_wconf 80' lang='lat' dir='ltr'><strong>his</strong></span> <span class='ocrx_word' id='word_1_422' title='bbox 629 5434 747 5488; x_wconf 66' lang='lat' dir='ltr'><strong>quae</strong></span> <span class='ocrx_word' id='word_1_423' title='bbox 774 5419 884 5488; x_wconf 87' lang='lat' dir='ltr'><strong>iam</strong></span> <span class='ocrx_word' id='word_1_424' title='bbox 905 5433 1163 5484; x_wconf 87' lang='lat' dir='ltr'><strong>evenere,</strong></span> <span class='ocrx_word' id='word_1_425' title='bbox 1195 5419 1347 5474; x_wconf 86' lang='lat' dir='ltr'><strong>vobis</strong></span> <span class='ocrx_word' id='word_1_426' title='bbox 1373 5420 1694 5489; x_wconf 72' lang='lat' dir='ltr'><strong>persuadere</strong></span> <span class='ocrx_word' id='word_1_427' title='bbox 1724 5421 1978 5475; x_wconf 83' lang='lat' dir='ltr'><strong>conabor.</strong></span> 
     </span>
    </p>
   </div>
   <div class='ocr_carea' id='block_1_57' title="bbox 581 5511 2098 5582">
    <p class='ocr_par' dir='ltr' id='par_1_57' title="bbox 581 5511 2098 5582">
     <span class='ocr_line' id='line_1_57' title="bbox 581 5511 2098 5582; baseline -0.001 -17"><span class='ocrx_word' id='word_1_428' title='bbox 581 5511 870 5582; x_wconf 73' lang='lat' dir='ltr'><strong>Imperator</strong></span> <span class='ocrx_word' id='word_1_429' title='bbox 899 5512 1238 5567; x_wconf 71' lang='lat' dir='ltr'><strong>Amice/aenos</strong></span> <span class='ocrx_word' id='word_1_430' title='bbox 1259 5511 1449 5566; x_wconf 80' lang='lat' dir='ltr'><strong>balneis</strong></span> <span class='ocrx_word' id='word_1_431' title='bbox 1470 5513 1796 5566; x_wconf 73' lang='lat' dir='ltr'><strong>interdixerat</strong></span> <span class='ocrx_word' id='word_1_432' title='bbox 1813 5514 1862 5566; x_wconf 79' lang='lat' dir='ltr'><strong>in</strong></span> <span class='ocrx_word' id='word_1_433' title='bbox 1881 5529 2098 5582; x_wconf 75' lang='lat' dir='ltr'><strong>poenam.</strong></span> 
     </span>
    </p>
   </div>
   <div class='ocr_carea' id='block_1_58' title="bbox 507 5602 2102 5674">
    <p class='ocr_par' dir='ltr' id='par_1_58' title="bbox 507 5602 2102 5674">
     <span class='ocr_line' id='line_1_58' title="bbox 507 5602 2102 5674; baseline 0.001 -16"><span class='ocrx_word' id='word_1_434' title='bbox 507 5602 755 5658; x_wconf 80' lang='lat' dir='ltr'><strong>Civitatis</strong></span> <span class='ocrx_word' id='word_1_435' title='bbox 783 5605 972 5660; x_wconf 85' lang='lat' dir='ltr'><strong>balnea</strong></span> <span class='ocrx_word' id='word_1_436' title='bbox 1001 5605 1296 5674; x_wconf 70' lang='lat' dir='ltr'><strong>Imperator</strong></span> <span class='ocrx_word' id='word_1_437' title='bbox 1325 5603 1617 5669; x_wconf 88' lang='lat' dir='ltr'><strong>obstruxit,</strong></span> <span class='ocrx_word' id='word_1_438' title='bbox 1647 5618 1702 5659; x_wconf 91' lang='lat' dir='ltr'><strong>et</strong></span> <span class='ocrx_word' id='word_1_439' title='bbox 1739 5604 1904 5660; x_wconf 89' lang='lat' dir='ltr'><strong>lavari</strong></span> <span class='ocrx_word' id='word_1_440' title='bbox 1943 5605 2102 5673; x_wconf 88' lang='lat' dir='ltr'><strong>jussit</strong></span> 
     </span>
    </p>
   </div>
   <div class='ocr_carea' id='block_1_59' title="bbox 511 5695 2100 5767">
    <p class='ocr_par' dir='ltr' id='par_1_59' title="bbox 511 5695 2100 5767">
     <span class='ocr_line' id='line_1_59' title="bbox 511 5695 2100 5767; baseline 0.001 -19"><span class='ocrx_word' id='word_1_441' title='bbox 511 5695 802 5760; x_wconf 76' lang='lat' dir='ltr'><strong>neminem,</strong></span> <span class='ocrx_word' id='word_1_442' title='bbox 832 5705 886 5750; x_wconf 91' lang='lat' dir='ltr'><strong>ct</strong></span> <span class='ocrx_word' id='word_1_443' title='bbox 922 5697 1090 5767; x_wconf 87' lang='lat' dir='ltr'><strong>legem</strong></span> <span class='ocrx_word' id='word_1_444' title='bbox 1132 5695 1428 5764; x_wconf 84' lang='lat' dir='ltr'><strong>transgredi</strong></span> <span class='ocrx_word' id='word_1_445' title='bbox 1451 5705 1540 5750; x_wconf 86' lang='lat' dir='ltr'><strong>est</strong></span> <span class='ocrx_word' id='word_1_446' title='bbox 1579 5711 1739 5751; x_wconf 90' lang='lat' dir='ltr'><strong>ausus</strong></span> <span class='ocrx_word' id='word_1_447' title='bbox 1784 5711 1963 5759; x_wconf 86' lang='lat' dir='ltr'><strong>nemo.</strong></span> <span class='ocrx_word' id='word_1_448' title='bbox 2010 5705 2100 5750; x_wconf 90' lang='lat' dir='ltr'><strong>aut</strong></span> 
     </span>
    </p>
   </div>
   <div class='ocr_carea' id='block_1_60' title="bbox 509 5786 2096 5855">
    <p class='ocr_par' dir='ltr' id='par_1_60' title="bbox 509 5786 2096 5855">
     <span class='ocr_line' id='line_1_60' title="bbox 509 5786 2096 5855; baseline 0.003 -17"><span class='ocrx_word' id='word_1_449' title='bbox 509 5786 712 5840; x_wconf 80' lang='lat' dir='ltr'><strong>factum</strong></span> <span class='ocrx_word' id='word_1_450' title='bbox 757 5786 998 5842; x_wconf 85' lang='lat' dir='ltr'><strong>incusare</strong></span> <span class='ocrx_word' id='word_1_451' title='bbox 1021 5828 1035 5854; x_wconf 89' lang='lat'><strong>,</strong></span> <span class='ocrx_word' id='word_1_452' title='bbox 1069 5797 1159 5844; x_wconf 88' lang='lat' dir='ltr'><strong>aut</strong></span> <span class='ocrx_word' id='word_1_453' title='bbox 1205 5786 1647 5844; x_wconf 82' lang='lat' dir='ltr'><strong>consuetudinem</strong></span> <span class='ocrx_word' id='word_1_454' title='bbox 1702 5786 2034 5855; x_wconf 74' lang='lat' dir='ltr'><strong>praetendere</strong></span> <span class='ocrx_word' id='word_1_455' title='bbox 2081 5803 2096 5842; x_wconf 91' lang='lat'>:</span> 
     </span>
    </p>
   </div>
   <div class='ocr_carea' id='block_1_61' title="bbox 1173 321 2976 400">
    <p class='ocr_par' dir='ltr' id='par_1_61' title="bbox 1173 321 2976 400">
     <span class='ocr_line' id='line_1_61' title="bbox 1173 321 2976 400; baseline -0.006 0"><span class='ocrx_word' id='word_1_456' title='bbox 1173 344 1228 400; x_wconf 88' lang='lat' dir='ltr'><strong>S.</strong></span> <span class='ocrx_word' id='word_1_457' title='bbox 1268 336 1545 400; x_wconf 66' lang='lat' dir='ltr'><strong>JOA‘NNIS</strong></span> <span class='ocrx_word' id='word_1_458' title='bbox 1581 327 2056 394; x_wconf 72' lang='lat' dir='ltr'><strong>CHRYSOSTOMI</strong></span> <span class='ocrx_word' id='word_1_459' title='bbox 2105 323 2418 390; x_wconf 29' lang='lat' dir='ltr'><strong>ARCHI‘EP.</strong></span> <span class='ocrx_word' id='word_1_460' title='bbox 2440 321 2976 391; x_wconf 59' lang='lat' dir='ltr'><strong>CONS‘I&#39;ANTiNOP.</strong></span> 
     </span>
    </p>
   </div>
   <div class='ocr_carea' id='block_1_62' title="bbox 3631 333 3733 390">
    <p class='ocr_par' dir='ltr' id='par_1_62' title="bbox 3631 333 3733 390">
     <span class='ocr_line' id='line_1_62' title="bbox 3631 333 3733 390; baseline 0.01 -2"><span class='ocrx_word' id='word_1_461' title='bbox 3631 333 3733 390; x_wconf 70' lang='lat'><strong>153</strong></span> 
     </span>
    </p>
   </div>
   <div class='ocr_carea' id='block_1_63' title="bbox 2137 445 3732 522">
    <p class='ocr_par' dir='ltr' id='par_1_63' title="bbox 2137 445 3732 522">
     <span class='ocr_line' id='line_1_63' title="bbox 2137 445 3732 522; baseline -0.005 -15"><span class='ocrx_word' id='word_1_462' title='bbox 2137 467 2320 507; x_wconf 83' lang='lat' dir='ltr'><strong>verum</strong></span> <span class='ocrx_word' id='word_1_463' title='bbox 2344 461 2395 508; x_wconf 91' lang='lat' dir='ltr'><strong>et</strong></span> <span class='ocrx_word' id='word_1_464' title='bbox 2418 451 2508 522; x_wconf 90' lang='lat' dir='ltr'><strong>qui</strong></span> <span class='ocrx_word' id='word_1_465' title='bbox 2538 465 2682 522; x_wconf 85' lang='lat' dir='ltr'><strong>saepe</strong></span> <span class='ocrx_word' id='word_1_466' title='bbox 2709 459 2832 504; x_wconf 90' lang='lat' dir='ltr'><strong>sunt</strong></span> <span class='ocrx_word' id='word_1_467' title='bbox 2862 449 2913 503; x_wconf 90' lang='lat' dir='ltr'><strong>in</strong></span> <span class='ocrx_word' id='word_1_468' title='bbox 2945 445 3258 519; x_wconf 69' lang='lat' dir='ltr'><strong>mgritudin‘e</strong></span> <span class='ocrx_word' id='word_1_469' title='bbox 3283 447 3407 512; x_wconf 86' lang='lat' dir='ltr'><strong>viri,</strong></span> <span class='ocrx_word' id='word_1_470' title='bbox 3440 446 3696 501; x_wconf 83' lang='lat' dir='ltr'><strong>mulieres</strong></span> <span class='ocrx_word' id='word_1_471' title='bbox 3715 488 3732 512; x_wconf 91' lang='lat'><strong>,</strong></span> 
     </span>
    </p>
   </div>
   <div class='ocr_carea' id='block_1_64' title="bbox 2137 538 3739 615">
    <p class='ocr_par' dir='ltr' id='par_1_64' title="bbox 2137 538 3739 615">
     <span class='ocr_line' id='line_1_64' title="bbox 2137 538 3739 615; baseline -0.005 -15"><span class='ocrx_word' id='word_1_472' title='bbox 2137 545 2286 615; x_wconf 88' lang='lat' dir='ltr'><strong>pueri</strong></span> <span class='ocrx_word' id='word_1_473' title='bbox 2317 553 2370 599; x_wconf 94' lang='lat' dir='ltr'><strong>ct</strong></span> <span class='ocrx_word' id='word_1_474' title='bbox 2397 557 2574 610; x_wconf 76' lang='lat' dir='ltr'><strong>senes,</strong></span> <span class='ocrx_word' id='word_1_475' title='bbox 2599 553 2653 596; x_wconf 91' lang='lat' dir='ltr'><strong>et</strong></span> <span class='ocrx_word' id='word_1_476' title='bbox 2678 543 2858 596; x_wconf 75' lang='lat' dir='ltr'><strong>multa:</strong></span> <span class='ocrx_word' id='word_1_477' title='bbox 2884 551 3070 614; x_wconf 84' lang='lat' dir='ltr'><strong>partus</strong></span> <span class='ocrx_word' id='word_1_478' title='bbox 3090 541 3366 596; x_wconf 89' lang='lat' dir='ltr'><strong>doloribus</strong></span> <span class='ocrx_word' id='word_1_479' title='bbox 3395 549 3644 595; x_wconf 89' lang='lat' dir='ltr'><strong>recentcr</strong></span> <span class='ocrx_word' id='word_1_480' title='bbox 3673 538 3739 593; x_wconf 80' lang='lat' dir='ltr'><strong>li-</strong></span> 
     </span>
    </p>
   </div>
   <div class='ocr_carea' id='block_1_65' title="bbox 2143 630 3739 698">
    <p class='ocr_par' dir='ltr' id='par_1_65' title="bbox 2143 630 3739 698">
     <span class='ocr_line' id='line_1_65' title="bbox 2143 630 3739 698; baseline -0.005 -6"><span class='ocrx_word' id='word_1_481' title='bbox 2143 638 2343 692; x_wconf 72' lang='lat' dir='ltr'><strong>hct-ate:</strong></span> <span class='ocrx_word' id='word_1_482' title='bbox 2366 634 2642 698; x_wconf 85' lang='lat' dir='ltr'><strong>mulieres,</strong></span> <span class='ocrx_word' id='word_1_483' title='bbox 2671 643 2727 690; x_wconf 78' lang='lat' dir='ltr'><strong>et</strong></span> <span class='ocrx_word' id='word_1_484' title='bbox 2753 649 2941 688; x_wconf 88' lang='lat' dir='ltr'><strong>onmes</strong></span> <span class='ocrx_word' id='word_1_485' title='bbox 2968 632 3278 687; x_wconf 86' lang='lat' dir='ltr'><strong>necessario</strong></span> <span class='ocrx_word' id='word_1_486' title='bbox 3304 633 3409 686; x_wconf 87' lang='lat' dir='ltr'><strong>tale</strong></span> <span class='ocrx_word' id='word_1_487' title='bbox 3437 630 3739 686; x_wconf 90' lang='lat' dir='ltr'><strong>remedium</strong></span> 
     </span>
    </p>
   </div>
   <div class='ocr_carea' id='block_1_66' title="bbox 2143 722 3742 800">
    <p class='ocr_par' dir='ltr' id='par_1_66' title="bbox 2143 722 3742 800">
     <span class='ocr_line' id='line_1_66' title="bbox 2143 722 3742 800; baseline -0.004 -15"><span class='ocrx_word' id='word_1_488' title='bbox 2143 737 2404 800; x_wconf 87' lang='lat' dir='ltr'><strong>petentes,</strong></span> <span class='ocrx_word' id='word_1_489' title='bbox 2425 728 2592 783; x_wconf 90' lang='lat' dir='ltr'><strong>velint</strong></span> <span class='ocrx_word' id='word_1_490' title='bbox 2609 726 2780 782; x_wconf 73' lang='lat' dir='ltr'><strong>tntilnt</strong></span> <span class='ocrx_word' id='word_1_491' title='bbox 2804 726 3112 780; x_wconf 90' lang='lat' dir='ltr'><strong>mandatmn</strong></span> <span class='ocrx_word' id='word_1_492' title='bbox 3135 725 3240 778; x_wconf 92' lang='lat' dir='ltr'><strong>hoc</strong></span> <span class='ocrx_word' id='word_1_493' title='bbox 3265 722 3464 789; x_wconf 87' lang='lat' dir='ltr'><strong>ferunt,</strong></span> <span class='ocrx_word' id='word_1_494' title='bbox 3485 731 3540 779; x_wconf 92' lang='lat' dir='ltr'><strong>ct</strong></span> <span class='ocrx_word' id='word_1_495' title='bbox 3561 737 3742 792; x_wconf 82' lang='lat' dir='ltr'><strong>neque</strong></span> 
     </span>
    </p>
   </div>
   <div class='ocr_carea' id='block_1_67' title="bbox 2145 813 3741 892">
    <p class='ocr_par' dir='ltr' id='par_1_67' title="bbox 2145 813 3741 892">
     <span class='ocr_line' id='line_1_67' title="bbox 2145 813 3741 892; baseline -0.006 -14"><span class='ocrx_word' id='word_1_496' title='bbox 2145 823 2390 878; x_wconf 85' lang='lat' dir='ltr'><strong>morbum</strong></span> <span class='ocrx_word' id='word_1_497' title='bbox 2419 820 2684 892; x_wconf 85' lang='lat' dir='ltr'><strong>corporis,</strong></span> <span class='ocrx_word' id='word_1_498' title='bbox 2727 833 2902 888; x_wconf 92' lang='lat' dir='ltr'><strong>neque</strong></span> <span class='ocrx_word' id='word_1_499' title='bbox 2927 816 3335 872; x_wconf 87' lang='lat' dir='ltr'><strong>consuetudinis</strong></span> <span class='ocrx_word' id='word_1_500' title='bbox 3357 813 3698 888; x_wconf 82' lang='lat' dir='ltr'><strong>tyrannidem</strong></span> <span class='ocrx_word' id='word_1_501' title='bbox 3722 855 3741 882; x_wconf 93' lang='lat'><strong>,</strong></span> 
     </span>
    </p>
   </div>
   <div class='ocr_carea' id='block_1_68' title="bbox 2145 905 3743 986">
    <p class='ocr_par' dir='ltr' id='par_1_68' title="bbox 2145 905 3743 986">
     <span class='ocr_line' id='line_1_68' title="bbox 2145 905 3743 986; baseline -0.008 -16"><span class='ocrx_word' id='word_1_502' title='bbox 2145 931 2318 986; x_wconf 89' lang='lat' dir='ltr'><strong>neque</strong></span> <span class='ocrx_word' id='word_1_503' title='bbox 2352 915 2469 970; x_wconf 91' lang='lat' dir='ltr'><strong>aliis</strong></span> <span class='ocrx_word' id='word_1_504' title='bbox 2519 911 2864 983; x_wconf 88' lang='lat' dir='ltr'><strong>peccantibus</strong></span> <span class='ocrx_word' id='word_1_505' title='bbox 2901 923 2960 964; x_wconf 90' lang='lat' dir='ltr'><strong>se</strong></span> <span class='ocrx_word' id='word_1_506' title='bbox 3002 908 3209 978; x_wconf 89' lang='lat' dir='ltr'><strong>puniri,</strong></span> <span class='ocrx_word' id='word_1_507' title='bbox 3243 922 3342 962; x_wconf 88' lang='lat' dir='ltr'><strong>nec</strong></span> <span class='ocrx_word' id='word_1_508' title='bbox 3374 906 3517 960; x_wconf 86' lang='lat' dir='ltr'><strong>aliud</strong></span> <span class='ocrx_word' id='word_1_509' title='bbox 3549 905 3743 959; x_wconf 88' lang='lat' dir='ltr'><strong>talium</strong></span> 
     </span>
    </p>
   </div>
   <div class='ocr_carea' id='block_1_69' title="bbox 2145 996 3748 1080">
    <p class='ocr_par' dir='ltr' id='par_1_69' title="bbox 2145 996 3748 1080">
     <span class='ocr_line' id='line_1_69' title="bbox 2145 996 3748 1080; baseline -0.007 -20"><span class='ocrx_word' id='word_1_510' title='bbox 2145 1009 2434 1080; x_wconf 85' lang='lat' dir='ltr'><strong>quidquam</strong></span> <span class='ocrx_word' id='word_1_511' title='bbox 2481 1003 2858 1076; x_wconf 73' lang='lat' dir='ltr'><strong>prmtendunt:</strong></span> <span class='ocrx_word' id='word_1_512' title='bbox 2909 1000 3005 1057; x_wconf 87' lang='lat' dir='ltr'><strong>sed</strong></span> <span class='ocrx_word' id='word_1_513' title='bbox 3051 998 3358 1068; x_wconf 89' lang='lat' dir='ltr'><strong>huiusmodi</strong></span> <span class='ocrx_word' id='word_1_514' title='bbox 3405 1005 3554 1067; x_wconf 87' lang='lat' dir='ltr'><strong>grate</strong></span> <span class='ocrx_word' id='word_1_515' title='bbox 3599 996 3748 1050; x_wconf 85' lang='lat' dir='ltr'><strong>exci-</strong></span> 
     </span>
    </p>
   </div>
   <div class='ocr_carea' id='block_1_70' title="bbox 2147 1088 3748 1172">
    <p class='ocr_par' dir='ltr' id='par_1_70' title="bbox 2147 1088 3748 1172">
     <span class='ocr_line' id='line_1_70' title="bbox 2147 1088 3748 1172; baseline -0.01 -17"><span class='ocrx_word' id='word_1_516' title='bbox 2147 1101 2299 1172; x_wconf 90' lang='lat' dir='ltr'><strong>piunt</strong></span> <span class='ocrx_word' id='word_1_517' title='bbox 2323 1098 2602 1162; x_wconf 88' lang='lat' dir='ltr'><strong>ultionem,</strong></span> <span class='ocrx_word' id='word_1_518' title='bbox 2633 1094 2754 1164; x_wconf 88' lang='lat' dir='ltr'><strong>quia</strong></span> <span class='ocrx_word' id='word_1_519' title='bbox 2782 1093 2982 1163; x_wconf 88' lang='lat' dir='ltr'><strong>maiora</strong></span> <span class='ocrx_word' id='word_1_520' title='bbox 3007 1098 3320 1160; x_wconf 84' lang='lat' dir='ltr'><strong>exspectant</strong></span> <span class='ocrx_word' id='word_1_521' title='bbox 3343 1088 3498 1153; x_wconf 86' lang='lat' dir='ltr'><strong>mala,</strong></span> <span class='ocrx_word' id='word_1_522' title='bbox 3531 1097 3588 1142; x_wconf 91' lang='lat' dir='ltr'><strong>et</strong></span> <span class='ocrx_word' id='word_1_523' title='bbox 3610 1102 3748 1156; x_wconf 85' lang='lat' dir='ltr'><strong>quo-</strong></span> 
     </span>
    </p>
   </div>
   <div class='ocr_carea' id='block_1_71' title="bbox 2149 1181 3745 1263">
    <p class='ocr_par' dir='ltr' id='par_1_71' title="bbox 2149 1181 3745 1263">
     <span class='ocr_line' id='line_1_71' title="bbox 2149 1181 3745 1263; baseline -0.011 -13"><span class='ocrx_word' id='word_1_524' title='bbox 2149 1195 2277 1250; x_wconf 88' lang='lat' dir='ltr'><strong>tidie</strong></span> <span class='ocrx_word' id='word_1_525' title='bbox 2327 1202 2610 1263; x_wconf 88' lang='lat' dir='ltr'><strong>precantur</strong></span> <span class='ocrx_word' id='word_1_526' title='bbox 2661 1189 2921 1244; x_wconf 89' lang='lat' dir='ltr'><strong>hactenus</strong></span> <span class='ocrx_word' id='word_1_527' title='bbox 2969 1185 3176 1256; x_wconf 85' lang='lat' dir='ltr'><strong>regium</strong></span> <span class='ocrx_word' id='word_1_528' title='bbox 3239 1183 3472 1236; x_wconf 81' lang='lat' dir='ltr'><strong>btrorem</strong></span> <span class='ocrx_word' id='word_1_529' title='bbox 3525 1181 3690 1234; x_wconf 89' lang='lat' dir='ltr'><strong>sister</strong></span> <span class='ocrx_word' id='word_1_530' title='bbox 3711 1201 3745 1233; x_wconf 52' lang='grc' dir='ltr'><strong>θ.</strong></span> 
     </span>
    </p>
   </div>
   <div class='ocr_carea' id='block_1_72' title="bbox 2155 1271 3748 1356">
    <p class='ocr_par' dir='ltr' id='par_1_72' title="bbox 2155 1271 3748 1356">
     <span class='ocr_line' id='line_1_72' title="bbox 2155 1271 3748 1356; baseline -0.012 -14"><span class='ocrx_word' id='word_1_531' title='bbox 2155 1286 2316 1343; x_wconf 72' lang='lat' dir='ltr'><strong>Vides</strong></span> <span class='ocrx_word' id='word_1_532' title='bbox 2343 1283 2483 1356; x_wconf 92' lang='lat' dir='ltr'><strong>quod</strong></span> <span class='ocrx_word' id='word_1_533' title='bbox 2509 1283 2595 1339; x_wconf 92' lang='lat' dir='ltr'><strong>ubi</strong></span> <span class='ocrx_word' id='word_1_534' title='bbox 2625 1291 2709 1338; x_wconf 85' lang='lat' dir='ltr'><strong>est</strong></span> <span class='ocrx_word' id='word_1_535' title='bbox 2729 1281 2909 1341; x_wconf 86' lang='lat' dir='ltr'><strong>timor.</strong></span> <span class='ocrx_word' id='word_1_536' title='bbox 2941 1278 3096 1334; x_wconf 80' lang='lat' dir='ltr'><strong>facile</strong></span> <span class='ocrx_word' id='word_1_537' title='bbox 3123 1276 3363 1332; x_wconf 83' lang='lat' dir='ltr'><strong>solvatur</strong></span> <span class='ocrx_word' id='word_1_538' title='bbox 3389 1271 3748 1334; x_wconf 90' lang='lat' dir='ltr'><strong>consuetudo,</strong></span> 
     </span>
    </p>
   </div>
   <div class='ocr_carea' id='block_1_73' title="bbox 2153 1364 3750 1437">
    <p class='ocr_par' dir='ltr' id='par_1_73' title="bbox 2153 1364 3750 1437">
     <span class='ocr_line' id='line_1_73' title="bbox 2153 1364 3750 1437; baseline -0.014 0"><span class='ocrx_word' id='word_1_539' title='bbox 2153 1379 2364 1437; x_wconf 70' lang='lat' dir='ltr'><strong>etiamsi</strong></span> <span class='ocrx_word' id='word_1_540' title='bbox 2391 1377 2545 1432; x_wconf 81' lang='lat' dir='ltr'><strong>valde</strong></span> <span class='ocrx_word' id='word_1_541' title='bbox 2585 1375 2836 1429; x_wconf 87' lang='lat' dir='ltr'><strong>diuturna</strong></span> <span class='ocrx_word' id='word_1_542' title='bbox 2875 1372 2944 1428; x_wconf 89' lang='lat' dir='ltr'><strong>sit</strong></span> <span class='ocrx_word' id='word_1_543' title='bbox 2974 1379 3028 1426; x_wconf 93' lang='lat' dir='ltr'><strong>et</strong></span> <span class='ocrx_word' id='word_1_544' title='bbox 3067 1366 3403 1424; x_wconf 80' lang='lat' dir='ltr'><strong>necessaria?</strong></span> <span class='ocrx_word' id='word_1_545' title='bbox 3445 1364 3604 1435; x_wconf 82' lang='lat' dir='ltr'><strong>Atqui</strong></span> <span class='ocrx_word' id='word_1_546' title='bbox 3636 1379 3750 1417; x_wconf 84' lang='lat' dir='ltr'><strong>non</strong></span> 
     </span>
    </p>
   </div>
   <div class='ocr_carea' id='block_1_74' title="bbox 2154 1459 3752 1542">
    <p class='ocr_par' dir='ltr' id='par_1_74' title="bbox 2154 1459 3752 1542">
     <span class='ocr_line' id='line_1_74' title="bbox 2154 1459 3752 1542; baseline -0.013 -14"><span class='ocrx_word' id='word_1_547' title='bbox 2154 1475 2317 1528; x_wconf 85' lang='lat' dir='ltr'><strong>lavari</strong></span> <span class='ocrx_word' id='word_1_548' title='bbox 2348 1487 2533 1542; x_wconf 88' lang='lat' dir='ltr'><strong>grave.</strong></span> <span class='ocrx_word' id='word_1_549' title='bbox 2568 1468 2681 1524; x_wconf 85' lang='lat' dir='ltr'><strong>Etsi</strong></span> <span class='ocrx_word' id='word_1_550' title='bbox 2708 1470 2850 1522; x_wconf 87' lang='lat' dir='ltr'><strong>enim</strong></span> <span class='ocrx_word' id='word_1_551' title='bbox 2881 1464 3086 1520; x_wconf 89' lang='lat' dir='ltr'><strong>centies</strong></span> <span class='ocrx_word' id='word_1_552' title='bbox 3115 1459 3591 1533; x_wconf 86' lang='lat' dir='ltr'><strong>pbilosophemur,</strong></span> <span class='ocrx_word' id='word_1_553' title='bbox 3621 1467 3752 1510; x_wconf 84' lang='lat' dir='ltr'><strong>cor-</strong></span> 
     </span>
    </p>
   </div>
   <div class='ocr_carea' id='block_1_75' title="bbox 2156 1547 3749 1635">
    <p class='ocr_par' dir='ltr' id='par_1_75' title="bbox 2156 1547 3749 1635">
     <span class='ocr_line' id='line_1_75' title="bbox 2156 1547 3749 1635; baseline -0.01 -21"><span class='ocrx_word' id='word_1_554' title='bbox 2156 1566 2306 1635; x_wconf 88' lang='lat' dir='ltr'><strong>poris</strong></span> <span class='ocrx_word' id='word_1_555' title='bbox 2351 1573 2538 1618; x_wconf 88' lang='lat' dir='ltr'><strong>natnra</strong></span> <span class='ocrx_word' id='word_1_556' title='bbox 2564 1559 2834 1630; x_wconf 89' lang='lat' dir='ltr'><strong>arguitur,</strong></span> <span class='ocrx_word' id='word_1_557' title='bbox 2866 1556 2999 1611; x_wconf 89' lang='lat' dir='ltr'><strong>nihil</strong></span> <span class='ocrx_word' id='word_1_558' title='bbox 3033 1555 3101 1610; x_wconf 91' lang='lat' dir='ltr'><strong>ab</strong></span> <span class='ocrx_word' id='word_1_559' title='bbox 3125 1552 3289 1607; x_wconf 86' lang='lat' dir='ltr'><strong>animi</strong></span> <span class='ocrx_word' id='word_1_560' title='bbox 3320 1547 3652 1621; x_wconf 88' lang='lat' dir='ltr'><strong>philosophia</strong></span> <span class='ocrx_word' id='word_1_561' title='bbox 3688 1547 3749 1600; x_wconf 87' lang='lat' dir='ltr'><strong>in</strong></span> 
     </span>
    </p>
   </div>
   <div class='ocr_carea' id='block_1_76' title="bbox 2157 1635 3756 1726">
    <p class='ocr_par' dir='ltr' id='par_1_76' title="bbox 2157 1635 3756 1726">
     <span class='ocr_line' id='line_1_76' title="bbox 2157 1635 3756 1726; baseline -0.012 -16"><span class='ocrx_word' id='word_1_562' title='bbox 2157 1654 2428 1726; x_wconf 90' lang='lat' dir='ltr'><strong>propriam</strong></span> <span class='ocrx_word' id='word_1_563' title='bbox 2444 1650 2803 1706; x_wconf 86' lang='lat' dir='ltr'><strong>valetudinem</strong></span> <span class='ocrx_word' id='word_1_564' title='bbox 2823 1645 3062 1717; x_wconf 84' lang='lat' dir='ltr'><strong>adiuvari</strong></span> <span class='ocrx_word' id='word_1_565' title='bbox 3087 1662 3100 1698; x_wconf 86' lang='lat'><strong>:</strong></span> <span class='ocrx_word' id='word_1_566' title='bbox 3123 1658 3229 1698; x_wconf 84' lang='lat' dir='ltr'><strong>non</strong></span> <span class='ocrx_word' id='word_1_567' title='bbox 3247 1644 3428 1712; x_wconf 89' lang='lat' dir='ltr'><strong>iurare</strong></span> <span class='ocrx_word' id='word_1_568' title='bbox 3444 1653 3573 1693; x_wconf 90' lang='lat' dir='ltr'><strong>vero</strong></span> <span class='ocrx_word' id='word_1_569' title='bbox 3594 1635 3756 1691; x_wconf 83' lang='lat' dir='ltr'><strong>valde</strong></span> 
     </span>
    </p>
   </div>
   <div class='ocr_carea' id='block_1_77' title="bbox 2159 1731 3754 1814">
    <p class='ocr_par' dir='ltr' id='par_1_77' title="bbox 2159 1731 3754 1814">
     <span class='ocr_line' id='line_1_77' title="bbox 2159 1731 3754 1814; baseline -0.014 -11"><span class='ocrx_word' id='word_1_570' title='bbox 2159 1747 2335 1814; x_wconf 79' lang='lat' dir='ltr'><strong>facile,</strong></span> <span class='ocrx_word' id='word_1_571' title='bbox 2367 1755 2421 1800; x_wconf 92' lang='lat' dir='ltr'><strong>et</strong></span> <span class='ocrx_word' id='word_1_572' title='bbox 2450 1745 2653 1799; x_wconf 90' lang='lat' dir='ltr'><strong>nullum</strong></span> <span class='ocrx_word' id='word_1_573' title='bbox 2676 1742 2828 1796; x_wconf 77' lang='lat' dir='ltr'><strong>ali&#39;crt</strong></span> <span class='ocrx_word' id='word_1_574' title='bbox 2847 1748 3250 1801; x_wconf 89' lang='lat' dir='ltr'><strong>nocumcntum,</strong></span> <span class='ocrx_word' id='word_1_575' title='bbox 3282 1749 3388 1789; x_wconf 90' lang='lat' dir='ltr'><strong>non</strong></span> <span class='ocrx_word' id='word_1_576' title='bbox 3413 1731 3754 1802; x_wconf 79' lang='lat' dir='ltr'><strong>corporibus,</strong></span> 
     </span>
    </p>
   </div>
   <div class='ocr_carea' id='block_1_78' title="bbox 2162 1825 3760 1905">
    <p class='ocr_par' dir='ltr' id='par_1_78' title="bbox 2162 1825 3760 1905">
     <span class='ocr_line' id='line_1_78' title="bbox 2162 1825 3760 1905; baseline -0.017 -6"><span class='ocrx_word' id='word_1_577' title='bbox 2162 1858 2267 1899; x_wconf 92' lang='lat' dir='ltr'><strong>non</strong></span> <span class='ocrx_word' id='word_1_578' title='bbox 2296 1841 2510 1905; x_wconf 89' lang='lat' dir='ltr'><strong>animis,</strong></span> <span class='ocrx_word' id='word_1_579' title='bbox 2536 1837 2630 1893; x_wconf 90' lang='lat' dir='ltr'><strong>sed</strong></span> <span class='ocrx_word' id='word_1_580' title='bbox 2661 1837 2824 1890; x_wconf 89' lang='lat' dir='ltr'><strong>etiam</strong></span> <span class='ocrx_word' id='word_1_581' title='bbox 2853 1834 3076 1888; x_wconf 91' lang='lat' dir='ltr'><strong>multum</strong></span> <span class='ocrx_word' id='word_1_582' title='bbox 3104 1825 3474 1889; x_wconf 88' lang='lat' dir='ltr'><strong>emolumenti,</strong></span> <span class='ocrx_word' id='word_1_583' title='bbox 3507 1836 3760 1893; x_wconf 82' lang='lat' dir='ltr'><strong>magnam</strong></span> 
     </span>
    </p>
   </div>
   <div class='ocr_carea' id='block_1_79' title="bbox 2162 1917 3756 1997">
    <p class='ocr_par' dir='ltr' id='par_1_79' title="bbox 2162 1917 3756 1997">
     <span class='ocr_line' id='line_1_79' title="bbox 2162 1917 3756 1997; baseline -0.016 -8"><span class='ocrx_word' id='word_1_584' title='bbox 2162 1935 2466 1997; x_wconf 89' lang='lat' dir='ltr'><strong>utilitatem,</strong></span> <span class='ocrx_word' id='word_1_585' title='bbox 2496 1931 2717 1985; x_wconf 91' lang='lat' dir='ltr'><strong>multam</strong></span> <span class='ocrx_word' id='word_1_586' title='bbox 2756 1925 3104 1996; x_wconf 85' lang='lat' dir='ltr'><strong>cpulentiam.</strong></span> <span class='ocrx_word' id='word_1_587' title='bbox 3133 1920 3413 1990; x_wconf 86' lang='lat' dir='ltr'><strong>Quomodo</strong></span> <span class='ocrx_word' id='word_1_588' title='bbox 3449 1917 3609 1987; x_wconf 77' lang='lat' dir='ltr'><strong>igitur</strong></span> <span class='ocrx_word' id='word_1_589' title='bbox 3645 1923 3756 1967; x_wconf 88' lang='lat' dir='ltr'><strong>non</strong></span> 
     </span>
    </p>
   </div>
   <div class='ocr_carea' id='block_1_80' title="bbox 2162 2005 3762 2093">
    <p class='ocr_par' dir='ltr' id='par_1_80' title="bbox 2162 2005 3762 2093">
     <span class='ocr_line' id='line_1_80' title="bbox 2162 2005 3762 2093; baseline -0.018 -9"><span class='ocrx_word' id='word_1_590' title='bbox 2162 2026 2454 2083; x_wconf 88' lang='lat' dir='ltr'><strong>absurdum</strong></span> <span class='ocrx_word' id='word_1_591' title='bbox 2493 2026 2820 2093; x_wconf 89' lang='lat' dir='ltr'><strong>lmperatore</strong></span> <span class='ocrx_word' id='word_1_592' title='bbox 2848 2019 3092 2090; x_wconf 90' lang='lat' dir='ltr'><strong>iubente,</strong></span> <span class='ocrx_word' id='word_1_593' title='bbox 3129 2014 3217 2070; x_wconf 83' lang='lat' dir='ltr'><strong>vel</strong></span> <span class='ocrx_word' id='word_1_594' title='bbox 3241 2011 3558 2068; x_wconf 87' lang='lat' dir='ltr'><strong>diflicillima</strong></span> <span class='ocrx_word' id='word_1_595' title='bbox 3587 2005 3762 2061; x_wconf 70' lang='lat' dir='ltr'><strong>susu-</strong></span> 
     </span>
    </p>
   </div>
   <div class='ocr_carea' id='block_1_81' title="bbox 2166 2094 3762 2183">
    <p class='ocr_par' dir='ltr' id='par_1_81' title="bbox 2166 2094 3762 2183">
     <span class='ocr_line' id='line_1_81' title="bbox 2166 2094 3762 2183; baseline -0.017 -9"><span class='ocrx_word' id='word_1_596' title='bbox 2166 2135 2316 2183; x_wconf 87' lang='lat' dir='ltr'><strong>nere,</strong></span> <span class='ocrx_word' id='word_1_597' title='bbox 2358 2117 2472 2172; x_wconf 81' lang='lat' dir='ltr'><strong>Deo</strong></span> <span class='ocrx_word' id='word_1_598' title='bbox 2501 2128 2630 2170; x_wconf 88' lang='lat' dir='ltr'><strong>vero</strong></span> <span class='ocrx_word' id='word_1_599' title='bbox 2669 2121 2938 2167; x_wconf 89' lang='lat' dir='ltr'><strong>statuente</strong></span> <span class='ocrx_word' id='word_1_600' title='bbox 2978 2107 3026 2162; x_wconf 93' lang='lat' dir='ltr'><strong>id</strong></span> <span class='ocrx_word' id='word_1_601' title='bbox 3073 2104 3213 2176; x_wconf 86' lang='lat' dir='ltr'><strong>quod</strong></span> <span class='ocrx_word' id='word_1_602' title='bbox 3259 2116 3431 2173; x_wconf 88' lang='lat' dir='ltr'><strong>neque</strong></span> <span class='ocrx_word' id='word_1_603' title='bbox 3461 2113 3620 2169; x_wconf 81' lang='lat' dir='ltr'><strong>grave</strong></span> <span class='ocrx_word' id='word_1_604' title='bbox 3664 2094 3762 2159; x_wconf 89' lang='lat' dir='ltr'><strong>sit,</strong></span> 
     </span>
    </p>
   </div>
   <div class='ocr_carea' id='block_1_82' title="bbox 2167 2189 3762 2280">
    <p class='ocr_par' dir='ltr' id='par_1_82' title="bbox 2167 2189 3762 2280">
     <span class='ocr_line' id='line_1_82' title="bbox 2167 2189 3762 2280; baseline -0.017 -14"><span class='ocrx_word' id='word_1_605' title='bbox 2167 2225 2340 2280; x_wconf 86' lang='lat' dir='ltr'><strong>neque</strong></span> <span class='ocrx_word' id='word_1_606' title='bbox 2361 2207 2599 2272; x_wconf 81' lang='lat' dir='ltr'><strong>difﬁcile,</strong></span> <span class='ocrx_word' id='word_1_607' title='bbox 2628 2219 2812 2260; x_wconf 90' lang='lat' dir='ltr'><strong>verum</strong></span> <span class='ocrx_word' id='word_1_608' title='bbox 2842 2213 3097 2272; x_wconf 83' lang='lat' dir='ltr'><strong>perquam</strong></span> <span class='ocrx_word' id='word_1_609' title='bbox 3122 2195 3276 2251; x_wconf 88' lang='lat' dir='ltr'><strong>facile</strong></span> <span class='ocrx_word' id='word_1_610' title='bbox 3303 2201 3359 2249; x_wconf 90' lang='lat' dir='ltr'><strong>et</strong></span> <span class='ocrx_word' id='word_1_611' title='bbox 3377 2189 3721 2247; x_wconf 85' lang='lat' dir='ltr'><strong>commodum</strong></span> <span class='ocrx_word' id='word_1_612' title='bbox 3745 2226 3762 2250; x_wconf 93' lang='lat'><strong>,</strong></span> 
     </span>
    </p>
   </div>
   <div class='ocr_carea' id='block_1_83' title="bbox 2166 2279 3769 2358">
    <p class='ocr_par' dir='ltr' id='par_1_83' title="bbox 2166 2279 3769 2358">
     <span class='ocr_line' id='line_1_83' title="bbox 2166 2279 3769 2358; baseline -0.017 0"><span class='ocrx_word' id='word_1_613' title='bbox 2166 2279 2514 2358; x_wconf 84' lang='lat' dir='ltr'><strong>contemnere</strong></span> <span class='ocrx_word' id='word_1_614' title='bbox 2532 2309 2584 2354; x_wconf 87' lang='lat' dir='ltr'><strong>et</strong></span> <span class='ocrx_word' id='word_1_615' title='bbox 2600 2296 2847 2352; x_wconf 89' lang='lat' dir='ltr'><strong>deridere</strong></span> <span class='ocrx_word' id='word_1_616' title='bbox 2862 2302 2917 2350; x_wconf 92' lang='lat' dir='ltr'><strong>et</strong></span> <span class='ocrx_word' id='word_1_617' title='bbox 2935 2287 3375 2346; x_wconf 78' lang='lat' dir='ltr'><strong>consuetudinem</strong></span> <span class='ocrx_word' id='word_1_618' title='bbox 3393 2279 3769 2353; x_wconf 79' lang='lat' dir='ltr'><strong>praetendere?</strong></span> 
     </span>
    </p>
   </div>
   <div class='ocr_carea' id='block_1_84' title="bbox 2168 2382 3772 2465">
    <p class='ocr_par' dir='ltr' id='par_1_84' title="bbox 2168 2382 3772 2465">
     <span class='ocr_line' id='line_1_84' title="bbox 2168 2382 3772 2465; baseline -0.017 -14"><span class='ocrx_word' id='word_1_619' title='bbox 2168 2395 2265 2457; x_wconf 85' lang='lat' dir='ltr'><strong>Nc,</strong></span> <span class='ocrx_word' id='word_1_620' title='bbox 2313 2407 2516 2465; x_wconf 69' lang='grc' dir='ltr'><strong>(ιιιωεο,</strong></span> <span class='ocrx_word' id='word_1_621' title='bbox 2549 2408 2615 2446; x_wconf 89' lang='lat' dir='ltr'><strong>ne</strong></span> <span class='ocrx_word' id='word_1_622' title='bbox 2655 2391 2706 2444; x_wconf 88' lang='lat' dir='ltr'><strong>in</strong></span> <span class='ocrx_word' id='word_1_623' title='bbox 2742 2397 2942 2443; x_wconf 90' lang='lat' dir='ltr'><strong>tantum</strong></span> <span class='ocrx_word' id='word_1_624' title='bbox 2985 2383 3210 2440; x_wconf 89' lang='lat' dir='ltr'><strong>salutem</strong></span> <span class='ocrx_word' id='word_1_625' title='bbox 3249 2387 3486 2433; x_wconf 86' lang='lat' dir='ltr'><strong>nostrum</strong></span> <span class='ocrx_word' id='word_1_626' title='bbox 3523 2382 3772 2428; x_wconf 78' lang='lat' dir='ltr'><strong>contem-</strong></span> 
     </span>
    </p>
   </div>
   <div class='ocr_carea' id='block_1_85' title="bbox 2172 2468 3764 2549">
    <p class='ocr_par' dir='ltr' id='par_1_85' title="bbox 2172 2468 3764 2549">
     <span class='ocr_line' id='line_1_85' title="bbox 2172 2468 3764 2549; baseline -0.019 -6"><span class='ocrx_word' id='word_1_627' title='bbox 2172 2502 2382 2549; x_wconf 88' lang='lat' dir='ltr'><strong>namus,</strong></span> <span class='ocrx_word' id='word_1_628' title='bbox 2407 2485 2500 2540; x_wconf 87' lang='lat' dir='ltr'><strong>sed</strong></span> <span class='ocrx_word' id='word_1_629' title='bbox 2525 2485 2807 2538; x_wconf 87' lang='lat' dir='ltr'><strong>timeamus</strong></span> <span class='ocrx_word' id='word_1_630' title='bbox 2829 2480 3014 2540; x_wconf 90' lang='lat' dir='ltr'><strong>Deum,</strong></span> <span class='ocrx_word' id='word_1_631' title='bbox 3041 2475 3176 2529; x_wconf 89' lang='lat' dir='ltr'><strong>sicut</strong></span> <span class='ocrx_word' id='word_1_632' title='bbox 3201 2469 3473 2526; x_wconf 88' lang='lat' dir='ltr'><strong>hominem</strong></span> <span class='ocrx_word' id='word_1_633' title='bbox 3489 2468 3764 2519; x_wconf 77' lang='lat' dir='ltr'><strong>timemus.</strong></span> 
     </span>
    </p>
   </div>
   <div class='ocr_carea' id='block_1_86' title="bbox 2173 2557 3774 2634">
    <p class='ocr_par' dir='ltr' id='par_1_86' title="bbox 2173 2557 3774 2634">
     <span class='ocr_line' id='line_1_86' title="bbox 2173 2557 3774 2634; baseline -0.017 -1"><span class='ocrx_word' id='word_1_634' title='bbox 2173 2579 2306 2634; x_wconf 82' lang='lat' dir='ltr'><strong>Novi</strong></span> <span class='ocrx_word' id='word_1_635' title='bbox 2351 2592 2450 2632; x_wconf 90' lang='lat' dir='ltr'><strong>vos</strong></span> <span class='ocrx_word' id='word_1_636' title='bbox 2498 2573 2842 2631; x_wconf 83' lang='lat' dir='ltr'><strong>exhorruisse</strong></span> <span class='ocrx_word' id='word_1_637' title='bbox 2882 2568 3078 2624; x_wconf 86' lang='lat' dir='ltr'><strong>talibus</strong></span> <span class='ocrx_word' id='word_1_638' title='bbox 3115 2563 3348 2625; x_wconf 86' lang='lat' dir='ltr'><strong>auditis;</strong></span> <span class='ocrx_word' id='word_1_639' title='bbox 3399 2558 3493 2614; x_wconf 87' lang='lat' dir='ltr'><strong>sed</strong></span> <span class='ocrx_word' id='word_1_640' title='bbox 3542 2557 3774 2609; x_wconf 78' lang='lat' dir='ltr'><strong>horrore</strong></span> 
     </span>
    </p>
   </div>
   <div class='ocr_carea' id='block_1_87' title="bbox 2176 2643 3774 2739">
    <p class='ocr_par' dir='ltr' id='par_1_87' title="bbox 2176 2643 3774 2739">
     <span class='ocr_line' id='line_1_87' title="bbox 2176 2643 3774 2739; baseline -0.018 -14"><span class='ocrx_word' id='word_1_641' title='bbox 2176 2671 2394 2739; x_wconf 79' lang='lat' dir='ltr'><strong>dignum</strong></span> <span class='ocrx_word' id='word_1_642' title='bbox 2424 2677 2508 2723; x_wconf 83' lang='lat' dir='ltr'><strong>est</strong></span> <span class='ocrx_word' id='word_1_643' title='bbox 2533 2681 2602 2719; x_wconf 89' lang='lat' dir='ltr'><strong>ne</strong></span> <span class='ocrx_word' id='word_1_644' title='bbox 2631 2674 2836 2718; x_wconf 87' lang='lat' dir='ltr'><strong>tantum</strong></span> <span class='ocrx_word' id='word_1_645' title='bbox 2870 2659 3083 2728; x_wconf 84' lang='lat' dir='ltr'><strong>quidem</strong></span> <span class='ocrx_word' id='word_1_646' title='bbox 3133 2655 3262 2719; x_wconf 82' lang='lat' dir='ltr'><strong>Deo,</strong></span> <span class='ocrx_word' id='word_1_647' title='bbox 3291 2658 3548 2722; x_wconf 86' lang='lat' dir='ltr'><strong>quantum</strong></span> <span class='ocrx_word' id='word_1_648' title='bbox 3593 2643 3774 2699; x_wconf 78' lang='lat' dir='ltr'><strong>homi-</strong></span> 
     </span>
    </p>
   </div>
   <div class='ocr_carea' id='block_1_88' title="bbox 2177 2739 3774 2816">
    <p class='ocr_par' dir='ltr' id='par_1_88' title="bbox 2177 2739 3774 2816">
     <span class='ocr_line' id='line_1_88' title="bbox 2177 2739 3774 2816; baseline -0.016 -1"><span class='ocrx_word' id='word_1_649' title='bbox 2177 2762 2332 2816; x_wconf 89' lang='lat' dir='ltr'><strong>nibus</strong></span> <span class='ocrx_word' id='word_1_650' title='bbox 2376 2760 2634 2815; x_wconf 91' lang='lat' dir='ltr'><strong>honorem</strong></span> <span class='ocrx_word' id='word_1_651' title='bbox 2671 2753 2996 2816; x_wconf 88' lang='lat' dir='ltr'><strong>attribuere;</strong></span> <span class='ocrx_word' id='word_1_652' title='bbox 3038 2749 3132 2803; x_wconf 88' lang='lat' dir='ltr'><strong>sed</strong></span> <span class='ocrx_word' id='word_1_653' title='bbox 3176 2743 3518 2814; x_wconf 89' lang='lat' dir='ltr'><strong>imperatoria</strong></span> <span class='ocrx_word' id='word_1_654' title='bbox 3552 2739 3774 2793; x_wconf 77' lang='lat' dir='ltr'><strong>decreta</strong></span> 
     </span>
    </p>
   </div>
   <div class='ocr_carea' id='block_1_89' title="bbox 2175 2833 3775 2922">
    <p class='ocr_par' dir='ltr' id='par_1_89' title="bbox 2175 2833 3775 2922">
     <span class='ocr_line' id='line_1_89' title="bbox 2175 2833 3775 2922; baseline -0.018 -13"><span class='ocrx_word' id='word_1_655' title='bbox 2175 2854 2459 2922; x_wconf 84' lang='lat' dir='ltr'><strong>diligenter</strong></span> <span class='ocrx_word' id='word_1_656' title='bbox 2477 2850 2846 2910; x_wconf 89' lang='lat' dir='ltr'><strong>observantes,</strong></span> <span class='ocrx_word' id='word_1_657' title='bbox 2875 2843 3051 2898; x_wconf 89' lang='lat' dir='ltr'><strong>divina</strong></span> <span class='ocrx_word' id='word_1_658' title='bbox 3073 2839 3214 2895; x_wconf 88' lang='lat' dir='ltr'><strong>etde</strong></span> <span class='ocrx_word' id='word_1_659' title='bbox 3229 2836 3379 2892; x_wconf 75' lang='lat' dir='ltr'><strong>ea-{is</strong></span> <span class='ocrx_word' id='word_1_660' title='bbox 3400 2833 3616 2900; x_wconf 78' lang='lat' dir='ltr'><strong>delapsa</strong></span> <span class='ocrx_word' id='word_1_661' title='bbox 3635 2842 3775 2884; x_wconf 86' lang='lat' dir='ltr'><strong>con-</strong></span> 
     </span>
    </p>
   </div>
   <div class='ocr_carea' id='block_1_90' title="bbox 2177 2924 3776 3012">
    <p class='ocr_par' dir='ltr' id='par_1_90' title="bbox 2177 2924 3776 3012">
     <span class='ocr_line' id='line_1_90' title="bbox 2177 2924 3776 3012; baseline -0.019 -8"><span class='ocrx_word' id='word_1_662' title='bbox 2177 2949 2410 3012; x_wconf 75' lang='lat' dir='ltr'><strong>cuicare,</strong></span> <span class='ocrx_word' id='word_1_663' title='bbox 2441 2955 2496 3000; x_wconf 92' lang='lat' dir='ltr'><strong>et</strong></span> <span class='ocrx_word' id='word_1_664' title='bbox 2516 2952 2970 3012; x_wconf 88' lang='lat' dir='ltr'><strong>supervacaneum</strong></span> <span class='ocrx_word' id='word_1_665' title='bbox 2999 2949 3118 2990; x_wconf 86' lang='lat' dir='ltr'><strong>esse</strong></span> <span class='ocrx_word' id='word_1_666' title='bbox 3144 2940 3336 3003; x_wconf 81' lang='lat' dir='ltr'><strong>putare</strong></span> <span class='ocrx_word' id='word_1_667' title='bbox 3359 2929 3505 2983; x_wconf 82' lang='lat' dir='ltr'><strong>circa</strong></span> <span class='ocrx_word' id='word_1_668' title='bbox 3529 2924 3633 2977; x_wconf 87' lang='lat' dir='ltr'><strong>hoc</strong></span> <span class='ocrx_word' id='word_1_669' title='bbox 3653 2929 3776 2976; x_wconf 85' lang='lat' dir='ltr'><strong>stu-</strong></span> 
     </span>
    </p>
   </div>
   <div class='ocr_carea' id='block_1_91' title="bbox 2179 3015 3780 3106">
    <p class='ocr_par' dir='ltr' id='par_1_91' title="bbox 2179 3015 3780 3106">
     <span class='ocr_line' id='line_1_91' title="bbox 2179 3015 3780 3106; baseline -0.02 -10"><span class='ocrx_word' id='word_1_670' title='bbox 2179 3039 2345 3096; x_wconf 88' lang='lat' dir='ltr'><strong>dium.</strong></span> <span class='ocrx_word' id='word_1_671' title='bbox 2386 3038 2642 3106; x_wconf 59' lang='lat' dir='ltr'><strong>Qua‘nam</strong></span> <span class='ocrx_word' id='word_1_672' title='bbox 2690 3030 2959 3086; x_wconf 79' lang='lat' dir='ltr'><strong>excusatio</strong></span> <span class='ocrx_word' id='word_1_673' title='bbox 3008 3025 3165 3081; x_wconf 79' lang='lat' dir='ltr'><strong>nobis</strong></span> <span class='ocrx_word' id='word_1_674' title='bbox 3211 3023 3315 3078; x_wconf 82' lang='lat' dir='ltr'><strong>erit</strong></span> <span class='ocrx_word' id='word_1_675' title='bbox 3359 3015 3604 3086; x_wconf 79' lang='lat' dir='ltr'><strong>reliqua?</strong></span> <span class='ocrx_word' id='word_1_676' title='bbox 3653 3027 3780 3083; x_wconf 71' lang='lat' dir='ltr'><strong>quae</strong></span> 
     </span>
    </p>
   </div>
   <div class='ocr_carea' id='block_1_92' title="bbox 2181 3102 3780 3198">
    <p class='ocr_par' dir='ltr' id='par_1_92' title="bbox 2181 3102 3780 3198">
     <span class='ocr_line' id='line_1_92' title="bbox 2181 3102 3780 3198; baseline -0.018 -10"><span class='ocrx_word' id='word_1_677' title='bbox 2181 3149 2312 3188; x_wconf 90' lang='lat' dir='ltr'><strong>vero</strong></span> <span class='ocrx_word' id='word_1_678' title='bbox 2360 3102 2545 3193; x_wconf 73' lang='lat' dir='ltr'><strong>venia,</strong></span> <span class='ocrx_word' id='word_1_679' title='bbox 2582 3125 2796 3198; x_wconf 89' lang='lat' dir='ltr'><strong>quando</strong></span> <span class='ocrx_word' id='word_1_680' title='bbox 2839 3130 2964 3193; x_wconf 86' lang='lat' dir='ltr'><strong>post</strong></span> <span class='ocrx_word' id='word_1_681' title='bbox 3008 3128 3209 3173; x_wconf 86' lang='lat' dir='ltr'><strong>tantam</strong></span> <span class='ocrx_word' id='word_1_682' title='bbox 3250 3110 3669 3168; x_wconf 87' lang='lat' dir='ltr'><strong>admonitionem</strong></span> <span class='ocrx_word' id='word_1_683' title='bbox 3715 3102 3780 3160; x_wconf 83' lang='lat' dir='ltr'><strong>in</strong></span> 
     </span>
    </p>
   </div>
   <div class='ocr_carea' id='block_1_93' title="bbox 2183 3198 3779 3293">
    <p class='ocr_par' dir='ltr' id='par_1_93' title="bbox 2183 3198 3779 3293">
     <span class='ocr_line' id='line_1_93' title="bbox 2183 3198 3779 3293; baseline -0.019 -10"><span class='ocrx_word' id='word_1_684' title='bbox 2183 3227 2373 3283; x_wconf 89' lang='lat' dir='ltr'><strong>iisdem</strong></span> <span class='ocrx_word' id='word_1_685' title='bbox 2407 3217 2820 3293; x_wconf 83' lang='lat' dir='ltr'><strong>permanemns?</strong></span> <span class='ocrx_word' id='word_1_686' title='bbox 2869 3214 3080 3269; x_wconf 88' lang='lat' dir='ltr'><strong>Etenim</strong></span> <span class='ocrx_word' id='word_1_687' title='bbox 3109 3215 3365 3265; x_wconf 83' lang='lat' dir='ltr'><strong>nascente</strong></span> <span class='ocrx_word' id='word_1_688' title='bbox 3393 3203 3606 3258; x_wconf 88' lang='lat' dir='ltr'><strong>miseria</strong></span> <span class='ocrx_word' id='word_1_689' title='bbox 3636 3198 3736 3253; x_wconf 89' lang='lat' dir='ltr'><strong>hac</strong></span> <span class='ocrx_word' id='word_1_690' title='bbox 3755 3235 3779 3263; x_wconf 84' lang='grc'>,</span> 
     </span>
    </p>
   </div>
   <div class='ocr_carea' id='block_1_94' title="bbox 2184 3295 3778 3390">
    <p class='ocr_par' dir='ltr' id='par_1_94' title="bbox 2184 3295 3778 3390">
     <span class='ocr_line' id='line_1_94' title="bbox 2184 3295 3778 3390; baseline -0.019 -16"><span class='ocrx_word' id='word_1_691' title='bbox 2184 3334 2302 3390; x_wconf 75' lang='lat' dir='ltr'><strong>qua:</strong></span> <span class='ocrx_word' id='word_1_692' title='bbox 2329 3315 2598 3372; x_wconf 90' lang='lat' dir='ltr'><strong>civitatem</strong></span> <span class='ocrx_word' id='word_1_693' title='bbox 2644 3312 2876 3371; x_wconf 80' lang='lat' dir='ltr'><strong>detinet,</strong></span> <span class='ocrx_word' id='word_1_694' title='bbox 2921 3306 3060 3360; x_wconf 83' lang='lat' dir='ltr'><strong>hanc</strong></span> <span class='ocrx_word' id='word_1_695' title='bbox 3103 3299 3278 3371; x_wconf 83' lang='lat' dir='ltr'><strong>incepi</strong></span> <span class='ocrx_word' id='word_1_696' title='bbox 3307 3295 3726 3352; x_wconf 82' lang='lat' dir='ltr'><strong>admonitionem</strong></span> <span class='ocrx_word' id='word_1_697' title='bbox 3759 3305 3778 3344; x_wconf 87' lang='lat'><strong>:</strong></span> 
     </span>
    </p>
   </div>
   <div class='ocr_carea' id='block_1_95' title="bbox 2183 3384 3783 3478">
    <p class='ocr_par' dir='ltr' id='par_1_95' title="bbox 2183 3384 3783 3478">
     <span class='ocr_line' id='line_1_95' title="bbox 2183 3384 3783 3478; baseline -0.019 -12"><span class='ocrx_word' id='word_1_698' title='bbox 2183 3384 2240 3466; x_wconf 78' lang='lat' dir='ltr'><strong>et</strong></span> <span class='ocrx_word' id='word_1_699' title='bbox 2289 3409 2378 3464; x_wconf 89' lang='lat' dir='ltr'><strong>illa</strong></span> <span class='ocrx_word' id='word_1_700' title='bbox 2414 3405 2631 3478; x_wconf 83' lang='lat' dir='ltr'><strong>quidem</strong></span> <span class='ocrx_word' id='word_1_701' title='bbox 2664 3403 2775 3472; x_wconf 82' lang='lat' dir='ltr'><strong>iam</strong></span> <span class='ocrx_word' id='word_1_702' title='bbox 2801 3399 2962 3454; x_wconf 84' lang='lat' dir='ltr'><strong>debet</strong></span> <span class='ocrx_word' id='word_1_703' title='bbox 3006 3394 3175 3457; x_wconf 81' lang='lat' dir='ltr'><strong>ﬁniri,</strong></span> <span class='ocrx_word' id='word_1_704' title='bbox 3225 3405 3322 3446; x_wconf 86' lang='lat' dir='ltr'><strong>uos</strong></span> <span class='ocrx_word' id='word_1_705' title='bbox 3367 3400 3498 3443; x_wconf 83' lang='lat' dir='ltr'><strong>vero</strong></span> <span class='ocrx_word' id='word_1_706' title='bbox 3540 3384 3783 3439; x_wconf 86' lang='lat' dir='ltr'><strong>nondum</strong></span> 
     </span>
    </p>
   </div>
   <div class='ocr_carea' id='block_1_96' title="bbox 2187 3481 3784 3571">
    <p class='ocr_par' dir='ltr' id='par_1_96' title="bbox 2187 3481 3784 3571">
     <span class='ocr_line' id='line_1_96' title="bbox 2187 3481 3784 3571; baseline -0.018 -12"><span class='ocrx_word' id='word_1_707' title='bbox 2187 3517 2351 3559; x_wconf 88' lang='lat' dir='ltr'><strong>unum</strong></span> <span class='ocrx_word' id='word_1_708' title='bbox 2391 3500 2723 3571; x_wconf 85' lang='lat' dir='ltr'><strong>explevimus</strong></span> <span class='ocrx_word' id='word_1_709' title='bbox 2758 3491 3088 3549; x_wconf 88' lang='lat' dir='ltr'><strong>mandatum.</strong></span> <span class='ocrx_word' id='word_1_710' title='bbox 3133 3483 3415 3555; x_wconf 85' lang='lat' dir='ltr'><strong>Quomodo</strong></span> <span class='ocrx_word' id='word_1_711' title='bbox 3461 3481 3619 3552; x_wconf 83' lang='lat' dir='ltr'><strong>igitur</strong></span> <span class='ocrx_word' id='word_1_712' title='bbox 3661 3492 3784 3531; x_wconf 90' lang='lat' dir='ltr'><strong>ma-</strong></span> 
     </span>
    </p>
   </div>
   <div class='ocr_carea' id='block_1_97' title="bbox 2190 3575 3784 3654">
    <p class='ocr_par' dir='ltr' id='par_1_97' title="bbox 2190 3575 3784 3654">
     <span class='ocr_line' id='line_1_97' title="bbox 2190 3575 3784 3654; baseline -0.018 -2"><span class='ocrx_word' id='word_1_713' title='bbox 2190 3599 2362 3652; x_wconf 92' lang='lat' dir='ltr'><strong>lorum</strong></span> <span class='ocrx_word' id='word_1_714' title='bbox 2414 3608 2513 3648; x_wconf 90' lang='lat' dir='ltr'><strong>nos</strong></span> <span class='ocrx_word' id='word_1_715' title='bbox 2561 3588 2915 3645; x_wconf 84' lang='lat' dir='ltr'><strong>detinentium</strong></span> <span class='ocrx_word' id='word_1_716' title='bbox 2965 3591 3211 3654; x_wconf 87' lang='lat' dir='ltr'><strong>petemus</strong></span> <span class='ocrx_word' id='word_1_717' title='bbox 3255 3575 3612 3636; x_wconf 89' lang='lat' dir='ltr'><strong>solutionem,</strong></span> <span class='ocrx_word' id='word_1_718' title='bbox 3655 3585 3784 3624; x_wconf 88' lang='lat' dir='ltr'><strong>cum</strong></span> 
     </span>
    </p>
   </div>
   <div class='ocr_carea' id='block_1_98' title="bbox 2190 3665 3788 3745">
    <p class='ocr_par' dir='ltr' id='par_1_98' title="bbox 2190 3665 3788 3745">
     <span class='ocr_line' id='line_1_98' title="bbox 2190 3665 3788 3745; baseline -0.021 0"><span class='ocrx_word' id='word_1_719' title='bbox 2190 3704 2290 3745; x_wconf 87' lang='lat' dir='ltr'><strong>nec</strong></span> <span class='ocrx_word' id='word_1_720' title='bbox 2300 3702 2466 3742; x_wconf 84' lang='lat' dir='ltr'><strong>unum</strong></span> <span class='ocrx_word' id='word_1_721' title='bbox 2486 3684 2634 3738; x_wconf 90' lang='lat' dir='ltr'><strong>obire</strong></span> <span class='ocrx_word' id='word_1_722' title='bbox 2661 3679 2968 3735; x_wconf 89' lang='lat' dir='ltr'><strong>mandatum</strong></span> <span class='ocrx_word' id='word_1_723' title='bbox 2989 3668 3349 3745; x_wconf 60' lang='lat' dir='ltr'><strong>po‘tueriums?</strong></span> <span class='ocrx_word' id='word_1_724' title='bbox 3373 3665 3640 3737; x_wconf 90' lang='lat' dir='ltr'><strong>quomodo</strong></span> <span class='ocrx_word' id='word_1_725' title='bbox 3654 3675 3788 3715; x_wconf 81' lang='lat' dir='ltr'><strong>vero</strong></span> 
     </span>
    </p>
   </div>
   <div class='ocr_carea' id='block_1_99' title="bbox 2191 3757 3788 3846">
    <p class='ocr_par' dir='ltr' id='par_1_99' title="bbox 2191 3757 3788 3846">
     <span class='ocr_line' id='line_1_99' title="bbox 2191 3757 3788 3846; baseline -0.019 -10"><span class='ocrx_word' id='word_1_726' title='bbox 2191 3783 2386 3838; x_wconf 88' lang='lat' dir='ltr'><strong>bonam</strong></span> <span class='ocrx_word' id='word_1_727' title='bbox 2414 3773 2842 3846; x_wconf 84' lang='lat' dir='ltr'><strong>chpcetabimns</strong></span> <span class='ocrx_word' id='word_1_728' title='bbox 2879 3763 3265 3823; x_wconf 85' lang='lat' dir='ltr'><strong>mutationem?</strong></span> <span class='ocrx_word' id='word_1_729' title='bbox 3293 3757 3563 3830; x_wconf 84' lang='lat' dir='ltr'><strong>quomodo</strong></span> <span class='ocrx_word' id='word_1_730' title='bbox 3604 3764 3788 3809; x_wconf 85' lang='lat' dir='ltr'><strong>autem</strong></span> 
     </span>
    </p>
   </div>
   <div class='ocr_carea' id='block_1_100' title="bbox 2190 3846 3788 3938">
    <p class='ocr_par' dir='ltr' id='par_1_100' title="bbox 2190 3846 3788 3938">
     <span class='ocr_line' id='line_1_100' title="bbox 2190 3846 3788 3938; baseline -0.021 -9"><span class='ocrx_word' id='word_1_731' title='bbox 2190 3867 2508 3929; x_wconf 83' lang='lat' dir='ltr'><strong>orabimus?</strong></span> <span class='ocrx_word' id='word_1_732' title='bbox 2532 3880 2638 3938; x_wconf 84' lang='lat' dir='ltr'><strong>qua</strong></span> <span class='ocrx_word' id='word_1_733' title='bbox 2681 3865 2860 3934; x_wconf 79' lang='lat' dir='ltr'><strong>lingua</strong></span> <span class='ocrx_word' id='word_1_734' title='bbox 2904 3861 3070 3915; x_wconf 85' lang='lat' dir='ltr'><strong>Deum</strong></span> <span class='ocrx_word' id='word_1_735' title='bbox 3116 3850 3520 3910; x_wconf 82' lang='lat' dir='ltr'><strong>invocabimus?</strong></span> <span class='ocrx_word' id='word_1_736' title='bbox 3545 3846 3602 3903; x_wconf 89' lang='lat' dir='ltr'><strong>Si</strong></span> <span class='ocrx_word' id='word_1_737' title='bbox 3634 3846 3788 3900; x_wconf 82' lang='lat' dir='ltr'><strong>enim</strong></span> 
     </span>
    </p>
   </div>
   <div class='ocr_carea' id='block_1_101' title="bbox 2193 3942 3787 4038">
    <p class='ocr_par' dir='ltr' id='par_1_101' title="bbox 2193 3942 3787 4038">
     <span class='ocr_line' id='line_1_101' title="bbox 2193 3942 3787 4038; baseline -0.022 -14"><span class='ocrx_word' id='word_1_738' title='bbox 2193 3967 2368 4038; x_wconf 81' lang='lat' dir='ltr'><strong>legem</strong></span> <span class='ocrx_word' id='word_1_739' title='bbox 2405 3974 2792 4032; x_wconf 87' lang='lat' dir='ltr'><strong>exsequamur,</strong></span> <span class='ocrx_word' id='word_1_740' title='bbox 2837 3956 3058 4010; x_wconf 86' lang='lat' dir='ltr'><strong>multam</strong></span> <span class='ocrx_word' id='word_1_741' title='bbox 3102 3950 3380 4018; x_wconf 87' lang='lat' dir='ltr'><strong>capiemus</strong></span> <span class='ocrx_word' id='word_1_742' title='bbox 3421 3942 3787 4010; x_wconf 81' lang='lat' dir='ltr'><strong>voluptatem,</strong></span> 
     </span>
    </p>
   </div>
   <div class='ocr_carea' id='block_1_102' title="bbox 2195 4040 3785 4132">
    <p class='ocr_par' dir='ltr' id='par_1_102' title="bbox 2195 4040 3785 4132">
     <span class='ocr_line' id='line_1_102' title="bbox 2195 4040 3785 4132; baseline -0.022 -16"><span class='ocrx_word' id='word_1_743' title='bbox 2195 4062 2524 4132; x_wconf 83' lang='lat' dir='ltr'><strong>lmperatore</strong></span> <span class='ocrx_word' id='word_1_744' title='bbox 2545 4053 2747 4110; x_wconf 88' lang='lat' dir='ltr'><strong>civitati</strong></span> <span class='ocrx_word' id='word_1_745' title='bbox 2767 4047 3086 4111; x_wconf 85' lang='lat' dir='ltr'><strong>conciliato;</strong></span> <span class='ocrx_word' id='word_1_746' title='bbox 3111 4043 3155 4098; x_wconf 88' lang='lat' dir='ltr'><strong>si</strong></span> <span class='ocrx_word' id='word_1_747' title='bbox 3174 4055 3300 4096; x_wconf 91' lang='lat' dir='ltr'><strong>vero</strong></span> <span class='ocrx_word' id='word_1_748' title='bbox 3325 4040 3619 4106; x_wconf 79' lang='lat' dir='ltr'><strong>in&#39;pcecato</strong></span> <span class='ocrx_word' id='word_1_749' title='bbox 3635 4045 3785 4084; x_wconf 78' lang='lat' dir='ltr'><strong>man~</strong></span> 
     </span>
    </p>
   </div>
   <div class='ocr_carea' id='block_1_103' title="bbox 2193 4121 3789 4221">
    <p class='ocr_par' dir='ltr' id='par_1_103' title="bbox 2193 4121 3789 4221">
     <span class='ocr_line' id='line_1_103' title="bbox 2193 4121 3789 4221; baseline -0.023 -10"><span class='ocrx_word' id='word_1_750' title='bbox 2193 4121 2447 4215; x_wconf 78' lang='lat' dir='ltr'><strong>serimus,</strong></span> <span class='ocrx_word' id='word_1_751' title='bbox 2480 4148 2654 4221; x_wconf 83' lang='lat' dir='ltr'><strong>pudor</strong></span> <span class='ocrx_word' id='word_1_752' title='bbox 2682 4156 2736 4201; x_wconf 92' lang='lat' dir='ltr'><strong>et</strong></span> <span class='ocrx_word' id='word_1_753' title='bbox 2773 4141 3118 4213; x_wconf 84' lang='lat' dir='ltr'><strong>opprobrium</strong></span> <span class='ocrx_word' id='word_1_754' title='bbox 3160 4133 3394 4202; x_wconf 81' lang='lat' dir='ltr'><strong>undique</strong></span> <span class='ocrx_word' id='word_1_755' title='bbox 3441 4127 3596 4184; x_wconf 85' lang='lat' dir='ltr'><strong>nobis</strong></span> <span class='ocrx_word' id='word_1_756' title='bbox 3636 4121 3740 4178; x_wconf 91' lang='lat' dir='ltr'><strong>erit</strong></span> <span class='ocrx_word' id='word_1_757' title='bbox 3772 4139 3789 4176; x_wconf 89' lang='lat'><strong>:</strong></span> 
     </span>
    </p>
   </div>
   <div class='ocr_carea' id='block_1_104' title="bbox 2199 4215 3792 4318">
    <p class='ocr_par' dir='ltr' id='par_1_104' title="bbox 2199 4215 3792 4318">
     <span class='ocr_line' id='line_1_104' title="bbox 2199 4215 3792 4318; baseline -0.022 -16"><span class='ocrx_word' id='word_1_758' title='bbox 2199 4245 2452 4318; x_wconf 85' lang='lat' dir='ltr'><strong>quoniam</strong></span> <span class='ocrx_word' id='word_1_759' title='bbox 2479 4256 2602 4298; x_wconf 91' lang='lat' dir='ltr'><strong>cum</strong></span> <span class='ocrx_word' id='word_1_760' title='bbox 2631 4238 2774 4294; x_wconf 81' lang='lat' dir='ltr'><strong>Deus</strong></span> <span class='ocrx_word' id='word_1_761' title='bbox 2797 4232 3090 4305; x_wconf 83' lang='lat' dir='ltr'><strong>periculum</strong></span> <span class='ocrx_word' id='word_1_762' title='bbox 3119 4225 3363 4289; x_wconf 90' lang='lat' dir='ltr'><strong>solverit,</strong></span> <span class='ocrx_word' id='word_1_763' title='bbox 3391 4236 3491 4276; x_wconf 89' lang='lat' dir='ltr'><strong>nos</strong></span> <span class='ocrx_word' id='word_1_764' title='bbox 3517 4220 3569 4274; x_wconf 90' lang='lat' dir='ltr'><strong>in</strong></span> <span class='ocrx_word' id='word_1_765' title='bbox 3596 4215 3792 4272; x_wconf 87' lang='lat' dir='ltr'><strong>eodem</strong></span> 
     </span>
    </p>
   </div>
   <div class='ocr_carea' id='block_1_105' title="bbox 2198 4309 3798 4404">
    <p class='ocr_par' dir='ltr' id='par_1_105' title="bbox 2198 4309 3798 4404">
     <span class='ocr_line' id='line_1_105' title="bbox 2198 4309 3798 4404; baseline -0.023 -8"><span class='ocrx_word' id='word_1_766' title='bbox 2198 4309 2493 4395; x_wconf 81' lang='lat' dir='ltr'><strong>mansimus</strong></span> <span class='ocrx_word' id='word_1_767' title='bbox 2535 4343 2770 4404; x_wconf 84' lang='lat' dir='ltr'><strong>torpore.</strong></span> <span class='ocrx_word' id='word_1_768' title='bbox 2813 4328 3030 4384; x_wconf 78' lang='lat' dir='ltr'><strong>Utinam</strong></span> <span class='ocrx_word' id='word_1_769' title='bbox 3078 4321 3207 4378; x_wconf 83' lang='lat' dir='ltr'><strong>mihi</strong></span> <span class='ocrx_word' id='word_1_770' title='bbox 3249 4319 3439 4374; x_wconf 87' lang='lat' dir='ltr'><strong>liceret</strong></span> <span class='ocrx_word' id='word_1_771' title='bbox 3483 4309 3798 4381; x_wconf 74' lang='lat' dir='ltr'><strong>frequenter</strong></span> 
     </span>
    </p>
   </div>
   <div class='ocr_carea' id='block_1_106' title="bbox 2196 4404 3798 4504">
    <p class='ocr_par' dir='ltr' id='par_1_106' title="bbox 2196 4404 3798 4504">
     <span class='ocr_line' id='line_1_106' title="bbox 2196 4404 3798 4504; baseline -0.022 -16"><span class='ocrx_word' id='word_1_772' title='bbox 2196 4433 2488 4504; x_wconf 84' lang='lat' dir='ltr'><strong>iurantium</strong></span> <span class='ocrx_word' id='word_1_773' title='bbox 2510 4429 2716 4482; x_wconf 90' lang='lat' dir='ltr'><strong>animas</strong></span> <span class='ocrx_word' id='word_1_774' title='bbox 2743 4436 2958 4484; x_wconf 87' lang='lat' dir='ltr'><strong>exuere,</strong></span> <span class='ocrx_word' id='word_1_775' title='bbox 2987 4428 3044 4474; x_wconf 89' lang='lat' dir='ltr'><strong>et</strong></span> <span class='ocrx_word' id='word_1_776' title='bbox 3062 4419 3295 4488; x_wconf 88' lang='lat' dir='ltr'><strong>ipsarum</strong></span> <span class='ocrx_word' id='word_1_777' title='bbox 3324 4408 3491 4465; x_wconf 88' lang='lat' dir='ltr'><strong>oculis</strong></span> <span class='ocrx_word' id='word_1_778' title='bbox 3527 4404 3798 4472; x_wconf 87' lang='lat' dir='ltr'><strong>subjicere</strong></span> 
     </span>
    </p>
   </div>
   <div class='ocr_carea' id='block_1_107' title="bbox 2200 4493 3797 4583">
    <p class='ocr_par' dir='ltr' id='par_1_107' title="bbox 2200 4493 3797 4583">
     <span class='ocr_line' id='line_1_107' title="bbox 2200 4493 3797 4583; baseline -0.023 -3"><span class='ocrx_word' id='word_1_779' title='bbox 2200 4493 2425 4579; x_wconf 62' lang='lat' dir='ltr'><strong>vulnera</strong></span> <span class='ocrx_word' id='word_1_780' title='bbox 2467 4530 2521 4575; x_wconf 91' lang='lat' dir='ltr'><strong>et</strong></span> <span class='ocrx_word' id='word_1_781' title='bbox 2563 4515 2845 4574; x_wconf 77' lang='lat' dir='ltr'><strong>cicatrices</strong></span> <span class='ocrx_word' id='word_1_782' title='bbox 2887 4524 3020 4583; x_wconf 85' lang='lat' dir='ltr'><strong>quas</strong></span> <span class='ocrx_word' id='word_1_783' title='bbox 3049 4505 3287 4579; x_wconf 82' lang='lat' dir='ltr'><strong>quotidie</strong></span> <span class='ocrx_word' id='word_1_784' title='bbox 3334 4501 3550 4570; x_wconf 88' lang='lat' dir='ltr'><strong>capiunt</strong></span> <span class='ocrx_word' id='word_1_785' title='bbox 3587 4510 3616 4547; x_wconf 89' lang='lat' dir='ltr'><strong>a</strong></span> <span class='ocrx_word' id='word_1_786' title='bbox 3644 4493 3797 4562; x_wconf 83' lang='lat' dir='ltr'><strong>iura-</strong></span> 
     </span>
    </p>
   </div>
   <div class='ocr_carea' id='block_1_108' title="bbox 2204 4591 3795 4675">
    <p class='ocr_par' dir='ltr' id='par_1_108' title="bbox 2204 4591 3795 4675">
     <span class='ocr_line' id='line_1_108' title="bbox 2204 4591 3795 4675; baseline -0.023 -2"><span class='ocrx_word' id='word_1_787' title='bbox 2204 4618 2437 4675; x_wconf 91' lang='lat' dir='ltr'><strong>mentis:</strong></span> <span class='ocrx_word' id='word_1_788' title='bbox 2473 4628 2572 4668; x_wconf 90' lang='lat' dir='ltr'><strong>nec</strong></span> <span class='ocrx_word' id='word_1_789' title='bbox 2603 4605 2984 4664; x_wconf 87' lang='lat' dir='ltr'><strong>admonitionis</strong></span> <span class='ocrx_word' id='word_1_790' title='bbox 3029 4609 3120 4655; x_wconf 90' lang='lat' dir='ltr'><strong>aut</strong></span> <span class='ocrx_word' id='word_1_791' title='bbox 3145 4594 3355 4653; x_wconf 87' lang='lat' dir='ltr'><strong>consilii</strong></span> <span class='ocrx_word' id='word_1_792' title='bbox 3393 4591 3795 4660; x_wconf 79' lang='lat' dir='ltr'><strong>indigerentus:</strong></span> 
     </span>
    </p>
   </div>
   <div class='ocr_carea' id='block_1_109' title="bbox 2199 4679 3801 4784">
    <p class='ocr_par' dir='ltr' id='par_1_109' title="bbox 2199 4679 3801 4784">
     <span class='ocr_line' id='line_1_109' title="bbox 2199 4679 3801 4784; baseline -0.022 -20"><span class='ocrx_word' id='word_1_793' title='bbox 2199 4711 2457 4784; x_wconf 83' lang='lat' dir='ltr'><strong>quoniam</strong></span> <span class='ocrx_word' id='word_1_794' title='bbox 2484 4706 2764 4760; x_wconf 78' lang='lat' dir='ltr'><strong>vuinerum</strong></span> <span class='ocrx_word' id='word_1_795' title='bbox 2796 4705 3044 4768; x_wconf 89' lang='lat' dir='ltr'><strong>aspectus</strong></span> <span class='ocrx_word' id='word_1_796' title='bbox 3074 4690 3218 4748; x_wconf 89' lang='lat' dir='ltr'><strong>omni</strong></span> <span class='ocrx_word' id='word_1_797' title='bbox 3246 4700 3497 4743; x_wconf 87' lang='lat' dir='ltr'><strong>sermone</strong></span> <span class='ocrx_word' id='word_1_798' title='bbox 3521 4679 3801 4784; x_wconf 68' lang='lat' dir='ltr'><strong>potentius</strong></span> 
     </span>
    </p>
   </div>
   <div class='ocr_carea' id='block_1_110' title="bbox 2205 4769 3805 4872">
    <p class='ocr_par' dir='ltr' id='par_1_110' title="bbox 2205 4769 3805 4872">
     <span class='ocr_line' id='line_1_110' title="bbox 2205 4769 3805 4872; baseline -0.026 -10"><span class='ocrx_word' id='word_1_799' title='bbox 2205 4769 2331 4861; x_wconf 71' lang='lat' dir='ltr'><strong>liuic</strong></span> <span class='ocrx_word' id='word_1_800' title='bbox 2369 4799 2627 4872; x_wconf 65' lang='lat' dir='ltr'><strong>improba:</strong></span> <span class='ocrx_word' id='word_1_801' title='bbox 2669 4788 3042 4850; x_wconf 88' lang='lat' dir='ltr'><strong>consuetudini</strong></span> <span class='ocrx_word' id='word_1_802' title='bbox 3078 4785 3240 4842; x_wconf 88' lang='lat' dir='ltr'><strong>etiam</strong></span> <span class='ocrx_word' id='word_1_803' title='bbox 3288 4779 3576 4853; x_wconf 89' lang='lat' dir='ltr'><strong>plurimum</strong></span> <span class='ocrx_word' id='word_1_804' title='bbox 3620 4769 3805 4825; x_wconf 72' lang='lat' dir='ltr'><strong>adlue-</strong></span> 
     </span>
    </p>
   </div>
   <div class='ocr_carea' id='block_1_111' title="bbox 2206 4862 3804 4957">
    <p class='ocr_par' dir='ltr' id='par_1_111' title="bbox 2206 4862 3804 4957">
     <span class='ocr_line' id='line_1_111' title="bbox 2206 4862 3804 4957; baseline -0.026 -1"><span class='ocrx_word' id='word_1_805' title='bbox 2206 4911 2388 4957; x_wconf 85' lang='lat' dir='ltr'><strong>rentes</strong></span> <span class='ocrx_word' id='word_1_806' title='bbox 2434 4912 2466 4951; x_wconf 87' lang='lat' dir='ltr'><strong>a</strong></span> <span class='ocrx_word' id='word_1_807' title='bbox 2512 4890 2712 4948; x_wconf 87' lang='lat' dir='ltr'><strong>malitia</strong></span> <span class='ocrx_word' id='word_1_808' title='bbox 2744 4887 3012 4941; x_wconf 72' lang='lat' dir='ltr'><strong>abducere</strong></span> <span class='ocrx_word' id='word_1_809' title='bbox 3063 4885 3261 4949; x_wconf 90' lang='lat' dir='ltr'><strong>posset.</strong></span> <span class='ocrx_word' id='word_1_810' title='bbox 3320 4872 3698 4927; x_wconf 84' lang='lat' dir='ltr'><strong>Verumtamen</strong></span> <span class='ocrx_word' id='word_1_811' title='bbox 3756 4862 3804 4916; x_wconf 86' lang='lat' dir='ltr'><strong>si</strong></span> 
     </span>
    </p>
   </div>
   <div class='ocr_carea' id='block_1_112' title="bbox 2209 4956 3804 5052">
    <p class='ocr_par' dir='ltr' id='par_1_112' title="bbox 2209 4956 3804 5052">
     <span class='ocr_line' id='line_1_112' title="bbox 2209 4956 3804 5052; baseline -0.026 -4"><span class='ocrx_word' id='word_1_812' title='bbox 2209 4994 2385 5048; x_wconf 90' lang='lat' dir='ltr'><strong>minus</strong></span> <span class='ocrx_word' id='word_1_813' title='bbox 2401 4987 2589 5050; x_wconf 89' lang='lat' dir='ltr'><strong>oculis,</strong></span> <span class='ocrx_word' id='word_1_814' title='bbox 2619 4977 2924 5052; x_wconf 87' lang='lat' dir='ltr'><strong>cogitationi</strong></span> <span class='ocrx_word' id='word_1_815' title='bbox 2945 4971 3159 5045; x_wconf 91' lang='lat' dir='ltr'><strong>quidem</strong></span> <span class='ocrx_word' id='word_1_816' title='bbox 3180 4975 3326 5023; x_wconf 87' lang='lat' dir='ltr'><strong>certe</strong></span> <span class='ocrx_word' id='word_1_817' title='bbox 3342 4965 3579 5034; x_wconf 89' lang='lat' dir='ltr'><strong>ipsorum</strong></span> <span class='ocrx_word' id='word_1_818' title='bbox 3605 4956 3804 5010; x_wconf 75' lang='lat' dir='ltr'><strong>anima:</strong></span> 
     </span>
    </p>
   </div>
   <div class='ocr_carea' id='block_1_113' title="bbox 2209 5056 3804 5148">
    <p class='ocr_par' dir='ltr' id='par_1_113' title="bbox 2209 5056 3804 5148">
     <span class='ocr_line' id='line_1_113' title="bbox 2209 5056 3804 5148; baseline -0.026 -7"><span class='ocrx_word' id='word_1_819' title='bbox 2209 5085 2444 5140; x_wconf 82' lang='lat' dir='ltr'><strong>dedecus</strong></span> <span class='ocrx_word' id='word_1_820' title='bbox 2475 5077 2759 5148; x_wconf 83' lang='lat' dir='ltr'><strong>subiicere,</strong></span> <span class='ocrx_word' id='word_1_821' title='bbox 2787 5079 2848 5127; x_wconf 84' lang='lat' dir='ltr'><strong>et</strong></span> <span class='ocrx_word' id='word_1_822' title='bbox 2873 5069 3042 5139; x_wconf 87' lang='lat' dir='ltr'><strong>ipsam</strong></span> <span class='ocrx_word' id='word_1_823' title='bbox 3065 5061 3383 5118; x_wconf 82' lang='lat' dir='ltr'><strong>tabefactam</strong></span> <span class='ocrx_word' id='word_1_824' title='bbox 3413 5064 3465 5110; x_wconf 93' lang='lat' dir='ltr'><strong>et</strong></span> <span class='ocrx_word' id='word_1_825' title='bbox 3491 5056 3804 5148; x_wconf 65' lang='lat' dir='ltr'><strong>corruptam</strong></span> 
     </span>
    </p>
   </div>
   <div class='ocr_carea' id='block_1_114' title="bbox 2210 5139 3806 5232">
    <p class='ocr_par' dir='ltr' id='par_1_114' title="bbox 2210 5139 3806 5232">
     <span class='ocr_line' id='line_1_114' title="bbox 2210 5139 3806 5232; baseline -0.028 1"><span class='ocrx_word' id='word_1_826' title='bbox 2210 5139 2496 5232; x_wconf 81' lang='lat' dir='ltr'><strong>ostendere</strong></span> <span class='ocrx_word' id='word_1_827' title='bbox 2521 5139 2663 5224; x_wconf 76' lang='lat' dir='ltr'><strong>licet.</strong></span> <span class='ocrx_word' id='word_1_828' title='bbox 2697 5165 2841 5220; x_wconf 82' lang='lat' dir='ltr'><strong>Sicut</strong></span> <span class='ocrx_word' id='word_1_829' title='bbox 2857 5159 3014 5221; x_wconf 85' lang='lat' dir='ltr'><strong>enim,</strong></span> <span class='ocrx_word' id='word_1_830' title='bbox 3038 5153 3230 5224; x_wconf 87' lang='lat' dir='ltr'><strong>inquit,</strong></span> <span class='ocrx_word' id='word_1_831' title='bbox 3257 5163 3430 5204; x_wconf 80' lang='lat' dir='ltr'><strong>servus</strong></span> <span class='ocrx_word' id='word_1_832' title='bbox 3458 5145 3544 5213; x_wconf 85' lang='lat' dir='ltr'><strong>qui</strong></span> <span class='ocrx_word' id='word_1_833' title='bbox 3566 5139 3806 5195; x_wconf 76' lang='lat' dir='ltr'><strong>continue</strong></span> 
     </span>
    </p>
   </div>
   <div class='ocr_carea' id='block_1_115' title="bbox 2217 5318 3807 5423">
    <p class='ocr_par' dir='ltr' id='par_1_115' title="bbox 2217 5318 3807 5423">
     <span class='ocr_line' id='line_1_115' title="bbox 2217 5318 2525 5337; baseline -0.026 0"><span class='ocrx_word' id='word_1_834' title='bbox 2217 5318 2244 5337; x_wconf 55' lang='grc' dir='ltr'><strong>ιν</strong></span> <span class='ocrx_word' id='word_1_835' title='bbox 2287 5318 2312 5337; x_wconf 70' lang='grc' dir='ltr'><strong>ε,</strong></span> <span class='ocrx_word' id='word_1_836' title='bbox 2352 5318 2380 5320; x_wconf 58' lang='grc' dir='ltr'>η</span> <span class='ocrx_word' id='word_1_837' title='bbox 2514 5318 2525 5329; x_wconf 90' lang='grc'>.</span> 
     </span>
     <span class='ocr_line' id='line_1_116' title="bbox 2217 5318 3807 5423; baseline -0.026 -10"><span class='ocrx_word' id='word_1_838' title='bbox 2217 5359 2377 5413; x_wconf 81' lang='lat' dir='ltr'><strong>Deum</strong></span> <span class='ocrx_word' id='word_1_839' title='bbox 2420 5370 2616 5423; x_wconf 80' lang='lat' dir='ltr'><strong>semper</strong></span> <span class='ocrx_word' id='word_1_840' title='bbox 2655 5352 2945 5406; x_wconf 82' lang='lat' dir='ltr'><strong>nominans,</strong></span> <span class='ocrx_word' id='word_1_841' title='bbox 2971 5361 3002 5396; x_wconf 90' lang='lat' dir='ltr'><strong>a</strong></span> <span class='ocrx_word' id='word_1_842' title='bbox 3035 5346 3240 5412; x_wconf 71' lang='lat' dir='ltr'><strong>peccato</strong></span> <span class='ocrx_word' id='word_1_843' title='bbox 3279 5349 3376 5388; x_wconf 84' lang='lat' dir='ltr'><strong>non</strong></span> <span class='ocrx_word' id='word_1_844' title='bbox 3415 5329 3654 5381; x_wconf 80' lang='lat' dir='ltr'><strong>innocens</strong></span> <span class='ocrx_word' id='word_1_845' title='bbox 3684 5318 3807 5388; x_wconf 59' lang='grc' dir='ltr'><strong>ᾖεν</strong></span> 
     </span>
    </p>
   </div>
   <div class='ocr_carea' id='block_1_116' title="bbox 2211 5415 3810 5526">
    <p class='ocr_par' dir='ltr' id='par_1_116' title="bbox 2211 5415 3810 5526">
     <span class='ocr_line' id='line_1_117' title="bbox 2211 5415 3810 5526; baseline -0.026 -17"><span class='ocrx_word' id='word_1_846' title='bbox 2211 5455 2401 5526; x_wconf 70' lang='grc' dir='ltr'><strong>(Εεειε.</strong></span> <span class='ocrx_word' id='word_1_847' title='bbox 2431 5415 2661 5519; x_wconf 55' lang='grc' dir='ltr'><strong>πη).</strong></span> <span class='ocrx_word' id='word_1_848' title='bbox 2697 5438 3030 5513; x_wconf 89' lang='lat' dir='ltr'><strong>lmpossibile</strong></span> <span class='ocrx_word' id='word_1_849' title='bbox 3058 5434 3222 5494; x_wconf 89' lang='lat' dir='ltr'><strong>enim.</strong></span> <span class='ocrx_word' id='word_1_850' title='bbox 3266 5420 3600 5526; x_wconf 80' lang='lat' dir='ltr'><strong>impossibile</strong></span> <span class='ocrx_word' id='word_1_851' title='bbox 3626 5415 3810 5526; x_wconf 49' lang='lat' dir='ltr'><strong>01in-</strong></span> 
     </span>
    </p>
   </div>
   <div class='ocr_carea' id='block_1_117' title="bbox 2215 5506 3812 5600">
    <p class='ocr_par' dir='ltr' id='par_1_117' title="bbox 2215 5506 3812 5600">
     <span class='ocr_line' id='line_1_118' title="bbox 2215 5506 3812 5600; baseline -0.027 1"><span class='ocrx_word' id='word_1_852' title='bbox 2215 5506 2456 5600; x_wconf 62' lang='lat' dir='ltr'><strong>iamcnto</strong></span> <span class='ocrx_word' id='word_1_853' title='bbox 2482 5536 2860 5598; x_wconf 81' lang='lat' dir='ltr'><strong>assuefactum,</strong></span> <span class='ocrx_word' id='word_1_854' title='bbox 2889 5546 2995 5585; x_wconf 90' lang='lat' dir='ltr'><strong>non</strong></span> <span class='ocrx_word' id='word_1_855' title='bbox 3018 5527 3326 5595; x_wconf 89' lang='lat' dir='ltr'><strong>frequenter</strong></span> <span class='ocrx_word' id='word_1_856' title='bbox 3346 5516 3606 5588; x_wconf 88' lang='lat' dir='ltr'><strong>peierare.</strong></span> <span class='ocrx_word' id='word_1_857' title='bbox 3668 5506 3812 5600; x_wconf 63' lang='lat' dir='ltr'><strong>Pro.</strong></span> 
     </span>
    </p>
   </div>
   <div class='ocr_carea' id='block_1_118' title="bbox 2218 5599 3812 5711">
    <p class='ocr_par' dir='ltr' id='par_1_118' title="bbox 2218 5599 3812 5711">
     <span class='ocr_line' id='line_1_119' title="bbox 2218 5599 3812 5711; baseline -0.028 -16"><span class='ocrx_word' id='word_1_858' title='bbox 2218 5652 2398 5711; x_wconf 85' lang='lat' dir='ltr'><strong>pterea</strong></span> <span class='ocrx_word' id='word_1_859' title='bbox 2428 5634 2670 5705; x_wconf 84' lang='lat' dir='ltr'><strong>supplico</strong></span> <span class='ocrx_word' id='word_1_860' title='bbox 2698 5625 2968 5686; x_wconf 89' lang='lat' dir='ltr'><strong>omnibus,</strong></span> <span class='ocrx_word' id='word_1_861' title='bbox 2991 5628 3051 5675; x_wconf 90' lang='lat' dir='ltr'><strong>ut</strong></span> <span class='ocrx_word' id='word_1_862' title='bbox 3075 5613 3428 5689; x_wconf 88' lang='lat' dir='ltr'><strong>perniciosam</strong></span> <span class='ocrx_word' id='word_1_863' title='bbox 3451 5607 3590 5661; x_wconf 90' lang='lat' dir='ltr'><strong>hanc</strong></span> <span class='ocrx_word' id='word_1_864' title='bbox 3617 5611 3674 5658; x_wconf 87' lang='lat' dir='ltr'><strong>et</strong></span> <span class='ocrx_word' id='word_1_865' title='bbox 3701 5599 3812 5653; x_wconf 87' lang='lat' dir='ltr'><strong>im-</strong></span> 
     </span>
    </p>
   </div>
   <div class='ocr_carea' id='block_1_119' title="bbox 2283 5779 3309 5849">
    <p class='ocr_par' dir='ltr' id='par_1_119' title="bbox 2283 5779 3309 5849">
     <span class='ocr_line' id='line_1_120' title="bbox 2283 5779 3309 5849; baseline -0.016 -8"><span class='ocrx_word' id='word_1_866' title='bbox 2283 5794 2301 5824; x_wconf 74' lang='grc' dir='ltr'>ι</span> <span class='ocrx_word' id='word_1_867' title='bbox 2335 5790 2473 5841; x_wconf 80' lang='lat' dir='ltr'><strong>Savil.</strong></span> <span class='ocrx_word' id='word_1_868' title='bbox 2495 5798 2546 5841; x_wconf 91' lang='lat' dir='ltr'><strong>et</strong></span> <span class='ocrx_word' id='word_1_869' title='bbox 2568 5787 2749 5849; x_wconf 81' lang='lat' dir='ltr'><strong>aliquot</strong></span> <span class='ocrx_word' id='word_1_870' title='bbox 2771 5793 2898 5844; x_wconf 60' lang='grc' dir='ltr'><strong>διεδ..</strong></span> <span class='ocrx_word' id='word_1_871' title='bbox 2921 5781 3184 5846; x_wconf 65' lang='lat' dir='ltr'><strong>inmunitate</strong></span> <span class='ocrx_word' id='word_1_872' title='bbox 3203 5779 3309 5834; x_wconf 81' lang='lat' dir='ltr'><strong>erit.</strong></span> 
     </span>
    </p>
   </div>
  </div>
