4068 6498
491 339 598 397 155

486 459 688 526 ταύτην
723 455 817 509 καὶ
849 453 1092 524 πονηρὰν
1126 451 1412 522 συνήθειαν
1446 452 1818 524 ἀποθεμένους
1847 455 1947 526 τῆς
1970 456 2170 527 ψυὶίῆξν

405 595 408 598 λ
487 550 673 618 ἕτερον
695 544 958 613 στέφανον
980 540 1368 613 ἀναδήσασθαι.
1394 542 1504 596 Καὶ
1526 541 1717 613 ὥσπερ
1741 541 2018 612 πανταχοῦ
2045 545 2175 614 περὶ

486 633 585 703 τῆς
623 633 830 695 πόλεως
863 630 1046 702 ᾅδουσι
1089 628 1189 698 τῆς
1215 628 1510 700 ἡμετέρας,
1552 629 1634 682 ὅτι
1683 629 1873 703 πρώτη
1902 630 2009 684 τῶν
2033 630 2173 684 κατὰ

487 722 583 792 τὴν
608 717 933 790 οἰκουμένην
963 715 1190 770 ἀπασῶν
1221 717 1283 768 τὸ
1321 714 1474 788 [151]
1505 715 1847 786 Χριστιανῶν
1873 717 2044 788 ὄνομα
2080 719 2173 772 ἀν·

487 808 711 860 εδύσατο
735 820 788 873 ι,
811 806 954 859 οὕτω
977 805 1094 858 δότε
1123 807 1256 858 πᾶσι
1279 803 1575 872 λέγειν,ὃτι
1596 805 1734 876 μόνη
1762 804 1870 858 τῶν
1898 806 2038 859 κατά
2072 806 2174 877 τὴν

483 895 813 966 οἰκουμένην
838 893 1066 947 ἀπασῶν
1123 891 1421 960 Ἀντιόχεια
1449 891 1576 954 τοὺς
1595 892 1793 960 ὅρκους
1821 892 1928 944 τῶν
1957 892 2174 946 οἰκείων

484 986 629 1056 ὅρων
652 981 924 1052 ἀπήλασε.
971 979 1189 1034 Μᾶλλον
1216 979 1293 1043 δὲ,
1331 977 1396 1032 ἂν
1427 977 1583 1033 τοῦτο
1609 977 1856 1048 γένηται,
1897 979 1999 1032 οὐκ
2031 978 2173 1049 αὐτὴ

492 1071 972 1141 στεφανωθήσεται
1026 1067 1182 1139 μόνη,
1237 1066 1374 1120 ἀλλά
1420 1067 1515 1119 καὶ
1545 1066 1740 1137 ἐτέρας
1784 1066 1864 1129 είς
1891 1065 1984 1118 τὸν
2012 1064 2176 1118 αὑτὸν

491 1160 667 1223 mea:
705 1159 864 1229 ζῆλον
888 1175 902 1188 ·
966 1158 1059 1210 καὶ
1095 1155 1348 1227 καθάπερ
1374 1154 1434 1207 τὸ
1479 1153 1650 1224 ὄνομα
1689 1153 1799 1206 τῶν
1829 1151 2177 1224 Χριστιανῶν

489 1247 679 1316 ὥσπερ
715 1246 778 1299 ἐκ
814 1262 960 1308 τινος
999 1244 1184 1317 πηγῆς
1230 1243 1474 1296 ἐντεῦθεν
1514 1241 1820 1313 ἀρξάμενον
1860 1243 2040 1294 πᾶσαν
2073 1240 2172 1312 τὴν

493 1335 819 1406 οἱκουμένην
885 1332 1204 1400 ἐπέκλυσεν,
1251 1330 1395 1385 οὕτω
1447 1330 1514 1402 δὴ
1571 1333 1667 1384 καὶ
1719 1331 1780 1383 τὸ
1837 1329 2173 1400 κατόρθωμα

492 1422 648 1476 τοῦτο
701 1422 800 1484 τὴν
867 1421 1022 1485 ῥίζαν
1078 1421 1168 1473 καὶ
1220 1418 1320 1490 τὴν
1368 1417 1620 1490 ἀφορμὴν
1681 1415 1932 1470 ἐντεῦθεν
1985 1415 2168 1480 λαϐὸν,

558 1580 584 1608 ⁸
605 1579 716 1627 Sav.
741 1584 787 1624 el
806 1579 1000 1637 quidam
1022 1590 1137 1624 ιιιες.
1162 1575 1444 1633 ἀνυδήσατο.

542 1765 2195 1797 __________________________________._.__._.

1277 339 1336 393 S.
1387 334 1677 394 JOANNIS
1714 338 2207 398 CHRYSOSTOMI
2248 341 2569 398 ARCHIEP.
2615 342 3163 401 CONSTANTINOP.
3858 351 3949 408 154

2279 458 2490 521 πάντας
2550 459 2675 522 τοὺς
2731 461 2832 529 τὴν
2865 461 2969 529 γῆν
3020 461 3303 523 οἰκοῦντας
3354 461 3675 535 ἀνθρώπους
3723 465 3960 538 μαθητὶς

2279 545 2580 617 ὑμετέρους
2638 545 2972 616 ἐργάσεται,
3023 545 3163 600 ὥστε
3229 547 3450 603 διπλοῦν
3509 552 3638 622 ὑμῖν
3693 553 3792 608 καὶ
3845 573 3957 628 τρι-

2279 630 2449 686 πλοῦν
2473 631 2727 701 γενέσθαι
2754 631 2846 685 τὸν
2874 633 3085 703 μισθὸν,
3108 635 3204 688 καὶ
3229 635 3370 709 ὑπὲρ
3391 636 3501 692 τῶν
3529 639 3747 693 οἰκείων
3772 658 3958 713 κατορ-

2279 718 2572 789 θωμάτων,
2606 719 2702 772 καὶ
2735 718 2878 792 ὑπὲρ
2906 721 3004 790 τῆς
3038 721 3150 775 τῶν
3181 721 3357 776 ἄλλων
3389 723 3758 790 διδασκαλίας.
3793 728 3957 783 Τοῦτο

2278 806 2615 878 διαδήματος
2648 807 2778 878 ὑμῖν
2810 808 3014 872 παντὸς
3045 808 3200 863 ἔσται
3229 811 3629 883 λαμπρότερον,
3671 815 3832 868 τοῦτο
3862 835 3956 888 μη-

2275 893 2534 964 τρόπολιν
2573 887 2706 965 ὑμῖν
2741 896 2956 967 ποιήσει
2986 896 3086 968 τὴν
3119 897 3297 961 πόλιν,
3339 899 3441 952 οὐκ
3493 902 3551 954 ἐν
3595 904 3664 972 τῇ
3703 905 3796 973 γῇ,
3829 887 3959 958 ἀλλά

2277 979 2371 1033 καὶ
2404 980 2497 1034 ἐπὶ
2527 980 2639 1035 τῶν
2678 983 2968 1054 ούρανῶνδ
2990 999 3008 1015 ·
3062 984 3222 1039 τοῦτο
3251 987 3347 1038 καὶ
3383 987 3501 1040 κατ’
3538 987 3756 1058 ἐκείνην
3809 991 3958 1060 ήμῶν

2278 1067 2650 1139 προστήσεται
2681 1069 2783 1141 τὴν
2815 1071 3050 1143 ἡμέραν,
3081 1072 3178 1125 καὶ
3202 1072 3294 1126 τὸν
3322 1073 3422 1143 τῆς
3444 1073 3794 1145 δικαιοσύνης
3835 1077 3958 1147 ἡμῖν

2278 1153 2415 1208 οἴσει
2444 1155 2708 1225 στέφανον
2730 1174 2743 1188 ·
2781 1151 2843 1211 οῦ
2879 1159 3089 1226 γένοιτο
3130 1160 3338 1225 πάντας
3364 1163 3512 1232 ἡμᾶς
3533 1163 3838 1234 ἐπιτυχεῖν,
3867 1166 3959 1233 χά-

2283 1258 2391 1312 ριτι
2422 1243 2520 1296 καὶ
2549 1243 2930 1318 φιλανθρωπίᾳ
2953 1246 3046 1301 τοῦ
3074 1247 3282 1317 Κυρίου
3307 1248 3464 1319 ήμῶν
3495 1248 3671 1320 Ἰησοῦ
3699 1248 3952 1320 Χριστοῦ,

2282 1328 2402 1399 μεθ’
2426 1324 2487 1384 οῦ
2521 1330 2600 1401 τῷ
2632 1333 2811 1404 Πατρὶ
2847 1333 2882 1404 ἡ
2915 1333 3061 1402 δόξα,
3096 1334 3215 1406 ἀμα
3256 1334 3334 1406 τῷ
3369 1335 3508 1407 ἀγίῳ
3534 1335 3839 1407 Πνεύματι,
3869 1338 3956 1393 νῦν

2279 1416 2374 1469 καὶ
2401 1416 2508 1480 ἀεὶ,
2543 1418 2639 1471 καὶ¹
2667 1419 2747 1482 είς
2775 1421 2902 1485 τοὺς
2929 1421 3133 1486 αἰῶνας
3158 1422 3268 1475 τῶν
3303 1423 3533 1480 αἰώνων.
3586 1423 3642 1476 Ἀ
3654 1426 3787 1494 μήν.

2345 1565 2372 1604 ι)
2398 1567 2495 1617 Alii
2520 1570 2567 1618 ἐν
2589 1570 2659 1636 τῷ
2684 1570 2884 1636 ούρανῷ.

497 1890 623 1941 Ἔτι
653 1888 739 1951 εἰς
765 1883 880 1953 τὴν
901 1880 1221 1950 συμφορὰν
1242 1875 1354 1947 τῆς
1377 1877 1607 1940 πόλεως
1643 1871 2027 1940 Ἀντιοχείας,
2055 1867 2156 1923 καί
2192 1867 2283 1921 ὅτι
2323 1865 2628 1937 χρήσιμον
2650 1868 2962 1936 πανταχοῦ
2989 1869 3194 1936 φόϐος,
3231 1869 3329 1922 καί
3386 1868 3478 1922 ὅτι
3530 1865 3754 1934 πένθος
3783 1869 3958 1939 γέλω-

563 1996 666 2043 τος
693 1972 1220 2040 λυσιτελέστερον,
1289 1968 1388 2024 καί
1423 1970 1511 2032 εις
1541 1967 1655 2034 τὴν
1676 1963 1870 2034 ῥῆσιν
1901 1963 2017 2032 τὴν
2052 1960 2395 2031 λέγουσαν·
2441 1958 2733 2027 Ἐπίγνωθι
2781 1961 2862 2012 ὅτι
2891 1961 2948 2012 ἐν
2991 1959 3142 2031 μέσῳ
3204 1961 3444 2029 παγίδων
3488 1960 3818 2025 διαϐαίνεις·
3865 1963 3956 2018 καί

557 2070 654 2122 ὅτι
690 2067 794 2121 τοῦ
827 2066 1108 2135 φονεύειν
1141 2061 1207 2116 τὸ
1242 2059 1493 2128 ὁρκίζειν
1513 2058 1737 2128 χεῖρον.

1169 2314 1403 2381 Ὀμιλιά
1437 2318 1521 2368 ιε’.

561 2412 633 2460 αθ.
647 2405 794 2458 Ἔδει
823 2406 916 2457 καὶ
933 2406 1169 2474 τήμερον
1183 2402 1278 2454 καὶ
1293 2399 1371 2470 τῷ
1390 2397 1556 2470 προτέ
1565 2414 1642 2468 ρῳ
1653 2393 1909 2464 σαϐϐάτῳ
1931 2393 2021 2445 τὸν
2045 2390 2173 2462 περὶ

487 2493 745 2561 νηστείας
771 2491 989 2561 κινῆσαι
1013 2489 1187 2558 λόγον,
1213 2486 1307 2540 καὶ
1331 2485 1519 2558 μηδεὶς
1539 2485 1764 2554 ἄκαιρον
1795 2475 1933 2534 εἶναι
1961 2477 2174 2550 νομιζέ-

485 2588 564 2627 τω
588 2577 650 2633 τὸ
663 2578 875 2650 λεχθέν.
893 2579 980 2630 Ἑν
1000 2576 1098 2647 μὲν
1117 2576 1226 2646 γὰρ
1241 2578 1360 2638 ταῖς
1380 2573 1615 2644 ἡμέραις
1629 2569 1730 2640 τῆς
1749 2567 2002 2639 νηστείας
2022 2565 2174 2619 οὐδὲν

487 2665 568 2720 δεῖ
619 2665 928 2739 συμϐουλῆς
969 2664 1064 2716 καὶ
1095 2661 1469 2735 παραινέσεως
1506 2660 1587 2721 εἰς
1631 2657 1818 2721 τοῦτο,
1867 2654 2036 2724 αὐτῆς
2065 2653 2174 2705 τῶν

491 2755 718 2827 ¹ἥμερῶν
747 2755 846 2824 τῆς
874 2751 1177 2824 παρουσίας
1207 2749 1301 2804 καλ⁵
1327 2751 1452 2812 τοὺς
1481 2745 1683 2816 σφόδρα
1708 2743 2174 2804 ἀναπεπτωκότας

489 2841 870 2914 διεγειρούσης
889 2840 1026 2911 πρὸς
1057 2839 1147 2892 τὸν
1182 2838 1280 2908 τῆς
1311 2833 1562 2907 νηστείας
1601 2831 1809 2903 ἀγῶνα.
1857 2830 2077 2900 Ἐπειδὴ
2116 2828 2173 2881 δέ

493 2931 678 2984 πολλοὶ
715 2930 823 2983 τῶν
855 2925 1157 2998 ἀνθρώπων
1205 2923 1427 2977 εἰσιέναι
1454 2938 1513 2974 τε
1544 2923 1623 2985 εἰς
1667 2919 1921 2991 νηστείαν
1955 2917 2174 2989 μέλλον-

491 3037 605 3082 τες,
649 3018 898 3086 καθάπερ
937 3011 1225 3084 πολιορκίᾳ.
1260 3012 1369 3064 τινὶ
1405 3009 1592 3081 μακρᾷ
1621 3006 2010 3078 παραδίδοσθαι
2047 3005 2173 3076 μελ-

490 3106 689 3174 λούσης
713 3104 813 3174 τῆς
849 3101 1105 3174 γαστρὸς,
1136 3098 1441 3170 ἀδηφαγίαν
1475 3096 1569 3150 καὶ
1597 3095 1768 3166 μέθην
1809 3093 2174 3166 προλαϐόντες

489 3195 861 3255 ἀποτίθενται,
895 3191 1128 3255 ἐξιόντες
1160 3205 1219 3240 τε
1252 3186 1434 3251 πάλιν,
1465 3183 1652 3256 ῶσπερ
1681 3183 1745 3236 ἐκ
1786 3199 1931 3247 τινος
1961 3180 2172 3254 μακροῦ

491 3280 648 3352 λιμοῦ
699 3279 794 3334 καὶ
830 3276 1066 3348 χαλεποῦ
1115 3272 1488 3344 δεσμωτηρίου
1527 3271 1628 3340 τῆς
1656 3269 1904 3341 νηστείας
1929 3268 2174 3322 ἀπαλλα-

491 3370 705 3438 γέντες,
754 3365 894 3436 μετά
934 3363 1131 3432 πολλῆς
1157 3361 1256 3431 τῆς
1295 3357 1686 3430 ἀπειροκαλίας
1720 3356 1811 3409 ἐπὶ
1841 3357 1940 3420 τὰς
1971 3357 2176 3427 τραπέ-

494 3455 592 3520 ζας
613 3456 886 3524 τρέχουσι,
905 3451 1154 3519 καθάπερ
1179 3446 1567 3509 σπουδάζοντες
1583 3447 1682 3515 τὴν
1710 3445 1774 3497 ἐκ
1797 3443 1896 3513 τῆς
1923 3441 2174 3514 νηστείας

493 3558 792 3612 γενομενην
825 3539 1006 3600 αὐτοῖς
1043 3535 1311 3605 ὠφέλειαν
1357 3536 1423 3604 τῇ
1472 3534 1570 3602 τῆς
1601 3531 1910 3601 ἀδηφαγίας
1938 3532 2176 3604 ἀμετρίᾳ

494 3628 794 3684 καταλῦσαι
837 3625 1019 3688 πάλιν,
1055 3624 1351 3691 ἀναγκαῖον
1384 3615 1452 3692 ἦν
1505 3621 1600 3673 καὶ
1635 3619 1758 3673 τότε
1795 3621 1890 3672 καὶ
1921 3619 2017 3673 νῦν
2048 3621 2175 3686 τοὺς

499 3716 626 3785 περὶ
652 3713 973 3784 ἐγκρατείας
997 3711 1215 3780 κινῆσαι
1244 3709 1458 3778 λόγους.

581 3801 716 3854 Ἀλλ’
769 3801 918 3870 ὅμως
949 3797 1069 3850 οὔτε
1099 3795 1291 3869 πρώην
1336 3795 1640 3867 εἰρήκαμέν
1679 3812 1732 3848 τι
1764 3795 2024 3860 τοιοῦτον,
2051 3796 2174 3852 οὔτε

494 3889 588 3942 νῦν
620 3888 851 3959 ἐροῦμεν
875 3903 888 3916 ·
949 3887 976 3938 ὁ
1026 3885 1131 3955 γὰρ
1165 3884 1266 3964 τῆς
1293 3883 1648 3954 ἐπικειμένης
1687 3885 1978 3955 συμφορᾶς
2010 3885 2174 3953 φόϐος

493 3977 615 4030 ἀντί
643 3977 822 4045 πάσης
846 3973 1223 4044 παραινέσεως
1251 3972 1346 4025 καὶ
1371 3971 1682 4042 συμϐουλῆς
1703 3971 1867 4044 ἀρκεῖ
1885 3973 1984 4036 τὰς
2003 3974 2175 4028 ἀπάν-

491 4081 600 4118 των
631 4061 960 4133 σωφρονίσαι
985 4060 1182 4131 ψυχάς.
1211 4059 1307 4122 Τίς
1327 4059 1438 4131 γὰρ
1458 4057 1631 4122 οὕτως
1659 4059 1840 4124 ἄθλιος
1862 4063 1957 4115 καὶ
1987 4062 2176 4117 ταλαί-

497 4169 696 4219 πωρος,
728 4151 803 4212 ώς
833 4152 888 4202 ἐν
913 4148 1151 4217 τοσούτῳ
1181 4146 1411 4218 χειμῶνι
1438 4147 1689 4217 μεθύειν;
1713 4148 1798 4211 τίς
1824 4148 1996 4214 οὕτως
2024 4151 2176 4204 ἀναί-

496 4239 710 4309 σθητος,
739 4239 814 4301 ὡς
840 4238 937 4309 τῆς
973 4236 1178 4298 πόλεως
1208 4233 1352 4288 οὕτω
1374 4234 1762 4305 σαλευομένης,
1795 4237 1889 4289 καὶ
1911 4239 2174 4306 ναυαγίας

494 4327 748 4396 τοιαύτης
770 4325 1190 4395 ἀπειλουμένης,
1220 4324 1296 4394 μὴ
1321 4325 1513 4395 νήφειν
1538 4323 1634 4377 καὶ
1664 4325 2045 4395 ἐγρηγορέναι,
2081 4327 2175 4379 καὶ

496 4416 677 4483 πάσης
723 4413 1033 4483 συμϐουλῆς
1077 4413 1174 4465 καὶ
1219 4410 1596 4483 παραινέσεως
1632 4411 2021 4483 ἀκριϐέστερον
2067 4413 2175 4466 ἀπὸ

495 4499 597 4567 τῆς
625 4500 860 4567 ἀγωνίας
879 4498 1221 4569 διορθοῦσθαι
1247 4498 1483 4569 ταύτης;
1509 4499 1583 4552 οὐ
1605 4497 1716 4570 γὰρ
1733 4497 1987 4553 τοσοῦτον
2017 4501 2176 4571 ἐργά-

501 4586 696 4639 σασθαι
709 4586 996 4657 δυνήσεται
1020 4585 1334 4654 λόγος,ὅσον
1357 4584 1510 4658 [152]
1533 4585 1822 4656 ἐργάζεται
1853 4587 2016 4657 φόϐος
2035 4604 2048 4616 ·
2081 4588 2174 4640 καὶ

495 4672 656 4728 τοῦτο
671 4673 804 4728 αὐτὸ
817 4673 926 4727 ἀπὸ
942 4673 1049 4727 τῶν
1075 4673 1500 4745 συμϐεϐηκότων
1516 4675 1611 4728 νῦν
1626 4675 1851 4730 δυνατὸν
1870 4675 2169 4742 ἀποδεῖξαι.

499 4763 703 4826 Πόσους
725 4762 853 4831 γοῦν
874 4759 1231 4832 ἀνηλώσαμεν
1251 4760 1464 4830 λόγους,
1495 4760 1761 4827 πολλοὺςΙΙ
1787 4763 1894 4816 τῶν
1911 4762 2174 4834 ῥᾳθύμων

496 4851 905 4922 παραινοῦντες,
922 4850 1017 4904 καὶ
1034 4847 1492 4919 συμϐουλεύοντες
1509 4849 1578 4902 τΞι
1603 4847 1806 4922 θέατρα
1821 4850 2061 4919 ἀφεῖναι,
2078 4853 2173 4906 καὶ

495 4940 592 5002 τὰς
619 4940 825 4992 ἐκεῖθεν
851 4935 1141 5000 ἀκολασίας
1160 4951 1175 5000 ;
1208 4934 1304 4990 καὶ
1326 4936 1428 4989 οὐκ
1450 4935 1761 5006 ⁴ίινέσχοντο,
1782 4938 1897 4991 ἀλλ’
1920 4939 2006 4992 ἀεὶ
2031 4941 2175 4994 κατά

494 5029 594 5099 τὴν
623 5029 831 5101 ἡμέραν
857 5029 1060 5096 ταύτην
1082 5027 1174 5079 ἐπὶ
1197 5025 1294 5090 τάς
1322 5026 1672 5097 παρανόμους
1695 5027 1802 5080 τῶν
1831 5028 2174 5102 ὀρχουμένων

498 5117 814 5187 συνέτρεχον
848 5118 1102 5188 θεωρίας,
1142 5115 1240 5170 καὶ
1292 5115 1546 5185 σύλλογον
1575 5115 1880 5170 διαϐολικδν
1912 5118 2173 5174 ἀντικαθ-

498 5204 720 5257 ίστασαν
744 5204 822 5275 τῷ
840 5205 1162 5277 πληρώματι
1186 5206 1286 5276 τῆς
1313 5205 1638 5276 Ἐκκλησίας
1661 5205 1754 5260 τοῦ
1770 5206 1928 5274 Θεοῦ,
1947 5209 2042 5263 καὶ
2056 5212 2175 5274 ταῖς

493 5292 729 5346 ἐνταῦθα
765 5291 1102 5364 ψαλμῳδίαις
1131 5297 1398 5366 ἀντήχουν
1425 5299 1478 5349 αἱ
1523 5296 1732 5350 ἐκεῖθεν
1764 5301 2004 5369 κραυγαὶ
2036 5302 2174 5370 μετὰ

491 5381 698 5450 πολλῆς
723 5381 1017 5454 φερόμεναι
1043 5383 1143 5452 τῆς
1175 5383 1557 5454 σφοδρότητος·
1587 5385 1701 5437 ἀλλ’
1730 5385 1836 5439 ἰδοὺ
1861 5387 1956 5439 νῦν
1981 5388 2175 5455 σιγών-

491 5486 601 5524 των
629 5469 806 5540 ἡμῶν,
847 5471 940 5523 καὶ
967 5470 1119 5522 οὐδὲν
1159 5473 1285 5542 περὶ
1319 5472 1509 5525 τούτου
1555 5472 1844 5541 λεγόντων,
1877 5476 2172 5546 αὐτόματοι

497 5559 590 5630 τὴν
618 5559 926 5629 ὀρχήστραν
956 5557 1197 5629 ἔφραξαν
1214 5559 1266 5624 ιι,
1311 5561 1404 5614 καὶ
1429 5563 1459 5614 ό
1491 5562 1825 5633 ἱππόδρομος
1857 5563 2055 5627 ἄϐατος
2079 5565 2172 5633 γέ-

497 5660 616 5712 γονε
633 5661 646 5676 ·
672 5646 763 5699 καὶ
784 5647 889 5718 πρὸ
902 5646 1091 5700 τούτου
1121 5647 1220 5718 μὲν
1243 5648 1426 5702 πολλοὶ
1445 5648 1554 5702 τῶν
1567 5651 1856 5722 ήμετέρων
1877 5652 2014 5725 πρὸς
2030 5654 2173 5707 ὲκεί-

495 5746 616 5797 νους
652 5733 892 5804 ἔτρεχον,
923 5736 1041 5790 νυνὶ
1067 5734 1123 5789 δὲ
1150 5737 1348 5801 πάντες
1371 5736 1580 5791 ἐκεῖθεν
1610 5739 1690 5803 είς
1715 5739 1813 5812 τὴν
1873 5742 2173 5814 ἐκκλησίαν

551 5898 574 5970 ξ’
597 5903 926 5970 πολλοῖς,
947 5909 1028 5958 alii
1052 5912 1272 5970 πολλούς.

548 5960 570 5998 ⁸³
607 5964 706 6016 Mii
729 5960 944 6032 ἔφραξαν,
967 5971 1050 6023 alii
1075 5960 1339 6040 ἐνέφραξαν,
1362 5977 1439 6028 vel
1461 5977 1739 6044 ἀνέφραξαν.

2279 2300 2604 2371 κατέφυγον,
2644 2304 2738 2356 καὶ
2775 2303 2867 2356 τὸν
2901 2303 3170 2374 ἡμέτερον
3204 2303 3441 2368 ἅπαντες
3473 2305 3769 2376 ἐνυμνοῦσι
3808 2307 3946 2366 θεόν.

2359 2385 2522 2459 Ὁρᾷς
2543 2389 2709 2442 πόσον
2728 2390 2835 2442 ἀπὸ
2860 2389 2950 2444 τοῦ
2969 2390 3134 2460 φόϐου
3169 2391 3231 2443 τὸ
3259 2391 3453 2462 κέρδος
3492 2392 3749 2460 ὲγένετος
3782 2397 3844 2449 Εἰ
3885 2397 3956 2469 μὴ

2277 2475 2441 2528 καλὸν
2485 2471 2553 2547 ἦν
2590 2479 2619 2531 6
2661 2477 2845 2546 φόϐος,
2885 2479 2986 2531 οὐκ
3033 2478 3100 2531 ἂν
3146 2479 3382 2549 πατέρες
3425 2479 3814 2550 παιδαγωγοὺς
3850 2489 3959 2548 τοῖς

2278 2563 2465 2617 παισὶν
2491 2564 2819 2635 ἐπέστησαν,
2851 2566 2952 2618 οὐκ
2973 2564 3047 2620 ,ἀν
3076 2567 3126 2618 οί
3152 2565 3435 2636 νομοθέται
3470 2570 3592 2630 ταῖς
3615 2568 3838 2622 πόλεσιν
3867 2572 3961 2642 ἀρ-

2277 2665 2490 2719 χοντας.
2522 2651 2588 2704 Τί
2618 2653 2841 2721 γεέννης
2870 2651 3278 2723 χαλεπώτερον;
3311 2653 3426 2706 ἀλλ’
3455 2653 3608 2706 οὐδὲν
3632 2654 3726 2708 τοῦ
3758 2657 3966 2728 ταύτης

2276 2736 2687 2810 χρησιμώτερον
2717 2739 2904 2808 φόϐου·
2937 2743 2966 2794 6
2992 2740 3100 2811 7&9
3127 2740 3228 2810 τῆς
3259 2741 3484 2812 γεέννης
3526 2742 3692 2811 φόϐος
3731 2744 3828 2796 τὸν
3866 2745 3966 2815 τῆς

2277 2821 2553 2891 βασιλείας
2571 2827 2705 2897 ἡμῖν
2726 2827 2940 2898 κομίζει
2967 2827 3248 2895 στέφανον.
3280 2828 3451 2882 Ἔνθα
3481 2829 3644 2898 φόϐος
3665 2830 3841 2895 ἐστὶν,
3867 2833 3968 2884 οὐκ

2276 2908 2391 2963 ἔστι
2447 2909 2661 2981 φθόνος·
2712 2912 2841 2966 ἔνθα
2893 2913 3056 2983 φόϐος
3115 2915 3254 2979 ἐστὶ,
3319 2917 3617 2986 χρημάτων
3667 2916 3814 2989 ἔρως
3868 2919 3972 2972 οὐκ

2273 2997 2500 3068 ἐνοχλεῖ·
2555 2997 2683 3054 ἔνθα
2726 2998 2889 3068 φόϐος
2930 3000 3098 3064 ἐστὶν,
3154 2999 3408 3054 ἔσϐεσται
3453 3002 3641 3073 θυμὸς,
3695 3005 3972 3075 ἐπιθυμία

2275 3085 2634 3139 κατέσταλται
2664 3087 2908 3157 πονηρὰ,
2938 3086 3088 3141 ἀπαν
3119 3087 3404 3156 ἀλόγιστον
3435 3089 3726 3160 ἐξώρισται
3765 3093 3971 3158 πάθος·

2275 3173 2370 3226 καὶ
2395 3171 2650 3244 καθάπερ
2679 3176 2736 3227 ἐν
2769 3175 2917 3246 οἰκίᾳ
2957 3175 3286 3246 στρατιώτου
3319 3177 3582 3247 διηνεκῶς
3613 3179 3974 3251 ὡπλισμένου

2273 3259 2335 3312 οὐ
2362 3259 2587 3332 λῃστὴς,
2611 3261 2671 3313 ού
2697 3260 3050 3332 τοιχωρύχος,
3071 3262 3172 3315 οὐκ
3197 3262 3353 3326 ἄλλος
3381 3281 3464 3328 τις
3498 3264 3606 3317 τῶν
3637 3265 3709 3318 τά
3736 3267 3976 3320 τοιαῦτα

2275 3345 2729 3417 κακουργούντων
2756 3347 3017 3418 τολμήσει
3042 3350 3274 3418 φανῆναι
3301 3349 3550 3420 πλησίον,
3575 3349 3720 3405 οὕτω
3744 3355 3846 3407 καὶ
3879 3354 3979 3424 φό-

2275 3431 2371 3486 ϐου
2402 3431 2502 3496 τὰς
2531 3433 2806 3504 ἡμετέρας
2840 3435 3161 3505 κατέχοντος
3192 3435 3388 3506 ψυχὰς,
3423 3437 3572 3490 οὐδὲν
3611 3438 3718 3491 τῶν
3747 3441 3980 3494 ἀνελευ-

2279 3517 2452 3589 θέρων
2501 3519 2691 3574 παθῶν
2730 3522 3108 3592 ἐπεισέρχεται
3157 3525 3357 3594 ῥαδίως
3403 3526 3555 3596 ἡμῖν·
3601 3526 3737 3579 ἀλλὰ
3786 3530 3982 3583 πάντα

2276 3607 2596 3678 δραπετεύει
2624 3608 2720 3662 καὶ
2747 3608 3114 3678 φυγαδεύεται
3135 3614 3200 3681 τῇ
3223 3613 3495 3682 τυραννίδι
3517 3612 3612 3665 τοῦ
3633 3613 3806 3682 φόϐου
3835 3617 3982 3670 πάν-

2276 3693 2430 3748 τοθεν
2456 3693 2866 3766 ἐξελαυνόμενα.
2896 3696 3005 3748 Καὶ
3034 3697 3092 3749 οὐ
3121 3697 3279 3750 τοῦτο
3304 3697 3464 3768 μόνον
3493 3699 3637 3752 ἐστὶν
3659 3699 3689 3751 ὂ
3714 3702 3984 3770 καρπού-

2280 3781 2421 3852 μεθα
2463 3782 2571 3834 ἀπὸ
2616 3781 2710 3835 τοῦ
2759 3782 2954 3851 φόϐου,
2999 3782 3134 3836 ἀλλά
3181 3785 3273 3838 καὶ
3312 3785 3496 3856 ἕτερον
3543 3785 3726 3856 πολλῴ
3769 3788 3985 3842 τούτου

2280 3871 2483 3940 μεῖζον.
2523 3871 2598 3923 Οὐ
2623 3869 2731 3941 γὰρ
2755 3869 2818 3942 δὴ
2843 3869 2910 3923 τά
2935 3870 3148 3942 πονηρά
3175 3873 3208 3941 ή
3219 3871 3334 3941 μῶν
3363 3872 3651 3927 ἀπελαύνει
3681 3875 3842 3946 πάθη
3875 3879 3990 3947 μό-

2277 3975 2386 4024 νον,
2425 3955 2561 4012 ἀλλά
2593 3957 2690 4010 καὶ
2727 3959 2908 4011 πᾶσαν
2938 3958 3149 4026 είσάγει
3180 3960 3318 4030 μετά
3353 3959 3554 4030 πολλῆς
3584 3961 3843 4027 εὐκολίας
3877 3966 3990 4037 τὴν

2276 4047 2497 4117 ἀρετήν.
2523 4045 2692 4098 Ἔνθα
2713 4045 2876 4116 φόϐος
2897 4047 3062 4112 ἐστὶν,
3088 4049 3203 4100 ἐκεῖ
3217 4047 3310 4100 καὶ
3332 4049 3703 4121 ἐλεημοσύνης
3733 4054 3990 4125 σπουδὴ,

2276 4134 2369 4187 καὶ
2399 4133 2563 4203 εὐχῆς
2596 4134 2871 4200 ἐπίτασις,
2911 4135 3007 4187 καὶ
3043 4134 3255 4205 δάκρυα
3287 4135 3466 4207 θερμά
3503 4138 3597 4190 καὶ⁵
3643 4139 3952 4210 ἐπάλληλα
3975 4183 3992 4205 ,

2278 4222 2373 4274 καὶ¹
2399 4222 2693 4292 στεναγμοὶ
2722 4221 2922 4293 πολλὴν
2947 4221 3162 4294 ἔχοντες
3194 4223 3294 4294 τὴν
3316 4223 3629 4288 κατάνυξιν.
3662 4226 3844 4280 Οὐδὲν
3866 4229 3993 4301 γὰρ

2275 4307 2418 4361 οὕτω
2458 4308 2736 4362 κατεσθίει
2781 4309 2880 4380 μὲν
2917 4310 3320 4381 ἁμαρτήματα,
3361 4311 3560 4382 ἀρετὴν
3596 4312 3653 4364 δὲ
3702 4312 3998 4381 αὔξεσθαι

2276 4399 2420 4449 ποιεῖ
2457 4397 2552 4449 καὶ
2591 4395 2823 4462 θάλλειν,
2868 4397 2944 4461 ὡς
2983 4398 3238 4470 διηνεκὴς
3277 4399 3444 4468 φόϐου
3476 4400 3657 4468 φύσις·
3687 4402 3778 4455 διά
3812 4404 3998 4458 τοῦτο

2275 4484 2367 4537 τὸν
2401 4483 2476 4555 μὴ
2505 4481 2753 4548 συζῶντα
2782 4485 2930 4556 φόϐῳ
2969 4485 3230 4540 ἀδύνατον
3256 4488 3650 4557 κατορθοῦσθαι
3689 4501 3740 4528 ο·
3773 4490 4002 4564 ὥσπερ

2275 4565 2368 4624 οῦν
2389 4571 2480 4623 τὸν
2515 4574 2573 4625 ὲν
2601 4571 2753 4642 φόϐῳ
2784 4572 2959 4636 ζῶντα
2987 4574 3246 4628 ἀδύνατον
3285 4574 3622 4647 διαμαρτεῖν.
3659 4577 3753 4648 Μὴ
3783 4580 4000 4635 τοίνυν

2274 4658 2547 4729 ἀλγῶμεν,
2563 4659 2859 4729 ἀγαπητοὶ,
2879 4661 3014 4731 μηδὲ
3037 4663 3472 4733 καταπίπτωμεν
3496 4664 3588 4716 ἐπὶ
3616 4667 3683 4736 τῇ
3711 4667 4000 4740 παρούσῃ

2275 4745 2486 4816 θλίψει,
2530 4745 2669 4801 ἀλλά
2704 4747 3076 4818 θαυμάσωμεν
3108 4749 3168 4801 τὸ
3203 4749 3507 4821 εὐμήχανον
3544 4751 3648 4822 τῆς
3684 4752 3783 4806 τοῦ
3833 4755 3998 4809 Θεοῦ

2277 4835 2488 4904 σοφίας.
2532 4835 2611 4887 Δι’
2653 4827 2732 4888 ὧν
2771 4835 2881 4907 γὰρ
2919 4837 3318 4907 προσεδόκησεν
3348 4839 3376 4889 ὁ
3403 4837 3647 4903 διάϐολος
3673 4841 3778 4911 τὴν
3809 4843 3998 4896 πόλιν

2273 4921 2434 4992 ήμῶν
2462 4921 2788 4975 καταϐαλεῖν
2809 4963 2824 4989 ,
2850 4922 2940 4976 διά
2971 4923 3175 4977 τούτων
3209 4925 3378 4994 αὐτὴν
3409 4927 3438 4976 ὁ
3469 4926 3601 4989 Θεὸς
3629 4925 3656 4965 ἀ
3687 4927 3998 5001 ἀνέστησέ

2274 5027 2332 5062 τε
2378 5011 2472 5062 καὶ
2513 5008 2858 5079 ἀνώρθωσεν·
2890 5011 2919 5063 ὁ
2955 5010 3054 5080 μὲν
3086 5011 3196 5081 γὰρ
3235 5011 3479 5076 διάϐολος
3515 5013 3817 5068 ἐνέπνευσέ
3866 5034 4004 5073 τισι

2275 5098 2616 5169 παρανόμοις
2645 5097 2974 5168 ἀνθρώποις,
3006 5099 3101 5152 καὶ
3127 5101 3207 5161 εἰς
3228 5100 3354 5162 τοὺς
3377 5099 3486 5153 τῶν
3515 5100 3788 5169 βασιλέων
3816 5103 4005 5177 ὓϐρι-

2276 5202 2375 5238 σαν
2414 5186 2736 5256 ἀνδριάντας
2767 5197 2816 5250 ο,
2846 5186 2931 5238 ἵνα
2958 5186 3053 5239 καὶ
3080 5186 3212 5239 αὐτὸ
3234 5187 3334 5257 τῆς
3357 5187 3562 5252 πόλεως
3593 5191 3889 5264 ἀφανισθῇ
3928 5195 4003 5248 τὸ

2273 5273 2470 5342 ἔδαφος
2488 5290 2503 5306 ·
2529 5275 2558 5327 6
2588 5273 2646 5326 δὲ
2676 5273 2808 5338 Θεὸς
2846 5273 2994 5343 αὐτῷ
3021 5274 3085 5346 δὴ
3118 5275 3292 5346 τούτῳ
3324 5275 3402 5346 τῷ
3431 5277 3791 5348 γεγενημένῳ
3829 5283 4009 5354 πρὸς

2275 5362 2654 5432 σωφρονισμὸν
2683 5362 2840 5432 ἡμῶν
2879 5362 3099 5414 πλείονα
3144 5363 3516 5434 ἀπεχρήσατο,
3554 5365 3633 5434 τῷ
3673 5365 3834 5438 φόϐῳ
3877 5371 4010 5441 τῆς

2273 5449 2732 5520 προσδοκωμένης
2756 5449 2985 5519 ἀπειλῆς
3019 5451 3201 5504 πᾶσαν
3235 5449 3482 5504 ἐκϐαλὼν
3515 5452 3797 5525 ῥᾳθυμίαν
3817 5473 3832 5486 ·
3890 5463 4013 5514 καὶ

2271 5538 2462 5606 γέγονε
2491 5537 2818 5602 τούναντίον,
2848 5538 2992 5609 ἤπερ
3015 5539 3043 5590 ὁ
3069 5536 3280 5608 δαίμων
3309 5538 3562 5610 ἠθέλησε,
3597 5540 3662 5593 δι’
3694 5534 3770 5594 ὧν
3799 5545 4011 5613 αὐτὸς

2272 5626 2694 5681 κατεσκεύασεν.
2744 5626 2810 5678 Ἦ
2850 5624 2960 5694 γὰρ
2988 5624 3144 5688 πόλις
3179 5627 3313 5696 ήμῖν
3351 5626 3476 5680 καθ’
3512 5627 3755 5700 ἐκάστην
3798 5633 4016 5694 tanta,

2273 5713 2518 5786 θαίρεται
2562 5714 2663 5783 τὴν
2706 5713 2943 5785 ἡμέραν,
2989 5713 3095 5784 καὶξ
3133 5712 3398 5767 στενωποὶ
3453 5715 3546 5768 καὶ
3595 5714 3826 5788 ἀμφοδα.
3894 5725 4015 5778 καὶ

2337 5867 2360 5927 ‘f
2391 5862 2751 5927 Aliiﬂrﬁxuvov
2773 5864 3093 5927 κατορθῶσαι.

2336 5923 2364 6002 ‘1
2389 5922 2686 6002 ινδιξ-,ζει
2701 5938 2879 6002 "Iastia
2897 5922 3020 6002 ’τετε
3039 5923 3238 6002 νει-..πει
3250 5922 3438 6002 Nor-.6
3461 5924 3580 6002 9E6:
3602 5927 3772 6002 ἀεεει

2344 5988 2364 6010 ⁸
2387 5985 2502 6038 επ.
2531 5984 2688 6054 (bene)
2714 5983 2967 6049 εἰςὶιύτῶς
2982 6003 3028 6036 τ.
3049 5987 3097 6053 β.
3123 5984 3315 6051 ὑϐρίσαι
3343 5983 3623 6053 ἀνδριάντας
3663 5983 3798 6040 Eon
