4068 6430
582 330 611 347 ﬂ

247 345 359 401 {53

245 460 478 531 probam
508 459 958 515 consuetudinem
985 458 1320 531 deponentes
1359 478 1424 519 ex
1463 465 1664 532 anima,
1696 468 1855 524 aliam

243 565 510 605 coronam
535 552 840 621 reportetis.
869 551 938 606 Et
965 551 1104 607 sicut
1122 552 1317 624 ubique
1345 553 1415 610 de
1434 556 1646 613 civitate
1673 567 1855 617 nostra

243 654 499 710 cantant,
530 644 671 714 quod
695 644 867 716 prima
891 644 1132 700 omnium
1162 645 1214 699 in
1241 646 1374 703 orbe
1403 655 1666 704 terrarum
1696 652 1854 707 Chri-

242 738 555 792 stianorum
592 750 787 790 nomen
814 735 981 790 induit
1009 738 1025 768 ¹
1054 754 1067 790 :
1095 737 1173 793 sic
1202 736 1360 794 facile
1386 748 1447 794 ut
1464 755 1653 796 omnes
1678 741 1856 799 dicant

241 829 425 884 solam
455 828 695 882 omnium
728 827 781 881 in
811 827 1012 883 mundo
1057 829 1395 885 Antiochiam
1432 834 1662 903 propriis
1701 834 1854 904 jura-

244 929 436 975 lllCllla
477 919 674 975 finibus
712 921 1000 990 expulisse.
1051 921 1163 976 lmo
1203 938 1334 979 vero
1362 925 1406 978 si
1454 925 1556 982 hoc
1596 926 1717 994 flat,
1746 944 1855 985 non

244 1023 458 1069 tantum
479 1014 593 1084 ipsa
612 1014 972 1079 coronabitur,
996 1030 1184 1070 verum
1209 1017 1371 1072 etiam
1387 1019 1516 1074 alias
1533 1019 1585 1074 in
1604 1022 1852 1078 eumdem

243 1105 426 1159 zelum
454 1106 681 1176 rediget.
730 1106 797 1161 Et
820 1107 957 1161 sicut
981 1106 1405 1164 Christianorum
1445 1127 1642 1167 nomen
1662 1155 1677 1178 ,
1706 1114 1855 1171 velut

245 1214 316 1252 ex
340 1198 578 1268 quodam
605 1197 753 1254 fonte
773 1197 897 1254 hinc
918 1199 1200 1271 incipiens,
1224 1210 1392 1257 totum
1415 1203 1675 1260 mundum
1697 1206 1854 1263 inun-

244 1292 405 1346 davit
440 1311 455 1347 :
488 1290 567 1347 sic
593 1291 835 1362 profecto
858 1300 914 1348 et
941 1293 1191 1348 meritum
1219 1295 1321 1350 hoc
1344 1296 1578 1353 radicem
1607 1307 1664 1354 et
1690 1312 1850 1355 occa-

322 1399 335 1428 ‘
364 1414 471 1456 Sav.
500 1413 553 1457 et
574 1406 764 1469 quidam
784 1414 914 1468 Mss,
936 1420 1109 1459 nomen
1129 1408 1222 1460 sibi
1244 1410 1523 1475 adscripsit.

1178 347 1271 402 AD
1309 347 1635 408 POPULUM
1673 352 2163 420 ANTIOCIIENUH
2239 357 2472 417 HOMIL.
2515 360 2634 419 XV.

3461 371 3561 426 134

1964 468 2172 526 sionem
2205 470 2330 528 hinc
2352 474 2592 543 capiens,
2619 490 2810 532 omnes
2842 485 3038 534 terram
3066 478 3368 538 habitantes
3396 481 3561 541 (Ιίεεί-

1964 563 2119 633 pulos
2137 566 2844 641 vestrosefﬂciet,utduplcx
2863 573 3015 629 vobis
3029 582 3084 628 et
3101 574 3292 645 triplex
3312 576 3402 631 fiat
3415 591 3561 633 mer-

1962 669 2077 725 ces,
2101 656 2243 713 etde
2263 660 2494 730 propriis
2516 664 2802 733 meritis,et
2821 665 2890 722 de
2915 667 3140 724 aliorum
3160 669 3423 728 doctrina.
3452 672 3563 728 Hoc

1962 747 2265 805 diademate
2293 752 2534 822 quolibet
2572 755 2724 812 vobis
2749 759 2856 813 erit
2896 760 3227 831 Splendidius
3257 780 3270 817 :
3298 762 3405 820 hoc
3441 780 3560 822 me-

1964 843 2212 911 tropolim
2240 844 2393 901 vobis
2418 846 2687 904 civitatem
2727 848 2883 906 faciet
2912 868 3016 908 non
3045 855 3098 909 in
3145 866 3286 912 terra
3313 865 3520 913 tantum
3548 899 3565 926 ,

1960 950 2147 991 verum
2175 945 2230 992 et
2276 939 2330 993 in
2359 940 2508 996 caelis
2537 958 2552 996 :
2583 941 2687 999 hoc
2727 952 2782 1000 et
2821 946 2973 1001 nobis
3001 947 3088 1005 die
3124 950 3213 1004 illa
3253 953 3558 1022 patrocina-

1961 1027 2123 1093 bitur,
2151 1038 2207 1086 et
2229 1030 2450 1101 justitia:
2470 1050 2722 1092 coronam
2753 1039 2907 1094 nobis
2926 1040 3114 1098 afferet
3140 1061 3153 1098 :
3181 1059 3336 1114 quam
3365 1053 3422 1100 ut
3443 1061 3563 1099 om-

1961 1134 2057 1174 nes
2078 1136 2459 1192 assequamur,
2492 1126 2650 1183 detur
2685 1132 2852 1200 gratia
2896 1140 2952 1188 et
2978 1134 3303 1205 benignitate
3349 1136 3559 1193 Domini

1961 1210 2130 1265 nostri
2165 1211 2294 1268 Jesu
2322 1214 2557 1280 Christi.
2602 1233 2722 1273 cum
2767 1238 2873 1291 quo
2900 1223 3041 1279 Patri
3084 1225 3272 1296 gloria,
3316 1227 3475 1282 simul
3506 1238 3560 1282 ct

1958 1311 2147 1356 sancto
2174 1302 2416 1372 Spiritui,
2450 1323 2592 1365 nunc
2621 1320 2676 1366 et
2701 1327 2932 1384 semper,
2968 1323 3022 1372 et
3052 1317 3103 1371 in
3150 1318 3345 1374 sarcula
3377 1335 3554 1376 saecu-

1956 1391 2151 1450 lorum.
2183 1398 2377 1455 Amen.

259 1525 2637 1575 _________________________

250 1643 478 1685 ITIDEM
552 1642 616 1683 ΙΝ
686 1642 1141 1687 CALAMITATEM
1202 1646 1516 1695 CIVITATIS
1570 1654 1960 1717 ANTIOCHI/E,

2008 1663 2252 1711 UTILEM
2296 1669 2538 1724 UBIQUE
2595 1673 2893 1720 TIMOREM
2965 1678 3108 1721 ESSE
3174 1680 3560 1735 LUCTUMQUE

330 1745 473 1787 lusu
510 1744 881 1799 UTILIOREM,
916 1747 997 1788 ET
1027 1747 1090 1789 IN
1125 1747 1315 1791 ILLUD
1341 1750 1608 1810 DICTUM,
1642 1756 1921 1802 AGNOSCE
1950 1761 2123 1815 QUOD
2154 1767 2219 1811 IN
2249 1770 2453 1814 MEDIO
2490 1773 2879 1826 LAQUEOBUM
2934 1778 3321 1825 PERTRANSIS
3373 1763 3396 1844 (
3416 1765 3557 1826 Ec-

326 1829 434 1890 cli.
480 1828 541 1889 9.
586 1828 665 1888 20
696 1828 742 1909 ),
790 1848 869 1891 ET
910 1847 1081 1900 euon
1125 1848 1310 1893 rsws
1350 1851 1621 1912 musae,
1667 1856 1846 1908 QUAM
1889 1860 2226 1910 occmnne.

1585 1977 2221 2040 WMMW

860 2107 1081 2147 llOMILIA
1121 2108 1219 2150 XV.

325 2182 381 2236 1.
413 2180 706 2251 Oportebat
730 2190 784 2236 et
812 2181 974 2237 hodie
1001 2191 1057 2238 et
1099 2184 1374 2254 superiore
1412 2187 1636 2246 sabbato
1674 2190 1743 2247 de
1765 2208 1851 2263 je-

245 2271 400 2343 junio
428 2270 609 2328 facere
642 2288 945 2329 sermonem
977 2292 991 2329 :
1021 2274 1458 2346 intempestivum
1504 2280 1606 2336 hoc
1648 2282 1851 2340 dictum

251 2378 373 2420 esse
401 2364 598 2434 cogitet
625 2379 802 2419 nemo.
826 2363 955 2419 Nam
987 2365 1040 2420 in
1067 2365 1254 2422 diebus
1274 2368 1487 2439 quidem
1513 2372 1699 2441 jejunii
1720 2374 1854 2429 eun-

248 2454 369 2507 silio
396 2453 528 2508 nihil
557 2469 694 2524 Opus
722 2464 804 2510 est
829 2465 883 2510 et
909 2456 1296 2525 admonitione,
1325 2460 1438 2529 ipsa
1470 2461 1678 2518 dierum
1711 2482 1852 2535 pra:-

248 2550 423 2603 sentia
457 2549 617 2604 etiam
645 2549 1129 2621 negligentissimos
1158 2550 1223 2607 ad
1246 2552 1433 2624 jejunii
1457 2564 1726 2614 certamen
1754 2575 1850 2615 ex-

247 2643 493 2709 citante;
525 2643 618 2698 sed
667 2644 918 2714 quoniam
960 2643 1235 2701 hominum
1270 2648 1424 2703 multi
1464 2649 1725 2721 jejunium
1754 2668 1851 2725 ag-

247 2736 510 2806 gressuri.
544 2744 811 2807 tamquam
840 2735 1015 2808 longae
1040 2737 1255 2793 cuidam
1283 2738 1583 2798 obsessioni
1631 2744 1850 2801 traden-

246 2827 350 2882 dus
396 2828 465 2882 sit
511 2836 726 2896 venter,
759 2831 992 2900 crapulaa
1033 2837 1088 2885 et
1128 2830 1372 2886 ebrietati
1416 2845 1852 2907 praeoccupantcs

250 2918 535 2988 indulgent
562 2936 576 2974 :
607 2934 925 2990 rursumque
950 2920 1151 2992 egressi
1180 2932 1428 2992 tanquam
1446 2938 1513 2979 ex
1539 2925 1695 2997 longa
1715 2943 1848 2998 qua-

245 3010 370 3066 dam
389 3013 586 3083 esurie,
613 3020 666 3067 et
687 3014 833 3083 gravi
858 3012 1047 3085 jejunii
1079 3029 1298 3071 carcere
1325 3017 1505 3085 soluti,
1532 3034 1653 3075 cum
1681 3023 1851 3077 multo

249 3107 520 3166 dedecore
545 3110 612 3164 ad
635 3126 849 3166 mensas
864 3122 1103 3179 currunt,
1131 3129 1228 3170 ceu
1255 3113 1531 3171 studentes
1556 3114 1656 3170 sibi
1677 3123 1847 3170 ortam

248 3214 314 3254 ex
353 3200 561 3270 jejunio
608 3201 888 3258 utilitatem
940 3205 1172 3276 crapulae
1212 3221 1436 3261 excessu
1476 3222 1686 3262 rursum
1725 3223 1848 3277 per-

249 3291 413 3360 dere;
443 3309 623 3364 operae
654 3294 882 3365 pretium
914 3295 1012 3351 fuit
1036 3305 1092 3352 et
1123 3305 1266 3365 tunc,
1295 3308 1350 3354 et
1376 3313 1518 3354 nunc
1545 3298 1613 3354 de
1640 3307 1848 3369 tempe-

249 3384 420 3438 rantia
448 3385 730 3441 inStiluere
756 3401 1084 3443 sermonem.

321 3473 599 3530 Catamitus
626 3476 825 3532 virtutis
862 3479 1128 3550 magistra.
1157 3510 1227 3520 —
1258 3479 1639 3538 Verumtamen
1676 3496 1850 3552 neque

249 3567 398 3636 prius
417 3568 705 3638 quidquam
730 3569 1036 3640 hujusmodi
1057 3571 1309 3640 diximus,
1340 3588 1514 3645 neque
1539 3589 1684 3629 nunc
1704 3573 1852 3630 dice-

248 3673 371 3713 mus
403 3676 417 3713 :
451 3659 701 3715 instantis
727 3662 870 3716 enim
906 3663 1224 3718 calamitatis
1252 3665 1411 3718 timor
1447 3680 1546 3734 pro
1577 3666 1722 3720 omni
1748 3664 1847 3719 ad-

248 3752 542 3808 monitione
584 3762 641 3808 et
682 3755 909 3809 consilio
962 3765 1272 3811 cunctorum
1321 3757 1526 3811 animas
1577 3757 1842 3812 moderari

250 3844 409 3899 valet.
440 3846 569 3913 Quis
597 3847 738 3902 enim
761 3857 868 3902 tam
893 3848 1055 3902 miser
1079 3858 1133 3903 et
1157 3865 1512 3915 mrunmosus,
1537 3860 1595 3903 ut
1622 3851 1673 3904 in
1702 3858 1848 3906 tanta

252 3943 566 4006 tempestate
601 3938 934 3994 inebrietur?
959 3941 1078 4008 quis
1119 3948 1227 3996 tam
1271 3941 1607 4006 insensatus,
1637 3952 1693 3997 ut
1717 3943 1848 3997 civi-

253 4035 361 4082 tate
382 4027 458 4082 sic
475 4026 786 4098 ﬂuctuante,
805 4038 861 4085 et
879 4031 1153 4103 naufragio
1179 4032 1267 4086 tali
1288 4032 1601 4088 imminente
1627 4050 1731 4088 non
1754 4050 1844 4088 so-

250 4116 398 4172 brius
426 4119 496 4172 sit
537 4127 593 4174 et
615 4120 819 4189 vigilet,
862 4130 918 4176 ct
946 4123 1045 4176 hac
1072 4122 1343 4177 anxietate
1380 4138 1486 4177 non
1516 4122 1843 4194 diligentius,

249 4224 409 4279 quam
438 4212 583 4266 omni
618 4214 846 4267 consilio
876 4222 933 4269 et
970 4211 1336 4270 admonitione
1373 4215 1704 4285 corrigatur?
1725 4214 1842 4270 Non

220 4299 389 4355 enim
419 4309 620 4357 tantum
659 4303 871 4360 efficere
911 4306 1108 4374 poterit
1151 4320 1349 4372 sermo,
1383 4316 1638 4377 quantum
1684 4308 1845 4362 timur

249 4403 498 4462 operatur
525 4413 539 4450 :
563 4406 617 4450 et
647 4395 749 4451 hoc
774 4397 949 4467 ipsum
976 4413 1042 4452 ex
1069 4398 1153 4465 iis,
1186 4414 1305 4469 quae
1328 4414 1467 4453 nunc
1496 4399 1838 4465 acciderunt,

250 4483 617 4543 demonstrare
655 4488 810 4544 facile
851 4498 952 4544 est.
984 4489 1126 4556 Quot
1153 4506 1383 4561 namque
1422 4506 1700 4547 sermones
1745 4491 1842 4545 im-

253 4577 547 4647 pendimus,
578 4581 910 4652 torpidorum
940 4584 1139 4639 multos
1162 4584 1532 4651 admonentes,
1567 4595 1622 4641 et
1645 4602 1843 4642 consu-

252 4668 420 4723 lentes
454 4680 511 4725 ut
541 4671 748 4728 theatra
790 4682 848 4729 et
884 4673 1030 4729 illinc
1060 4677 1435 4744 provenientes
1476 4677 1722 4733 lascivias
1755 4677 1840 4733 di-

248 4763 555 4818 mitterent?
581 4775 636 4821 et
660 4781 765 4820 non
792 4766 1167 4836 abstinebant,
1199 4768 1293 4823 sed
1322 4784 1536 4838 semper
1575 4785 1743 4839 usque
1771 4770 1838 4825 ad

249 4854 387 4911 hanc
417 4857 555 4912 diem
579 4859 646 4914 ad
670 4860 855 4915 illicita
881 4862 1188 4916 saltantium
1216 4864 1519 4932 spectacula
1548 4880 1838 4919 concurre-

249 4946 393 5014 hant,
439 4948 757 5006 diabolicam
804 4952 1121 5007 concionem
1167 4954 1425 5008 adversus
1466 4954 1556 5009 Dei
1595 4955 1839 5009 ecclesia:

250 5038 634 5108 plenitudinem
665 5044 1097 5110 constituebant,
1126 5053 1180 5099 et
1210 5045 1368 5115 hujus
1400 5045 1501 5100 loci
1530 5047 1838 5115 psalmodiis

248 5130 504 5186 clamores
532 5133 655 5189 inde
682 5150 803 5189 cum
846 5136 1012 5190 multa
1042 5137 1235 5191 sublati
1264 5137 1599 5192 vehementia
1625 5140 1836 5194 obstre-

248 5220 460 5290 pebaut.
494 5222 600 5279 Sed
647 5240 774 5281 ecce
813 5242 954 5282 nunc
1001 5229 1297 5284 tacentibus
1337 5229 1491 5283 nobis
1535 5239 1589 5284 et
1614 5230 1744 5287 nihil
1772 5231 1838 5287 de

249 5312 349 5368 hoc
372 5313 694 5383 dicentibus,
724 5329 916 5387 sponte
954 5319 1288 5374 orchestram
1315 5320 1738 5388 obstruxerunt,
1785 5331 1839 5376 et

243 5406 416 5461 circus
461 5406 842 5465 inaccessibilis
890 5410 1057 5466 factus
1086 5422 1189 5466 est.
1243 5411 1484 5467 Antehac
1531 5421 1836 5467 nostrorum

246 5498 392 5551 multi
420 5497 488 5552 ad
516 5498 635 5554 illos
662 5502 980 5567 currebant;
1015 5518 1157 5557 nunc
1182 5513 1359 5558 autem
1388 5503 1537 5558 illinc
1560 5519 1749 5557 omnes
1770 5503 1838 5559 ad

241 5591 524 5646 ecclesiam
568 5592 954 5663 confugerunt,
1005 5600 1061 5648 et
1101 5603 1342 5649 nostrum
1389 5608 1577 5650 omnes
1622 5593 1840 5649 laudant

244 5683 432 5739 Deum.

310 5772 570 5833 Cebenna:
596 5777 744 5829 timor
768 5778 910 5840 τιυσηί
931 5793 1169 5831 coronam
1193 5777 1362 5840 alTerl.
1384 5806 1453 5817 --
1477 5775 1637 5832 Vides
1664 5790 1837 5849 quan-

564 5864 835 5925 Pnaoc.
887 5866 1004 5925 Gn.
1051 5866 1267 5926 XLIX.

1963 2116 2073 2163 tum
2121 2127 2187 2166 ex
2220 2114 2410 2172 timore
2454 2118 2588 2175 lucri
2636 2121 2832 2177 factum
2879 2125 3150 2180 est?Nisi
3199 2125 3371 2180 bonus
3413 2137 3562 2182 esset

1963 2201 2143 2270 timor,
2175 2205 2298 2261 filiis
2339 2218 2518 2278 patres
2550 2213 2865 2284 pmdagogos
2898 2232 3003 2270 non
3031 2225 3426 2287 prmponerent,
3455 2230 3559 2274 non

1960 2292 2294 2364 legislatores
2339 2302 2645 2359 civitatibus
2690 2305 2829 2360 ullos
2874 2309 3234 2377 magistratus.
3284 2308 3562 2379 Quid’ge-

1960 2383 2133 2440 henna
2181 2391 2428 2459 gravius?
2454 2394 2547 2448 sed
2579 2395 2733 2465 hujus
2764 2407 2907 2452 metu
2939 2399 3014 2453 nil
3044 2400 3224 2454 utilius
3252 2418 3266 2455 :
3297 2400 3557 2471 gehenna:

1960 2492 2192 2549 namque
2221 2481 2381 2537 timor
2408 2486 2558 2555 regni
2602 2488 2759 2542 nobis
2784 2489 2942 2545 affert
2964 2506 3239 2545 coronam.
3271 2492 3374 2547 Ubi
3402 2493 3562 2549 timor

1958 2580 2062 2635 est,
2098 2571 2234 2628 livor
2262 2590 2369 2630 non
2396 2586 2478 2631 est
2504 2596 2518 2632 :
2548 2579 2635 2634 ubi
2665 2580 2825 2636 timor
2865 2591 2969 2649 est,
3020 2584 3368 2652 pecuniarum
3406 2600 3561 2641 amor

1957 2678 2068 2719 non
2100 2677 2265 2722 vexat
2295 2687 2307 2721 :
2337 2669 2427 2724 ubi
2456 2671 2618 2726 timor
2645 2681 2747 2740 est,
2782 2674 3079 2731 exstinctus
3108 2675 3256 2732 furor
3281 2685 3383 2743 est,
3412 2678 3562 2748 cupi-

1956 2757 2098 2813 ditas
2148 2759 2390 2831 improba
2433 2775 2698 2830 correcta,
2730 2767 2908 2821 omnis
2953 2767 3338 2823 irrationabilis
3386 2770 3562 2839 passio

1957 2852 2332 2907 exterminata.
2365 2853 2435 2909 Et
2479 2855 2621 2911 sicut
2666 2857 2719 2911 in
2749 2857 2911 2913 domo
2941 2868 3118 2915 stante
3153 2860 3321 2916 milite
3350 2877 3564 2930 semper

1956 2952 2183 3010 armato,
2214 2959 2320 2999 non
2349 2946 2509 3010 latro,
2540 2962 2649 3003 non
2678 2947 2785 3018 fur,
2815 2966 2920 3005 non
2952 2952 3091 3006 alius
3116 2954 3236 3022 quis
3268 2953 3390 3008 talia
3422 2955 3560 3008 mala

1956 3037 2283 3104 patrantinm
2330 3054 2594 3111 apparere
2636 3045 2856 3114 propius
2897 3045 3158 3101 audebit:
3187 3047 3267 3102 sic
3316 3056 3371 3101 et
3415 3058 3560 3102 metu

1957 3127 2163 3183 animas
2194 3140 2405 3187 nostras
2434 3146 2752 3204 occupante,
2783 3136 3118 3193 illiberalium
3150 3139 3295 3193 nulla
3340 3148 3557 3209 pertur—

1955 3218 2232 3275 bationum
2261 3223 2417 3279 facile
2444 3225 2600 3280 nobis
2625 3227 2887 3297 subrepit,
2917 3228 3012 3284 sed
3040 3244 3230 3285 omnes
3255 3229 3482 3299 fugiunt,
3504 3239 3561 3285 et

1956 3310 2248 3381 pelluntur,
2282 3313 2493 3370 timoris
2523 3316 2751 3386 imperio
2794 3319 3027 3390 undique
3055 3330 3280 3375 exactae.
3307 3319 3419 3376 Nec
3457 3320 3560 3375 huc

1956 3403 2127 3458 solum
2160 3412 2245 3459 est
2272 3406 2415 3477 quod
2457 3422 2523 3462 ex
2554 3408 2747 3465 timore
2788 3409 3076 3478 lucramur,
3104 3425 3291 3467 verum
3318 3420 3372 3467 et
3414 3410 3558 3467 aliud

1956 3495 2062 3552 hoc
2092 3498 2261 3553 multo
2283 3499 2481 3573 majus.
2506 3501 2622 3558 Non
2652 3503 2797 3558 enim
2822 3503 3096 3575 improbas
3122 3513 3328 3560 tantum
3347 3514 3560 3560 nostras

1954 3591 2174 3661 expellit
2201 3595 2499 3663 passiones,
2518 3596 2613 3651 sed
2640 3604 2696 3652 ct
2722 3613 2937 3653 omnem
2962 3614 3086 3655 cum
3113 3598 3278 3654 multa
3307 3599 3560 3656 facilitate

1952 3681 2208 3739 virtutem
2254 3685 2476 3741 inducit.
2510 3685 2613 3743 Ubi
2660 3689 2823 3744 timor
2851 3697 2955 3756 est,
3000 3690 3074 3745 ibi
3118 3698 3173 3746 et
3199 3691 3559 3763 eleemosynm

1953 3773 2212 3842 studium,
2241 3785 2296 3831 et
2333 3778 2592 3832 orationis
2623 3778 2872 3846 intentio,
2919 3788 2976 3835 et
3010 3781 3263 3852 laerymm
3290 3782 3558 3838 ferventes

1952 3876 2007 3922 et
2034 3869 2325 3935 continuae,
2369 3880 2425 3926 et
2452 3871 2685 3941 gemitus
2726 3873 2945 3927 multam
2995 3874 3253 3931 habentes
3294 3890 3557 3945 compun-

1951 3960 2208 4017 ctionem.
2238 3961 2380 4018 Nihil
2413 3965 2554 4020 enim
2584 3973 2789 4019 tantum
2817 3975 3032 4034 peccata
3063 3968 3351 4035 consumit,
3386 3969 3556 4023 virtu-

1954 4060 2169 4123 temque
2194 4068 2440 4109 crescere
2481 4054 2610 4110 facit
2638 4063 2693 4109 et
2713 4057 3038 4127 germinare,
3071 4066 3326 4127 quantum
3355 4058 3553 4114 assidui

1952 4146 2161 4202 timoris
2210 4157 2420 4202 natura.
2454 4148 2746 4218 PrOpterea
2776 4152 2865 4220 qui
2911 4165 3020 4204 non
3068 4150 3200 4205 vivit
3240 4151 3294 4207 in
3329 4151 3549 4218 timore,

1950 4249 2096 4295 recte
2136 4240 2289 4295 illum
2333 4256 2495 4311 agere
2522 4256 2630 4296 non
2677 4251 2763 4297 est
2809 4243 3060 4312 possibile
3091 4261 3104 4298 :
3135 4244 3274 4299 sicut
3314 4245 3549 4300 vicissim

1949 4346 2070 4385 cum
2124 4331 2319 4388 timore
2367 4333 2636 4388 viventem
2668 4343 2752 4388 est
2801 4333 3134 4403 impossibile
3179 4351 3423 4405 peccare.
3475 4337 3554 4393 Ne

1949 4423 2109 4494 igitur
2143 4424 2445 4491 doleamus,
2475 4424 2692 4493 dilecti,
2724 4440 2901 4495 neque
2928 4427 3164 4481 animum
3208 4428 3550 4498 despondea-

1948 4530 2070 4570 ntus
2099 4515 2169 4571 ob
2218 4525 2543 4584 przesentem
2577 4516 3000 4582 tribulationem,
3051 4518 3144 4573 sed
3177 4519 3430 4575 solertem
3460 4519 3554 4574 Dei

1947 4607 2263 4677 sapientiam
2308 4608 2659 4664 admiremur.
2705 4607 2857 4663 Unde
2885 4624 3114 4679 namque
3148 4610 3417 4666 civitatem
3451 4627 3553 4665 no-

1945 4710 2111 4755 stram
2164 4700 2408 4757 diabolus
2454 4716 2514 4757 se
2555 4716 2868 4759 eversurum
2918 4703 3170 4771 speravit,
3218 4703 3395 4759 Deus‘
3424 4703 3551 4761 inde

1944 4794 2180 4848 restituit
2236 4794 2406 4864 ipsam
2461 4803 2517 4849 et
2565 4797 2819 4851 correxit.
2888 4795 3141 4850 Diabolus
3187 4808 3382 4863 nempe
3428 4794 3550 4863 qui-

1943 4887 2169 4942 busdam
2201 4887 2380 4957 impiis
2417 4888 2722 4944 hominibus
2748 4890 3046 4960 inspiravit,
3082 4898 3138 4941 ut
3163 4888 3547 4957 lmperatorum

1944 4987 2149 5035 statuas
2179 4979 2388 5048 injuriis
2428 4978 2727 5045 afficerent,
2770 4994 2878 5050 quo
2903 4990 2958 5034 et
2987 4980 3162 5048 ipsum
3196 4977 3344 5034 urbis
3371 4979 3546 5034 solum

1945 5069 2352 5135 destrueretur;
2385 5071 2525 5126 Deus
2541 5079 2721 5126 autem
2748 5070 2851 5125 hoc
2876 5070 2991 5139 ipso
3018 5068 3160 5124 facto
3188 5068 3255 5122 ad
3286 5069 3548 5139 majorem

1945 5170 2183 5218 nostram
2229 5162 2620 5217 correctionem
2666 5175 2792 5216 usus
2823 5169 2941 5227 est,
2970 5170 3294 5230 chpectatze
3323 5163 3548 5216 commi-

1944 5255 2179 5310 nationis
2225 5258 2418 5309 timore
2447 5270 2661 5311 omnem
2693 5252 2985 5309 extrudens
3031 5263 3301 5324 torporem
3332 5271 3347 5309 :
3375 5263 3430 5308 ct
3469 5253 3545 5307 fa-

1943 5358 2087 5404 ctum
2118 5357 2200 5403 est
2245 5356 2432 5403 contra
2482 5363 2643 5417 quam
2692 5347 2905 5402 diemon
2953 5347 3188 5413 volebat,
3221 5362 3285 5401 ex
3332 5347 3395 5400 iis
3424 5360 3541 5415 qua:

1946 5442 2060 5512 ipse
2103 5447 2391 5497 struxerat.
2426 5440 2632 5496 Civitas
2659 5441 2802 5496 enim
2831 5441 3070 5510 quotidie
3098 5441 3250 5495 nobis
3275 5451 3538 5507 expurga-

1913 5538 1919 5542 ’
1947 5543 2110 5602 tur,et
2132 5533 2395 5604 angiporti
2420 5545 2473 5588 et
2498 5533 2639 5587 bivia
2662 5542 2716 5587 et
2735 5532 2927 5602 plateae
2964 5531 3201 5586 liberata:
3224 5527 3540 5583 meretriciis

2008 5721 2024 5752 ι
2062 5727 2127 5771 tta
2158 5727 2266 5772 sav.
2306 5726 2359 5771 et
2394 5720 2602 5770 maxima
2640 5729 2752 5782 pars
2784 5725 2886 5767 Mss.
2926 5721 2973 5763 In
3006 5711 3169 5762 nerei.
3208 5723 3327 5761 vero
3360 5710 3534 5769 deest,

1948 5791 2090 5834 Deus.

3196 5865 3269 5925 10
