4068 6418
481 333 578 384 liis

476 455 527 498 et
578 444 795 501 lubricis
833 455 958 501 sunt
999 446 1241 502 caulibus
1274 465 1287 502 :
1317 458 1371 502 et
1416 462 1754 521 quocumque
1785 448 2081 519 respexerit

478 535 692 605 aliquis,
741 536 1161 607 supplicationes
1206 546 1261 593 ct
1289 539 1692 595 benedictiones
1743 551 1799 596 et
1836 542 2084 613 lacrymae

483 642 581 687 pro
609 628 718 682 risu
757 629 952 697 soluto,
985 640 1038 685 et
1063 631 1225 686 verba
1271 631 1661 704 philosophiam
1713 635 1797 688 bal
1818 636 1961 691 entia
1989 649 2085 705 pro

491 719 662 774 :erbis
705 720 947 790 turpibus
981 740 995 776 :
1028 731 1081 776 et
1111 724 1337 779 ecclesia
1388 725 1525 782 facta
1570 727 1726 782 nobis
1773 737 1855 782 est
1895 727 2085 783 civitas

487 819 615 878 tota,
646 810 877 867 officinis
905 813 1124 880 clausis,
1156 815 1405 871 omnibus
1434 818 1487 872 in
1513 817 1597 874 his
1629 819 1854 888 publicis
1879 818 2085 889 suppli-

485 902 790 957 cationibus
818 902 958 959 diem
993 914 1162 961 totum
1192 908 1496 977 agentibus,
1528 919 1583 964 et
1612 910 1779 964 Deum
1811 925 1914 964 una
1941 924 2088 964 com-

485 992 743 1063 munique
796 1010 929 1050 voce
980 1012 1103 1052 cum
1147 999 1313 1053 multa
1364 1000 1737 1056 invocantibus
1789 1001 2086 1058 alacritate.

488 1083 620 1152 Quis
642 1085 758 1141 hanc
774 1104 954 1144 sermo
976 1106 1224 1160 umquam
1252 1093 1505 1161 expedire
1525 1094 1830 1164 pouiisset?
1855 1111 1973 1164 qua:
1995 1094 2091 1148 ad-

491 1179 757 1233 monitio?
778 1181 919 1250 quod
942 1184 1262 1237 consilium?
1284 1194 1480 1254 quanta
1504 1188 1760 1257 temporis
1777 1185 2091 1257 longitudo?

560 1271 616 1324 2.
673 1271 964 1344 Propterea
1020 1276 1130 1330 Deo
1180 1278 1380 1347 gratias
1426 1294 1667 1349 agamus,
1718 1295 1824 1334 non
1867 1279 2093 1334 moleste

493 1363 749 1435 feramus,
796 1384 896 1423 nec
927 1369 1286 1439 indignemur.
1328 1372 1481 1440 Quod
1509 1374 1653 1427 enim
1697 1375 1893 1428 bonum
1921 1374 1991 1427 sit
2031 1373 2095 1427 ti-

494 1473 635 1526 mor,
681 1469 736 1514 et
790 1469 1090 1517 memorata
1134 1462 1640 1519 demonstraverunt
1673 1483 1687 1520 :
1715 1465 1837 1520 audi
1868 1481 1995 1520 vero
2041 1474 2097 1520 et

493 1551 839 1607 Salomonem
887 1553 956 1609 de
1010 1554 1111 1609 hoc
1160 1555 1230 1609 ita
1287 1555 1792 1626 philosolihantcm,
1848 1556 2095 1612 Salomo-

497 1657 645 1707 nem,
675 1643 912 1713 inquam,
940 1646 1189 1702 omnibus
1239 1646 1554 1701 innutritum
1581 1647 1805 1713 deliciis,
1837 1658 1892 1702 ct
1931 1646 2096 1701 multa

500 1737 726 1806 potitum
756 1738 1018 1794 libertate.
1065 1740 1203 1808 Quid
1231 1741 1391 1811 igitur
1436 1742 1606 1811 inquit
1631 1742 1765 1796 ille?
1816 1741 2001 1796 Melius
2028 1752 2099 1795 cst

499 1830 575 1883 ire
589 1831 642 1884 in
671 1830 875 1887 domum
897 1833 1060 1886 luctus
1082 1850 1236 1905 quant
1268 1835 1320 1888 in
1349 1835 1554 1888 domum
1582 1835 1792 1888 convivii
1819 1833 2015 1904 (I'Iccle.
2044 1834 2097 1887 7.

505 1921 562 1993 5)
590 1921 689 1995 (ฮท).
725 1924 864 1991 Quid
892 1935 995 1991 est,
1036 1941 1242 1996 quarso,
1267 1927 1409 1998 quod
1440 1928 1562 1983 ais?
1596 1928 1693 1983 Ubi
1722 1928 1917 1988 luctus,
1948 1935 1999 1979 et
2022 1926 2101 1979 la-

503 2029 724 2085 crynne,
752 2025 806 2070 et
828 2017 1079 2086 gemitus,
1106 2028 1160 2073 ct
1185 2018 1357 2085 dolor,
1386 2030 1438 2074 et
1467 2020 1678 2074 tristitia
1706 2028 1873 2078 tanta.
1914 2018 2103 2073 melius

504 2106 650 2160 illinc
697 2107 1007 2175 abscedere,
1055 2127 1215 2181 quam
1267 2112 1352 2167 ubi
1384 2114 1616 2178 cliorcm,
1662 2121 1717 2166 et
1759 2111 2022 2183 cymbala,
2053 2120 2106 2166 et

504 2198 664 2265 risus,
692 2208 749 2255 et
774 2199 999 2268 delici:e,
1023 2211 1078 2257 et
1104 2204 1342 2273 crapula,
1371 2214 1424 2258 et
1447 2204 1714 2259 ebrietas?
1742 2204 1936 2265 Etiam,
1961 2203 2033 2256 ait
2060 2204 2103 2257 ยน.

510 2289 735 2355 Verum,
779 2307 882 2362 qua
912 2292 981 2348 de
1022 2308 1205 2362 causa,
1237 2311 1441 2365 quaeso,
1470 2305 1527 2350 et
1553 2295 1917 2366 quapropter?
1960 2293 2109 2361 Quo-

511 2384 654 2439 niam
701 2385 849 2441 illinc
889 2385 1105 2457 quidem
1153 2388 1460 2458 petulantia.
1513 2387 1639 2442 hinc
1673 2401 1802 2442 vero
1850 2385 2108 2441 modestia

508 2476 747 2530 nascitur
777 2495 790 2531 :
823 2486 877 2531 et
905 2479 949 2532 si
978 2479 1096 2548 quis
1121 2478 1188 2533 ad
1214 2479 1564 2549 opulentioris
1592 2479 1747 2535 abeat
1783 2478 2108 2545 convivium,

514 2581 623 2624 non
668 2568 898 2637 amplius
923 2584 1043 2624 cum
1073 2570 1260 2626 eadem
1301 2570 1484 2625 laetitia
1510 2571 1725 2625 domoin
1772 2581 2068 2626 revertetur
2093 2612 2108 2635 ,

515 2657 612 2713 sed
641 2659 809 2714 trisris
835 2661 1046 2731 quidem
1074 2660 1141 2716 ad
1171 2678 1390 2717 uxorem
1422 2662 1632 2727 redibit.
1665 2664 1831 2718 tristis
1857 2673 2032 2718 autem
2060 2674 2113 2718 et

509 2750 583 2805 de
604 2766 702 2805 sua
745 2765 929 2806 mensa
961 2753 1317 2823 participabit,
1347 2762 1402 2809 et
1432 2755 1687 2809 molestus
1715 2756 1884 2810 servis
1909 2765 1961 2809 et
1991 2754 2114 2808 filiis

518 2854 575 2898 et
603 2844 854 2899 omnibus
886 2847 995 2901 erit
1024 2846 1353 2913 domesticis,
1404 2863 1469 2903 ex
1512 2848 1735 2903 aliorum
1767 2848 1919 2919 copia
1963 2863 2113 2903 suam

516 2934 828 3003 diligentius
874 2946 1240 3006 paupertatem
1268 2938 1638 2994 considerans.
1668 2938 1779 2994 Nec
1811 2939 1912 2995 hoc
1940 2940 2113 2994 soloin

511 3040 600 3086 est
623 3046 803 3102 grave,
839 3032 933 3087 sed
948 3032 1006 3087 id
1032 3032 1193 3087 etiam
1220 3032 1361 3103 quod
1392 3048 1535 3102 saepe
1561 3033 1772 3088 vocanti
1801 3048 1859 3088 se
1884 3033 1950 3087 ad
1982 3048 2115 3087 cou-

516 3124 716 3179 vivium
766 3124 998 3192 invidet;
1031 3135 1086 3181 et
1130 3126 1262 3181 nihil
1316 3127 1527 3197 penitus
1569 3126 1697 3183 boni
1742 3128 1987 3198 gratique
2022 3142 2117 3182 sn-

514 3232 674 3272 mens
710 3217 927 3273 domum
960 3219 1265 3276 revertitur.
1312 3220 1468 3277 Circa
1518 3221 1763 3291 lugentes
1811 3238 1938 3277 vero
1987 3222 2117 3277 nihil

512 3312 628 3371 tale
672 3312 775 3373 dici
821 3322 1018 3387 potest,
1067 3313 1161 3373 sed
1206 3315 1369 3372 multa
1414 3315 1488 3373 ibi
1536 3315 1905 3388 philosophia,
1956 3317 2119 3370 multa

521 3407 805 3463 modestia.
863 3409 1035 3465 Simul
1077 3409 1230 3464 enim
1277 3424 1343 3464 ac
1398 3409 1662 3479 quispiam
1725 3408 1921 3464 domus
1971 3423 2121 3464 mor-

520 3512 671 3555 tuum
722 3500 968 3558 habentis
1011 3502 1332 3558 vestibulum
1377 3502 1701 3567 ascenderit,
1728 3512 1996 3558 mortuum
2039 3504 2122 3557 in-

524 3593 689 3647 tuitus
721 3600 948 3658 motum,
970 3593 1259 3663 iacentem,
1284 3604 1338 3648 et
1364 3608 1582 3649 uxorem
1604 3594 1783 3648 crines
1812 3593 2119 3661 vellentem,

526 3684 850 3739 lacerantem
903 3701 1107 3755 genas,
1165 3697 1219 3741 et
1264 3686 1478 3741 brachia
1528 3699 1840 3756 secantem,
1898 3688 2121 3757 corripi-

527 3787 630 3840 tur,
678 3778 936 3843 tristatur,
965 3778 1437 3833 et-considetitium
1463 3780 1686 3850 quisque
1715 3779 1781 3834 ad
1826 3781 2124 3849 proximum

525 3869 602 3924 nil
629 3868 771 3923 aliud
811 3870 1065 3940 loquitur,
1106 3885 1264 3940 qttam
1297 3871 1440 3941 quod
1489 3871 1561 3925 nil
1606 3885 1815 3936 sumus,
1843 3882 1898 3926 et
1928 3871 2125 3925 malitia

527 3971 708 4015 nostra
736 3960 806 4014 sit
831 3960 1134 4017 inellโabilis.
1162 3960 1299 4029 Quid
1331 3960 1414 4016 his
1450 3961 1630 4018 verbis
1670 3961 1963 4031 sapientius
2005 3974 2127 4016 esse

531 4055 718 4124 possit,
761 4068 882 4109 cum
910 4062 966 4110 et
992 4064 1195 4109 namra:
1224 4055 1485 4110 vilitatem
1531 4069 1905 4126 agnoscamus,
1948 4063 2003 4109 et
2033 4067 2130 4107 no.

527 4158 696 4202 stram
726 4162 1040 4204 accusemus
1065 4147 1483 4217 improbitatem,
1513 4156 1568 4201 et
1595 4146 1725 4201 nihil
1753 4161 1874 4201 esse
1896 4159 2130 4213 ฯฮนโฯฮตฯฮท-

530 4240 604 4294 tia
632 4242 927 4312 cogitemus
960 4259 974 4295 :
1003 4241 1123 4296 aliis
1169 4241 1384 4312 quidem
1427 4240 1628 4306 verbis,
1656 4240 1919 4295 sententia
1951 4249 2127 4293 tamen

531 4332 721 4388 eadem
753 4332 1055 4390 Salomonis
1085 4335 1170 4389 illa
1219 4334 1498 4404 loquentes
1542 4333 1807 4387 mirabilia
1851 4341 1907 4387 et
1951 4331 2130 4385 multa:

533 4423 688 4494 plena
722 4424 1092 4494 philosophiae,
1137 4424 1345 4479 Vanitas
1369 4426 1667 4489 vanitatmu,
1697 4433 1744 4479 et
1776 4424 1947 4478 omnia
1983 4423 2131 4477 vani-

535 4526 618 4571 tas
647 4514 848 4585 (Eccle.
878 4517 933 4570 l.
977 4514 1058 4586 2).
1091 4515 1409 4587 Lugentium
1438 4516 1654 4571 domum
1685 4516 1976 4586 ingressus,
2024 4522 2133 4570 sta-

534 4607 632 4660 tim
688 4605 941 4679 lacrymis
1002 4606 1308 4663 defunctum
1377 4609 1756 4679 prosequitur,
1807 4608 2019 4663 etiamsi
2065 4607 2135 4662 sit

525 4698 804 4754 inimicus.
824 4698 1014 4754 Vidisti
1040 4710 1239 4771 quanto
1267 4701 1457 4757 melior
1482 4701 1596 4756 haec
1613 4717 1771 4771 quam
1802 4701 1887 4757 illa
1910 4701 2136 4756 domus?

530 4790 631 4848 ille
659 4792 824 4859 enim,
861 4792 1071 4848 etiamsi
1119 4794 1322 4848 amicus
1363 4793 1455 4861 sit,
1501 4793 1739 4859 invidet;
1790 4794 1876 4848 hic
1912 4802 2132 4859 autem,

532 4883 747 4938 etiamsi
778 4883 1024 4939 inimicus
1050 4883 1139 4953 sit,
1172 4883 1501 4956 lacrymatur
1533 4900 1549 4939 :
1576 4884 1718 4955 quod
1748 4884 1987 4939 omnium
2017 4898 2134 4938 ma-

536 4976 678 5029 xime
719 4975 858 5031 Deus
890 4976 1138 5046 exquirit,
1189 4987 1248 5031 ut
1288 4992 1395 5033 non
1442 4976 1757 5031 insultemns
1802 4975 1888 5039 iis,
1919 4976 2006 5045 qui
2038 4989 2136 5029 nos

532 5067 941 5123 contristavere.
971 5068 1086 5123 Non
1112 5067 1233 5124 lucc
1253 5079 1432 5124 autem
1463 5067 1575 5124 sola
1601 5076 1823 5137 possunt
1846 5067 1970 5121 hinc
1994 5066 2131 5120 bona

606 5196 622 5228 ยณ
650 5192 786 5249 Haec,
811 5188 956 5241 etiam
982 5188 1067 5249 ait,
1092 5187 1138 5237 in
1161 5190 1271 5239 solo
1297 5189 1470 5238 Morel.
1495 5189 1692 5249 desunt.

609 5255 680 5315 (ฮฑ)
709 5256 761 5302 lu
776 5246 869 5320 has
879 5246 1231 5320 _voces,'__qtmnr
1247 5250 1295 5299 in
1319 5253 1518 5320 (tantum
1536 5246 1766 5320 convivii,
1787 5248 2145 5320 hocโdederunt

542 5310 783 5366 monitum
810 5310 1252 5367 editoreslโeneli,
1280 5328 1324 5374 p.
1350 5313 1453 5363 1353.
1486 5312 1536 5361 ฮ.
1566 5312 1595 5360 6
1622 5326 1633 5360 :
1666 5326 1682 5358 ฮน
1714 5310 1775 5357 Ut
1798 5310 1943 5360 verba
1970 5318 2149 5359 sanch

545 5377 758 5440 paginae,
786 5383 934 5439 prout
957 5375 1035 5440 hic
1057 5391 1083 5423 a
1110 5375 1310 5440 Datim-5
1323 5380 1540 5440 sustomo
1581 5374 1917 5440 referuntur,โ
1934 5374 2154 5422 tideliter

546 5430 819 5496 'v'eitamus,
843 5451 935 5485 vox
962 5435 1091 5486 risus
1113 5430 1456 5485 substituenda
1481 5441 1559 5483 est
1580 5437 1687 5483 voci
1712 5430 1917 5496 convivii
1939 5446 1957 5483 :
1977 5447 2151 5496 qnam-

550 5501 622 5550 vis
655 5516 753 5551 tum
782 5494 1014 5561 Vulgata,
1042 5507 1140 5547 tum
1167 5499 1491 5561 Septuaginta
1520 5502 1628 5544 cuni
1646 5556 1656 5561 _
1681 5494 1914 5561 hebraico
1939 5494 2146 5543 consen-

551 5561 693 5621 tiant;
719 5556 953 5624 quodque
982 5556 1159 5624 mirum
1192 5556 1615 5624 magisโvideatur.
1643 5556 1750 5619 ipse
1774 5556 2150 5615 Chrysostomus

547 5619 752 5671 sensum
796 5619 1028 5673 lectionis
1067 5621 1329 5681 hebraicze,
1378 5623 1424 5669 in
1470 5620 1531 5667 iis
1577 5634 1690 5681 qua:
1726 5626 2024 5681 sequuntur,
2066 5631 2151 5665 re-

553 5687 736 5746 spexit,
757 5692 812 5733 et
855 5685 1002 5746 pauiu
1046 5680 1254 5746 inferius
1279 5684 1393 5746 (col.
1424 5681 1527 5746 ibi},
1565 5680 1704 5738 1:11)
1733 5680 1964 5746 eumdem
1992 5682 2151 5746 locum

555 5740 827 5810 Salomonis
849 5740 1313 5810 detizuoproferens,
1342 5742 1484 5804 legit,
1506 5756 1616 5791 cum
1642 5742 1955 5804 septuaginta
1996 5740 2150 5791 luter-

558 5806 796 5864 pretibus,
823 5804 1052 5863 convivii,
1073 5819 1187 5864 non,
1217 5804 1362 5854 risus.
1393 5821 1408 5851 ฮน

1226 332 1282 389 S.
1318 332 1596 390 JOANNIS
1633 333 2116 392 CllftYSOS'ICMl
2155 334 2473 392 ARCHIEP.
2504 331 3042 391 CONSTANTINOP.

3679 323 3780 380 15f.-

2189 450 2423 521 excerpi,
2452 466 2634 505 verum
2678 458 2734 503 et
2771 448 2873 502 alia
2905 447 2989 502 his
3015 462 3118 500 non
3151 444 3376 499 minora.
3425 443 3636 498 Etenim
3663 457 3790 512 peo-

2188 552 2427 597 eatorum
2458 541 2683 613 quisque
2725 555 2943 595 suorum
2974 537 3354 603 reminiscitur,
3398 534 3663 592 tremendi
3694 536 3791 589 tri-

2190 633 2399 689 bunalis
2435 644 2492 690 et
2539 647 2819 704 poenarum
2868 631 3081 686 illarum
3125 639 3181 685 et
3218 629 3428 700 judicii,
3471 643 3535 683 ac
3566 628 3697 682 licet
3724 628 3793 681 sit

2190 725 2395 782 infinita
2425 726 2494 781 ab
2518 725 2637 781 aliis
2667 738 2855 795 passus
2877 723 3037 789 mala,
3064 730 3121 777 et
3134 721 3277 775 domi
3301 721 3543 775 tristitias
3571 718 3792 783 habeat,

2194 817 2435 888 ipsorum
2461 816 2700 872 omnium
2729 814 2935 870 medela
2974 823 3151 883 capta,
3185 812 3252 866 ita
3298 813 3606 866 revertitur.
3636 808 3798 878 Cogi-

2194 918 2313 964 tans
2334 910 2476 965 enim
2506 918 2560 965 et
2585 924 2645 964 se
2665 918 2722 964 et
2763 922 2857 963 eos
2896 920 3109 972 omnes,
3138 905 3226 974 qui
3267 902 3516 973 superbia
3540 911 3754 955 tument
3778 940 3794 965 ,

2193 1000 2422 1071 idipsum
2469 1001 2620 1056 brevi
2661 1013 2914 1070 passuros
2957 1011 3098 1062 esse,
3152 1006 3206 1051 et
3251 994 3556 1050 transitoria
3603 1003 3798 1048 cuncta

2195 1094 2480 1163 praesentia
2506 1106 2647 1157 esse,
2670 1092 2782 1146 sive
2807 1089 2990 1146 suavia
3022 1089 3129 1143 sint
3156 1090 3268 1142 sive
3298 1086 3489 1150 tristia,
3524 1085 3799 1139 tristitiam

2195 1194 2253 1240 et
2287 1185 2542 1240 invidiam
2569 1169 2782 1239 omnem
2808 1182 3104 1253 deponens,
3138 1190 3191 1236 et
3231 1181 3395 1235 levem
3427 1178 3657 1234 reddens
3683 1178 3802 1229 aniโ

2199 1292 2364 1345 mam,
2408 1287 2462 1332 et
2490 1278 2789 1342 relevatus,
2819 1275 2898 1330 sic
2943 1273 3161 1329 donmm
3205 1283 3502 1328 revertetur
3532 1289 3545 1323 :
3576 1282 3632 1326 et
3675 1270 3801 1324 hinc

2200 1370 2529 1427 mansuetior
2554 1378 2656 1423 erit
2682 1369 2734 1423 in
2764 1383 2972 1435 muncs,
3004 1380 3057 1424 et
3084 1367 3383 1431 luunamor,
3417 1366 3719 1435 benignior,
3746 1373 3802 1418 et

2201 1462 2511 1533 sapientior,
2555 1461 2855 1516 futurormu
2890 1462 3081 1515 timore
3122 1460 3286 1529 ipsius
3332 1460 3562 1512 animam
3609 1455 3800 1511 subin-

2201 1570 2386 1627 gresso
2424 1564 2479 1610 et
2526 1568 2715 1608 onmcs
2755 1553 2939 1623 spinas
2979 1552 3313 1607 absumente.
3349 1550 3414 1605 Et
3458 1551 3570 1604 Ira-e
3617 1547 3802 1602 oumia

2203 1649 2634 1721 cognosccnsille
2653 1647 2885 1715 dicebat,
2909 1646 2960 1701 ฮ
2968 1648 3094 1702 clins
3115 1659 3185 1702 cst
3212 1648 3286 1701 ire
3303 1649 3369 1699 ml
3390 1650 3593 1699 domum
3611 1647 3802 1707 (ฮนฮนฮน-ฮนฯฮนฯ,

2206 1760 2359 1807 quam
2387 1743 2455 1796 ad
2492 1741 2699 1796 domum
2736 1741 2947 1795 convivii
2975 1739 3169 1806 (little.
3203 1740 3256 1793 7.
3291 1739 3367 1806 โ5).
3421 1738 3565 1790 Illinc
3595 1746 3802 1803 torpor,

2207 1836 2333 1892 hinc
2356 1837 2597 1891 anxietas
2619 1834 2852 1889 nascitur
2881 1850 2893 1887 :
2929 1833 3071 1889 illinc
3109 1843 3460 1900 contemptus,
3492 1829 3613 1882 hinc
3644 1827 3804 1881 timor

2207 1933 2274 1987 ad
2304 1947 2516 1987 onmem
2550 1945 2645 1985 nos
2674 1931 2921 1985 virtutem
2944 1927 3214 1983 deducens
3244 1927 3282 1977 '.
3314 1924 3421 1978 Nisi
3445 1924 3640 1977 bonum
3661 1929 3806 1975 esset
3871 1927 3897 1956 '

2214 2026 2394 2089 timor,
2426 2039 2531 2078 non
2560 2023 2758 2078 inultos
2805 2020 3152 2092 impendissct
3176 2018 3417 2097 Christus
3446 2028 3727 2071 seruntnth
3754 2025 3816 2068 et

2211 2118 2421 2188 longos,
2455 2116 2524 2171 de
2569 2130 2724 2185 ptum
2768 2125 2823 2169 et
2871 2113 3130 2183 supplicio
3176 2112 3281 2165 ilhc
3326 2112 3513 2164 luturis
3561 2109 3807 2176 loquens.

2211 2209 2397 2266 Timor
2423 2210 2492 2264 nil
2521 2208 2663 2264 aliud
2691 2218 2791 2273 est,
2821 2223 2979 2278 quam
3012 2221 3195 2260 murus
3224 2216 3277 2260 et
3319 2202 3729 2262 munimentum,
3758 2208 3809 2253 et

2214 2303 2377 2359 turris
2419 2301 2844 2373 inexpugnabilis
2876 2319 2889 2356 :
2918 2300 3115 2355 etenim
3139 2299 3301 2351 multa
3334 2297 3486 2350 nobis
3514 2293 3811 2347 munitione

2214 2411 2349 2466 opus
2392 2404 2514 2459 est;
2556 2393 2680 2464 quia
2730 2392 2910 2447 multa:
2960 2401 3082 2445 sunt
3128 2390 3355 2458 umlique
3405 2383 3630 2441 Insidizc.
3675 2383 3814 2434 sicut

2222 2488 2337 2558 ipse
2359 2485 2611 2543 Salomon
2642 2502 2852 2540 rursum
2873 2484 2950 2538 sic
2986 2483 3282 2536 admonens
3315 2479 3523 2532 diccbat
3550 2517 3561 2528 .
3588 2482 3815 2542 Agnosrc

2216 2582 2350 2651 quod
2367 2581 2416 2634 in
2441 2580 2604 2633 mcdio
2620 2581 2916 2647 laqueorum
2944 2587 3149 2636 transis,
3183 2586 3226 2626 rt
3246 2588 3396 2637 super
3419 2571 3815 2637 propugnaculis

2218 2673 2355 2727 urbis
2382 2675 2402 2703 '
2424 2673 2653 2726 antbulas
2683 2670 2869 2739 (ฮฮนฯฮนแพถ.
2896 2669 2948 2725 9.
2993 2668 3111 2733 ฮฮ).
3150 2665 3325 2734 l'apaโ,
3370 2673 3501 2731 quot
3553 2663 3817 2713 bonorum

2221 2766 2435 2835 plenum
2485 2774 2570 2820 est
2620 2762 2720 2817 hoc
2770 2762 3025 2826 verbmn,
3079 2774 3176 2814 nec
3223 2756 3398 2811 minus
3447 2758 3604 2823 quam
3650 2765 3816 2819 ฮดแฟฮนฮนฮนฯฮฟ

2221 2857 2329 2911 rius
2351 2856 2365 2911 ฮต

2294 2946 2360 3002 In
2393 2949 2579 3002 mundo
2623 2949 2772 3016 plena
2809 2945 2976 2999 ontnia
3008 2942 3220 3009 laqueis.
3249 2968 3314 2980 โ-
3355 2938 3531 3006 Ipsum
3578 2935 3732 3004 igitur
3765 2931 3818 2985 in

2223 3052 2401 3099 mente
2420 3043 2645 3112 quisque
2673 3052 2850 3096 nostra
2873 3039 3187 3100 scribamus,
3210 3044 3263 3089 et
3290 3045 3501 3100 semper
3531 3034 3583 3082 in
3612 3042 3820 3081 uicino-

2224 3134 2302 3189 ria
2332 3133 2790 3196 circnmfcramus,
2822 3141 2873 3185 et
2901 3146 3005 3184 non
3037 3129 3188 3182 laede
3236 3126 3591 3196 pec-calamus.
3623 3116 3820 3172 Inscri-

2228 3229 2412 3283 bamus
2460 3228 2605 3297 prius
2659 3228 2829 3296 ipsum
2875 3239 2996 3279 cum
3043 3221 3189 3278 omni
3230 3221 3498 3289 diligentia
3529 3217 3821 3269 discentes.

2224 3318 2339 3374 Non
2384 3322 2529 3374 enim
2578 3318 2747 3372 dixit:
2782 3317 2974 3385 Aspice
3022 3314 3160 3383 quod
3194 3328 3245 3365 ฮนฮนฮน
3290 3309 3466 3366 medio
3510 3311 3820 3375 laqueorum

2226 3412 2540 3487 pcrlransis,
2574 3410 2691 3470 sed,
2742 3412 2985 3480 Agnosco.
3038 3406 3102 3460 lit
3141 3418 3304 3474 quate
3351 3403 3501 3458 tilSlt.
3553 3394 3823 3467 Agnoscc.โ

2226 3509 2589 3566 Obttmbrattts
2613 3514 2717 3566 est,
2757 3503 2946 3571 inquit.
2981 3503 3199 3567 laqueus
3231 3513 3242 3548 :
3278 3497 3378 3548 hoc
3419 3507 3561 3547 enim
3605 3493 3824 3554 laqueos

2229 3610 2330 3662 est,
2353 3598 2568 3671 quando
2592 3612 2695 3653 non
2718 3603 2900 3666 aperte
2921 3605 3064 3647 tuurs
3086 3597 3326 3657 apparet,
3353 3597 3522 3653 ticipte
3544 3584 3825 3634 tnatnlesn

2230 3692 2432 3756 clades,
2483 3689 2576 3745 sed
2622 3690 2856 3758 mutique
2904 3687 3116 3739 obtecta
3146 3680 3354 3751 adiacet
3384 3694 3398 3731 :
3434 3684 3711 3745 propterea
3741 3671 3829 3724 di-

2232 3785 2327 3849 xit,
2377 3785 2624 3855 Agnosce.
2676 3781 2835 3835 Multa
2870 3778 2960 3831 tibi
3009 3791 3144 3846 opus
3171 3786 3252 3828 est
3298 3764 3744 3853 consulcratione,
3768 3775 3827 3820 et

2230 3876 2469 3947 diligenti
2496 3873 2826 3928 scrutatione
2852 3888 2863 3923 :
2888 3870 3027 3924 sicut
3065 3867 3205 3921 enim
3237 3863 3385 3934 pueri
3417 3872 3554 3916 terra
3586 3860 3828 3926 laqueos,

2231 3969 2313 4023 sic
2358 3967 2600 4022 diabolus
2642 3965 2764 4019 vita:
2806 3959 3170 4030 voluptatibus
3209 3965 3422 4026 peccata
3469 3947 3828 4007 circmntesit.

2233 4058 2341 4115 Sed
2389 4073 2620 4130 agnosce
2671 4065 3011 4126 perscrutans
3060 4051 3386 4119 diligenter:
3420 4055 3473 4098 et
3523 4043 3566 4097 si
3618 4042 3832 4094 lucrum

2234 4152 2547 4217 occurrerit,
2595 4163 2664 4204 ne
2709 4149 2914 4203 lucrum
2964 4143 3191 4214 aspicias
3237 4140 3432 4200 solum,
3464 4136 3557 4192 sed
3590 4141 3835 4187 scrutare

2234 4246 2534 4317 diligenter,
2559 4258 2626 4298 ne
2653 4239 2788 4296 forte
2816 4253 2960 4294 mors
2989 4247 3044 4293 et
3071 4244 3345 4306 peccatum
3377 4231 3513 4284 intra
3535 4230 3738 4284 lucrum
3762 4224 3837 4278 sit

2236 4316 2606 4394 absconditum
2640 4352 2654 4390 :
2685 4345 2740 4388 et
2787 4332 2832 4387 si
2868 4329 3085 4393 videris,
3117 4326 3320 4395 refugo.
3350 4324 3553 4378 llursus
3578 4333 3697 4373 Clltll
3738 4316 3839 4370 de-

2236 4433 2451 4490 lectatio
2479 4440 2535 4485 et
2571 4429 2815 4498 voluptas
2861 4422 3171 4486 occurrerit,
3212 4434 3280 4474 ne
3309 4417 3631 4485 voluptatem
3658 4410 3838 4464 Solum

2238 4525 2517 4599 respicias,
2557 4522 2653 4579 sed
2682 4535 2751 4575 ne
2780 4519 2917 4574 forte
2960 4514 3208 4586 iniquitas
3244 4511 3419 4580 aliqua
3451 4508 3503 4561 in
3548 4502 3841 4599 voluptatis

2240 4593 2504 4692 profundo
2532 4613 2847 4669 obumbrata
2895 4609 2984 4672 sit,
3036 4605 3319 4675 diligenter
3360 4596 3663 4661 considera,
3708 4602 3770 4692 et
3792 4593 3840 4646 si

2241 4686 2528 4775 inveneris,
2559 4705 2784 4763 resilito.
2824 4703 2948 4758 Sive
2971 4698 3213 4756 consulat
3239 4694 3521 4766 quispiam,
3569 4690 3681 4744 sive
3707 4686 3843 4739 aduโ

2242 4805 2403 4868 letur,
2432 4801 2545 4856 sive
2570 4799 2916 4868 obsequatur,
2948 4794 3060 4848 sive
3105 4793 3337 4844 honores
3363 4784 3693 4856 polliceatur,
3725 4778 3845 4833 sive

2243 4896 2616 4968 quodcumque
2644 4887 2823 4952 aliud;
2856 4883 3034 4941 omnia
3078 4897 3199 4936 eum
3249 4876 3520 4948 diligentia
3563 4870 3845 4928 examine-

2246 4965 2384 5054 mus,
2430 4996 2486 5041 et
2530 4984 2761 5053 undique
2809 4977 3246 5039 consideremus,
3293 4988 3360 5025 ne
3402 4969 3538 5023 forte
3587 4965 3845 5020 damnum

2245 5082 2480 5152 aliquod,
2511 5093 2578 5132 ne
2626 5078 2763 5130 forte
2807 5070 3097 5142 periculum
3129 5063 3341 5135 aliquod
3372 5078 3438 5116 ex
3467 5057 3712 5152 consilio,
3760 5053 3847 5107 vel

2248 5148 2473 5237 honore,
2508 5170 2589 5224 vel
2620 5165 2881 5235 obsequio
2912 5162 3064 5217 nobis
3086 5158 3319 5221 eveniat,
3344 5164 3398 5208 et
3422 5167 3490 5206 ne
3518 5148 3765 5205 celeriter
3793 5156 3847 5198 et

2248 5266 2640 5324 inconsiderate
2687 5272 3049 5315 accurramus.
3096 5253 3151 5310 Si
3179 5252 3322 5307 enim
3369 5263 3506 5301 unus
3553 5253 3756 5298 tantum
3790 5247 3849 5293 ct

2248 5362 2353 5416 duo
2385 5357 2554 5428 laquei
2587 5355 2781 5417 forent,
2817 5349 2986 5405 facilis
3011 5357 3154 5403 esset
3177 5340 3415 5399 custodia
3442 5355 3455 5402 ;
3488 5349 3628 5390 nunc
3665 5342 3850 5385 autem

2249 5454 2483 5525 ipsorum
2537 5449 2925 5505 nutltiโtudinem
2985 5440 3269 5497 ostendere
3322 5436 3508 5489 volens
3551 5430 3849 5525 Salomon,

2250 5520 2519 5618 quomodo
2547 5544 2676 5597 dicit
2697 5539 2879 5593 audias
2911 5553 2923 5588 :
2955 5536 3182 5605 Agnosce
3207 5528 3344 5599 quod
3372 5528 3423 5579 in
3451 5524 3613 5577 medio
3641 5520 3851 5615 laqueo-

2249 5656 2363 5693 rum
2393 5633 2689 5708 pertransis.
2731 5630 2845 5686 Non
2876 5628 3027 5690 dixit,
3074 5623 3232 5680 Juxta
3274 5622 3489 5689 laqueos
3517 5623 3809 5686 pertraner
3833 5646 3851 5675 ฮน

2316 5755 2332 5784 แฝท
2374 5751 2456 5799 Alii
2486 5763 2498 5800 :
2531 5746 2649 5797 Hinc
2677 5746 2838 5804 timor,
2856 5744 2998 5795 timor
3016 5741 3084 5790 ad
3103 5749 3306 5792 omnem,
3329 5740 3425 5785 etc.

2318 5817 2337 5845 ยฒ
2378 5813 2476 5864 ฮฮ,
2503 5809 2709 5860 urbium.
