4068 6434
246 433 360 489 155

234 548 438 618 ἀγοραὶ
459 545 567 600 τῶν
596 544 871 615 πορνικῶν
897 544 991 597 καὶ
1017 542 1494 612 διακεκλασμένων
1536 539 1929 611 ἀπηλλάγησαν

234 635 522 707 ᾀσμάτων,
541 634 633 688 καὶ
648 634 893 700 ὅπουπερ
916 632 1087 715 ἄν1τις
1112 630 1213 703 ἴδῃ,
1231 630 1374 683 λιταὶ
1388 628 1538 702 [155]
1554 628 1932 699 καὶεύφημίαι

235 723 333 778 καὶ
365 722 578 792 δάκρυα
611 721 730 775 ἀντὶ
758 721 990 790 γέλωτος
1022 718 1259 773 ἀτάκτου
1281 760 1295 784 ,
1338 718 1432 772 καὶ
1467 720 1688 789 ῥήματα
1721 715 1936 786 φιλοσο-

234 808 369 878 φίαν
400 808 593 879 ἔχοντα
620 810 740 862 ἀντὶ
768 808 1028 880 ῥημάτων
1050 805 1313 879 αἰσχρῶν,
1333 806 1431 859 καὶ
1493 804 1758 876 ἐκκλησία
1774 802 1934 872 γέγο-

235 912 329 950 νεν
345 898 483 965 ἡμῖν
504 897 538 966 ἡ
561 896 713 958 πόλις
738 894 944 956 ἅπασα,
963 893 1070 946 τῶν
1088 892 1466 965 ἐργαστηρίων
1497 890 1930 961 ἀποκεκλεισμέ-

234 1000 368 1050 νων,
394 985 489 1036 καὶ
518 984 735 1037 πάντων
762 986 817 1037 ἐν
846 986 965 1046 ταῖς
996 983 1301 1053 πανδήμοις
1331 981 1554 1045 ταύταις
1583 979 1934 1052 διημερευόν-

234 1088 348 1124 των
387 1071 582 1135 λιταῖς,
626 1071 717 1125 καὶ
756 1071 846 1125 τὸν
890 1071 1023 1123 θεὸν
1068 1071 1166 1141 μιᾷ
1209 1071 1302 1123 καὶ
1348 1073 1502 1139 κοινῇ
1537 1071 1688 1139 φωνῇ
1726 1080 1751 1108 ﬂ
1798 1067 1937 1138 μετά

235 1157 446 1227 πολλῆς
494 1157 799 1211 καλούντων
841 1156 943 1227 τῆς
983 1156 1313 1227 προθυμίας.
1364 1158 1521 1219 Ποῖος
1562 1153 1737 1208 ταῦτα
1779 1154 1937 1223 λόγος

237 1244 438 1299 ἀνύσαι
470 1245 604 1299 ποτέ
652 1244 877 1316 ἴσχυσες
926 1245 1057 1298 ποία
1095 1244 1449 1315 παραίνεσις;
1493 1243 1579 1307 τίς
1618 1241 1933 1313 συμϐουλή;

236 1332 411 1386 πόσον
438 1332 635 1405 χρόνου
665 1333 839 1404 μῆκος
858 1350 875 1398 ;

315 1439 488 1510 β’.Διά
497 1430 670 1492 ταῦτα
681 1437 987 1510 εὐχαριστῶ
994 1455 1112 1509 μεν,
1132 1438 1224 1491 κα¹ι
1242 1437 1315 1509 μὴ
1327 1437 1680 1491 ἀποδυσπετῶ
1688 1456 1786 1509 μεν
1801 1438 1934 1511 μηδέ

238 1527 702 1599 δυσχεραίνωμεν.
731 1526 853 1579 Ὅτι
878 1526 987 1597 γὰρ
1015 1526 1176 1579 καλὸν
1201 1528 1229 1578 6
1258 1526 1441 1595 φόϐος,
1474 1526 1677 1591 ἐδίδαξε
1708 1528 1803 1599 μὲν
1833 1528 1929 1581 καὶ⁵

239 1614 312 1668 τά
338 1614 627 1687 εἰρημένα·
658 1614 888 1670 ἄκουσον
915 1614 974 1668 δέ
1002 1614 1098 1667 καὶ
1127 1613 1475 1683 Σολομῶντος
1509 1617 1639 1686 περὶ
1663 1615 1826 1668 αὐτοῦ
1852 1633 1933 1685 φι-

238 1702 600 1772 λοσοφοῦντος
620 1701 815 1766 οὕτως,
847 1702 1191 1772 Σολομῶντος
1220 1702 1315 1755 106
1346 1702 1495 1776 πάσῃ
1538 1702 1934 1775 συντραφέντος

237 1793 425 1862 τρυφῇ
454 1794 551 1844 καὶ
591 1789 793 1861 πολλῆς
829 1788 1238 1853 ἀπολαύσαντος
1264 1788 1468 1853 ἀδείας.
1500 1790 1565 1843 Τί
1598 1786 1691 1844 οὖν
1729 1790 1934 1855 ἐκεῖνός

241 1895 446 1949 φησιν;
476 1877 719 1949 Ἀγαθὸν
742 1874 1109 1947 πορευθῆναι
1136 1879 1224 1942 είς
1256 1874 1426 1932 οἷκον
1452 1877 1733 1945 πένθους,
1755 1880 1795 1948 ἣ
1825 1895 1934 1933 πο-

233 1966 531 2036 ρευθῆναι
559 1967 647 2032 είς
669 1961 836 2019 οἶκον
854 1963 1130 2034 γέλωτος.
1151 1964 1217 2018 Τί
1236 1964 1434 2035 λέγεις,
1461 1965 1583 2018 εἰπέ
1613 1983 1702 2037 μοι
1722 1983 1738 2032 ;
1759 1966 1933 2020 Ὅπου

241 2054 467 2127 θρῆνος,
493 2054 589 2109 καὶ
609 2054 845 2126 δάκρυα,
874 2055 971 2107 καὶ
992 2054 1253 2125 οἰμωγαὶ,
1282 2054 1376 2109 καὶ
1396 2052 1579 2125 ὀδύνη,
1608 2054 1702 2110 καὶ
1723 2052 1935 2126 ἀθυμία

241 2142 504 2214 τοσαύτη,
547 2141 755 2213 βέλτιον
782 2140 1039 2195 ἀπελθεῖν
1073 2141 1295 2212 μᾶλλον,
1334 2141 1367 2213 ἢ
1407 2142 1540 2197 ὅπου
1582 2144 1811 2215 χορεῖαι,
1840 2144 1935 2198 καὶ

242 2230 527 2302 κύμϐαλα,
554 2232 648 2283 καὶ
665 2228 858 2298 γέλως,
877 2228 970 2283 καὶ
983 2228 1183 2300 τρυφὴ,
1206 2229 1299 2283 καὶ
1314 2228 1613 2301 ἀδηφαγία,
1638 2229 1733 2283 καὶ
1753 2230 1891 2301 μέθη
1916 2249 1931 2299 ;

244 2319 378 2379 Ναὶ.
422 2316 556 2389 φησί
596 2316 645 2369 ιι.
700 2316 856 2380 Τίνος
885 2315 1092 2380 ἕνεκεν,
1119 2315 1241 2370 είπέ
1282 2333 1394 2389 μοι,
1442 2316 1538 2370 καὶ
1569 2315 1659 2371 διά
1693 2317 1782 2383 τί;
1814 2317 1936 2373 ’Ότι

245 2406 458 2462 ἐκεῖθεν
499 2405 595 2476 μὲν
624 2402 880 2475 παροινία
898 2445 913 2470 ,
943 2402 1190 2457 ἐντεῦθεν
1217 2403 1274 2457 δὲ
1315 2404 1638 2475 σωφροσύνη
1668 2405 1933 2460 τίκτεται·

244 2494 352 2549 κᾶν
374 2493 591 2567 ἀπέλθῃ
619 2509 703 2556 τις
725 2493 807 2554 είς
830 2491 1206 2563 εὐπορωτέρου
1236 2491 1563 2563 συμπόσιον,
1586 2492 1769 2547 οὐκέτι
1798 2494 1937 2565 μετά

246 2583 348 2653 τῆς
366 2581 540 2651 αὐτῆς
564 2579 756 2652 ήδονῆς
770 2577 959 2648 ὄψεται
984 2577 1081 2650 τὴν
1102 2578 1300 2647 οἰκίαν,
1326 2578 1442 2634 ἀλλ’
1465 2579 1646 2651 ἀηδῶς
1672 2580 1770 2651 μὲν
1800 2581 1937 2653 πρὸς

246 2670 346 2744 τὴν
393 2671 629 2739 γυναῖκα
680 2664 962 2738 ἐπανήξει,
1010 2665 1194 2736 ἀηδῶς
1237 2666 1295 2721 δέ
1340 2666 1439 2737 τῆς
1481 2666 1675 2721 ἐαυτοῦ
1722 2668 1936 2738 μεθέξει

244 2755 551 2831 τραπέζης,
600 2754 694 2809 καὶ
737 2753 1068 2825 δυσάρεστος
1107 2754 1202 2807 καὶ
1240 2756 1355 2818 τοῖς
1397 2754 1637 2819 οἰκέταις
1679 2757 1776 2808 καὶ
1824 2760 1938 2822 τοῖς

246 2844 488 2908 παιδίοις
520 2843 616 2896 καὶ
645 2842 814 2895 πᾶσιν
848 2840 1001 2894 ἐσται
1032 2842 1148 2904 τοῖς
1175 2841 1317 2894 κατά
1348 2840 1446 2912 τὴν
1473 2842 1672 2907 οίκίαν,
1701 2843 1809 2897 ἀπὸ
1838 2846 1939 2916 τῆς

248 2935 453 3006 ἐτέρων
481 2930 739 3002 εὐπορίας
776 2927 1164 3001 ἀκριϐέστερον
1202 2926 1434 2983 κατιδὼν
1470 2928 1571 2993 τὴν
1610 2931 1805 2985 ἐαυτοῦ
1843 2950 1939 2985 πε-

250 3023 396 3077 νίαν.
442 3021 554 3073 Καὶ
598 3019 658 3072 οὐ
704 3016 863 3070 τοῦτο
905 3016 1063 3087 μόνον
1101 3016 1219 3069 ἐστὶ
1246 3014 1309 3069 16
1342 3016 1539 3082 δεινὸν,
1578 3017 1693 3072 ἀλλ’
1723 3020 1805 3073 ὄτι
1846 3022 1939 3074 καὶ

253 3108 541 3181 βασκαίνει
590 3105 848 3168 πολλάκις
885 3103 965 3175 τῷ
1014 3103 1301 3158 καλέσαντι
1341 3104 1504 3158 αὐτὸν
1537 3106 1673 3177 πρὸς
1716 3105 1814 3178 τὴν
1849 3110 1941 3161 εὐ-

251 3198 446 3270 ωχίαν·
497 3194 589 3249 καὶ
626 3194 764 3257 ὅλως
802 3192 955 3246 οὐδὲν
995 3191 1197 3260 ἀγαθὸν
1236 3191 1416 3245 λαϐὼν
1453 3193 1633 3248 οἴκαδε
1659 3195 1936 3266 ἐπανήξει.

254 3285 384 3341 Ἐπὶ
428 3284 485 3337 δέ
525 3281 633 3336 τῶν
680 3279 1021 3335 πενθούντων
1063 3278 1216 3334 οὐδὲν
1257 3278 1498 3334 τοιοῦτον
1544 3280 1691 3335 ἐστιν
1742 3284 1935 3350 εἰπεῖν,

254 3373 393 3428 ἀλλά
430 3370 600 3443 πολλὴ
638 3370 735 3441 μὲν
774 3370 808 3439 ἡ
837 3367 1146 3437 φιλοσοφία,
1180 3366 1349 3438 πολλὴ
1379 3366 1496 3439 δὲή
1530 3368 1855 3441 σωφροσύνη
1887 3382 1934 3426 ε,

256 3461 412 3530 ’Δμα
440 3458 547 3530 γάρ
572 3456 638 3511 ἀν
665 3472 750 3518 τις
772 3454 934 3527 ἐπιϐῇ
968 3453 1076 3507 τῶν
1104 3453 1394 3528 προθύρων
1414 3455 1513 3525 τῆς
1536 3456 1713 3519 οἰκίας
1729 3456 1829 3528 τῆς
1853 3474 1940 3511 νε-

256 3548 389 3620 κρὸν
417 3544 665 3617 ἐχούσης,
702 3542 796 3597 καὶ
825 3541 917 3595 τδν
944 3541 1367 3613 τετελευτηκότα
1400 3540 1485 3615 ίδῃ
1517 3542 1739 3612 ἄφωνον
1762 3544 1941 3614 κείμε-

256 3653 366 3698 νον,
398 3635 493 3688 καὶ
514 3633 611 3705 τὴν
639 3633 876 3702 γυναῖκα
903 3629 1002 3693 τὰς
1025 3629 1223 3702 τρίχας
1246 3628 1551 3697 τίλλουσαν,
1581 3629 1680 3694 τάς
1707 3633 1939 3703 παρειὰς

258 3721 684 3790 καταξαίνουσαν
700 3760 716 3786 ,
759 3720 886 3781 τοὺς
936 3716 1226 3789 βραχίονας
1271 3716 1734 3786 κατατέμνουσαν,
1774 3735 1941 3773 κατα-

259 3811 554 3872 στέλλεται,
577 3805 984 3877 σκυθρωπάζει,
1007 3803 1232 3859 καὶτῶν
1259 3803 1688 3875 συγκαθημένων
1710 3805 1939 3871 ἕκαστος

258 3898 396 3970 πρὸς
418 3897 508 3950 τὸν
535 3894 761 3966 πλησίον
788 3893 940 3947 οὐδὲν
967 3893 1154 3963 ἐτερον
1179 3892 1477 3962 φθέγγεται
1504 3892 1620 3946 ἀλλ’
1641 3893 1697 3964 ἢ,
1724 3895 1805 3947 ὅτι
1830 3895 1938 3949 οὐ-

256 3988 344 4041 δέν
370 3989 556 4057 ἐσμεν,
584 3985 679 4037 καὶ
701 3984 735 4054 ἡ
763 3982 931 4038 κακία
956 3981 1113 4053 ἡμῶν
1146 3979 1375 4051 ἀφατος.
1412 3980 1478 4033 Τί
1498 3980 1702 4035 τούτων
1722 3981 1936 4051 φιλοσο-

258 4074 501 4144 φώτερον
525 4070 635 4126 τῶν
672 4071 933 4142 ῥημάτων
955 4069 1149 4137 γένοιτ’
1189 4068 1278 4133 ἂν,
1305 4070 1434 4123 ὅταν
1475 4067 1570 4122 καὶ
1594 4068 1695 4140 τῆς
1722 4070 1940 4138 φύσεως

258 4160 355 4234 τὴν
390 4158 664 4212 εὐτέλειαν
694 4153 1166 4224 ἐπιγινώσκωμεν,
1193 4156 1287 4209 καὶ
1305 4156 1403 4227 τὴν
1427 4154 1692 4229 πονηρίαν
1716 4156 1936 4211 διαϐάλ-

258 4248 462 4319 λωμεν,
487 4246 577 4299 καὶ
610 4243 774 4316 μηδὲν
812 4238 951 4297 εἶναι
979 4241 1047 4296 τά
1077 4242 1319 4316 παρόντα
1349 4241 1659 4313 νομίζωμεν
1679 4281 1696 4309 ,
1730 4244 1939 4317 ἑτέροις

263 4335 362 4406 μὲν
403 4335 640 4405 ῥήμασι,
691 4329 884 4404 γνώμῃ
933 4330 989 4384 δὲ
1031 4332 1098 4404 τῇ
1151 4330 1289 4401 αὐτῇ
1338 4330 1405 4384 τὰ
1448 4327 1541 4383 106
1594 4331 1940 4401 Σολομῶντος

261 4422 619 4493 φθεγγόμενοι
648 4420 831 4475 ἐκεῖνα
860 4416 931 4471 τά
956 4415 1242 4489 θαυμαστὰ
1269 4417 1362 4471 καὶ
1392 4416 1590 4487 πολλῆς
1621 4418 1939 4491 φιλοσοφίας

259 4508 517 4579 γέμοντα,
545 4509 627 4562 ὅτι
670 4507 1004 4574 Ματαιότης
1036 4503 1469 4575 ματαιοτήτων.
1506 4505 1605 4558 καὶ
1639 4505 1710 4560 τὰ
1741 4506 1941 4564 πάντα

256 4598 579 4668 ματαιότης
602 4612 621 4659 ;
648 4595 706 4647 '0
740 4597 820 4657 είς
860 4590 1008 4648 οἷκον
1039 4592 1379 4647 πενθούντων
1415 4594 1692 4658 εἰσελθὼν,
1736 4595 1939 4660 εὐθέως

260 4684 482 4758 δακρύει
508 4685 598 4738 τὸν
623 4682 926 4738 ἀπελθόντα
947 4721 961 4746 ,
997 4680 1101 4735 κᾶν
1130 4680 1323 4753 ἐχθρὸς
1448 4679 1601 4746 Εἶδες
1625 4682 1791 4737 πόσον
1821 4682 1939 4754 βελ-

258 4772 392 4826 τίων
415 4771 552 4844 αὐτη
576 4770 792 4841 ἐκείνης
818 4772 852 4839 ἡ
890 4769 1061 4837 οἰκίας
1098 4770 1244 4823 Ἐκεῖ
1268 4769 1368 4840 μὲν
1399 4768 1529 4840 γάρ,
1565 4769 1668 4823 κᾶν
1699 4770 1852 4839 φίλος
1876 4767 1934 4844 ᾖ,

261 4860 463 4930 φθονεῖ·
488 4858 721 4913 ἐνταῦθα
748 4858 828 4921 δέ,
858 4857 963 4913 κᾶν
989 4858 1181 4929 ἐχθρὸς
1207 4853 1264 4931 ᾖ,
1295 4856 1541 4929 δακρύει·
1568 4856 1748 4924 10610,
1775 4857 1804 4910 6
1836 4859 1939 4928 μά-

260 4947 416 5001 λιστα
447 4949 662 5002 πάντων
683 4950 712 5000 6
739 4946 870 5011 Θεὸς
898 4944 1162 5016 ἐπιζητεῖ,
1190 4945 1251 4998 16
1282 4945 1356 5017 μὴ
1384 4945 1678 5016 ἐφήδεσθαι
1707 4949 1820 5011 τοῖς
1846 4947 1937 5001 λε-

262 5035 579 5105 λυπηκόσιν.
599 5037 674 5090 Οὐ
691 5034 865 5089 ταῦτα
879 5036 936 5088 δὲ
962 5034 1120 5105 μόνον
1143 5033 1288 5087 ἐστιν
1310 5032 1518 5087 ἐκεῖθεν
1539 5033 1937 5107 καρπώσασθαι

261 5124 332 5178 τὰ
361 5123 521 5188 καλὰ,
553 5124 688 5178 ἀλλὰ
712 5125 806 5177 καὶ
837 5123 1001 5193 ἕτερα
1029 5120 1231 5174 τούτων
1267 5120 1369 5174 οὐκ
1412 5121 1637 5176 ἐλάττω.
1686 5123 1796 5176 Καὶ
1829 5122 1937 5195 γὰρ

263 5213 734 5283 ἀναμιμνήσκεται
766 5208 916 5283 [154]
960 5207 1070 5262 τῶν
1110 5207 1527 5278 ἁμαρτημάτων
1559 5208 1790 5273 ἕκαστος
1827 5210 1936 5264 τῶν

266 5299 478 5364 ἑαυτοῦ,
505 5300 599 5353 καὶ
625 5298 719 5353 106
738 5296 1090 5367 δικαστηρίου
1113 5294 1208 5349 106
1242 5294 1495 5366 φοϐεροῦ,
1524 5295 1619 5351 καὶ
1645 5296 1754 5349 τῶν
1782 5298 1938 5351 εὐθυ-

265 5388 369 5444 νῶν
388 5387 631 5445 ἐκείνων.
660 5387 873 5456 καὶτῆς
900 5384 1154 5456 κρίσεως,
1178 5382 1279 5436 κᾶν
1371 5382 1542 5455 μυρία
1567 5384 1713 5438 κακὰ
1738 5402 1937 5441 πεπον-

268 5475 371 5540 θὼς
412 5477 539 5546 παρ’
594 5475 816 5545 ἐτέρων,
865 5474 959 5528 καὶ
1002 5471 1175 5534 λύπας
1222 5471 1361 5525 κατὰ
1407 5472 1507 5542 τὴν
1548 5473 1724 5526 οἰκίαν
1773 5472 1933 5543 ἔχων,

266 5566 483 5621 πάντων
501 5563 677 5618 αὐτῶν
699 5560 881 5617 λαϐὼν
906 5561 968 5615 16
992 5562 1280 5633 φάρμακον
1300 5560 1472 5624 οὕτως
1494 5559 1791 5618 ἐπάνεισιν.
1820 5565 1935 5617 Ἑν-

320 5765 484 5831 fSice
507 5768 619 5817 Sav.
641 5766 1129 5831 resulnimu§.Yplg.
1144 5766 1193 5831 ἐν
1211 5770 1270 5829 τῇ
1295 5769 1381 5831 μιᾷ
1404 5769 1539 5827 κοινῇ
1565 5769 1721 5828 φωνῇ.
1737 5765 1865 5816 Enn.

321 5827 352 5872 δ
376 5831 509 5890 Haec,
532 5831 625 5885 ναὶ.
648 5829 781 5892 φησί,
802 5830 851 5876 in
867 5828 974 5878 solo
998 5827 1119 5877 M06.
1144 5827 1342 5892 desim],

523 5898 576 5967 εει
610 5885 749 5967 mhi“
773 5885 893 5939 ’ωεε-
916 5888 1422 5967 30199007305693“.-
1775 5885 1933 5967 22910

266 5962 374 6017 post
397 5955 492 6017 Sa}!
536 5954 637 6014 ἅμα
657 5953 746 6014 γάρ
768 5968 894 6017 τιςζ
916 5948 1224 6017 ίδῃῄἆφωνον,
1248 5948 1330 6001 alii
1348 5951 1461 5998 ἰδὼν
1483 5948 1686 6013 ἄφωνον.
1715 5951 1758 6013 (ι
1775 5948 1932 5998 Rece-

269 6011 421 6070 iwimus
439 6015 520 6075 ἴδη
555 6011 643 6075 pro
669 6011 797 6076 \ulg.
823 6012 958 6061 εἶδεν.
978 6011 1124 6062 Ἐοιτ.
1141 6013 1188 6074 υ)

1242 427 1334 482 ΔΟ
1372 424 1702 481 POPULUM
1744 422 2259 481 ANTIOCHENUM
2298 425 2536 484 HOMIL.
2577 427 2698 483 XV.

3624 427 3730 486 {6'3

2045 541 2243 611 νοήσας
2265 542 2393 613 γάρ,
2412 543 2494 595 ὅτι
2517 542 2710 613 μικρὸν
2737 542 2959 615 ὕστερον
2984 542 3077 597 καὶ
3096 542 3256 608 αὐτὸς
3282 543 3523 598 πείσεται
3546 544 3724 606 τοῦτο,

2048 632 2142 682 καὶ
2167 630 2366 694 πάντες
2389 631 2444 684 δὲ
2467 632 2514 683 οἱ
2545 630 2755 702 μεγάλα
2778 631 3073 701 φυσῶντες,
3100 631 3194 684 καὶ
3218 632 3299 686 ὅτι
3329 632 3637 704 πρόσκαιρα
3659 632 3730 686 τά

2048 718 2290 788 παρόντα
2312 720 2530 772 ἅπαντα
2553 760 2568 783 ,
2598 719 2699 774 κᾶν
2732 720 2942 790 χρηστά
2974 717 3042 793 ᾗ,
3077 719 3179 775 κᾶν
3216 719 3458 790 λυπηρὰ,
3490 720 3729 790 ἀθυμίαν

2046 808 2138 860 καὶ
2163 806 2458 877 βασκανίαν
2489 808 2707 862 ἃπασαν
2736 807 3093 877 ἀποθέμενος,
3130 808 3225 862 καὶ
3252 807 3461 879 κούφην
3495 809 3729 879 ποιήσας

2043 895 2143 965 τὴν
2184 895 2380 966 ψυχὴν,
2426 896 2520 948 καὶ
2568 895 2891 966 πτερωθεὶς,
2936 894 3109 959 061m;
3147 895 3327 949 οἴκαδε
3372 896 3725 965 ἀναστρέψει·

2045 985 2139 1039 καὶ
2168 984 2413 1038 ἐντεῦθεν
2439 982 2787 1056 ἡμερώτερος
2816 984 2963 1039 ἔσται
2992 986 3122 1038 πᾶσι
3143 984 3327 1038 λοιπὸν
3347 1026 3360 1048 ,
3387 985 3726 1038 ἐπιεικέστε-

2047 1090 2137 1142 ρος
2178 1073 2271 1126 καί
2309 1073 2741 1143 προσηνέστερος
2791 1072 2884 1126 καὶ
2928 1071 3379 1144 φιλοσοφώτερος,
3419 1072 3515 1126 106
3559 1070 3726 1141 φόϐου

2042 1160 2151 1213 τῶν
2184 1160 2484 1231 μελλόντων
2521 1160 2927 1224 ἐπεισελθόντος
2966 1161 3132 1215 αὐτοῦ
3177 1165 3241 1233 τῇ
3284 1163 3427 1233 ψυχῇ
3450 1203 3464 1225 ,
3502 1161 3596 1215 καὶ
3631 1161 3729 1225 τάς

2042 1249 2286 1313 ἀκάνθας
2308 1249 2718 1319 δαπανήσαντος
2752 1250 2983 1311 ἁπάσας.
3024 1250 3137 1303 Καὶ
3168 1251 3342 1304 ταῦτα
3383 1251 3559 1307 πάντα
3588 1252 3732 1303 ἐκεῖς-

2042 1355 2132 1402 νος
2160 1336 2384 1391 συνιδὼν
2418 1337 2603 1406 ἔλεγεν
2633 1338 2736 1397 ὅτι,
2777 1338 3020 1406 Ἀγαθὸν
3049 1339 3414 1406 πορευθῆναι
3441 1342 3529 1403 είς
3562 1335 3731 1392 οἷκον

2042 1425 2322 1491 πένθους,
2360 1424 2398 1493 ἣ
2432 1417 2795 1492 πορευθῆὶναι
2830 1427 2917 1492 εὶς
2949 1425 3121 1479 οἷκον
3153 1426 3360 1479 πότου·
3398 1425 3606 1478 ἐκεῖθεν
3638 1427 3729 1496 ῥα-

2043 1513 2231 1585 θυμία,
2268 1512 2517 1567 ἐντεῦθεν
2551 1513 2762 1583 ἀγωνία
2786 1513 3015 1583 γίνεται·
3056 1513 3264 1568 ἐκεῖθεν
3300 1514 3724 1584 καταφρόνησις,

2041 1602 2289 1657 ἐντεῦθεν
2333 1602 2516 1671 φόϐος,
2563 1603 2591 1654 ό
2636 1602 2773 1674 πρὸς
2816 1600 3037 1655 ἃπασαν
3085 1600 3112 1640 ἀ
3156 1603 3306 1671 ἡμᾶς
3364 1601 3729 1669 παιδαγωγῶν

2040 1691 2261 1762 ἀρετήν.
2283 1692 2346 1744 El
2374 1690 2449 1761 μὴ
2471 1689 2636 1743 καλὸν
2660 1685 2729 1761 ἦν
2747 1692 2775 1742 6
2799 1690 2983 1758 φόϐος,
3012 1689 3111 1742 οὐκ
3133 1688 3198 1743 ἀν
3226 1689 3353 1753 τοὺς
3384 1688 3610 1753 πολλοὺς
3636 1691 3730 1743 καὶ

2046 1780 2291 1852 μακροὺς
2320 1778 2565 1849 ἀνήλωσε
2595 1777 2788 1846 λόγους
2820 1779 2847 1831 6
2881 1777 3113 1847 Χριστὸς
3145 1778 3272 1848 περὶ
3300 1778 3399 1849 τῆς
3426 1778 3542 1831 ἐκεῖ
3568 1777 3729 1833 κολά-

2043 1884 2181 1931 σεως
2216 1868 2313 1922 καὶ
2341 1867 2609 1939 τιμωρίας
2636 1865 3039 1936 διαλεγόμενος.
3075 1865 3132 1919 '0
3161 1865 3325 1934 φόϐος
3359 1865 3511 1919 οὐδὲν
3541 1865 3731 1937 ἔτερόν

2043 1958 2209 2021 ἐστιν,
2236 1956 2271 2027 ἢ
2293 1958 2468 2027 τεῖχος
2484 1956 2578 2009 καὶ
2598 1953 2888 2023 ἀσφάλεια,
2915 1954 3010 2008 καὶ
3027 1952 3235 2023 πύργος
3260 1951 3725 2022 ἀκαταγώνιστος·

2042 2045 2136 2099 καὶ
2163 2043 2272 2115 γάρ
2300 2043 2504 2113 πολλῆς
2533 2044 2666 2113 ἡμῖν
2694 2040 2995 2111 ἀσφαλείας
3022 2041 3121 2108 δεῖ,
3147 2041 3236 2095 διὰ
3272 2041 3332 2096 τὸ
3358 2041 3559 2106 πολλάς
3586 2038 3728 2097 εἶναι

2043 2128 2317 2200 πανταχοῦ
2351 2128 2450 2193 τὰς
2480 2129 2720 2200 ἐνέδρας·
2754 2127 3008 2201 καθάπερ
3029 2128 3192 2191 αὐτὸς
3209 2124 3365 2192 0610;
3399 2128 3557 2186 πάλιν
3588 2146 3725 2201 παρ-

2042 2218 2206 2271 αινῶν
2248 2220 2276 2271 ό
2320 2216 2569 2287 Σολομὼν
2610 2216 2815 2285 ἔλεγεν·
2839 2215 3177 2285 Ἔπιγυνωθι,
3212 2217 3299 2270 ὅτι
3327 2216 3397 2271 ἐν
3422 2216 3592 2285 μέσῳ
3618 2234 3728 2272 παν

2041 2304 2224 2375 τίδων
2247 2303 2569 2368 διαϐαίνεις
2594 2303 2691 2379 καὶ
2715 2304 2813 2357 ἐπὶ
2834 2302 3148 2368 ἐπάλξεων
3178 2306 3409 2370 πόλεως
3436 2315 3460 2344 ο
3485 2318 3725 2373 περιπαα

2042 2391 2183 2459 τεῖς.
2229 2390 2400 2445 Βαϐαῖ
2434 2392 2615 2444 πόσων
2644 2392 2803 2462 γέμει
2852 2390 3010 2445 10610
3050 2391 3112 2444 16
3155 2391 3307 2464 ῥῆμα
3352 2390 3596 2459 ἀγαθῶν,
3633 2393 3729 2446 καὶ

2044 2481 2144 2534 οὐκ
2164 2480 2383 2533 ἔλαττον
2412 2479 2445 2549 ἦ
2480 2479 2539 2533 16
2570 2479 2866 2549 πρότερονί

2114 2566 2512 2638 Ἐγγράψωμεν
2534 2566 2712 2620 τοίνυν
2735 2566 2966 2629 ἕκαστος
2991 2564 3084 2618 ἐπὶ
3108 2565 3206 2634 τῆς
3226 2566 3463 2625 διανοίας
3480 2565 3610 2619 αὐτὸ
3629 2563 3725 2634 τῆς

2043 2655 2338 2726 ἡμετέρας,
2365 2654 2458 2708 καὶ
2476 2653 2863 2725 περιφέρωμεν
2890 2653 2985 2706 ἐπὶ
3004 2651 3106 2722 τῆς
3133 2658 3352 2728 μνήμης
3380 2653 3487 2720 ἀεὶ,
3511 2654 3604 2707 καὶ
3630 2652 3726 2725 οὐχ

2046 2739 2479 2812 ἁμαρτησόμεθα
2536 2739 2765 2809 ταχέως.
2824 2738 3219 2810 Ἐγγράψωμεν
3270 2740 3533 2812 πρότερον
3597 2741 3730 2795 αὐτο

2048 2829 2187 2901 μετά
2213 2827 2499 2899 ἀκριϐείας
2530 2828 2748 2900 ἀπάσης
2794 2827 3078 2898 μαθόντες·
3113 2828 3176 2881 οὐ
3209 2828 3319 2898 γὰρ
3353 2823 3497 2891 εἷπε,
3531 2828 3729 2893 Βλέπε,

2043 2918 2126 2971 ὅτι
2161 2918 2219 2970 ἐν
2266 2916 2415 2987 μέσῳ
2445 2914 2685 2984 παγίδων
2730 2913 3048 2979 διαϐαίνεις,
3090 2914 3226 2979 ἀλλ’,
3248 2915 3582 2985 Ἐ’πίγνωθι.
3620 2917 3732 2970 Καὶ

2044 3003 2186 3067 τίνος
2218 3003 2403 3057 ἕνεκεν
2431 2996 2604 3066 εἶπεν,
2637 3002 2986 3071 Ἐπίγνωθι;
3024 3002 3439 3066 Συνεσκίασται,
3481 3004 3667 3075 φησὶν,
3692 3007 3731 3074 ἢ

2046 3089 2233 3158 παγίς·
2265 3087 2423 3143 τοῦτο
2443 3088 2553 3161 γάρ
2574 3089 2720 3142 ἐστιν
2753 3088 2787 3158 ἡ
2814 3087 3004 3156 παγὶς,
3029 3088 3156 3141 ὅταν
3191 3086 3260 3163 μή
3294 3089 3528 3162 φανερὸς
3555 3092 3583 3144 6
3611 3090 3730 3146 δλεο

2047 3174 2174 3246 θρος
2219 3174 2500 3244 φαίνηται,
2547 3172 2678 3245 μηδὲ
2715 3172 2845 3244 δήλη
2888 3175 2920 3245 ὴ
2976 3172 3171 3245 βλάϐη,
3215 3173 3350 3228 ἀλλά
3396 3178 3732 3248 πανταχόθεν

2048 3279 2112 3314 πε
2124 3278 2199 3330 ριε
2210 3259 2479 3331 σταλμένη
2510 3260 2879 3330 παρακέηται·
2901 3261 2989 3315 διά
3008 3260 3164 3315 τοῦτό
3191 3279 3373 3332 φησιν,
3394 3264 3728 3335 Ἐπίγονωθι·

2047 3347 2246 3419 πολλῆς
2274 3364 2356 3401 σοι
2385 3346 2465 3400 δεῖ
2488 3345 2590 3416 τῆς
2627 3348 3009 3418 κατανοήσεως
3028 3348 3122 3401 καὶ
3149 3347 3412 3420 ἀκριϐοῦς
3449 3349 3549 3421 τῆς
3577 3352 3732 3423 ἐρεύ.

2045 3453 2165 3507 νης.
2204 3436 2419 3507 ’Ὠσπερ
2451 3434 2560 3505 γὰρ
2587 3433 2657 3488 τά
2696 3435 2884 3489 παιδία
2907 3437 2973 3507 τῇ
3002 3438 3074 3508 γῇ
3106 3436 3204 3509 τὴν
3238 3436 3474 3506 παγίδα,
3506 3439 3680 3504 οὐτως
3700 3440 3729 3492 ὁ

2045 3523 2290 3589 διάϐολος
2329 3523 2428 3583 τάς
2468 3522 2745 3595 ἁμαρτίας
2770 3524 2890 3587 ταῖς
2917 3522 3197 3594 βιωτικαῖς
3223 3526 3589 3598 περιέστειλεν
3612 3527 3733 3597 ὴδοο

2045 3614 2185 3677 ναῖς·
2213 3611 2329 3666 ἀλλ’
2355 3609 2620 3680 ἐπίγνωθι
2647 3609 3069 3683 διερευνώμενος
3093 3611 3356 3684 ἀκριϐῶς,
3384 3613 3480 3667 καὶ
3509 3612 3602 3667 ἐάν
3628 3614 3734 3684 ἐμ-

2046 3699 2191 3772 πέσῃ
2221 3697 2435 3771 κέρδος,
2476 3697 2552 3769 μὴ
2593 3697 2657 3751 16
2700 3696 2893 3770 κέρδος
2925 3698 3042 3772 ίδῃς
3077 3698 3258 3770 μόνον,
3300 3698 3415 3754 ἀλλ’
3439 3701 3733 3773 ἐρεύνησον

2049 3785 2317 3859 ἀκριϐῶς,
2355 3786 2432 3859 μή
2461 3802 2565 3839 που
2592 3784 2823 3851 θάνατος
2847 3785 2942 3839 καὶ
2972 3787 3215 3857 ἁμαρτία
3234 3788 3316 3851 είς
3339 3788 3399 3841 τὸ
3424 3788 3614 3861 κέρδος
3646 3790 3733 3843 έν·-

2044 3875 2133 3929 δον
2156 3873 2551 3947 ἐγκέκρυπται·
2579 3873 2685 3928 κάν
2714 3872 2852 3946 ίδῃς,
2873 3873 3145 3942 ἀπόφυγε.
3174 3873 3363 3939 Πάλιν,
3386 3875 3515 3929 ὅταν
3542 3877 3735 3947 τέρψις

2045 3964 2141 4017 καὶ
2173 3961 2334 4034 ἡδονὴ
2375 3961 2730 4035 παρεμπέσῃ,
2769 3960 2845 4033 μὴ
2880 3959 2978 4033 τὴν
3013 3960 3203 4033 ἡδονὴν
3234 3960 3349 4032 ίδῃς
3380 3960 3562 4032 μόνον,
3593 3964 3731 4024 ἀλλὰ

2049 4056 2122 4122 μή
2170 4068 2275 4107 που
2328 4047 2644 4121 παρανομία
2696 4066 2781 4108 τις
2826 4051 2885 4102 ἐν
2925 4046 3003 4116 τῷ
3028 4047 3181 4117 βάθει
3220 4049 3319 4119 τῆς
3365 4050 3558 4121 ἡδονῆς
3606 4068 3732 4110 συν-

2046 4137 2352 4202 εσκίασται,
2400 4136 2539 4207 μετὰ
2579 4135 2865 4208 ἀκριϐείας
2901 4134 3174 4203 ἐξέτασον,
3209 4137 3313 4190 κᾶν
3359 4137 3548 4211 εὕρῃς,
3591 4140 3727 4195 ἀπο.

2046 4226 2306 4297 πήδησον·
2343 4224 2448 4278 κᾶν
2478 4223 2822 4295 συμϐουλεύῃ
2849 4239 2953 4291 τις,
2984 4222 3088 4277 κᾶν
3119 4222 3409 4297 κολακεύῃ,
3433 4225 3537 4281 κᾶν
3560 4226 3726 4298 θερα-

2046 4312 2207 4383 πεύῃ.
2230 4311 2335 4366 κάν
2366 4310 2531 4382 τιμὰς
2551 4310 2975 4381 ἐπαγγέλληται,
2999 4309 3100 4363 κᾶν
3119 4310 3298 4364 ὁτιοῦν
3322 4311 3527 4384 ἕτερον,
3550 4314 3728 4367 πάντα

2045 4399 2387 4466 ἐξετάζωμεν
2426 4399 2563 4470 μετά
2598 4398 2913 4470 ἀκριϐείας,
2944 4399 3039 4452 καὶ
3076 4398 3502 4470 περισκοπῶμεν
3534 4400 3731 4455 πάντο-

2046 4486 2137 4540 θεν
2168 4488 2244 4558 μή
2268 4484 2371 4539 πού
2396 4503 2477 4550 τις
2501 4485 2695 4557 βλάϐη,
2724 4487 2796 4556 μή
2819 4486 2922 4539 πού
2952 4505 3037 4551 τις
3062 4486 3305 4551 κίνδυνος
3333 4488 3442 4541 ἀπὸ
3466 4488 3564 4558 τῆς
3593 4505 3730 4558 (mp.

2046 4573 2275 4643 ϐουλῆς,
2308 4573 2340 4644 ἢ
2371 4574 2470 4646 τῆς
2503 4573 2691 4643 τιμῆς,
2729 4572 2762 4644 ἢ
2801 4573 2901 4644 τῆς
2932 4573 3227 4646 θεραπείας
3260 4575 3391 4644 ἡμῖν
3423 4575 3726 4646 ἐγγίνηται,

2044 4661 2139 4717 καὶ
2166 4661 2240 4733 μὴ
2264 4661 2472 4732 ταχέως
2509 4661 2603 4715 καὶ
2640 4661 3063 4733 ἀπερισκέπτως
3096 4663 3495 4734 ἐπιτρέχωμεν.
3537 4664 3601 4716 Εἰ
3629 4664 3731 4734 μὲν

2044 4748 2153 4820 γὰρ
2186 4750 2285 4821 μία
2313 4750 2407 4803 καὶ
2441 4750 2535 4804 δύο
2579 4750 2739 4821 μόνον
2773 4746 2915 4822 ἦσαν
2952 4752 3010 4805 αί
3054 4750 3303 4819 παγίδες,
3337 4748 3559 4813 εὔκολος
3592 4748 3659 4823 ἦν
3691 4756 3725 4823 ὴ

2046 4838 2279 4909 φυλακή·
2314 4837 2409 4893 νῦν
2432 4836 2489 4890 δέ
2515 4836 2575 4893 16
2603 4837 2803 4909 πλῆθος
2826 4837 3006 4891 αὐτῶν
3034 4836 3373 4904 ἐνδείξασθαι
3404 4836 3727 4910 βουλόμενος

2043 4923 2361 4997 όΣολομὼν,
2392 4925 2623 4980 ἄκουσον
2655 4924 2772 4989 πῶς
2806 4924 2955 4999 [155]
2997 4942 3161 4997 φησιν
3200 4923 3245 4963 ί·
3271 4926 3608 4996 Ἐπίγνωθι,
3637 4928 3729 4987 ὅτι

2043 5012 2297 5082 ἐνμέσῳ
2330 5012 2597 5082 πατίδων
2626 5012 2968 5079 διαϐαίνεις·
2992 5014 3093 5066 οὐκ
3128 5008 3302 5077 εἶπεν,
3327 5014 3411 5067 ὅτι
3433 5015 3593 5086 Παρά
3622 5035 3729 5070 πα-

2044 5099 2198 5168 γίδας
2222 5099 2536 5163 διαϐαίνεις,
2570 5099 2685 5152 ἀλλ’
2717 5099 2822 5156 Ἐν
2836 5099 3006 5169 μέσῳ
3026 5100 3315 5170 παγίδων.
3353 5101 3726 5174 Ἐκατέριιιθεν

2045 5188 2177 5258 ἡμῖν
2206 5187 2275 5239 τά
2304 5185 2549 5256 βάραθρα
2569 5225 2583 5246 ,
2614 5185 2951 5257 ἑκατέρωθεν
2969 5188 3019 5240 οί
3052 5187 3212 5242 δόλοι.
3243 5188 3500 5242 Ἐνέϐαλέ
3529 5205 3609 5252 τις
3643 5189 3724 5257 είς

2044 5274 2268 5346 ἀγορὰν,
2294 5270 2430 5327 εἶδεν
2449 5272 2662 5345 ἐχθρὸν,
2693 5275 3035 5346 ἐφλέγμανεν
3061 5276 3170 5331 ἀπὸ
3198 5277 3300 5347 τῆς
3325 5277 3500 5347 ὅψεως
3531 5278 3718 5351 μόνης·

2042 5359 2148 5417 εῐδε
2177 5362 2330 5433 φίλον
2358 5362 2745 5433 εὐδοκιμοῦντα
2768 5402 2784 5428 ,
2816 5363 3138 5436 ἐϐάσκηνεν·
3167 5359 3274 5418 είδε
3313 5365 3520 5435 πένητα
3540 5402 3553 5427 ,
3584 5381 3720 5417 κατα

2041 5451 2307 5523 εφρόνησε
2346 5452 2437 5505 καὶ
2471 5452 2775 5523 ὑπερεῖδεν·
2811 5449 2918 5506 εἶδε
2967 5453 3239 5517 πλούσιον,
3267 5452 3360 5506 καὶ
3400 5451 3716 5521 ἐφθόνησενι

2042 5533 2149 5591 εἶδέ
2210 5554 2333 5592 τινα
2381 5539 2824 5609 ἐπηρεαζόμενον
2851 5579 2867 5604 ,
2918 5540 3382 5609 ἀπεδυσπέτησεν·
3437 5533 3547 5592 εἶδέ
3597 5555 3721 5595 τινα

2041 5625 2436 5697 ἐπηρεάζοντα,
2467 5626 2842 5699 ἐδυσχέρανεν·
2862 5622 2969 5680 εἶδε
2991 5630 3223 5695 γυναῖκα
3239 5625 3533 5697 εὔμορφον,
3552 5625 3716 5682 ἑάλω.

2041 5711 2196 5778 Εἶδες
2240 5714 2400 5768 πόσαι
2440 5716 2497 5768 αἱ
2540 5714 2799 5784 παγίδες,
2849 5715 3127 5785 ἀγαπητέ;
3174 5714 3273 5770 Διά
3324 5712 3482 5769 τοῦτό
3528 5730 3718 5786 φησιν·

2101 5884 2129 5951 (ξ
2150 5887 2252 5951 Am
2271 5890 2508 5951 repetunt
2524 5886 2686 5951 φόϐος,
2709 5886 2852 5949 φόϐος
2874 5885 2991 5950 πρὸς
3010 5887 3094 5940 ἀπ.

2107 5949 2129 5972 ⁸
2150 5949 2246 5997 Alii
2267 5949 2471 5998 πόλεων.

2109 6007 2128 6049 ἲ
2156 6008 2254 6060 Alii
2274 6011 2481 6060 ἄκουσον
2504 6009 2549 6059 τί
2560 6026 2719 6074 φησιν.
