4068 6424
318 416 419 470 ιεη

324 538 655 608 Ἑπίγνωθι,
688 538 773 591 ὅτι
803 536 872 592 ἑν
894 535 1061 607 μέσῳ
1106 536 1374 605 παγίδων
1408 536 1751 602 διαϐαίνεις.
1784 536 1895 589 K01
1932 537 1990 588 ἐν

311 625 459 693 οἰκία
481 621 726 690 παγίδες,
755 620 849 673 καὶ
869 620 962 673 ἐπὶ
983 620 1263 691 τραπέζης
1288 618 1532 687 παγίδες,
1562 618 1660 671 καὶ
1687 619 1781 672 ἐπὶ
1806 616 1989 671 συλλό-

311 739 423 790 γων
453 721 698 792 παγίδες.
730 719 997 784 Πολλάκις
1022 720 1444 793 ἀπερισκέπτως
1468 737 1555 785 τις
1587 720 1790 792 μεταξὺ
1817 720 1988 789 φίλων

312 823 532 896 θαρρῶν
572 820 876 892 ἐφθέγξατό
913 840 967 876 τι
999 821 1108 875 τῶν
1140 822 1243 875 οὐκ
1281 820 1606 891 ὀφειλόντων
1642 819 1987 891 ἐξενεχθῆναι

311 924 593 995 ῥημάτων,
621 924 716 978 καὶ
741 922 983 977 κίνδυνον
1007 923 1206 994 ἤνεγκε
1232 920 1505 988 τοσοῦτον,
1533 920 1674 976 ὥστε
1696 921 1987 993 ὁλόκληρον

308 1023 611 1096 ἀνατρέψαι
628 1024 728 1097 τὴν
752 1024 946 1079 οἰκίαν.

376 1149 445 1211 γ’.
463 1141 804 1214 Πανταχόθεν
819 1141 995 1197 τοίνυν
1014 1139 1416 1213 διερευνώμεθα
1429 1138 1498 1194 τὰ
1518 1138 1814 1211 πράγματα
1849 1137 1989 1210 μετὰ

306 1244 610 1316 ἀκριϐείας.
662 1244 928 1308 Πολλάκις
972 1245 1067 1298 καὶ
1108 1242 1245 1314 γυνὴ
1287 1244 1477 1311 γέγονε
1523 1242 1692 1312 παγίς
1742 1244 1857 1305 τοῖς
1909 1242 1986 1314 μὴ

307 1344 659 1416 προσέχουσι,
690 1345 951 1410 πολλάκις
975 1343 1185 1407 παιδία,
1229 1343 1485 1407 πολλάκις
1528 1342 1694 1414 φίλοι,
1727 1342 1987 1407 πολλάκις

305 1446 568 1515 γείτονες,
614 1445 729 1502 Καὶ
774 1445 917 1511 τίνος
959 1443 1149 1498 ἐνεκεν
1198 1442 1458 1496 τοσαῦται
1492 1441 1741 1510 παγίδες,
1788 1440 1982 1513 φησίν;

308 1550 430 1604 Ἵνα
462 1549 538 1622 μὴ
569 1547 815 1605 κάτωθεν
847 1546 1161 1619 πετὼμεθα,
1187 1545 1324 1600 ἀλλά
1345 1543 1418 1599 τὰ
1434 1544 1546 1600 ἀνω
1574 1543 1847 1616 ζητῶμεν.
1875 1541 1988 1596 K01

306 1650 417 1722 γάρ
437 1650 507 1705 τά
523 1648 765 1713 πετεινὰ,
782 1649 887 1714 ἐως
905 1648 973 1704 ἄν
985 1649 1076 1702 τὸν
1097 1646 1298 1719 ὑψηλὸν
1319 1644 1459 1718 ἀέρα
1478 1644 1672 1715 τέμνῃ,
1694 1643 1754 1697 ού
1777 1642 1987 1714 ταχέως

308 1750 611 1805 ἁλίσκεται·
653 1747 797 1804 οὕτω
834 1748 930 1804 καὶ
964 1749 1051 1811 σὺ,
1094 1747 1200 1810 ἐως
1238 1746 1304 1800 ἂν
1337 1746 1474 1817 πρὸς
1513 1743 1583 1798 τά
1621 1745 1733 1798 άνω
1759 1742 1986 1813 βλέπῃς,

306 1851 430 1905 οὔτε
459 1851 565 1905 ὑπὸ
604 1850 850 1920 παγίδος,
885 1847 1009 1902 οὔτε
1045 1848 1136 1918 ὑφ’
1168 1846 1361 1918 ἐτέρας
1396 1844 1541 1909 τινὸς
1570 1842 1755 1915 ἀλώσῃ
1791 1841 1989 1914 ῥᾳδίως

306 1951 620 2023 ἐπιϐουλῆς.
644 1950 885 2022 Ἰξευτής
920 1952 1069 2004 ἐστιν
1103 1951 1133 2003 6
1172 1946 1438 2011 διάϐολος·
1473 1943 1633 2016 γενοῦ
1665 1942 1842 1996 τοίνυν
1877 1940 1987 1997 τῶν

306 2052 516 2107 ἐκείνου
555 2051 822 2122 καλάμων
861 2050 1210 2123 ὑψηλότερος.
1235 2048 1292 2102 '0
1330 2048 1467 2119 1:90;
1502 2045 1561 2099 τὸ
1608 2044 1741 2114 ὕψος
1778 2042 1987 2107 ἀναϐὰς

306 2153 491 2207 οὐκέτι
518 2152 665 2206 οὐδὲν
692 2151 1034 2224 θαυμάσεται
1053 2149 1161 2203 τῶν
1189 2146 1459 2220 βιωτικῶν
1481 2144 1841 2217 πραγμάτων·
1865 2143 1989 2199 ἀλλ’

307 2253 516 2324 ὥσπερ,
536 2252 751 2306 ἐπειδάν
777 2254 858 2317 είς
880 2252 979 2324 τὴν
1007 2249 1250 2323 κορυφὴν
1271 2247 1673 2318 ἀναδράμωμεν
1691 2245 1798 2299 τῶν
1822 2245 1984 2316 ὀρῶν,

312 2346 483 2420 μικρὰ
523 2348 619 2401 καὶ
658 2349 692 2418 ὴ
727 2347 884 2410 πόλις
926 2347 1060 2416 ἡμῖν
1099 2342 1237 2399 εἶν-αι
1271 2345 1419 2396 δοκεῖ
1451 2340 1546 2396 καὶ
1583 2340 1654 2394 τά
1686 2340 1861 2412 τείχη,
1895 2345 1988 2397 καὶ

311 2443 615 2513 μυρμήκων
643 2441 800 2510 δίκην
833 2442 924 2494 ἐπὶ
952 2442 1050 2511 τῆς
1085 2442 1187 2510 γῆς
1213 2440 1263 2492 οί
1294 2438 1482 2509 ἄνδρες
1512 2438 1645 2509 ἡμῖν
1684 2433 1989 2506 βαδίζοντες

309 2538 607 2608 φαίνονται·
660 2534 835 2600 οὕτως
867 2535 1087 2589 ἐπειδάν
1126 2535 1215 2588 ἐπὶ
1257 2531 1357 2603 τὴν
1401 2531 1609 2602 ὑψηλὴν
1647 2529 1851 2584 ἔννοιαν
1890 2528 1988 2600 τῆς

310 2631 627 2701 φιλοσοφίας
662 2628 914 2703 ἀνέλθῃς,
944 2629 1098 2683 οὐδέν
1125 2646 1185 2682 σε
1207 2627 1318 2682 τῶν
1347 2627 1437 2680 ἐπὶ
1467 2629 1564 2699 τῆς
1592 2627 1697 2697 γῆς
1721 2624 1988 2697 ἐκπλῆξαι

307 2730 620 2800 δυνήσεται,
666 2726 803 2780 ἀλλὰ
850 2726 1023 2796 μικρά
1071 2724 1251 2778 πάντα
1285 2726 1557 2794 φανεῖται,
1595 2726 1691 2777 καὶ
1735 2722 1985 2791 πλοῦτος,

309 2825 404 2877 καὶ
439 2821 586 2886 δόξα,
630 2822 727 2875 καὶ
762 2821 1073 2884 δυναστεία,
1114 2820 1209 2874 καὶ
1259 2820 1392 2891 τιμὴ
1439 2820 1535 2873 καὶ
1572 2820 1626 2873 εί
1659 2837 1712 2873 τι
1748 2819 1988 2874 τοιοῦτον

309 2919 513 2988 ἕτερον,
554 2920 682 2972 ὅταν
718 2917 789 2971 τά
828 2919 887 2969 ἐν
925 2917 1175 2987 οὐρανοῖς
1207 2915 1431 2986 βλέπῃς·
1462 2915 1716 2986 καθάπερ
1753 2912 1847 2970 οὖν
1893 2916 1988 2970 καὶ

309 3015 507 3086 Παύλῳ
539 3013 710 3085 μικρά
744 3013 923 3067 πάντα
955 3012 1225 3082 ἐφαίνετο,
1255 3013 1349 3066 καὶ
1379 3013 1586 3085 νεκρῶν
1616 3013 1988 3085 ἀχρηστότερα

306 3112 376 3165 τὰ
398 3110 627 3183 λαμπρά
652 3110 748 3164 τοῦ
772 3109 1040 3181 παρόντος
1059 3108 1196 3180 βίου.
1216 3110 1313 3162 Διά
1336 3108 1496 3162 τοῦτο
1517 3109 1610 3162 καὶ
1635 3110 1762 3163 ἐϐόα
1787 3109 1982 3177 λέγων·

308 3208 472 3277 Ἐμοί
504 3210 732 3278 κόσμος
755 3207 1141 3275 ἐσταύρωται·
1176 3205 1264 3259 διά
1287 3204 1445 3259 τοῦτο
1479 3206 1574 3260 καί⁵
1591 3207 1724 3279 ἡμῖν
1754 3207 1987 3278 παρῄνει

306 3304 499 3373 λέγων·
534 3304 610 3359 Τὰ
639 3303 761 3357 ἅνω
789 3303 1078 3373 φρονεῖτε.
1111 3304 1298 3367 Ἀνω;
1329 3305 1456 3357 ποῖα
1481 3302 1680 3370 λέγεις,
1710 3302 1831 3357 εἰπέ
1866 3319 1984 3373 μοις

307 3404 440 3457 ὅπου
466 3402 638 3472 ἥλιος,
663 3400 797 3455 ὅπου
830 3399 1026 3471 σελήνη
1048 3418 1063 3467 ;
1095 3399 1230 3469 Οὐχὶ
1251 3437 1267 3464 ,
1296 3398 1479 3469 φησίν.
1507 3398 1672 3453 Ἀλλά
1698 3398 1800 3452 ποῦ
1819 3416 1835 3463 ;
1854 3399 1989 3453 ὅπου

308 3500 551 3569 ἄγγελοι,
581 3499 715 3551 ὅπου
741 3494 1094 3567 ἁρχάγγελοι,
1132 3494 1267 3549 ὅπου
1297 3494 1367 3547 τὰ
1392 3494 1658 3565 χερουϐὶμ
1682 3496 1777 3549 καὶ
1806 3496 1878 3550 τὰ
1902 3512 1990 3549 σε·

311 3596 522 3669 ραφίμς
569 3595 733 3665 Ούχὶ.
786 3593 973 3665 φησίν.
1019 3592 1184 3648 Ἀλλά
1222 3590 1363 3657 ποῦς
1423 3593 1616 3647 Ὅπου
1654 3596 1689 3648 ὁ
1735 3596 1990 3663 Χριστός

307 3692 481 3745 ἐστιν
494 3691 566 3745 ἐν
579 3687 748 3756 δεξιᾷ
764 3689 872 3744 τοῦ
895 3688 1044 3743 Θεοῦ
1066 3687 1418 3758 καθήμενος.
1443 3688 1770 3760 Πειθώμεθα
1787 3691 1985 3756 τοίνυν,

308 3790 530 3842 κάκεῖνο
551 3785 813 3857 διηνεκῶς
835 3783 1199 3856 λογιζώμεθα,
1218 3786 1303 3838 ὅτι
1337 3783 1590 3857 καθάπερ
1614 3784 1693 3857 τῷ
1724 3785 1989 3858 στρουθίῳ

308 3880 501 3951 ὄφελος
527 3880 677 3934 οὐδὲν
701 3879 809 3936 τῶν
844 3879 1062 3952 πτερῶν
1105 3878 1211 3933 ὑπὸ
1251 3879 1355 3950 τῆς
1391 3880 1617 3950 παγίδος
1642 3881 1843 3948 ἁλόντι,
1873 3882 1988 3936 ἀλλ’

308 3978 430 4047 εἰκῆ
453 3977 548 4029 καὶ
575 3976 752 4048 μάτην
774 3974 1161 4047 πτερύσσεται·
1190 3974 1332 4029 οὓτω
1353 3976 1449 4030 καὶ
1473 3978 1554 4030 σοὶ
1578 3976 1688 4032 τῶν
1712 3978 1989 4051 λογισμῶν

308 4072 462 4126 οὐδὲν
493 4072 703 4142 ὄφελος,
735 4071 830 4127 ὲάν
866 4071 1007 4126 κατά
1037 4072 1240 4142 κράτος
1271 4070 1377 4125 ὑπὸ
1402 4071 1503 4143 τῆς
1532 4074 1773 4144 πονηρᾶς
1802 4074 1990 4129 ἐπιθυ-

311 4170 443 4239 μίας
482 4170 646 4241 ἁλῷς,
697 4168 814 4223 ἀλλ’
853 4169 953 4223 ὅσα
1005 4168 1071 4223 ἂν
1107 4170 1429 4242 σκιρτήσῃς,
1477 4168 1668 4235 ἑάλως.
1698 4171 1797 4225 Διά
1834 4171 1990 4226 τοῦτο

308 4265 486 4339 πτερά
505 4268 615 4331 τοῖς
638 4266 958 4338 στρουθίοις,
988 4266 1074 4322 ἵνα
1093 4265 1306 4338 ἐκφύγῃ
1329 4267 1429 4331 τὰς
1452 4268 1701 4337 παγίδας·
1726 4268 1816 4322 διά
1832 4268 1990 4322 τοῦτο

308 4361 561 4434 λογισμοὶ
588 4366 702 4427 τοῖς
729 4362 1055 4434 ἀνθρώποις,
1084 4364 1169 4417 ἵνα
1196 4363 1477 4434 ἐκφύγωσι
1501 4366 1569 4418 τὰ
1593 4366 1986 4438 ἁμαρτήματα.

312 4455 446 4509 Τίνα
465 4452 556 4509 οῦν
580 4456 774 4526 ἐξομεν
804 4455 1153 4528 συγγνώμην,
1175 4459 1295 4512 τίνα
1321 4460 1378 4513 δὲ
1398 4460 1714 4531 ἀπολογίαν,
1734 4462 1862 4516 ὅταν
1881 4461 1989 4516 τῶν

311 4550 523 4619 ἀλόγων
550 4544 701 4621 ὦμεν
732 4550 986 4619 ἁνοητότε
995 4568 1076 4623 ροι
1094 4568 1109 4617 ;

393 4650 452 4704 '0
481 4650 582 4721 μὲν
615 4648 725 4719 γάρ
757 4649 1011 4719 στρουθὸς
1045 4648 1193 4715 ἅπαξ
1231 4651 1395 4716 ἁλοὺς
1430 4653 1536 4707 ὑπὸ
1582 4655 1826 4722 παγίδος,
1868 4652 1988 4710 εἶτα

310 4744 606 4815 διαφυγὼν,
648 4746 742 4799 καὶ
794 4745 990 4815 ἔλαφος
1023 4746 1077 4799 δὲ
1118 4749 1200 4811 είς
1225 4747 1487 4801 δίκτυον⁸
1536 4751 1852 4821 ἐμπεσοῦσα
1896 4754 1987 4807 καὶ

310 4842 575 4914 διαδρᾶσα
599 4883 614 4906 ,
674 4842 948 4906 δυσκόλως
999 4842 1297 4897 ἁλώσονται
1359 4845 1520 4899 πάλιν
1587 4850 1698 4911 τοῖς
1762 4849 1983 4913 αὐτοῖς·

312 4938 528 5009 ἑκάστῳ
559 4935 667 5008 γὰρ
697 4939 729 5009 ἡ
757 4940 923 5009 πεῖρα
954 4936 1273 5004 διδάσκαλος
1303 4940 1605 5009 ἀσφαλείας
1652 4940 1802 5016 [156]
1838 4945 1985 5013 γίνε-

311 5047 425 5086 ται.
467 5032 659 5104 Ἡμεῖς
701 5034 759 5087 δὲ
793 5032 1054 5099 πολλάκις
1084 5038 1196 5099 τοῖς
1224 5035 1411 5102 αὐτοῖς
1448 5037 1694 5103 ἁλόντες,
1727 5041 1842 5104 τοῖς
1888 5040 1987 5093 αύ-

309 5129 424 5190 τοῖς
453 5128 876 5199 περιπίπτομεν,
904 5131 995 5183 x01
1029 5131 1149 5184 οὐδὲ
1180 5132 1288 5185 τῶν
1318 5133 1527 5201 ἀλόγων
1547 5133 1607 5187 1:0
1632 5136 1986 5207 προνοητικὸν

312 5224 405 5277 καὶ
455 5227 934 5297 μεμεριμνημένον
979 5229 1029 5281 οί
1082 5228 1225 5300 λόγῳ
1267 5230 1590 5301 τιμηθέντες
1650 5232 1983 5303 μιμούμεθα.

312 5320 553 5385 Ποσάκις
602 5316 694 5377 οὖν
758 5322 956 5386 ἰδόντες
994 5325 1261 5393 γυναῖκα,
1305 5326 1475 5397 μυρία
1525 5325 1801 5397 ἐπάθομεν
1838 5328 1987 5383 δεινά

311 5414 493 5471 οἴκαδε
529 5417 983 5488 ἀναχωρήσαντες
1005 5457 1020 5481 ,
1059 5418 1151 5471 καὶ
1188 5418 1286 5489 τὴν
1327 5420 1620 5491 ἐπιθυμίαν
1657 5421 1943 5492 δεξάμενοι
1966 5466 1983 5490 ,

314 5512 410 5561 καὶ
442 5510 535 5564 ἐπὶ
567 5512 787 5576 πολλαῖς
816 5513 1165 5584 ὀδυνηθέντες
1191 5515 1446 5587 ἡμέραις,
1476 5517 1591 5571 ἀλλ’
1613 5518 1763 5589 ὅμως
1793 5521 1853 5573 οὐ
1880 5537 1985 5573 σω-

316 5606 698 5677 φρονιζόμεθα,
754 5610 892 5664 ἀλλά
927 5610 1079 5680 μόλις
1116 5610 1177 5663 τὸ
1232 5612 1497 5683 πρότερον
1544 5613 1985 5685 θεραπεύσαντες

312 5701 491 5769 ἕλκος,
519 5704 679 5757 πάλιν
702 5710 816 5770 τοῖς
838 5707 1024 5772 αὐτοῖς
1047 5707 1468 5779 περιπίπτομεν,
1497 5710 1593 5763 καὶ
1620 5711 1726 5764 ὑπὸ
1754 5712 1865 5765 τῶν
1883 5714 1983 5767 αύ-

313 5795 419 5848 τῶν
450 5796 804 5868 ἁλισκόμεθα,
830 5803 922 5855 καὶ
942 5804 1030 5858 διὰ
1057 5803 1313 5874 βραχεῖαν
1332 5804 1525 5876 ἡδονὴν
1541 5806 1738 5877 ὅψεως,
1760 5807 1981 5882 διηνεκῆ

314 5906 435 5945 τινα
463 5893 560 5944 καὶ
590 5894 801 5963 χρόνιον
822 5897 1165 5970 ὑπομένομεν
1191 5898 1405 5973 ὀδύνην.
1443 5902 1581 5957 Ἀλλ’
1600 5896 1695 5958 ἐὰν
1719 5903 1982 5976 μάθωμεν

374 6007 394 6031 ⁸
415 6008 514 6059 Alii
540 6013 603 6067 εἷς
628 6013 810 6063 δίκτυα.

1067 412 1125 468 S.
1165 412 1449 467 JOANNIS
1487 408 1980 467 CHRYSOSTOMI
2019 408 2337 466 ARCIIIEP.
2377 404 2921 463 CONSTAN'I'INOP.

3667 408 3765 463 158

2099 522 2336 595 συνεχῶς
2372 520 2575 593 ταύτην
2620 520 2893 588 ἐπιλέγειν
2935 522 3147 583 ἑαυτοῖς
3183 520 3284 589 τὴν
3326 518 3512 591 ῥῆσιν,
3549 521 3770 574 πάντων

2097 616 2516 689 ἀποστησόμεθα
2562 615 2671 670 τῶν
2703 616 2919 669 δεινῶν·
2952 615 3119 683 παγὶς
3147 615 3378 685 μεγίστη
3427 614 3626 680 κάλλος
3666 632 3770 684 γυ-

2097 717 2281 778 ναικός
2301 732 2315 747 ο
2352 714 2551 786 μᾶλλον
2580 714 2639 767 δὲ
2658 714 2780 784 οὐχὶ
2807 712 3003 775 κάλλος
3034 711 3316 781 γυναικὸς,
3349 711 3464 765 ἀλλ’
3494 713 3531 784 ή
3564 712 3768 765 ἀκόλα-

2098 824 2221 872 στος
2246 808 2398 879 ὄψις·
2436 807 2512 879 μὴ
2541 807 2650 880 γὰρ
2693 808 2758 880 δὴ
2785 806 2855 861 τά
2888 807 3188 879 πράγματα
3229 806 3624 878 διαϐάλλωμεν,
3652 807 3772 860 ἀλλ’

2095 904 2245 972 ἡμᾶς
2275 902 2372 956 καὶ
2403 901 2500 974 τὴν
2523 901 2801 973 ἡμετέραν
2832 902 3108 973 ρᾳθυμίαν
3127 919 3143 934 ·
3193 901 3327 973 μηδὲ
3365 902 3635 973 λέγωμεν,
3672 903 3771 974 Μὴ

2095 998 2344 1053 ἔστωσαν
2365 1002 2643 1067 γυναῖκες,
2672 999 2809 1053 ἀλλά
2840 999 2932 1069 Μὴ
2964 998 3206 1053 ἔστωσαν
3231 1001 3473 1069 μοιχεία·
3514 998 3647 1070 μηδὲ
3681 999 3771 1051 λέ-

2097 1108 2311 1164 γωμεν,
2345 1093 2436 1165 Μὴ
2466 1092 2606 1146 έστω
2634 1092 2849 1158 κάλλος,
2879 1092 3015 1146 ἀλλὰ
3046 1093 3137 1164 Μὴ
3163 1092 3303 1146 ἔστω
3339 1093 3590 1164 πορνεία·
3629 1093 3770 1164 μηδὲ

2094 1185 2361 1257 λέγωμεν,
2393 1188 2485 1258 Μὴ
2511 1186 2651 1242 έστω
2681 1186 2879 1252 κοιλία,
2906 1186 3043 1241 ἁλλά
3066 1186 3158 1257 Μὴ
3198 1186 3339 1239 ἔστω
3358 1187 3633 1257 ἀδηφαγία
3658 1205 3670 1218 ·
3703 1188 3767 1241 ού

2093 1282 2203 1353 γὰρ
2224 1284 2256 1355 ὴ
2281 1284 2459 1339 κοιλία
2473 1285 2569 1356 τὴν
2598 1283 2908 1356 ἀδηφαγίαν
2930 1287 3095 1347 ποιεῖ,
3127 1282 3241 1335 ἀλλ’
3262 1284 3296 1354 ἡ
3325 1282 3567 1355 ἡμετέρα
3599 1282 3772 1356 ῥᾳθυ-

2098 1378 2215 1449 μία.
2244 1380 2335 1451 Μὴ
2355 1380 2601 1452 λέγωμεν
2620 1380 2710 1435 διά
2723 1380 2785 1433 :0
2803 1382 2996 1450 φαγεῖν
3018 1380 3114 1434 καὶ
3134 1382 3277 1434 πιεῖν
3299 1381 3477 1435 πάντα
3493 1380 3560 1436 τὰ
3580 1383 3734 1437 κακά
3751 1400 3767 1414 ·

2094 1476 2155 1531 οὐ
2208 1477 2319 1549 γάρ
2361 1477 2451 1532 διὰ
2501 1477 2694 1542 τοῦτο,
2733 1476 2871 1531 ἁλλά
2914 1476 3002 1531 διὰ
3052 1476 3150 1548 τὴν
3198 1475 3470 1548 ρᾳθυμίαν
3520 1479 3619 1532 καὶ
3664 1478 3770 1549 τὴν

2093 1574 2396 1647 ἀπληστίαν
2426 1574 2526 1648 τὴν
2549 1573 2848 1645 ἡμετέραν.
2885 1574 3000 1628 Οὐκ
3034 1573 3207 1643 ἔφαγε
3234 1573 3365 1643 γοῦν
3401 1573 3523 1627 οὐδὲ
3553 1573 3707 1628 ἔπιεν
3739 1578 3771 1630 6

2092 1669 2357 1736 διάϐολος,
2384 1672 2476 1726 x01
2508 1671 2810 1725 κατέπεσεν
2829 1688 2845 1706 ο
2870 1670 3041 1739 ἔφαγε
3064 1671 3159 1725 καὶ
3184 1670 3337 1726 ἔπιεν
3356 1674 3385 1725 ὁ
3411 1672 3645 1736 Παῦλος,
3670 1670 3771 1724 x01

2094 1769 2175 1832 εἰς
2210 1768 2301 1822 τὸν
2350 1768 2577 1840 οὐρανὸν
2625 1768 2843 1840 ἀνῆλθε.
2878 1768 3065 1823 Πόσων
3116 1769 3301 1823 ἀκούω
3345 1768 3640 1837 λεγόντων,
3669 1769 3769 1839 Μὴ

2094 1862 2233 1917 ἔστω
2270 1866 2466 1920 πενίαι
2505 1865 2975 1937 Ἐπιστομίζωμεν
3027 1864 3211 1919 τοίνυν
3257 1866 3386 1929 τοὺς
3429 1864 3501 1918 τά
3538 1864 3770 1919 τοιαῦτα

2093 1958 2573 2029 δυσχεραίνοντας·
2603 1960 2923 2033 βλασφημία
2965 1960 3075 2032 γάρ
3102 1960 3165 2014 τὸ
3200 1960 3269 2014 τά
3319 1960 3545 2014 τοιαῦτα
3583 1960 3771 2030 λέγειν

2094 2056 2228 2110 ἐστί.
2285 2055 2550 2128 Λέγωμεν
2602 2057 2781 2111 τοίνυν
2817 2058 2955 2129 πρὸς
3003 2055 3222 2120 αύτούς·
3254 2054 3343 2127 Μὴ
3387 2055 3528 2109 ἔστω
3574 2073 3773 2127 μικρο-

2092 2147 2293 2219 ψυχία·
2340 2149 2500 2204 πενία
2541 2151 2650 2223 γάρ
2681 2152 2851 2223 μυρία
2885 2152 2966 2213 είς
2989 2150 3079 2205 τὸν
3127 2152 3240 2222 βίον
3266 2151 3424 2222 ἡμῶν
3469 2152 3772 2223 εισήγαγεν

2094 2244 2315 2312 ἀγαθά,
2351 2245 2445 2299 καὶ
2496 2246 2665 2317 χωρὶς
2719 2247 2909 2311 πενίας
2950 2248 2979 2300 6
3031 2246 3261 2311 πλοῦτος
3321 2247 3615 2319 ἄχρηστος.
3671 2246 3770 2319 Μὴ

2093 2338 2273 2393 τοίνυν
2325 2341 2462 2412 μήτε
2500 2340 2687 2394 τοῦτον
2723 2343 2861 2412 μήτε
2912 2341 3126 2412 ἐκείνην
3154 2340 3560 2412 διαϐάλλωμεν·
3604 2339 3770 2394 πενία

2094 2434 2201 2505 γὰρ
2227 2435 2321 2488 καὶ
2369 2432 2595 2498 πλοῦτος
2649 2434 2790 2488 ὅπλα
2826 2436 2943 2489 ἐστὶ
2975 2436 3113 2508 πρὸς
3158 2436 3359 2509 ἀρετὴν
3396 2436 3634 2507 ἑκάτερα
3663 2434 3768 2505 φέ-

2099 2546 2280 2599 ροντα,
2317 2530 2382 2584 ἂν
2405 2530 2694 2603 ἐθέλωμεν.
2715 2534 2926 2605 Ὠσπερ
2942 2531 3036 2588 οῦν
3055 2534 3082 2586 6
3112 2535 3358 2602 γενναῖος
3401 2530 3767 2604 στρατιώτης,

2094 2620 2205 2680 οἷον
2253 2626 2320 2681 ἂν
2352 2626 2515 2681 ὅπλον
2547 2626 2686 2699 λάϐῃ
2706 2666 2723 2692 ,
2753 2626 2854 2698 τὴν
2887 2626 3091 2682 οίκείαν
3126 2627 3327 2701 ἀρετὴν
3363 2627 3764 2682 ἐπιδείκνυται·

2094 2720 2267 2785 οὕτως
2307 2724 2337 2776 6
2362 2722 2620 2793 ἄνανδρος
2646 2723 2741 2777 καὶ
2771 2724 2944 2788 δειλὸς
2972 2724 3061 2794 ὑφ’
3088 2725 3365 2796 ἑκατέρων
3391 2724 3765 2796 ἐμποδίζεται.

2095 2817 2205 2870 Καὶ
2254 2817 2341 2872 ἵνα
2379 2818 2578 2891 μάθῃς,
2611 2819 2696 2871 ὅτι
2738 2818 2895 2872 τοῦτό
2932 2819 3081 2873 ἐστιν
3129 2819 3351 2890 ἀληθὲς,
3385 2817 3768 2890 ἀναμνήσθητι

2099 2927 2188 2980 μοι
2212 2911 2307 2964 τοῦ
2341 2911 2483 2977 Ἰὼϐ,
2510 2913 2569 2976 ὃς
2599 2913 2736 2984 ὁμοῦ
2782 2915 2877 2967 καὶ
2915 2914 3167 2979 πλούσιος
3202 2916 3297 2971 καὶ
3330 2915 3501 2987 πένης
3529 2915 3719 2984 γέγονε
3743 2952 3767 2982 ,

2096 3009 2189 3061 καὶ
2217 3009 2454 3081 ἑκάτερα
2490 3008 2559 3062 τά
2602 3009 2742 3062 ὅπλα
2789 3010 3228 3081 μετεχειρίσατο,
3261 3011 3355 3065 καὶ
3396 3011 3456 3065 ὲν
3486 3010 3766 3081 ἑκατέροις

2095 3103 2387 3174 ἐκράτησε.
2443 3104 2555 3158 Καὶ
2587 3104 2677 3156 ὅτε
2730 3102 2830 3176 μὲν
2869 3104 3125 3168 πλούσιος
3150 3100 3238 3178 ἦν,
3270 3104 3477 3174 ἔλεγεν·
3522 3105 3583 3160 Ἠ
3613 3105 3769 3172 θύρα

2088 3216 2207 3268 μου
2241 3198 2419 3254 παντί
2457 3198 2695 3254 ἐλθόντι
2726 3198 2989 3268 ἠνέῳκτο
3010 3216 3025 3232 ·
3068 3201 3159 3256 ὅτε
3194 3200 3251 3253 δὲ
3296 3200 3465 3271 πένης
3507 3199 3765 3269 γέγονεν,

2095 3291 2301 3362 ἔλεγεν·
2339 3294 2401 3347 Ὀ
2427 3294 2636 3361 Κύριος
2662 3294 2904 3360 ἔδωκεν,
2938 3298 2972 3349 ό
2990 3296 3205 3364 Κύριος
3230 3296 3509 3365 ἀφείλετο
3533 3312 3546 3326 ·
3577 3296 3657 3361 ὡς
3685 3293 3770 3361 τῷ

2094 3388 2289 3455 Κυρίῳ
2315 3388 2548 3455 ἔδοξεν,
2584 3388 2739 3442 οὕτω
2769 3387 2871 3442 καὶ
2913 3387 3172 3459 ἐγένετο.
3206 3389 3336 3442 Ὀτε
3392 3387 3643 3452 πλούσιος
3672 3383 3767 3459 ἦν,

2096 3482 2296 3555 πολλὴν
2349 3483 2446 3555 τὴν
2499 3484 2827 3555 φιλοξενίαν,
2864 3485 2953 3539 ὅτε
2980 3484 3148 3556 πένης
3178 3484 3392 3554 γέγονε,
3422 3483 3623 3555 πολλὴν
3664 3486 3769 3555 τὴν

2096 3581 2375 3652 ὑπομονὴν
2405 3579 2738 3646 ἐπεδείξατο.
2782 3580 2894 3635 Καὶ
2926 3582 2989 3634 σὺ
3011 3580 3190 3634 τοίνυν
3232 3579 3491 3644 πλούσιος
3519 3575 3598 3646 εἷς
3634 3579 3769 3632 πολ-

2096 3676 2192 3748 λὴν
2214 3676 2557 3730 ἐπιδείκνυσο
2586 3676 2683 3748 τὴν
2710 3677 3100 3750 ἐλεημοσύνην.
3133 3679 3312 3750 Πένης
3343 3678 3603 3748 γέγονας;
3637 3672 3772 3730 πολ-

2095 3771 2193 3843 λὴν
2219 3772 2319 3844 τὴν
2347 3772 2646 3845 καρτερίαν
2684 3773 2781 3827 καὶ
2818 3775 2919 3847 τὴν
2957 3775 3255 3847 ὑπομονήν.
3283 3775 3423 3831 Οὔτε
3456 3776 3564 3847 γὰρ
3595 3774 3772 3830 πλοῦ-

2095 3882 2187 3930 τος
2227 3865 2418 3930 κακὸν,
2448 3864 2571 3919 οὔτε
2600 3866 2762 3921 πενία
2795 3866 2979 3931 ἁπλῶς
2997 3884 3014 3900 υ
3039 3868 3177 3924 ἀλλά
3206 3870 3359 3941 παρὰ
3387 3868 3486 3942 τὴν
3509 3867 3770 3941 προαίρε-

2097 3978 2184 4017 σιν
2206 3960 2316 4015 τῶν
2347 3961 2643 4033 χρωμένων
2670 3959 2909 4031 ἑκάτερα
2936 3960 3110 4017 ταῦτα
3133 3961 3364 4031 γίνεται.

2164 4055 2229 4114 δ’.
2255 4057 2641 4128 Παιδεύσωμεν
2660 4057 2839 4111 τοίνυν
2862 4057 3087 4122 ἑαυτοὺς
3120 4059 3193 4128 μὴ
3225 4059 3481 4123 τοιαύτας
3501 4058 3628 4127 περὶ
3657 4056 3771 4112 τῶν

2097 4153 2440 4224 πραγμάτων
2465 4152 2612 4223 ἔχειν
2639 4152 2741 4217 τάς
2766 4153 2998 4225 κρίσεις,
3038 4154 3173 4226 μηδὲ
3197 4154 3266 4207 τά
3310 4155 3447 4227 ἔργα
3476 4153 3571 4207 τοῦ
3605 4150 3768 4215 Θεοῦ,

2097 4243 2236 4298 ἁλλά
2275 4245 2374 4316 τὴν
2407 4245 2725 4317 προαίρεσιν
2760 4246 2860 4317 τὴν
2892 4246 3137 4318 πονηρὰν
3164 4246 3274 4301 τῶν
3320 4246 3622 4319 ἀνθρώπων
3651 4244 3773 4299 δια-

2097 4334 2331 4390 ϐάλλειν.
2389 4336 2494 4390 Τὸν
2559 4335 2893 4408 μικρόψυχον
2946 4337 3069 4391 οὐδὲ
3114 4340 3143 4391 6
3200 4338 3430 4403 πλοῦτος
3483 4335 3771 4406 ὠφελῆσαι

2095 4426 2355 4483 δύναται·
2387 4429 2479 4482 τὸν
2518 4428 2894 4500 μεγαλόψυχον
2940 4429 3063 4483 οὐδὲ
3110 4432 3145 4502 η
3189 4431 3350 4485 πενία
3391 4429 3770 4486 καταϐλάπτει

2097 4520 2251 4574 ποτέ.

2179 4626 2522 4697 Ἐπιγνῶμεν
2544 4628 2723 4683 τοίνυν
2748 4629 2848 4693 τὰς
2871 4630 3127 4699 παγίδας,
3150 4631 3244 4684 καὶ
3272 4629 3553 4702 πόρρωθεν
3585 4630 3769 4684 αὐτῶν

2099 4721 2401 4793 βαδίζωμεν
2421 4738 2435 4750 ·
2473 4721 2787 4791 ἐπιγνῶμεν
2815 4723 2942 4786 τοὺς
2972 4726 3273 4795 κρημνοὺς,
3298 4725 3394 4777 καὶ
3428 4723 3565 4795 μηδὲ
3596 4723 3771 4792 ἐγγὺς

2096 4812 2396 4882 γινώμεθα.
2440 4812 2611 4865 Τοῦτο
2646 4814 2948 4883 ἀσφαλείας
2980 4818 3110 4888 ἡμῖν
3142 4816 3295 4869 ἔσται
3324 4816 3474 4889 [157]
3502 4817 3771 4888 μεγίστης

2097 4905 2372 4971 ὑπόθεσις,
2393 4905 2451 4958 τὸ
2477 4907 2553 4976 μὴ
2574 4905 2642 4959 τά
2664 4907 3039 4981 ἁμαρτήματα
3063 4907 3286 4977 φεύγειν
3307 4909 3489 4979 μόνον,
3513 4910 3648 4964 ἀλλὰ
3672 4913 3772 4966 x01

2094 4994 2164 5047 τὰ
2188 4995 2456 5066 ἀδιάφορα
2486 4997 2587 5066 μὲν
2626 4992 2764 5051 εἶναι
2805 4999 3082 5066 δοκοῦντα,
3116 5000 3252 5071 πρὸς
3280 5000 3338 5053 δὲ
3366 5001 3468 5065 τάς
3494 5003 3773 5073 ἁμαρτίας

2093 5089 2240 5157 ἡμᾶς
2262 5088 2706 5150 ύποσκελίζοντα.
2735 5087 2861 5144 Οἵόν
2882 5109 2935 5145 τι
2967 5091 3131 5161 λέγω·
3169 5092 3242 5146 T0
3268 5094 3432 5165 γελᾷν
3459 5095 3555 5148 x01
3581 5094 3774 5148 ἀστεῖα

2094 5180 2271 5248 λέγειν
2301 5181 2359 5232 ού
2383 5181 2532 5235 δοκεῖ
2561 5182 2662 5252 μὲν
2690 5182 3111 5254 ὡμολογημένον
3129 5185 3433 5257 ἁμάρτημα
3460 5181 3620 5249 εἶναι,
3644 5186 3772 5253 ἄγει

2093 5271 2152 5325 δὲ
2203 5272 2285 5334 είς
2329 5270 2752 5343 ὡμολογημένον
2800 5274 3138 5345 ἁμάρτημα·
3182 5275 3442 5340 πολλάκις
3493 5275 3625 5344 γοῦν
3661 5277 3773 5329 ἀπὸ

2093 5362 2330 5431 γέλωτος
2353 5363 2555 5434 αἰσχρά
2578 5366 2798 5435 ῥήματα
2822 5366 3089 5431 τίκτεται,
3117 5367 3227 5421 ἀπὸ
3251 5368 3509 5440 ῥημάτων
3528 5368 3772 5438 αἰσχρῶν

2095 5453 2322 5527 πράξεις
2364 5456 2714 5527 αίσχρότεραι
2738 5471 2749 5486 ·
2782 5456 3041 5517 πολλάκις
3083 5457 3192 5510 ἀπὸ
3244 5460 3501 5529 ῥημάτων
3544 5460 3637 5512 καὶ
3678 5461 3773 5527 γέ-

2093 5546 2263 5608 λωτος
2311 5546 2549 5618 λοιδορία
2594 5550 2692 5601 καὶ
2730 5547 2907 5619 ὕϐρις,
2952 5550 3064 5604 ἀπὸ
3111 5549 3379 5622 λοιδορίας
3420 5552 3516 5604 καὶ
3557 5551 3770 5623 ὕϐρεως

2095 5636 2301 5709 πληγαὶ
2353 5641 2450 5693 καὶ
2491 5639 2805 5711 τραύματα,
2859 5641 2969 5694 ἀπὸ
3016 5643 3350 5713 τραυμάτων
3391 5644 3485 5696 καὶ
3545 5643 3769 5715 πληγῶν

2096 5732 2303 5799 σφαγαὶ
2333 5734 2429 5787 καὶ
2463 5732 2634 5801 φόνοι.
2670 5733 2768 5786 “Av
2799 5736 2980 5787 τοίνυν
3018 5735 3220 5806 μέλλῃς
3259 5736 3388 5807 περὶ
3417 5736 3645 5791 σεαυτοῦ
3674 5756 3775 5792 κα-

2092 5827 2203 5892 λῶς
2239 5829 2608 5900 βουλεύεσθαι,
2644 5830 2767 5900 οὐχὶ
2803 5829 2871 5885 τά
2911 5833 3113 5903 αἰσχρὰ
3160 5833 3382 5904 ῥήματα
3428 5832 3608 5904 μόνον,
3648 5832 3769 5887 οὐδὲ

2092 5921 2160 5976 τὰ
2184 5923 2386 5995 αίσχρά
2413 5924 2733 5994 πράγματα,
2759 5923 2880 5977 οὐδὲ
2904 5922 3004 5986 τὰς
3032 5924 3247 5995 πληγὰς
3265 5925 3359 5979 καὶ
3386 5926 3457 5980 τά
3477 5926 3769 5998 τραύματα

2096 6020 2188 6071 καὶ
2225 6020 2351 6080 τοὺς
2394 6017 2606 6083 φόνους,
2655 6015 2789 6069 ἀλλὰ
2836 6017 2928 6072 καὶ
2966 6016 3125 6070 αὑτὸν
3155 6016 3246 6069 τὸν
3289 6016 3516 6090 ἄκαιρον
3555 6019 3767 6088 γέλωτα
