4068 6468
385 412 477 471 157

387 527 503 592 sed,
535 525 605 580 Ῑιι
634 525 798 580 media
824 523 1135 593 laqueorum.
1168 517 1445 586 Utrimque
1481 512 1634 569 nobis
1664 512 1941 584 voragines
1966 554 1979 576 ,

390 620 659 688 utrimque
708 613 836 669 doli.
890 610 1158 668 Processit
1199 607 1465 679 quispiam
1513 607 1564 659 in
1613 605 1822 668 forum,
1856 603 1987 657 vidit

390 710 688 771 inimicum,
728 704 929 762 exarsit
969 718 1037 759 ex
1081 708 1302 770 aspectu
1344 698 1460 752 solo
1513 714 1527 750 :
1582 695 1713 751 vidit
1754 695 1985 748 amicum

390 801 1052 867 laudemconsequentcm
1071 832 1088 858 ,
1118 790 1336 845 invidit:
1359 788 1493 842 vidit
1521 801 1836 859 pauperem,
1861 800 1988 840 con-

391 899 693 960 tempsnt,et
704 887 948 957 deSpexit
962 903 976 938 :
990 884 1227 948 divitem,
1242 891 1296 938 et
1307 881 1495 937 invidit
1510 899 1522 934 :
1538 880 1839 949 quempiam
1859 879 1989 933 vidit

389 982 641 1038 ati'ectum
659 979 931 1050 injuria,et
947 990 1088 1047 aegre
1105 974 1225 1029 tulit
1243 991 1256 1027 :
1273 972 1577 1044 quempiam
1591 970 1722 1026 vidit
1734 968 1987 1024 infestan—

391 1086 523 1142 tem,
545 1084 600 1129 et
627 1072 927 1144 indignatus
956 1079 1040 1125 est
1067 1087 1081 1122 :
1109 1068 1241 1123 vidit
1267 1067 1563 1137 speciosam
1582 1065 1884 1128 mulierem,
1902 1078 1991 1117 ca-

392 1174 516 1238 ptus
532 1174 634 1220 est.
657 1162 843 1218 Viden’
859 1171 988 1233 quot
1006 1160 1180 1230 laquei
1199 1159 1224 1213 ’ἴ
1248 1158 1374 1214 Ideo
1393 1156 1772 1228 dicit,Agnasce
1786 1155 1922 1228 quod
1938 1156 1990 1209 in

394 1256 561 1311 uredio
586 1256 878 1325 laqueorum
909 1252 1116 1305 transis.
1142 1251 1206 1304 Et
1246 1248 1392 1304 domi
1417 1248 1615 1318 laquei,
1647 1259 1702 1302 ct
1725 1247 1778 1301 in
1805 1261 1993 1301 mensa

393 1348 593 1418 laquei,
639 1356 695 1401 et
742 1346 795 1402 in
838 1342 1185 1398 concionibus
1227 1341 1424 1411 laquei.
1450 1339 1658 1411 Saepius
1686 1337 1993 1394 inconside-

392 1450 512 1494 rate
535 1438 654 1508 quis
681 1436 818 1491 inter
845 1435 1046 1489 amicos
1078 1432 1373 1499 conlidens,
1397 1432 1648 1503 loquutus
1668 1441 1751 1487 est
1778 1429 1993 1501 aliquod

393 1530 680 1586 verborum
724 1544 843 1600 quze
873 1526 1097 1598 proferri
1125 1541 1232 1581 non
1254 1524 1482 1590 debent,
1517 1533 1572 1579 et
1628 1523 1733 1579 tale
1778 1522 1997 1593 pertulit

395 1621 692 1693 periculum
714 1661 729 1686 ,
757 1628 817 1674 ut
858 1628 1020 1674 totam
1048 1617 1267 1672 domum
1291 1616 1647 1671 subverteret.

472 1715 527 1769 3.
556 1712 806 1782 Undique
835 1711 993 1781 igitur
1020 1725 1105 1764 res
1123 1724 1247 1764 cum
1275 1707 1547 1779 diligentia
1575 1713 1995 1778 perscrutemur.

400 1806 470 1860 Et
499 1820 636 1859 uxor
662 1818 804 1874 sarpe
839 1818 945 1857 non
985 1800 1386 1856 advertentibus
1423 1799 1646 1870 laqueus
1687 1806 1773 1853 est
1811 1796 1950 1853 facta
1980 1838 1996 1864 ,

399 1911 550 1967 saepe
575 1894 692 1961 ﬁlii,
724 1908 870 1964 saepe
896 1892 1078 1959 amici,
1108 1891 1270 1946 vicini
1315 1904 1479 1961 saepe.
1509 1890 1574 1945 Et
1599 1904 1702 1959 qua
1742 1888 1811 1943 de
1835 1903 1893 1942 re
1923 1896 2003 1941 tot

400 1988 625 2060 laquei?
668 1987 743 2043 Ne
769 1987 1018 2043 deorsum
1050 1985 1312 2051 volemus,
1359 1982 1454 2038 sed
1483 1981 1762 2053 superiora
1788 1993 2002 2051 quaera-

406 2097 550 2136 mus.
580 2079 791 2136 Etenim
821 2079 1053 2134 volatilia
1079 2078 1253 2133 donec
1276 2077 1440 2131 altum
1466 2089 1645 2130 aerem
1667 2082 1871 2139 secant,
1895 2088 2003 2128 non

406 2172 566 2227 facile
594 2172 877 2241 capiuntur
909 2187 924 2225 :
952 2170 1024 2225 ita
1053 2179 1108 2225 tu
1134 2169 1308 2225 donec
1332 2167 1400 2223 ad
1441 2167 1716 2238 superiora
1746 2180 2002 2237 respexe-

406 2265 504 2327 ris,
540 2278 641 2318 uec
669 2263 859 2333 laqueo
890 2276 990 2317 nec
1015 2261 1135 2315 ullis
1178 2259 1331 2315 facile
1373 2259 1600 2329 capieris
1626 2256 1853 2314 insidiis.
1894 2257 2005 2311 Au-

408 2370 540 2427 ceps
567 2364 648 2410 est
669 2354 912 2409 diabolus
942 2370 956 2407 :
988 2352 1063 2406 sis
1089 2352 1247 2423 igitur
1273 2350 1439 2420 ipsius
1463 2349 1681 2404 calamis
1700 2347 2002 2403 sublimior.

410 2450 514 2514 Qui
558 2446 798 2502 ascendit
849 2445 902 2500 in
950 2444 1137 2509 altum,
1187 2459 1294 2498 non
1341 2440 1573 2511 amplius
1617 2440 1778 2494 ullam
1826 2454 2006 2493 rerum

408 2539 759 2595 admirabitur
810 2538 1204 2601 humanarum,
1258 2535 1355 2590 sed
1411 2536 1548 2589 sicut
1616 2544 1896 2604 postquam
1953 2531 2006 2586 in

370 2620 375 2626 ’
410 2632 672 2686 montium
700 2631 958 2687 verticem
984 2628 1405 2691 ascenderimus,
1437 2643 1593 2697 parva
1619 2627 1772 2681 nobis
1799 2634 1854 2680 et
1884 2624 2011 2680 urbs

411 2735 469 2780 ct
500 2724 693 2781 mtenia
732 2732 1016 2793 apparent,
1059 2730 1115 2777 et
1159 2720 1500 2776 formicarum
1533 2733 1680 2774 more
1710 2718 1865 2772 nobis
1912 2717 2012 2771 viri

411 2834 581 2889 super
618 2826 815 2874 terram
861 2817 941 2872 ire
967 2816 1214 2872 videntur
1243 2832 1259 2870 :
1290 2816 1368 2869 sic
1393 2822 1671 2884 postquam
1702 2812 1769 2867 ad
1813 2812 2012 2867 celsam

416 2909 776 2983 philosophiae
817 2909 1192 2979 cogitationem
1236 2905 1565 2974 ascenderis,
1607 2905 1740 2960 nihil
1767 2914 2014 2959 terreno-

417 3018 536 3057 rum
569 3012 621 3058 te
667 3001 959 3073 perceliere
989 3000 1204 3072 poterit,
1235 2998 1332 3055 sed
1363 3012 1523 3070 parva
1548 2996 1869 3052 videbuntur
1894 3010 2016 3049 om-

420 3096 533 3163 nia,
559 3103 614 3150 et
657 3094 878 3162 divitiae,
910 3103 960 3149 et
987 3092 1176 3165 gloria,
1204 3100 1257 3147 et
1288 3090 1544 3163 potentia,
1570 3099 1627 3145 et
1663 3087 1861 3156 honor,
1890 3094 1947 3142 et
1970 3086 2017 3141 si

419 3188 548 3261 quid
576 3187 721 3243 aliud
769 3186 1092 3256 huiusmodi,
1125 3201 1248 3241 cum
1287 3184 1519 3240 caelestia
1548 3181 1806 3251 respicias
1835 3197 1849 3235 :
1881 3180 2021 3235 sicut

422 3281 628 3337 scilicet
652 3289 706 3335 et
733 3280 898 3335 Paulo
943 3293 1103 3350 parva
1133 3278 1312 3333 omnia
1344 3276 1682 3342 videbantur,
1716 3283 1771 3329 et
1798 3274 2022 3329 mortuis

422 3372 692 3428 inutiliora
734 3387 818 3437 ea,
860 3388 977 3442 qua:
1007 3370 1060 3425 in
1102 3369 1354 3440 praesenti
1398 3370 1502 3423 vita
1553 3375 1678 3422 sunt
1707 3364 2009 3435 splendida.

424 3465 718 3534 Propterea
745 3463 1031 3529 clamabat,
1059 3462 1245 3518 dicens
1274 3480 1288 3515 :
1322 3461 1454 3515 Mihi
1493 3461 1712 3515 mundus
1748 3460 2024 3528 cruciﬁxus

426 3563 500 3610 est
525 3552 668 3626 (Gal.
697 3554 751 3610 6.
804 3554 892 3626 14)
931 3572 944 3608 :
978 3554 1100 3608 ideo
1130 3563 1184 3608 et
1214 3569 1312 3610 nos
1338 3551 1661 3607 admonebat
1686 3550 1772 3605 his
1795 3550 1974 3606 verbis
2007 3567 2023 3605 :

430 3644 560 3710 Qua:
600 3661 800 3699 sursum
847 3653 963 3698 sunt
1007 3643 1170 3714 sapite
1214 3642 1429 3715 (Coloss.
1462 3643 1516 3697 5.
1547 3639 1627 3712 2).
1662 3640 1788 3707 Qua:
1825 3656 2028 3694 sursum

426 3749 546 3793 sunt
568 3739 594 3793 ?
620 3739 794 3809 qualia
822 3738 978 3800 dicis,
1011 3738 1097 3793 die
1124 3737 1257 3792 mihi
1275 3737 1300 3790 Ἰ
1330 3737 1416 3791 ubi
1441 3737 1544 3801 sol,
1579 3736 1664 3790 ubi
1689 3737 1858 3790 luna?
1885 3735 2024 3801 Non,

429 3832 620 3902 inquit.
651 3830 756 3887 Sed
785 3830 921 3886 ubi?
947 3831 1034 3886 ubi
1061 3831 1258 3901 angeli,
1289 3830 1380 3885 ubi
1405 3829 1732 3899 archangeli,
1764 3829 1855 3883 ubi
1889 3828 2028 3884 Clie-

431 3925 606 3978 rubim
651 3932 707 3979 et
750 3923 1074 3993 Seraphim?
1122 3922 1261 3988 Non,
1317 3922 1489 3991 inquit
1578 3921 1683 3976 Sed
1733 3919 1866 3974 ubi?
1916 3918 2020 3974 Ubi

431 4016 664 4072 Christus
683 4026 755 4071 est
774 4017 826 4071 in
847 4016 1054 4071 dextera
1076 4015 1169 4071 Dei
1182 4016 1360 4071 sedens
1385 4014 1435 4087 (Ι
1440 4014 1542 4068 bid.
1563 4031 1615 4069 v.
1641 4014 1716 4086 1).
1741 4013 2030 4068 Pareamus

435 4110 612 4179 igitur,
643 4116 699 4163 et
739 4107 870 4163 illud
897 4107 1113 4163 assidue
1142 4107 1544 4171 ratiocinemur,
1587 4104 1730 4175 quod
1760 4105 1901 4159 sicut
1920 4104 2034 4158 avi-

433 4200 570 4254 culae
598 4199 790 4269 laqueo
833 4206 1004 4269 captaa
1052 4198 1255 4253 alarum
1300 4199 1498 4253 utilitas
1525 4198 1691 4261 nulla,
1718 4196 1812 4252 sed
1837 4196 2030 4252 frustra

414 4272 492 4347 (et
517 4290 787 4358 incassum
821 4289 937 4346 alas
965 4288 1201 4345 concutit
1231 4307 1243 4343 :
1274 4289 1346 4344 ita
1379 4288 1470 4344 tibi
1497 4288 1642 4343 nulla
1668 4288 2033 4342 ratiocinatio-

439 4401 567 4439 num
594 4385 815 4449 utilitas,
842 4383 889 4438 si
915 4383 982 4439 ab
1022 4383 1263 4454 improba
1290 4381 1501 4452 penitus
1529 4381 1819 4451 cupiditate
1847 4392 2035 4450 captus

438 4478 537 4545 sis,
581 4477 677 4533 sed
705 4486 1191 4548 quantumcumque
1239 4476 1513 4541 resilieris,
1565 4485 1753 4546 captus
1799 4489 1879 4530 es.
1911 4473 2037 4530 ldco

439 4568 541 4623 alae
569 4576 697 4624 sunt
736 4569 979 4635 aviculis,
1011 4576 1071 4623 ut
1098 4567 1352 4639 effugiant
1381 4567 1600 4637 laqueos
1632 4585 1645 4620 :
1675 4567 1795 4622 ideo
1820 4567 2037 4621 ratioci-

440 4660 687 4715 nationes
716 4659 1044 4727 hominibus,
1076 4668 1134 4714 ut
1162 4668 1380 4729 peccata
1422 4658 1644 4729 fugiant.
1677 4658 1848 4727 Quam
1879 4658 2040 4729 igitur

442 4751 652 4805 veniam
703 4751 1039 4818 habebimus,
1087 4766 1247 4822 quam
1298 4766 1430 4807 vero
1476 4751 1867 4819 defensionem,
1916 4766 2038 4807 cum

442 4841 616 4898 brutis
639 4843 806 4898 simus
833 4843 1234 4898 dementiorcs?

518 4932 849 5002 Experientia
886 4934 1098 4988 cautela:
1140 4933 1402 5005 magistra.
1429 4963 1501 4973 —
1541 4933 1762 4990 Avicula
1810 4948 2041 5004 namque

445 5026 612 5080 semel
659 5034 812 5096 capta
858 5027 1070 5096 laqueo,
1111 5043 1234 5081 mox
1272 5028 1474 5098 elapsa,
1502 5035 1558 5084 et
1592 5040 1783 5082 cervus
1826 5026 1879 5081 in
1928 5033 2043 5080 rete

445 5117 702 5174 decidens
724 5129 779 5175 et
803 5118 1083 5189 effugiens,
1115 5120 1304 5176 iisdem
1348 5121 1543 5176 iterum
1575 5120 1793 5175 diliicile
1821 5119 2032 5189 capiun-

449 5221 580 5264 tur:
613 5226 737 5266 nam
785 5211 978 5281 cuique
1021 5211 1081 5266 tit
1124 5212 1453 5281 experientia
1501 5212 1726 5267 cautela;
1769 5213 2040 5281 magistra.

448 5299 561 5356 Nos
600 5302 796 5372 stepius
838 5302 1026 5357 iisdem
1057 5304 1218 5373 capti,
1248 5304 1298 5356 in
1341 5302 1528 5357 eadem
1571 5303 1846 5359 cadimus:
1875 5317 2047 5371 neque

453 5395 731 5449 brutorum
761 5395 1149 5465 providentiam
1176 5405 1232 5451 et
1255 5395 1668 5450 sollicitudinem
1699 5409 1799 5449 nos
1839 5394 2048 5449 ratione

453 5483 691 5539 decorati
719 5485 1011 5540 imitamur.
1050 5484 1271 5553 Quoties
1299 5485 1501 5556 quippe
1525 5484 1804 5539 mulierem
1831 5486 2015 5552 conspi
2032 5512 2046 5524 -

452 5574 560 5630 tati
578 5618 591 5637 ,
633 5591 912 5631 innumera
943 5577 1081 5646 passi
1112 5592 1298 5632 sumus
1325 5578 1525 5648 gravia,
1551 5576 1767 5631 domum
1793 5584 2049 5645 concepta

457 5668 659 5721 reversi
685 5667 997 5736 cupiditate,
1034 5677 1087 5725 et
1128 5670 1311 5724 multis
1339 5669 1524 5725 diebus
1564 5669 1749 5725 dolore
1786 5668 2051 5724 confecti?

461 5757 845 5814 Verumtamen
891 5775 995 5814 non
1038 5761 1375 5832 corrigimur,
1413 5760 1507 5817 sed
1535 5760 1619 5814 vix
1662 5761 1841 5829 priore
1868 5773 2053 5816 curato

461 5851 703 5920 vulnere,
735 5866 920 5907 rursus
947 5851 996 5907 in
1027 5852 1212 5909 eadem
1253 5853 1502 5921 labimur,
1531 5866 1587 5909 et
1627 5853 1694 5910 ab
1733 5852 1920 5910 iisdem
1956 5868 2050 5909 ex-

1330 404 1420 458 AD
1459 395 1783 457 POI‘ULUM
1821 394 2309 455 ANTIOCilENUM
2374 398 2602 452 llOMiL.
2654 396 2764 453 XV.

3582 393 3679 450 t5~~

2093 527 2407 582 pugnamur,
2434 523 2489 569 et
2525 524 2744 585 propter
2773 513 2989 571 brevem
3020 516 3166 571 visus
3198 517 3521 589 voluptatem
3561 519 3681 575 ditt-

2091 615 2302 660 turnum
2341 607 2626 674 quemdam
2653 616 2706 663 et
2730 608 3039 663 continuum
3069 608 3307 665 dolorem
3330 611 3678 668 sustinemus.

2090 697 2198 754 Sed
2221 698 2266 753 si
2296 697 2603 768 frequenter
2638 700 2913 755 nobishoc
2943 709 3189 773 repetere
3216 696 3415 758 dictum
3438 702 3687 761 didiceri—

2092 803 2233 857 mus,
2252 788 2503 845 omnibns
2530 790 2682 845 malis
2711 791 3118 847 abstinebimus.
3145 791 3393 864 Laqueus
3422 797 3688 852 maximus

2092 882 2331 937 mulieris
2368 880 2537 936 forma
2567 899 2580 934 :
2629 883 2737 938 imo
2774 897 2907 938 vero
2935 899 3045 940 non
3086 885 3328 941 mulieris
3362 885 3563 954 forma,
3589 887 3688 943 sed

2092 973 2322 1030 lascivus
2368 984 2632 1045 aspectus.
2662 974 2778 1030 Non
2820 976 2963 1031 enim
3024 991 3110 1032 res
3151 978 3560 1047 calumniemur,
3587 979 3685 1035 sed

2094 1080 2194 1120 nos
2232 1075 2286 1122 et
2312 1076 2552 1121 nostrum
2585 1076 2889 1137 torporem;
2935 1082 3110 1139 neque
3133 1069 3371 1126 dicamus
3402 1087 3416 1124 :
3464 1069 3542 1127 Ne
3583 1071 3692 1127 sint

2096 1158 2374 1226 mulieres,
2407 1157 2522 1225 sed,
2554 1157 2633 1213 Ne
2654 1158 2760 1213 sint
2785 1158 3083 1214 adulteria:
3130 1176 3303 1231 neque
3329 1161 3589 1229 dicamus,
3613 1161 3692 1218 Ne

2090 1252 2160 1308 sit
2189 1251 2547 1322 pulchritudo,
2577 1249 2693 1319 sed,
2727 1251 2803 1307 Ne
2842 1252 2912 1307 sit
2959 1252 3242 1309 fornicatio
3282 1272 3296 1308 :
3342 1270 3516 1326 neque
3541 1255 3694 1310 dica-

2096 1356 2236 1406 mus,
2268 1341 2346 1398 Ne
2375 1342 2445 1397 sit
2472 1353 2679 1406 venter,
2725 1343 2842 1408 sed,
2872 1343 2989 1399 Non
3029 1345 3099 1399 sit
3124 1346 3378 1416 crapula:
3414 1361 3520 1402 non
3546 1346 3691 1402 enim

2097 1442 2285 1487 venter
2326 1434 2600 1505 crapulam
2650 1433 2796 1502 facit,
2833 1435 2928 1490 scd
2976 1436 3295 1508 negligentia
3340 1447 3545 1494 nostra.
3574 1438 3693 1494 Non

2097 1525 2373 1593 dicamus,
2422 1526 2559 1594 Quia
2610 1528 2909 1583 comeditur
2966 1537 3022 1584 ct
3077 1528 3295 1597 bibitur,
3341 1531 3519 1585 omnia
3571 1530 3697 1587 hinc

2100 1617 2240 1672 mala
2269 1634 2282 1669 :
2317 1632 2425 1673 non
2455 1619 2598 1674 enim
2641 1629 2862 1689 propter
2890 1620 3013 1685 hoc,
3040 1620 3135 1676 sed
3166 1631 3384 1693 propter
3427 1630 3698 1694 torporem

2100 1715 2158 1762 et
2184 1708 2469 1778 ingluviem
2516 1721 2777 1766 nostram.
2806 1710 2920 1767 Non
2951 1713 3186 1768 comedit
3217 1714 3414 1786 quippe
3440 1731 3539 1771 nec
3568 1715 3701 1772 bibit

2102 1797 2366 1868 diabolus,
2394 1809 2449 1856 et
2488 1802 2720 1857 cecidit:
2754 1804 2989 1859 comedit
3015 1815 3070 1859 et
3115 1805 3250 1861 bibit
3296 1805 3512 1875 Paulus,
3552 1817 3608 1864 et
3647 1809 3700 1866 in

2102 1892 2292 1947 caelum
2335 1894 2597 1950 ascendit.
2633 1895 2774 1964 Quot
2809 1896 3049 1953 dicentes
3086 1899 3264 1967 audio,
3304 1899 3420 1955 Non
3451 1901 3522 1955 sit
3568 1916 3702 1971 pau-

2105 1985 2322 2054 pertas?
2368 1985 2754 2044 Obmutescere
2794 1989 3051 2045 faciamus
3094 1990 3253 2061 igitur
3293 2007 3408 2058 eos,
3448 1994 3537 2063 qui
3578 1994 3703 2049 talia

2103 2091 2247 2148 aegre
2292 2077 2471 2134 ferunt
2498 2097 2512 2133 :
2539 2079 2872 2151 blaSphemia
2908 2083 3050 2137 enim
3093 2090 3177 2139 est
3208 2085 3333 2138 talia
3362 2083 3561 2141 dicere.
3607 2087 3701 2143 Di-

2107 2185 2290 2226 camus
2316 2171 2479 2243 igitur
2507 2171 2661 2243 ipsis,
2695 2173 2812 2230 Non
2839 2175 2910 2231 sit
2938 2177 3347 2247 pusillanimitas
3375 2197 3388 2236 :
3423 2191 3706 2251 paupertas

2106 2264 2251 2319 enim
2278 2264 2559 2321 innumera
2581 2265 2704 2321 vitae
2727 2266 2868 2322 bona
2891 2268 3071 2323 intulit
3094 2279 3316 2337 nostrae,
3344 2279 3403 2327 et
3434 2273 3551 2329 sine
3573 2289 3705 2344 pau-

2110 2363 2319 2425 pertate
2353 2354 2569 2413 inutiles
2597 2366 2721 2412 sunt
2749 2356 2969 2413 divitiae.
3006 2358 3087 2415 Ne
3115 2360 3503 2418 calumniemur
3529 2363 3710 2434 itaque

2112 2460 2211 2529 nec
2238 2445 2354 2514 has,
2386 2460 2488 2501 nec
2529 2446 2673 2501 illam
2705 2464 2719 2501 :
2752 2457 3038 2519 paupertas
3067 2450 3210 2505 enim
3254 2462 3309 2507 et
3336 2451 3535 2508 divitiae
3585 2465 3711 2511 sunt

2112 2552 2280 2603 arma,
2306 2536 2375 2593 ad
2399 2537 2650 2593 virtutem
2677 2548 2904 2611 utraque
2934 2538 3182 2609 ferentia,
3208 2542 3253 2598 si
3281 2544 3527 2601 velimus.
3560 2546 3712 2603 Sicut

2114 2629 2274 2699 igitur
2321 2643 2614 2699 generosus
2659 2629 2835 2696 miles,
2867 2632 3239 2703 quodcumque
3267 2633 3468 2690 ferrum
3513 2637 3709 2707 capiat,

2116 2720 2385 2790 propriam
2415 2721 2667 2776 virtutem
2702 2722 2938 2778 ostendit
2974 2740 2988 2779 :
3035 2725 3113 2779 sic
3140 2726 3371 2782 imbellis
3396 2737 3451 2783 et
3494 2727 3714 2800 ignavus

2115 2812 2185 2866 ab
2208 2812 2458 2867 omnibus
2500 2812 2810 2883 impeditdr.
2839 2813 2907 2869 Et
2935 2823 2993 2869 ut
3015 2814 3190 2872 discas
3218 2815 3320 2872 hoc
3357 2833 3543 2873 verum
3571 2833 3715 2889 esse,

2118 2906 2260 2961 illius
2289 2907 2421 2960 mihi
2449 2904 2551 2962 Job
2581 2906 2887 2973 recordare,
2916 2908 3006 2979 qui
3053 2908 3211 2964 simul
3241 2920 3298 2965 et
3326 2910 3476 2966 dives
3503 2921 3555 2967 et
3582 2927 3716 2981 pnu-

2120 3014 2215 3069 per
2235 2998 2405 3054 factus
2425 3008 2529 3067 est,
2550 3008 2604 3054 et
2629 3011 2853 3070 utraque
2872 3016 3021 3056 arma
3044 3006 3309 3069 tractavit,
3330 3014 3382 3059 et
3411 3005 3460 3059 in
3481 3006 3719 3076 utrisque

2120 3090 2264 3145 vicit.
2297 3089 2367 3145 Et
2391 3090 2607 3161 quando
2637 3091 2790 3146 dives
2821 3092 3036 3162 quidem
3082 3105 3217 3161 erat,
3250 3094 3459 3151 dicebat
3490 3114 3502 3150 :
3543 3084 3719 3151 Ianua

2122 3198 2234 3236 mea
2271 3182 2410 3237 omni
2458 3182 2674 3236 venienti
2716 3183 2813 3254 fuit
2849 3193 3027 3253 aperta
3075 3184 3195 3256 (Job
3226 3186 3466 3258 51.32);
3507 3190 3720 3257 quando

2123 3288 2254 3328 vero
2283 3288 2487 3343 pauper
2527 3272 2694 3328 factus
2721 3283 2826 3342 est,
2858 3274 3106 3330 dicebat:
3141 3276 3390 3331 Dominus
3415 3277 3573 3343 dedit,
3605 3278 3719 3334 Do-

2125 3368 2294 3422 minus
2332 3365 2572 3433 abstulit;
2602 3369 2730 3421 sicut
2768 3367 2991 3422 Domino
3039 3370 3250 3440 placuit,
3296 3369 3368 3423 ita
3412 3374 3601 3442 factum
3643 3382 3717 3427 est

2128 3459 2251 3522 (Job
2268 3461 2318 3515 1.
2333 3457 2449 3532 21).
2466 3459 2598 3514 Dum
2617 3460 2713 3514 fuit
2733 3460 2901 3526 dives,
2915 3461 3135 3516 multam
3156 3462 3588 3533 hospitalitatem,
3602 3480 3723 3520 cum

2106 3550 2300 3605 ~faetus
2324 3558 2406 3605 est
2437 3564 2656 3620 pauper,
2689 3551 2909 3605 multam
2938 3552 3248 3621 patientiam
3286 3552 3546 3609 exhibuit.
3580 3555 3646 3610 Et
3669 3564 3726 3611 tu

2130 3642 2288 3713 igitur
2326 3643 2372 3697 si
2407 3642 2559 3699 dives
2587 3658 2667 3709 es,
2703 3644 2922 3698 multam
2950 3643 3259 3701 demonstra
3296 3646 3724 3720 eieemosynam:

2131 3735 2175 3788 si
2206 3749 2409 3805 pauper
2451 3733 2626 3790 factus
2664 3750 2744 3801 es,
2771 3736 3038 3807 patientia:
3066 3739 3294 3793 multum
3326 3748 3381 3795 et
3409 3740 3726 3796 tolerantim.

2131 3825 2315 3895 Neque
2354 3826 2496 3881 enim
2534 3826 2734 3881 divitize
2759 3828 2959 3883 malum
2982 3869 2997 3893 ,
3033 3846 3134 3885 nec
3161 3841 3444 3901 paupertas
3469 3833 3731 3903 simplici-

2134 3927 2236 3985 ter,
2263 3918 2353 3972 sed
2371 3921 2522 3987 juxta
2548 3918 2874 3974 voluntatem
2905 3922 3166 3976 utentium
3194 3922 3310 3976 hmc
3336 3932 3558 3991 utraque
3575 3924 3731 3981 fiunt.

2207 4011 2260 4063 4.
2288 4008 2399 4063 Nos
2423 4009 2584 4079 igitur
2609 4009 2755 4078 ipsos
2783 4011 3143 4074 instituamus,
3174 4021 3232 4066 ut
3255 4028 3360 4067 non
3403 4014 3523 4069 talia
3550 4014 3619 4070 de
3642 4030 3732 4072 rc-

2135 4100 2234 4156 bus
2258 4099 2495 4155 feramus
2511 4101 2732 4170 judicia,
2763 4116 2940 4171 neque
2969 4102 3064 4157 Dei
3092 4118 3277 4173 Opera,
3310 4104 3404 4159 sed
3430 4106 3730 4175 improbam

2139 4191 2411 4247 hominum
2434 4195 2758 4249 voluntatem
2777 4211 3112 4250 accusemus.
3137 4197 3318 4267 Neque
3340 4200 3732 4268 pusillanimem

2138 4285 2336 4340 divitiae
2378 4297 2600 4356 possunt
2638 4287 2911 4357 adjuvare,
2945 4302 3045 4344 nec
3083 4292 3424 4361 magnanimo
3454 4296 3736 4365 pauperies

2138 4392 2371 4448 Unquam
2407 4388 2583 4433 nocet.

2216 4469 2514 4523 Occasiones
2554 4469 2791 4524 vitandaz.
2822 4499 2890 4510 -—
2914 4471 3283 4542 Agnoscamus
3309 4473 3467 4545 igitur
3492 4475 3731 4548 laqueos,

2142 4568 2197 4614 et
2220 4561 2286 4615 ab
2317 4561 2446 4629 ipsis
2475 4561 2657 4630 procul
2685 4575 2899 4616 eamus:
2922 4577 3277 4632 agnoscamus
3302 4566 3612 4635 praecipitia,
3635 4582 3738 4623 nec

2142 4653 2651 4722 appropinquemus.
2685 4653 2799 4708 Hoc
2841 4656 3073 4710 maxime
3115 4658 3419 4713 securitatis
3446 4660 3598 4714 nobis
3636 4659 3742 4717 erit

2145 4743 2376 4809 occasio,
2409 4759 2515 4798 non
2563 4753 2766 4799 tantum
2813 4755 3026 4814 peccata
3075 4746 3279 4818 fugere,
3309 4762 3493 4803 verum
3540 4760 3594 4805 et
3620 4767 3741 4822 quae

2144 4837 2391 4892 videntur
2439 4836 2791 4893 indifferentia
2821 4838 3037 4908 quidem
3084 4854 3225 4906 esse,
3274 4840 3369 4897 sed
3415 4842 3482 4897 ad
3528 4854 3741 4912 peccata

2151 4943 2251 4983 nos
2279 4929 2642 5000 supplantant.
2674 4931 2918 5001 Exempli
2943 4945 3104 4986 causa
3132 4931 3328 5001 ridere,
3369 4942 3422 4988 et
3442 4934 3628 5004 jocosa
3663 4936 3746 4992 di-

2148 5036 2273 5076 cere
2296 5021 2483 5089 verba,
2513 5036 2619 5076 non
2665 5021 3004 5077 manifestum
3038 5022 3254 5093 quidem
3305 5035 3579 5094 peccatum
3626 5042 3768 5083 esse

2152 5112 2379 5179 videtur,
2418 5112 2515 5168 sed
2553 5114 2606 5166 in
2648 5111 2991 5168 manifestum
3030 5113 3233 5168 crimen
3280 5112 3526 5171 inducit:
3555 5132 3747 5187 nempe

2151 5205 2348 5275 saepius
2385 5220 2452 5261 ex
2495 5205 2609 5260 risu
2657 5205 2830 5274 turpia
2874 5215 3168 5261 nascuntur
3210 5208 3396 5271 verba.
3428 5224 3459 5264 a
3506 5211 3747 5280 turpibus

2153 5298 2330 5353 verbis
2359 5298 2600 5352 actiones
2642 5298 2929 5367 turpiores.
2957 5298 3167 5369 Saepius
3206 5314 3273 5356 ex
3316 5302 3494 5359 verbis
3538 5312 3593 5358 et
3636 5303 3748 5358 risu

2153 5388 2398 5445 convicia
2441 5399 2496 5444 et
2523 5390 2895 5458 contumeliae;
2943 5390 3011 5447 de
3051 5394 3295 5449 convicio
3336 5374 3391 5450 et
3428 5396 3754 5450 contumelia

2158 5483 2325 5553 plagae
2340 5491 2394 5537 et
2421 5482 2665 5548 vulnera,
2687 5483 2756 5540 de
2772 5484 3083 5541 vulneribus
3105 5495 3159 5542 et
3173 5487 3341 5558 plagis
3368 5487 3542 5543 credes
3568 5497 3623 5543 et
3644 5488 3748 5544 ho-

2159 5574 2394 5629 micidia.
2416 5573 2473 5629 Si
2505 5574 2600 5628 tibi
2631 5575 2791 5645 igitur
2819 5576 2956 5632 bene
2974 5578 3312 5632 consulturus
3336 5592 3415 5644 es,
3440 5592 3544 5632 non
3576 5580 3754 5650 turpia

2161 5674 2364 5720 tantum
2396 5666 2579 5733 verba,
2607 5682 2782 5737 neque
2811 5669 2983 5737 turpia
3018 5676 3221 5722 tantum
3258 5666 3419 5735 facta,
3447 5685 3620 5742 neque
3643 5673 3753 5741 pla-

2160 5773 2252 5828 gas
2293 5767 2347 5814 et
2373 5758 2592 5814 vulnera
2622 5767 2677 5816 et
2715 5759 3021 5827 homicidia,
3064 5775 3250 5815 verum
3271 5770 3327 5816 ct
3354 5761 3528 5832 ipsum
3561 5766 3752 5819 intem-

2164 5852 2424 5922 pestivum
2455 5851 2620 5907 risum
2663 5859 2719 5907 et
2755 5851 2916 5907 verba
2969 5850 3136 5922 fugies
3183 5855 3450 5922 scurrilia,
3500 5856 3759 5924 quoniam
