4068 6488
363 383 461 439 139

359 493 798 564 subsequentium
832 490 1096 545 malorum
1127 488 1279 543 radis
1303 487 1426 542 talia
1455 500 1576 542 esse
1602 484 1797 540 solent.
1821 482 1952 538 Pro.

360 597 540 659 pterea
582 587 778 642 Paulus
830 583 1041 653 inquit:
1085 579 1474 652 Stultiloquium
1500 587 1548 634 et
1573 576 1857 633 scurrilitas
1895 587 1959 628 ne

358 678 570 750 prodeat
594 694 657 731 ex
681 693 767 730 ore
789 685 950 728 vestro
991 670 1208 744 (Eph‘es.
1239 671 1295 727 5.
1325 670 1404 741 5).
1433 669 1546 724 Etsi
1592 681 1822 736 namque
1863 679 1958 735 per

359 785 419 824 se
447 782 664 839 parvum
697 767 868 836 ipsutn
892 779 1013 820 esse
1036 763 1266 830 videtur,
1296 775 1610 831 magnorum
1637 768 1818 813 tamen
1845 772 1958 812 ma-

359 861 530 916 lorum
573 872 733 912 causa
770 857 925 910 nobis
967 854 1221 911 efﬁcitur.
1269 854 1498 908 Rursum
1528 851 1734 907 deliciis
1768 863 1959 904 vacare

358 965 464 1004 non
509 949 720 1004 videtur
750 947 968 1019 quidem
1009 960 1130 1002 esse
1177 946 1380 1000 crimen
1409 943 1751 998 manifestum
1778 950 1831 996 et
1860 955 1958 996 ex—

359 1057 644 1111 pressum;
690 1051 926 1095 attamen
979 1039 1145 1094 multa
1188 1037 1344 1092 nobis
1373 1037 1510 1108 parit
1537 1035 1698 1100 mala,
1724 1033 1956 1090 ebrieta-

358 1147 488 1201 tem,
518 1136 776 1197 furorem,
808 1134 1107 1196 avaritiam,
1152 1132 1386 1202 rapinas.
1421 1130 1778 1201 Sumptuosus
1815 1128 1958 1182 enim

357 1241 412 1284 et
437 1229 633 1294 lautus,
674 1238 729 1283 et
759 1223 1055 1282 ministeria
1083 1227 1259 1281 ventri
1293 1225 1605 1280 ministrans
1649 1221 1960 1278 intolerabi-

362 1320 452 1387 lia,
482 1319 646 1374 furari
673 1335 818 1388 saepe
844 1320 1052 1388 cogitur
1076 1326 1131 1372 et
1155 1317 1327 1370 aliena
1358 1329 1548 1385 rapere
1577 1322 1632 1369 et
1657 1313 1960 1382 opprimere

360 1422 416 1467 et
445 1411 666 1466 violare.
717 1411 772 1466 Si
826 1409 1046 1464 delicias
1090 1410 1269 1479 itaque
1316 1407 1507 1477 fugias,
1539 1415 1595 1462 et
1640 1405 1876 1460 avaritiae
1905 1412 1961 1459 et

363 1505 563 1574 rapina:
590 1513 644 1558 et
669 1504 940 1558 ebrietatis
969 1511 1020 1556 et
1050 1501 1512 1555 innumerabilium
1544 1499 1804 1552 malorum
1833 1511 1956 1551 sus—

365 1598 531 1653 tulisti
589 1596 890 1661 materiam,
930 1595 1223 1665 iniquitatis
1262 1593 1493 1647 radicem
1523 1607 1552 1644 a
1583 1589 1843 1661 principio
1875 1603 1961 1642 re-

363 1705 574 1746 secans.
609 1689 900 1757 Propterea
928 1697 982 1741 et
1009 1686 1205 1741 Paulus
1233 1685 1442 1738 diccbat
1474 1699 1488 1736 :
1526 1682 1652 1749 Quae
1680 1681 1731 1734 in
1762 1679 1961 1734 deliciis

364 1789 440 1835 est
465 1779 634 1843 vidua,
664 1780 830 1832 vivens
857 1787 1054 1831 mortua
1084 1790 1157 1829 est
1185 1775 1249 1843 (I.
1283 1773 1418 1828 Tim.
1444 1774 1496 1828 5.
1529 1773 1608 1842 6).
1653 1772 1708 1826 in
1753 1771 1962 1825 theatra

366 1886 577 1925 rursum
623 1869 934 1935 ascendere,
966 1880 1018 1923 et
1049 1882 1307 1936 equorum
1356 1863 1648 1921 certamina
1693 1870 1961 1932 spectare,

366 1970 423 2016 et
462 1963 606 2015 aleas
647 1969 875 2014 tractare
919 1977 1024 2013 non
1073 1960 1281 2012 videtur
1320 1957 1498 2010 multis
1536 1965 1814 2026 peccatum
1844 1967 1964 2009 esse

367 2052 732 2114 manifestum,
771 2051 862 2105 sed
894 2051 1099 2104 infinita
1136 2049 1256 2102 vitae
1293 2049 1428 2101 mala
1459 2048 1597 2102 solet
1623 2046 1840 2101 inferre.
1871 2045 1964 2100 Et—

367 2144 510 2198 enim
555 2144 605 2196 in
653 2143 875 2197 theatris
906 2142 1208 2195 immoratio
1249 2139 1676 2200 fornicationem,
1719 2137 1965 2205 petulan-

367 2235 583 2300 tiam,et
601 2249 816 2288 omnem
838 2231 1275 2287 incontinentiam
1304 2231 1545 2300 peperit:
1572 2239 1626 2283 et
1645 2227 1965 2282 circensium

369 2327 732 2396 spectaculum
778 2339 999 2395 pugnas.
1031 2323 1294 2389 convicia,
1324 2322 1563 2385 vulnera,
1592 2319 1964 2383 contumelias,

367 2419 522 2488 iuges
573 2417 878 2470 inimicitias
924 2414 1146 2470 adduxit
1180 2433 1193 2468 :
1225 2424 1279 2468 et
1325 2414 1467 2467 circa
1517 2412 1662 2467 aleas
1707 2411 1966 2476 studium,

369 2510 751 2580 blasphemias,
781 2508 1039 2579 iacturas,
1073 2508 1199 2571 iras,
1221 2507 1482 2570 convicia,
1516 2504 1829 2574 infinitaque
1865 2503 1969 2556 alia

373 2605 460 2659 his
489 2604 732 2675 graviora
777 2617 922 2670 saepe
954 2601 1225 2670 produxit.
1273 2599 1351 2654 Ne
1381 2607 1585 2653 tantum
1636 2598 1814 2666 itaque
1840 2609 1969 2666 pec-

375 2707 491 2749 cata
520 2695 802 2764 fugiamus,
831 2708 1016 2747 verum
1044 2701 1098 2746 et
1121 2707 1181 2746 ea
1211 2691 1424 2760 quidem
1456 2706 1574 2758 qum
1613 2687 1971 2743 indill'erentia

372 2786 640 2850 videntur,
660 2785 753 2839 sed
783 2785 1036 2854 paulatim
1060 2785 1111 2838 in
1137 2784 1250 2838 hate
1269 2793 1485 2853 peccata
1513 2797 1610 2837 nos
1639 2780 1969 2852 pertrahent.

375 2876 508 2930 Nam
539 2877 626 2946 qui
674 2876 823 2945 iuxta
877 2876 1230 2945 praecipitium
1285 2876 1543 2942 ambulat,
1584 2874 1836 2945 quamvis
1864 2889 1970 2928 non

375 2970 609 3031 decidat,
641 2971 841 3034 tremit,
887 2976 942 3023 et
983 2982 1355 3038 swpenumero
1397 2969 1466 3022 ab
1520 2967 1634 3036 ipso
1685 2966 1973 3022 subversas

379 3074 618 3114 tremore
645 3061 841 3115 decidit
871 3079 883 3114 :
917 3062 986 3113 ita
1017 3070 1072 3114 et
1095 3061 1183 3129 qui
1215 3076 1320 3114 non
1354 3060 1537 3129 procul
1577 3068 1791 3130 peccata
1819 3058 1969 3128 fugit,

377 3155 471 3209 sed
503 3169 658 3209 secus
699 3155 813 3224 ipsa
857 3155 1022 3220 vadit,
1065 3168 1186 3208 cum
1237 3153 1430 3207 timore
1472 3153 1635 3219 vivet,
1669 3162 1720 3206 ct
1775 3151 1828 3206 in
1859 3150 1974 3221 ipsa

378 3246 587 3300 labetur
624 3247 838 3315 smpius.
881 3243 1014 3298 Nam
1043 3244 1132 3314 qui
1157 3245 1359 3299 alienas
1385 3243 1596 3298 curiose
1620 3250 1827 3313 spectat
1860 3242 1973 3296 for-

381 3353 517 3402 mas,
549 3339 792 3407 quamvis
833 3353 939 3391 non
988 3335 1307 3400 maechetur,
1343 3345 1520 3390 tamen
1566 3335 1894 3403 coocupivit,
1921 3342 1978 3388 et

377 3432 671 3487 secundum
689 3431 882 3485 Christi
904 3431 1222 3485 sententiam
1244 3430 1414 3483 factus
1432 3438 1513 3482 est
1529 3428 1736 3482 adulter
1757 3427 1973 3500 (Matth.

380 3525 435 3577 5.
464 3522 594 3593 28);
642 3523 841 3591 saepius
883 3531 1060 3576 autem
1093 3522 1159 3576 ab
1203 3521 1314 3590 ipsa
1363 3518 1793 3588 concupiscentia
1823 3527 1878 3574 et
1923 3519 1976 3572 in

379 3623 659 3686 peccatum
689 3630 748 3667 re
779 3614 892 3682 ipsa
914 3613 1174 3668 defertur.
1203 3612 1312 3667 Nos
1358 3612 1516 3684 igitur
1562 3611 1706 3681 ipsos
1735 3610 1920 3681 procul
1945 3625 1978 3664 a

383 3707 618 3776 peccatis
647 3707 993 3761 retineamus.
1026 3707 1113 3760 Vis
1141 3715 1444 3775 temperans
1474 3706 1632 3760 esse?
1674 3722 1742 3760 ne
1773 3712 1977 3758 tantum

383 3799 553 3869 fugias
599 3799 940 3862 adulterium,
965 3799 1059 3854 sed
1100 3801 1258 3852 etiam
1307 3799 1632 3868 petulantem
1677 3809 1976 3869 aspectum.

382 3891 479 3945 Vis
507 3906 537 3945 a
569 3891 749 3946 verbis
777 3891 1019 3959 turpibus
1048 3891 1278 3946 abesse?
1322 3907 1391 3945 ne
1431 3892 1591 3946 verba
1636 3900 1841 3946 tantum
1869 3901 1979 3945 tur-

384 3985 470 4054 pia
504 3985 692 4055 fugias,
724 4001 908 4038 verum
949 3993 1004 4039 et
1031 3985 1198 4039 risum
1227 3985 1483 4052 solutum,
1515 3992 1570 4039 et
1599 3999 1815 4040 omnem
1845 3999 1977 4038 con-

385 4077 791 4147 cupiscentiam.
816 4075 908 4130 Vis
930 4077 1164 4132 caedibus
1192 4092 1311 4132 esse
1341 4078 1566 4146 procul?
1589 4077 1713 4148 fuge
1737 4077 1978 4133 convicia

384 4185 614 4241 quoque.
650 4169 742 4223 Vis
772 4167 840 4223 ab
879 4169 1137 4223 ebrietate
1187 4168 1460 4238 separari?
1504 4167 1627 4240 fuge
1675 4169 1897 4225 delicias
1925 4178 1981 4225 et

386 4265 560 4318 lautas
604 4277 838 4323 mensas,
871 4271 925 4316 et
956 4261 1212 4316 radicitus
1244 4262 1428 4317 vitium
1459 4262 1714 4332 exstirpa.
1760 4262 1980 4332 Magnus

386 4355 608 4424 laqueus
647 4363 732 4408 est
772 4353 966 4424 lingua:
1014 4354 1342 4423 petulantia,
1384 4362 1438 4408 et
1485 4352 1641 4409 freno
1686 4353 1977 4409 admodum

388 4449 649 4520 indigens.
677 4447 967 4514 Propterea
999 4458 1050 4501 ct
1074 4447 1286 4516 quidam
1320 4449 1486 4517 inquit
1516 4467 1529 4499 :
1558 4447 1794 4517 Laqueus
1834 4448 1980 4517 {ortis

388 4541 491 4593 viro
526 4540 734 4609 propria
761 4539 917 4605 lubia,
945 4550 989 4592 et
1019 4541 1220 4608 capitur
1248 4541 1406 4595 verbis
1434 4543 1537 4596 oris
1568 4543 1760 4613 proprii
1796 4542 1979 4613 (Prov.

390 4634 441 4687 o.
490 4631 578 4699 ε).

463 4725 516 4778 5.
561 4722 754 4777 Iterum
775 4733 952 4777 contra
972 4724 1289 4794 juramenta.
1313 4755 1380 4763 —
1408 4723 1578 4795 Supra
1606 4737 1797 4781 caetera
1823 4727 1983 4797 igitur

391 4828 581 4872 cuneta
610 4816 852 4870 membra
884 4815 1021 4870 hanc
1055 4815 1420 4877 moderemur,
1456 4817 1591 4872 hanc
1621 4818 1976 4882 refrenemus,

395 4919 450 4964 et
478 4907 718 4964 convicia
745 4907 1207 4977 contumeliasque
1235 4923 1297 4962 ac
1328 4909 1649 4978 tnrpiloquia
1679 4919 1732 4964 et
1761 4909 1982 4964 maledi-

391 5012 476 5057 cta
500 5018 562 5056 es
590 5017 682 5056 ore
707 5002 986 5070 pellamus,
1012 5008 1066 5056 et
1089 5000 1280 5053 malam
1303 5000 1732 5069 juramentorum
1760 5017 1986 5056 consue—

397 5093 634 5158 tudinem
663 5109 676 5144 :
702 5108 910 5147 rursum
944 5093 1088 5146 enim
1135 5107 1232 5150 nos
1270 5093 1335 5146 ad
1381 5092 1627 5148 eamdem
1659 5093 1985 5148 admonitio-

399 5203 521 5240 netn
551 5200 727 5247 sermo
751 5184 984 5241 deduxit.
1014 5185 1078 5239 Et
1107 5185 1320 5255 quidem
1352 5186 1465 5240 heri
1493 5203 1613 5239 cum
1629 5195 1804 5242 vestra
1823 5186 2000 5241 chari-

396 5286 507 5334 tate
556 5276 842 5338 constitui,
889 5290 976 5335 me
1025 5292 1130 5330 non
1181 5278 1408 5347 amplius
1456 5277 1524 5332 de
1580 5277 1682 5332 hoc
1733 5279 1987 5335 mandato

399 5370 663 5424 dicturum
699 5383 712 5420 :
746 5368 998 5437 quoniam
1029 5368 1278 5421 erunibus
1306 5369 1672 5437 superioribus
1699 5369 1888 5424 diebus
1915 5372 1986 5425 de

399 5462 494 5515 illo
524 5459 856 5515 sufficienter
886 5457 1174 5520 dissertum
1201 5469 1283 5513 est
1307 5477 1321 5514 :
1345 5459 1442 5514 sed
1473 5459 1599 5529 quid
1631 5460 1856 5515 faciam?
1885 5462 1989 5515 Do-

405 5571 504 5610 nec
549 5571 646 5611 vos
687 5563 960 5611 correctos
1000 5553 1231 5620 videam,
1276 5569 1381 5608 non
1431 5569 1650 5623 possum
1694 5570 1724 5608 a
1767 5557 1992 5610 consilio

400 5644 576 5698 dando
619 5646 889 5702 abstinere
918 5645 982 5698 ιε
1021 5643 1274 5714 quoniam
1313 5651 1369 5698 et
1413 5643 1609 5699 Paulus
1653 5645 1743 5714 qui
1787 5645 1990 5701 Calatis

469 5780 484 5807 ι
523 5777 662 5841 savii.
691 5786 742 5828 et
763 5779 953 5841 plurimi
972 5785 1100 5840 Mss,
1125 5791 1217 5831 non
1233 5776 1497 5829 sustineo...
1526 5777 1776 5831 abstinere.
1805 5781 1990 5841 110mb,

406 5849 496 5893 non
518 5837 688 5899 piaret.
700 5874 729 5885 ..
752 5837 1004 5892 abstinere.

1109 379 1166 433 S.
1207 375 1488 433 JOANNIS
1525 368 2010 430 CIIRYSOSTOMI
2049 370 2364 427 ARCHIEP.
2407 373 2942 432 CONSTANTINOP.

3540 381 3637 440 160

2068 480 2194 538 ιῑίεἱι
2213 523 2226 549 ,
2257 482 2508 558 Deinceps
2544 485 2740 542 labores
2763 490 2889 542 mihi
2931 503 3076 542 nemo
3116 489 3333 559 prebeat
3361 489 3558 563 (Galat.
3591 497 3642 553 6.

2064 577 2189 643 Η),
2223 592 2432 633 rursum
2476 579 2606 649 ipsis
2649 590 2873 651 apparet
2912 596 3232 652 congressus
3277 593 3331 640 et
3374 583 3650 655 loquutus.

2065 667 2376 737 Huiusmodi
2420 681 2546 726 sunt
2589 683 2809 742 paterna
2840 674 3046 728 viscera
3067 717 3081 740 ,
3107 675 3210 730 etsi
3246 691 3559 733 recessuros
3587 693 3648 734 se

2061 771 2241 830 patres
2267 775 2387 816 esse
2415 761 2627 830 dicant,
2656 779 2764 820 non
2809 763 3111 832 absistunt,
3151 765 3326 822 donec
3369 777 3647 823 correctos

2062 849 2294 905 viderint
2319 850 2458 908 filios
2479 867 2626 908 suos.
2658 854 2898 910 Audistis
2919 856 3231 926 prophetam
3257 857 3324 913 de
3345 858 3658 928 iuramento

2065 944 2222 999 hodie
2245 946 2404 1000 nobis
2432 945 2781 1016 loquentem?
2812 947 3032 1018 Respexi
3072 951 3234 1004 oculis
3264 953 3416 1014 meis,
3447 959 3494 1005 et
3521 952 3657 1021 vidi,

2063 1037 2273 1107 inquit,
2317 1047 2364 1092 et
2427 1055 2540 1094 ecce
2586 1039 2700 1109 falx
2753 1039 2930 1095 volans
2982 1042 3314 1113 longitudinis
3369 1045 3656 1098 cubitorum

2062 1129 2261 1199 viginti,
2308 1139 2354 1184 et
2398 1131 2682 1185 latitudinis
2732 1132 3011 1187 cubitorum
3065 1135 3254 1188 decem.
3287 1133 3356 1189 Et
3409 1136 3540 1190 dixit
3590 1136 3662 1190 ad

2063 1237 2168 1287 me,
2220 1221 2358 1288 Quid
2405 1232 2460 1276 tu
2505 1224 2681 1278 vides?
2703 1234 2752 1278 et
2788 1225 2929 1290 dixi,
2967 1223 3124 1279 Video
3179 1226 3362 1296 falcem
3407 1229 3661 1283 volantem

2065 1314 2398 1386 longitudinis
2437 1315 2720 1370 cubitorum
2771 1317 2986 1387 viginti,
3033 1327 3080 1372 et
3129 1318 3414 1372 latitudinis
3465 1319 3664 1373 cubito-

2063 1423 2176 1458 rum
2224 1406 2412 1461 decem.
2463 1407 2529 1461 Et
2581 1409 2890 1479 ingredietur
2932 1411 3172 1475 domum,
3219 1411 3426 1482 inquit,
3469 1413 3664 1484 juran-

2065 1496 2126 1550 tis
2153 1499 2353 1550 nomine
2381 1514 2512 1562 meo,
2545 1508 2591 1552 et
2618 1500 2840 1554 destruet
2869 1501 2921 1554 in
2950 1502 3137 1567 medio,
3170 1511 3216 1556 et
3240 1501 3485 1570 suﬂ'odiet
3513 1504 3658 1574 lapi-

2065 1587 2151 1641 des
2168 1596 2216 1642 et
2241 1587 2379 1658 ligna
2401 1588 2584 1658 (Zach.
2606 1591 2658 1646 5.
2684 1590 2819 1659 1-4).
2841 1591 2978 1658 Quid
3003 1593 3215 1648 tandem
3241 1603 3325 1649 est
3347 1595 3548 1650 dictum
3562 1595 3590 1649 ?
3607 1603 3664 1650 et

2065 1693 2167 1748 qua
2197 1678 2265 1734 de
2289 1694 2450 1736 causa
2480 1681 2534 1735 in
2561 1682 2738 1751 specie
2761 1683 2934 1750 falcis,
2955 1693 3009 1738 et
3038 1683 3191 1740 falcis
3212 1687 3440 1742 volantis
3465 1687 3664 1758 iuran-

2068 1778 2148 1825 tes
2174 1784 2404 1840 sequens
2432 1786 2590 1841 pmna
2617 1773 2863 1828 videtur?
2904 1773 2973 1830 Ut
3001 1774 3258 1831 ultionem
3290 1775 3659 1832 inevitabilem

2067 1878 2208 1928 esse,
2229 1872 2284 1918 et
2303 1866 2621 1935 supplicium
2641 1866 2898 1922 declinari
2921 1883 3025 1925 non
3056 1883 3212 1934 posse
3233 1870 3434 1925 videas.
3461 1870 3664 1926 Ensem

2068 1954 2212 2008 enim
2238 1954 2510 2011 volantem
2543 1957 2763 2011 forsitan
2789 1957 2980 2028 aliquis
3009 1958 3246 2030 effugere
3288 1962 3486 2031 poterit
3512 1979 3525 2014 :
3558 1960 3664 2016 fal-

2068 2060 2185 2100 cem
2227 2055 2405 2101 autem
2448 2047 2501 2101 in
2540 2048 2737 2103 collum
2781 2049 3056 2120 delapsam
3096 2061 3150 2106 et
3195 2066 3291 2123 pro
3312 2051 3551 2108 funiculo
3582 2053 3667 2108 fa-

2069 2147 2229 2204 ctam,
2259 2155 2418 2195 nemo
2445 2139 2626 2212 fugere
2659 2151 2863 2212 potest:
2895 2159 3016 2198 eum
3041 2153 3219 2200 autem
3250 2155 3306 2201 et
3335 2148 3436 2201 alte
3459 2147 3662 2214 adsint,

2070 2245 2189 2300 qua}
2216 2231 2401 2286 salutis
2423 2233 2646 2288 ulterius
2671 2234 2830 2303 Spes?
2866 2235 2978 2301 Qua
3011 2251 3139 2290 vero
3168 2236 3236 2292 de
3262 2252 3421 2291 causa
3454 2237 3669 2307 lapides

2071 2331 2126 2377 et
2167 2323 2305 2393 ligna
2341 2324 2572 2393 iurantis
2610 2325 2886 2380 dissolvit?
2915 2326 2986 2382 Ut
3029 2329 3179 2382 ruina
3224 2329 3344 2383 aliis
3387 2330 3654 2385 correctio

2073 2415 2186 2469 fiat.
2206 2415 2338 2482 Quia
2357 2418 2500 2472 enim
2523 2417 2791 2488 iurantem
2810 2429 3077 2475 mortuum
3098 2431 3235 2476 terra
3257 2423 3416 2478 condi
3444 2438 3669 2479 necesse

2074 2519 2191 2576 est,
2224 2510 2415 2564 domus
2440 2510 2699 2566 dissoluta
2727 2521 2783 2566 et
2817 2513 2869 2567 in
2910 2515 3120 2569 ruinam
3153 2531 3306 2570 versa
3334 2527 3666 2585 prmtereun-

2079 2603 2219 2657 tibus
2243 2604 2492 2658 omnibus
2519 2614 2571 2659 et
2600 2606 2944 2660 cernentibus
2973 2606 3268 2662 admonitio
3293 2610 3394 2662 erit
3412 2650 3427 2674 ,
3459 2619 3516 2663 ut
3559 2625 3668 2664 non

2075 2693 2262 2748 eadem
2294 2693 2544 2759 audeant,
2580 2711 2648 2751 ne
2674 2695 2859 2751 eadem
2893 2701 3182 2767 patiantur,
3208 2699 3401 2769 illaque
3431 2698 3670 2756 defuncti

2076 2788 2279 2842 crimen
2307 2801 2522 2856 semper
2547 2796 2751 2858 arguet.
2780 2787 2898 2842 Non
2926 2789 2996 2843 ita
3026 2789 3209 2858 pungit
3233 2793 3398 2853 ensis,
3423 2791 3562 2844 sicut
3585 2790 3672 2859 iu-

2077 2879 2303 2932 ramenti
2322 2890 2505 2933 natura
2525 2897 2537 2932 :
2558 2895 2662 2934 non
2682 2880 2758 2934 sic
2774 2879 2969 2935 occidit
2984 2881 3212 2951 gladius,
3231 2883 3368 2936 sicut
3379 2881 3672 2952 juramenti

2081 2971 2257 3042 plaga.
2288 2971 2507 3026 Juratus
2537 2972 2636 3027 etsi
2667 2973 2848 3028 vivere
2871 2973 3140 3040 videatur,
3160 2977 3269 3042 iam
3301 2985 3545 3029 mortuus
3565 2984 3668 3042 est,

2078 3072 2132 3117 ct
2161 3063 2352 3118 vulnus
2377 3064 2624 3133 excepit:
2649 3073 2703 3119 et
2741 3065 2879 3119 sicut
2916 3065 3006 3135 qui
3054 3075 3252 3120 restem
3281 3067 3456 3135 capit,
3495 3066 3673 3135 prius-

2077 3173 2237 3226 quam
2283 3157 2500 3213 civitate
2540 3157 2864 3227 egrediatur.
2912 3168 2966 3213 et
2991 3158 3058 3213 ad
3094 3159 3442 3229 praecipitium
3469 3159 3671 3223 veniat,
3765 3168 3768 3172 ’

2079 3258 2134 3302 et
2159 3257 2416 3303 tortorem
2445 3248 2622 3302 videat
2647 3249 3016 3304 imminentem
3039 3290 3053 3313 ,
3088 3258 3328 3303 mortuus
3353 3260 3435 3303 est
3455 3290 3469 3312 ,
3511 3248 3671 3303 simul

2081 3358 2143 3396 ac
2175 3343 2408 3412 prmtorii
2445 3341 2638 3412 ianuas
2664 3357 2913 3412 egressus
2940 3350 3022 3397 est
3049 3361 3062 3395 :
3094 3343 3171 3397 sic
3196 3351 3246 3397 et
3268 3343 3503 3412 iuratus.
3546 3342 3676 3398 llzec

2083 3443 2412 3502 reputemus,
2441 3445 2497 3488 et
2528 3449 2595 3488 ne
2618 3433 2812 3488 fratres
2839 3434 3167 3504 adjuremus.
3201 3435 3338 3503 Quid
3371 3434 3535 3500 facis,
3570 3435 3675 3488 bo-

2085 3524 2210 3577 tuo?
2236 3539 2398 3593 super
2427 3540 2670 3578 mensam
2703 3525 2921 3594 adjuras
2951 3541 3162 3580 sacram
3184 3567 3198 3592 ,
3229 3536 3282 3580 et
3312 3527 3400 3579 ubi
3429 3525 3676 3580 Christus

2085 3616 2288 3685 positus
2313 3625 2396 3670 est
2423 3615 2763 3681 immolatus,
2807 3616 2916 3671 illic
2958 3615 3176 3671 fratrem
3207 3628 3356 3670 tuum
3390 3617 3677 3673 immolas?

2085 3708 2344 3763 Latrones
2364 3707 2579 3778 quidem
2608 3707 2660 3762 in
2692 3709 2788 3762 viis
2816 3717 3050 3763 mactant
3074 3726 3087 3762 :
3114 3716 3170 3762 tu
3196 3723 3326 3762 vero
3353 3724 3534 3762 coram
3563 3723 3678 3762 ma-

2087 3810 2166 3854 tre
2196 3799 2364 3854 filium
2406 3799 2652 3853 immolas
2691 3799 3004 3854 sceleratius
3024 3841 3038 3866 ,
3071 3815 3228 3869 quam
3257 3798 3385 3853 Cain
3411 3841 3424 3863 ,
3459 3808 3677 3868 patrans

2086 3893 2472 3948 homicidium?
2515 3891 2610 3946 Ille
2637 3908 2830 3962 nempe
2859 3891 3080 3946 fratrem
3111 3907 3267 3945 suum
3300 3891 3352 3945 in
3381 3890 3596 3945 deserto
3622 3900 3676 3945 et

2086 3986 2338 4057 presenti
2366 3994 2538 4040 morte
2569 3985 2856 4048 mactavit;
2904 3995 2957 4038 tu
2988 4000 3114 4039 vero
3144 3984 3360 4038 fratrem
3390 3993 3538 4038 tuum
3569 3984 3676 4037 im-

2085 4079 2258 4133 molas
2283 4079 2336 4132 in
2365 4077 2542 4132 medio
2567 4076 2832 4142 ecclesiae,
2865 4075 3024 4145 idque
3053 4083 3224 4129 morte
3254 4075 3427 4128 futura
3455 4076 3679 4129 immor-

2086 4172 2201 4225 tali.
2230 4170 2366 4224 Num
2393 4170 2535 4224 enim
2566 4178 2848 4239 propterea
2879 4168 3017 4222 facta
3046 4175 3130 4220 est
3157 4167 3384 4222 ecclesia
3404 4209 3417 4231 ,
3443 4176 3502 4220 ut
3526 4167 3678 4236 jure-

2088 4264 2243 4319 mus?
2269 4263 2558 4332 Propterea
2586 4261 2724 4315 facta
2746 4269 2851 4325 est,
2879 4269 2934 4313 ut
2963 4274 3198 4312 oremus.
3229 4258 3365 4312 Nam
3389 4252 3536 4313 enim'
3559 4257 3679 4312 ideo

2089 4371 2272 4409 tnensa
2303 4355 2469 4424 posita
2499 4363 2614 4417 est,
2645 4364 2702 4405 ut
2731 4352 3077 4419 adiuremus?
3109 4349 3233 4403 Ideo
3273 4360 3440 4419 posrta
3475 4360 3590 4415 est,
3623 4357 3681 4403 ut

2089 4457 2304 4518 peccata
2333 4447 2624 4508 solvamus,
2658 4463 2760 4498 non
2791 4454 2849 4498 ut
2877 4445 3173 4512 alligamus.
3343 4507 3346 4509 Α

2159 4541 2460 4594 Juramenta
2493 4539 2884 4609 Evangeliorum
2911 4549 3162 4591 contactu.
3186 4569 3256 4578 ——
3277 4537 3356 4592 Tu
3378 4551 3506 4592 vero
3527 4537 3572 4590 si
3601 4537 3683 4591 ni-

2091 4632 2164 4687 hil
2193 4632 2358 4699 aliud,
2388 4620 2578 4686 saltem
2612 4631 2806 4685 librum
2838 4634 3012 4700 ipsum
3043 4645 3313 4695 reverere,
3343 4645 3500 4699 quem
3530 4631 3581 4684 in
3603 4629 3683 4699 iu-

2092 4733 2391 4780 ramentum
2424 4725 2658 4794 porrigis
2677 4733 2758 4778 :et
2775 4722 3137 4793 Evangelitun,
3163 4723 3306 4790 quod
3336 4723 3471 4775 intra
3495 4735 3681 4776 manus

2092 4817 2310 4886 capiens
2351 4817 2533 4885 iurare
2571 4815 2762 4884 iubes,
2792 4815 3033 4884 explica,
3066 4822 3121 4867 et
3161 4813 3383 4867 audiens
3438 4813 3563 4880 quid
3613 4813 3680 4868 ibi

2093 4909 2337 4964 Christus
2366 4907 2434 4962 de
2456 4907 2776 4977 iuramentis
2803 4908 3061 4970 disserat,
3093 4906 3346 4960 horresce
3378 4915 3432 4960 et
3462 4907 3680 4960 desiste.

2093 5001 2232 5068 Quid
2263 5001 2422 5071 igitur
2448 5000 2554 5054 illic
2583 4999 2650 5054 de
2676 4999 2994 5067 iuramentis
3021 4999 3229 5066 inquit?
3253 4997 3363 5067 Ego
3385 5008 3550 5050 autem
3573 4998 3686 5049 dico

2094 5095 2231 5148 vobis
2265 5094 2471 5148 omnino
2514 5109 2615 5145 non
2646 5094 2828 5160 jurare
2857 5091 3074 5161 (Matth.
3102 5089 3153 5144 5.
3184 5089 3300 5159 5i).
3339 5090 3416 5142 Tu
3449 5103 3578 5141 vero
3608 5089 3686 5140 le—

2096 5204 2215 5259 gem
2259 5187 2445 5256 iurare
2492 5184 2899 5254 prohibentem,
2934 5183 2984 5236 in
3015 5183 3378 5251 iurameutum
3409 5181 3602 5249 ponis?
3644 5178 3688 5233 (ι

2097 5280 2499 5344 contumeliam,
2527 5294 2558 5331 ο
2582 5278 2872 5331 insaniam!
2901 5276 3039 5330 idem
3064 5277 3206 5329 enim
3240 5275 3390 5339 facis,
3420 5289 3483 5327 ac
3507 5274 3548 5326 si
3571 5274 3690 5341 quis

2098 5373 2456 5444 legislaturem
2506 5370 2808 5425 interficere
2854 5368 3260 5437 prohibentem,
3304 5367 3475 5434 ipsum
3524 5364 3688 5417 caulis

2099 5467 2200 5522 sibi
2245 5465 2447 5520 socium
2492 5477 2612 5517 esse
2650 5461 2854 5530 iubeat.
2903 5459 3017 5514 Non
3069 5460 3138 5512 ita
3185 5474 3340 5525 gemo
3372 5467 3424 5510 et
3466 5455 3693 5524 dcpioro

2101 5557 2378 5629 quospiam
2412 5557 2462 5610 in
2497 5555 2598 5609 viis
2619 5553 2890 5624 iugulatus
2920 5550 3160 5614 audiens,
3189 5551 3328 5605 sicut
3353 5565 3508 5618 gemo
3536 5557 3588 5602 et
3619 5547 3695 5600 la»

2103 5649 2300 5721 crymis
2328 5661 2624 5718 prosequor
2649 5653 2702 5699 et
2731 5643 3010 5709 horresco,
3047 5657 3167 5694 cum
3202 5640 3359 5694 videe
3384 5638 3692 5708 quempiam

2104 5757 2267 5812 proiie
2297 5754 2537 5795 mensam
2571 5738 2708 5791 hanc
2735 5735 3040 5790 venientem
3065 5776 3077 5798 ,
3105 5744 3156 5788 et
3192 5747 3380 5786 manus
3410 5732 3691 5799 imponen-

2115 5845 2242 5900 tem,
2270 5827 2644 5902 etEvangeliis
2666 5828 2926 5885 contactis
2953 5827 3238 5897 iurantem.
3296 5826 3369 5880 De
3417 5822 3688 5894 pecuniis,
