4068 6428
196 382 294 436 159

198 497 291 552 καὶ
316 492 453 548 αὐτὰ
474 492 546 545 τὰ
574 492 772 545 ἀστεῖα
805 486 1088 559 ἀποφεύξῃ
1126 489 1367 558 ῥήματα,
1388 485 1577 556 ἐπειδὴ
1615 485 1724 537 τῶν
1748 483 1882 553 μετὰ

198 582 369 639 ταῦτα
401 579 595 633 κακῶν
634 578 759 648 ῥίζα
816 576 990 628 ταῦτα
1043 576 1280 643 ἐγένετο.
1316 575 1414 627 Διά
1434 572 1592 625 τοῦτο
1619 573 1646 623 ὁ
1673 569 1884 631 Παῦλός

204 688 354 741 φησι·
378 666 735 737 Μωρολογία
759 663 855 717 καὶ
887 664 1250 730 εὐτραπελία
1268 661 1354 731 μὴ
1382 659 1797 730 ἐκπορευέσθω
1815 657 1885 709 ἐκ

202 758 309 815 τοῦ
340 758 645 826 στόματος
672 751 860 823 ὑμῶν.
903 750 967 804 Εἰ
1010 751 1122 821 γάρ
1159 750 1255 804 καὶ
1281 750 1414 803 αὐτὸ
1443 750 1565 803 καθ’
1600 747 1764 801 ἐαυτδ
1792 762 1885 816 μι-

204 848 335 919 κρὸν
362 840 506 898 εἶναι
541 834 709 906 δοκεῖ,
743 840 879 894 ἀλλά
912 838 1162 909 μεγάλων
1206 840 1338 910 ημῖν
1375 836 1562 893 κακῶν
1599 832 1885 919 αἴτιονγί-

204 918 374 990 νεται.
436 932 609 986 Πάλιν
658 928 721 982 τὸ
756 928 969 998 τρυφᾷν
1025 925 1087 979 ού
1120 925 1267 978 δοκεῖ
1307 926 1404 997 μὲν
1447 924 1698 996 ἔγκλημα
1746 918 1886 976 εἶναι

208 1021 442 1094 φανερὸν
465 1019 564 1074 καὶ
589 1014 1027 1088 ὡμολογημένον,
1062 1012 1270 1084 μεγάλα
1290 1013 1348 1067 δὲ
1364 1015 1498 1085 ἡμῖν
1523 1013 1699 1067 τίκτει
1717 1009 1884 1077 κακὰ,

211 1113 403 1184 μέθην,
444 1107 731 1180 παροινίαν
756 1115 796 1169 ⁸,
829 1102 1166 1170 πλεονεξίαν,
1191 1102 1467 1175 ἁρπαγάς.
1506 1102 1566 1156 ’0
1587 1102 1697 1173 γὰρ
1710 1102 1887 1155 δαπα-

208 1201 370 1272 V1196;
397 1197 496 1251 καὶ
540 1191 855 1264 πολυτελὴς,
891 1192 984 1245 καὶ
1038 1190 1381 1262 λειτουργίας
1436 1193 1503 1262 τῇ
1546 1190 1746 1260 γαστρὶ
1779 1188 1889 1241 λει-

206 1287 457 1360 τουργῶν
474 1285 803 1355 ἀφορήτους,
823 1281 918 1334 καὶ
938 1280 1191 1335 κλέπτειν
1214 1279 1583 1349 ἀναγκάζεται
1606 1277 1885 1343 πολλάκις,

209 1380 303 1434 καὶ
325 1378 396 1431 τά
428 1375 632 1446 ἐτέρων
660 1369 947 1443 ἁρπάζειν,
976 1370 1071 1423 καὶ
1087 1369 1449 1433 πλεονεκτεῖν,
1464 1368 1558 1421 καὶ¹
1583 1365 1885 1438 βιάζεσθαι.

214 1469 311 1520 Ἂν
328 1466 513 1519 τοίνυν
541 1461 720 1532 φύγῃς
756 1458 818 1512 τὸ
845 1459 1079 1529 τρυφᾷν,
1112 1457 1207 1512 καὶ
1240 1455 1556 1522 πλεονεξίας
1586 1455 1681 1508 καὶ
1711 1456 1890 1526 ἀρπαο

210 1556 314 1624 γῆς
343 1553 441 1606 καὶ
476 1549 648 1622 μέθης
672 1547 770 1601 καὶ
799 1546 1009 1617 μυρίων
1036 1543 1223 1600 κακῶν
1244 1542 1343 1615 τὴν
1366 1542 1624 1598 ὑπόθεσιν
1657 1543 1888 1609 ἀνεῖλες,

128 1662 139 1669 ν
212 1638 497 1714 πόρρωθεν
531 1638 631 1706 τὴν
659 1634 813 1706 ῥίζαν
848 1630 1098 1703 ἐκτεμὼν
1138 1632 1238 1704 τῆς
1275 1630 1565 1703 πονηρίας.
1596 1629 1696 1683 Διά
1732 1630 1891 1714 τοῦτο

212 1713 305 1781 καὶ
335 1727 365 1777 6
408 1720 625 1783 Παῦλος
669 1717 875 1787 ἔλεγεν,
920 1717 1004 1770 δτι
1041 1717 1105 1773 Ἡ
1145 1715 1521 1771 σπαταλῶσα
1552 1715 1711 1785 χήρα
1735 1713 1893 1776 ζῶσα

213 1812 483 1879 τέθνηκε.
516 1808 590 1860 Τὸ
618 1808 700 1871 εἰς
726 1807 794 1859 τά
822 1803 1025 1877 θέατρα
1074 1804 1388 1859 ἀναϐαίνειν
1418 1804 1603 1866 πάλιν,
1654 1803 1749 1856 καὶ
1793 1803 1888 1855 ἴπ-

214 1918 328 1955 πων
362 1897 602 1968 ἁμίλλας
636 1895 883 1968 θεωρεῖν,
916 1893 1010 1947 καὶ
1059 1891 1337 1957 κυϐεύειν,
1373 1894 1434 1947 οὐ
1464 1895 1613 1948 δοκεῖ
1635 1889 1892 1962 πλημμέ-

212 1988 358 2059 λημα
377 1989 495 2049 τοῖς
528 1982 741 2046 πολλοῖς
767 1981 1189 2053 ὡμολογημένον
1219 1975 1380 2046 εἶναι.
1416 1982 1588 2054 μυρία
1608 1981 1665 2033 δὲ
1691 1981 1772 2043 εἰς
1801 1980 1893 2032 τὸν

216 2073 325 2145 βίον
354 2072 570 2140 εἰσάγει
600 2069 769 2124 κακά.
806 2070 917 2123 Καὶ
946 2068 1057 2139 γὰρ
1086 2070 1120 2138 ἡ
1145 2070 1203 2122 ἐν
1225 2071 1337 2132 τοῖς
1365 2067 1614 2140 θεάτροις
1639 2066 1892 2139 διατριϐὴ

213 2162 494 2235 πορνείαν,
526 2157 842 2223 ἀκολασίαν,
866 2157 961 2211 καὶ
987 2158 1167 2210 πᾶσαν
1200 2156 1490 2225 ἀσέλγειαν
1524 2154 1548 2192 ι)
1587 2156 1765 2220 ἔτεκε,
1798 2155 1894 2209 καὶ

211 2251 379 2323 ήτῆς
414 2248 652 2321 ἁμίλλης
678 2245 789 2300 τῶν
836 2245 1022 2299 ἵππων
1074 2244 1281 2317 θεωρία
1338 2246 1539 2316 μάχας,
1597 2244 1892 2316 λοιδορίας,

210 2340 450 2411 πληγὰς,
486 2335 696 2408 ῦϐρεις,
747 2332 1046 2405 ἀπεχθείας
1098 2333 1371 2406 διηνεκεῖς
1430 2336 1697 2407 ἐπήγαγε·
1734 2334 1892 2407 καὶή

209 2428 339 2500 περὶ
362 2426 429 2480 τὸ
457 2423 710 2478 κυϐεύειν
740 2422 945 2495 σπουδὴ
998 2421 1382 2495 βλασφημίας,
1419 2423 1648 2496 ζημίας,
1699 2424 1891 2497 όργάς,

209 2516 504 2587 λοιδορίας,
526 2513 622 2567 καὶ
669 2511 842 2584 μυρία
880 2512 1044 2583 ἕτερα
1076 2511 1282 2566 τούτων
1314 2511 1594 2583 δεινότερα
1632 2511 1896 2577 πολλάκις

211 2606 530 2676 εἰργάσατο.
556 2601 647 2671 Μὴ
672 2599 852 2652 τοίνυν
875 2598 946 2653 τά
981 2600 1357 2671 ἁμαρτήματα
1388 2600 1682 2670 φεύγωμεν
1710 2599 1891 2669 μόνον,

212 2692 346 2747 ἀλλά
378 2689 477 2744 καὶ
500 2688 569 2741 τά
592 2685 851 2742 δοκοῦντα
883 2686 984 2757 μέν
1037 2686 1308 2758 ἀδιάφορα
1336 2683 1494 2753 εἶναι,
1526 2686 1668 2741 κατὰ
1702 2689 1898 2760 μικρὸν

211 2781 267 2836 δὲ
290 2780 448 2851 ἡμᾶς
497 2779 578 2841 εἰς
603 2776 702 2840 τάς
732 2776 1113 2848 πλημμελείας
1146 2776 1349 2846 ἄγοντα
1377 2776 1600 2841 ταύτας.
1638 2777 1750 2831 Καὶ
1789 2777 1897 2851 γάρ

213 2870 239 2921 ὁ
263 2866 422 2939 παρὰ
470 2865 717 2938 κρημνὸν
746 2864 997 2935 βαδίζων,
1037 2864 1145 2919 κᾶν
1193 2864 1268 2937 μὴ
1308 2865 1621 2938 καταπέσῃ,
1678 2867 1895 2939 τρέμει,

214 2959 308 3012 καὶ
348 2954 614 3019 πολλάκις
653 2954 746 3008 ὑπ’
776 2953 941 3008 αὐτοῦ
978 2953 1073 3009 τοῦ
1119 2955 1323 3027 τρόμου
1375 2959 1738 3029 περιτραπεὶς
1768 2977 1900 3013 κατ-

215 3049 433 3103 έπεσεν·
465 3044 610 3099 οὕτω
639 3044 735 3099 καὶ
761 3046 789 3097 6
816 3043 891 3117 μὴ
921 3043 1205 3116 πόρρωθεν
1229 3044 1446 3115 φεύγων
1471 3045 1571 3110 τὰς
1601 3047 1896 3119 ἁμαρτίας,

215 3137 328 3192 ἀλλ’
357 3134 527 3203 ἐγγὺς
558 3132 740 3188 αὐτῶν
786 3131 1015 3203 βαδίζων
1039 3170 1054 3196 ,
1095 3131 1235 3203 μετά
1282 3133 1448 3203 φόϐου
1496 3134 1774 3206 βιώσεται.
1808 3138 1901 3191 καὶ
1938 3144 1953 3159 ¹

220 3224 481 3287 πολλάκις
511 3225 594 3287 είς
634 3220 803 3285 αύτάς
836 3222 1180 3291 ἐμπεσεῖται.
1217 3223 1331 3276 Καὶ
1358 3220 1469 3295 γάρ
1489 3225 1517 3276 6
1542 3224 1610 3278 τά
1644 3225 1902 3297 ἀλλότρια

218 3311 720 3383 περιεργαζόμενος
755 3309 949 3380 κάλλη,
987 3310 1091 3363 κᾶν
1123 3310 1198 3382 μὴ
1228 3311 1512 3383 μοιχεύσῃ,
1541 3313 1679 3378 τέως
1705 3315 1902 3368 ἐπεθύ-

220 3417 387 3470 μησε,
420 3400 515 3452 καὶ
535 3398 727 3467 γέγονε
758 3398 901 3451 κατά
932 3396 1028 3469 τὴν
1058 3397 1336 3468 ἀπόφασιν
1385 3401 1479 3454 τοῦ
1517 3402 1755 3473 Χριστοῦ
1784 3421 1904 3474 μοιο

219 3490 330 3563 χός·
366 3487 629 3552 πολλάκις
657 3487 713 3541 δὲ
752 3487 844 3540 ὑπ’
875 3487 1048 3557 αὐτῆς
1076 3487 1178 3558 τῆς
1230 3487 1527 3559 ἐπιθυμίας
1556 3491 1650 3544 καὶ
1675 3494 1757 3557 είς
1805 3492 1904 3565 τὴν

218 3577 307 3630 διὰ
337 3577 442 3647 τῆς
474 3576 671 3647 πείρας
712 3574 988 3646 ἁμαρτίαν
1038 3576 1431 3649 καταφέρεται.
1481 3578 1773 3651 Πόρρωθεν
1796 3581 1906 3635 τοί-

219 3683 316 3719 νυν
343 3667 574 3730 ἑαυτοὺς
631 3664 1040 3736 ἀναστείλωμεν
1080 3663 1189 3718 τῶν
1219 3666 1661 3738 ἁμαρτημάτων.
1715 3662 1906 3725 Βούλει

223 3754 549 3825 σωρρονεῖν;
590 3751 664 3823 μὴ
698 3751 878 3822 φύγῃς
910 3751 1154 3822 μοιχείαν
1197 3752 1378 3823 μόνον,
1414 3752 1551 3806 ἀλλά
1581 3755 1676 3808 καὶ
1703 3756 1906 3811 ἀκόλα-

222 3859 347 3894 στον
379 3840 522 3911 ϐᾆιν.
555 3839 746 3893 Βούλει
782 3839 1042 3911 ῥημάτων
1076 3840 1318 3912 αἰσχρῶν
1346 3837 1484 3895 εἶναι
1518 3843 1772 3915 μακράν;
1831 3844 1908 3917 μὴ

221 3930 292 3984 τὰ
318 3929 521 4001 αἰσχρά
551 3929 771 4000 ῥήματα
804 3927 983 4001 φύγῃς
1013 3930 1190 4001 μόνον,
1233 3930 1369 3985 ἀλλὰ
1403 3931 1499 3985 καὶ
1532 3932 1742 4001 γέλωτα
1778 3933 1909 3987 ἆτα-

223 4035 373 4081 κτον,
398 4019 490 4070 καὶ
509 4016 804 4088 ἐπιθυμίαν
830 4016 1069 4072 ἅπασαν.
1092 4018 1279 4071 Βούλει
1310 4018 1487 4087 φόνων
1520 4015 1658 4073 εἶναι
1688 4020 1906 4093 πόρῤω;

224 4106 396 4175 φεῦγε
423 4104 707 4176 λοιδορίας.
736 4104 925 4158 Βούλει
956 4105 1127 4177 μέθης
1162 4104 1313 4179 1158]
1342 4106 1673 4175 ἀφίστασθαι
1699 4126 1713 4174 ;
1740 4109 1909 4178 φεῦγε

224 4192 439 4267 τρυφάς
466 4193 557 4246 καὶ
576 4191 675 4255 τὰς
700 4192 1013 4256 πολυτελεῖς
1040 4192 1346 4264 τραπέζας,
1380 4197 1473 4249 καὶ
1497 4195 1794 4269 πρόρριζον
1812 4197 1909 4269 τὴν

224 4281 427 4335 κακίαν
454 4278 785 4334 ἀνάσπασον.
847 4279 1078 4350 Μεγάλη
1130 4284 1298 4350 παγὶς
1356 4282 1610 4356 γλώσσης
1645 4285 1911 4339 ἀκολασία

223 4369 323 4422 καὶ
370 4366 566 4420 πολλοῦ
610 4367 840 4438 δεομένη
893 4365 987 4421 τοῦ
1046 4368 1289 4439 χαλινοῦ.
1335 4369 1435 4424 Διὰ
1494 4372 1651 4425 τοῦτο
1693 4373 1787 4426 καί
1829 4372 1911 4435 τίς

228 4472 386 4527 φησι·
421 4456 606 4526 Παγίς
635 4458 857 4525 ἰσχυρὰ
877 4458 1050 4527 ἀνδρὶ
1071 4458 1142 4514 τὰ
1169 4458 1291 4513 ίδια
1319 4460 1520 4531 χείλη,
1544 4462 1641 4516 καί
1663 4464 1913 4518 ἁλίσκε-

224 4562 325 4599 ται
349 4543 625 4613 ῥήμασιν
657 4544 1165 4621 ίδίουκστόματος.

302 4642 365 4689 ε’.
400 4635 511 4706 Πρὸ
536 4626 658 4688 τῶν
693 4635 866 4690 ἄλλων
892 4638 1071 4690 τοίνυν
1095 4638 1351 4695 ἁπάντων
1373 4639 1553 4711 μελῶν
1572 4638 1776 4709 ταύτην
1804 4659 1911 4695 σω-

229 4722 596 4795 φρονίςωμεν,
629 4723 831 4796 ταύτην
885 4724 1310 4798 χαλινώσωμεν,
1353 4728 1448 4782 καὶ
1488 4727 1757 4800 λοιδορίας
1819 4730 1914 4783 καὶ

229 4811 424 4882 ὕϐρεις
457 4812 551 4864 καὶ
577 4813 962 4884 αἰσχρολογίας
986 4815 1081 4868 καὶ
1133 4817 1477 4889 κακηγορίας
1508 4816 1616 4871 ἀπὸ
1665 4818 1759 4872 τοῦ
1793 4819 1916 4872 στό-

233 4915 410 4969 ματος
439 4898 803 4971 ἐξελάσωμεν,
839 4903 935 4955 καὶ
967 4902 1066 4975 τὴν
1115 4905 1362 4977 πονηράν
1420 4904 1532 4959 τῶν
1566 4906 1747 4978 ὅρκων
1799 4923 1918 4961 συν·

230 4986 445 5057 ήθειαν·
485 4987 644 5042 πάλιν
675 4988 783 5060 γὰρ
812 4991 960 5061 ἡμᾶς
989 4991 1081 5045 ἐπὶ
1110 4993 1206 5063 τὴν
1228 4994 1399 5065 αὐτὴν
1431 4994 1756 5067 παραίνεσιν
1776 4997 1804 5049 6
1830 4996 1919 5049 λό-

230 5091 330 5143 γος
366 5075 559 5145 ἤγαγε.
607 5076 796 5131 Καίτοι
828 5094 892 5146 γε
943 5079 1182 5151 ἑσπέρας
1234 5082 1617 5154 συνεταξάμην
1667 5085 1819 5154 ὑμῶν
1850 5087 1917 5156 τῇ

232 5163 448 5237 ἀγάπῃ,
472 5164 546 5228 ῶς
578 5165 762 5220 οὐκέτι
801 5167 931 5239 περὶ
955 5168 1053 5240 τῆς
1082 5170 1304 5241 ἐντολῆς
1324 5172 1529 5244 ταύτης
1563 5173 1694 5244 ἐρῶ,
1723 5173 1812 5227 διά
1859 5174 1922 5226 τὸ

233 5251 547 5316 πάσας-τάς
579 5252 888 5326 ἔμπροσθεν
928 5256 1142 5330 ἡμέρας
1199 5258 1516 5330 ἀρκούντως
1564 5262 1694 5333 περὶ
1752 5263 1923 5333 αὐτῆς

234 5339 552 5411 διειλέχθαι·
577 5342 712 5396 ἀλλά
741 5343 794 5396 τί
825 5344 1016 5411 πάθω;
1048 5347 1194 5410 Ἕως
1221 5346 1287 5400 ἂν
1326 5348 1420 5402 ἴδω
1443 5348 1921 5421 κατορθώσαντας,

236 5428 298 5481 ού
323 5428 504 5497 στέγω
530 5440 553 5469 ο
583 5430 680 5502 τῆς
713 5432 1024 5505 συμϐουλῆς
1053 5434 1408 5507 ἀποσχέσθαι·
1443 5438 1566 5490 ἐπεὶ
1599 5439 1694 5492 καὶ
1711 5438 1928 5503 Παῦλος

238 5514 509 5581 Γαλάταις
540 5516 735 5586 λέγων,
765 5520 873 5575 Τοῦ
905 5521 1123 5576 λοιποῦ
1154 5525 1385 5591 κόπους
1413 5543 1518 5594 μοι
1539 5526 1752 5596 μηδείς
1782 5544 1931 5596 παρ-

244 5606 453 5677 εχέτω,
517 5609 675 5663 πάλιν
723 5613 909 5676 αὐτοῖς
955 5613 1206 5681 φαίνεται
1258 5616 1655 5688 συγγενόμενος
1686 5619 1782 5671 καὶ
1812 5617 1933 5673 δια-

242 5694 477 5767 λεχθείς.
510 5696 745 5753 Τοιαῦτα
803 5701 870 5755 τά
910 5702 1198 5773 σπλάγχνα
1228 5701 1297 5756 τά
1322 5703 1591 5773 πατρικά,
1633 5704 1735 5762 κάν
1762 5706 1933 5760 εἴπω-

247 5801 330 5839 σιν
358 5783 709 5853 άφίστασθαι,
757 5788 857 5841 οὐκ
885 5787 1232 5858 ἀφίστανται,
1282 5794 1384 5855 ἐω,
1421 5790 1487 5844 ἂν
1520 5791 1672 5845 ἴδωσι
1709 5809 1932 5863 σωφρο-

303 5905 335 5973 ‘_‘
361 5906 459 5973 5m
484 5909 756 5973 παράνοιαν.

310 5967 342 6040 ξι
367 5969 477 6040 ξεν.
505 5967 564 6040 σι’
581 5974 775 6040 quitiam
801 5973 881 6021 alii
904 5973 1140 6040 πορνείας,
1165 5975 1445 6040 ἀκολασίας,
1471 5976 1735 6040 ἀσελγείας.

312 6034 337 6065 ε
365 6032 541 6084 δαν.οι
563 6034 753 6095 plurimi
773 6049 885 6084 mss.
910 6032 1158 6099 οὐστέγώ,
1185 6037 1305 6089 Mor.
1336 6039 1388 6088 οὐ
1415 6032 1615 6102 στέργωζ

1265 370 1355 427 AD
1394 368 1724 427 POI’ULUM
1767 362 2269 421 ANTIOCHENUM
2308 360 2541 420 HOMIL.
2579 358 2694 415 XV.

3566 358 3667 412 160

1989 478 2271 543 νισθέντας
2299 477 2478 532 αὐτῶν
2502 478 2629 540 τοὺς
2654 475 2868 539 παῖδας.
2921 471 3221 527 Ἠκούσατε
3255 471 3349 525 τοῦ
3389 473 3672 544 προφήτου

1992 568 2051 638 σιξ
2063 585 2126 636 με
2136 583 2227 636 ρον
2250 584 2315 619 πε
2326 567 2378 637 pl.
2403 565 2510 619 τῶν
2526 566 2704 637 ὅρκων
2720 565 2853 633 ἡμῖν
2872 558 3258 630 διαλεγομένου
3283 575 3298 626 ;
3328 559 3675 628 Ἐπέἄίεψα

1989 654 2111 722 τοῖς
2137 652 2468 724 ὀφθαλμοῖς
2490 670 2630 722 μου,
2660 651 2756 705 καὶ
2778 646 2965 713 εἶδον,
2983 647 3138 718 φησὶ,
3169 647 3268 701 καὶ
3295 645 3426 701 ἰδοὺ
3456 646 3676 716 δρέπα-

1986 759 2099 798 νον
2119 743 2453 812 πετόμενον
2474 740 2712 810 μήκους
2738 736 2951 806 πηχῶν
3001 737 3215 800 εἴκοσι,
3255 735 3355 789 καὶ
3401 734 3678 804 πλάτους

1989 830 2201 901 πηχῶν⁴
2229 829 2409 897 δέκα,
2440 827 2540 882 καὶ
2564 825 2695 881 εἷπε
2714 825 2864 893 πρός
2887 841 2984 895 με·
3026 825 3089 878 Τί
3112 834 3195 877 σὺ
3222 824 3480 890 βλέπεις
3508 838 3529 888 ;
3559 823 3671 877 Καὶ

1988 917 2181 975 εἷπον·
2243 919 2390 989 Ὀρῶ
2424 918 2727 987 δρέπανον
2748 918 3083 984 πετόμενον
3123 915 3358 985 μήκους
3384 912 3599 985 πηχῶν
3641 914 3672 955 ἆ

1988 1008 2207 1073 εἴκοσι,
2240 1008 2340 1062 καὶ
2376 1007 2651 1073 πλάτους
2691 1005 2836 1059 δέκα
2864 1003 3096 1074 πηχῶν·
3125 1005 3226 1058 καὶ
3261 1005 3676 1058 εἰσελεύσεται

1989 1100 2076 1165 εἰς
2113 1099 2221 1153 τὸν
2247 1095 2436 1162 οἷκον,
2469 1099 2622 1168 φησὶ,
2646 1095 2755 1150 τοῦ
2779 1097 3110 1165 ὀμνύοντος
3145 1094 3225 1160 τῷ
3259 1096 3508 1166 ὀνόματί
3528 1115 3672 1166 μου,

1990 1185 2090 1240 καὶ
2110 1187 2435 1241 καταλύσει
2462 1186 2532 1239 ἐν
2559 1177 2836 1250 τῷμέσφ,
2863 1184 2961 1238 καὶ
2991 1184 3373 1253 κατασκάψει
3399 1185 3542 1252 τοὺς
3579 1186 3677 1241 λί-

1991 1278 2138 1342 θους
2158 1274 2258 1329 καὶ
2280 1275 2351 1328 τὰ
2378 1274 2557 1339 ξύλα.
2591 1273 2657 1326 Τί
2687 1272 2816 1326 ποτέ
2837 1274 2953 1326 ἐστι
2986 1273 3047 1326 τὸ
3080 1272 3390 1344 εἰρημένον,
3421 1276 3514 1328 καὶ
3531 1274 3679 1341 τίνος

1991 1363 2177 1418 ἕνεκεν
2208 1364 2267 1416 ἐν
2299 1362 2451 1427 τάξει
2501 1362 2773 1434 δρεπάνης
2814 1363 2847 1432 ἠ
2890 1365 3002 1425 τοῖς
3053 1361 3342 1432 ὀμνύουσιν
3380 1364 3621 1434 ἑπομένη
3652 1375 3677 1404 ο

1992 1451 2234 1523 τιμωρία
2284 1451 2558 1521 φαίνεται,
2622 1450 2718 1504 καὶ
2758 1449 3035 1522 δρεπάνης
3076 1450 3414 1521 πετομένης;
3477 1451 3595 1504 Ἵνα
3618 1452 3680 1505 τὸ

1992 1538 2235 1607 ἄφυκτον
2285 1542 2386 1610 τῆς
2413 1539 2569 1612 δίκης
2616 1539 2711 1593 καὶ
2739 1538 2801 1592 τὸ
2849 1537 3220 1602 ἀδιεξόδευτον
3267 1538 3367 1610 τῆς
3407 1539 3681 1604 κολάσεως

1999 1626 2138 1700 ἴδῃς.
2175 1626 2340 1696 Ξίφος
2386 1627 2483 1699 μὲν
2527 1627 2637 1697 γάρ
2672 1626 2971 1696 πετόμενον
3007 1625 3139 1691 ἴσως
3175 1644 3260 1691 τις
3291 1626 3573 1698 διαδρᾶναι
3593 1628 3684 1681 δυ-

1993 1715 2239 1784 νήσεται,
2272 1715 2547 1785 δρεπάνην
2574 1714 2631 1767 δὲ
2665 1715 2744 1776 εἰς
2774 1713 2868 1767 τὸν
2900 1712 3175 1789 τράχηλον
3210 1714 3560 1785 ἐμπεσοῦσαν
3587 1716 3683 1769 καὶ

1995 1800 2116 1854 ἀντὶ
2151 1801 2384 1874 σχοινίου
2414 1801 2734 1874 γενομένην,
2757 1801 2930 1866 οὐδεὶς
2970 1800 3037 1855 ἂν
3065 1800 3339 1871 διαφύγοι·
3356 1802 3485 1855 ὅταν
3514 1802 3572 1855 δὲ
3590 1802 3685 1856 καὶ

1998 1891 2175 1962 πτερὰ
2205 1894 2404 1963 προσῇ,
2427 1892 2556 1945 ποία
2582 1890 2768 1944 λοιπὸν
2799 1890 3071 1962 σωτηρίας
3104 1889 3290 1957 ἐλπίς;
3320 1889 3477 1955 Τίνος
3496 1890 3553 1944 δὲ
3576 1892 3686 1946 ἕνε-

1997 1994 2093 2032 κεν
2122 1980 2248 2043 τοὺς
2285 1979 2468 2043 λίθους
2504 1979 2600 2032 καὶ
2624 1979 2693 2033 τά
2730 1977 2860 2043 ξύλα
2909 1978 3172 2033 καταλύει
3228 1979 3323 2032 τοῦ
3357 1979 3683 2051 ὀμνύοντος;

1998 2065 2118 2120 ’Ἵνα
2154 2069 2268 2130 τοῖς
2296 2066 2478 2131 ἀλλοις
2500 2065 2881 2138 σωφρονισμὸς
2907 2065 2969 2119 τὸ
2997 2065 3172 2130 πάθος
3199 2066 3443 2139 γένηται.
3464 2067 3684 2139 Ἐπειδὴ

1996 2155 2104 2226 γάρ
2129 2155 2219 2209 τὸν
2245 2155 2512 2226 ὀμνύοντα
2533 2155 2873 2210 ἀποθανόντα
2898 2153 3114 2224 ἀνάγκη
3128 2156 3196 2227 τῇ
3224 2157 3293 2228 γῇ
3323 2155 3684 2229 κρύπτεσθαι,

1995 2245 2028 2312 ή
2054 2242 2202 2297 οἰκά
2231 2243 2601 2298 καταλυθεῖσα
2629 2245 2724 2297 καὶ
2752 2243 2914 2315 χῶμα
2940 2242 3212 2316 γενομένη
3244 2245 3357 2308 τοῖς
3388 2243 3685 2316 παριοῦσιν

1998 2331 2169 2386 ἅπασι
2206 2333 2301 2385 καὶ⁵
2332 2332 2589 2403 βλέπουσι
2619 2332 3014 2403 παραινέσεται
3051 2331 3140 2386 διά
3158 2330 3257 2405 τῆς
3288 2331 3487 2402 ὅψεως,
3522 2333 3598 2406 μὴ
3619 2333 3690 2387 τά

1998 2420 2140 2474 αύτά
2161 2420 2389 2493 τολμᾷν,
2413 2421 2502 2475 ἵνα
2536 2420 2610 2490 μὴ
2640 2420 2711 2473 τά
2754 2420 2895 2475 αὺτά
2938 2419 3178 2485 πάθωσι,
3229 2421 3326 2474 καὶ
3379 2422 3690 2494 κατήγορος

1999 2506 2154 2562 ἐσται
2182 2507 2287 2577 τῆς
2317 2506 2411 2561 τοῦ
2451 2507 2904 2578 τετελευτηκότος
2956 2508 3234 2581 ἁμαρτίας
3272 2508 3546 2581 διηνεκὴς.
3577 2509 3692 2581 Οὐχ

1999 2594 2140 2650 οὕτω
2166 2599 2349 2650 κεντεῖ
2379 2596 2552 2666 ξίφος,
2589 2596 2664 2660 ὡς
2696 2598 2860 2668 ρκου
2890 2595 3071 2667 φύσις·
3106 2584 3426 2668 οὐχόῦτως
3477 2594 3694 2668 ἀναιρεῖ

2004 2687 2275 2760 μάχαιρα,
2327 2689 2404 2752 ὠς
2452 2690 2616 2761 ὅρκου
2653 2689 2859 2761 πληγή.
2904 2689 2961 2743 Ὀ
2985 2690 3214 2761 ὀμόσας,
3271 2689 3374 2745 κᾶν
3408 2690 3539 2762 δοκῇ
3569 2688 3691 2763 ζῇν,

2001 2776 2102 2846 ἧδη
2132 2776 2507 2848 τετελεύτηκε,
2546 2777 2640 2831 καὶ
2662 2778 2761 2848 τὴν
2802 2777 3016 2850 πληγὴν
3045 2778 3281 2843 ἐδέξατο·
3308 2779 3404 2833 καὶ
3441 2779 3695 2852 καθάπερ

2001 2865 2029 2917 6
2051 2864 2113 2917 τὸ
2146 2865 2408 2936 σπαρτίον
2430 2864 2630 2930 λαϐὼν,
2655 2867 2749 2919 καὶ
2775 2866 2903 2936 πρὶν
2931 2866 2964 2936 ἢ
2996 2866 3097 2937 τὴν
3124 2866 3277 2920 πόλιν
3309 2866 3569 2935 ἐξελθεῖν,
3599 2867 3695 2922 καὶ

2002 2953 2096 3005 ἐπὶ
2147 2951 2207 3005 τὸ
2235 2953 2509 3025 βάραθρον
2531 2952 2728 3017 ἐλθεῖν,
2780 2953 2875 3007 καὶ
2903 2953 3097 3024 δήμιον
3136 2954 3266 3009 ἰδεῖν
3306 2955 3694 3026 ἐφιστάμενον,

2002 3039 2264 3110 τέθνηκεν
2293 3041 2411 3111 ἅμα
2438 3039 2516 3110 τῷ
2544 3039 2645 3103 τὰς
2694 3041 2865 3112 θύρας
2891 3041 3131 3106 ἐξελθεῖν
3184 3042 3280 3096 τοῦ
3317 3043 3694 3115 δικαστηρίου,

2003 3126 2148 3181 οὕτω
2183 3128 2277 3181 καὶ
2305 3130 2333 3181 ὀ
2382 3127 2612 3197 ὀμόσας.
2662 3128 2849 3181 Ταῦτα
2904 3128 3273 3200 λογιζώμεθα,
3311 3132 3407 3184 καὶ
3439 3132 3515 3203 μὴ
3545 3132 3697 3204 ὁρκί-

2006 3215 2187 3287 ζωμεν
2211 3215 2338 3279 τοὺς
2369 3215 2653 3285 ἀδελφούς.
2713 3215 2779 3268 Τί
2817 3219 3014 3283 ποιεῖς,
3044 3217 3335 3289 ἀνθρωπες
3366 3219 3460 3272 ἐπὶ
3481 3218 3697 3291 τραπέ-

2006 3302 2105 3374 ζης
2137 3302 2376 3374 ὀρκίζεις
2406 3304 2578 3374 ἱερᾶς,
2622 3305 2717 3357 καὶ
2746 3302 2875 3358 ἔνθα
2925 3307 2954 3358 6
2980 3305 3218 3376 Χριστὸς
3248 3309 3425 3361 κεῖται
3462 3308 3698 3380 τεθυμέ-

2006 3408 2117 3457 νος,
2150 3393 2269 3444 ἐκεῖ
2294 3390 2385 3445 τὸν
2425 3390 2655 3460 ἀδελφὸν
2696 3392 2994 3458 καταθύεις
3026 3394 3120 3447 τὸν
3159 3395 3287 3463 σόν;
3348 3396 3461 3450 Καὶ
3505 3400 3554 3452 οί
3597 3398 3698 3470 μὲν

2007 3480 2205 3553 λῃσταὶ
2236 3481 2329 3533 ἐπὶ
2353 3479 2463 3533 τῶν
2479 3482 2614 3534 ὁδῶν
2638 3480 2656 3520 ί
2678 3480 2886 3545 θύουσι,
2917 3482 2981 3536 σὺ
3016 3483 3074 3536 δὲ
3099 3482 3412 3556 ἔμπροσθεν
3428 3488 3527 3559 τῆς
3545 3486 3699 3562 [159]

2014 3568 2249 3641 μητέρος
2272 3568 2363 3621 τὸν
2392 3568 2508 3622 υἱὸν
2540 3568 2833 3634 καταθύεις
2856 3571 3217 3644 ἐναγέστερον
3231 3572 3326 3628 τοῦ
3360 3574 3504 3629 Κάῖν
3544 3577 3701 3648 ἔργα·

2012 3656 2239 3725 ζόμενος
2268 3656 2460 3725 φόνον;
2481 3657 2723 3722 Ἐκεῖνος
2757 3659 2854 3729 μὲν
2886 3657 2997 3731 γὰρ
3025 3658 3185 3715 ἔθυσε
3218 3661 3312 3715 τὸν
3348 3663 3579 3733 ἀδελφὸν
3605 3664 3704 3717 αύ-

2010 3744 2105 3797 τοῦ
2134 3745 2228 3797 ἐπὶ
2261 3745 2364 3815 τῆς
2407 3746 2668 3817 ἐρημίας,
2733 3747 2829 3800 καὶ
2856 3746 2950 3802 τὸν
2991 3749 3239 3820 παρόντα
3262 3750 3512 3805 θάνατον·
3547 3753 3611 3806 σὺ
3645 3753 3700 3807 δὲ

2013 3832 2162 3897 θύεις
2188 3832 2282 3886 τὸν
2313 3833 2543 3903 ἀδελφὸν
2576 3837 2634 3886 ἐν
2671 3834 2822 3905 μέσῳ
2853 3836 2952 3905 τῆς
2985 3836 3305 3908 ἐκκλησίας,
3338 3841 3551 3894 καὶτὸν
3583 3842 3706 3912 μέλ-

2011 3919 2170 3975 λοντα
2198 3919 2427 3975 θάνατον
2452 3921 2541 3975 τὸν
2565 3921 2854 3976 ἀθάνατον.
2885 3922 2976 3994 Μὴ
3005 3926 3114 3996 γὰρ
3143 3926 3406 3998 ἐκκλησία
3435 3928 3524 3981 διὰ
3546 3930 3704 3984 τοῦτο

2011 4009 2259 4078 γέγονεν,
2318 4009 2406 4062 ἴνα
2439 4008 2768 4080 ὀμνύωμεν;
2818 4010 2918 4063 Διά
2939 4011 3097 4066 τοῦτο
3127 4014 3372 4082 γέγονεν,
3406 4015 3493 4069 ἵνα
3530 4017 3703 4087 εὐχώ-

2017 4098 2174 4169 μεθα.
2210 4098 2302 4170 Μὴ
2330 4097 2439 4167 γὰρ
2466 4096 2717 4168 τράπεζα
2753 4098 2843 4153 διὰ
2867 4098 3026 4154 τοῦτο
3069 4100 3319 4171 ἕστηκεν,
3352 4103 3438 4158 ἵνα
3463 4105 3701 4174 ὁρκίζω-

2019 4204 2151 4259 μεν;
2189 4186 2288 4240 Διά
2314 4185 2474 4240 τοῦτο
2511 4186 2769 4259 ἕστηκεν,
2802 4188 2891 4242 ἵνα
2941 4188 3010 4243 τά
3046 4190 3423 4263 ἁμαρτήματα
3461 4192 3702 4265 λύωμεν,

2014 4276 2113 4347 οὐχ
2145 4275 2232 4329 ἵνα
2263 4276 2319 4330 δε
2329 4275 2578 4346 σμῶμεν.

2088 4366 2161 4418 Σὺ
2195 4365 2250 4418 δὲ
2282 4366 2330 4418 εί
2362 4364 2528 4435 μηδὲν
2554 4364 2761 4436 ἕτερον,
2803 4365 2937 4419 αὐτὸ
2962 4364 3093 4435 γοῦν
3112 4367 3173 4420 τὸ
3198 4367 3403 4438 βιϐλίον
3426 4370 3707 4443 αίδέσθητι

2014 4454 2043 4508 ὃ
2065 4453 2366 4526 προτείνεις
2391 4456 2469 4517 εἰς
2491 4454 2673 4524 ὅρκον,
2699 4454 2794 4508 καὶ
2819 4453 2881 4507 τὺ
2908 4454 3260 4524 Ειλαγγέλιον,
3284 4456 3312 4511 ὃ
3343 4458 3479 4528 μετά
3517 4463 3708 4532 χεῖρας

2015 4541 2309 4612 λαμϐάνων
2340 4540 2584 4605 κελεύεις
2612 4541 2867 4612 ὀμνύναι,
2910 4543 3237 4611 ἀνάπτυξον,
3264 4545 3357 4598 καὶ
3391 4545 3630 4611 ἀκούσας
3658 4548 3710 4603 τί

2020 4630 2150 4701 περὶ
2181 4631 2360 4700 ὅρκων
2389 4631 2417 4682 ὁ
2453 4630 2689 4701 Χριστὸς
2720 4633 2837 4684 ἐκεῖ
2857 4631 3187 4701 διαλέγεται,
3216 4632 3427 4705 φρίξον,
3463 4636 3555 4688 καὶ
3578 4634 3712 4690 ἀπό·

2021 4718 2199 4790 στηθι.
2233 4717 2297 4770 Τί
2327 4715 2421 4773 οὖν
2451 4720 2571 4772 ἐκεῖ
2595 4720 2725 4790 περὶ
2759 4722 2938 4791 ὅρκων
2982 4721 3182 4791 φησίν;
3253 4722 3401 4791 Ἐγὼ
3439 4723 3508 4776 δὲ
3555 4723 3712 4794 λέγω

2020 4806 2182 4877 ὑμῖν,
2211 4806 2300 4876 μὴ
2331 4807 2547 4876 ὀμόσαι
2572 4806 2746 4874 ὅλως·
2775 4809 2838 4862 σὺ
2876 4808 2936 4861 δὲ
2960 4809 3050 4862 τὸν
3085 4810 3249 4878 νόμον
3278 4809 3371 4865 τὰν
3428 4809 3712 4867 κωλύοντα

2021 4893 2272 4966 ὀμνύναι,
2318 4894 2507 4948 τοῦτον
2559 4896 2723 4967 ὅρκον
2774 4898 2983 4961 ποιεῖς;
3029 4897 3094 4948 Ὢ
3122 4897 3222 4968 τῆς
3254 4896 3497 4968 ῦϐρεωςῐ
3538 4898 3585 4953 ὣ
3610 4900 3712 4972 τῆς

2022 4983 2310 5054 παροινίας
2324 4993 2349 5032 8
2367 4985 2379 5038 l
2398 4983 2592 5038 ταυτὸν
2619 4984 2727 5054 γὰρ
2750 4986 2946 5048 ποιεῖς,
2970 4984 3159 5056 ῶσπερ
3180 4985 3246 5039 ἂν
3264 4987 3421 5050 εἴτις
3440 4987 3531 5042 τὸν
3555 5006 3715 5061 νομο-

2022 5069 2184 5142 θέτην
2207 5071 2298 5124 τὸν
2325 5071 2613 5129 κωλύοντα
2649 5070 2920 5141 φονεύειν,
2980 5073 3142 5128 αὐτὸν
3174 5073 3469 5147 σύμμαχον
3497 5077 3714 5132 κελεύοι

2022 5158 2280 5227 γενέσθαι
2310 5159 2447 5233 πρὸς
2474 5158 2573 5230 τὴν
2603 5160 2839 5231 σφαγήν.
2871 5162 2985 5230 Οὐχ
3014 5159 3158 5223 οῦτω
3183 5164 3356 5218 στένω
3377 5165 3473 5218 καὶ
3493 5165 3717 5237 δακρύω
3776 5208 3792 5214 «ι

2027 5247 2400 5317 σφαζομένους
2431 5247 2645 5301 ἀκούων
2674 5247 2828 5312 τινὰς
2856 5250 2914 5301 ἐν
2946 5251 3067 5313 ταῖς
3125 5250 3286 5318 ὁδοῖς,
3318 5252 3395 5316 ώς
3417 5254 3588 5307 στένω
3620 5253 3719 5307 καὶ

2025 5332 2246 5404 δακρύω
2276 5333 2370 5391 καὶ
2398 5334 2623 5405 φρίττω,
2654 5335 2875 5391 ἐπειδὰν
2899 5338 2995 5391 ῐδω
3015 5338 3140 5393 τινὰ
3174 5340 3403 5410 πλησίον
3431 5341 3533 5410 τῆς
3578 5358 3719 5412 τρα-

2028 5422 2200 5494 πέζης
2225 5421 2427 5493 ταύτης
2469 5423 2712 5490 ἐλθόντα,
2755 5426 2852 5480 καὶ
2886 5427 2985 5491 τὰς
3029 5432 3216 5500 χεῖρας
3246 5429 3427 5493 θέντα,
3475 5430 3570 5482 καὶ
3609 5430 3721 5484 τῶν

2031 5509 2383 5585 Εὐαγγελίων
2434 5512 2716 5584 ἁψάμενον
2757 5515 2853 5568 καὶ¹
2903 5514 3195 5587 ὀμνύοντα.
3241 5514 3379 5588 Περὶ
3418 5518 3720 5589 χρημάτων

2032 5605 2413 5677 ἀμφιϐάλλεις,
2442 5606 2562 5660 εἰπέ
2593 5624 2706 5679 μοι,
2734 5614 2828 5662 καὶ
2856 5609 3036 5681 ψυχὴν
3067 5610 3350 5681 ἀναιρεῖς;
3386 5609 3440 5663 τί
3465 5610 3721 5666 τοσοῦτον

2034 5693 2353 5763 κερδαίνεις,
2382 5695 2504 5747 ὅσον
2522 5694 2739 5766 ζημιοῖς
2768 5697 2862 5750 καὶ
2887 5699 2988 5769 τὴν
3011 5696 3189 5768 ψυχήν
3220 5713 3339 5766 σου,
3358 5698 3454 5754 καὶ
3471 5698 3563 5754 τὸν
3593 5699 3721 5775 πλη.

2104 5850 2130 5921 (ξ
2158 5854 2269 5921 ξαν.
2293 5861 2339 5921 9|
2368 5855 2564 5921 quidpm
2585 5854 2669 5905 alii
2690 5857 2903 5921 πήχεων,
2926 5856 3023 5912 bis.

2107 5916 2131 5978 Ῡ
2157 5915 2269 5978 Smf.
2292 5917 2574 5978 ἐπαγομένη.

2111 5977 2128 6012 τ
2156 5975 2250 6025 Alii
2279 5979 2354 6026 ἐπὶ
2375 5975 2460 6035 τὴν
2477 5980 2604 6028 ὁδόν.

2107 6041 2133 6083 8
2157 6038 2253 6095 Alii
2281 6041 2319 6088 ὣ
2341 6045 2423 6099 τῆς
2438 6040 2715 6106 παρανοίας.
