  <div class='ocr_page' id='page_1' title='image "/cluster/home/n/w/nwhite01/storage/ocr_20150623/49:no.2:pt.1/coo.31924054869486/163.png"; bbox 0 0 4068 6470; ppageno 0'>
   <div class='ocr_carea' id='block_1_1' title="bbox 378 348 471 402">
    <p class='ocr_par' dir='ltr' id='par_1_1' title="bbox 378 348 471 402">
     <span class='ocr_line' id='line_1_1' title="bbox 378 348 471 402; baseline -0.022 0"><span class='ocrx_word' id='word_1_1' title='bbox 378 348 471 402; x_wconf 78' lang='grc'>161</span> 
     </span>
    </p>
   </div>
   <div class='ocr_carea' id='block_1_2' title="bbox 379 459 2057 538">
    <p class='ocr_par' dir='ltr' id='par_1_2' title="bbox 379 459 2057 538">
     <span class='ocr_line' id='line_1_2' title="bbox 379 459 2057 538; baseline 0.002 -23"><span class='ocrx_word' id='word_1_2' title='bbox 379 466 522 528; x_wconf 84' lang='grc' dir='ltr'>σίον;</span> <span class='ocrx_word' id='word_1_3' title='bbox 578 462 639 515; x_wconf 76' lang='lat' dir='ltr'>El</span> <span class='ocrx_word' id='word_1_4' title='bbox 676 462 775 533; x_wconf 84' lang='grc' dir='ltr'>μέν</span> <span class='ocrx_word' id='word_1_5' title='bbox 825 459 1117 522; x_wconf 87' lang='grc' dir='ltr'>πιστεύεις.</span> <span class='ocrx_word' id='word_1_6' title='bbox 1165 460 1246 514; x_wconf 84' lang='grc' dir='ltr'>ὅτι</span> <span class='ocrx_word' id='word_1_7' title='bbox 1281 461 1485 533; x_wconf 84' lang='grc' dir='ltr'>ἀληθής</span> <span class='ocrx_word' id='word_1_8' title='bbox 1526 466 1682 517; x_wconf 91' lang='grc' dir='ltr'>ἐστιν</span> <span class='ocrx_word' id='word_1_9' title='bbox 1734 465 1949 537; x_wconf 80' lang='grc' dir='ltr'>ὀάνὴρ,</span> <span class='ocrx_word' id='word_1_10' title='bbox 1983 467 2057 538; x_wconf 80' lang='grc' dir='ltr'>μὴ</span> 
     </span>
    </p>
   </div>
   <div class='ocr_carea' id='block_1_3' title="bbox 378 545 2057 623">
    <p class='ocr_par' dir='ltr' id='par_1_3' title="bbox 378 545 2057 623">
     <span class='ocr_line' id='line_1_3' title="bbox 378 545 2057 623; baseline 0.002 -20"><span class='ocrx_word' id='word_1_11' title='bbox 378 550 667 621; x_wconf 78' lang='grc' dir='ltr'>ἐπαγάγῃς</span> <span class='ocrx_word' id='word_1_12' title='bbox 696 548 789 602; x_wconf 83' lang='grc' dir='ltr'>τοῦ</span> <span class='ocrx_word' id='word_1_13' title='bbox 816 548 979 619; x_wconf 85' lang='grc' dir='ltr'>ὅρκου</span> <span class='ocrx_word' id='word_1_14' title='bbox 1006 545 1104 618; x_wconf 78' lang='grc' dir='ltr'>τὴν</span> <span class='ocrx_word' id='word_1_15' title='bbox 1131 547 1399 621; x_wconf 83' lang='grc' dir='ltr'>ἀνάγκην·</span> <span class='ocrx_word' id='word_1_16' title='bbox 1451 552 1501 604; x_wconf 80' lang='grc' dir='ltr'>εἰ</span> <span class='ocrx_word' id='word_1_17' title='bbox 1529 551 1587 604; x_wconf 79' lang='grc' dir='ltr'>δέ</span> <span class='ocrx_word' id='word_1_18' title='bbox 1614 547 1782 615; x_wconf 77' lang='grc' dir='ltr'>οἶδας,</span> <span class='ocrx_word' id='word_1_19' title='bbox 1813 553 1897 606; x_wconf 81' lang='grc' dir='ltr'>ὅτι</span> <span class='ocrx_word' id='word_1_20' title='bbox 1921 552 2057 623; x_wconf 83' lang='grc' dir='ltr'>ψεύ-</span> 
     </span>
    </p>
   </div>
   <div class='ocr_carea' id='block_1_4' title="bbox 378 636 2056 720">
    <p class='ocr_par' dir='ltr' id='par_1_4' title="bbox 378 636 2056 720">
     <span class='ocr_line' id='line_1_4' title="bbox 378 636 2056 720; baseline 0.002 -30"><span class='ocrx_word' id='word_1_21' title='bbox 378 637 545 703; x_wconf 85' lang='grc' dir='ltr'>δεται,</span> <span class='ocrx_word' id='word_1_22' title='bbox 565 638 638 709; x_wconf 81' lang='grc' dir='ltr'>μὴ</span> <span class='ocrx_word' id='word_1_23' title='bbox 674 636 992 720; x_wconf 76' lang='grc' dir='ltr'>ἀναγκάσῃς</span> <span class='ocrx_word' id='word_1_24' title='bbox 1020 636 1318 707; x_wconf 85' lang='grc' dir='ltr'>ἐπιορκεῖν.</span> <span class='ocrx_word' id='word_1_25' title='bbox 1361 638 1497 691; x_wconf 85' lang='grc' dir='ltr'>Ἀλλ’</span> <span class='ocrx_word' id='word_1_26' title='bbox 1522 638 1610 693; x_wconf 79' lang='grc' dir='ltr'>ἵνα</span> <span class='ocrx_word' id='word_1_27' title='bbox 1633 639 2056 712; x_wconf 55' lang='grc' dir='ltr'>πληροφορηθιῖκ</span> 
     </span>
    </p>
   </div>
   <div class='ocr_carea' id='block_1_5' title="bbox 377 718 2055 800">
    <p class='ocr_par' dir='ltr' id='par_1_5' title="bbox 377 718 2055 800">
     <span class='ocr_line' id='line_1_5' title="bbox 377 718 2055 800; baseline 0.001 -22"><span class='ocrx_word' id='word_1_28' title='bbox 377 725 559 796; x_wconf 85' lang='grc' dir='ltr'>φησίν.</span> <span class='ocrx_word' id='word_1_29' title='bbox 590 726 756 778; x_wconf 85' lang='grc' dir='ltr'>Ὅταν</span> <span class='ocrx_word' id='word_1_30' title='bbox 789 723 886 794; x_wconf 81' lang='grc' dir='ltr'>μὲν</span> <span class='ocrx_word' id='word_1_31' title='bbox 914 718 1005 777; x_wconf 77' lang='grc' dir='ltr'>οὖν</span> <span class='ocrx_word' id='word_1_32' title='bbox 1031 723 1106 797; x_wconf 80' lang='grc' dir='ltr'>μὴ</span> <span class='ocrx_word' id='word_1_33' title='bbox 1129 725 1378 799; x_wconf 90' lang='grc' dir='ltr'>ὀρκίσῃς,</span> <span class='ocrx_word' id='word_1_34' title='bbox 1404 726 1526 779; x_wconf 87' lang='grc' dir='ltr'>τότε</span> <span class='ocrx_word' id='word_1_35' title='bbox 1558 726 1745 798; x_wconf 80' lang='grc' dir='ltr'>ἱκανὴν</span> <span class='ocrx_word' id='word_1_36' title='bbox 1765 725 1892 800; x_wconf 74' lang='grc' dir='ltr'>δέξῃ</span> <span class='ocrx_word' id='word_1_37' title='bbox 1919 727 2055 798; x_wconf 89' lang='grc' dir='ltr'>πλη-</span> 
     </span>
    </p>
   </div>
   <div class='ocr_carea' id='block_1_6' title="bbox 379 813 2056 890">
    <p class='ocr_par' dir='ltr' id='par_1_6' title="bbox 379 813 2056 890">
     <span class='ocr_line' id='line_1_6' title="bbox 379 813 2056 890; baseline 0.002 -23"><span class='ocrx_word' id='word_1_38' title='bbox 379 813 660 886; x_wconf 79' lang='grc' dir='ltr'>ροφορίαν.</span> <span class='ocrx_word' id='word_1_39' title='bbox 685 813 799 866; x_wconf 86' lang='grc' dir='ltr'>Νῦν</span> <span class='ocrx_word' id='word_1_40' title='bbox 818 815 916 884; x_wconf 80' lang='grc' dir='ltr'>μὲν</span> <span class='ocrx_word' id='word_1_41' title='bbox 948 814 1056 886; x_wconf 81' lang='grc' dir='ltr'>γὰρ</span> <span class='ocrx_word' id='word_1_42' title='bbox 1077 816 1440 887; x_wconf 82' lang='grc' dir='ltr'>ἀναχωρήσας</span> <span class='ocrx_word' id='word_1_43' title='bbox 1457 815 1641 870; x_wconf 78' lang='grc' dir='ltr'>οἴκαδε</span> <span class='ocrx_word' id='word_1_44' title='bbox 1669 817 1928 890; x_wconf 81' lang='grc' dir='ltr'>κατεσθίῃ</span> <span class='ocrx_word' id='word_1_45' title='bbox 1977 818 2056 871; x_wconf 85' lang='grc' dir='ltr'>δι-</span> 
     </span>
    </p>
   </div>
   <div class='ocr_carea' id='block_1_7' title="bbox 375 900 2056 976">
    <p class='ocr_par' dir='ltr' id='par_1_7' title="bbox 375 900 2056 976">
     <span class='ocr_line' id='line_1_7' title="bbox 375 900 2056 976; baseline 0.004 -22"><span class='ocrx_word' id='word_1_46' title='bbox 375 901 587 971; x_wconf 87' lang='grc' dir='ltr'>ηνεκῶς</span> <span class='ocrx_word' id='word_1_47' title='bbox 615 901 720 955; x_wconf 78' lang='grc' dir='ltr'>ὑπὸ</span> <span class='ocrx_word' id='word_1_48' title='bbox 774 900 869 955; x_wconf 86' lang='grc' dir='ltr'>τοῦ</span> <span class='ocrx_word' id='word_1_49' title='bbox 904 902 1205 968; x_wconf 82' lang='grc' dir='ltr'>συνειδότος</span> <span class='ocrx_word' id='word_1_50' title='bbox 1233 902 1408 958; x_wconf 88' lang='grc' dir='ltr'>ταῦτα</span> <span class='ocrx_word' id='word_1_51' title='bbox 1435 903 1805 974; x_wconf 80' lang='grc' dir='ltr'>λογιζόμενος,</span> <span class='ocrx_word' id='word_1_52' title='bbox 1834 900 1946 974; x_wconf 86' lang='grc' dir='ltr'>ἆρα</span> <span class='ocrx_word' id='word_1_53' title='bbox 1981 905 2056 976; x_wconf 79' lang='grc' dir='ltr'>μὴ</span> 
     </span>
    </p>
   </div>
   <div class='ocr_carea' id='block_1_8' title="bbox 377 986 2057 1064">
    <p class='ocr_par' dir='ltr' id='par_1_8' title="bbox 377 986 2057 1064">
     <span class='ocr_line' id='line_1_8' title="bbox 377 986 2057 1064; baseline 0.01 -22"><span class='ocrx_word' id='word_1_54' title='bbox 377 990 551 1061; x_wconf 73' lang='grc' dir='ltr'>μάτην</span> <span class='ocrx_word' id='word_1_55' title='bbox 575 987 848 1060; x_wconf 85' lang='grc' dir='ltr'>ὥρκωσα;</span> <span class='ocrx_word' id='word_1_56' title='bbox 885 986 994 1062; x_wconf 78' lang='grc' dir='ltr'>ἆρα</span> <span class='ocrx_word' id='word_1_57' title='bbox 1036 988 1112 1061; x_wconf 84' lang='grc' dir='ltr'>μὴ</span> <span class='ocrx_word' id='word_1_58' title='bbox 1142 989 1524 1063; x_wconf 83' lang='grc' dir='ltr'>ἐπιώρκησεν;</span> <span class='ocrx_word' id='word_1_59' title='bbox 1577 987 1689 1063; x_wconf 85' lang='grc' dir='ltr'>ἆρα</span> <span class='ocrx_word' id='word_1_60' title='bbox 1718 991 1792 1064; x_wconf 85' lang='grc' dir='ltr'>μὴ</span> <span class='ocrx_word' id='word_1_61' title='bbox 1823 990 1933 1061; x_wconf 80' lang='grc' dir='ltr'>ἐγὼ</span> <span class='ocrx_word' id='word_1_62' title='bbox 1958 994 2057 1063; x_wconf 78' lang='grc' dir='ltr'>τῆς</span> 
     </span>
    </p>
   </div>
   <div class='ocr_carea' id='block_1_9' title="bbox 377 1076 2056 1154">
    <p class='ocr_par' dir='ltr' id='par_1_9' title="bbox 377 1076 2056 1154">
     <span class='ocr_line' id='line_1_9' title="bbox 377 1076 2056 1154; baseline 0.002 -23"><span class='ocrx_word' id='word_1_63' title='bbox 377 1077 652 1149; x_wconf 83' lang='grc' dir='ltr'>ἁμαρτίας</span> <span class='ocrx_word' id='word_1_64' title='bbox 685 1078 951 1149; x_wconf 79' lang='grc' dir='ltr'>ἐγενόμην</span> <span class='ocrx_word' id='word_1_65' title='bbox 981 1076 1187 1146; x_wconf 82' lang='grc' dir='ltr'>αἴτιος;</span> <span class='ocrx_word' id='word_1_66' title='bbox 1217 1081 1313 1132; x_wconf 75' lang='grc' dir='ltr'>Ἂν</span> <span class='ocrx_word' id='word_1_67' title='bbox 1350 1079 1408 1134; x_wconf 81' lang='grc' dir='ltr'>δὲ</span> <span class='ocrx_word' id='word_1_68' title='bbox 1436 1080 1511 1152; x_wconf 83' lang='grc' dir='ltr'>μὴ</span> <span class='ocrx_word' id='word_1_69' title='bbox 1534 1079 1809 1154; x_wconf 84' lang='grc' dir='ltr'>ὀρκὼσῃς,</span> <span class='ocrx_word' id='word_1_70' title='bbox 1839 1081 2056 1151; x_wconf 84' lang='grc' dir='ltr'>ἀναχω-</span> 
     </span>
    </p>
   </div>
   <div class='ocr_carea' id='block_1_10' title="bbox 381 1166 2056 1241">
    <p class='ocr_par' dir='ltr' id='par_1_10' title="bbox 381 1166 2056 1241">
     <span class='ocr_line' id='line_1_10' title="bbox 381 1166 2056 1241; baseline 0.002 -24"><span class='ocrx_word' id='word_1_71' title='bbox 381 1168 554 1236; x_wconf 84' lang='grc' dir='ltr'>ρήσας</span> <span class='ocrx_word' id='word_1_72' title='bbox 578 1166 761 1220; x_wconf 72' lang='grc' dir='ltr'>οἴκαδε</span> <span class='ocrx_word' id='word_1_73' title='bbox 793 1166 992 1238; x_wconf 84' lang='grc' dir='ltr'>πολλὴν</span> <span class='ocrx_word' id='word_1_74' title='bbox 1020 1166 1148 1239; x_wconf 78' lang='grc' dir='ltr'>δέξῃ</span> <span class='ocrx_word' id='word_1_75' title='bbox 1179 1167 1535 1238; x_wconf 81' lang='grc' dir='ltr'>παραμυθίαν</span> <span class='ocrx_word' id='word_1_76' title='bbox 1586 1168 1927 1241; x_wconf 78' lang='grc' dir='ltr'>εὐχαριστῶν</span> <span class='ocrx_word' id='word_1_77' title='bbox 1977 1167 2056 1239; x_wconf 80' lang='grc' dir='ltr'>τῷ</span> 
     </span>
    </p>
   </div>
   <div class='ocr_carea' id='block_1_11' title="bbox 378 1252 2057 1327">
    <p class='ocr_par' dir='ltr' id='par_1_11' title="bbox 378 1252 2057 1327">
     <span class='ocr_line' id='line_1_11' title="bbox 378 1252 2057 1327; baseline 0.002 -22"><span class='ocrx_word' id='word_1_78' title='bbox 378 1252 517 1324; x_wconf 83' lang='grc' dir='ltr'>Θεῷ,</span> <span class='ocrx_word' id='word_1_79' title='bbox 551 1254 646 1307; x_wconf 71' lang='grc' dir='ltr'>καὶ</span> <span class='ocrx_word' id='word_1_80' title='bbox 674 1254 872 1323; x_wconf 88' lang='grc' dir='ltr'>λέγων·</span> <span class='ocrx_word' id='word_1_81' title='bbox 902 1255 1205 1325; x_wconf 73' lang='grc' dir='ltr'>Εὐλογητὸς</span> <span class='ocrx_word' id='word_1_82' title='bbox 1226 1257 1255 1309; x_wconf 97' lang='lat'>6</span> <span class='ocrx_word' id='word_1_83' title='bbox 1287 1254 1439 1320; x_wconf 83' lang='grc' dir='ltr'>Θεὸς,</span> <span class='ocrx_word' id='word_1_84' title='bbox 1474 1256 1557 1309; x_wconf 81' lang='grc' dir='ltr'>ὅτι</span> <span class='ocrx_word' id='word_1_85' title='bbox 1587 1257 1851 1327; x_wconf 82' lang='grc' dir='ltr'>κατέσχον</span> <span class='ocrx_word' id='word_1_86' title='bbox 1888 1259 2057 1324; x_wconf 72' lang='grc' dir='ltr'>ἐμαυο</span> 
     </span>
    </p>
   </div>
   <div class='ocr_carea' id='block_1_12' title="bbox 372 1341 2056 1414">
    <p class='ocr_par' dir='ltr' id='par_1_12' title="bbox 372 1341 2056 1414">
     <span class='ocr_line' id='line_1_12' title="bbox 372 1341 2056 1414; baseline 0.001 -19"><span class='ocrx_word' id='word_1_87' title='bbox 372 1341 485 1407; x_wconf 74' lang='grc' dir='ltr'>τὸν,</span> <span class='ocrx_word' id='word_1_88' title='bbox 518 1341 614 1395; x_wconf 72' lang='grc' dir='ltr'>καὶ</span> <span class='ocrx_word' id='word_1_89' title='bbox 640 1342 741 1413; x_wconf 91' lang='grc' dir='ltr'>οὐχ</span> <span class='ocrx_word' id='word_1_90' title='bbox 797 1341 1039 1412; x_wconf 82' lang='grc' dir='ltr'>ὥρκωσα</span> <span class='ocrx_word' id='word_1_91' title='bbox 1092 1343 1215 1414; x_wconf 78' lang='grc' dir='ltr'>εἰκῆ</span> <span class='ocrx_word' id='word_1_92' title='bbox 1268 1343 1387 1396; x_wconf 87' lang='grc' dir='ltr'>οὐδέ</span> <span class='ocrx_word' id='word_1_93' title='bbox 1431 1343 1628 1413; x_wconf 81' lang='grc' dir='ltr'>μάτην.</span> <span class='ocrx_word' id='word_1_94' title='bbox 1675 1343 1973 1414; x_wconf 76' lang='grc' dir='ltr'>Οίμωζέτω</span> <span class='ocrx_word' id='word_1_95' title='bbox 1996 1344 2056 1397; x_wconf 84' lang='grc' dir='ltr'>τὸ</span> 
     </span>
    </p>
   </div>
   <div class='ocr_carea' id='block_1_13' title="bbox 371 1424 2053 1503">
    <p class='ocr_par' dir='ltr' id='par_1_13' title="bbox 371 1424 2053 1503">
     <span class='ocr_line' id='line_1_13' title="bbox 371 1424 2053 1503; baseline 0.001 -21"><span class='ocrx_word' id='word_1_96' title='bbox 371 1431 619 1501; x_wconf 84' lang='grc' dir='ltr'>χρυσίον,</span> <span class='ocrx_word' id='word_1_97' title='bbox 668 1428 992 1483; x_wconf 78' lang='grc' dir='ltr'>ἀπολλύσθω</span> <span class='ocrx_word' id='word_1_98' title='bbox 1026 1429 1094 1483; x_wconf 76' lang='grc' dir='ltr'>τὰ</span> <span class='ocrx_word' id='word_1_99' title='bbox 1151 1431 1446 1501; x_wconf 86' lang='grc' dir='ltr'>χρήματα,</span> <span class='ocrx_word' id='word_1_100' title='bbox 1496 1429 1637 1485; x_wconf 79' lang='grc' dir='ltr'>ὥστε</span> <span class='ocrx_word' id='word_1_101' title='bbox 1678 1424 2053 1503; x_wconf 80' lang='grc' dir='ltr'>πληροφορίαν</span> 
     </span>
    </p>
   </div>
   <div class='ocr_carea' id='block_1_14' title="bbox 372 1516 2053 1591">
    <p class='ocr_par' dir='ltr' id='par_1_14' title="bbox 372 1516 2053 1591">
     <span class='ocr_line' id='line_1_14' title="bbox 372 1516 2053 1591; baseline 0.001 -21"><span class='ocrx_word' id='word_1_102' title='bbox 372 1519 505 1589; x_wconf 81' lang='grc' dir='ltr'>ἡμῖν</span> <span class='ocrx_word' id='word_1_103' title='bbox 529 1517 689 1571; x_wconf 89' lang='grc' dir='ltr'>τοῦτο</span> <span class='ocrx_word' id='word_1_104' title='bbox 713 1517 954 1588; x_wconf 85' lang='grc' dir='ltr'>ἐντίθησι</span> <span class='ocrx_word' id='word_1_105' title='bbox 988 1518 1244 1587; x_wconf 81' lang='grc' dir='ltr'>μάλιστα,</span> <span class='ocrx_word' id='word_1_106' title='bbox 1283 1516 1344 1570; x_wconf 79' lang='grc' dir='ltr'>τὸ</span> <span class='ocrx_word' id='word_1_107' title='bbox 1380 1516 1454 1591; x_wconf 76' lang='grc' dir='ltr'>μὴ</span> <span class='ocrx_word' id='word_1_108' title='bbox 1486 1517 1802 1588; x_wconf 64' lang='grc' dir='ltr'>παραϐῆναι</span> <span class='ocrx_word' id='word_1_109' title='bbox 1834 1518 1925 1571; x_wconf 88' lang='grc' dir='ltr'>τὸν</span> <span class='ocrx_word' id='word_1_110' title='bbox 1965 1519 2053 1572; x_wconf 91' lang='grc' dir='ltr'>νό-</span> 
     </span>
    </p>
   </div>
   <div class='ocr_carea' id='block_1_15' title="bbox 379 1603 2052 1677">
    <p class='ocr_par' dir='ltr' id='par_1_15' title="bbox 379 1603 2052 1677">
     <span class='ocr_line' id='line_1_15' title="bbox 379 1603 2052 1677; baseline 0.002 -19"><span class='ocrx_word' id='word_1_111' title='bbox 379 1623 503 1676; x_wconf 88' lang='grc' dir='ltr'>μον,</span> <span class='ocrx_word' id='word_1_112' title='bbox 551 1605 687 1676; x_wconf 82' lang='grc' dir='ltr'>μηδέ</span> <span class='ocrx_word' id='word_1_113' title='bbox 714 1605 901 1677; x_wconf 70' lang='grc' dir='ltr'>ἕτερον</span> <span class='ocrx_word' id='word_1_114' title='bbox 942 1604 1250 1673; x_wconf 78' lang='grc' dir='ltr'>ἀναγκάσαι</span> <span class='ocrx_word' id='word_1_115' title='bbox 1295 1603 1454 1657; x_wconf 87' lang='grc' dir='ltr'>τοῦτο</span> <span class='ocrx_word' id='word_1_116' title='bbox 1486 1606 1727 1676; x_wconf 84' lang='grc' dir='ltr'>ποιῆσαι.</span> <span class='ocrx_word' id='word_1_117' title='bbox 1771 1604 2052 1677; x_wconf 87' lang='grc' dir='ltr'>Ἑννόησαι</span> 
     </span>
    </p>
   </div>
   <div class='ocr_carea' id='block_1_16' title="bbox 371 1691 2053 1768">
    <p class='ocr_par' dir='ltr' id='par_1_16' title="bbox 371 1691 2053 1768">
     <span class='ocr_line' id='line_1_16' title="bbox 371 1691 2053 1768; baseline 0.002 -22"><span class='ocrx_word' id='word_1_118' title='bbox 371 1694 460 1747; x_wconf 74' lang='grc' dir='ltr'>διὰ</span> <span class='ocrx_word' id='word_1_119' title='bbox 480 1692 602 1746; x_wconf 89' lang='grc' dir='ltr'>τίνα</span> <span class='ocrx_word' id='word_1_120' title='bbox 627 1693 725 1763; x_wconf 81' lang='grc' dir='ltr'>οὐχ</span> <span class='ocrx_word' id='word_1_121' title='bbox 756 1691 1043 1763; x_wconf 87' lang='grc' dir='ltr'>ὦρκωσας,</span> <span class='ocrx_word' id='word_1_122' title='bbox 1094 1692 1186 1744; x_wconf 70' lang='grc' dir='ltr'>καὶ</span> <span class='ocrx_word' id='word_1_123' title='bbox 1216 1692 1437 1762; x_wconf 78' lang='grc' dir='ltr'>ἀρκέσει</span> <span class='ocrx_word' id='word_1_124' title='bbox 1473 1709 1556 1745; x_wconf 92' lang='grc' dir='ltr'>σοι</span> <span class='ocrx_word' id='word_1_125' title='bbox 1585 1691 1742 1746; x_wconf 89' lang='grc' dir='ltr'>τοῦτο</span> <span class='ocrx_word' id='word_1_126' title='bbox 1769 1694 1849 1758; x_wconf 88' lang='grc' dir='ltr'>είς</span> <span class='ocrx_word' id='word_1_127' title='bbox 1876 1712 2053 1768; x_wconf 89' lang='lat'><em>1:696-</em></span> 
     </span>
    </p>
   </div>
   <div class='ocr_carea' id='block_1_17' title="bbox 376 1777 2055 1851">
    <p class='ocr_par' dir='ltr' id='par_1_17' title="bbox 376 1777 2055 1851">
     <span class='ocr_line' id='line_1_17' title="bbox 376 1777 2055 1851; baseline 0.002 -19"><span class='ocrx_word' id='word_1_128' title='bbox 376 1779 572 1850; x_wconf 89' lang='grc' dir='ltr'>μυθίαν</span> <span class='ocrx_word' id='word_1_129' title='bbox 600 1781 696 1833; x_wconf 77' lang='grc' dir='ltr'>καὶ</span> <span class='ocrx_word' id='word_1_130' title='bbox 742 1779 1105 1851; x_wconf 80' lang='grc' dir='ltr'>παράκλησιν.</span> <span class='ocrx_word' id='word_1_131' title='bbox 1159 1777 1425 1843; x_wconf 80' lang='grc' dir='ltr'>Πολλάκις</span> <span class='ocrx_word' id='word_1_132' title='bbox 1458 1779 1590 1848; x_wconf 84' lang='grc' dir='ltr'>γοῦν</span> <span class='ocrx_word' id='word_1_133' title='bbox 1619 1779 1798 1850; x_wconf 82' lang='grc' dir='ltr'>μάχης</span> <span class='ocrx_word' id='word_1_134' title='bbox 1832 1781 2055 1851; x_wconf 86' lang='grc' dir='ltr'>γινομέ-</span> 
     </span>
    </p>
   </div>
   <div class='ocr_carea' id='block_1_18' title="bbox 374 1865 2058 1942">
    <p class='ocr_par' dir='ltr' id='par_1_18' title="bbox 374 1865 2058 1942">
     <span class='ocr_line' id='line_1_18' title="bbox 374 1865 2058 1942; baseline 0.002 -24"><span class='ocrx_word' id='word_1_135' title='bbox 374 1884 472 1938; x_wconf 89' lang='grc' dir='ltr'>νης</span> <span class='ocrx_word' id='word_1_136' title='bbox 507 1865 856 1938; x_wconf 75' lang='grc' dir='ltr'>ὑϐριζόμενοι</span> <span class='ocrx_word' id='word_1_137' title='bbox 896 1866 1134 1938; x_wconf 78' lang='grc' dir='ltr'>φέρομεν</span> <span class='ocrx_word' id='word_1_138' title='bbox 1159 1865 1424 1935; x_wconf 86' lang='grc' dir='ltr'>γενναίως</span> <span class='ocrx_word' id='word_1_139' title='bbox 1445 1905 1459 1929; x_wconf 92' lang='grc'>,</span> <span class='ocrx_word' id='word_1_140' title='bbox 1496 1866 1590 1919; x_wconf 77' lang='grc' dir='ltr'>καὶ</span> <span class='ocrx_word' id='word_1_141' title='bbox 1622 1867 1761 1938; x_wconf 83' lang='grc' dir='ltr'>πρὸς</span> <span class='ocrx_word' id='word_1_142' title='bbox 1790 1867 1880 1921; x_wconf 77' lang='grc' dir='ltr'>τὸν</span> <span class='ocrx_word' id='word_1_143' title='bbox 1901 1868 2058 1942; x_wconf 82' lang='grc' dir='ltr'>ὑϐρί-</span> 
     </span>
    </p>
   </div>
   <div class='ocr_carea' id='block_1_19' title="bbox 375 1953 2057 2025">
    <p class='ocr_par' dir='ltr' id='par_1_19' title="bbox 375 1953 2057 2025">
     <span class='ocr_line' id='line_1_19' title="bbox 375 1953 2057 2025; baseline 0.003 -19"><span class='ocrx_word' id='word_1_144' title='bbox 375 1953 537 2019; x_wconf 80' lang='grc' dir='ltr'>ζοντα</span> <span class='ocrx_word' id='word_1_145' title='bbox 577 1954 829 2025; x_wconf 86' lang='grc' dir='ltr'>λέγομεν·</span> <span class='ocrx_word' id='word_1_146' title='bbox 889 1954 954 2007; x_wconf 93' lang='grc' dir='ltr'>Τί</span> <span class='ocrx_word' id='word_1_147' title='bbox 1002 1971 1084 2006; x_wconf 92' lang='grc' dir='ltr'>σοι</span> <span class='ocrx_word' id='word_1_148' title='bbox 1118 1954 1356 2025; x_wconf 88' lang='grc' dir='ltr'>ποιήσω;</span> <span class='ocrx_word' id='word_1_149' title='bbox 1393 1955 1421 2008; x_wconf 89' lang='grc' dir='ltr'>ὀ</span> <span class='ocrx_word' id='word_1_150' title='bbox 1450 1953 1598 2009; x_wconf 89' lang='grc' dir='ltr'>δεῖνά</span> <span class='ocrx_word' id='word_1_151' title='bbox 1631 1971 1698 2025; x_wconf 88' lang='grc' dir='ltr'>με</span> <span class='ocrx_word' id='word_1_152' title='bbox 1727 1954 1926 2009; x_wconf 84' lang='grc' dir='ltr'>κωλύει</span> <span class='ocrx_word' id='word_1_153' title='bbox 1948 1969 1997 2021; x_wconf 78' lang='grc' dir='ltr'>ι,</span> <span class='ocrx_word' id='word_1_154' title='bbox 2028 1959 2057 2011; x_wconf 92' lang='grc' dir='ltr'>ὀ</span> 
     </span>
    </p>
   </div>
   <div class='ocr_carea' id='block_1_20' title="bbox 372 2040 2056 2113">
    <p class='ocr_par' dir='ltr' id='par_1_20' title="bbox 372 2040 2056 2113">
     <span class='ocr_line' id='line_1_20' title="bbox 372 2040 2056 2113; baseline 0.002 -20"><span class='ocrx_word' id='word_1_155' title='bbox 372 2041 685 2112; x_wconf 81' lang='grc' dir='ltr'>προστάτης</span> <span class='ocrx_word' id='word_1_156' title='bbox 712 2044 741 2095; x_wconf 89' lang='lat'>6</span> <span class='ocrx_word' id='word_1_157' title='bbox 765 2042 874 2107; x_wconf 85' lang='lat'><em>66;,</em></span> <span class='ocrx_word' id='word_1_158' title='bbox 908 2041 1113 2106; x_wconf 83' lang='grc' dir='ltr'>ἐκεῖνός</span> <span class='ocrx_word' id='word_1_159' title='bbox 1167 2059 1269 2113; x_wconf 90' lang='grc' dir='ltr'>μου</span> <span class='ocrx_word' id='word_1_160' title='bbox 1323 2040 1542 2111; x_wconf 79' lang='grc' dir='ltr'>κατέχει</span> <span class='ocrx_word' id='word_1_161' title='bbox 1572 2041 1671 2105; x_wconf 81' lang='grc' dir='ltr'>τάς</span> <span class='ocrx_word' id='word_1_162' title='bbox 1699 2044 1908 2113; x_wconf 81' lang='grc' dir='ltr'>χεῖρας·</span> <span class='ocrx_word' id='word_1_163' title='bbox 1962 2044 2056 2097; x_wconf 76' lang='grc' dir='ltr'>καὶ</span> 
     </span>
    </p>
   </div>
   <div class='ocr_carea' id='block_1_21' title="bbox 369 2128 2055 2202">
    <p class='ocr_par' dir='ltr' id='par_1_21' title="bbox 369 2128 2055 2202">
     <span class='ocr_line' id='line_1_21' title="bbox 369 2128 2055 2202; baseline 0.001 -19"><span class='ocrx_word' id='word_1_164' title='bbox 369 2131 535 2200; x_wconf 83' lang='grc' dir='ltr'>ἀρκεῖ</span> <span class='ocrx_word' id='word_1_165' title='bbox 556 2130 712 2184; x_wconf 89' lang='grc' dir='ltr'>τοῦτο</span> <span class='ocrx_word' id='word_1_166' title='bbox 737 2132 868 2202; x_wconf 78' lang='grc' dir='ltr'>ἡμῖν</span> <span class='ocrx_word' id='word_1_167' title='bbox 902 2132 982 2195; x_wconf 87' lang='grc' dir='ltr'>είς</span> <span class='ocrx_word' id='word_1_168' title='bbox 1005 2129 1380 2202; x_wconf 88' lang='grc' dir='ltr'>παραμυθίαν.</span> <span class='ocrx_word' id='word_1_169' title='bbox 1403 2128 1563 2184; x_wconf 71' lang='grc' dir='ltr'>Οὕτω</span> <span class='ocrx_word' id='word_1_170' title='bbox 1595 2130 1690 2183; x_wconf 77' lang='grc' dir='ltr'>καὶ</span> <span class='ocrx_word' id='word_1_171' title='bbox 1714 2131 1802 2195; x_wconf 82' lang='grc' dir='ltr'>σὺ,</span> <span class='ocrx_word' id='word_1_172' title='bbox 1836 2130 2055 2185; x_wconf 83' lang='grc' dir='ltr'>ἐπειδὰν</span> 
     </span>
    </p>
   </div>
   <div class='ocr_carea' id='block_1_22' title="bbox 373 2216 2056 2289">
    <p class='ocr_par' dir='ltr' id='par_1_22' title="bbox 373 2216 2056 2289">
     <span class='ocr_line' id='line_1_22' title="bbox 373 2216 2056 2289; baseline 0.002 -19"><span class='ocrx_word' id='word_1_173' title='bbox 373 2217 572 2289; x_wconf 80' lang='grc' dir='ltr'>μέλλῃς</span> <span class='ocrx_word' id='word_1_174' title='bbox 608 2218 731 2272; x_wconf 79' lang='grc' dir='ltr'>τινὰ</span> <span class='ocrx_word' id='word_1_175' title='bbox 770 2218 1034 2289; x_wconf 77' lang='grc' dir='ltr'>ὁρκίζειν,</span> <span class='ocrx_word' id='word_1_176' title='bbox 1073 2219 1297 2288; x_wconf 82' lang='grc' dir='ltr'>ἐπίσχες</span> <span class='ocrx_word' id='word_1_177' title='bbox 1321 2217 1518 2272; x_wconf 83' lang='grc' dir='ltr'>σαυτὸν</span> <span class='ocrx_word' id='word_1_178' title='bbox 1552 2217 1648 2271; x_wconf 74' lang='grc' dir='ltr'>καὶ</span> <span class='ocrx_word' id='word_1_179' title='bbox 1678 2216 1940 2281; x_wconf 84' lang='grc' dir='ltr'>κώλυσον,</span> <span class='ocrx_word' id='word_1_180' title='bbox 1960 2218 2056 2273; x_wconf 78' lang='grc' dir='ltr'>καὶ</span> 
     </span>
    </p>
   </div>
   <div class='ocr_carea' id='block_1_23' title="bbox 369 2304 2056 2377">
    <p class='ocr_par' dir='ltr' id='par_1_23' title="bbox 369 2304 2056 2377">
     <span class='ocr_line' id='line_1_23' title="bbox 369 2304 2056 2377; baseline 0 -18"><span class='ocrx_word' id='word_1_181' title='bbox 369 2306 491 2360; x_wconf 81' lang='grc' dir='ltr'>είπέ</span> <span class='ocrx_word' id='word_1_182' title='bbox 513 2305 650 2377; x_wconf 79' lang='lat'><em>1:96;</em></span> <span class='ocrx_word' id='word_1_183' title='bbox 674 2305 766 2361; x_wconf 81' lang='grc' dir='ltr'>τὸν</span> <span class='ocrx_word' id='word_1_184' title='bbox 793 2305 1054 2377; x_wconf 87' lang='grc' dir='ltr'>μέλλοντα</span> <span class='ocrx_word' id='word_1_185' title='bbox 1092 2304 1344 2376; x_wconf 84' lang='grc' dir='ltr'>ὀμνύναι·</span> <span class='ocrx_word' id='word_1_186' title='bbox 1372 2305 1437 2359; x_wconf 91' lang='grc' dir='ltr'>Τί</span> <span class='ocrx_word' id='word_1_187' title='bbox 1470 2322 1552 2359; x_wconf 93' lang='grc' dir='ltr'>σοι</span> <span class='ocrx_word' id='word_1_188' title='bbox 1590 2305 1802 2376; x_wconf 86' lang='grc' dir='ltr'>ποιήσω</span> <span class='ocrx_word' id='word_1_189' title='bbox 1826 2323 1841 2372; x_wconf 86' lang='grc'><strong>;</strong></span> <span class='ocrx_word' id='word_1_190' title='bbox 1869 2307 1898 2359; x_wconf 92' lang='lat'>6</span> <span class='ocrx_word' id='word_1_191' title='bbox 1923 2305 2056 2370; x_wconf 78' lang='grc' dir='ltr'>Θεὸς</span> 
     </span>
    </p>
   </div>
   <div class='ocr_carea' id='block_1_24' title="bbox 371 2392 2057 2468">
    <p class='ocr_par' dir='ltr' id='par_1_24' title="bbox 371 2392 2057 2468">
     <span class='ocr_line' id='line_1_24' title="bbox 371 2392 2057 2468; baseline 0 -20"><span class='ocrx_word' id='word_1_192' title='bbox 371 2394 622 2450; x_wconf 79' lang='grc' dir='ltr'>ἐκέλευσε</span> <span class='ocrx_word' id='word_1_193' title='bbox 666 2395 741 2467; x_wconf 81' lang='grc' dir='ltr'>μὴ</span> <span class='ocrx_word' id='word_1_194' title='bbox 774 2392 1033 2468; x_wconf 79' lang='grc' dir='ltr'>ὁρκίζειν·</span> <span class='ocrx_word' id='word_1_195' title='bbox 1068 2394 1275 2459; x_wconf 85' lang='grc' dir='ltr'>ἐκεῖνός</span> <span class='ocrx_word' id='word_1_196' title='bbox 1304 2412 1370 2465; x_wconf 91' lang='grc' dir='ltr'>με</span> <span class='ocrx_word' id='word_1_197' title='bbox 1416 2393 1639 2465; x_wconf 79' lang='grc' dir='ltr'>κατέχει</span> <span class='ocrx_word' id='word_1_198' title='bbox 1684 2394 1801 2448; x_wconf 87' lang='grc' dir='ltr'>νῦν.</span> <span class='ocrx_word' id='word_1_199' title='bbox 1868 2394 2057 2467; x_wconf 81' lang='grc' dir='ltr'>Ἀρκεῖ</span> 
     </span>
    </p>
   </div>
   <div class='ocr_carea' id='block_1_25' title="bbox 369 2481 2055 2556">
    <p class='ocr_par' dir='ltr' id='par_1_25' title="bbox 369 2481 2055 2556">
     <span class='ocr_line' id='line_1_25' title="bbox 369 2481 2055 2556; baseline -0.001 -19"><span class='ocrx_word' id='word_1_200' title='bbox 369 2482 528 2538; x_wconf 90' lang='grc' dir='ltr'>τοῦτο</span> <span class='ocrx_word' id='word_1_201' title='bbox 560 2484 654 2537; x_wconf 73' lang='grc' dir='ltr'>καὶ</span> <span class='ocrx_word' id='word_1_202' title='bbox 680 2485 760 2548; x_wconf 84' lang='grc' dir='ltr'>εἰς</span> <span class='ocrx_word' id='word_1_203' title='bbox 796 2483 962 2556; x_wconf 81' lang='grc' dir='ltr'>τιμὴν</span> <span class='ocrx_word' id='word_1_204' title='bbox 999 2482 1094 2537; x_wconf 91' lang='grc' dir='ltr'>τοῦ</span> <span class='ocrx_word' id='word_1_205' title='bbox 1122 2482 1580 2553; x_wconf 75' lang='grc' dir='ltr'>νομοθετήσαντος</span> <span class='ocrx_word' id='word_1_206' title='bbox 1598 2522 1613 2547; x_wconf 92' lang='grc'>,</span> <span class='ocrx_word' id='word_1_207' title='bbox 1639 2482 1735 2536; x_wconf 76' lang='grc' dir='ltr'>καὶ</span> <span class='ocrx_word' id='word_1_208' title='bbox 1775 2482 1854 2545; x_wconf 81' lang='grc' dir='ltr'>εἰς</span> <span class='ocrx_word' id='word_1_209' title='bbox 1879 2481 2055 2552; x_wconf 84' lang='grc' dir='ltr'>ἀσφά-</span> 
     </span>
    </p>
   </div>
   <div class='ocr_carea' id='block_1_26' title="bbox 368 2569 2054 2645">
    <p class='ocr_par' dir='ltr' id='par_1_26' title="bbox 368 2569 2054 2645">
     <span class='ocr_line' id='line_1_26' title="bbox 368 2569 2054 2645; baseline -0.002 -18"><span class='ocrx_word' id='word_1_210' title='bbox 368 2572 520 2627; x_wconf 82' lang='grc' dir='ltr'>λειαν</span> <span class='ocrx_word' id='word_1_211' title='bbox 550 2575 669 2645; x_wconf 76' lang='grc' dir='ltr'>σὴν,</span> <span class='ocrx_word' id='word_1_212' title='bbox 705 2573 798 2627; x_wconf 80' lang='grc' dir='ltr'>καὶ</span> <span class='ocrx_word' id='word_1_213' title='bbox 820 2575 900 2637; x_wconf 86' lang='grc' dir='ltr'>είς</span> <span class='ocrx_word' id='word_1_214' title='bbox 932 2573 1099 2642; x_wconf 76' lang='grc' dir='ltr'>φόϐον</span> <span class='ocrx_word' id='word_1_215' title='bbox 1119 2571 1212 2627; x_wconf 88' lang='grc' dir='ltr'>τοῦ</span> <span class='ocrx_word' id='word_1_216' title='bbox 1261 2572 1547 2644; x_wconf 88' lang='grc' dir='ltr'>μέλλοντος</span> <span class='ocrx_word' id='word_1_217' title='bbox 1589 2569 1841 2641; x_wconf 88' lang='grc' dir='ltr'>ὀμνύναι.</span> <span class='ocrx_word' id='word_1_218' title='bbox 1888 2572 2054 2624; x_wconf 85' lang='grc' dir='ltr'>Ὅταν</span> 
     </span>
    </p>
   </div>
   <div class='ocr_carea' id='block_1_27' title="bbox 368 2657 2048 2734">
    <p class='ocr_par' dir='ltr' id='par_1_27' title="bbox 368 2657 2048 2734">
     <span class='ocr_line' id='line_1_27' title="bbox 368 2657 2048 2734; baseline -0.002 -19"><span class='ocrx_word' id='word_1_219' title='bbox 368 2660 478 2733; x_wconf 81' lang='grc' dir='ltr'>γὰρ</span> <span class='ocrx_word' id='word_1_220' title='bbox 513 2664 718 2725; x_wconf 87' lang='grc' dir='ltr'>ἐκεῖνος</span> <span class='ocrx_word' id='word_1_221' title='bbox 752 2659 858 2734; x_wconf 87' lang='grc' dir='ltr'>ῖδῃ.</span> <span class='ocrx_word' id='word_1_222' title='bbox 889 2662 972 2716; x_wconf 85' lang='grc' dir='ltr'>ὃτι</span> <span class='ocrx_word' id='word_1_223' title='bbox 999 2660 1240 2732; x_wconf 79' lang='grc' dir='ltr'>ὁρκῶσαι</span> <span class='ocrx_word' id='word_1_224' title='bbox 1289 2659 1509 2732; x_wconf 85' lang='grc' dir='ltr'>ἐτέρους</span> <span class='ocrx_word' id='word_1_225' title='bbox 1540 2657 1682 2712; x_wconf 72' lang='grc' dir='ltr'>οὕτω</span> <span class='ocrx_word' id='word_1_226' title='bbox 1710 2658 2048 2730; x_wconf 83' lang='grc' dir='ltr'>δεδοίκαμεν,</span> 
     </span>
    </p>
   </div>
   <div class='ocr_carea' id='block_1_28' title="bbox 370 2744 2041 2821">
    <p class='ocr_par' dir='ltr' id='par_1_28' title="bbox 370 2744 2041 2821">
     <span class='ocr_line' id='line_1_28' title="bbox 370 2744 2041 2821; baseline -0.002 -18"><span class='ocrx_word' id='word_1_227' title='bbox 370 2748 550 2820; x_wconf 84' lang='grc' dir='ltr'>πολλῷ</span> <span class='ocrx_word' id='word_1_228' title='bbox 578 2749 775 2821; x_wconf 80' lang='grc' dir='ltr'>μᾶλλον</span> <span class='ocrx_word' id='word_1_229' title='bbox 803 2748 964 2814; x_wconf 68' lang='grc' dir='ltr'>αὐτὸς</span> <span class='ocrx_word' id='word_1_230' title='bbox 994 2748 1190 2819; x_wconf 86' lang='grc' dir='ltr'>ὀμόσαι</span> <span class='ocrx_word' id='word_1_231' title='bbox 1223 2746 1514 2819; x_wconf 81' lang='grc' dir='ltr'>προπετῶς</span> <span class='ocrx_word' id='word_1_232' title='bbox 1552 2745 1942 2818; x_wconf 75' lang='grc' dir='ltr'>φοϐηθήσεται·</span> <span class='ocrx_word' id='word_1_233' title='bbox 1973 2744 2041 2799; x_wconf 81' lang='grc' dir='ltr'>ἂν</span> 
     </span>
    </p>
   </div>
   <div class='ocr_carea' id='block_1_29' title="bbox 431 2866 1676 2941">
    <p class='ocr_par' dir='ltr' id='par_1_29' title="bbox 431 2866 1676 2941">
     <span class='ocr_line' id='line_1_29' title="bbox 431 2866 1676 2941; baseline -0.005 -22"><span class='ocrx_word' id='word_1_234' title='bbox 431 2867 449 2941; x_wconf 66' lang='grc' dir='ltr'>ς</span> <span class='ocrx_word' id='word_1_235' title='bbox 476 2868 559 2941; x_wconf 74' lang='lat' dir='ltr'>$_ic</span> <span class='ocrx_word' id='word_1_236' title='bbox 580 2882 669 2941; x_wconf 68' lang='lat' dir='ltr'><strong>nos}</strong></span> <span class='ocrx_word' id='word_1_237' title='bbox 691 2881 806 2941; x_wconf 64' lang='lat' dir='ltr'><strong>curn</strong></span> <span class='ocrx_word' id='word_1_238' title='bbox 829 2866 1676 2941; x_wconf 36' lang='grc' dir='ltr'>83νῇἠοιεὶτκέλοιδὸρησξι,Ευνικ</span> 
     </span>
    </p>
   </div>
   <div class='ocr_carea' id='block_1_30' title="bbox 428 2928 2045 2994">
    <p class='ocr_par' dir='ltr' id='par_1_30' title="bbox 428 2928 2045 2994">
     <span class='ocr_line' id='line_1_30' title="bbox 428 2928 2045 2994; baseline -0.002 -15"><span class='ocrx_word' id='word_1_239' title='bbox 428 2929 460 2969; x_wconf 72' lang='grc' dir='ltr'>ιδ</span> <span class='ocrx_word' id='word_1_240' title='bbox 482 2932 595 2994; x_wconf 79' lang='lat' dir='ltr'>Sav.</span> <span class='ocrx_word' id='word_1_241' title='bbox 617 2936 672 2981; x_wconf 71' lang='lat' dir='ltr'>et</span> <span class='ocrx_word' id='word_1_242' title='bbox 690 2929 886 2992; x_wconf 76' lang='lat' dir='ltr'><strong>quidam</strong></span> <span class='ocrx_word' id='word_1_243' title='bbox 907 2929 990 2994; x_wconf 75' lang='lat' dir='ltr'>alii</span> <span class='ocrx_word' id='word_1_244' title='bbox 1010 2933 1136 2994; x_wconf 85' lang='grc' dir='ltr'>ἡμᾶς</span> <span class='ocrx_word' id='word_1_245' title='bbox 1161 2928 1413 2994; x_wconf 61' lang='grc' dir='ltr'>ἐπιτυχεῖν.</span> <span class='ocrx_word' id='word_1_246' title='bbox 1441 2930 1627 2994; x_wconf 61' lang='lat' dir='ltr'>Caetera</span> <span class='ocrx_word' id='word_1_247' title='bbox 1639 2940 1751 2994; x_wconf 57' lang='lat' dir='ltr'>qua</span> <span class='ocrx_word' id='word_1_248' title='bbox 1770 2928 2045 2994; x_wconf 55' lang='lat' dir='ltr'><strong>oralionem</strong></span> 
     </span>
    </p>
   </div>
   <div class='ocr_carea' id='block_1_31' title="bbox 364 2945 2043 3053">
    <p class='ocr_par' dir='ltr' id='par_1_31' title="bbox 364 2945 2043 3053">
     <span class='ocr_line' id='line_1_31' title="bbox 430 2945 2043 2994; baseline -0.002 -15"><span class='ocrx_word' id='word_1_249' title='bbox 430 2945 460 2969; x_wconf 73' lang='grc' dir='ltr'>ι»</span> <span class='ocrx_word' id='word_1_250' title='bbox 483 2945 595 2979; x_wconf 68' lang='lat' dir='ltr'>aav.</span> <span class='ocrx_word' id='word_1_251' title='bbox 617 2945 672 2981; x_wconf 72' lang='lat' dir='ltr'>el</span> <span class='ocrx_word' id='word_1_252' title='bbox 690 2945 886 2992; x_wconf 70' lang='lat' dir='ltr'><strong>quruam</strong></span> <span class='ocrx_word' id='word_1_253' title='bbox 907 2945 990 2980; x_wconf 83' lang='lat' dir='ltr'><strong>am</strong></span> <span class='ocrx_word' id='word_1_254' title='bbox 1010 2945 1136 2994; x_wconf 86' lang='grc' dir='ltr'>ημας</span> <span class='ocrx_word' id='word_1_255' title='bbox 1161 2945 1294 2978; x_wconf 87' lang='grc' dir='ltr'>επιτυ</span> <span class='ocrx_word' id='word_1_256' title='bbox 1330 2947 1413 2978; x_wconf 87' lang='grc' dir='ltr'>ειν.</span> <span class='ocrx_word' id='word_1_257' title='bbox 1441 2945 1627 2981; x_wconf 65' lang='lat' dir='ltr'>malem</span> <span class='ocrx_word' id='word_1_258' title='bbox 1639 2945 1751 2989; x_wconf 73' lang='lat' dir='ltr'><strong>quae</strong></span> <span class='ocrx_word' id='word_1_259' title='bbox 1770 2945 2043 2976; x_wconf 85' lang='lat' dir='ltr'><strong>orauunem</strong></span> 
     </span>
     <span class='ocr_line' id='line_1_32' title="bbox 364 2945 2043 3053; baseline -0.002 -12"><span class='ocrx_word' id='word_1_260' title='bbox 364 2992 624 3052; x_wconf 74' lang='lat' dir='ltr'><strong>claudum,</strong></span> <span class='ocrx_word' id='word_1_261' title='bbox 648 2993 859 3042; x_wconf 76' lang='lat' dir='ltr'><strong>multum</strong></span> <span class='ocrx_word' id='word_1_262' title='bbox 879 2993 1068 3042; x_wconf 74' lang='lat' dir='ltr'><strong>variant</strong></span> <span class='ocrx_word' id='word_1_263' title='bbox 1086 2994 1135 3041; x_wconf 79' lang='lat' dir='ltr'><strong>in</strong></span> <span class='ocrx_word' id='word_1_264' title='bbox 1156 2945 1409 3041; x_wconf 49' lang='lat' dir='ltr'>codicﬁms</span> <span class='ocrx_word' id='word_1_265' title='bbox 1439 3004 1527 3053; x_wconf 90' lang='lat' dir='ltr'><strong>pro</strong></span> <span class='ocrx_word' id='word_1_266' title='bbox 1550 2987 1859 3040; x_wconf 85' lang='lat' dir='ltr'><strong>librariorum</strong></span> <span class='ocrx_word' id='word_1_267' title='bbox 1884 2988 2043 3049; x_wconf 76' lang='lat' dir='ltr'>libito,</span> 
     </span>
    </p>
   </div>
   <div class='ocr_carea' id='block_1_32' title="bbox 368 3054 1411 3118">
    <p class='ocr_par' dir='ltr' id='par_1_32' title="bbox 368 3054 1411 3118">
     <span class='ocr_line' id='line_1_33' title="bbox 368 3054 1411 3118; baseline -0.003 -15"><span class='ocrx_word' id='word_1_268' title='bbox 368 3055 453 3118; x_wconf 85' lang='lat' dir='ltr'>qui</span> <span class='ocrx_word' id='word_1_269' title='bbox 476 3056 580 3105; x_wconf 81' lang='lat' dir='ltr'>haec</span> <span class='ocrx_word' id='word_1_270' title='bbox 601 3067 691 3105; x_wconf 85' lang='lat' dir='ltr'><strong>suo</strong></span> <span class='ocrx_word' id='word_1_271' title='bbox 708 3055 919 3118; x_wconf 74' lang='lat' dir='ltr'><strong>quisque</strong></span> <span class='ocrx_word' id='word_1_272' title='bbox 942 3067 1082 3105; x_wconf 84' lang='lat' dir='ltr'><strong>more</strong></span> <span class='ocrx_word' id='word_1_273' title='bbox 1101 3054 1411 3105; x_wconf 72' lang='lat' dir='ltr'>concinnant.</span> 
     </span>
    </p>
   </div>
   <div class='ocr_carea' id='block_1_33' title="bbox 1122 346 2956 413">
    <p class='ocr_par' dir='ltr' id='par_1_33' title="bbox 1122 346 2956 413">
     <span class='ocr_line' id='line_1_34' title="bbox 1122 346 2956 413; baseline 0.005 -14"><span class='ocrx_word' id='word_1_274' title='bbox 1122 346 1481 409; x_wconf 64' lang='lat' dir='ltr'>SJOANNIS</span> <span class='ocrx_word' id='word_1_275' title='bbox 1518 347 2010 407; x_wconf 75' lang='lat' dir='ltr'>CHRYSOSTOMI</span> <span class='ocrx_word' id='word_1_276' title='bbox 2043 351 2365 410; x_wconf 74' lang='lat' dir='ltr'>ARCHIEP.</span> <span class='ocrx_word' id='word_1_277' title='bbox 2404 355 2956 413; x_wconf 80' lang='lat' dir='ltr'>CONS&#39;I‘ANTINOP.</span> 
     </span>
    </p>
   </div>
   <div class='ocr_carea' id='block_1_34' title="bbox 3744 361 3867 415">
    <p class='ocr_par' dir='ltr' id='par_1_34' title="bbox 3744 361 3867 415">
     <span class='ocr_line' id='line_1_35' title="bbox 3744 361 3867 415; baseline 0.008 -1"><span class='ocrx_word' id='word_1_278' title='bbox 3744 361 3867 415; x_wconf 67' lang='grc'>162</span> 
     </span>
    </p>
   </div>
   <div class='ocr_carea' id='block_1_35' title="bbox 2158 468 3866 549">
    <p class='ocr_par' dir='ltr' id='par_1_35' title="bbox 2158 468 3866 549">
     <span class='ocr_line' id='line_1_36' title="bbox 2158 468 3866 549; baseline 0.005 -29"><span class='ocrx_word' id='word_1_279' title='bbox 2158 468 2317 522; x_wconf 86' lang='grc' dir='ltr'>τοῦτο</span> <span class='ocrx_word' id='word_1_280' title='bbox 2338 470 2400 524; x_wconf 82' lang='grc' dir='ltr'>τὸ</span> <span class='ocrx_word' id='word_1_281' title='bbox 2428 473 2579 543; x_wconf 80' lang='grc' dir='ltr'>ῥῆμα</span> <span class='ocrx_word' id='word_1_282' title='bbox 2608 470 2834 545; x_wconf 76' lang='grc' dir='ltr'>φθέγξῃ,</span> <span class='ocrx_word' id='word_1_283' title='bbox 2868 470 3006 541; x_wconf 84' lang='grc' dir='ltr'>μετά</span> <span class='ocrx_word' id='word_1_284' title='bbox 3032 470 3231 541; x_wconf 84' lang='grc' dir='ltr'>πολλῆς</span> <span class='ocrx_word' id='word_1_285' title='bbox 3252 471 3434 525; x_wconf 77' lang='grc' dir='ltr'>οἴκαδε</span> <span class='ocrx_word' id='word_1_286' title='bbox 3460 473 3866 549; x_wconf 80' lang='grc' dir='ltr'>ἀναχωρήσεις</span> 
     </span>
    </p>
   </div>
   <div class='ocr_carea' id='block_1_36' title="bbox 2158 555 3867 630">
    <p class='ocr_par' dir='ltr' id='par_1_36' title="bbox 2158 555 3867 630">
     <span class='ocr_line' id='line_1_37' title="bbox 2158 555 3867 630; baseline 0.004 -21"><span class='ocrx_word' id='word_1_287' title='bbox 2158 555 2261 624; x_wconf 87' lang='grc' dir='ltr'>τῆς</span> <span class='ocrx_word' id='word_1_288' title='bbox 2292 555 2681 629; x_wconf 79' lang='grc' dir='ltr'>πληροφορίας.</span> <span class='ocrx_word' id='word_1_289' title='bbox 2718 560 2985 613; x_wconf 76' lang='grc' dir='ltr'>Ἄκουσον</span> <span class='ocrx_word' id='word_1_290' title='bbox 3022 556 3173 630; x_wconf 75' lang='grc'>[160]</span> <span class='ocrx_word' id='word_1_291' title='bbox 3205 558 3336 627; x_wconf 78' lang='grc' dir='ltr'>γοῦν</span> <span class='ocrx_word' id='word_1_292' title='bbox 3352 559 3446 613; x_wconf 88' lang='grc' dir='ltr'>τοῦ</span> <span class='ocrx_word' id='word_1_293' title='bbox 3477 559 3615 614; x_wconf 89' lang='grc' dir='ltr'>Θεοῦ</span> <span class='ocrx_word' id='word_1_294' title='bbox 3646 561 3707 614; x_wconf 85' lang='grc' dir='ltr'>ἐν</span> <span class='ocrx_word' id='word_1_295' title='bbox 3726 567 3867 628; x_wconf 74' lang='grc' dir='ltr'>ταῖς</span> 
     </span>
    </p>
   </div>
   <div class='ocr_carea' id='block_1_37' title="bbox 2159 644 3856 719">
    <p class='ocr_par' dir='ltr' id='par_1_37' title="bbox 2159 644 3856 719">
     <span class='ocr_line' id='line_1_38' title="bbox 2159 644 3856 719; baseline 0.004 -23"><span class='ocrx_word' id='word_1_296' title='bbox 2159 644 2420 710; x_wconf 77' lang='grc' dir='ltr'>ἐντολαῖς,</span> <span class='ocrx_word' id='word_1_297' title='bbox 2456 646 2544 700; x_wconf 80' lang='grc' dir='ltr'>ἵνα</span> <span class='ocrx_word' id='word_1_298' title='bbox 2566 647 2660 700; x_wconf 72' lang='grc' dir='ltr'>καὶ</span> <span class='ocrx_word' id='word_1_299' title='bbox 2684 646 2847 712; x_wconf 79' lang='grc' dir='ltr'>αὐτὸς</span> <span class='ocrx_word' id='word_1_300' title='bbox 2881 646 3089 717; x_wconf 86' lang='grc' dir='ltr'>ἀκούσῃ</span> <span class='ocrx_word' id='word_1_301' title='bbox 3117 645 3208 699; x_wconf 87' lang='grc' dir='ltr'>σοῦ</span> <span class='ocrx_word' id='word_1_302' title='bbox 3243 647 3302 701; x_wconf 84' lang='grc' dir='ltr'>ἐν</span> <span class='ocrx_word' id='word_1_303' title='bbox 3329 650 3451 711; x_wconf 86' lang='grc' dir='ltr'>ταῖς</span> <span class='ocrx_word' id='word_1_304' title='bbox 3482 653 3856 719; x_wconf 85' lang='grc' dir='ltr'>προσευχαῖς.</span> 
     </span>
    </p>
   </div>
   <div class='ocr_carea' id='block_1_38' title="bbox 2158 730 3858 807">
    <p class='ocr_par' dir='ltr' id='par_1_38' title="bbox 2158 730 3858 807">
     <span class='ocr_line' id='line_1_39' title="bbox 2158 730 3858 807; baseline 0.004 -24"><span class='ocrx_word' id='word_1_305' title='bbox 2158 730 2326 785; x_wconf 89' lang='grc' dir='ltr'>Τοῦτο</span> <span class='ocrx_word' id='word_1_306' title='bbox 2364 732 2424 785; x_wconf 85' lang='grc' dir='ltr'>τὸ</span> <span class='ocrx_word' id='word_1_307' title='bbox 2481 735 2631 805; x_wconf 80' lang='grc' dir='ltr'>ρἦα</span> <span class='ocrx_word' id='word_1_308' title='bbox 2657 735 3066 806; x_wconf 77' lang='grc' dir='ltr'>ἐγγραφήσεται</span> <span class='ocrx_word' id='word_1_309' title='bbox 3109 732 3247 798; x_wconf 84' lang='grc' dir='ltr'>άνω,</span> <span class='ocrx_word' id='word_1_310' title='bbox 3295 735 3391 789; x_wconf 72' lang='grc' dir='ltr'>καὶ</span> <span class='ocrx_word' id='word_1_311' title='bbox 3421 737 3858 807; x_wconf 73' lang='grc' dir='ltr'>παραστήσεταί</span> 
     </span>
    </p>
   </div>
   <div class='ocr_carea' id='block_1_39' title="bbox 2160 822 3860 895">
    <p class='ocr_par' dir='ltr' id='par_1_39' title="bbox 2160 822 3860 895">
     <span class='ocr_line' id='line_1_40' title="bbox 2160 822 3860 895; baseline 0.004 -22"><span class='ocrx_word' id='word_1_312' title='bbox 2160 837 2241 874; x_wconf 87' lang='grc' dir='ltr'>σοι</span> <span class='ocrx_word' id='word_1_313' title='bbox 2272 823 2331 875; x_wconf 92' lang='grc' dir='ltr'>ἐν</span> <span class='ocrx_word' id='word_1_314' title='bbox 2346 824 2413 893; x_wconf 80' lang='grc' dir='ltr'>τῇ</span> <span class='ocrx_word' id='word_1_315' title='bbox 2436 822 2622 894; x_wconf 79' lang='grc' dir='ltr'>ήμέρᾳ</span> <span class='ocrx_word' id='word_1_316' title='bbox 2646 823 2746 893; x_wconf 85' lang='grc' dir='ltr'>τῆς</span> <span class='ocrx_word' id='word_1_317' title='bbox 2779 823 3036 895; x_wconf 88' lang='grc' dir='ltr'>κρίσεως,</span> <span class='ocrx_word' id='word_1_318' title='bbox 3070 824 3165 877; x_wconf 73' lang='grc' dir='ltr'>καὶ</span> <span class='ocrx_word' id='word_1_319' title='bbox 3196 822 3399 887; x_wconf 66' lang='grc' dir='ltr'>πολλὰς</span> <span class='ocrx_word' id='word_1_320' title='bbox 3420 824 3704 894; x_wconf 82' lang='grc' dir='ltr'>ἁμαρτίας</span> <span class='ocrx_word' id='word_1_321' title='bbox 3724 825 3860 880; x_wconf 75' lang='grc' dir='ltr'>δια-</span> 
     </span>
    </p>
   </div>
   <div class='ocr_carea' id='block_1_40' title="bbox 2159 909 3860 985">
    <p class='ocr_par' dir='ltr' id='par_1_40' title="bbox 2159 909 3860 985">
     <span class='ocr_line' id='line_1_41' title="bbox 2159 909 3860 985; baseline 0.002 -22"><span class='ocrx_word' id='word_1_322' title='bbox 2159 909 2401 966; x_wconf 89' lang='grc' dir='ltr'>λύσεται.</span> <span class='ocrx_word' id='word_1_323' title='bbox 2444 911 2554 967; x_wconf 77' lang='lat' dir='ltr'><em>K61</em></span> <span class='ocrx_word' id='word_1_324' title='bbox 2582 913 2742 967; x_wconf 87' lang='grc' dir='ltr'>τοῦτο</span> <span class='ocrx_word' id='word_1_325' title='bbox 2784 912 2859 984; x_wconf 85' lang='grc' dir='ltr'>μὴ</span> <span class='ocrx_word' id='word_1_326' title='bbox 2892 913 2987 967; x_wconf 73' lang='grc' dir='ltr'>ἐπὶ</span> <span class='ocrx_word' id='word_1_327' title='bbox 3031 910 3127 966; x_wconf 91' lang='grc' dir='ltr'>τοῦ</span> <span class='ocrx_word' id='word_1_328' title='bbox 3152 913 3315 985; x_wconf 82' lang='grc' dir='ltr'>ὅρκου</span> <span class='ocrx_word' id='word_1_329' title='bbox 3351 913 3533 983; x_wconf 87' lang='grc' dir='ltr'>μόνον,</span> <span class='ocrx_word' id='word_1_330' title='bbox 3566 913 3710 967; x_wconf 86' lang='grc' dir='ltr'>ἀλλά</span> <span class='ocrx_word' id='word_1_331' title='bbox 3747 917 3860 967; x_wconf 77' lang='grc' dir='ltr'>καὶ</span> 
     </span>
    </p>
   </div>
   <div class='ocr_carea' id='block_1_41' title="bbox 2156 1000 3862 1074">
    <p class='ocr_par' dir='ltr' id='par_1_41' title="bbox 2156 1000 3862 1074">
     <span class='ocr_line' id='line_1_42' title="bbox 2156 1000 3862 1074; baseline -0.001 -20"><span class='ocrx_word' id='word_1_332' title='bbox 2156 1002 2249 1055; x_wconf 80' lang='grc' dir='ltr'>ἐπὶ</span> <span class='ocrx_word' id='word_1_333' title='bbox 2270 1001 2490 1055; x_wconf 87' lang='grc' dir='ltr'>πάντων</span> <span class='ocrx_word' id='word_1_334' title='bbox 2516 1000 2626 1055; x_wconf 89' lang='grc' dir='ltr'>τῶν</span> <span class='ocrx_word' id='word_1_335' title='bbox 2656 1002 3005 1074; x_wconf 83' lang='grc' dir='ltr'>πραγμάτων</span> <span class='ocrx_word' id='word_1_336' title='bbox 3036 1000 3402 1071; x_wconf 75' lang='grc' dir='ltr'>λογιζώμεθα,</span> <span class='ocrx_word' id='word_1_337' title='bbox 3434 1002 3530 1055; x_wconf 70' lang='lat' dir='ltr'><em>v.61</em></span> <span class='ocrx_word' id='word_1_338' title='bbox 3553 1002 3686 1055; x_wconf 81' lang='grc' dir='ltr'>ὅταν</span> <span class='ocrx_word' id='word_1_339' title='bbox 3717 1002 3814 1072; x_wconf 83' lang='grc' dir='ltr'>μέλ</span> <span class='ocrx_word' id='word_1_340' title='bbox 3832 1033 3862 1044; x_wconf 85' lang='grc'><strong><em>-</em></strong></span> 
     </span>
    </p>
   </div>
   <div class='ocr_carea' id='block_1_42' title="bbox 2155 1087 3850 1162">
    <p class='ocr_par' dir='ltr' id='par_1_42' title="bbox 2155 1087 3850 1162">
     <span class='ocr_line' id='line_1_43' title="bbox 2155 1087 3850 1162; baseline 0.004 -23"><span class='ocrx_word' id='word_1_341' title='bbox 2155 1088 2341 1160; x_wconf 87' lang='grc' dir='ltr'>λωμέν</span> <span class='ocrx_word' id='word_1_342' title='bbox 2371 1109 2424 1145; x_wconf 89' lang='grc' dir='ltr'>τι</span> <span class='ocrx_word' id='word_1_343' title='bbox 2448 1090 2536 1145; x_wconf 86' lang='grc' dir='ltr'>διά</span> <span class='ocrx_word' id='word_1_344' title='bbox 2554 1091 2684 1145; x_wconf 77' lang='grc' dir='ltr'>Θεὸν</span> <span class='ocrx_word' id='word_1_345' title='bbox 2714 1093 2887 1145; x_wconf 86' lang='grc' dir='ltr'>ποιεῖν</span> <span class='ocrx_word' id='word_1_346' title='bbox 2903 1090 3128 1160; x_wconf 82' lang='grc' dir='ltr'>ἀγαθὸν,</span> <span class='ocrx_word' id='word_1_347' title='bbox 3156 1087 3272 1145; x_wconf 78' lang='grc' dir='ltr'>εἶτα</span> <span class='ocrx_word' id='word_1_348' title='bbox 3305 1090 3445 1162; x_wconf 88' lang='grc' dir='ltr'>φέρῃ</span> <span class='ocrx_word' id='word_1_349' title='bbox 3469 1089 3683 1161; x_wconf 81' lang='grc' dir='ltr'>ζημίαν</span> <span class='ocrx_word' id='word_1_350' title='bbox 3700 1100 3850 1156; x_wconf 58' lang='grc' dir='ltr'>τινα,</span> 
     </span>
    </p>
   </div>
   <div class='ocr_carea' id='block_1_43' title="bbox 2160 1177 3852 1251">
    <p class='ocr_par' dir='ltr' id='par_1_43' title="bbox 2160 1177 3852 1251">
     <span class='ocr_line' id='line_1_44' title="bbox 2160 1177 3852 1251; baseline 0 -20"><span class='ocrx_word' id='word_1_351' title='bbox 2160 1177 2234 1249; x_wconf 85' lang='grc' dir='ltr'>μὴ</span> <span class='ocrx_word' id='word_1_352' title='bbox 2266 1179 2365 1250; x_wconf 78' lang='grc' dir='ltr'>τὴν</span> <span class='ocrx_word' id='word_1_353' title='bbox 2390 1179 2592 1250; x_wconf 77' lang='grc' dir='ltr'>ζημίαν</span> <span class='ocrx_word' id='word_1_354' title='bbox 2627 1178 2726 1250; x_wconf 84' lang='grc' dir='ltr'>τὴν</span> <span class='ocrx_word' id='word_1_355' title='bbox 2753 1180 2818 1232; x_wconf 90' lang='grc' dir='ltr'>ἐκ</span> <span class='ocrx_word' id='word_1_356' title='bbox 2862 1177 2957 1232; x_wconf 87' lang='grc' dir='ltr'>τοῦ</span> <span class='ocrx_word' id='word_1_357' title='bbox 2984 1178 3310 1251; x_wconf 87' lang='grc' dir='ltr'>πράγματος</span> <span class='ocrx_word' id='word_1_358' title='bbox 3331 1178 3620 1249; x_wconf 78' lang='grc' dir='ltr'>βλέπωμεν</span> <span class='ocrx_word' id='word_1_359' title='bbox 3657 1179 3852 1249; x_wconf 78' lang='grc' dir='ltr'>μόνον,</span> 
     </span>
    </p>
   </div>
   <div class='ocr_carea' id='block_1_44' title="bbox 2156 1264 3852 1337">
    <p class='ocr_par' dir='ltr' id='par_1_44' title="bbox 2156 1264 3852 1337">
     <span class='ocr_line' id='line_1_45' title="bbox 2156 1264 3852 1337; baseline 0 -18"><span class='ocrx_word' id='word_1_360' title='bbox 2156 1266 2292 1320; x_wconf 85' lang='grc' dir='ltr'>ἀλλά</span> <span class='ocrx_word' id='word_1_361' title='bbox 2326 1266 2422 1320; x_wconf 77' lang='grc' dir='ltr'>καὶ</span> <span class='ocrx_word' id='word_1_362' title='bbox 2450 1266 2512 1319; x_wconf 84' lang='grc' dir='ltr'>τὸ</span> <span class='ocrx_word' id='word_1_363' title='bbox 2538 1265 2748 1337; x_wconf 82' lang='grc' dir='ltr'>κέρδος,</span> <span class='ocrx_word' id='word_1_364' title='bbox 2778 1265 2807 1319; x_wconf 88' lang='lat'>6</span> <span class='ocrx_word' id='word_1_365' title='bbox 2836 1264 3245 1336; x_wconf 87' lang='grc' dir='ltr'>καρπωσόμεθα</span> <span class='ocrx_word' id='word_1_366' title='bbox 3270 1268 3334 1320; x_wconf 83' lang='grc' dir='ltr'>ἐκ</span> <span class='ocrx_word' id='word_1_367' title='bbox 3360 1265 3452 1319; x_wconf 85' lang='grc' dir='ltr'>τοῦ</span> <span class='ocrx_word' id='word_1_368' title='bbox 3484 1265 3576 1320; x_wconf 77' lang='grc' dir='ltr'>διά</span> <span class='ocrx_word' id='word_1_369' title='bbox 3599 1266 3693 1319; x_wconf 74' lang='grc' dir='ltr'>τὸν</span> <span class='ocrx_word' id='word_1_370' title='bbox 3709 1265 3852 1319; x_wconf 68' lang='grc' dir='ltr'>Θείυ</span> 
     </span>
    </p>
   </div>
   <div class='ocr_carea' id='block_1_45' title="bbox 2155 1348 3852 1426">
    <p class='ocr_par' dir='ltr' id='par_1_45' title="bbox 2155 1348 3852 1426">
     <span class='ocr_line' id='line_1_46' title="bbox 2155 1348 3852 1426; baseline -0.001 -17"><span class='ocrx_word' id='word_1_371' title='bbox 2155 1354 2399 1426; x_wconf 88' lang='grc' dir='ltr'>ποιῆσαι.</span> <span class='ocrx_word' id='word_1_372' title='bbox 2442 1348 2567 1407; x_wconf 74' lang='grc' dir='ltr'>οἷόν</span> <span class='ocrx_word' id='word_1_373' title='bbox 2587 1371 2640 1407; x_wconf 89' lang='grc' dir='ltr'>τι</span> <span class='ocrx_word' id='word_1_374' title='bbox 2665 1354 2827 1422; x_wconf 84' lang='grc' dir='ltr'>λέγω·</span> <span class='ocrx_word' id='word_1_375' title='bbox 2863 1353 3095 1425; x_wconf 80' lang='grc' dir='ltr'>’Υόρισέ</span> <span class='ocrx_word' id='word_1_376' title='bbox 3124 1353 3185 1408; x_wconf 86' lang='grc' dir='ltr'>σέ</span> <span class='ocrx_word' id='word_1_377' title='bbox 3210 1370 3327 1420; x_wconf 87' lang='grc' dir='ltr'>τις;</span> <span class='ocrx_word' id='word_1_378' title='bbox 3373 1352 3506 1425; x_wconf 85' lang='grc' dir='ltr'>φέρε</span> <span class='ocrx_word' id='word_1_379' title='bbox 3550 1354 3852 1422; x_wconf 70' lang='grc' dir='ltr'>γενναίαις·</span> 
     </span>
    </p>
   </div>
   <div class='ocr_carea' id='block_1_46' title="bbox 2157 1441 3849 1515">
    <p class='ocr_par' dir='ltr' id='par_1_46' title="bbox 2157 1441 3849 1515">
     <span class='ocr_line' id='line_1_47' title="bbox 2157 1441 3849 1515; baseline -0.001 -19"><span class='ocrx_word' id='word_1_380' title='bbox 2157 1444 2325 1507; x_wconf 83' lang='grc' dir='ltr'>οἴσεις</span> <span class='ocrx_word' id='word_1_381' title='bbox 2351 1442 2409 1496; x_wconf 86' lang='grc' dir='ltr'>δὲ</span> <span class='ocrx_word' id='word_1_382' title='bbox 2435 1441 2717 1511; x_wconf 79' lang='grc' dir='ltr'>γενναίως,</span> <span class='ocrx_word' id='word_1_383' title='bbox 2759 1442 2825 1497; x_wconf 84' lang='grc' dir='ltr'>ἂν</span> <span class='ocrx_word' id='word_1_384' title='bbox 2869 1443 2943 1515; x_wconf 83' lang='grc' dir='ltr'>μὴ</span> <span class='ocrx_word' id='word_1_385' title='bbox 2988 1442 3088 1513; x_wconf 73' lang='grc' dir='ltr'>τὴν</span> <span class='ocrx_word' id='word_1_386' title='bbox 3137 1442 3294 1514; x_wconf 76' lang='grc' dir='ltr'>ὓϐριν</span> <span class='ocrx_word' id='word_1_387' title='bbox 3344 1443 3608 1513; x_wconf 81' lang='grc' dir='ltr'>ἐννοήσῃς</span> <span class='ocrx_word' id='word_1_388' title='bbox 3655 1442 3849 1513; x_wconf 88' lang='grc' dir='ltr'>μόνον,</span> 
     </span>
    </p>
   </div>
   <div class='ocr_carea' id='block_1_47' title="bbox 2158 1528 3852 1601">
    <p class='ocr_par' dir='ltr' id='par_1_47' title="bbox 2158 1528 3852 1601">
     <span class='ocr_line' id='line_1_48' title="bbox 2158 1528 3852 1601; baseline -0.002 -16"><span class='ocrx_word' id='word_1_389' title='bbox 2158 1531 2294 1585; x_wconf 86' lang='grc' dir='ltr'>ἅλλά</span> <span class='ocrx_word' id='word_1_390' title='bbox 2324 1531 2420 1586; x_wconf 68' lang='grc' dir='ltr'>καὶ</span> <span class='ocrx_word' id='word_1_391' title='bbox 2450 1530 2510 1583; x_wconf 83' lang='grc' dir='ltr'>τὸ</span> <span class='ocrx_word' id='word_1_392' title='bbox 2537 1529 2759 1601; x_wconf 84' lang='grc' dir='ltr'>ἀξίωμα</span> <span class='ocrx_word' id='word_1_393' title='bbox 2812 1530 2908 1584; x_wconf 79' lang='grc' dir='ltr'>τοῦ</span> <span class='ocrx_word' id='word_1_394' title='bbox 2949 1529 3261 1594; x_wconf 89' lang='grc' dir='ltr'>κελεύοντος</span> <span class='ocrx_word' id='word_1_395' title='bbox 3312 1529 3521 1601; x_wconf 84' lang='grc' dir='ltr'>φέρειν,</span> <span class='ocrx_word' id='word_1_396' title='bbox 3561 1531 3658 1583; x_wconf 72' lang='grc' dir='ltr'>καὶ</span> <span class='ocrx_word' id='word_1_397' title='bbox 3719 1528 3852 1601; x_wconf 78' lang='grc' dir='ltr'>οἴσῃ</span> 
     </span>
    </p>
   </div>
   <div class='ocr_carea' id='block_1_48' title="bbox 2160 1617 3848 1689">
    <p class='ocr_par' dir='ltr' id='par_1_48' title="bbox 2160 1617 3848 1689">
     <span class='ocr_line' id='line_1_49' title="bbox 2160 1617 3848 1689; baseline -0.001 -18"><span class='ocrx_word' id='word_1_398' title='bbox 2160 1619 2372 1688; x_wconf 87' lang='grc' dir='ltr'>πράως,</span> <span class='ocrx_word' id='word_1_399' title='bbox 2409 1617 2658 1681; x_wconf 86' lang='grc' dir='ltr'>Ἕδωκας</span> <span class='ocrx_word' id='word_1_400' title='bbox 2688 1617 3060 1689; x_wconf 82' lang='grc' dir='ltr'>ἐλεημοσύνην</span> <span class='ocrx_word' id='word_1_401' title='bbox 3084 1634 3099 1682; x_wconf 89' lang='lat'>;</span> <span class='ocrx_word' id='word_1_402' title='bbox 3146 1619 3219 1689; x_wconf 84' lang='grc' dir='ltr'>μὴ</span> <span class='ocrx_word' id='word_1_403' title='bbox 3246 1617 3347 1689; x_wconf 82' lang='grc' dir='ltr'>τὴν</span> <span class='ocrx_word' id='word_1_404' title='bbox 3375 1618 3621 1686; x_wconf 86' lang='grc' dir='ltr'>δαπάνην</span> <span class='ocrx_word' id='word_1_405' title='bbox 3647 1617 3848 1681; x_wconf 82' lang='grc' dir='ltr'>ἐννόει,</span> 
     </span>
    </p>
   </div>
   <div class='ocr_carea' id='block_1_49' title="bbox 2159 1704 3854 1777">
    <p class='ocr_par' dir='ltr' id='par_1_49' title="bbox 2159 1704 3854 1777">
     <span class='ocr_line' id='line_1_50' title="bbox 2159 1704 3854 1777; baseline -0.002 -16"><span class='ocrx_word' id='word_1_406' title='bbox 2159 1706 2297 1761; x_wconf 85' lang='grc' dir='ltr'>ἀλλά</span> <span class='ocrx_word' id='word_1_407' title='bbox 2331 1706 2426 1761; x_wconf 75' lang='grc' dir='ltr'>καὶ</span> <span class='ocrx_word' id='word_1_408' title='bbox 2456 1705 2555 1777; x_wconf 79' lang='grc' dir='ltr'>τὴν</span> <span class='ocrx_word' id='word_1_409' title='bbox 2586 1706 2845 1777; x_wconf 88' lang='grc' dir='ltr'>πρόσοδον</span> <span class='ocrx_word' id='word_1_410' title='bbox 2877 1705 2976 1777; x_wconf 83' lang='grc' dir='ltr'>τὴν</span> <span class='ocrx_word' id='word_1_411' title='bbox 3002 1706 3110 1759; x_wconf 86' lang='lat'><em>61:6</em></span> <span class='ocrx_word' id='word_1_412' title='bbox 3135 1708 3234 1777; x_wconf 81' lang='grc' dir='ltr'>τῆς</span> <span class='ocrx_word' id='word_1_413' title='bbox 3262 1705 3529 1774; x_wconf 85' lang='grc' dir='ltr'>δαπάνης.</span> <span class='ocrx_word' id='word_1_414' title='bbox 3568 1704 3854 1775; x_wconf 80' lang='grc' dir='ltr'>Ἐζημιὼ-</span> 
     </span>
    </p>
   </div>
   <div class='ocr_carea' id='block_1_50' title="bbox 2159 1788 3856 1864">
    <p class='ocr_par' dir='ltr' id='par_1_50' title="bbox 2159 1788 3856 1864">
     <span class='ocr_line' id='line_1_51' title="bbox 2159 1788 3856 1864; baseline -0.002 -16"><span class='ocrx_word' id='word_1_415' title='bbox 2159 1795 2259 1862; x_wconf 86' lang='grc' dir='ltr'>θης</span> <span class='ocrx_word' id='word_1_416' title='bbox 2277 1793 2537 1864; x_wconf 85' lang='grc' dir='ltr'>χρήματα</span> <span class='ocrx_word' id='word_1_417' title='bbox 2561 1808 2576 1857; x_wconf 91' lang='grc'>;</span> <span class='ocrx_word' id='word_1_418' title='bbox 2611 1792 3027 1864; x_wconf 84' lang='grc' dir='ltr'>εὐχαρίστησον,</span> <span class='ocrx_word' id='word_1_419' title='bbox 3057 1793 3153 1846; x_wconf 74' lang='grc' dir='ltr'>καὶ</span> <span class='ocrx_word' id='word_1_420' title='bbox 3186 1788 3261 1863; x_wconf 75' lang='grc' dir='ltr'>μή</span> <span class='ocrx_word' id='word_1_421' title='bbox 3282 1791 3381 1862; x_wconf 87' lang='grc' dir='ltr'>τὴν</span> <span class='ocrx_word' id='word_1_422' title='bbox 3401 1791 3597 1862; x_wconf 81' lang='grc' dir='ltr'>ὀδύνην</span> <span class='ocrx_word' id='word_1_423' title='bbox 3617 1791 3721 1862; x_wconf 79' lang='grc' dir='ltr'>τὴν</span> <span class='ocrx_word' id='word_1_424' title='bbox 3734 1792 3856 1845; x_wconf 75' lang='grc' dir='ltr'>ἀπὸ</span> 
     </span>
    </p>
   </div>
   <div class='ocr_carea' id='block_1_51' title="bbox 2158 1878 3856 1953">
    <p class='ocr_par' dir='ltr' id='par_1_51' title="bbox 2158 1878 3856 1953">
     <span class='ocr_line' id='line_1_52' title="bbox 2158 1878 3856 1953; baseline -0.001 -17"><span class='ocrx_word' id='word_1_425' title='bbox 2158 1883 2257 1953; x_wconf 88' lang='grc' dir='ltr'>τῆς</span> <span class='ocrx_word' id='word_1_426' title='bbox 2283 1882 2486 1953; x_wconf 80' lang='grc' dir='ltr'>ζημίας</span> <span class='ocrx_word' id='word_1_427' title='bbox 2507 1881 2623 1952; x_wconf 84' lang='grc' dir='ltr'>ἴδῃς</span> <span class='ocrx_word' id='word_1_428' title='bbox 2661 1881 2840 1952; x_wconf 89' lang='grc' dir='ltr'>μόνον,</span> <span class='ocrx_word' id='word_1_429' title='bbox 2902 1881 3039 1936; x_wconf 90' lang='grc' dir='ltr'>ἀλλά</span> <span class='ocrx_word' id='word_1_430' title='bbox 3069 1881 3165 1935; x_wconf 76' lang='grc' dir='ltr'>καὶ</span> <span class='ocrx_word' id='word_1_431' title='bbox 3193 1881 3255 1933; x_wconf 83' lang='grc' dir='ltr'>τὸ</span> <span class='ocrx_word' id='word_1_432' title='bbox 3286 1880 3478 1952; x_wconf 80' lang='grc' dir='ltr'>κέρδος</span> <span class='ocrx_word' id='word_1_433' title='bbox 3505 1879 3568 1933; x_wconf 82' lang='grc' dir='ltr'>τὺ</span> <span class='ocrx_word' id='word_1_434' title='bbox 3601 1878 3713 1932; x_wconf 72' lang='grc' dir='ltr'>ἀπὸ</span> <span class='ocrx_word' id='word_1_435' title='bbox 3744 1878 3856 1945; x_wconf 76' lang='grc' dir='ltr'>τῆς</span> 
     </span>
    </p>
   </div>
   <div class='ocr_carea' id='block_1_52' title="bbox 2157 1968 3851 2043">
    <p class='ocr_par' dir='ltr' id='par_1_52' title="bbox 2157 1968 3851 2043">
     <span class='ocr_line' id='line_1_53' title="bbox 2157 1968 3851 2043; baseline -0.002 -17"><span class='ocrx_word' id='word_1_436' title='bbox 2157 1970 2528 2043; x_wconf 88' lang='grc' dir='ltr'>εὐχαριστίας.</span> <span class='ocrx_word' id='word_1_437' title='bbox 2590 1970 2689 2023; x_wconf 77' lang='grc' dir='ltr'>Ἂν</span> <span class='ocrx_word' id='word_1_438' title='bbox 2742 1970 2912 2033; x_wconf 80' lang='grc' dir='ltr'>οὕτως</span> <span class='ocrx_word' id='word_1_439' title='bbox 2960 1971 3187 2034; x_wconf 79' lang='grc' dir='ltr'>ἑαυτοὺς</span> <span class='ocrx_word' id='word_1_440' title='bbox 3246 1968 3622 2042; x_wconf 79' lang='grc' dir='ltr'>ρυθμίζωμεν,</span> <span class='ocrx_word' id='word_1_441' title='bbox 3690 1970 3851 2024; x_wconf 73' lang='grc' dir='ltr'>οὐδὲν</span> 
     </span>
    </p>
   </div>
   <div class='ocr_carea' id='block_1_53' title="bbox 2159 2058 3853 2133">
    <p class='ocr_par' dir='ltr' id='par_1_53' title="bbox 2159 2058 3853 2133">
     <span class='ocr_line' id='line_1_54' title="bbox 2159 2058 3853 2133; baseline -0.002 -19"><span class='ocrx_word' id='word_1_442' title='bbox 2159 2064 2304 2132; x_wconf 85' lang='grc' dir='ltr'>ήμᾶς</span> <span class='ocrx_word' id='word_1_443' title='bbox 2332 2060 2566 2133; x_wconf 84' lang='grc' dir='ltr'>λυπήσει</span> <span class='ocrx_word' id='word_1_444' title='bbox 2604 2059 2711 2114; x_wconf 89' lang='grc' dir='ltr'>τῶν</span> <span class='ocrx_word' id='word_1_445' title='bbox 2742 2060 3126 2131; x_wconf 82' lang='grc' dir='ltr'>ἐμπιπτόντων</span> <span class='ocrx_word' id='word_1_446' title='bbox 3152 2059 3361 2122; x_wconf 87' lang='grc' dir='ltr'>δεινῶν,</span> <span class='ocrx_word' id='word_1_447' title='bbox 3397 2059 3536 2113; x_wconf 85' lang='grc' dir='ltr'>ἀλλὰ</span> <span class='ocrx_word' id='word_1_448' title='bbox 3581 2058 3679 2113; x_wconf 62' lang='grc' dir='ltr'>καὶ</span> <span class='ocrx_word' id='word_1_449' title='bbox 3709 2075 3853 2129; x_wconf 81' lang='grc' dir='ltr'>κερ⁹</span> 
     </span>
    </p>
   </div>
   <div class='ocr_carea' id='block_1_54' title="bbox 2156 2145 3851 2225">
    <p class='ocr_par' dir='ltr' id='par_1_54' title="bbox 2156 2145 3851 2225">
     <span class='ocr_line' id='line_1_55' title="bbox 2156 2145 3851 2225; baseline -0.004 -18"><span class='ocrx_word' id='word_1_450' title='bbox 2156 2154 2421 2225; x_wconf 88' lang='grc' dir='ltr'>δανοῦμεν</span> <span class='ocrx_word' id='word_1_451' title='bbox 2446 2154 2556 2208; x_wconf 89' lang='grc' dir='ltr'>ἀπὸ</span> <span class='ocrx_word' id='word_1_452' title='bbox 2581 2152 2691 2205; x_wconf 90' lang='grc' dir='ltr'>τῶν</span> <span class='ocrx_word' id='word_1_453' title='bbox 2719 2150 3018 2205; x_wconf 87' lang='grc' dir='ltr'>δοκούντων</span> <span class='ocrx_word' id='word_1_454' title='bbox 3056 2145 3202 2205; x_wconf 84' lang='grc' dir='ltr'>εἶναι</span> <span class='ocrx_word' id='word_1_455' title='bbox 3224 2149 3508 2221; x_wconf 82' lang='grc' dir='ltr'>λυπηρῶν,</span> <span class='ocrx_word' id='word_1_456' title='bbox 3538 2150 3635 2203; x_wconf 71' lang='grc' dir='ltr'>καὶ</span> <span class='ocrx_word' id='word_1_457' title='bbox 3667 2148 3851 2219; x_wconf 79' lang='grc' dir='ltr'>ζημία.</span> 
     </span>
    </p>
   </div>
   <div class='ocr_carea' id='block_1_55' title="bbox 2159 2234 3850 2310">
    <p class='ocr_par' dir='ltr' id='par_1_55' title="bbox 2159 2234 3850 2310">
     <span class='ocr_line' id='line_1_56' title="bbox 2159 2234 3850 2310; baseline -0.004 -15"><span class='ocrx_word' id='word_1_458' title='bbox 2159 2242 2414 2308; x_wconf 87' lang='grc' dir='ltr'>πλούτου,</span> <span class='ocrx_word' id='word_1_459' title='bbox 2449 2240 2545 2295; x_wconf 68' lang='grc' dir='ltr'>καὶ</span> <span class='ocrx_word' id='word_1_460' title='bbox 2582 2240 2729 2310; x_wconf 87' lang='grc' dir='ltr'>λύπη</span> <span class='ocrx_word' id='word_1_461' title='bbox 2784 2238 2983 2309; x_wconf 79' lang='grc' dir='ltr'>ἡδονῆς</span> <span class='ocrx_word' id='word_1_462' title='bbox 3017 2239 3112 2293; x_wconf 75' lang='grc' dir='ltr'>καὶ</span> <span class='ocrx_word' id='word_1_463' title='bbox 3152 2236 3514 2308; x_wconf 83' lang='grc' dir='ltr'>εὐφροσύνης,</span> <span class='ocrx_word' id='word_1_464' title='bbox 3538 2236 3635 2289; x_wconf 75' lang='grc' dir='ltr'>καὶ</span> <span class='ocrx_word' id='word_1_465' title='bbox 3680 2234 3850 2307; x_wconf 75' lang='grc' dir='ltr'>ὕϐρις</span> 
     </span>
    </p>
   </div>
   <div class='ocr_carea' id='block_1_56' title="bbox 2157 2324 3850 2403">
    <p class='ocr_par' dir='ltr' id='par_1_56' title="bbox 2157 2324 3850 2403">
     <span class='ocr_line' id='line_1_57' title="bbox 2157 2324 3850 2403; baseline -0.004 -18"><span class='ocrx_word' id='word_1_466' title='bbox 2157 2332 2324 2403; x_wconf 88' lang='grc' dir='ltr'>τιμῆς</span> <span class='ocrx_word' id='word_1_467' title='bbox 2350 2330 2512 2401; x_wconf 76' lang='grc' dir='ltr'>ἡδίων</span> <span class='ocrx_word' id='word_1_468' title='bbox 2540 2329 2694 2383; x_wconf 78' lang='grc' dir='ltr'>ἐσται</span> <span class='ocrx_word' id='word_1_469' title='bbox 2716 2331 2811 2383; x_wconf 76' lang='grc' dir='ltr'>καὶ</span> <span class='ocrx_word' id='word_1_470' title='bbox 2827 2328 3204 2400; x_wconf 85' lang='grc' dir='ltr'>ποθεινοτέρα,</span> <span class='ocrx_word' id='word_1_471' title='bbox 3219 2326 3315 2380; x_wconf 80' lang='grc' dir='ltr'>καὶ</span> <span class='ocrx_word' id='word_1_472' title='bbox 3333 2325 3404 2380; x_wconf 89' lang='grc' dir='ltr'>τά</span> <span class='ocrx_word' id='word_1_473' title='bbox 3418 2325 3637 2379; x_wconf 82' lang='grc' dir='ltr'>ἐναντία</span> <span class='ocrx_word' id='word_1_474' title='bbox 3659 2324 3850 2378; x_wconf 83' lang='grc' dir='ltr'>πάντα</span> 
     </span>
    </p>
   </div>
   <div class='ocr_carea' id='block_1_57' title="bbox 2157 2413 3853 2490">
    <p class='ocr_par' dir='ltr' id='par_1_57' title="bbox 2157 2413 3853 2490">
     <span class='ocr_line' id='line_1_58' title="bbox 2157 2413 3853 2490; baseline -0.004 -17"><span class='ocrx_word' id='word_1_475' title='bbox 2157 2422 2236 2484; x_wconf 86' lang='grc' dir='ltr'>εἱς</span> <span class='ocrx_word' id='word_1_476' title='bbox 2260 2419 2451 2490; x_wconf 86' lang='grc' dir='ltr'>κέρδος</span> <span class='ocrx_word' id='word_1_477' title='bbox 2502 2419 2636 2489; x_wconf 86' lang='grc' dir='ltr'>ήμῖν</span> <span class='ocrx_word' id='word_1_478' title='bbox 2674 2416 3033 2489; x_wconf 76' lang='grc' dir='ltr'>ἀποϐήσεται·</span> <span class='ocrx_word' id='word_1_479' title='bbox 3063 2416 3159 2469; x_wconf 75' lang='grc' dir='ltr'>καὶ</span> <span class='ocrx_word' id='word_1_480' title='bbox 3192 2413 3427 2469; x_wconf 84' lang='grc' dir='ltr'>ἐνταῦθα</span> <span class='ocrx_word' id='word_1_481' title='bbox 3470 2413 3671 2482; x_wconf 77' lang='grc' dir='ltr'>πολλῆς</span> <span class='ocrx_word' id='word_1_482' title='bbox 3703 2414 3853 2467; x_wconf 86' lang='grc' dir='ltr'>άπο-</span> 
     </span>
    </p>
   </div>
   <div class='ocr_carea' id='block_1_58' title="bbox 2155 2499 3852 2577">
    <p class='ocr_par' dir='ltr' id='par_1_58' title="bbox 2155 2499 3852 2577">
     <span class='ocr_line' id='line_1_59' title="bbox 2155 2499 3852 2577; baseline -0.005 -17"><span class='ocrx_word' id='word_1_483' title='bbox 2155 2506 2465 2577; x_wconf 80' lang='grc' dir='ltr'>λαυσόμεθα</span> <span class='ocrx_word' id='word_1_484' title='bbox 2498 2507 2599 2576; x_wconf 87' lang='grc' dir='ltr'>τῆς</span> <span class='ocrx_word' id='word_1_485' title='bbox 2626 2506 2868 2577; x_wconf 84' lang='grc' dir='ltr'>γαλήνης</span> <span class='ocrx_word' id='word_1_486' title='bbox 2888 2544 2904 2568; x_wconf 88' lang='grc'>,</span> <span class='ocrx_word' id='word_1_487' title='bbox 2937 2506 3101 2559; x_wconf 84' lang='grc' dir='ltr'>κάκεῖ</span> <span class='ocrx_word' id='word_1_488' title='bbox 3135 2504 3236 2573; x_wconf 85' lang='grc' dir='ltr'>τῆς</span> <span class='ocrx_word' id='word_1_489' title='bbox 3273 2501 3551 2573; x_wconf 82' lang='grc' dir='ltr'>βασιλείας</span> <span class='ocrx_word' id='word_1_490' title='bbox 3589 2500 3699 2553; x_wconf 86' lang='grc' dir='ltr'>τῶν</span> <span class='ocrx_word' id='word_1_491' title='bbox 3747 2499 3852 2552; x_wconf 89' lang='grc' dir='ltr'>οὐ-</span> 
     </span>
    </p>
   </div>
   <div class='ocr_carea' id='block_1_59' title="bbox 2158 2588 3847 2669">
    <p class='ocr_par' dir='ltr' id='par_1_59' title="bbox 2158 2588 3847 2669">
     <span class='ocr_line' id='line_1_60' title="bbox 2158 2588 3847 2669; baseline -0.004 -18"><span class='ocrx_word' id='word_1_492' title='bbox 2158 2597 2342 2669; x_wconf 88' lang='grc' dir='ltr'>ρανῶν</span> <span class='ocrx_word' id='word_1_493' title='bbox 2367 2595 2788 2667; x_wconf 84' lang='grc' dir='ltr'>ἐπιτευξὸμεθα·</span> <span class='ocrx_word' id='word_1_494' title='bbox 2813 2592 2883 2667; x_wconf 80' lang='grc' dir='ltr'>ἦς</span> <span class='ocrx_word' id='word_1_495' title='bbox 2906 2596 3118 2664; x_wconf 79' lang='grc' dir='ltr'>γένοιτο</span> <span class='ocrx_word' id='word_1_496' title='bbox 3168 2593 3378 2656; x_wconf 85' lang='grc' dir='ltr'>πάντας</span> <span class='ocrx_word' id='word_1_497' title='bbox 3420 2592 3569 2662; x_wconf 74' lang='grc' dir='ltr'>ἡμᾶς</span> <span class='ocrx_word' id='word_1_498' title='bbox 3602 2588 3847 2658; x_wconf 63' lang='grc' dir='ltr'>ἀξιωθῆη</span> 
     </span>
    </p>
   </div>
   <div class='ocr_carea' id='block_1_60' title="bbox 2156 2675 3842 2755">
    <p class='ocr_par' dir='ltr' id='par_1_60' title="bbox 2156 2675 3842 2755">
     <span class='ocr_line' id='line_1_61' title="bbox 2156 2675 3842 2755; baseline -0.006 -16"><span class='ocrx_word' id='word_1_499' title='bbox 2156 2702 2244 2740; x_wconf 87' lang='grc' dir='ltr'>ναι</span> <span class='ocrx_word' id='word_1_500' title='bbox 2262 2685 2310 2749; x_wconf 72' lang='lat' dir='ltr'><em>b,</em></span> <span class='ocrx_word' id='word_1_501' title='bbox 2332 2684 2515 2755; x_wconf 78' lang='grc' dir='ltr'>χάριτι</span> <span class='ocrx_word' id='word_1_502' title='bbox 2548 2685 2643 2738; x_wconf 64' lang='lat'><em>1:61</em></span> <span class='ocrx_word' id='word_1_503' title='bbox 2685 2683 3066 2754; x_wconf 69' lang='grc' dir='ltr'>φιλανθρωπίᾳ</span> <span class='ocrx_word' id='word_1_504' title='bbox 3086 2681 3181 2735; x_wconf 88' lang='grc' dir='ltr'>τοῦ</span> <span class='ocrx_word' id='word_1_505' title='bbox 3227 2678 3437 2750; x_wconf 75' lang='grc' dir='ltr'>Κυρίου</span> <span class='ocrx_word' id='word_1_506' title='bbox 3467 2678 3628 2750; x_wconf 87' lang='grc' dir='ltr'>ήμῶν</span> <span class='ocrx_word' id='word_1_507' title='bbox 3657 2675 3842 2746; x_wconf 82' lang='grc' dir='ltr'>Ἰησοῦ</span> 
     </span>
    </p>
   </div>
   <div class='ocr_carea' id='block_1_61' title="bbox 2157 2762 3847 2844">
    <p class='ocr_par' dir='ltr' id='par_1_61' title="bbox 2157 2762 3847 2844">
     <span class='ocr_line' id='line_1_62' title="bbox 2157 2762 3847 2844; baseline -0.006 -17"><span class='ocrx_word' id='word_1_508' title='bbox 2157 2771 2414 2844; x_wconf 73' lang='grc' dir='ltr'>Χριστοῦ,</span> <span class='ocrx_word' id='word_1_509' title='bbox 2439 2772 2505 2827; x_wconf 78' lang='grc' dir='ltr'>δι’</span> <span class='ocrx_word' id='word_1_510' title='bbox 2539 2764 2600 2826; x_wconf 75' lang='grc' dir='ltr'>οῦ</span> <span class='ocrx_word' id='word_1_511' title='bbox 2626 2773 2720 2826; x_wconf 79' lang='grc' dir='ltr'>καὶ</span> <span class='ocrx_word' id='word_1_512' title='bbox 2755 2771 2873 2844; x_wconf 86' lang='grc' dir='ltr'>μεθ’</span> <span class='ocrx_word' id='word_1_513' title='bbox 2900 2764 2963 2825; x_wconf 74' lang='grc' dir='ltr'>οὗ</span> <span class='ocrx_word' id='word_1_514' title='bbox 2987 2770 3068 2841; x_wconf 82' lang='grc' dir='ltr'>τῷ</span> <span class='ocrx_word' id='word_1_515' title='bbox 3084 2770 3259 2841; x_wconf 72' lang='grc' dir='ltr'>Πατρὶ</span> <span class='ocrx_word' id='word_1_516' title='bbox 3284 2768 3400 2839; x_wconf 74' lang='grc' dir='ltr'>ἅμα</span> <span class='ocrx_word' id='word_1_517' title='bbox 3413 2767 3492 2838; x_wconf 82' lang='grc' dir='ltr'>τῷ</span> <span class='ocrx_word' id='word_1_518' title='bbox 3516 2766 3656 2836; x_wconf 79' lang='grc' dir='ltr'>ἁγίῳ</span> <span class='ocrx_word' id='word_1_519' title='bbox 3675 2762 3847 2818; x_wconf 76' lang='grc' dir='ltr'>Πνεῦ-</span> 
     </span>
    </p>
   </div>
   <div class='ocr_carea' id='block_1_62' title="bbox 2160 2846 3839 2932">
    <p class='ocr_par' dir='ltr' id='par_1_62' title="bbox 2160 2846 3839 2932">
     <span class='ocr_line' id='line_1_63' title="bbox 2160 2846 3839 2932; baseline -0.007 -16"><span class='ocrx_word' id='word_1_520' title='bbox 2160 2877 2290 2931; x_wconf 87' lang='grc' dir='ltr'>ματι</span> <span class='ocrx_word' id='word_1_521' title='bbox 2322 2860 2473 2926; x_wconf 76' lang='grc' dir='ltr'>δόξα,</span> <span class='ocrx_word' id='word_1_522' title='bbox 2495 2861 2717 2932; x_wconf 86' lang='grc' dir='ltr'>κράτος,</span> <span class='ocrx_word' id='word_1_523' title='bbox 2769 2859 2923 2931; x_wconf 83' lang='grc' dir='ltr'>τιμὴ,</span> <span class='ocrx_word' id='word_1_524' title='bbox 2954 2859 3049 2913; x_wconf 85' lang='grc' dir='ltr'>νῦν</span> <span class='ocrx_word' id='word_1_525' title='bbox 3080 2846 3291 2913; x_wconf 60' lang='grc' dir='ltr'>καῖ’ἀεὶ</span> <span class='ocrx_word' id='word_1_526' title='bbox 3318 2856 3415 2911; x_wconf 76' lang='grc' dir='ltr'>καὶ</span> <span class='ocrx_word' id='word_1_527' title='bbox 3451 2856 3533 2920; x_wconf 86' lang='grc' dir='ltr'>είς</span> <span class='ocrx_word' id='word_1_528' title='bbox 3561 2856 3688 2918; x_wconf 66' lang='grc' dir='ltr'>τοὺς</span> <span class='ocrx_word' id='word_1_529' title='bbox 3715 2852 3839 2907; x_wconf 75' lang='grc' dir='ltr'>αίῶ-</span> 
     </span>
    </p>
   </div>
   <div class='ocr_carea' id='block_1_63' title="bbox 2158 2949 2879 3019">
    <p class='ocr_par' dir='ltr' id='par_1_63' title="bbox 2158 2949 2879 3019">
     <span class='ocr_line' id='line_1_64' title="bbox 2158 2949 2879 3019; baseline -0.003 -14"><span class='ocrx_word' id='word_1_530' title='bbox 2158 2968 2253 3015; x_wconf 86' lang='grc' dir='ltr'>νας</span> <span class='ocrx_word' id='word_1_531' title='bbox 2276 2950 2386 3005; x_wconf 88' lang='grc' dir='ltr'>τῶν</span> <span class='ocrx_word' id='word_1_532' title='bbox 2413 2949 2645 3005; x_wconf 78' lang='grc' dir='ltr'>αἰώνων.</span> <span class='ocrx_word' id='word_1_533' title='bbox 2685 2950 2879 3019; x_wconf 82' lang='grc' dir='ltr'>Ἀμήν.</span> 
     </span>
    </p>
   </div>
   <div class='ocr_carea' id='block_1_64' title="bbox 427 3220 3652 3255">
    <p class='ocr_par' dir='ltr' id='par_1_64' title="bbox 427 3220 3652 3255">
     <span class='ocr_line' id='line_1_65' title="bbox 427 3220 3652 3255; baseline -0.003 -17"><span class='ocrx_word' id='word_1_534' title='bbox 427 3220 3652 3255; x_wconf 57' lang='lat' dir='ltr'>MM</span> 
     </span>
    </p>
   </div>
   <div class='ocr_carea' id='block_1_65' title="bbox 370 3433 3840 3526">
    <p class='ocr_par' dir='ltr' id='par_1_65' title="bbox 370 3433 3840 3526">
     <span class='ocr_line' id='line_1_66' title="bbox 370 3433 3840 3526; baseline -0.006 -19"><span class='ocrx_word' id='word_1_535' title='bbox 370 3457 779 3526; x_wconf 64' lang='grc' dir='ltr'>ιιηῖμισθείσης</span> <span class='ocrx_word' id='word_1_536' title='bbox 801 3455 889 3519; x_wconf 78' lang='grc' dir='ltr'>οῖς</span> <span class='ocrx_word' id='word_1_537' title='bbox 909 3452 1018 3509; x_wconf 69' lang='grc' dir='ltr'>τὸν</span> <span class='ocrx_word' id='word_1_538' title='bbox 1069 3450 1337 3520; x_wconf 72' lang='grc' dir='ltr'>ἄρχοντα</span> <span class='ocrx_word' id='word_1_539' title='bbox 1367 3446 1644 3517; x_wconf 82' lang='grc' dir='ltr'>πραίδας,</span> <span class='ocrx_word' id='word_1_540' title='bbox 1706 3445 1803 3501; x_wconf 83' lang='grc' dir='ltr'>καὶ</span> <span class='ocrx_word' id='word_1_541' title='bbox 1874 3444 2118 3499; x_wconf 79' lang='grc' dir='ltr'>πάντων</span> <span class='ocrx_word' id='word_1_542' title='bbox 2153 3443 2287 3513; x_wconf 79' lang='grc' dir='ltr'>περὶ</span> <span class='ocrx_word' id='word_1_543' title='bbox 2328 3441 2529 3514; x_wconf 72' lang='grc' dir='ltr'>φυγῆς</span> <span class='ocrx_word' id='word_1_544' title='bbox 2565 3438 3056 3510; x_wconf 70' lang='grc' dir='ltr'>βουλευομένων,</span> <span class='ocrx_word' id='word_1_545' title='bbox 3103 3435 3209 3490; x_wconf 83' lang='grc' dir='ltr'>τοῦ</span> <span class='ocrx_word' id='word_1_546' title='bbox 3250 3435 3602 3526; x_wconf 47' lang='grc' dir='ltr'>ἄρχοντός-ε</span> <span class='ocrx_word' id='word_1_547' title='bbox 3640 3433 3840 3487; x_wconf 70' lang='grc' dir='ltr'>εἰσελ-</span> 
     </span>
    </p>
   </div>
   <div class='ocr_carea' id='block_1_66' title="bbox 446 3525 3836 3613">
    <p class='ocr_par' dir='ltr' id='par_1_66' title="bbox 446 3525 3836 3613">
     <span class='ocr_line' id='line_1_67' title="bbox 446 3525 3836 3613; baseline -0.007 -12"><span class='ocrx_word' id='word_1_548' title='bbox 446 3546 658 3612; x_wconf 77' lang='grc' dir='ltr'>θόντος</span> <span class='ocrx_word' id='word_1_549' title='bbox 712 3525 800 3612; x_wconf 74' lang='grc' dir='ltr'>εὶς</span> <span class='ocrx_word' id='word_1_550' title='bbox 851 3543 969 3613; x_wconf 78' lang='grc' dir='ltr'>τὴν</span> <span class='ocrx_word' id='word_1_551' title='bbox 1013 3543 1354 3610; x_wconf 74' lang='grc' dir='ltr'>ἐκκλησίαν</span> <span class='ocrx_word' id='word_1_552' title='bbox 1410 3540 1509 3593; x_wconf 79' lang='grc' dir='ltr'>καὶ</span> <span class='ocrx_word' id='word_1_553' title='bbox 1559 3538 2116 3607; x_wconf 78' lang='grc' dir='ltr'>παρακαλέσαντος,</span> <span class='ocrx_word' id='word_1_554' title='bbox 2156 3535 2376 3607; x_wconf 81' lang='grc' dir='ltr'>ἐλέχθη</span> <span class='ocrx_word' id='word_1_555' title='bbox 2407 3537 2445 3605; x_wconf 76' lang='grc' dir='ltr'>ἡ</span> <span class='ocrx_word' id='word_1_556' title='bbox 2474 3533 2755 3605; x_wconf 82' lang='grc' dir='ltr'>παροῦσα</span> <span class='ocrx_word' id='word_1_557' title='bbox 2783 3533 3013 3604; x_wconf 75' lang='grc' dir='ltr'>ὁμιλία·</span> <span class='ocrx_word' id='word_1_558' title='bbox 3041 3530 3139 3586; x_wconf 80' lang='grc' dir='ltr'>καὶ</span> <span class='ocrx_word' id='word_1_559' title='bbox 3166 3527 3299 3599; x_wconf 76' lang='grc' dir='ltr'>περὶ</span> <span class='ocrx_word' id='word_1_560' title='bbox 3325 3527 3433 3581; x_wconf 85' lang='grc' dir='ltr'>τοῦ</span> <span class='ocrx_word' id='word_1_561' title='bbox 3448 3525 3534 3596; x_wconf 75' lang='grc' dir='ltr'>μὴ</span> <span class='ocrx_word' id='word_1_562' title='bbox 3559 3525 3836 3595; x_wconf 71' lang='grc' dir='ltr'>ὀμνύναι·</span> 
     </span>
    </p>
   </div>
   <div class='ocr_carea' id='block_1_67' title="bbox 446 3628 2645 3706">
    <p class='ocr_par' dir='ltr' id='par_1_67' title="bbox 446 3628 2645 3706">
     <span class='ocr_line' id='line_1_68' title="bbox 446 3628 2645 3706; baseline -0.004 -16"><span class='ocrx_word' id='word_1_563' title='bbox 446 3638 544 3693; x_wconf 68' lang='grc' dir='ltr'>καὶ</span> <span class='ocrx_word' id='word_1_564' title='bbox 575 3641 663 3704; x_wconf 79' lang='grc' dir='ltr'>είς</span> <span class='ocrx_word' id='word_1_565' title='bbox 710 3637 776 3692; x_wconf 84' lang='grc' dir='ltr'>τὸ</span> <span class='ocrx_word' id='word_1_566' title='bbox 813 3635 1000 3706; x_wconf 75' lang='grc' dir='ltr'>ῥητὸν</span> <span class='ocrx_word' id='word_1_567' title='bbox 1046 3633 1155 3689; x_wconf 85' lang='grc' dir='ltr'>τοῦ</span> <span class='ocrx_word' id='word_1_568' title='bbox 1207 3633 1604 3699; x_wconf 73' lang='grc' dir='ltr'>Ἀποστόλου,</span> <span class='ocrx_word' id='word_1_569' title='bbox 1646 3629 1855 3694; x_wconf 82' lang='grc' dir='ltr'>Παῦλος</span> <span class='ocrx_word' id='word_1_570' title='bbox 1895 3629 2119 3701; x_wconf 85' lang='grc' dir='ltr'>δέσμιος</span> <span class='ocrx_word' id='word_1_571' title='bbox 2170 3630 2346 3700; x_wconf 84' lang='grc' dir='ltr'>Ἰησοῦ</span> <span class='ocrx_word' id='word_1_572' title='bbox 2386 3628 2645 3701; x_wconf 85' lang='grc' dir='ltr'>Χριστοῦ.</span> 
     </span>
    </p>
   </div>
   <div class='ocr_carea' id='block_1_68' title="bbox 1045 3952 1408 4024">
    <p class='ocr_par' dir='ltr' id='par_1_68' title="bbox 1045 3952 1408 4024">
     <span class='ocr_line' id='line_1_69' title="bbox 1045 3952 1408 4024; baseline -0.008 -16"><span class='ocrx_word' id='word_1_573' title='bbox 1045 3952 1278 4024; x_wconf 77' lang='grc' dir='ltr'>Ὀμιλία</span> <span class='ocrx_word' id='word_1_574' title='bbox 1308 3959 1408 4021; x_wconf 81' lang='grc' dir='ltr'>ις’.</span> 
     </span>
    </p>
   </div>
   <div class='ocr_carea' id='block_1_69' title="bbox 443 4037 2049 4119">
    <p class='ocr_par' dir='ltr' id='par_1_69' title="bbox 443 4037 2049 4119">
     <span class='ocr_line' id='line_1_70' title="bbox 443 4037 2049 4119; baseline -0.006 -18"><span class='ocrx_word' id='word_1_575' title='bbox 443 4056 513 4103; x_wconf 85' lang='grc' dir='ltr'>α’.</span> <span class='ocrx_word' id='word_1_576' title='bbox 551 4048 654 4102; x_wconf 82' lang='grc' dir='ltr'>Τὸν</span> <span class='ocrx_word' id='word_1_577' title='bbox 674 4046 912 4119; x_wconf 77' lang='grc' dir='ltr'>ἄρχοντα</span> <span class='ocrx_word' id='word_1_578' title='bbox 942 4047 1040 4115; x_wconf 86' lang='grc' dir='ltr'>μέν</span> <span class='ocrx_word' id='word_1_579' title='bbox 1075 4040 1315 4113; x_wconf 75' lang='grc' dir='ltr'>ἐπῄνεσα</span> <span class='ocrx_word' id='word_1_580' title='bbox 1342 4038 1441 4110; x_wconf 83' lang='grc' dir='ltr'>τῆς</span> <span class='ocrx_word' id='word_1_581' title='bbox 1468 4037 1817 4110; x_wconf 86' lang='grc' dir='ltr'>κηδεμονίας,</span> <span class='ocrx_word' id='word_1_582' title='bbox 1845 4037 1928 4091; x_wconf 80' lang='grc' dir='ltr'>ὅτι</span> <span class='ocrx_word' id='word_1_583' title='bbox 1961 4054 2049 4092; x_wconf 84' lang='grc' dir='ltr'>τε·</span> 
     </span>
    </p>
   </div>
   <div class='ocr_carea' id='block_1_70' title="bbox 369 4125 2050 4208">
    <p class='ocr_par' dir='ltr' id='par_1_70' title="bbox 369 4125 2050 4208">
     <span class='ocr_line' id='line_1_71' title="bbox 369 4125 2050 4208; baseline -0.008 -17"><span class='ocrx_word' id='word_1_584' title='bbox 369 4135 575 4208; x_wconf 79' lang='grc' dir='ltr'>θορυϐη</span> <span class='ocrx_word' id='word_1_585' title='bbox 584 4134 753 4207; x_wconf 83' lang='grc' dir='ltr'>μένην</span> <span class='ocrx_word' id='word_1_586' title='bbox 769 4133 869 4205; x_wconf 84' lang='grc' dir='ltr'>τὴν</span> <span class='ocrx_word' id='word_1_587' title='bbox 895 4130 1053 4185; x_wconf 88' lang='grc' dir='ltr'>πόλιν</span> <span class='ocrx_word' id='word_1_588' title='bbox 1078 4128 1202 4184; x_wconf 80' lang='grc' dir='ltr'>ἰδὼν</span> <span class='ocrx_word' id='word_1_589' title='bbox 1222 4127 1318 4183; x_wconf 63' lang='grc' dir='ltr'>καὶ¹</span> <span class='ocrx_word' id='word_1_590' title='bbox 1341 4126 1549 4191; x_wconf 87' lang='grc' dir='ltr'>πάντας</span> <span class='ocrx_word' id='word_1_591' title='bbox 1564 4126 1695 4198; x_wconf 73' lang='grc' dir='ltr'>περὶ</span> <span class='ocrx_word' id='word_1_592' title='bbox 1714 4127 1892 4197; x_wconf 79' lang='grc' dir='ltr'>φυγῆς</span> <span class='ocrx_word' id='word_1_593' title='bbox 1922 4125 2015 4196; x_wconf 86' lang='grc' dir='ltr'>βου</span> <span class='ocrx_word' id='word_1_594' title='bbox 2031 4155 2050 4168; x_wconf 86' lang='grc'><strong><em>-</em></strong></span> 
     </span>
    </p>
   </div>
   <div class='ocr_carea' id='block_1_71' title="bbox 368 4213 2050 4295">
    <p class='ocr_par' dir='ltr' id='par_1_71' title="bbox 368 4213 2050 4295">
     <span class='ocr_line' id='line_1_72' title="bbox 368 4213 2050 4295; baseline -0.006 -18"><span class='ocrx_word' id='word_1_595' title='bbox 368 4224 713 4295; x_wconf 82' lang='grc' dir='ltr'>λευομένους,</span> <span class='ocrx_word' id='word_1_596' title='bbox 731 4218 989 4277; x_wconf 79' lang='grc' dir='ltr'>εἰσελθὼν</span> <span class='ocrx_word' id='word_1_597' title='bbox 1004 4217 1347 4291; x_wconf 77' lang='grc' dir='ltr'>παρεκάλεσέ</span> <span class='ocrx_word' id='word_1_598' title='bbox 1361 4233 1422 4270; x_wconf 90' lang='grc' dir='ltr'>τε</span> <span class='ocrx_word' id='word_1_599' title='bbox 1440 4215 1586 4286; x_wconf 82' lang='grc' dir='ltr'>ὑμᾶς</span> <span class='ocrx_word' id='word_1_600' title='bbox 1601 4214 1697 4269; x_wconf 72' lang='grc' dir='ltr'>καὶ</span> <span class='ocrx_word' id='word_1_601' title='bbox 1712 4215 1792 4277; x_wconf 85' lang='grc' dir='ltr'>είς</span> <span class='ocrx_word' id='word_1_602' title='bbox 1802 4213 2050 4285; x_wconf 84' lang='grc' dir='ltr'>χρηστὰς</span> 
     </span>
    </p>
   </div>
   <div class='ocr_carea' id='block_1_72' title="bbox 368 4301 2042 4383">
    <p class='ocr_par' dir='ltr' id='par_1_72' title="bbox 368 4301 2042 4383">
     <span class='ocr_line' id='line_1_73' title="bbox 368 4301 2042 4383; baseline -0.007 -16"><span class='ocrx_word' id='word_1_603' title='bbox 368 4315 574 4383; x_wconf 82' lang='grc' dir='ltr'>ήγαγεν</span> <span class='ocrx_word' id='word_1_604' title='bbox 593 4312 832 4376; x_wconf 83' lang='grc' dir='ltr'>ἐλπίδας·</span> <span class='ocrx_word' id='word_1_605' title='bbox 866 4309 1009 4381; x_wconf 80' lang='grc' dir='ltr'>ὑπὲρ</span> <span class='ocrx_word' id='word_1_606' title='bbox 1032 4309 1185 4380; x_wconf 86' lang='grc' dir='ltr'>ὑμῶν</span> <span class='ocrx_word' id='word_1_607' title='bbox 1213 4307 1270 4362; x_wconf 81' lang='grc' dir='ltr'>δὲ</span> <span class='ocrx_word' id='word_1_608' title='bbox 1299 4304 1576 4378; x_wconf 76' lang='grc' dir='ltr'>ᾐσχύνθην</span> <span class='ocrx_word' id='word_1_609' title='bbox 1598 4303 1693 4358; x_wconf 70' lang='grc' dir='ltr'>καὶ</span> <span class='ocrx_word' id='word_1_610' title='bbox 1715 4301 2042 4374; x_wconf 79' lang='grc' dir='ltr'>ἠρυθρίασα,</span> 
     </span>
    </p>
   </div>
   <div class='ocr_carea' id='block_1_73' title="bbox 368 4390 2044 4470">
    <p class='ocr_par' dir='ltr' id='par_1_73' title="bbox 368 4390 2044 4470">
     <span class='ocr_line' id='line_1_74' title="bbox 368 4390 2044 4470; baseline -0.006 -16"><span class='ocrx_word' id='word_1_611' title='bbox 368 4402 452 4454; x_wconf 85' lang='grc' dir='ltr'>ὅτι</span> <span class='ocrx_word' id='word_1_612' title='bbox 480 4400 581 4470; x_wconf 84' lang='grc' dir='ltr'>τῆς</span> <span class='ocrx_word' id='word_1_613' title='bbox 605 4398 802 4464; x_wconf 76' lang='grc' dir='ltr'>ἔξωθεν</span> <span class='ocrx_word' id='word_1_614' title='bbox 838 4395 1098 4468; x_wconf 86' lang='grc' dir='ltr'>ἐδεήθητε</span> <span class='ocrx_word' id='word_1_615' title='bbox 1146 4393 1554 4466; x_wconf 87' lang='grc' dir='ltr'>παρακλήσεως</span> <span class='ocrx_word' id='word_1_616' title='bbox 1589 4390 1728 4463; x_wconf 88' lang='grc' dir='ltr'>μετά</span> <span class='ocrx_word' id='word_1_617' title='bbox 1756 4391 1882 4454; x_wconf 81' lang='grc' dir='ltr'>τοὺς</span> <span class='ocrx_word' id='word_1_618' title='bbox 1911 4390 2044 4445; x_wconf 88' lang='grc' dir='ltr'>πολ-</span> 
     </span>
    </p>
   </div>
   <div class='ocr_carea' id='block_1_74' title="bbox 367 4480 2045 4559">
    <p class='ocr_par' dir='ltr' id='par_1_74' title="bbox 367 4480 2045 4559">
     <span class='ocr_line' id='line_1_75' title="bbox 367 4480 2045 4559; baseline -0.005 -14"><span class='ocrx_word' id='word_1_619' title='bbox 367 4493 493 4554; x_wconf 73' lang='grc' dir='ltr'>λοὺς</span> <span class='ocrx_word' id='word_1_620' title='bbox 533 4490 629 4544; x_wconf 72' lang='grc' dir='ltr'>καὶ</span> <span class='ocrx_word' id='word_1_621' title='bbox 655 4488 898 4559; x_wconf 82' lang='grc' dir='ltr'>μακροὺς</span> <span class='ocrx_word' id='word_1_622' title='bbox 935 4487 1127 4554; x_wconf 85' lang='grc' dir='ltr'>λόγους</span> <span class='ocrx_word' id='word_1_623' title='bbox 1159 4486 1419 4548; x_wconf 87' lang='grc' dir='ltr'>ἐκείνους.</span> <span class='ocrx_word' id='word_1_624' title='bbox 1472 4480 1738 4553; x_wconf 83' lang='grc' dir='ltr'>Ηύξάμην</span> <span class='ocrx_word' id='word_1_625' title='bbox 1763 4481 2045 4552; x_wconf 79' lang='grc' dir='ltr'>διαστῆναι</span> 
     </span>
    </p>
   </div>
   <div class='ocr_carea' id='block_1_75' title="bbox 370 4569 2047 4650">
    <p class='ocr_par' dir='ltr' id='par_1_75' title="bbox 370 4569 2047 4650">
     <span class='ocr_line' id='line_1_76' title="bbox 370 4569 2047 4650; baseline -0.004 -19"><span class='ocrx_word' id='word_1_626' title='bbox 370 4598 463 4650; x_wconf 82' lang='grc' dir='ltr'>μοι</span> <span class='ocrx_word' id='word_1_627' title='bbox 494 4580 593 4648; x_wconf 79' lang='grc' dir='ltr'>τὴν</span> <span class='ocrx_word' id='word_1_628' title='bbox 614 4577 718 4647; x_wconf 88' lang='grc' dir='ltr'>γῆν</span> <span class='ocrx_word' id='word_1_629' title='bbox 745 4576 841 4629; x_wconf 79' lang='grc' dir='ltr'>καὶ</span> <span class='ocrx_word' id='word_1_630' title='bbox 854 4574 1170 4638; x_wconf 88' lang='grc' dir='ltr'>καταδῦναι,</span> <span class='ocrx_word' id='word_1_631' title='bbox 1199 4573 1289 4626; x_wconf 77' lang='grc' dir='ltr'>ὅτε</span> <span class='ocrx_word' id='word_1_632' title='bbox 1312 4573 1510 4643; x_wconf 77' lang='grc' dir='ltr'>ἢκουον</span> <span class='ocrx_word' id='word_1_633' title='bbox 1542 4569 1707 4623; x_wconf 86' lang='grc' dir='ltr'>αὐτοῦ</span> <span class='ocrx_word' id='word_1_634' title='bbox 1741 4569 1878 4642; x_wconf 83' lang='grc' dir='ltr'>πρὸς</span> <span class='ocrx_word' id='word_1_635' title='bbox 1900 4570 2047 4641; x_wconf 82' lang='grc' dir='ltr'>ὑμᾶς</span> 
     </span>
    </p>
   </div>
   <div class='ocr_carea' id='block_1_76' title="bbox 364 4657 2045 4734">
    <p class='ocr_par' dir='ltr' id='par_1_76' title="bbox 364 4657 2045 4734">
     <span class='ocr_line' id='line_1_77' title="bbox 364 4657 2045 4734; baseline -0.005 -16"><span class='ocrx_word' id='word_1_636' title='bbox 364 4662 767 4734; x_wconf 84' lang='grc' dir='ltr'>διαλεγομένου,</span> <span class='ocrx_word' id='word_1_637' title='bbox 807 4661 903 4715; x_wconf 73' lang='grc' dir='ltr'>καὶ</span> <span class='ocrx_word' id='word_1_638' title='bbox 933 4660 1028 4715; x_wconf 90' lang='grc' dir='ltr'>νῦν</span> <span class='ocrx_word' id='word_1_639' title='bbox 1087 4660 1186 4732; x_wconf 84' lang='grc' dir='ltr'>μὲν</span> <span class='ocrx_word' id='word_1_640' title='bbox 1229 4657 1723 4730; x_wconf 85' lang='grc' dir='ltr'>παραμυθουμένου</span> <span class='ocrx_word' id='word_1_641' title='bbox 1760 4657 1812 4719; x_wconf 73' lang='grc' dir='ltr'>ιι,</span> <span class='ocrx_word' id='word_1_642' title='bbox 1858 4657 1954 4710; x_wconf 85' lang='grc' dir='ltr'>νῦν</span> <span class='ocrx_word' id='word_1_643' title='bbox 1988 4657 2045 4711; x_wconf 79' lang='grc' dir='ltr'>δὲ</span> 
     </span>
    </p>
   </div>
   <div class='ocr_carea' id='block_1_77' title="bbox 363 4745 2041 4823">
    <p class='ocr_par' dir='ltr' id='par_1_77' title="bbox 363 4745 2041 4823">
     <span class='ocr_line' id='line_1_78' title="bbox 363 4745 2041 4823; baseline -0.005 -17"><span class='ocrx_word' id='word_1_644' title='bbox 363 4751 690 4823; x_wconf 75' lang='grc' dir='ltr'>αἰτιωμένου</span> <span class='ocrx_word' id='word_1_645' title='bbox 727 4749 827 4822; x_wconf 85' lang='grc' dir='ltr'>τὴν</span> <span class='ocrx_word' id='word_1_646' title='bbox 864 4749 1092 4821; x_wconf 79' lang='grc' dir='ltr'>ἄκαιρον</span> <span class='ocrx_word' id='word_1_647' title='bbox 1137 4746 1340 4817; x_wconf 89' lang='grc' dir='ltr'>ταύτην</span> <span class='ocrx_word' id='word_1_648' title='bbox 1369 4746 1462 4801; x_wconf 82' lang='grc' dir='ltr'>καί</span> <span class='ocrx_word' id='word_1_649' title='bbox 1490 4746 1681 4815; x_wconf 84' lang='grc' dir='ltr'>άλογον</span> <span class='ocrx_word' id='word_1_650' title='bbox 1714 4745 1935 4800; x_wconf 86' lang='grc' dir='ltr'>δειλίαν.</span> <span class='ocrx_word' id='word_1_651' title='bbox 1965 4746 2041 4799; x_wconf 90' lang='grc' dir='ltr'>Οὐ</span> 
     </span>
    </p>
   </div>
   <div class='ocr_carea' id='block_1_78' title="bbox 362 4833 2043 4913">
    <p class='ocr_par' dir='ltr' id='par_1_78' title="bbox 362 4833 2043 4913">
     <span class='ocr_line' id='line_1_79' title="bbox 362 4833 2043 4913; baseline -0.006 -17"><span class='ocrx_word' id='word_1_652' title='bbox 362 4842 473 4913; x_wconf 82' lang='grc' dir='ltr'>γάρ</span> <span class='ocrx_word' id='word_1_653' title='bbox 500 4841 647 4912; x_wconf 74' lang='grc' dir='ltr'>ὑμᾶς</span> <span class='ocrx_word' id='word_1_654' title='bbox 672 4841 802 4911; x_wconf 89' lang='grc' dir='ltr'>παρ’</span> <span class='ocrx_word' id='word_1_655' title='bbox 832 4838 1045 4893; x_wconf 86' lang='grc' dir='ltr'>ἐκείνου</span> <span class='ocrx_word' id='word_1_656' title='bbox 1069 4834 1419 4891; x_wconf 82' lang='grc' dir='ltr'>διδάσκεσθαι</span> <span class='ocrx_word' id='word_1_657' title='bbox 1446 4833 1573 4896; x_wconf 75' lang='grc' dir='ltr'>ἔδει,</span> <span class='ocrx_word' id='word_1_658' title='bbox 1619 4833 1732 4887; x_wconf 87' lang='grc' dir='ltr'>ἀλλ’</span> <span class='ocrx_word' id='word_1_659' title='bbox 1758 4834 1903 4904; x_wconf 83' lang='grc' dir='ltr'>ὑμᾶς</span> <span class='ocrx_word' id='word_1_660' title='bbox 1931 4836 2043 4898; x_wconf 80' lang='grc' dir='ltr'>τοῖς</span> 
     </span>
    </p>
   </div>
   <div class='ocr_carea' id='block_1_79' title="bbox 361 4920 2042 4998">
    <p class='ocr_par' dir='ltr' id='par_1_79' title="bbox 361 4920 2042 4998">
     <span class='ocr_line' id='line_1_80' title="bbox 361 4920 2042 4998; baseline -0.005 -13"><span class='ocrx_word' id='word_1_661' title='bbox 361 4930 610 4993; x_wconf 82' lang='grc' dir='ltr'>ἀπίστοις</span> <span class='ocrx_word' id='word_1_662' title='bbox 631 4929 802 4984; x_wconf 83' lang='grc' dir='ltr'>άπασι</span> <span class='ocrx_word' id='word_1_663' title='bbox 827 4925 1070 4998; x_wconf 84' lang='grc' dir='ltr'>γίνεσθαι</span> <span class='ocrx_word' id='word_1_664' title='bbox 1099 4923 1470 4986; x_wconf 87' lang='grc' dir='ltr'>διδασκάλους.</span> <span class='ocrx_word' id='word_1_665' title='bbox 1492 4922 1565 4976; x_wconf 88' lang='grc' dir='ltr'>Οὐ</span> <span class='ocrx_word' id='word_1_666' title='bbox 1596 4920 1704 4993; x_wconf 82' lang='grc' dir='ltr'>γάρ</span> <span class='ocrx_word' id='word_1_667' title='bbox 1726 4921 2042 4987; x_wconf 79' lang='grc' dir='ltr'>δικάζεσθαι</span> 
     </span>
    </p>
   </div>
   <div class='ocr_carea' id='block_1_80' title="bbox 360 5010 2039 5089">
    <p class='ocr_par' dir='ltr' id='par_1_80' title="bbox 360 5010 2039 5089">
     <span class='ocr_line' id='line_1_81' title="bbox 360 5010 2039 5089; baseline -0.004 -18"><span class='ocrx_word' id='word_1_668' title='bbox 360 5017 515 5089; x_wconf 76' lang='grc' dir='ltr'>παρὰ</span> <span class='ocrx_word' id='word_1_669' title='bbox 536 5020 648 5081; x_wconf 81' lang='grc' dir='ltr'>τοῖς</span> <span class='ocrx_word' id='word_1_670' title='bbox 676 5017 925 5080; x_wconf 88' lang='grc' dir='ltr'>ἀπίστοις</span> <span class='ocrx_word' id='word_1_671' title='bbox 950 5018 982 5069; x_wconf 88' lang='grc' dir='ltr'>ὀ</span> <span class='ocrx_word' id='word_1_672' title='bbox 1011 5014 1221 5078; x_wconf 86' lang='grc' dir='ltr'>Παῦλος</span> <span class='ocrx_word' id='word_1_673' title='bbox 1272 5011 1563 5083; x_wconf 81' lang='grc' dir='ltr'>ἐπέτρεψε·</span> <span class='ocrx_word' id='word_1_674' title='bbox 1598 5012 1663 5066; x_wconf 76' lang='grc' dir='ltr'>σὺ</span> <span class='ocrx_word' id='word_1_675' title='bbox 1696 5010 1754 5065; x_wconf 85' lang='grc' dir='ltr'>δὲ</span> <span class='ocrx_word' id='word_1_676' title='bbox 1782 5010 2039 5065; x_wconf 85' lang='grc' dir='ltr'>διδασκά-</span> 
     </span>
    </p>
   </div>
   <div class='ocr_carea' id='block_1_81' title="bbox 359 5099 2041 5178">
    <p class='ocr_par' dir='ltr' id='par_1_81' title="bbox 359 5099 2041 5178">
     <span class='ocr_line' id='line_1_82' title="bbox 359 5099 2041 5178; baseline -0.006 -16"><span class='ocrx_word' id='word_1_677' title='bbox 359 5109 467 5163; x_wconf 89' lang='grc' dir='ltr'>λων</span> <span class='ocrx_word' id='word_1_678' title='bbox 497 5109 607 5163; x_wconf 87' lang='grc' dir='ltr'>τῶν</span> <span class='ocrx_word' id='word_1_679' title='bbox 628 5107 827 5172; x_wconf 70' lang='grc' dir='ltr'>ἔξωθεν</span> <span class='ocrx_word' id='word_1_680' title='bbox 849 5106 1076 5178; x_wconf 87' lang='grc' dir='ltr'>ἐδεήθης</span> <span class='ocrx_word' id='word_1_681' title='bbox 1103 5104 1244 5176; x_wconf 86' lang='grc' dir='ltr'>μετά</span> <span class='ocrx_word' id='word_1_682' title='bbox 1291 5104 1391 5173; x_wconf 83' lang='grc' dir='ltr'>τὴν</span> <span class='ocrx_word' id='word_1_683' title='bbox 1421 5100 1691 5170; x_wconf 89' lang='grc' dir='ltr'>τοσαύτην</span> <span class='ocrx_word' id='word_1_684' title='bbox 1729 5099 1840 5154; x_wconf 88' lang='grc' dir='ltr'>τῶν</span> <span class='ocrx_word' id='word_1_685' title='bbox 1873 5100 2041 5154; x_wconf 73' lang='grc' dir='ltr'>πατέ-</span> 
     </span>
    </p>
   </div>
   <div class='ocr_carea' id='block_1_82' title="bbox 364 5189 2041 5269">
    <p class='ocr_par' dir='ltr' id='par_1_82' title="bbox 364 5189 2041 5269">
     <span class='ocr_line' id='line_1_83' title="bbox 364 5189 2041 5269; baseline -0.004 -19"><span class='ocrx_word' id='word_1_686' title='bbox 364 5214 473 5269; x_wconf 88' lang='grc' dir='ltr'>ρων</span> <span class='ocrx_word' id='word_1_687' title='bbox 502 5196 841 5268; x_wconf 88' lang='grc' dir='ltr'>παραίνεσιν,</span> <span class='ocrx_word' id='word_1_688' title='bbox 877 5195 973 5249; x_wconf 75' lang='grc' dir='ltr'>καὶ</span> <span class='ocrx_word' id='word_1_689' title='bbox 1009 5193 1274 5267; x_wconf 81' lang='grc' dir='ltr'>δραπέται</span> <span class='ocrx_word' id='word_1_690' title='bbox 1304 5191 1399 5245; x_wconf 71' lang='grc' dir='ltr'>καὶ</span> <span class='ocrx_word' id='word_1_691' title='bbox 1436 5189 1721 5261; x_wconf 86' lang='grc' dir='ltr'>μαστιγίαι</span> <span class='ocrx_word' id='word_1_692' title='bbox 1757 5189 1901 5253; x_wconf 83' lang='grc' dir='ltr'>τινὲς</span> <span class='ocrx_word' id='word_1_693' title='bbox 1942 5190 2041 5243; x_wconf 87' lang='grc' dir='ltr'>πό-</span> 
     </span>
    </p>
   </div>
   <div class='ocr_carea' id='block_1_83' title="bbox 359 5277 2033 5354">
    <p class='ocr_par' dir='ltr' id='par_1_83' title="bbox 359 5277 2033 5354">
     <span class='ocr_line' id='line_1_84' title="bbox 359 5277 2033 5354; baseline -0.004 -15"><span class='ocrx_word' id='word_1_694' title='bbox 359 5286 442 5339; x_wconf 90' lang='grc' dir='ltr'>λιν</span> <span class='ocrx_word' id='word_1_695' title='bbox 493 5283 761 5353; x_wconf 86' lang='grc' dir='ltr'>τοσαύτην</span> <span class='ocrx_word' id='word_1_696' title='bbox 818 5284 1203 5354; x_wconf 86' lang='grc' dir='ltr'>ἀνεπτέρωσαν</span> <span class='ocrx_word' id='word_1_697' title='bbox 1260 5281 1355 5334; x_wconf 74' lang='grc' dir='ltr'>καὶ</span> <span class='ocrx_word' id='word_1_698' title='bbox 1402 5281 1483 5345; x_wconf 87' lang='grc' dir='ltr'>είς</span> <span class='ocrx_word' id='word_1_699' title='bbox 1524 5277 1700 5351; x_wconf 75' lang='grc' dir='ltr'>φυγήν</span> <span class='ocrx_word' id='word_1_700' title='bbox 1760 5277 2033 5333; x_wconf 78' lang='grc' dir='ltr'>ἐνέϐαλον.</span> 
     </span>
    </p>
   </div>
   <div class='ocr_carea' id='block_1_84' title="bbox 357 5364 2038 5444">
    <p class='ocr_par' dir='ltr' id='par_1_84' title="bbox 357 5364 2038 5444">
     <span class='ocr_line' id='line_1_85' title="bbox 357 5364 2038 5444; baseline -0.006 -16"><span class='ocrx_word' id='word_1_701' title='bbox 357 5374 540 5438; x_wconf 79' lang='grc' dir='ltr'>Ποίοις</span> <span class='ocrx_word' id='word_1_702' title='bbox 565 5372 865 5444; x_wconf 85' lang='grc' dir='ltr'>ὀφθαλμοῖς</span> <span class='ocrx_word' id='word_1_703' title='bbox 912 5370 1307 5440; x_wconf 74' lang='grc' dir='ltr'>ἀντιϐλέψομεν</span> <span class='ocrx_word' id='word_1_704' title='bbox 1338 5368 1524 5421; x_wconf 80' lang='grc' dir='ltr'>λοιπὸν</span> <span class='ocrx_word' id='word_1_705' title='bbox 1573 5367 1702 5430; x_wconf 82' lang='grc' dir='ltr'>τοὺς</span> <span class='ocrx_word' id='word_1_706' title='bbox 1727 5364 1878 5438; x_wconf 76' lang='grc'><strong>[161]</strong></span> <span class='ocrx_word' id='word_1_707' title='bbox 1910 5366 2038 5419; x_wconf 87' lang='grc' dir='ltr'>ἀπί-</span> 
     </span>
    </p>
   </div>
   <div class='ocr_carea' id='block_1_85' title="bbox 358 5451 2036 5528">
    <p class='ocr_par' dir='ltr' id='par_1_85' title="bbox 358 5451 2036 5528">
     <span class='ocr_line' id='line_1_86' title="bbox 358 5451 2036 5528; baseline -0.005 -14"><span class='ocrx_word' id='word_1_708' title='bbox 358 5478 517 5526; x_wconf 86' lang='grc' dir='ltr'>στους</span> <span class='ocrx_word' id='word_1_709' title='bbox 549 5472 597 5527; x_wconf 70' lang='grc' dir='ltr'>ε,</span> <span class='ocrx_word' id='word_1_710' title='bbox 637 5460 787 5516; x_wconf 72' lang='grc' dir='ltr'>οὕτω</span> <span class='ocrx_word' id='word_1_711' title='bbox 810 5457 1092 5528; x_wconf 77' lang='grc' dir='ltr'>ψοφοδεεῖς</span> <span class='ocrx_word' id='word_1_712' title='bbox 1117 5456 1270 5520; x_wconf 73' lang='grc' dir='ltr'>ὅντες</span> <span class='ocrx_word' id='word_1_713' title='bbox 1300 5454 1393 5509; x_wconf 75' lang='grc' dir='ltr'>καὶ</span> <span class='ocrx_word' id='word_1_714' title='bbox 1423 5453 1585 5508; x_wconf 85' lang='grc' dir='ltr'>δειλοί</span> <span class='ocrx_word' id='word_1_715' title='bbox 1609 5469 1623 5519; x_wconf 89' lang='grc'><strong>;</strong></span> <span class='ocrx_word' id='word_1_716' title='bbox 1656 5452 1786 5524; x_wconf 82' lang='grc' dir='ltr'>ποίᾳ</span> <span class='ocrx_word' id='word_1_717' title='bbox 1820 5451 2036 5525; x_wconf 85' lang='grc' dir='ltr'>γλώττῃ</span> 
     </span>
    </p>
   </div>
   <div class='ocr_carea' id='block_1_86' title="bbox 358 5541 2035 5620">
    <p class='ocr_par' dir='ltr' id='par_1_86' title="bbox 358 5541 2035 5620">
     <span class='ocr_line' id='line_1_87' title="bbox 358 5541 2035 5620; baseline -0.004 -20"><span class='ocrx_word' id='word_1_718' title='bbox 358 5550 492 5620; x_wconf 71' lang='grc' dir='ltr'>πρὸς</span> <span class='ocrx_word' id='word_1_719' title='bbox 541 5549 738 5613; x_wconf 82' lang='grc' dir='ltr'>αὐτοὺς</span> <span class='ocrx_word' id='word_1_720' title='bbox 762 5545 1141 5617; x_wconf 78' lang='grc' dir='ltr'>διαλεξόμεθα,</span> <span class='ocrx_word' id='word_1_721' title='bbox 1182 5545 1278 5598; x_wconf 80' lang='grc' dir='ltr'>καὶ</span> <span class='ocrx_word' id='word_1_722' title='bbox 1325 5543 1588 5612; x_wconf 81' lang='grc' dir='ltr'>πείσομεν</span> <span class='ocrx_word' id='word_1_723' title='bbox 1638 5541 1865 5614; x_wconf 74' lang='grc' dir='ltr'>θαρρεῖν</span> <span class='ocrx_word' id='word_1_724' title='bbox 1892 5541 2035 5612; x_wconf 83' lang='grc' dir='ltr'>ὑπὲρ</span> 
     </span>
    </p>
   </div>
   <div class='ocr_carea' id='block_1_87' title="bbox 422 5661 2033 5731">
    <p class='ocr_par' dir='ltr' id='par_1_87' title="bbox 422 5661 2033 5731">
     <span class='ocr_line' id='line_1_88' title="bbox 422 5661 2033 5731; baseline -0.002 -16"><span class='ocrx_word' id='word_1_725' title='bbox 422 5668 436 5692; x_wconf 86' lang='grc'><strong><em>’</em></strong></span> <span class='ocrx_word' id='word_1_726' title='bbox 459 5670 573 5717; x_wconf 71' lang='lat' dir='ltr'>Sav.</span> <span class='ocrx_word' id='word_1_727' title='bbox 598 5678 652 5719; x_wconf 78' lang='lat' dir='ltr'>ct</span> <span class='ocrx_word' id='word_1_728' title='bbox 687 5669 886 5731; x_wconf 81' lang='lat' dir='ltr'><strong>quidam</strong></span> <span class='ocrx_word' id='word_1_729' title='bbox 926 5667 1008 5718; x_wconf 70' lang='lat' dir='ltr'>alii</span> <span class='ocrx_word' id='word_1_730' title='bbox 1041 5665 1128 5716; x_wconf 81' lang='grc' dir='ltr'>τοῦ</span> <span class='ocrx_word' id='word_1_731' title='bbox 1156 5666 1383 5727; x_wconf 83' lang='grc' dir='ltr'>κόμητος.</span> <span class='ocrx_word' id='word_1_732' title='bbox 1406 5663 1534 5715; x_wconf 81' lang='lat' dir='ltr'>Vide</span> <span class='ocrx_word' id='word_1_733' title='bbox 1567 5670 1733 5713; x_wconf 82' lang='lat' dir='ltr'><strong>nolam</strong></span> <span class='ocrx_word' id='word_1_734' title='bbox 1770 5661 2033 5713; x_wconf 81' lang='lat' dir='ltr'><strong>Frontonis</strong></span> 
     </span>
    </p>
   </div>
   <div class='ocr_carea' id='block_1_88' title="bbox 363 5725 1146 5803">
    <p class='ocr_par' dir='ltr' id='par_1_88' title="bbox 363 5725 1146 5803">
     <span class='ocr_line' id='line_1_89' title="bbox 363 5725 1146 5803; baseline -0.003 -25"><span class='ocrx_word' id='word_1_735' title='bbox 363 5725 611 5803; x_wconf 39' lang='grc' dir='ltr'>βεβρίθει</span> <span class='ocrx_word' id='word_1_736' title='bbox 637 5725 824 5803; x_wconf 62' lang='grc' dir='ltr'>ςεὶόθιη</span> <span class='ocrx_word' id='word_1_737' title='bbox 845 5731 993 5803; x_wconf 74' lang='lat' dir='ltr'><strong>hujus</strong></span> <span class='ocrx_word' id='word_1_738' title='bbox 1013 5731 1146 5779; x_wconf 82' lang='lat' dir='ltr'><strong>lomi.</strong></span> 
     </span>
    </p>
   </div>
   <div class='ocr_carea' id='block_1_89' title="bbox 420 5789 1024 5863">
    <p class='ocr_par' dir='ltr' id='par_1_89' title="bbox 420 5789 1024 5863">
     <span class='ocr_line' id='line_1_90' title="bbox 420 5789 1024 5863; baseline 0.002 -26"><span class='ocrx_word' id='word_1_739' title='bbox 420 5791 445 5863; x_wconf 57' lang='grc' dir='ltr'>[ι</span> <span class='ocrx_word' id='word_1_740' title='bbox 586 5789 1024 5863; x_wconf 67' lang='grc' dir='ltr'>παρακαλουμένου.</span> 
     </span>
    </p>
   </div>
   <div class='ocr_carea' id='block_1_90' title="bbox 419 5847 2030 5915">
    <p class='ocr_par' dir='ltr' id='par_1_90' title="bbox 419 5847 2030 5915">
     <span class='ocr_line' id='line_1_91' title="bbox 419 5847 2030 5915; baseline -0.003 -15"><span class='ocrx_word' id='word_1_741' title='bbox 419 5855 443 5884; x_wconf 73' lang='grc' dir='ltr'><strong>ε</strong></span> <span class='ocrx_word' id='word_1_742' title='bbox 471 5850 568 5901; x_wconf 65' lang='lat' dir='ltr'>Alii</span> <span class='ocrx_word' id='word_1_743' title='bbox 595 5847 692 5907; x_wconf 79' lang='grc' dir='ltr'>τοῖς</span> <span class='ocrx_word' id='word_1_744' title='bbox 720 5847 952 5908; x_wconf 79' lang='grc' dir='ltr'>ἀπίστοις.</span> <span class='ocrx_word' id='word_1_745' title='bbox 988 5851 1118 5904; x_wconf 68' lang='lat' dir='ltr'><strong>Intra</strong></span> <span class='ocrx_word' id='word_1_746' title='bbox 1141 5849 1336 5915; x_wconf 78' lang='lat' dir='ltr'>quidam</span> <span class='ocrx_word' id='word_1_747' title='bbox 1361 5850 1612 5912; x_wconf 73' lang='grc' dir='ltr'>δειλότεροι</span> <span class='ocrx_word' id='word_1_748' title='bbox 1642 5848 1756 5912; x_wconf 68' lang='grc' dir='ltr'>ὐπὲςι</span> <span class='ocrx_word' id='word_1_749' title='bbox 1790 5853 1871 5907; x_wconf 79' lang='grc' dir='ltr'>τῆς</span> <span class='ocrx_word' id='word_1_750' title='bbox 1904 5847 2030 5911; x_wconf 76' lang='grc' dir='ltr'>ἀγω-</span> 
     </span>
    </p>
   </div>
   <div class='ocr_carea' id='block_1_91' title="bbox 358 5930 474 5974">
    <p class='ocr_par' dir='ltr' id='par_1_91' title="bbox 358 5930 474 5974">
     <span class='ocr_line' id='line_1_92' title="bbox 358 5930 474 5974; baseline 0.026 -13"><span class='ocrx_word' id='word_1_751' title='bbox 358 5930 474 5974; x_wconf 74' lang='grc' dir='ltr'>νιας,</span> 
     </span>
    </p>
   </div>
   <div class='ocr_carea' id='block_1_92' title="bbox 2151 3959 3838 4036">
    <p class='ocr_par' dir='ltr' id='par_1_92' title="bbox 2151 3959 3838 4036">
     <span class='ocr_line' id='line_1_93' title="bbox 2151 3959 3838 4036; baseline -0.007 -13"><span class='ocrx_word' id='word_1_752' title='bbox 2151 3969 2260 4023; x_wconf 89' lang='grc' dir='ltr'>τῶν</span> <span class='ocrx_word' id='word_1_753' title='bbox 2288 3970 2550 4024; x_wconf 87' lang='grc' dir='ltr'>ἐπιόντων</span> <span class='ocrx_word' id='word_1_754' title='bbox 2570 3966 2780 4035; x_wconf 87' lang='grc' dir='ltr'>δεινῶν,</span> <span class='ocrx_word' id='word_1_755' title='bbox 2819 3963 3034 4036; x_wconf 87' lang='grc' dir='ltr'>λαγωοῦ</span> <span class='ocrx_word' id='word_1_756' title='bbox 3060 3963 3262 4027; x_wconf 80' lang='grc' dir='ltr'>παντὸς</span> <span class='ocrx_word' id='word_1_757' title='bbox 3293 3961 3585 4031; x_wconf 84' lang='grc' dir='ltr'>δειλότεροι</span> <span class='ocrx_word' id='word_1_758' title='bbox 3612 3960 3703 4014; x_wconf 83' lang='grc' dir='ltr'>διά</span> <span class='ocrx_word' id='word_1_759' title='bbox 3731 3959 3838 4031; x_wconf 86' lang='grc' dir='ltr'>τῆς</span> 
     </span>
    </p>
   </div>
   <div class='ocr_carea' id='block_1_93' title="bbox 2149 4047 3834 4127">
    <p class='ocr_par' dir='ltr' id='par_1_93' title="bbox 2149 4047 3834 4127">
     <span class='ocr_line' id='line_1_94' title="bbox 2149 4047 3834 4127; baseline -0.007 -16"><span class='ocrx_word' id='word_1_760' title='bbox 2149 4057 2390 4126; x_wconf 87' lang='grc' dir='ltr'>ἀγωνίας</span> <span class='ocrx_word' id='word_1_761' title='bbox 2417 4055 2697 4127; x_wconf 87' lang='grc' dir='ltr'>γενόμενοι</span> <span class='ocrx_word' id='word_1_762' title='bbox 2749 4054 2987 4126; x_wconf 80' lang='grc' dir='ltr'>ταύτηςς</span> <span class='ocrx_word' id='word_1_763' title='bbox 3035 4051 3149 4108; x_wconf 83' lang='lat' dir='ltr'><em>K61</em></span> <span class='ocrx_word' id='word_1_764' title='bbox 3194 4050 3248 4104; x_wconf 88' lang='grc' dir='ltr'>τί</span> <span class='ocrx_word' id='word_1_765' title='bbox 3287 4049 3572 4120; x_wconf 87' lang='grc' dir='ltr'>πάθωμεν,</span> <span class='ocrx_word' id='word_1_766' title='bbox 3625 4047 3834 4119; x_wconf 81' lang='grc' dir='ltr'>φησίν;</span> 
     </span>
    </p>
   </div>
   <div class='ocr_carea' id='block_1_94' title="bbox 2152 4134 3836 4216">
    <p class='ocr_par' dir='ltr' id='par_1_94' title="bbox 2152 4134 3836 4216">
     <span class='ocr_line' id='line_1_95' title="bbox 2152 4134 3836 4216; baseline -0.007 -18"><span class='ocrx_word' id='word_1_767' title='bbox 2152 4143 2463 4216; x_wconf 78' lang='grc' dir='ltr'>’Ἄνθρωποι</span> <span class='ocrx_word' id='word_1_768' title='bbox 2503 4144 2613 4215; x_wconf 90' lang='grc' dir='ltr'>γάρ</span> <span class='ocrx_word' id='word_1_769' title='bbox 2653 4144 2840 4214; x_wconf 87' lang='grc' dir='ltr'>ἐσμεν.</span> <span class='ocrx_word' id='word_1_770' title='bbox 2889 4139 2980 4196; x_wconf 76' lang='grc' dir='ltr'>Δι’⁸</span> <span class='ocrx_word' id='word_1_771' title='bbox 3007 4139 3141 4194; x_wconf 79' lang='grc' dir='ltr'>αὐτὸ</span> <span class='ocrx_word' id='word_1_772' title='bbox 3190 4138 3290 4210; x_wconf 87' lang='grc' dir='ltr'>μέν</span> <span class='ocrx_word' id='word_1_773' title='bbox 3317 4134 3412 4193; x_wconf 82' lang='grc' dir='ltr'>οὖν</span> <span class='ocrx_word' id='word_1_774' title='bbox 3440 4134 3599 4190; x_wconf 85' lang='grc' dir='ltr'>τοῦτο</span> <span class='ocrx_word' id='word_1_775' title='bbox 3622 4136 3684 4188; x_wconf 88' lang='grc' dir='ltr'>οὐ</span> <span class='ocrx_word' id='word_1_776' title='bbox 3724 4135 3836 4208; x_wconf 76' lang='grc' dir='ltr'>χρὴ</span> 
     </span>
    </p>
   </div>
   <div class='ocr_carea' id='block_1_95' title="bbox 2149 4222 3832 4305">
    <p class='ocr_par' dir='ltr' id='par_1_95' title="bbox 2149 4222 3832 4305">
     <span class='ocr_line' id='line_1_96' title="bbox 2149 4222 3832 4305; baseline -0.005 -19"><span class='ocrx_word' id='word_1_777' title='bbox 2149 4231 2516 4305; x_wconf 77' lang='grc' dir='ltr'>θορυϐεῖσθαι,</span> <span class='ocrx_word' id='word_1_778' title='bbox 2558 4230 2745 4302; x_wconf 84' lang='grc' dir='ltr'>ἐπειδὴ</span> <span class='ocrx_word' id='word_1_779' title='bbox 2793 4228 3073 4302; x_wconf 75' lang='grc' dir='ltr'>ἄνθρωποί</span> <span class='ocrx_word' id='word_1_780' title='bbox 3116 4229 3319 4299; x_wconf 89' lang='grc' dir='ltr'>ἐσμεν,</span> <span class='ocrx_word' id='word_1_781' title='bbox 3364 4225 3460 4279; x_wconf 68' lang='grc' dir='ltr'>καὶ</span> <span class='ocrx_word' id='word_1_782' title='bbox 3491 4224 3594 4277; x_wconf 89' lang='grc' dir='ltr'>οὐκ</span> <span class='ocrx_word' id='word_1_783' title='bbox 3632 4222 3832 4291; x_wconf 78' lang='grc' dir='ltr'>ἄλογα.</span> 
     </span>
    </p>
   </div>
   <div class='ocr_carea' id='block_1_96' title="bbox 2148 4310 3835 4389">
    <p class='ocr_par' dir='ltr' id='par_1_96' title="bbox 2148 4310 3835 4389">
     <span class='ocr_line' id='line_1_97' title="bbox 2148 4310 3835 4389; baseline -0.006 -17"><span class='ocrx_word' id='word_1_784' title='bbox 2148 4318 2365 4373; x_wconf 85' lang='grc' dir='ltr'>Ἐκεῖνα</span> <span class='ocrx_word' id='word_1_785' title='bbox 2389 4319 2496 4374; x_wconf 86' lang='grc' dir='ltr'>ἀπὸ</span> <span class='ocrx_word' id='word_1_786' title='bbox 2511 4318 2697 4389; x_wconf 77' lang='grc' dir='ltr'>ψόφων</span> <span class='ocrx_word' id='word_1_787' title='bbox 2729 4318 2825 4371; x_wconf 74' lang='grc' dir='ltr'>καὶ</span> <span class='ocrx_word' id='word_1_788' title='bbox 2852 4315 3072 4370; x_wconf 88' lang='grc' dir='ltr'>κτύπων</span> <span class='ocrx_word' id='word_1_789' title='bbox 3094 4314 3309 4369; x_wconf 82' lang='grc' dir='ltr'>ἀπάντα</span> <span class='ocrx_word' id='word_1_790' title='bbox 3335 4312 3593 4366; x_wconf 75' lang='grc' dir='ltr'>σοϐεῖται·</span> <span class='ocrx_word' id='word_1_791' title='bbox 3624 4312 3686 4363; x_wconf 86' lang='grc' dir='ltr'>οὐ</span> <span class='ocrx_word' id='word_1_792' title='bbox 3720 4310 3835 4384; x_wconf 80' lang='grc' dir='ltr'>γάρ</span> 
     </span>
    </p>
   </div>
   <div class='ocr_carea' id='block_1_97' title="bbox 2147 4398 3832 4479">
    <p class='ocr_par' dir='ltr' id='par_1_97' title="bbox 2147 4398 3832 4479">
     <span class='ocr_line' id='line_1_98' title="bbox 2147 4398 3832 4479; baseline -0.003 -20"><span class='ocrx_word' id='word_1_793' title='bbox 2147 4405 2261 4479; x_wconf 75' lang='grc' dir='ltr'>ἔχει</span> <span class='ocrx_word' id='word_1_794' title='bbox 2291 4406 2550 4479; x_wconf 82' lang='grc' dir='ltr'>λογισμὸν</span> <span class='ocrx_word' id='word_1_795' title='bbox 2576 4406 2669 4459; x_wconf 84' lang='grc' dir='ltr'>τὸν</span> <span class='ocrx_word' id='word_1_796' title='bbox 2697 4405 2994 4476; x_wconf 88' lang='grc' dir='ltr'>δυνάμενον</span> <span class='ocrx_word' id='word_1_797' title='bbox 3024 4400 3475 4474; x_wconf 85' lang='grc' dir='ltr'>ἀποκρούσασθαι</span> <span class='ocrx_word' id='word_1_798' title='bbox 3499 4398 3558 4452; x_wconf 83' lang='grc' dir='ltr'>τὺ</span> <span class='ocrx_word' id='word_1_799' title='bbox 3586 4398 3728 4462; x_wconf 85' lang='grc' dir='ltr'>δέος·</span> <span class='ocrx_word' id='word_1_800' title='bbox 3763 4399 3832 4454; x_wconf 80' lang='grc' dir='ltr'>σὺ</span> 
     </span>
    </p>
   </div>
   <div class='ocr_carea' id='block_1_98' title="bbox 2145 4485 3832 4566">
    <p class='ocr_par' dir='ltr' id='par_1_98' title="bbox 2145 4485 3832 4566">
     <span class='ocr_line' id='line_1_99' title="bbox 2145 4485 3832 4566; baseline -0.004 -18"><span class='ocrx_word' id='word_1_801' title='bbox 2145 4494 2203 4548; x_wconf 82' lang='grc' dir='ltr'>δὲ</span> <span class='ocrx_word' id='word_1_802' title='bbox 2222 4494 2365 4566; x_wconf 81' lang='grc' dir='ltr'>λόγῳ</span> <span class='ocrx_word' id='word_1_803' title='bbox 2417 4496 2512 4549; x_wconf 75' lang='grc' dir='ltr'>καὶ</span> <span class='ocrx_word' id='word_1_804' title='bbox 2537 4492 2784 4563; x_wconf 85' lang='grc' dir='ltr'>λογισμῷ</span> <span class='ocrx_word' id='word_1_805' title='bbox 2808 4490 3192 4564; x_wconf 87' lang='grc' dir='ltr'>τετιμημένος,</span> <span class='ocrx_word' id='word_1_806' title='bbox 3223 4488 3342 4552; x_wconf 92' lang='grc' dir='ltr'>πῶς</span> <span class='ocrx_word' id='word_1_807' title='bbox 3371 4490 3451 4551; x_wconf 83' lang='grc' dir='ltr'>είς</span> <span class='ocrx_word' id='word_1_808' title='bbox 3470 4485 3569 4559; x_wconf 81' lang='grc' dir='ltr'>τὴν</span> <span class='ocrx_word' id='word_1_809' title='bbox 3599 4486 3832 4541; x_wconf 82' lang='grc' dir='ltr'>ἐκείνων</span> 
     </span>
    </p>
   </div>
   <div class='ocr_carea' id='block_1_99' title="bbox 2146 4573 3835 4652">
    <p class='ocr_par' dir='ltr' id='par_1_99' title="bbox 2146 4573 3835 4652">
     <span class='ocr_line' id='line_1_100' title="bbox 2146 4573 3835 4652; baseline -0.007 -14"><span class='ocrx_word' id='word_1_810' title='bbox 2146 4583 2508 4647; x_wconf 89' lang='grc' dir='ltr'>καταπίπτεις</span> <span class='ocrx_word' id='word_1_811' title='bbox 2534 4582 2848 4652; x_wconf 89' lang='grc' dir='ltr'>δυσγένειαν</span> <span class='ocrx_word' id='word_1_812' title='bbox 2871 4596 2887 4645; x_wconf 88' lang='grc'>;</span> <span class='ocrx_word' id='word_1_813' title='bbox 2949 4577 3181 4651; x_wconf 86' lang='grc' dir='ltr'>Είσῆλθέ</span> <span class='ocrx_word' id='word_1_814' title='bbox 3209 4594 3315 4643; x_wconf 86' lang='grc' dir='ltr'>τις,</span> <span class='ocrx_word' id='word_1_815' title='bbox 3370 4576 3708 4646; x_wconf 87' lang='grc' dir='ltr'>ἀπήγγειλεν</span> <span class='ocrx_word' id='word_1_816' title='bbox 3736 4573 3835 4644; x_wconf 78' lang='grc' dir='ltr'>ξφ-</span> 
     </span>
    </p>
   </div>
   <div class='ocr_carea' id='block_1_100' title="bbox 2144 4662 3832 4746">
    <p class='ocr_par' dir='ltr' id='par_1_100' title="bbox 2144 4662 3832 4746">
     <span class='ocr_line' id='line_1_101' title="bbox 2144 4662 3832 4746; baseline -0.007 -20"><span class='ocrx_word' id='word_1_817' title='bbox 2144 4672 2261 4726; x_wconf 89' lang='grc' dir='ltr'>οδον</span> <span class='ocrx_word' id='word_1_818' title='bbox 2286 4671 2668 4746; x_wconf 83' lang='grc' dir='ltr'>στρατιωτῶν;</span> <span class='ocrx_word' id='word_1_819' title='bbox 2699 4668 2775 4742; x_wconf 84' lang='grc' dir='ltr'>μὴ</span> <span class='ocrx_word' id='word_1_820' title='bbox 2805 4667 3144 4740; x_wconf 82' lang='grc' dir='ltr'>θορυϐηθῇς,</span> <span class='ocrx_word' id='word_1_821' title='bbox 3180 4665 3295 4720; x_wconf 88' lang='grc' dir='ltr'>ἀλλ’</span> <span class='ocrx_word' id='word_1_822' title='bbox 3325 4664 3484 4734; x_wconf 76' lang='grc' dir='ltr'>ἀφεὶς</span> <span class='ocrx_word' id='word_1_823' title='bbox 3498 4663 3682 4728; x_wconf 82' lang='grc' dir='ltr'>αὐτὸν,</span> <span class='ocrx_word' id='word_1_824' title='bbox 3708 4662 3832 4716; x_wconf 75' lang='grc' dir='ltr'>κλῖο</span> 
     </span>
    </p>
   </div>
   <div class='ocr_carea' id='block_1_101' title="bbox 2143 4751 3826 4827">
    <p class='ocr_par' dir='ltr' id='par_1_101' title="bbox 2143 4751 3826 4827">
     <span class='ocr_line' id='line_1_102' title="bbox 2143 4751 3826 4827; baseline -0.005 -16"><span class='ocrx_word' id='word_1_825' title='bbox 2143 4776 2233 4813; x_wconf 90' lang='grc' dir='ltr'>νον</span> <span class='ocrx_word' id='word_1_826' title='bbox 2259 4759 2328 4813; x_wconf 85' lang='grc' dir='ltr'>τὰ</span> <span class='ocrx_word' id='word_1_827' title='bbox 2356 4759 2580 4827; x_wconf 87' lang='grc' dir='ltr'>γόνατα,</span> <span class='ocrx_word' id='word_1_828' title='bbox 2614 4757 2707 4810; x_wconf 79' lang='grc' dir='ltr'>τὸν</span> <span class='ocrx_word' id='word_1_829' title='bbox 2737 4755 3013 4825; x_wconf 88' lang='grc' dir='ltr'>Δεσπότην</span> <span class='ocrx_word' id='word_1_830' title='bbox 3043 4772 3138 4808; x_wconf 91' lang='grc' dir='ltr'>σου</span> <span class='ocrx_word' id='word_1_831' title='bbox 3189 4752 3599 4825; x_wconf 86' lang='grc' dir='ltr'>παρακάλεσον,</span> <span class='ocrx_word' id='word_1_832' title='bbox 3632 4751 3826 4804; x_wconf 82' lang='grc' dir='ltr'>στένα-</span> 
     </span>
    </p>
   </div>
   <div class='ocr_carea' id='block_1_102' title="bbox 2144 4840 3830 4919">
    <p class='ocr_par' dir='ltr' id='par_1_102' title="bbox 2144 4840 3830 4919">
     <span class='ocr_line' id='line_1_103' title="bbox 2144 4840 3830 4919; baseline -0.006 -17"><span class='ocrx_word' id='word_1_833' title='bbox 2144 4846 2232 4913; x_wconf 86' lang='grc' dir='ltr'>ξον</span> <span class='ocrx_word' id='word_1_834' title='bbox 2258 4849 2474 4919; x_wconf 83' lang='grc' dir='ltr'>πικρὸν,</span> <span class='ocrx_word' id='word_1_835' title='bbox 2498 4847 2592 4900; x_wconf 71' lang='grc' dir='ltr'>καὶ</span> <span class='ocrx_word' id='word_1_836' title='bbox 2617 4843 3020 4916; x_wconf 90' lang='grc' dir='ltr'>άποκρούσεται</span> <span class='ocrx_word' id='word_1_837' title='bbox 3040 4842 3102 4896; x_wconf 84' lang='grc' dir='ltr'>τὸ</span> <span class='ocrx_word' id='word_1_838' title='bbox 3132 4840 3329 4896; x_wconf 90' lang='grc' dir='ltr'>δεινόν.</span> <span class='ocrx_word' id='word_1_839' title='bbox 3354 4841 3425 4894; x_wconf 85' lang='grc' dir='ltr'>Σὺ</span> <span class='ocrx_word' id='word_1_840' title='bbox 3447 4840 3545 4911; x_wconf 82' lang='grc' dir='ltr'>μὲν</span> <span class='ocrx_word' id='word_1_841' title='bbox 3564 4855 3830 4909; x_wconf 85' lang='grc' dir='ltr'>στρατιω-</span> 
     </span>
    </p>
   </div>
   <div class='ocr_carea' id='block_1_103' title="bbox 2141 4925 3824 5004">
    <p class='ocr_par' dir='ltr' id='par_1_103' title="bbox 2141 4925 3824 5004">
     <span class='ocr_line' id='line_1_104' title="bbox 2141 4925 3824 5004; baseline -0.007 -16"><span class='ocrx_word' id='word_1_842' title='bbox 2141 4935 2252 4988; x_wconf 88' lang='grc' dir='ltr'>τῶν</span> <span class='ocrx_word' id='word_1_843' title='bbox 2285 4935 2473 5004; x_wconf 78' lang='grc' dir='ltr'>ἔφοδον</span> <span class='ocrx_word' id='word_1_844' title='bbox 2516 4933 2757 4995; x_wconf 86' lang='grc' dir='ltr'>ἀκούσας</span> <span class='ocrx_word' id='word_1_845' title='bbox 2792 4931 2893 4985; x_wconf 88' lang='grc' dir='ltr'>οὐκ</span> <span class='ocrx_word' id='word_1_846' title='bbox 2934 4929 3135 5001; x_wconf 84' lang='grc' dir='ltr'>ἀληθῆ,</span> <span class='ocrx_word' id='word_1_847' title='bbox 3165 4929 3258 4985; x_wconf 78' lang='grc' dir='ltr'>καὶ</span> <span class='ocrx_word' id='word_1_848' title='bbox 3289 4929 3388 4999; x_wconf 86' lang='grc' dir='ltr'>τῆς</span> <span class='ocrx_word' id='word_1_849' title='bbox 3437 4925 3582 4998; x_wconf 80' lang='grc' dir='ltr'>ζωῆς</span> <span class='ocrx_word' id='word_1_850' title='bbox 3612 4926 3824 4979; x_wconf 80' lang='grc' dir='ltr'>ἐκινδύ-</span> 
     </span>
    </p>
   </div>
   <div class='ocr_carea' id='block_1_104' title="bbox 2142 5010 3824 5092">
    <p class='ocr_par' dir='ltr' id='par_1_104' title="bbox 2142 5010 3824 5092">
     <span class='ocr_line' id='line_1_105' title="bbox 2142 5010 3824 5092; baseline -0.007 -16"><span class='ocrx_word' id='word_1_851' title='bbox 2142 5039 2338 5086; x_wconf 86' lang='grc' dir='ltr'>νευσας</span> <span class='ocrx_word' id='word_1_852' title='bbox 2371 5019 2752 5092; x_wconf 72' lang='grc' dir='ltr'>ἀπορραγῆναι</span> <span class='ocrx_word' id='word_1_853' title='bbox 2782 5019 2881 5089; x_wconf 86' lang='grc' dir='ltr'>τῆς</span> <span class='ocrx_word' id='word_1_854' title='bbox 2918 5016 3224 5089; x_wconf 70' lang='grc' dir='ltr'>παρούσης⁹</span> <span class='ocrx_word' id='word_1_855' title='bbox 3252 5018 3280 5070; x_wconf 91' lang='grc' dir='ltr'>ὀ</span> <span class='ocrx_word' id='word_1_856' title='bbox 3306 5016 3364 5069; x_wconf 87' lang='grc' dir='ltr'>δέ</span> <span class='ocrx_word' id='word_1_857' title='bbox 3398 5013 3668 5086; x_wconf 87' lang='grc' dir='ltr'>μακάριος</span> <span class='ocrx_word' id='word_1_858' title='bbox 3696 5010 3824 5066; x_wconf 81' lang='grc' dir='ltr'>’1ὼὸ</span> 
     </span>
    </p>
   </div>
   <div class='ocr_carea' id='block_1_105' title="bbox 2141 5098 3826 5178">
    <p class='ocr_par' dir='ltr' id='par_1_105' title="bbox 2141 5098 3826 5178">
     <span class='ocr_line' id='line_1_106' title="bbox 2141 5098 3826 5178; baseline -0.004 -17"><span class='ocrx_word' id='word_1_859' title='bbox 2141 5110 2349 5172; x_wconf 87' lang='grc' dir='ltr'>ἐκεῖνος</span> <span class='ocrx_word' id='word_1_860' title='bbox 2375 5107 2695 5178; x_wconf 81' lang='grc' dir='ltr'>ἐπαλλήλων</span> <span class='ocrx_word' id='word_1_861' title='bbox 2744 5105 2994 5175; x_wconf 84' lang='grc' dir='ltr'>ἀγγέλων</span> <span class='ocrx_word' id='word_1_862' title='bbox 3026 5104 3359 5175; x_wconf 83' lang='grc' dir='ltr'>ἐρχομένων.</span> <span class='ocrx_word' id='word_1_863' title='bbox 3422 5103 3516 5155; x_wconf 79' lang='grc' dir='ltr'>καὶ</span> <span class='ocrx_word' id='word_1_864' title='bbox 3562 5099 3634 5154; x_wconf 88' lang='grc' dir='ltr'>τά</span> <span class='ocrx_word' id='word_1_865' title='bbox 3668 5098 3826 5154; x_wconf 90' lang='grc' dir='ltr'>δεινά</span> 
     </span>
    </p>
   </div>
   <div class='ocr_carea' id='block_1_106' title="bbox 2143 5187 3823 5265">
    <p class='ocr_par' dir='ltr' id='par_1_106' title="bbox 2143 5187 3823 5265">
     <span class='ocr_line' id='line_1_107' title="bbox 2143 5187 3823 5265; baseline -0.005 -17"><span class='ocrx_word' id='word_1_866' title='bbox 2143 5195 2603 5265; x_wconf 84' lang='grc' dir='ltr'>ἀπαγγελλόντων</span> <span class='ocrx_word' id='word_1_867' title='bbox 2636 5193 2873 5261; x_wconf 87' lang='grc' dir='ltr'>ἀκούων,</span> <span class='ocrx_word' id='word_1_868' title='bbox 2915 5193 3012 5248; x_wconf 71' lang='grc' dir='ltr'>καὶ</span> <span class='ocrx_word' id='word_1_869' title='bbox 3040 5190 3387 5262; x_wconf 82' lang='grc' dir='ltr'>προσθέντων</span> <span class='ocrx_word' id='word_1_870' title='bbox 3415 5190 3514 5261; x_wconf 77' lang='grc' dir='ltr'>τὴν</span> <span class='ocrx_word' id='word_1_871' title='bbox 3544 5187 3823 5261; x_wconf 80' lang='grc' dir='ltr'>ἀφόρητον</span> 
     </span>
    </p>
   </div>
   <div class='ocr_carea' id='block_1_107' title="bbox 2144 5276 3819 5349">
    <p class='ocr_par' dir='ltr' id='par_1_107' title="bbox 2144 5276 3819 5349">
     <span class='ocr_line' id='line_1_108' title="bbox 2144 5276 3819 5349; baseline -0.001 -14"><span class='ocrx_word' id='word_1_872' title='bbox 2144 5284 2253 5337; x_wconf 82' lang='grc' dir='ltr'>τῶν</span> <span class='ocrx_word' id='word_1_873' title='bbox 2279 5282 2485 5336; x_wconf 87' lang='grc' dir='ltr'>παίδων</span> <span class='ocrx_word' id='word_1_874' title='bbox 2530 5280 2829 5346; x_wconf 84' lang='grc' dir='ltr'>ἀπώλειαν,</span> <span class='ocrx_word' id='word_1_875' title='bbox 2886 5282 2987 5335; x_wconf 88' lang='grc' dir='ltr'>οὐκ</span> <span class='ocrx_word' id='word_1_876' title='bbox 3020 5277 3337 5349; x_wconf 81' lang='grc' dir='ltr'>ἀνῴμωξεν,</span> <span class='ocrx_word' id='word_1_877' title='bbox 3382 5282 3486 5335; x_wconf 87' lang='grc' dir='ltr'>οὐκ</span> <span class='ocrx_word' id='word_1_878' title='bbox 3509 5276 3819 5341; x_wconf 81' lang='grc' dir='ltr'>ἐστέναξεν.</span> 
     </span>
    </p>
   </div>
   <div class='ocr_carea' id='block_1_108' title="bbox 2142 5360 3820 5440">
    <p class='ocr_par' dir='ltr' id='par_1_108' title="bbox 2142 5360 3820 5440">
     <span class='ocr_line' id='line_1_109' title="bbox 2142 5360 3820 5440; baseline -0.007 -14"><span class='ocrx_word' id='word_1_879' title='bbox 2142 5371 2258 5426; x_wconf 85' lang='grc' dir='ltr'>ἀλλ’</span> <span class='ocrx_word' id='word_1_880' title='bbox 2281 5371 2374 5424; x_wconf 78' lang='grc' dir='ltr'>ἐπὶ</span> <span class='ocrx_word' id='word_1_881' title='bbox 2408 5369 2714 5440; x_wconf 81' lang='grc' dir='ltr'>προσευχὴν</span> <span class='ocrx_word' id='word_1_882' title='bbox 2742 5367 3020 5439; x_wconf 81' lang='grc' dir='ltr'>ἐτρέπετο,</span> <span class='ocrx_word' id='word_1_883' title='bbox 3037 5366 3130 5421; x_wconf 72' lang='grc' dir='ltr'>καὶ</span> <span class='ocrx_word' id='word_1_884' title='bbox 3154 5365 3476 5436; x_wconf 84' lang='grc' dir='ltr'>ηὐχαρίστει</span> <span class='ocrx_word' id='word_1_885' title='bbox 3509 5360 3589 5432; x_wconf 87' lang='grc' dir='ltr'>τῷ</span> <span class='ocrx_word' id='word_1_886' title='bbox 3618 5360 3820 5414; x_wconf 85' lang='grc' dir='ltr'>Δεσπό-</span> 
     </span>
    </p>
   </div>
   <div class='ocr_carea' id='block_1_109' title="bbox 2141 5449 3818 5530">
    <p class='ocr_par' dir='ltr' id='par_1_109' title="bbox 2141 5449 3818 5530">
     <span class='ocr_line' id='line_1_110' title="bbox 2141 5449 3818 5530; baseline -0.007 -18"><span class='ocrx_word' id='word_1_887' title='bbox 2141 5477 2228 5530; x_wconf 86' lang='grc' dir='ltr'>τῃ.</span> <span class='ocrx_word' id='word_1_888' title='bbox 2259 5457 2459 5511; x_wconf 91' lang='grc' dir='ltr'>Τοῦτον</span> <span class='ocrx_word' id='word_1_889' title='bbox 2510 5457 2604 5510; x_wconf 74' lang='grc' dir='ltr'>καὶ</span> <span class='ocrx_word' id='word_1_890' title='bbox 2638 5456 2702 5509; x_wconf 83' lang='lat'>66</span> <span class='ocrx_word' id='word_1_891' title='bbox 2740 5455 2996 5526; x_wconf 83' lang='grc' dir='ltr'>μίμησαι·</span> <span class='ocrx_word' id='word_1_892' title='bbox 3053 5453 3145 5508; x_wconf 74' lang='grc' dir='ltr'>καὶ</span> <span class='ocrx_word' id='word_1_893' title='bbox 3170 5454 3299 5507; x_wconf 85' lang='grc' dir='ltr'>ὅταν</span> <span class='ocrx_word' id='word_1_894' title='bbox 3329 5449 3501 5506; x_wconf 84' lang='grc' dir='ltr'>ἐλθών</span> <span class='ocrx_word' id='word_1_895' title='bbox 3526 5467 3608 5513; x_wconf 88' lang='grc' dir='ltr'>τις</span> <span class='ocrx_word' id='word_1_896' title='bbox 3636 5449 3818 5518; x_wconf 87' lang='grc' dir='ltr'>ἀπαγ-</span> 
     </span>
    </p>
   </div>
   <div class='ocr_carea' id='block_1_110' title="bbox 2142 5534 3818 5617">
    <p class='ocr_par' dir='ltr' id='par_1_110' title="bbox 2142 5534 3818 5617">
     <span class='ocr_line' id='line_1_111' title="bbox 2142 5534 3818 5617; baseline -0.007 -18"><span class='ocrx_word' id='word_1_897' title='bbox 2142 5545 2296 5617; x_wconf 81' lang='grc' dir='ltr'>γείλῃ</span> <span class='ocrx_word' id='word_1_898' title='bbox 2335 5546 2417 5599; x_wconf 84' lang='grc' dir='ltr'>ὅτι</span> <span class='ocrx_word' id='word_1_899' title='bbox 2452 5543 2782 5615; x_wconf 86' lang='grc' dir='ltr'>στρατιῶται</span> <span class='ocrx_word' id='word_1_900' title='bbox 2813 5541 2915 5613; x_wconf 83' lang='grc' dir='ltr'>τὴν</span> <span class='ocrx_word' id='word_1_901' title='bbox 2947 5540 3103 5595; x_wconf 89' lang='grc' dir='ltr'>πόλιν</span> <span class='ocrx_word' id='word_1_902' title='bbox 3132 5539 3450 5594; x_wconf 88' lang='grc' dir='ltr'>ἐκύκλωσαν</span> <span class='ocrx_word' id='word_1_903' title='bbox 3478 5536 3574 5591; x_wconf 65' lang='grc' dir='ltr'>καὶ</span> <span class='ocrx_word' id='word_1_904' title='bbox 3593 5534 3695 5599; x_wconf 90' lang='grc' dir='ltr'>τάς</span> <span class='ocrx_word' id='word_1_905' title='bbox 3726 5534 3818 5588; x_wconf 87' lang='grc' dir='ltr'>οὐ-</span> 
     </span>
    </p>
   </div>
   <div class='ocr_carea' id='block_1_111' title="bbox 2142 5626 3813 5705">
    <p class='ocr_par' dir='ltr' id='par_1_111' title="bbox 2142 5626 3813 5705">
     <span class='ocr_line' id='line_1_112' title="bbox 2142 5626 3813 5705; baseline -0.007 -17"><span class='ocrx_word' id='word_1_906' title='bbox 2142 5635 2264 5697; x_wconf 85' lang='grc' dir='ltr'>σίας</span> <span class='ocrx_word' id='word_1_907' title='bbox 2291 5632 2612 5705; x_wconf 80' lang='grc' dir='ltr'>διαρπάζειν</span> <span class='ocrx_word' id='word_1_908' title='bbox 2643 5630 2917 5701; x_wconf 67' lang='grc' dir='ltr'>μὲλλουσι,</span> <span class='ocrx_word' id='word_1_909' title='bbox 2960 5629 3100 5701; x_wconf 86' lang='grc' dir='ltr'>πρὸς</span> <span class='ocrx_word' id='word_1_910' title='bbox 3136 5630 3229 5682; x_wconf 78' lang='grc' dir='ltr'>τὸν</span> <span class='ocrx_word' id='word_1_911' title='bbox 3272 5626 3547 5695; x_wconf 84' lang='grc' dir='ltr'>Δεσπότην</span> <span class='ocrx_word' id='word_1_912' title='bbox 3580 5640 3677 5677; x_wconf 91' lang='grc' dir='ltr'>σου</span> <span class='ocrx_word' id='word_1_913' title='bbox 3713 5637 3813 5676; x_wconf 84' lang='grc' dir='ltr'>κα-</span> 
     </span>
    </p>
   </div>
   <div class='ocr_carea' id='block_1_112' title="bbox 2140 5710 3815 5791">
    <p class='ocr_par' dir='ltr' id='par_1_112' title="bbox 2140 5710 3815 5791">
     <span class='ocr_line' id='line_1_113' title="bbox 2140 5710 3815 5791; baseline -0.008 -15"><span class='ocrx_word' id='word_1_914' title='bbox 2140 5722 2370 5791; x_wconf 85' lang='grc' dir='ltr'>τάφυγε,</span> <span class='ocrx_word' id='word_1_915' title='bbox 2417 5720 2507 5774; x_wconf 69' lang='grc' dir='ltr'>καὶ</span> <span class='ocrx_word' id='word_1_916' title='bbox 2531 5719 2674 5771; x_wconf 86' lang='grc' dir='ltr'>είπέ·</span> <span class='ocrx_word' id='word_1_917' title='bbox 2719 5718 2782 5771; x_wconf 89' lang='grc' dir='ltr'><em>Ὀ</em></span> <span class='ocrx_word' id='word_1_918' title='bbox 2814 5718 3032 5785; x_wconf 79' lang='grc' dir='ltr'>Κύριος</span> <span class='ocrx_word' id='word_1_919' title='bbox 3068 5715 3313 5780; x_wconf 77' lang='grc' dir='ltr'>ἔδωκεν,</span> <span class='ocrx_word' id='word_1_920' title='bbox 3347 5717 3380 5770; x_wconf 82' lang='grc' dir='ltr'><em>ὁ</em></span> <span class='ocrx_word' id='word_1_921' title='bbox 3408 5715 3624 5783; x_wconf 78' lang='grc' dir='ltr'>Κύριος</span> <span class='ocrx_word' id='word_1_922' title='bbox 3652 5710 3815 5780; x_wconf 61' lang='grc' dir='ltr'>ἀφεί-</span> 
     </span>
    </p>
   </div>
   <div class='ocr_carea' id='block_1_113' title="bbox 2138 5798 3810 5874">
    <p class='ocr_par' dir='ltr' id='par_1_113' title="bbox 2138 5798 3810 5874">
     <span class='ocr_line' id='line_1_114' title="bbox 2138 5798 3810 5874; baseline -0.008 -10"><span class='ocrx_word' id='word_1_923' title='bbox 2138 5815 2306 5865; x_wconf 69' lang='grc' dir='ltr'>λατο·</span> <span class='ocrx_word' id='word_1_924' title='bbox 2339 5810 2420 5874; x_wconf 83' lang='grc' dir='ltr'>ὡς</span> <span class='ocrx_word' id='word_1_925' title='bbox 2458 5806 2538 5872; x_wconf 80' lang='grc' dir='ltr'>τῷ</span> <span class='ocrx_word' id='word_1_926' title='bbox 2577 5806 2769 5874; x_wconf 76' lang='grc' dir='ltr'>Κυρίῳ</span> <span class='ocrx_word' id='word_1_927' title='bbox 2816 5804 3048 5869; x_wconf 75' lang='grc' dir='ltr'>ἔδοξεν,</span> <span class='ocrx_word' id='word_1_928' title='bbox 3085 5804 3236 5857; x_wconf 84' lang='grc' dir='ltr'>οὓτω</span> <span class='ocrx_word' id='word_1_929' title='bbox 3265 5804 3365 5858; x_wconf 78' lang='grc' dir='ltr'>καὶ</span> <span class='ocrx_word' id='word_1_930' title='bbox 3422 5801 3679 5871; x_wconf 71' lang='grc' dir='ltr'>ἐγένετο·</span> <span class='ocrx_word' id='word_1_931' title='bbox 3721 5798 3810 5864; x_wconf 78' lang='grc' dir='ltr'>εἴη</span> 
     </span>
    </p>
   </div>
   <div class='ocr_carea' id='block_1_114' title="bbox 2143 5888 3808 5967">
    <p class='ocr_par' dir='ltr' id='par_1_114' title="bbox 2143 5888 3808 5967">
     <span class='ocr_line' id='line_1_115' title="bbox 2143 5888 3808 5967; baseline -0.004 -19"><span class='ocrx_word' id='word_1_932' title='bbox 2143 5899 2202 5951; x_wconf 74' lang='grc' dir='ltr'>τὸ</span> <span class='ocrx_word' id='word_1_933' title='bbox 2259 5896 2441 5967; x_wconf 69' lang='grc' dir='ltr'>ὄνομα</span> <span class='ocrx_word' id='word_1_934' title='bbox 2497 5894 2712 5962; x_wconf 63' lang='grc' dir='ltr'>Κυρίου</span> <span class='ocrx_word' id='word_1_935' title='bbox 2771 5891 3177 5961; x_wconf 54' lang='grc' dir='ltr'>είηίογημέικκν</span> <span class='ocrx_word' id='word_1_936' title='bbox 3236 5893 3322 5959; x_wconf 82' lang='grc' dir='ltr'>εἰς</span> <span class='ocrx_word' id='word_1_937' title='bbox 3380 5890 3521 5958; x_wconf 82' lang='grc' dir='ltr'>τοὺς</span> <span class='ocrx_word' id='word_1_938' title='bbox 3574 5888 3808 5953; x_wconf 73' lang='grc' dir='ltr'>αἰῶνας.</span> 
     </span>
    </p>
   </div>
  </div>
