4068 6424
312 342 400 397 Ml

314 464 513 520 qua-so,
542 448 757 505 dubitas
775 490 789 516 ,
820 454 874 503 et
896 447 1132 502 animam
1158 445 1394 501 occidis?
1417 446 1543 516 quid
1573 453 1776 500 tantum
1807 444 1889 499 lu~

306 541 498 607 cruris,
523 549 780 611 quantum
806 539 1038 593 animam
1064 546 1205 592 tuam
1226 544 1283 593 et
1308 538 1606 607 proximum
1629 536 1781 592 laedis
1798 536 1822 590 ?
1841 534 1896 592 Si

310 633 452 688 enim
479 633 656 688 credis
682 630 824 702 quod
852 646 1013 685 verax
1051 630 1120 685 sit
1166 630 1329 685 homo
1348 671 1366 692 .
1394 642 1460 684 ne
1486 628 1774 698 juramenti
1808 643 1901 683 nea

307 728 617 782 cessitatem
646 725 914 789 adducas;
962 724 1006 777 si
1051 734 1181 778 Vero
1227 722 1365 776 nosti
1406 722 1547 793 quod
1587 723 1897 786 mentietur,

309 834 377 873 ne
420 817 666 889 pejerare
708 831 888 888 cogas.
918 814 1022 870 Sed
1069 814 1276 870 utmihi
1335 814 1493 884 plena
1545 814 1676 870 lides
1726 813 1898 879 ﬁeret,

309 907 616 963 instandum
659 916 808 973 erat,
855 906 1025 976 inbuit
1065 923 1079 959 :
1121 905 1230 960 imo
1278 913 1405 960 tunc
1456 905 1549 960 tibi
1599 913 1713 960 rata
1770 904 1902 959 ﬁdes

313 999 427 1069 fiet,
459 1015 579 1056 cum
605 998 790 1071 jurare
831 1014 952 1052 eum
1007 1013 1111 1052 non
1156 996 1417 1067 coegeris.
1450 996 1603 1052 Nunc
1631 996 1774 1051 enim
1805 996 1904 1050 do-

314 1107 461 1146 mum
508 1104 817 1161 regressus,
842 1103 871 1142 a
901 1088 1226 1144 conscientia
1256 1087 1470 1142 assidue
1511 1086 1749 1152 roderis,
1788 1085 1905 1140 haec

314 1192 570 1255 reputans
596 1200 610 1236 :
636 1180 898 1251 Numquid
943 1196 1048 1234 non
1092 1179 1289 1234 frustra
1321 1177 1601 1248 adjuravi?
1644 1176 1904 1248 numquid

315 1293 424 1332 non
453 1273 746 1347 pejcravit?
774 1273 1029 1344 numquid
1069 1287 1173 1326 non
1211 1287 1312 1342 ego
1354 1272 1425 1325 fui
1468 1285 1627 1325 causa
1660 1269 1905 1339 peccati?

316 1369 372 1425 Si
412 1383 543 1424 vero
582 1382 689 1422 non
728 1364 1058 1435 adjuraveris
1081 1405 1096 1430 ,
1128 1362 1347 1417 domum
1378 1376 1655 1432 regressus
1683 1360 1903 1415 multam

315 1460 500 1530 capies
520 1458 966 1522 consolationem,
998 1471 1162 1526 agens
1194 1455 1301 1510 Deo
1328 1454 1527 1524 gratias
1548 1495 1562 1518 ,
1594 1462 1649 1509 et
1676 1453 1862 1508 dicens
1887 1470 1901 1506 :

315 1550 635 1607 Benedictus
659 1550 819 1614 Deus,
843 1548 1093 1618 quoniam
1117 1561 1203 1601 me
1234 1547 1407 1614 ipsum
1436 1544 1696 1609 continui,
1729 1558 1904 1614 neque

317 1642 556 1713 adjuravi
588 1640 808 1704 frustra,
837 1654 937 1693 nec
965 1646 1188 1693 temere.
1218 1636 1544 1707 Dcploretur
1563 1650 1773 1697 aurum,
1792 1649 1908 1702 per-

315 1744 442 1790 eant
473 1733 735 1804 pecuniae,
758 1740 817 1786 ut
847 1732 947 1785 hoc
974 1729 1127 1784 nobis
1150 1729 1383 1784 maxime
1411 1729 1624 1800 pienam
1653 1727 1813 1782 ﬁdem
1840 1726 1907 1780 fa-

314 1829 443 1891 ciat,
467 1826 641 1896 legem
672 1840 777 1878 non
806 1824 1151 1893 praeteriisse,
1176 1837 1275 1877 nec
1300 1821 1529 1877 alterum
1554 1822 1817 1892 coegisse,
1848 1831 1904 1875 ut

317 1918 422 1971 hoc
444 1916 660 1971 faceret.
685 1915 867 1985 Cogita
897 1925 1116 1985 propter
1136 1930 1255 1984 qua:
1285 1928 1393 1967 non
1421 1913 1706 1984 adjurasti,
1730 1913 1908 1969 ethoc

317 2010 412 2064 tibi
438 2008 667 2083 sufﬁciet
696 2007 748 2061 in
777 2005 1110 2076 refrigerium
1143 2016 1198 2061 et
1226 2006 1674 2062 consolationem.
1696 2007 1907 2077 Saepius

316 2116 550 2172 namque
578 2114 749 2170 pugna
782 2098 1011 2153 conflata
1039 2097 1421 2152 contumeliam
1452 2097 1712 2167 patientes
1739 2112 1907 2167 gene-

313 2180 440 2248 rose
462 2189 707 2256 ferimus,
737 2199 792 2245 et
818 2190 1201 2247 contumeliam
1226 2187 1474 2244 inferenti
1496 2188 1746 2253 dicimus,
1771 2187 1906 2256 Quid

316 2285 411 2340 tibi
434 2284 661 2339 faciam?
690 2284 780 2339 ille
810 2299 896 2338 me
927 2284 1119 2337 retinet
1141 2283 1157 2313 ³
1190 2290 1446 2352 patronus
1468 2289 1624 2349 tuus;
1649 2282 1738 2336 ille
1759 2297 1907 2336 meas

315 2376 535 2431 cohibet
565 2390 774 2428 manus.
806 2373 875 2428 Et
904 2372 1009 2428 hoc
1034 2373 1189 2427 nobis
1214 2372 1280 2427 ad
1302 2371 1730 2427 consolationem
1755 2372 1906 2426 sulti-

314 2469 409 2524 cit.
443 2467 519 2521 ita
550 2476 605 2521 tu
643 2481 855 2537 quoque
899 2481 1020 2520 cum
1069 2463 1376 2534 quempiam
1419 2462 1764 2532 adjuraturus
1809 2476 1903 2527 es,

317 2561 546 2631 teipsum
574 2559 810 2624 contine,
840 2555 1086 2627 prohibe,
1120 2563 1174 2608 et
1202 2553 1291 2608 dic
1314 2554 1561 2624 juraturo
1596 2570 1610 2607 :
1644 2551 1783 2620 Quid
1814 2552 1908 2607 tibi

317 2648 546 2705 faciam?
575 2648 716 2703 Dens
742 2647 903 2714 jussit
931 2660 1036 2700 non
1062 2643 1334 2714 adjurare,
1368 2643 1458 2697 ille
1488 2657 1575 2697 me
1605 2658 1748 2697 nunc
1778 2656 1910 2697 con-

320 2744 473 2796 tinet.
510 2739 719 2796 Snflicit
750 2739 849 2792 huc
876 2747 929 2792 et
958 2736 1027 2791 ad
1058 2735 1317 2790 honorem
1350 2733 1674 2804 legislatoris
1699 2774 1714 2799 ,
1745 2741 1800 2788 et
1839 2732 1906 2788 ad

317 2832 659 2897 securitatem
691 2840 856 2894 tuam,
887 2838 941 2883 et
966 2827 1032 2882 ad
1058 2826 1291 2897 juraturi
1319 2825 1588 2880 timorem.
1609 2823 1742 2880 Cum
1764 2825 1907 2879 enim

320 2927 409 2981 ille
435 2925 629 2979 viderit
653 2922 795 2993 quod
839 2922 917 2977 sic
956 2921 1092 2975 alios
1122 2918 1371 2989 adjurare
1400 2933 1705 2982 vereamur,
1738 2918 1909 2971 multo

319 3020 489 3090 magis
521 3018 633 3088 ipse
666 3016 821 3071 facile
845 3016 1028 3086 jurare
1057 3010 1388 3068 formidabit.
1444 3010 1499 3066 Si
1542 3010 1646 3065 hoc
1688 3010 1907 3065 verbum

315 3175 405 3300 of;
433 3172 679 3286 Sic‘gtzl‘wt
713 3178 820 3222 Sav.
846 3170 976 3235 Apud
1011 3166 1206 3219 Montef.
1250 3179 1370 3218 vero
1392 3166 1601 3230 legitur,
1638 3163 1907 3230 vituperat,

408 3272 424 3297 ,
449 3249 502 3286 re
623 3268 638 3282 .

408 3272 424 3297 ,
449 3249 638 3286 retinet.

1232 335 1322 390 AD
1359 334 1684 392 POPULUM
1722 331 2212 390 ANTIOCHENUM
2275 335 2502 393 llOMlL.
2547 337 2686 396 XVI.

3498 351 3598 405 102

2000 445 2222 513 dixeris,
2248 463 2368 502 cum
2393 449 2556 504 multa
2578 450 2796 506 domum
2820 455 3121 509 securitatis
3148 456 3476 526 plenitudine
3503 479 3588 515 re-

2006 539 2166 596 dibis.
2198 540 2337 595 Audi
2367 558 2497 613 ergo
2526 544 2691 599 Deum
2723 545 2776 600 in
2808 546 3093 609 mandatis,
3121 558 3178 603 ut
3201 550 3315 619 ipse
3342 555 3596 610 exatuliat

2008 644 2061 688 te
2088 632 2141 687 in
2168 634 2518 688 orationibus.
2543 635 2655 689 Hoc
2681 638 2901 693 verbum
2922 639 2972 692 in
2996 641 3128 695 ca:lo
3153 643 3436 711 scribetur,
3462 658 3514 700 et
3542 648 3593 703 in

2002 724 2185 795 judicii
2209 726 2295 780 die
2326 726 2419 780 tibi
2445 727 2701 794 sistetur,
2754 740 2806 783 et
2851 732 3014 785 iniilta
3056 732 3313 788 dissolvet
3352 748 3595 806 peccata.

2005 816 2116 873 Nec
2145 817 2249 874 hoc
2275 826 2476 873 tantum
2506 819 2558 873 in
2593 819 2899 888 juramento
2926 864 2940 885 ,
2973 838 3156 878 verum
3184 833 3237 880 et
3264 826 3316 881 in
3346 830 3598 884 omnilms

2009 910 2234 979 negotiis
2278 912 2574 980 cogitemus
2603 928 2617 965 :
2649 920 2705 967 et
2731 927 2851 966 cum
2890 913 3149 969 debemus
3177 917 3373 987 aliquid
3420 919 3599 975 facere

2007 999 2132 1055 boni
2158 1008 2381 1071 propter
2406 1002 2572 1057 Deum
2594 1044 2607 1067 ,
2637 1003 2778 1073 quod
2800 1020 2921 1058 mox
2952 1006 3150 1075 aliquid
3177 1007 3367 1063 inferat
3392 1010 3596 1077 damni,

2010 1107 2116 1145 nul]
2149 1091 2322 1145 solum
2344 1107 2409 1147 ex
2439 1093 2652 1161 negotio
2678 1093 2933 1148 damnum
2962 1104 3286 1165 spectemus,
3317 1099 3409 1153 sed
3431 1100 3594 1155 etiam

2013 1182 2235 1247 lucrum,
2263 1183 2402 1252 quod
2425 1184 2698 1253 capiemus
2720 1193 2937 1255 propter
2956 1186 3124 1241 Deum
3141 1187 3409 1244 faciendo.
3440 1190 3595 1255 Puta,

2008 1271 2186 1327 affecit
2215 1282 2266 1327 te
2301 1273 2564 1343 quispiam
2593 1275 2955 1331 contumelia?
3007 1276 3087 1331 fer
3120 1294 3378 1347 generose
3410 1297 3424 1334 :
3453 1282 3596 1337 feres

2009 1372 2187 1417 autem
2216 1379 2496 1433 generose,
2525 1366 2570 1420 si
2597 1381 2703 1421 non
2730 1368 3109 1423 contumeliam
3132 1371 3451 1439 cogitaveris
3482 1382 3600 1427 tan-

2011 1461 2145 1521 tum,
2174 1455 2269 1510 sed
2287 1456 2446 1510 etiam
2475 1458 2615 1512 ferre
2629 1457 2867 1526 jubentis
2888 1458 3222 1530 dignitatem,
3246 1472 3301 1517 et
3320 1474 3600 1519 mansuete

2011 1545 2170 1602 feres.
2217 1547 2626 1619 Eleemosynam
2664 1548 2898 1604 dedisti?
2941 1567 3010 1606 ne
3059 1551 3353 1621 impensam
3401 1555 3603 1625 cogites

2013 1644 2215 1692 tantum
2239 1678 2255 1705 ,
2282 1654 2466 1694 verum
2496 1647 2549 1694 et
2574 1654 2891 1709 proventum
2917 1656 2985 1696 ex
3027 1641 3288 1713 impensa.
3320 1644 3604 1700 Mulctatus

2012 1744 2070 1784 es
2095 1731 2379 1799 pecuniis?
2406 1731 2602 1800 gratias
2624 1747 2741 1802 age,
2767 1748 2867 1788 nec
2888 1742 3090 1788 tantum
3114 1735 3339 1805 jactura:
3361 1736 3601 1791 dolorem

2012 1831 2256 1891 spectes,
2300 1838 2484 1878 verum
2512 1831 2565 1877 et
2594 1823 2797 1878 lucrum
2837 1840 2907 1879 ex
2946 1826 3234 1896 gratiarum
3266 1827 3498 1882 actione.
3547 1828 3603 1882 Si

2012 1912 2092 1966 sic
2121 1928 2218 1967 nos
2246 1928 2659 1983 componamus,
2706 1914 2913 1970 nullum
2957 1915 3311 1971 accidentium
3354 1931 3452 1971 nos
3475 1934 3598 1986 gra-

2014 2007 2154 2059 vium
2186 2005 2522 2060 contristabit
2542 2048 2557 2072 ,
2598 2005 2693 2061 sed
2720 2022 2785 2060 ex
2816 2007 2879 2062 iis
2922 2024 3042 2076 qua:
3085 2008 3333 2063 vitientur
3361 2025 3481 2064 esse
3513 2012 3609 2064 tri-

2013 2100 2112 2155 stia
2133 2141 2148 2163 ,
2178 2100 2504 2154 lucrabimur
2532 2118 2545 2154 :
2585 2110 2640 2156 et
2664 2100 2917 2155 damnum
2945 2102 3160 2168 divitiis,
3214 2103 3425 2158 tristitia
3453 2104 3607 2159 volu-

2015 2200 2157 2262 ptate
2183 2202 2237 2247 et
2262 2192 2655 2259 delectatione,
2708 2191 3029 2247 contumelia
3083 2191 3286 2247 honore
3314 2193 3600 2262 jucundior

2014 2285 2117 2339 erit
2142 2292 2196 2338 et
2224 2283 2627 2339 desiderabilior
2649 2324 2665 2350 ,
2708 2292 2763 2338 et
2789 2282 2969 2338 omnia
2998 2284 3270 2337 contraria
3310 2284 3361 2337 in
3394 2284 3601 2338 lucrum

2013 2376 2168 2430 nobis
2197 2375 2544 2444 provenient,
2578 2382 2633 2430 et
2676 2373 2763 2429 hic
2805 2375 2971 2429 multa
3019 2371 3259 2428 fruemur
3309 2374 3607 2444 tranquilli-

2015 2476 2125 2522 tate
2147 2508 2161 2532 ,
2194 2476 2246 2521 et
2277 2466 2384 2522 illic
2408 2479 2631 2529 regnum
2660 2465 2916 2519 caelorum
2954 2478 3306 2533 assequemur
3335 2481 3347 2517 :
3378 2478 3483 2531 quo
3513 2478 3611 2518 nos

2015 2572 2204 2612 omnes
2226 2556 2416 2626 dignos
2437 2555 2551 2610 ﬁeri
2583 2556 2599 2586 ί
2628 2555 2804 2619 detur,
2836 2554 3067 2625 gratiact
3084 2548 3376 2607 clementia
3395 2553 3610 2607 Domini

2015 2648 2185 2703 nostri
2211 2647 2340 2703 Jesu
2368 2646 2564 2702 Christi
2590 2687 2606 2714 ,
2638 2661 2733 2716 per
2766 2660 2926 2717 quem
2955 2654 3011 2701 et
3035 2660 3157 2700 cum
3187 2660 3296 2714 quo
3325 2643 3469 2699 Patri
3498 2661 3601 2698 una

2015 2755 2135 2794 cum
2162 2748 2346 2794 sancto
2374 2738 2579 2808 Spiritu
2606 2737 2773 2809 gloria
2798 2779 2814 2803 ,
2844 2736 3128 2806 imperium
3153 2744 3211 2790 et
3236 2735 3409 2791 honor
3427 2775 3444 2801 ,
3468 2751 3612 2790 nunc

2016 2841 2072 2886 et
2089 2847 2324 2903 semper,
2347 2839 2403 2888 et
2429 2831 2483 2886 in
2513 2831 2708 2886 saacula
2736 2829 3081 2885 steculorum.
3111 2831 3301 2884 Amen.

2084 3103 2101 3134 ι
2137 3100 2279 3151 savil.
2308 3106 2361 3161 et
2382 3098 2578 3161 quidam
2602 3094 2699 3161 alii,
2736 3095 2866 3158 quod
2901 3107 2991 3161 nos
3014 3091 3256 3161 obtinere;
3279 3096 3614 3161 «miti-ramum

2016 3166 2287 3214 orationem
2309 3150 2554 3218 claudunt,
2581 3150 2787 3206 multum
2814 3157 3000 3205 variant
3023 3156 3072 3202 in
3086 3152 3336 3218 Codicilms
3357 3166 3443 3211 pro
3467 3150 3614 3200 libra-

2017 3228 2203 3276 riorum
2228 3224 2382 3284 libito,
2409 3224 2493 3286 qui
2516 3215 2622 3271 haec
2643 3233 2734 3270 suo
2756 3219 2970 3281 quisque
2991 3228 3130 3265 more
3152 3215 3461 3263 concinnant.

314 3336 3613 3379 ____~___________________.___._________—._———_

316 3469 644 3514 IUNTIATA
686 3468 771 3511 AD
813 3462 1205 3511 PEBFECTUM
1248 3465 1268 3497 ί
1312 3463 1778 3519 POPULATIONE,

1848 3463 1930 3506 ET
1989 3461 2270 3507 OMNIBUS
2317 3462 2400 3505 DE
2442 3460 2612 3504 FUGA
2682 3453 3255 3508 CONSULTANTIBUS,

3329 3452 3461 3497 CUM
3480 3450 3613 3497 ΛΝ·-

398 3571 680 3615 TRASSET
722 3566 1101 3611 PREFECTUS
1145 3566 1213 3610 IN
1256 3564 1605 3608 ECCLESIAM
1649 3564 1731 3606 ET
1773 3563 2169 3607 CONSOLATUS
2214 3562 2499 3615 FUISSET,
2548 3561 2787 3604 IIABITA
2821 3559 2936 3601 EST
2962 3555 3251 3598 PRESENS
3282 3552 3549 3596 ΗΟΜΙῌΔ
3588 3552 3603 3591 ζ

401 3672 485 3715 ET
524 3671 607 3713 DE
654 3666 933 3715 VITANDO
973 3664 1379 3722 JURAMENTO,
1414 3665 1495 3707 ET
1540 3664 1604 3708 IN
1649 3663 1841 3707 ILLUD
1867 3663 2169 3707 APOSTOLI
2211 3663 2454 3707 DICTUM
2494 3638 2519 3703 ξ
2558 3660 2796 3704 PAULUS
2829 3658 3096 3705 VINCTUS
3167 3656 3315 3698 JESU
3362 3649 3618 3697 CHRISTI

403 3757 422 3832 (
469 3755 732 3819 Philem.
774 3769 799 3813 1
827 3752 875 3822 ).

1760 3871 2183 3959 «mw

941 4055 1156 4098 ιιοιιιιΑ
1199 4054 1310 4093 XVI.

399 4144 450 4199 1.
490 4136 733 4197 Praefecti
759 4133 973 4207 quidem
1007 4130 1394 4203 providentiam
1417 4124 1643 4187 laudavi,
1670 4124 1916 4194 quoniam

324 4232 736 4291 tumultuantem
756 4224 1094 4295 conspicatus
1113 4221 1403 4284 civitatem,
1431 4227 1481 4273 et
1505 4230 1692 4271 omnes
1712 4216 1778 4270 de
1800 4214 1918 4285 fuga

324 4325 707 4388 deliberantes,
754 4318 1046 4390 ingressus,
1077 4329 1174 4369 vos
1217 4311 1523 4367 consolatus
1549 4318 1632 4363 est
1659 4315 1713 4362 et
1741 4308 1793 4360 in
1821 4307 1919 4360 bo-

326 4433 451 4474 nam
471 4430 622 4486 spem
642 4412 879 4476 adduxit;
910 4424 1008 4480 pro
1028 4406 1180 4461 vobis
1200 4412 1377 4460 autem
1399 4402 1591 4456 rubore
1612 4399 1921 4469 pudoreque

325 4509 551 4565 allectus
578 4520 721 4570 sum,
748 4499 889 4573 quod
910 4497 1194 4555 exterioris
1216 4502 1335 4566 post
1358 4491 1556 4547 multos
1582 4489 1921 4560 prolixosque

327 4614 605 4658 sermones
621 4598 738 4653 illos
752 4590 1134 4650 consolationis
1150 4585 1503 4658 indigueritis.
1521 4581 1710 4652 Optavi
1727 4591 1922 4635 terram

326 4693 460 4751 mihi
498 4691 776 4747 dehiscere
816 4698 872 4742 et
905 4681 1169 4753 immergi,
1213 4678 1425 4750 quando
1465 4677 1634 4745 ipsum
1661 4672 1810 4727 vobis
1839 4671 1922 4725 lo-

328 4795 582 4860 quentem
607 4781 908 4844 audiebam,
938 4788 993 4834 et
1015 4772 1443 4845 intempestivam
1474 4769 1615 4823 hanc
1640 4775 1695 4822 ct
1723 4764 1926 4819 irratio-

330 4855 563 4934 nabilem
613 4873 950 4929 timiditatem
999 4865 1159 4922 modo
1198 4863 1586 4927 consolantem,
1621 4856 1780 4911 modo
1807 4855 1924 4910 eul-

331 4980 569 5041 pantem.
613 4965 729 5021 Non
770 4962 915 5021 enim
956 4975 1052 5015 vos
1090 4957 1272 5012 abillo
1298 4953 1481 5010 doceri
1506 4950 1803 5023 oportebat,
1833 4946 1927 5003 sed

332 5039 636 5115 inﬁdelibus
653 5070 750 5112 vos
778 5045 1134 5125 praeceptores
1180 5046 1428 5103 omnibus
1473 5043 1605 5099 ﬁeri.
1639 5041 1747 5096 Nec
1785 5039 1926 5095 enim

332 5151 475 5219 apud
504 5149 742 5205 inﬁdeles
765 5144 993 5219 judicari
1021 5141 1219 5198 Paulus
1248 5138 1487 5210 permisit
1515 5136 1590 5208 (l.
1618 5137 1734 5188 Cor.
1766 5133 1821 5187 6.
1850 5129 1929 5203 t);

337 5253 394 5297 tu
435 5255 567 5298 vero
609 5247 731 5311 post
758 5245 960 5293 tantam
996 5241 1205 5304 patrum
1235 5227 1650 5284 admonitionem
1693 5222 1930 5279 externis

337 5330 611 5402 indiguisti
657 5326 1093 5401 prmeeptoribus,
1140 5329 1196 5378 et
1240 5316 1443 5390 fugitivi
1501 5325 1556 5372 et
1601 5314 1930 5369 verberones

333 5424 553 5495 quidam
597 5435 783 5478 rursus
827 5419 1093 5475 civitatem
1139 5422 1337 5469 tantam
1377 5408 1763 5472 excitaverunt,
1794 5414 1847 5460 et
1876 5403 1931 5458 in

335 5518 514 5587 fugam
556 5513 918 5583 eonjecerunt.
961 5506 1165 5577 Quibus
1207 5502 1375 5559 oculis
1417 5499 1646 5570 amplius
1688 5496 1933 5553 inﬁdeles

336 5609 711 5679 respiciemus,
755 5614 861 5659 tam
907 5599 1082 5672 pavidi
1127 5613 1252 5654 cum
1298 5596 1465 5650 simus
1508 5600 1565 5647 et
1585 5587 1930 5679 timidi?Qua

341 5678 522 5771 lingua
546 5701 691 5770 ipsos
738 5696 1090 5766 alloquemur,
1129 5698 1184 5745 et
1227 5703 1325 5758 pro
1356 5681 1730 5757 ingruentibus
1779 5678 1931 5735 malis

408 5815 427 5844 ⁸
452 5812 598 5865 Savil.
627 5818 678 5863 et
700 5808 892 5875 quidam
917 5804 1016 5866 alii,
1042 5800 1276 5855 comitem.

2027 4029 2296 4086 conﬁdere
2325 4025 2781 4098 persuadebimus,
2810 4023 2955 4079 omni
2993 4024 3175 4090 lepore
3206 4022 3501 4077 timidiores
3529 4028 3627 4083 per

2028 4122 2165 4177 hanc
2209 4121 2329 4175 facti
2378 4118 2737 4173 anxietatem“!
2782 4117 2849 4171 Et
2888 4116 3014 4186 quid
3057 4114 3375 4176 faceremus,
3420 4114 3633 4184 inquit?

2033 4215 2287 4270 Ilomines
2313 4213 2454 4269 enim
2501 4227 2707 4268 sumus.
2749 4212 2818 4265 At
2849 4217 3063 4278 propter
3091 4208 3190 4261 hoc
3220 4206 3390 4276 ipsum
3421 4216 3632 4275 pertur-

2029 4308 2143 4362 bari
2175 4323 2276 4362 non
2306 4313 2533 4375 Oportet,
2558 4303 2681 4375 quia
2714 4302 2961 4357 homines
2984 4314 3188 4363 sumus,
3215 4307 3267 4353 et
3304 4313 3409 4351 non
3448 4297 3624 4352 bruta.

2034 4401 2123 4455 Illa
2175 4396 2472 4468 fragoribus
2515 4404 2569 4450 et
2608 4393 2924 4448 stridoribus
2952 4391 3128 4445 omnia
3171 4398 3482 4444 terrentur:
3517 4403 3631 4465 non-

2033 4488 2175 4545 enim
2201 4486 2398 4542 habent
2422 4486 2703 4546 rationem,
2731 4499 2851 4554 qua:
2883 4483 3126 4537 timorem
3149 4480 3408 4549 repellere
3437 4478 3626 4549 possit;

2035 4588 2090 4634 tu
2138 4594 2268 4631 vero
2313 4576 2522 4631 ratione
2568 4583 2622 4630 et
2665 4572 2891 4629 consilio
2934 4572 3237 4636 decoratus,
3277 4570 3546 4641 quomodo
3577 4569 3632 4623 in

2034 4672 2244 4725 illorum
2266 4669 2543 4739 segnitiem
2561 4666 2731 4722 cadis?
2752 4666 3028 4736 Ingressus
3047 4673 3129 4718 est
3146 4662 3378 4734 quidam,
3400 4661 3637 4715 militum

2037 4764 2395 4820 incursionem
2425 4760 2717 4816 nuntiavit?
2743 4774 2812 4814 ne
2842 4757 3091 4820 turberis,
3118 4754 3214 4809 sed
3245 4754 3417 4823 ipsum
3443 4751 3630 4805 dimit-

2040 4867 2178 4922 lens,
2205 4870 2375 4927 genua
2394 4852 2571 4919 ﬂecte,
2592 4850 2877 4905 Dominum
2904 4857 3049 4902 tuum
3073 4860 3223 4915 roga,
3245 4856 3398 4913 geme
3427 4855 3634 4907 amare,

2037 4957 2093 5003 et
2116 4945 2493 5001 adversitatem
2539 4942 2780 5011 repellet.
2832 4937 2912 4992 Tu
2956 4935 3170 5008 quidem
3200 4930 3378 4987 audita
3409 4931 3639 4987 militum

2041 5037 2348 5093 incursione
2389 5051 2497 5089 non
2539 5047 2690 5099 vera,
2715 5028 2966 5101 prtesenti
2997 5026 3101 5079 vita
3124 5022 3390 5093 abrumpti
3419 5020 3636 5093 pericli—

2039 5140 2182 5188 tatus
2224 5146 2318 5198 es;
2366 5128 2555 5183 beatus
2595 5139 2722 5179 vero
2748 5121 2849 5179 Job
2892 5121 2982 5177 ille
3005 5117 3275 5174 continuis
3301 5117 3642 5173 venientibus

2038 5224 2259 5291 nuntiis,
2306 5232 2355 5278 et
2377 5220 2559 5292 gravia
2588 5214 2973 5277 nuntiantibus,
3003 5221 3058 5268 et
3082 5210 3454 5282 adjicientibus
3497 5210 3642 5263 into-

2044 5315 2319 5373 lerabilem
2368 5311 2602 5366 ﬁliorum
2646 5306 3038 5379 perditionem,
3090 5318 3196 5359 non
3241 5301 3479 5374 ejnlavit,
3534 5313 3646 5352 non

2041 5407 2264 5481 gemuit,
2312 5403 2407 5461 sed
2449 5402 2517 5458 ad
2561 5401 2858 5456 orationem
2886 5411 3180 5454 conversus
3206 5402 3307 5458 est,
3333 5400 3388 5446 et
3412 5388 3647 5444 Domino

2037 5479 2236 5572 gratias
2265 5494 2476 5567 agebat.
2509 5492 2661 5548 llunc
2684 5500 2739 5547 et
2766 5499 2821 5546 tu
2846 5489 3092 5554 imitare;
3115 5500 3239 5541 cum
3259 5482 3476 5539 veniens
3494 5479 3645 5551 quis-

2042 5571 2182 5663 piam
2229 5586 2554 5643 nnntiavcrit
2597 5584 2793 5638 milites
2841 5582 3030 5636 urbem
3079 5571 3496 5631 circumdedisse
3528 5612 3542 5635 ,
3582 5578 3641 5625 et

2042 5685 2181 5738 bona
2205 5680 2509 5749 direpturos
2538 5693 2677 5744 esse,
2723 5674 2789 5729 ad
2815 5672 3098 5727 Dominum
3130 5678 3276 5722 tuum
3302 5664 3549 5736 confuge,
3587 5673 3647 5718 et

2041 5776 2127 5831 dic
2157 5789 2173 5829 :
2206 5772 2455 5827 Dominus
2499 5768 2653 5836 dedit,
2708 5765 2953 5820 Dominus
3005 5758 3229 5827 abstulit,
3260 5759 3388 5813 sicut
3415 5753 3639 5811 Domina
