4068 6472
456 367 559 425 165

446 483 671 553 placuit,
691 482 762 536 ita
789 483 977 552 factum
1005 487 1118 531 est:
1147 476 1212 531 sit
1252 492 1433 530 nomen
1481 473 1693 529 Domini
1731 464 2044 529 benedictum

448 572 503 626 in
526 575 714 629 sa'cttla
744 571 865 641 (Job
897 571 945 625 1.
974 567 1091 638 2i).
1121 568 1274 623 illum
1302 583 1411 623 non
1438 567 1627 621 terruit
1656 565 1918 621 malorum
1944 580 2041 620 ex-

450 669 728 739 perientia,
750 676 799 720 te
818 679 948 719 vero
975 662 1121 717 solus
1147 670 1312 716 terret
1353 659 1603 714 auditus?
1633 658 1873 727 Quanam
1901 657 2047 729 digni

446 766 614 816 simus
642 757 1016 822 mstunatioue,
1046 755 1160 825 qui,
1189 756 1351 809 etiam
1374 764 1560 807 contra
1589 761 1815 805 mortem
1838 750 2048 805 audem-

447 864 529 905 ter
571 852 648 905 ire
692 851 848 918 jussi,
878 863 908 901 a
937 846 1070 902 falso
1116 860 1334 900 rumore
1359 843 1495 899 adeo
1527 842 1905 911 percellimur?
1945 840 2046 908 Qui

445 945 709 1007 turbatur,
729 952 780 997 et
798 942 1045 995 timorem
1063 940 1151 1010 qui
1170 954 1276 992 non
1294 947 1375 993 est
1400 937 1667 1006 colligitet
1691 933 2047 1005 perturbatio-

447 1054 567 1090 nem
617 1051 723 1090 non
760 1043 1103 1104 apparentem
1134 1051 1146 1086 :
1180 1033 1269 1102 qui
1312 1046 1439 1086 vero
1465 1041 1549 1085 est
1573 1030 1753 1083 animo
1776 1028 1961 1083 sedato
1990 1037 2047 1082 et

446 1131 759 1201 tranquillo,
786 1129 946 1183 etiam
966 1142 1087 1182 eum
1110 1126 1201 1196 qui
1229 1123 1586 1179 estdissolvit.
1606 1121 1720 1176 Non
1736 1123 1885 1176 vides
1910 1135 2047 1174 nau-

444 1224 638 1283 clerus,
665 1233 724 1276 ut
754 1220 1051 1275 iusanL-nte
1094 1219 1247 1281 mari,
1278 1215 1507 1271 nubibus
1536 1211 2043 1277 transeurrentibus,

445 1314 757 1369 fulminibus
786 1312 951 1377 elisis,
981 1310 1231 1365 omnibus
1261 1310 1312 1362 itt
1343 1308 1550 1378 navigio
1583 1304 2045 1368 tumultuantibus,

447 1407 513 1461 ad
539 1405 901 1477 gubernacula
929 1403 1118 1458 sedent
1150 1402 1249 1471 ipsi
1280 1401 1396 1455 sine
1426 1398 1774 1468 trepidatione
1801 1406 1855 1451 et
1881 1406 2044 1461 metu,

448 1510 505 1554 et
532 1499 631 1552 arti
674 1514 785 1552 sua:
812 1505 1021 1561 vacant,
1069 1505 1127 1549 ut
1154 1494 1522 1549 imminentem
1556 1490 1843 1559 procellam
1873 1489 2048 1559 repel-

453 1590 599 1646 lant?
653 1591 759 1645 llos
785 1600 837 1643 et
871 1598 922 1642 tu
950 1589 1178 1653 imitare,
1213 1598 1265 1641 et
1290 1599 1496 1640 sacram
1527 1584 1743 1652 capiens
1772 1596 2046 1648 ancoram,

452 1685 506 1738 in
535 1685 697 1737 Deum
724 1697 895 1751 spem,
933 1679 1281 1735 inconcussus
1303 1691 1556 1747 permane
1584 1686 1640 1730 et
1678 1673 2045 1731 immutabilis.

457 1776 770 1845 Quicumque
817 1772 960 1825 audit
1008 1785 1261 1824 sermones
1317 1785 1453 1824 meos
1502 1767 1616 1836 hos,
1659 1765 1850 1837 inquit,
1883 1775 2053 1820 etnon

460 1870 581 1939 facit
628 1869 785 1939 ipsos,
833 1864 1194 1922 assimilttbitur
1237 1863 1431 1918 homini
1472 1863 1647 1926 stulto,
1670 1861 1754 1927 qui
1780 1857 2053 1927 a'diﬁcaoit

452 1961 661 2017 domum
685 1976 830 2014 suam
870 1975 1024 2027 super
1048 1972 1273 2016 arenam.
1305 1964 1353 2008 et
1375 1952 1628 2008 descendit
1654 1952 1844 2022 pluvia,
1877 1960 1925 2003 et
1966 1965 2050 2003 ve-

455 2063 634 2108 nerunt
664 2053 899 2123 ﬂumina,
947 2059 992 2104 et
1035 2051 1283 2119 [laverunt
1308 2048 1459 2111 uenti,
1492 2055 1537 2099 et
1577 2045 1832 2098 irruerunt
1874 2043 1927 2096 iu
1953 2042 2052 2094 do-

454 2163 591 2200 mum
637 2145 800 2208 illam,
858 2155 904 2198 et
953 2142 1155 2205 cecidit;
1202 2150 1247 2193 et
1295 2149 1402 2193 erat
1444 2139 1594 2191 ruina
1651 2137 1811 2206 ipsius
1867 2151 2054 2206 magna

454 2234 670 2306 (Matth.
700 2235 752 2287 7.
780 2232 871 2287 26.
905 2229 1018 2303 ‘27).
1057 2230 1214 2285 Vides
1243 2228 1385 2299 quod
1417 2228 1653 2283 stultitia:
1681 2236 1765 2281 est
1783 2226 1976 2281 cadere
1997 2232 2056 2279 et

457 2324 730 2381 subverti?
778 2324 888 2378 imo
912 2338 1038 2377 vero
1084 2336 1181 2376 uos
1211 2334 1384 2390 neque
1410 2320 1571 2373 Stulto
1600 2318 1675 2371 illi
1704 2317 1905 2371 similes
1931 2314 2056 2369 facti

456 2434 663 2486 sumus,
683 2433 869 2472 verum
893 2424 947 2471 et
972 2416 1060 2469 illo
1082 2414 1331 2468 miserius
1351 2413 1672 2467 cecidimus:
1693 2411 1836 2464 illius
1861 2423 2055 2477 nempe

457 2514 651 2567 domus
682 2520 800 2579 post
829 2508 1068 2574 ﬂumina,
1101 2514 1219 2577 post
1239 2505 1471 2560 delatum
1513 2505 1761 2568 imbrem,
1795 2510 1917 2573 pest
1940 2502 2059 2556 illa-

462 2617 586 2673 psos
613 2610 800 2656 ventos
839 2599 1057 2664 cecidit;
1100 2612 1199 2653 nos
1239 2611 1369 2651 vero
1396 2610 1499 2650 non
1529 2594 1724 2665 pluviis
1758 2593 2054 2664 ingruenti-

461 2696 582 2759 bus,
610 2708 717 2748 non
736 2690 1039 2746 ﬂuminibus
1065 2688 1502 2759 irrumpentibus,
1526 2701 1633 2741 non
1659 2687 1830 2741 ventis
1848 2686 2057 2739 irruen-

463 2788 624 2852 tibus,
674 2794 797 2839 aute
844 2784 1102 2838 malorum
1147 2780 1550 2852 experientiam,
1601 2794 1666 2835 ex
1713 2779 1895 2835 auditu
1939 2778 2057 2835 solo

460 2878 703 2936 subversi
762 2890 983 2941 sumus,
1048 2884 1103 2931 et
1144 2873 1322 2928 omnia
1373 2888 1493 2944 quae
1549 2870 2059 2942 philosophabamur

460 2973 763 3028 effudimus.
804 2970 1025 3039 Qualem
1069 2967 1199 3023 mihi
1239 2976 1472 3022 mentem
1517 2965 1713 3036 putatis
1736 2979 1877 3020 nunc
1902 2964 2058 3020 esse?

462 3064 731 3136 quomodo
762 3063 966 3134 pudore
995 3061 1268 3117 suifundi?
1297 3060 1565 3132 quomodo
1611 3058 1877 3132 deprimi?
1920 3073 2056 3129 quo-

465 3157 624 3212 modo
650 3154 1007 3212 erubescere?
1032 3154 1141 3210 Nisi
1166 3154 1328 3209 multa
1357 3168 1387 3208 a
1414 3152 1655 3224 patribus
1674 3153 1725 3207 vi
1750 3151 2059 3222 compulsus

462 3247 703 3314 fuissem,
753 3262 928 3317 neque
968 3246 1341 3309 surrexissem,
1370 3258 1543 3316 neque
1565 3245 1816 3315 loquutus
1841 3244 2058 3300 fuissem

463 3341 649 3396 dolore
690 3340 1071 3397 obtenebratus
1109 3355 1176 3395 ex
1230 3339 1665 3410 pusillanimitate
1704 3350 1917 3405 vestra,
1962 3336 2061 3393 sed

465 3447 637 3501 neque
680 3446 821 3486 nunc
866 3431 918 3485 in
946 3430 1207 3499 meipsum
1234 3429 1409 3484 redire
1434 3445 1650 3498 possum
1679 3448 1691 3484 :
1720 3429 1798 3483 sic
1824 3429 2060 3483 animum

466 3524 595 3582 mihi
623 3524 912 3591 indignatio
939 3528 994 3573 et
1040 3518 1250 3573 tristitia
1293 3515 1525 3573 obsidet.
1570 3515 1702 3583 Quis
1749 3515 1892 3571 enim
1937 3529 2051 3571 non

465 3632 608 3688 a‘gre
632 3615 813 3676 ferret,
835 3610 955 3680 quis
978 3625 1085 3663 non
1099 3615 1465 3673 suceenseret,
1487 3606 1698 3677 quando
1715 3615 1835 3677 post
1856 3614 2055 3661 tantam

466 3710 760 3766 doctrinam
807 3703 1092 3776 gentilibus
1143 3714 1277 3770 opus
1310 3698 1569 3754 habuistis
1598 3697 1931 3762 doctoribus,
1962 3697 2053 3768 qui

468 3806 809 3858 hortarentur
849 3805 904 3852 et
965 3802 1276 3858 monerent,
1323 3802 1381 3847 ut
1427 3800 1744 3859 praesentem
1792 3806 2055 3862 generose

464 3899 711 3954 timorem
759 3895 1003 3953 ferretis?
1031 3895 1192 3952 Orate
1231 3897 1390 3969 igitur
1415 3896 1529 3953 dari
1575 3898 1728 3954 nobis
1756 3900 1975 3955 verbum
1999 3899 2054 3954 in

461 3990 738 4061 apertione
763 3989 872 4044 oris
901 3990 1090 4055 nostri,
1117 3997 1173 4043 ut
1195 3990 1330 4044 hanc
1357 3990 1623 4043 tristitiam
1649 4000 1898 4046 excutere
1933 4006 2057 4062 pos-

463 4083 652 4151 simus,
695 4091 749 4137 et
776 4082 989 4152 paulum
1016 4090 1246 4136 mentem
1270 4082 1526 4137 excitare.
1548 4083 1757 4137 Etenim
1788 4084 1963 4154 pudor
1989 4083 2058 4139 de

462 4173 896 4246 pusillanimitate
914 4182 1085 4229 vestra
1116 4174 1353 4229 animum
1378 4172 1533 4228 valde
1564 4183 1804 4228 nostrum
1839 4175 2052 4245 dejeeit.

531 4269 587 4322 2.
629 4267 793 4322 Multa
851 4284 1021 4338 nuper
1074 4266 1142 4321 ad
1168 4265 1485 4323 eharitatem
1522 4276 1757 4321 vestram
1804 4267 2056 4337 loquutus

461 4374 602 4428 sum,
631 4359 765 4414 etde
792 4359 995 4429 laqueis
1020 4358 1176 4414 nobis
1201 4357 1435 4428 undique
1467 4358 1673 4427 positis,
1700 4366 1753 4413 et
1776 4357 1843 4412 de
1865 4359 2058 4413 timore

461 4462 515 4508 et
542 4453 773 4515 tristitia,
811 4453 953 4508 etde
976 4452 1120 4506 luctu
1149 4460 1201 4507 et
1226 4452 1514 4521 voluptate,
1547 4462 1601 4508 et
1629 4452 1698 4508 de
1729 4452 1865 4508 falce
1891 4454 1943 4507 iu
1968 4452 2057 4522 ju-

464 4546 694 4599 rantium
737 4544 927 4598 domos
967 4544 1217 4609 volante;
1263 4560 1328 4598 ex
1361 4546 1425 4598 iis
1471 4546 1631 4615 igitur
1655 4546 1903 4601 omnibus
1929 4560 2059 4600 sane

464 4636 666 4697 multis,
687 4635 775 4688 illa
792 4632 921 4687 mihi
940 4636 1169 4689 maxime
1201 4636 1601 4690 rentiniseimiui
1620 4652 1740 4707 qua:
1755 4637 1822 4692 de
1844 4637 2059 4693 volante

463 4726 601 4783 falce
629 4727 769 4781 dicta
813 4736 937 4781 sunt
974 4725 1159 4797 (Zach.
1190 4728 1243 4783 5.
1279 4727 1350 4799 l),
1392 4729 1443 4781 in
1466 4729 1695 4797 jurantis
1726 4730 1944 4785 domum
1973 4731 2058 4786 di-

463 4829 724 4885 verteute,
758 4819 961 4889 lapides
1003 4830 1058 4876 et
1098 4820 1238 4891 ligna
1283 4820 1593 4889 subruente,
1641 4831 1695 4876 et
1720 4825 1898 4877 omnia
1925 4838 2058 4878 con-

462 4922 728 4969 sumente.
761 4913 830 4968 Et
870 4928 990 4968 cum
1018 4912 1122 4968 hoc
1153 4912 1281 4967 illud
1319 4928 1531 4984 quoque
1564 4914 1868 4981 observate,
1917 4916 2060 4986 quod

462 5016 718 5062 extremae
737 5006 1023 5063 dementire
1043 5006 1477 5082 sitEvangelium
1490 5016 1764 5064 sumentes
1783 5012 1986 5078 jurare,
2006 5017 2063 5064 et

462 5098 828 5171 legemjurare
858 5099 1228 5169 prohibentem
1258 5101 1618 5171 juramentum
1652 5101 1801 5157 fieri:
1833 5112 1889 5159 et
1920 5100 2062 5174 quod

462 5194 656 5249 melius
696 5193 767 5247 sit
815 5194 1054 5262 pecuniis
1094 5195 1375 5264 mulctari,
1417 5213 1575 5269 quam
1615 5199 1872 5269 proximis
1909 5198 2061 5268 jura-

461 5294 706 5341 meutum
755 5283 989 5340 oﬂ'erre:
1024 5288 1273 5358 quoniam
1313 5289 1417 5345 hoc
1447 5299 1531 5345 est
1573 5307 1680 5348 non
1713 5278 1955 5349 modicus
2005 5293 2061 5349 in

464 5378 632 5433 Deum
652 5377 841 5431 honor.
896 5371 1029 5432 Cum
1083 5380 1225 5434 enim
1277 5381 1389 5437 Deo
1435 5383 1672 5452 dixeris,
1728 5386 1956 5458 Propter
2009 5397 2063 5443 te

463 5487 569 5526 non
600 5470 841 5540 adjuravi
871 5468 1054 5539 illum,
1103 5473 1191 5542 qui
1237 5483 1353 5528 erat
1402 5473 1604 5531 furatus
1650 5488 1704 5532 et
1745 5479 1882 5534 male
1923 5479 2063 5535 fece-

467 5575 585 5618 rat:
617 5579 714 5633 pro
756 5563 858 5620 hoc
898 5565 1102 5622 honore
1132 5582 1376 5637 magnam
1410 5569 1503 5623 tibi
1533 5570 1715 5626 reddet
1740 5573 1961 5642 gratiam
2006 5581 2063 5631 et

467 5653 519 5707 iu
551 5657 798 5722 prtesenti
830 5667 1070 5726 tempore
1097 5667 1152 5714 et
1179 5659 1232 5713 in
1261 5658 1456 5715 futuro.
1486 5660 1612 5716 Haec
1640 5670 1694 5716 et
1722 5663 1844 5718 aliis
1878 5664 2060 5732 dicite,

471 5752 518 5793 et
552 5743 649 5811 ipsi
674 5745 972 5803 observate.
1003 5749 1126 5805 Scio
1154 5750 1295 5820 quod
1324 5750 1410 5806 hic
1433 5753 1827 5808 reverentiores
1851 5767 2057 5822 sumus,

472 5838 528 5882 et
554 5845 765 5888 omnem
788 5835 1081 5906 improbam
1101 5841 1421 5911 deponimus
1459 5844 1900 5902 consuetudinem
1917 5864 1932 5916 ;
1962 5847 2059 5904 sed

1170 361 1228 418 S.
1267 359 1547 418 JOANNIS
1579 359 2055 417 CIIRYSOSTOMI
2098 362 2417 421 ARCIIIEP.
2465 367 3000 437 CONSTANTINOP.

3643 385 3746 444 164

2158 487 2302 555 quod
2331 487 2613 557 qumritur,
2660 490 2765 545 hoc
2790 501 2895 556 est,
2935 507 3043 546 nou
3067 501 3128 547 ut
3154 494 3241 548 hic
3267 500 3477 549 tantum
3505 496 3746 565 philoso-

2158 578 2410 646 phentur.
2435 581 2531 635 sed
2561 591 2621 636 ut
2645 584 2904 652 pietatem
2935 584 3062 639 hinc
3090 586 3365 656 capientes
3383 598 3535 644 extra
3564 606 3748 647 serve-

2156 685 2297 734 mus,
2322 671 2413 725 tibi
2444 673 2675 728 maxime
2697 674 2867 744 ipsius
2895 675 3217 747 indigemus.
3247 677 3458 735 Etenim
3474 693 3745 753 aquatiles

2156 775 2265 814 non
2290 769 2501 817 tantum
2520 767 2657 835 apud
2677 766 2881 821 fontem
2908 767 3109 822 habent
3126 785 3248 823 vasa
3273 772 3496 841 repleta,
3515 776 3742 833 domum

2155 861 2337 907 autem
2358 854 2624 912 abeuntes
2644 866 2941 920 evacuant;
2968 862 3062 915 sed
3083 860 3190 916 illic
3218 862 3334 932 ipsa
3356 866 3590 923 maxime
3618 884 3745 925 cum

2155 943 2365 998 cautela
2385 957 2678 1017 reponunt,
2702 966 2771 1003 ne
2789 950 3177 1006 subvertantur
3192 963 3242 1007 et
3263 954 3414 1010 labor
3429 957 3523 1012 fiat
3539 958 3742 1015 inanis:

2157 1032 2257 1088 bos
2267 1036 2430 1091 etiam
2444 1054 2545 1093 nos
2557 1040 3235 1115 imitemur,aecurateque,
3251 1047 3468 1104 domum
3486 1052 3743 1122 profecti,

2154 1126 2298 1182 dicta
2324 1144 2621 1185 servemus.
2641 1131 2795 1198 Quod
2818 1133 2862 1188 si
2892 1135 2984 1189 hic
3011 1137 3273 1193 maneatis
3293 1140 3493 1204 satiati,
3516 1142 3742 1198 domum

2154 1234 2287 1273 vero
2303 1222 2535 1276 redeatis
2560 1222 2770 1287 inanes,
2793 1241 2917 1280 vasa
2943 1228 3139 1282 mentis
3156 1238 3351 1284 vestrae
3368 1232 3743 1288 admonitione

2154 1322 2317 1360 vacua
2364 1308 2675 1372 referentes,
2718 1308 2860 1364 nulla
2906 1311 3056 1366 vobis
3082 1327 3146 1366 ex
3178 1311 3280 1366 hae
3316 1313 3618 1385 repletioue
3646 1315 3749 1367 erit

2155 1397 2371 1451 utilitas.
2414 1398 2491 1453 Nc
2531 1399 2661 1453 mihi
2706 1400 2757 1454 in
2805 1403 3049 1472 palmstra
3094 1402 3434 1462 demonstres
3460 1406 3744 1471 athletam,

2153 1488 2249 1543 sed
2300 1488 2352 1543 in
2393 1490 2820 1548 certamiuesne
2865 1494 2993 1549 mihi
3025 1496 3337 1566 religionem
3382 1496 3752 1553 instructiouis

2156 1589 2414 1652 tempore,
2473 1581 2569 1638 sed
2628 1584 2852 1639 actionis
2870 1585 3153 1641 exhibeas.
3179 1587 3389 1643 Laudas
3437 1605 3579 1644 nunc
3626 1604 3753 1660 quas

2155 1672 2433 1727 dicuntur:
2458 1687 2578 1728 cum
2590 1673 2825 1744 juratum
2845 1676 3073 1738 veneris,
3096 1678 3334 1731 omnium
3360 1677 3593 1748 ipsorum
3622 1688 3755 1732 tune

2156 1765 2460 1820 recordare.
2490 1764 2547 1820 Si
2576 1765 2714 1820 haue
2742 1765 2910 1837 legem
2941 1768 3306 1837 expedierilis,
3328 1769 3395 1824 ad
3416 1770 3517 1825 alia
3537 1785 3752 1841 quoque

2157 1858 2359 1927 majora
2398 1858 2731 1928 disciplinam
2778 1861 3125 1928 promovebo.
3175 1861 3314 1916 Ecce
3359 1861 3626 1917 secundus
3665 1862 3755 1917 hic

2157 1965 2328 2006 anuus
2354 1959 2455 2018 est,
2488 1966 2554 2004 ex
2571 1965 2676 2021 quo
2703 1959 2896 2006 vestrm
2919 1951 3383 2007 disserocharitati
3399 1955 3551 2022 (a),et
3578 1967 3756 2023 neque

2156 2053 2371 2100 centum
2420 2044 2815 2115 Scripturarum
2864 2060 3051 2100 versus
3088 2047 3238 2101 vobis
3285 2062 3539 2102 enarrare
3578 2049 3753 2118 potui.

2156 2135 2330 2190 Causa
2377 2150 2525 2201 vero,
2556 2138 2807 2207 quoniam
2850 2151 2884 2192 a
2925 2137 3080 2193 nobis
3108 2139 3318 2194 discere
3356 2154 3490 2209 Opus
3519 2140 3755 2204 habetis,

2157 2245 2277 2300 qua:
2319 2229 2464 2284 domi
2509 2238 2565 2285 et
2610 2245 2706 2299 per
2750 2244 2844 2285 vos
2887 2230 3106 2299 explere
3142 2232 3387 2302 potestis,
3418 2241 3471 2287 et
3492 2232 3757 2286 orationis

2158 2321 2330 2390 major
2376 2336 2499 2391 pars
2539 2323 2694 2377 nobis
2741 2322 2795 2378 in
2826 2322 3058 2377 morales
3103 2322 3431 2393 impenditur
3453 2338 3754 2378 sermones.

2162 2413 2287 2469 llaec
2310 2430 2441 2470 vero
2466 2415 2545 2471 sic
2573 2416 2685 2471 fieri
2715 2430 2822 2471 non
2843 2416 3145 2486 oportebat,
3174 2418 3269 2471 sed
3296 2431 3505 2471 morum
3533 2416 3753 2486 quidem

2160 2521 2287 2560 cura
2309 2522 2340 2561 a
2364 2508 2516 2562 vobis
2551 2507 2681 2578 ipsis
2720 2508 2989 2579 gerenda;
3020 2508 3384 2579 Sripturarum
3412 2524 3539 2564 vero
3563 2522 3758 2565 sensus

2158 2610 2214 2655 et
2253 2601 2642 2670 speeulationes
2681 2602 2833 2657 nobis
2874 2600 3246 2672 permittendae
3285 2609 3459 2657 erant.
3493 2600 3547 2657 Si
3572 2611 3757 2656 autem

2159 2701 2214 2748 et
2239 2707 2267 2746 a
2296 2693 2449 2748 nobis
2474 2693 2659 2749 audire
2684 2703 2801 2749 erat
2825 2709 2979 2764 opus,
3003 2710 3108 2749 uno
3138 2695 3255 2764 plus
3275 2694 3363 2750 die
3384 2709 3489 2749 non
3507 2693 3759 2749 decebat.

2161 2782 2272 2841 Nec
2310 2786 2453 2841 enim
2494 2787 2698 2841 varium
2725 2787 2996 2858 quiddam,
3025 2795 3079 2841 et
3102 2788 3319 2842 inventu
3342 2785 3579 2851 difficile,
3611 2784 3758 2855 quod

2159 2877 2355 2932 dicitur
2397 2889 2499 2945 est,
2541 2893 2641 2933 nec
2680 2879 2839 2933 ullius
2879 2879 3122 2950 indigens
3165 2878 3589 2950 prmparationis.
3618 2875 3757 2931 Cum

2161 2968 2305 3023 enim
2332 2969 2476 3025 Deus
2492 2969 2905 3037 denuntiaverit,
2928 2971 3347 3041 argutatiouibus
3366 2985 3472 3025 non
3497 2978 3578 3025 est
3597 2983 3753 3039 opus.

2162 3061 2305 3117 Deus
2347 3062 2500 3130 dixit,
2543 3061 2626 3116 Ne
2656 3063 2912 3133 juraveris
2934 3078 2953 3117 :
2977 3063 3086 3117 noli
3127 3077 3316 3118 causas
3344 3061 3572 3132 amplius
3608 3075 3638 3113 a
3668 3074 3759 3116 me

2163 3157 2459 3228 requirere.
2504 3156 2618 3213 Lex
2655 3166 2738 3213 est
2768 3157 2912 3228 regia
2945 3173 2961 3211 :
2990 3156 3079 3227 qui
3127 3156 3247 3211 tulit
3286 3156 3477 3225 ipsam,
3508 3163 3563 3208 et
3589 3153 3758 3224 ipsius

2162 3250 2426 3305 rationem
2469 3250 2618 3304 novit
2647 3267 2659 3303 :
2688 3248 2791 3303 nisi
2838 3248 3025 3304 fuisset
3053 3248 3201 3315 utile,
3232 3262 3338 3301 non
3373 3244 3755 3315 prohibuisset,

2163 3356 2271 3396 non
2300 3350 2552 3396 velasset.
2588 3340 2762 3411 Reges
2803 3341 2983 3396 ferunt
3026 3341 3190 3411 leges,
3233 3353 3333 3395 nec
3376 3352 3568 3394 omnes
3613 3351 3759 3406 smpe

2162 3435 2400 3489 utiliter:
2424 3433 2667 3491 homines
2696 3434 2838 3490 enim
2860 3440 3003 3501 sunt,
3028 3447 3128 3489 nec
3146 3432 3285 3487 sicut
3312 3431 3454 3487 Deus
3478 3429 3609 3485 utile
3635 3442 3760 3498 pos-

2163 3536 2290 3581 sunt
2324 3526 2596 3593 invenire;
2647 3534 3016 3583 verumtamen
3066 3538 3316 3596 paremus
3349 3541 3364 3578 :
3401 3523 3517 3578 sive
3561 3533 3761 3575 uxores

2163 3615 2439 3687 ducamus,
2465 3622 2580 3677 sive
2605 3628 2921 3675 testamenta
2942 3619 3217 3686 faciamus,
3239 3618 3352 3672 sive
3372 3629 3556 3671 servos
3574 3626 3760 3668 emero

2164 3710 2475 3780 debeamus,
2519 3715 2632 3769 sive
2673 3712 2884 3779 domos,
2917 3713 3030 3768 sive
3070 3725 3258 3782 agros,
3311 3709 3426 3764 sive
3479 3705 3762 3780 quodlibet

2164 3822 2307 3878 aliud
2346 3821 2518 3876 facere
2538 3860 2554 3886 ,
2583 3834 2689 3873 non
2721 3831 2789 3872 ex
2818 3813 3033 3884 propria
3064 3810 3286 3865 facimus
3311 3807 3427 3864 haec
3451 3807 3712 3862 sententia
3731 3847 3750 3874 ,

2163 3917 2258 3970 sed
2287 3910 2788 3985 quomodocumque
2808 3905 3068 3977 jusserint
3092 3902 3199 3967 illi;
3236 3917 3336 3957 uec
3360 3909 3418 3955 ut
3442 3917 3529 3956 res
3555 3907 3755 3955 nostra

2166 4019 2263 4075 pro
2305 4002 2568 4059 sententia
2614 4008 2796 4054 nostra
2851 3997 3236 4067 disponantur,
3291 3993 3505 4064 penitus
3548 3989 3753 4047 domini

2163 4086 2382 4163 sumus,
2401 4094 2495 4150 sed
2518 4095 2728 4149 illorum
2763 4090 2958 4160 ubique
2983 4086 3263 4143 sententiis
3289 4086 3584 4153 servimus,
3612 4093 3669 4140 et
3705 4083 3757 4139 si

2161 4180 2288 4268 quid
2320 4203 2676 4266 praeterquam
2705 4188 2848 4261 quod
2877 4188 2981 4244 illis
3019 4186 3228 4243 videtur
3266 4184 3510 4252 facimus,
3560 4183 3758 4238 invali-

2162 4289 2288 4343 dum
2340 4294 2394 4341 et
2436 4285 2624 4340 inutile
2665 4282 2925 4338 redditur.
2965 4278 3151 4351 Itaque
3206 4276 3485 4333 hominum
3539 4274 3757 4347 quidem

2163 4379 2366 4449 legibus
2406 4386 2611 4432 tantum
2642 4374 2979 4430 attribuimus
3012 4372 3304 4437 honorem;
3340 4370 3432 4425 Dei
3460 4385 3586 4426 vero
3612 4368 3759 4439 leges

2164 4471 2259 4538 ita,
2289 4485 2492 4540 quaeso,
2522 4456 2990 4523 conculcabimus?
3027 4474 3081 4520 et
3114 4463 3258 4534 quali
3302 4463 3414 4519 haec
3458 4462 3614 4532 digna
3657 4460 3758 4516 de-

2162 4563 2436 4619 fensione?
2480 4562 2620 4632 quali
2666 4560 2857 4615 venia?
2903 4558 3063 4625 Dixit,
3098 4556 3183 4611 Ne
3201 4556 3498 4629 juravcris:
3529 4569 3594 4608 ne
3620 4568 3759 4607 con-

2168 4656 2383 4710 trariatu
2412 4656 2579 4724 ipsius
2623 4652 2727 4724 legi
2766 4653 2937 4723 legem
2984 4666 3078 4722 per
3121 4665 3285 4721 opera
3324 4647 3488 4717 feras,
3534 4656 3593 4701 ut
3633 4661 3759 4702 eum

2164 4748 2455 4804 securitate
2479 4756 2669 4801 cuncta
2696 4745 2859 4800 facias
2884 4754 2938 4799 et
2958 4744 3124 4799 dicas.

2238 4843 2293 4897 5.
2333 4840 2439 4896 Sed
2462 4840 2531 4896 de
2572 4840 2657 4894 his
2678 4838 2892 4908 quidem
2915 4838 3079 4903 satis;
3123 4851 3218 4906 age
3245 4836 3312 4891 de
3338 4836 3424 4901 iis,
3452 4850 3570 4905 qua:
3598 4833 3764 4889 hodie

2164 4933 2301 4989 lecta
2345 4941 2505 4999 sunt,
2545 4948 2649 4987 una
2690 4930 2843 4986 vobis
2870 4930 3113 5001 apposita
3140 4929 3426 4997 sententia,
3455 4943 3762 4984 sermonem

2169 5027 2540 5083 terminemus.
2591 5024 2791 5080 Paulus
2838 5026 3031 5079 vinctus
3062 5021 3189 5079 Iesu
3230 5022 3440 5095 Christi,
3483 5022 3674 5092 inquit,
3715 5032 3764 5075 et

2164 5119 2459 5174 Timotheus
2473 5121 2632 5190 frater
2651 5116 2925 5190 (PhilemJ
2938 5116 2979 5186 ).
3000 5113 3273 5185 Magnifica
3291 5114 3439 5169 Pauli
3452 5113 3761 5184 appellatio,

2168 5226 2275 5265 non
2304 5210 2634 5281 principatus
2655 5218 2710 5263 et
2735 5207 2957 5263 honoris
2982 5222 3199 5271 nomen,
3227 5206 3323 5262 sed
3352 5205 3562 5260 vincula
3589 5214 3643 5258 et
3667 5219 3764 5258 ea-

2168 5314 2307 5361 tena:
2350 5323 2365 5360 :
2410 5320 2535 5359 vere
2580 5303 2891 5373 magniﬁca;
2950 5299 3160 5355 tametsi
3209 5298 3543 5369 splendidum
3590 5297 3766 5367 ipsum

2166 5397 2330 5453 multa
2372 5396 2473 5451 alia
2515 5394 2733 5461 faciunt,
2765 5394 2819 5448 in
2844 5392 3036 5449 etnlum
3063 5392 3176 5461 rapi
3208 5392 3445 5458 tertium,
3471 5391 3523 5444 in
3548 5389 3766 5460 paradi-

2166 5505 2285 5545 sum
2314 5489 2532 5557 deferri,
2579 5491 2744 5566 verba
2788 5487 2975 5544 audire
3001 5485 3319 5551 ineffabilia;
3370 5497 3544 5541 tamen
3571 5484 3768 5538 horum

2167 5584 2297 5639 nihil
2338 5584 2534 5654 posuit,
2584 5583 2679 5639 sed
2721 5597 2819 5652 pro
2863 5582 3111 5637 omnibus
3155 5592 3398 5635 catenam
3425 5597 3439 5635 :
3464 5579 3578 5634 haec
3619 5579 3769 5633 enim

2167 5676 2337 5746 magis
2362 5692 2521 5747 quam
2561 5676 2653 5731 illa
2679 5676 2944 5731 illustrem
2968 5677 3140 5746 ipsum
3163 5673 3421 5731 reddebat
3446 5683 3500 5729 et
3524 5672 3769 5744 splendi-

2232 5856 2308 5916 (α)
2344 5865 2504 5910 Annus
2526 5859 2605 5910 hic
2630 5867 2735 5911 erat
2752 5859 2998 5911 secundus
3012 5858 3371 5921 praedicationis
3392 5857 3739 5920 Chrysostoml.
