4068 6420
103 352 227 409 163

112 467 384 523 Ἐκεῖνον
415 466 517 521 οὐκ
547 468 813 540 ἐφόϐησεν
851 471 883 539 ή
914 470 1079 541 πεῖρα
1110 470 1219 524 τῶν
1248 473 1611 543 πραγμάτων,
1639 473 1700 526 σέ
1717 473 1811 525 καὶ

94 555 133 624 ἡ
147 551 469 629 ἀκοῆμόνη
486 550 645 603 πτοεῖ
662 566 676 615 ;
694 557 800 610 Καὶ
814 555 952 620 τίνος
964 556 1030 609 ἂν
1042 555 1126 627 εἴη
1135 574 1234 627 μεν
1270 556 1410 623 ἄξιοι
1441 558 1600 627 λόγου
1611 598 1622 619 ,
1638 560 1686 611 οἰ
1718 559 1810 611 καὶ

101 644 361 697 θανάτου
402 644 748 714 κατατολμᾷν
785 644 1183 708 κελευσθέντες,
1211 646 1305 698 καὶ
1330 646 1435 699 ὑπὸ
1467 649 1654 717 φήμης
1677 645 1812 715 ψευ-

100 731 241 794 δοῦς
269 728 426 784 οὕτω
444 728 799 801 πτοούμενοι;
827 733 885 785 '0
908 731 1303 803 θορυϐούμενος
1324 734 1417 787 καὶ
1444 735 1534 788 τὸν
1553 736 1654 787 οὐκ
1686 734 1815 787 ὄντα

99 819 293 887 φόϐον
323 820 619 890 συνίστησι
646 821 738 873 καὶ
762 820 1007 891 ταραχὴν
1028 822 1127 890 τὴν
1152 822 1226 893 μὴ
1262 824 1594 893 φαινομένην
1622 835 1671 863 α·
1700 826 1729 877 ό
1756 822 1815 877 δὲ

101 910 166 959 ἐν
191 906 550 959 καταστάσει
584 908 679 960 καὶ
706 906 913 979 γαλήνη
961 908 1141 979 ψυχῆς
1184 908 1259 962 ὣν
1293 911 1387 963 καί
1414 911 1506 963 τὸν
1537 911 1666 964 ὄντα
1706 910 1814 964 δια-

101 995 258 1053 λύει.
292 997 414 1067 Οὐχ
440 998 571 1068 όρᾷς
593 998 717 1061 τοὺς
752 998 1106 1070 κυϐερνήτας,
1131 1001 1212 1054 ὅτι
1238 1001 1338 1071 τῆς
1368 1000 1643 1071 θαλάσσης
1687 1018 1814 1071 μαι-

103 1085 386 1155 νομένης,
427 1086 604 1154 νεφῶν
656 1087 1055 1157 συντρεχόντων
1085 1087 1136 1149 ι),
1168 1087 1406 1158 βροντῶν
1435 1091 1815 1160 καταρρηγνυ-

110 1171 330 1241 μένων,
385 1173 607 1226 πάντων
633 1172 743 1226 τῶν
775 1174 869 1227 ἐπὶ
896 1172 990 1227 τοῦ
1022 1174 1209 1227 πλοίου
1260 1173 1694 1246 θορυϐουμένων,
1723 1176 1815 1228 ἐπὶ

108 1258 227 1311 τῶν
253 1260 471 1313 οἰάκων
497 1261 653 1313 αὐτοὶ
683 1260 973 1331 κάθηνται,
998 1263 1170 1333 χωρὶς
1201 1261 1432 1333 θορύϐου
1458 1263 1550 1315 καὶ
1574 1263 1815 1333 ταραχῆς

108 1349 180 1416 τῇ
206 1347 388 1418 τέχνῃ
422 1350 488 1419 τῇ
525 1348 732 1409 ἑαυτῶν
763 1349 1138 1420 προσέχοντες,
1172 1350 1268 1403 καὶ
1290 1349 1639 1413 σκοποῦντες,
1666 1351 1813 1413 ὅπως

111 1433 211 1485 τὸν
244 1434 481 1487 ἐπιόντα
528 1434 956 1507 διακρούσωνται
1017 1437 1294 1507 χειμῶνα;
1350 1436 1586 1501 Τούτους
1622 1437 1813 1491 καὶσὺ

114 1520 401 1591 μίμησαι,
453 1523 549 1575 καὶ
577 1526 676 1593 τῆς
708 1524 858 1595 ἱερᾶς
890 1524 1137 1595 ἀγκύρας
1164 1524 1575 1595 ἐπιλαϐόμενος,
1606 1527 1706 1595 τῆς
1736 1527 1815 1587 εἰς

112 1608 205 1661 τὸν
232 1608 377 1661 Θεὸν
407 1609 638 1674 ἐλπίδος,
666 1611 916 1675 ἀσειστος
947 1612 1073 1682 μένε
1108 1614 1202 1666 καὶ
1237 1613 1660 1684 ἀπερίτρεπτος.
1688 1610 1815 1678 Πᾶς

112 1698 294 1763 ὅστις
317 1699 538 1753 ἀκούει
553 1718 674 1769 μου
702 1702 845 1767 τοὺς
862 1704 1085 1773 ,λόγους
1117 1703 1386 1769 τούτους,
1423 1704 1575 1774 φησὶ,
1622 1704 1719 1756 καὶ
1743 1706 1814 1758 οὺ

113 1785 279 1839 ποιεῖ
301 1787 559 1853 αὐτοὺς,
596 1790 1022 1857 ὁμοιωθήσεται
1053 1791 1225 1859 ἀνδρί
1248 1789 1444 1861 μωρῷ,
1477 1792 1647 1857 ὅστις
1670 1793 1815 1859 ᾠκο-

109 1872 404 1941 δόμησεν
466 1875 664 1929 αὐτοῦ
719 1876 834 1944 τὴν
880 1878 1079 1932 οἰκίαν
1129 1878 1229 1933 ἐπὶ
1285 1880 1399 1946 τὴν
1439 1879 1665 1948 ἅμμον,
1717 1880 1816 1933 καὶ

106 1961 346 2028 κατέϐη
385 1962 768 2032 ἠβροχὴ,καί
786 1961 978 2035 ἦλθον
1002 1969 1057 2021 οὶ
1085 1967 1355 2036 ποταμοί,
1374 1968 1473 2021 καί
1509 1968 1817 2021 ἔπνευσαν

113 2051 171 2101 οὶ
204 2048 450 2119 ἄνεμοι,
502 2051 600 2104 καὶ
629 2053 1057 2122 προσέρῤηξαν
1107 2053 1184 2124 τῇ
1227 2057 1387 2122 οἰκίᾳ
1439 2056 1665 2124 ἐκείνῃ,
1718 2055 1816 2108 καὶ

106 2136 451 2200 κατέπεσε,
478 2140 575 2193 καὶ
600 2134 680 2209 ἦν
706 2142 742 2208 ἠ
770 2141 994 2208 πτῶσις
1030 2142 1221 2211 αὐτῆς
1250 2142 1501 2212 μεγάλη.
1544 2144 1703 2214 Ὁρᾷς
1736 2145 1816 2196 ὅτι

112 2222 315 2286 ἀνοίας
353 2225 473 2277 ἐστὶ
496 2226 555 2279 τὸ
572 2228 1038 2297 προκαταπίπτειν
1061 2229 1156 2283 καὶ
1192 2230 1615 2301 περιτρέπεσθαι
1635 2248 1649 2297 ;
1674 2230 1819 2284 Μᾶλ-

113 2309 210 2364 λον
245 2311 311 2364 δὲ
340 2314 510 2382 ήμεῖς
561 2315 682 2368 οὐδὲ
719 2316 859 2368 κατὰ
887 2316 978 2368 τὸν
1032 2317 1213 2388 μωρὸν
1243 2319 1450 2372 ἐκεῖνον
1497 2318 1812 2389 ἐγενόμεθα,

112 2398 265 2451 ἀλλὰ
298 2400 398 2452 καὶ
423 2400 631 2455 ἐκείνου
658 2401 987 2474 ἀθλιώτερον
1018 2406 1416 2477 κατεπέσομεν.
1445 2406 1687 2459 Ἐκείνου
1719 2407 1816 2477 μὲν

112 2486 230 2557 γὰρ
260 2489 299 2558 ή
330 2487 483 2542 οἰκία
519 2491 656 2558 μετὰ
686 2493 985 2562 ποταμοὺς,
1052 2493 1190 2564 μετὰ
1218 2494 1278 2547 τὸ
1308 2493 1698 2564 κατενεχθῆναι
1727 2494 1817 2547 τὺν

114 2573 314 2641 ὑετὸν,
382 2576 526 2645 μετὰ
577 2576 639 2629 τὸ
686 2583 1017 2649 προσπεσεῖν
1049 2582 1176 2646 τοὺς
1212 2582 1447 2654 ἀνέμους
1494 2583 1814 2635 κατέπεσενο

119 2663 299 2731 ἡμεῖς
334 2662 397 2715 δὲ
421 2663 522 2716 οὐκ
544 2663 763 2736 ἀνέμων
791 2665 1136 2736 ἐνεχθέντων,
1175 2667 1236 2720 ού
1276 2669 1538 2739 ποταμῶν
1577 2686 1819 2740 προσρη·

121 2747 373 2822 ξάντων,
397 2752 458 2804 ού
493 2754 821 2822 πνευμάτων
867 2754 1306 2825 προσϐαλόντων,
1360 2756 1468 2827 πρὸ
1491 2756 1594 2826 τῆς
1623 2756 1818 2826 πείρας

120 2842 234 2896 τῶν
287 2842 482 2897 δεινῶν
525 2844 635 2898 ἀπὸ
665 2846 763 2916 τῆς
792 2846 964 2917 ἀκοῆς
993 2848 1162 2918 μόνης
1201 2847 1671 2918 περιετράπημεν,
1726 2849 1820 2901 καὶ

121 2933 339 2995 πάντα,
374 2933 520 3004 άπερ
555 2934 1004 3006 ἐφιλοσοφοῦμεν,
1067 2936 1381 3009 ἐξεχέαμεν.
1429 2939 1596 2992 Ποίαν
1644 2940 1820 2992 οἴεσθέ

128 3036 222 3088 μοι
254 3018 414 3091 [162]
444 3020 541 3091 τὴν
567 3020 804 3075 διάνοιαν
836 3018 976 3077 εἶναι
1016 3023 1145 3091 νῦν;
1204 3026 1320 3089 πῶς
1353 3026 1816 3094 ἑγκαλύπτεσθαις

125 3106 254 3170 πῶς
288 3108 690 3174 καταδύεσθαι;
748 3110 865 3174 πῶς
912 3111 1206 3183 ἐρυθριᾷν;
1240 3114 1302 3165 Εἰ
1343 3114 1415 3183 μὴ
1441 3113 1639 3186 πολλὴν
1670 3116 1822 3185 παρὰ

126 3194 243 3245 τῶν
280 3196 540 3267 πατέρων
570 3198 811 3269 ὑπέστην
859 3200 1105 3270 ἀνάγκην
1126 3240 1139 3262 ,
1172 3201 1281 3253 οὐδ’
1334 3200 1398 3254 ἂν
1422 3202 1672 3274 ἀνέστην,
1712 3203 1821 3256 οὐδ’

129 3282 198 3335 ἂν
225 3284 518 3354 διελέχθην
555 3285 661 3338 ὑπὸ
692 3286 790 3354 τῆς
837 3287 1076 3358 ἀθυμίας
1130 3288 1422 3352 σκοτωθεὶς
1473 3290 1567 3360 τῆς
1624 3292 1715 3343 ἐπί
1742 3295 1822 3363 ,τῇ

132 3370 489 3441 μικροψυχία
520 3375 584 3443 τῇ
631 3373 893 3447 ὑμετέρᾳ·
928 3375 1044 3429 ἀλλ’
1078 3376 1202 3428 οὐδὲ
1261 3376 1355 3430 νῦν
1399 3377 1692 3448 δεδύνημαι
1746 3384 1823 3443 είς

130 3458 387 3527 ἐμαυτὸν
417 3460 752 3515 ἐπανελθεῖν·
783 3463 925 3516 οὕτω
951 3483 1039 3535 μοι
1056 3466 1223 3535 θυμὸς
1254 3467 1349 3519 καὶ
1374 3466 1582 3537 ἀθυμία
1610 3469 1824 3539 πολιορ-

131 3549 222 3598 κεῖ
269 3546 374 3617 τὴν
406 3548 604 3618 ψυχήν.
635 3550 731 3611 Τίς
766 3553 871 3622 γὰρ
898 3553 996 3604 οὐκ
1041 3553 1106 3605 ἂν
1141 3555 1564 3621 ἀγανακτήσειέ,
1620 3556 1701 3618 τίς
1728 3558 1826 3608 οὐκ

132 3631 202 3684 ἂν
238 3632 653 3704 δυσχεράνειεν,
683 3638 810 3689 ὅταν
839 3640 979 3707 μετὰ
1004 3641 1270 3711 τοσαύτην
1307 3641 1670 3707 διδασκαλίαν,
1718 3644 1825 3695 Ἐλι

129 3719 324 3790 λήνων
349 3721 544 3792 δέησθε
566 3723 901 3779 διδασκάλων
936 3728 1017 3791 εἰς
1047 3728 1107 3781 τὸ
1146 3729 1561 3799 παρακληθῆναι
1588 3732 1681 3782 καὶ
1710 3748 1827 3783 πει.-

134 3808 346 3877 σθῆναι
375 3810 639 3876 γενναίως
676 3814 920 3881 ἐνεγκεῖν
965 3816 1055 3870 τὸν
1087 3817 1330 3887 παρόντα
1358 3817 1553 3884 φόϐον;
1585 3815 1827 3882 Εΰξασθε

132 3899 328 3951 τοίνυν
350 3900 570 3970 δοθῆναι
594 3902 751 3971 λόγον
778 3905 907 3975 ήμῖν
930 3907 986 3957 ἐν
1009 3906 1209 3972 ἀνοίξει
1232 3906 1325 3959 τοῦ
1355 3906 1620 3977 στόματος
1651 3909 1682 3977 ἡ
1692 3907 1826 3977 μῶν,

134 3986 447 4059 δυνηθῆναί
471 4008 526 4043 τε
554 3992 652 4061 τὴν
699 3992 934 4063 ἀθυμίαν
974 3995 1118 4065 ἡμᾶς
1154 3994 1584 4061 ἀποτινάξασθαι
1621 3995 1826 4067 ταύτην

136 4080 243 4131 καὶ
280 4080 476 4151 μικρὸν
498 4083 814 4155 ἀναστῆναι.
850 4087 957 4139 Καὶ
986 4087 1093 4157 γὰρ
1122 4087 1325 4158 σφόδρα
1352 4087 1649 4141 κατέϐαλεν
1675 4086 1830 4159 ἡμῶν

136 4169 248 4239 τὴν
270 4168 451 4239 ψυχὴν
480 4171 676 4243 ήὺπὲρ
710 4174 808 4243 τῆς
843 4174 1112 4246 ὑμετέρας
1149 4174 1512 4246 μικροψυχίας
1540 4177 1791 4247 αἰσχύνη.

218 4256 294 4327 β’.
330 4256 509 4312 Πολλά
539 4260 730 4332 πρώην
746 4261 1024 4334 διελέχθην
1040 4263 1175 4333 πρὸς
1192 4263 1288 4333 τὴν
1305 4263 1577 4334 ὑμετέραν
1606 4263 1828 4335 ἀγάπην

141 4345 249 4399 καὶ
282 4346 413 4415 περί¹
446 4348 689 4415 παγίδων
720 4349 827 4401 τῶν
856 4351 1192 4422 πανταχόθεν
1230 4352 1364 4420 ημῖν
1408 4350 1698 4421 κειμένων,
1740 4352 1834 4403 καὶ

144 4432 290 4505 περὶ
323 4433 491 4502 φόϐου
524 4436 618 4488 καὶ
644 4436 901 4507 ἀθυμίας,
935 4440 1027 4491 καὶ
1057 4440 1184 4510 περὶ
1212 4437 1443 4502 πένθους
1477 4440 1571 4492 καὶ
1614 4439 1829 4511 ἡδονῆς,

145 4523 255 4575 καί
286 4524 416 4594 περὶ
446 4523 544 4594 τῆς
576 4525 852 4598 δρεπάνης
882 4528 982 4598 τῆς
1011 4527 1102 4579 ἐπὶ
1135 4528 1232 4590 τὰς
1257 4527 1432 4590 οἰκίας
1471 4527 1577 4580 τῶν
1609 4528 1836 4599 όμνυόν-

142 4627 268 4664 των
322 4614 646 4683 πετομένης·
680 4614 788 4667 ἀπὸ
830 4615 940 4666 τῶν
985 4615 1192 4669 πολλῶν
1241 4616 1304 4686 δὴ
1361 4614 1596 4686 μάλιστα
1635 4615 1837 4669 τούτων

147 4699 418 4752 ἀπάντων
446 4701 630 4755 ἐκεῖνα
662 4702 1167 4774 διαμνημονεύσατέ
1205 4721 1295 4774 μοι
1332 4703 1403 4757 τὰ
1433 4703 1562 4773 περὶ
1598 4704 1697 4774 τῆς
1720 4704 1838 4775 δρε-

149 4789 344 4858 πάνης
373 4790 639 4860 εἰρημένα
669 4792 767 4861 τῆς
798 4792 1124 4862 πετομένης,
1168 4792 1262 4845 καὶ
1301 4794 1380 4855 εἰς
1415 4792 1513 4864 τὴν
1546 4792 1719 4845 οἰκίαν
1746 4792 1838 4843 τοῦ

146 4875 457 4947 ὀμνύοντος
502 4879 897 4951 καταλυούσης,
933 4882 1028 4933 καὶ
1074 4881 1200 4943 τοὺς
1252 4879 1431 4943 λίθους
1466 4881 1561 4933 καὶ
1600 4879 1668 4932 τὰ
1707 4878 1840 4943 ξύλα

149 4966 659 5038 κατασκαπτούσης
688 4970 780 5022 καὶ
813 4967 1139 5038 δαπανώσης
1169 4968 1404 5023 ἅπαντα.
1425 4969 1534 5021 Καὶ
1570 4969 1705 5039 μετά
1724 4967 1843 5022 τού-

148 5068 257 5105 του
283 5054 507 5107 κάκεῖνο
535 5056 829 5124 φυλάττετε
849 5098 864 5124 ,
893 5058 979 5111 ὅτι
1011 5057 1110 5126 τῆς
1144 5057 1381 5127 ἐσχάτης
1424 5056 1610 5120 ἀνοίας
1658 5058 1839 5121 ἐστὶν,

158 5138 501 5209 Εὑαγγέλιον
518 5144 894 5215 λαμϐάνοντας
920 5145 1169 5216 ὀμνύναι,
1190 5146 1283 5197 καὶ
1310 5146 1400 5198 τὸν
1433 5145 1594 5216 νόμον
1625 5145 1715 5199 τὸν
1736 5163 1844 5198 κωι

159 5227 362 5281 λύοντα
389 5230 639 5301 ὀμνύναι,
671 5233 861 5287 τοῦτον
890 5235 1051 5305 ὅρκον
1080 5234 1370 5287 ποιεῖσθαι’
1396 5234 1493 5287 καὶ
1526 5234 1606 5286 ὅτι
1636 5234 1844 5304 βέλτιον

159 5316 499 5386 ζημιοῦσθαι
534 5321 812 5392 χρήματα,
846 5321 878 5392 ἢ
913 5326 1026 5387 τοῖς
1057 5322 1285 5392 πλησίον
1319 5323 1480 5393 ὅρκον
1506 5323 1805 5391 ἐπαγαγεῖν
1829 5339 1842 5354 ο

157 5404 249 5458 ὅτι
284 5405 449 5477 ἰκανὴ
476 5408 634 5462 τοῦτο
675 5409 755 5473 εἰς
785 5410 877 5462 τὸν
912 5411 1043 5464 Θεὸν
1077 5411 1289 5479 γίνεται
1326 5414 1481 5481 τιμή.
1530 5410 1701 5464 Ὅταν
1739 5410 1848 5483 γὰρ

159 5492 335 5565 εἴπῃς
359 5493 439 5564 τῷ
462 5494 603 5567 Θεῷ,
634 5498 832 5552 sum
860 5498 921 5550 σὲ
949 5500 1049 5569 οὐχ
1077 5500 1314 5571 ὣρκωσα
1341 5499 1430 5552 τὸν
1464 5499 1611 5552 δεῖνα
1635 5498 1727 5552 τὸν
1751 5517 1847 5553 κε-

161 5583 407 5651 κλοφότα
446 5584 541 5637 καὶ
569 5587 1044 5657 κακουργήσαντα,
1079 5588 1202 5641 ἀντὶ
1222 5587 1427 5657 ταύτης
1458 5604 1541 5640 σοι
1561 5588 1659 5658 τῆς
1678 5588 1845 5659 τιμῆς

165 5669 373 5742 πολλὴν
390 5672 483 5725 καὶ
508 5673 652 5727 κατά
682 5674 855 5745 παρὸν
881 5686 904 5714 α
946 5676 1042 5729 καὶ
1073 5675 1213 5746 μετά
1245 5676 1419 5730 ταῦτα
1452 5676 1722 5729 ἀποδώσει
1749 5678 1852 5748 τήν

227 5843 247 5911 ξ
272 5849 388 5897 Sav.
413 5846 545 5898 addit
569 5849 747 5911 ἐπάγει.

232 5905 265 5982 ξ
288 5911 509 5982 ἓίοξεν.
539 5920 592 5982 e_L
610 5905 823 5982 ngéximq
842 5926 1091 5982 pars
1120 5914 1240 5967 Mor.
1267 5915 1627 5982 διατρεχόντων.

234 5972 261 6005 ⁸
287 5973 441 6023 Sam.
465 5975 587 6023 κατὰ
610 5973 687 6021 τὸν
707 5972 913 6035 παρόντα
934 5978 1102 6028 αἰῶνα.

1125 355 1218 409 AD
1255 355 1585 415 POPULUM
1625 355 2125 414 ANTIOCHENUM
2163 357 2399 416 IIOMIL.
2442 357 2585 415 XVI.

3490 355 3596 412 164

1923 473 2177 545 ἀμοιϐήν.
2202 471 2387 526 Ταῦτα
2410 473 2505 526 καὶ
2529 471 2664 545 πρὸς
2696 470 2915 542 ἐτέρους
2946 468 3154 538 λέγετε,
3187 468 3279 522 καὶ
3304 469 3457 523 αὐτοὶ
3478 470 3589 523 διαι

1923 560 2241 630 φυλάττετε.
2280 555 2410 613 Οἶδα
2432 561 2512 613 ὄτι
2534 557 2768 613 ἐνταῦθα
2785 555 3166 626 εὐλαϐέστεροι
3194 555 3479 626 γινόμεθα,
3498 557 3589 611 καὶ

1922 650 2102 701 πᾶσαν
2132 665 2265 718 πονη
2276 647 2373 719 ράν
2400 645 2689 716 συνήθειαν
2723 642 3108 714 ἀποτιθέμεθα’
3145 643 3281 697 ἀλλά
3304 643 3365 695 τὸ
3391 643 3591 714 ζητού-

1925 752 2084 806 μενον
2110 734 2268 788 τοῦτό
2294 737 2462 800 ἐστιν,
2493 734 2583 787 ἵνα
2608 733 2681 804 μὴ
2723 730 2956 785 ἐνταῦθα
2992 730 3371 801 φιλοσοφῶμεν
3412 732 3592 803 μόνον,

1923 823 2039 876 ἀλλ’
2069 822 2156 875 ἵνα
2184 822 2280 875 καὶ
2304 821 2409 887 ἔξω
2438 819 2537 891 τὴν
2571 819 2855 873 εὐλάϐειαν
2884 819 3087 890 ταύτην
3119 819 3376 884 λαϐόντες
3423 819 3593 874 ἀπέλ-

1923 909 2125 981 θωμεν,
2142 910 2276 963 ὅπου
2309 909 2541 980 μάλιστα
2567 907 2738 977 αὐτῆς
2757 905 3008 976 δεόμεθα.
3027 906 3137 960 Καὶ
3167 908 3275 979 γὰρ
3304 909 3353 961 οἰ
3378 907 3593 981 ὑδρευόν

1929 1015 2079 1069 μενοι
2107 998 2168 1051 ού
2197 997 2346 1068 παρά
2399 997 2497 1067 τὴν
2526 998 2732 1068 κρήνην
2771 997 2930 1068 μόνον
2972 998 3155 1069 έχουσι
3189 996 3594 1068 πεπληρωμένα

1928 1085 1995 1139 τὰ
2024 1087 2245 1155 ἀγγεῖα,
2273 1084 2410 1138 οἴκοι
2438 1085 2493 1137 δὲ
2524 1083 2851 1148 ἀπελθόντες
2880 1085 3148 1150 κενοῦσιν,
3188 1085 3300 1139 ἀλλ’
3332 1086 3447 1137 ἐκεῖ
3488 1085 3595 1155 μά-

1921 1173 2078 1227 λιστα
2106 1173 2246 1227 αὑτά
2272 1172 2408 1243 μετά
2444 1173 2745 1241 ἀσφαλείας
2770 1173 3134 1235 ἀποτίθενται,
3162 1172 3302 1226 ὥστε
3333 1172 3407 1243 μὴ
3438 1190 3596 1243 περι-

1922 1261 2198 1333 τραπῆναι
2256 1262 2349 1313 καὶ
2394 1261 2621 1331 μάταιον
2672 1260 2923 1329 γενέσθαι
2982 1260 3074 1314 τὸν
3127 1261 3306 1314 πόνον.
3360 1260 3597 1325 Τούτους

1926 1351 2022 1405 καί⁵
2054 1353 2214 1421 ήμεῖς
2254 1349 2646 1422 μιμησώμεθα,
2696 1350 2791 1404 καὶ
2834 1351 2972 1403 οίκοι
3014 1350 3296 1421 γενόμενοι
3340 1352 3595 1421 τηρῶμεν

1927 1437 2064 1508 μετὰ
2092 1438 2378 1509 ἀκριϐείας
2410 1438 2479 1491 τὰ
2504 1439 2789 1511 εἰρημέναο
2823 1439 2898 1503 ὡς
2933 1439 3027 1492 ἐάν
3075 1439 3305 1492 ἐνταῦθα
3355 1442 3451 1509 μὲν
3497 1435 3595 1510 ἦτε

1924 1526 2365 1598 πεπληρωμένοι,
2402 1525 2539 1578 οίκοι
2561 1526 2616 1578 δὲ
2648 1528 2967 1598 ἀναχωρῆτε
2991 1528 3157 1585 κενοὶ,
3188 1526 3257 1580 τά
3277 1528 3473 1595 ἀγγεῖα
3495 1526 3598 1598 τῆς

1922 1615 2156 1678 διανοίας
2174 1614 2330 1685 ὑμῶν
2359 1614 2453 1684 έρη
2466 1632 2540 1683 μα
2554 1614 2653 1683 τῆς
2682 1616 3000 1686 ἀκροάσεως
3024 1614 3256 1685 ἔχοντες,
3276 1614 3427 1668 οὐδὲν
3445 1614 3599 1669 ἔσται

1923 1705 1986 1756 ἐκ
2013 1704 2109 1773 τῆς
2133 1700 2365 1755 ἐνταῦθα
2394 1700 2729 1773 πληρώσεως
2762 1702 2890 1770 ὑμῖν
2922 1701 3133 1771 ὄφελος.
3170 1702 3259 1772 Μή
3296 1719 3384 1772 μοι
3417 1702 3599 1772 δείξῃς

1922 1790 1980 1842 ἐν
2004 1792 2069 1861 τῇ
2105 1789 2411 1862 παλαίστρᾳ
2433 1788 2523 1841 τόν
2549 1787 2806 1859 ἀθλητὴν,
2838 1788 2952 1841 ἀλλ’
2979 1791 3035 1841 ἐν
3066 1788 3143 1859 τῷ
3180 1788 3484 1858 σκάμματι·
3522 1789 3597 1860 μή

1926 1896 2015 1949 μοι
2045 1878 2143 1948 τὴν
2172 1877 2456 1930 εὐλάϐειαν
2488 1876 2628 1930 κατά
2658 1877 2749 1929 τὸν
2770 1876 2959 1947 καιρὸν
2979 1876 3074 1947 τῆς
3103 1876 3442 1949 ἀκροάσεως,
3461 1873 3600 1931 ἀλλὰ

1922 1965 2064 2019 κατὰ
2110 1966 2201 2019 τὸν
2251 1966 2440 2038 καιρὸν
2471 1964 2569 2033 τῆς
2620 1963 2894 2035 πράξεως.
2923 1964 3197 2029 Ἐπαινεῖς
3222 1965 3288 2018 τὰ
3326 1964 3597 2033 λεγόμενα

1923 2051 2036 2106 νῦν·
2074 2055 2201 2106 ὅταν
2242 2070 2301 2105 σε
2345 2054 2438 2124 δέῃ
2480 2051 2674 2122 ὀμόσαι
2702 2092 2714 2114 ,
2752 2050 2971 2103 πάντων
3013 2051 3190 2104 αὐτῶν
3222 2050 3600 2121 ἀναμνήσθητι

1923 2141 2180 2194 τότε.Ἃν
2206 2142 2416 2211 ταχέως
2444 2141 2635 2195 τοῦτον
2659 2138 3047 2211 κατορθώσητε
3070 2139 3159 2192 τὸν
3188 2139 3371 2209 νόμον,
3390 2140 3483 2191 καὶ
3509 2138 3596 2208 ἐφ’

1924 2228 2086 2300 ἕτερα
2123 2228 2343 2298 μείζονα
2366 2228 2462 2299 τὴν
2485 2226 2831 2281 διδασκαλίαν
2869 2226 3201 2297 προάξομαι.
3226 2226 3359 2279 Ἰδοὺ
3407 2224 3597 2277 δεύτε-

1929 2334 2017 2386 ρον
2044 2316 2160 2378 ἔτος
2182 2316 2288 2386 ἔχω
2310 2315 2463 2368 τοῦτο
2487 2316 2620 2385 πρὸς
2646 2318 2742 2385 τὴν
2764 2316 3037 2385 ὑμετέραν
3063 2313 3443 2384 διαλεγόμενος
3460 2312 3599 2381 ἀγά-

1926 2422 2055 2476 πην,
2088 2406 2181 2456 καὶ
2209 2404 2331 2456 οὐδὲ
2362 2403 2552 2456 ἑκατὸν
2584 2402 2795 2472 στίχους
2822 2401 2932 2453 τῶν
2965 2401 3198 2471 Γραφῶν
3234 2399 3360 2470 ὑμῖν
3405 2400 3602 2471 ἰσχυσα

1926 2492 2320 2564 ἐξηγήσασθαι⁶
2347 2492 2407 2543 τὸ
2437 2492 2491 2544 δὲ
2527 2490 2719 2551 αἴτιον,
2755 2490 2837 2542 ὅτι
2883 2489 3013 2559 παρ’
3044 2488 3199 2560 ήμῶν
3231 2488 3416 2541 δέεσθε
3462 2506 3601 2558 μαν-

1926 2578 2130 2642 θάνειν,
2145 2577 2287 2651 ἅπερ
2309 2577 2517 2631 οἴκοθεν
2547 2578 2639 2631 καὶ
2656 2577 2786 2648 παρ’
2806 2576 3015 2628 ἑαυτῶν
3032 2574 3260 2628 δύνασθε
3282 2575 3600 2647 κατορθοῦνο

1926 2667 2024 2720 καὶ
2058 2669 2115 2718 τὸ
2167 2666 2325 2719 πλέον
2353 2668 2483 2737 ἡμῖν
2507 2667 2606 2735 τῆς
2634 2664 3010 2736 παραινέσεως
3037 2666 3113 2728 είς
3141 2664 3233 2717 τὸν
3265 2663 3602 2733 ἠθικώτερον

1927 2755 2279 2809 ἀναλίσκεται
2311 2753 2490 2822 λόγον.
2518 2754 2702 2806 Ταῦτα
2737 2753 2793 2805 δὲ
2822 2753 2920 2804 οὐκ
2957 2752 3127 2822 ἐχρῆν
3159 2750 3303 2804 οὕτω
3332 2750 3602 2819 γίνεσθαι’

1930 2842 2082 2915 [165]
2139 2842 2274 2895 ἀλλά
2320 2842 2417 2912 τὴν
2467 2842 2565 2911 μὲν
2597 2841 2706 2893 τῶν
2764 2840 2982 2911 τρόπων
3025 2839 3343 2909 ἐπιμέλειαν
3392 2838 3604 2891 οἴκοθεν

1928 2932 2072 3002 ὑμᾶς
2112 2929 2209 2983 καὶ
2242 2929 2373 3000 παρ’
2411 2928 2620 2981 ἑαυτῶν
2650 2927 3022 2992 παιδεύεσθαι,
3053 2926 3163 2979 τῶν
3194 2926 3423 2997 Γραφῶν
3453 2927 3508 2979 δὲ
3534 2926 3606 2979 τὰ

1929 3021 2175 3090 νοήματα
2217 3016 2313 3070 καὶ
2354 3016 2453 3080 τὰς
2498 3015 2730 3086 θεωρίας
2764 3017 2897 3085 ήμῖν
2926 3014 3267 3086 ἐπιτρέπειν.
3306 3015 3368 3066 Εἰ
3411 3014 3467 3066 δὲ
3515 3013 3609 3069 καὶ

1932 3109 2097 3179 ἐχρῆν
2134 3107 2226 3161 καὶ
2255 3108 2386 3177 παρ’
2428 3104 2588 3176 ήμῶν
2623 3106 2769 3175 ὑμᾶς
2811 3103 3064 3167 ἀκοῦσαι,
3106 3104 3268 3158 πλέον
3309 3106 3439 3173 μιᾶς
3467 3104 3606 3175 ἡμέ-

1933 3214 2030 3268 ρας
2060 3197 2170 3249 ούκ
2195 3194 2322 3248 ἔδειο
2354 3194 2476 3247 οὐδὲ
2506 3193 2615 3264 γάρ
2645 3192 2886 3247 ποικίλον
2909 3210 2964 3245 τι
2994 3193 3090 3247 καὶ
3130 3192 3451 3264 δυσεύρετόν
3490 3193 3607 3246 ἐστι

1930 3286 1991 3337 τὸ
2026 3284 2336 3353 λεγόμενον,
2381 3281 2503 3333 οὐδὲ
2550 3280 2900 3350 κατασκευῆς
2942 3279 3195 3350 δεόμενόν
3233 3295 3397 3342 τινος.
3436 3279 3608 3332 Ὅταν

1932 3372 2042 3441 γὰρ
2066 3375 2093 3425 ό
2119 3371 2251 3434 Θεὸς
2275 3371 2665 3440 ἀποφαίνηται,
2710 3367 2993 3437 σοφισμῶν
3022 3367 3121 3421 οὐκ
3145 3367 3259 3420 ἐστι
3292 3365 3503 3436 καιρός.
3552 3365 3609 3419 ’0

1933 3460 2063 3523 Θεὸς
2089 3455 2227 3512 εἷπε·
2260 3457 2360 3525 Μὴ
2398 3460 2649 3526 ὀμόσῃς·
2690 3456 2764 3527 μὴ
2790 3454 3013 3509 ἀπαίτει
3048 3471 3114 3526 με
3144 3453 3329 3507 λοιπὸν
3355 3451 3607 3516 εὐθύνας.

1934 3547 2120 3617 Νόμος
2168 3546 2287 3600 ἐστὶ
2315 3546 2611 3616 βασιλικός
2643 3546 2671 3598 ό
2704 3543 2819 3607 θεὶς
2854 3542 3013 3596 αὐτὸν
3048 3538 3156 3594 οἶδε
3190 3541 3281 3594 τὸν
3321 3540 3479 3609 λόγον
3514 3537 3612 3593 τοῦ

1935 3637 2123 3705 νόμου·
2153 3636 2200 3687 εί
2230 3634 2304 3706 μὴ
2337 3634 2614 3704 συμφέρον
2639 3629 2727 3704 ἦν,
2754 3634 2854 3687 οὐκ
2886 3631 2951 3685 ἂν
2990 3631 3252 3696 ἐκώλυσε,
3283 3628 3383 3681 οὐκ
3411 3627 3478 3683 ἂν
3508 3629 3614 3682 ἀπ-

1938 3723 2228 3795 ηγόρευσε.
2261 3722 2510 3783 Βασιλεῖς
2532 3721 2843 3791 εἰσφέρουσι
2874 3720 3092 3790 νόμους,
3115 3718 3209 3772 καί
3240 3717 3339 3788 οὐχ
3368 3717 3615 3779 ἅπαντας

1939 3809 2328 3881 συμφερόντως
2376 3802 2655 3870 πολλάκις*
2702 3807 2980 3876 ἄνθρωποι
3009 3808 3118 3876 γάρ
3156 3807 3262 3859 εἰσι
3293 3806 3385 3859 καὶ
3421 3806 3521 3857 οὐκ
3547 3804 3614 3857 ἂν

1937 3897 2181 3951 δύναιντο
2211 3896 2272 3948 τὸ
2309 3897 2582 3966 χρήσιμον
2619 3892 2791 3958 οὓτως
2818 3894 3019 3964 εὑρεῖν,
3048 3893 3238 3962 ὥσπερ
3269 3893 3298 3943 ό
3319 3892 3471 3955 Θεὸς,
3498 3890 3614 3944 ἀλλ’

1937 3986 2085 4055 ὅμως
2130 3982 2272 4036 οὕτω
2329 3981 2647 4051 πειθόμεθα’
2701 3980 2804 4033 κᾶν
2857 3982 3122 4048 γυναῖκας
3170 3978 3454 4048 ἀγώμεθα,
3512 3977 3618 4032 κάν

1938 4074 2200 4144 διαθήκας
2253 4070 2515 4141 ποιῶμεν,
2553 4068 2657 4122 κᾶν
2718 4068 2932 4131 οἰκέτας
2990 4067 3243 4120 ὠνεῖσθαι
3312 4065 3614 4136 μέλλωμεν,

1941 4161 2045 4214 κάν
2075 4160 2272 4224 οἰκίας,
2300 4159 2403 4211 κᾶν
2446 4158 2668 4228 ἀγροὺς,
2696 4156 2799 4210 κᾶν
2842 4155 3019 4208 ὁτιοῦν
3059 4154 3246 4225 ἕτερον
3285 4157 3480 4215 ποιεῖν,
3517 4153 3619 4207 ούκ

1942 4249 2121 4319 οἰκεία
2153 4246 2347 4318 γνώμῃ
2378 4246 2550 4299 ταῦτα
2591 4245 2922 4316 πράττομεν,
2960 4242 3073 4296 ἀλλ’
3121 4243 3270 4304 ὅπως
3324 4241 3388 4296 ἂν
3421 4243 3618 4295 ἐκεῖνοι

1947 4334 2257 4400 διατάξωσι,
2293 4334 2389 4387 καὶ
2415 4332 2484 4386 τὰ
2512 4333 2672 4403 ήμῶν
2707 4330 2885 4384 αὐτῶν
2909 4330 3190 4383 διαθέσθαι
3220 4329 3361 4382 κατά
3393 4329 3620 4399 γνώμην

1943 4427 2042 4496 τὴν
2077 4424 2350 4495 ἡμετέραν
2374 4424 2472 4472 οὐκ
2513 4421 2680 4489 ἐσμὲν
2705 4419 2884 4489 κύριοι
2907 4417 3156 4471 καθόλου⁶
3183 4416 3318 4470 ἀλλά
3350 4414 3619 4485 πολλαχοῦ

1942 4516 2061 4576 ταῖς
2120 4511 2344 4563 ἐκείνων
2397 4508 2718 4578 δουλεύομεν
2765 4505 3034 4577 γνώμαις,
3083 4506 3187 4559 κᾶν
3223 4504 3536 4575 ποιήσωμέν
3566 4521 3620 4558 τι

1945 4602 2100 4671 παρά
2123 4600 2183 4651 τὸ
2209 4597 2399 4650 δοκοῦν
2430 4596 2677 4662 ἐκείνοις,
2714 4595 2917 4667 ἄκυρον
2962 4596 3054 4647 καὶ
3085 4595 3358 4665 ἄχρηστον
3390 4592 3623 4660 γίνεται.

1946 4686 2086 4742 Εἶτα
2114 4689 2224 4749 τοῖς
2263 4686 2359 4756 μὲν
2394 4684 2500 4737 τῶν
2548 4684 2852 4754 ἀνθρώπων
2890 4683 3075 4753 νόμοις
3121 4682 3391 4751 τοσαύτην
3429 4680 3626 4733 ἀπονέ-

1950 4793 2122 4847 μομεν
2170 4774 2356 4844 τιμὴν,
2381 4774 2508 4835 τοὺς
2531 4772 2586 4824 δὲ
2615 4771 2707 4824 τοῦ
2737 4770 2871 4824 Θεοῦ
2900 4771 3099 4841 νόμους
3140 4769 3283 4822 οὓτω
3308 4768 3628 4837 καταπατή-

1953 4881 2138 4934 σομεν,
2166 4861 2288 4914 εἰπέ
2316 4878 2438 4932 μοι;
2469 4860 2563 4913 καὶ
2576 4859 2733 4923 ποίας
2752 4857 2926 4912 ταῦτα
2947 4857 3243 4925 ἀπολογίας
3265 4855 3424 4921 data;
3468 4853 3626 4917 ποίας

1953 4952 2315 5022 συγγνώμηςς
2381 4944 2539 5002 Εἷπε’
2603 4945 2701 5015 Μὴ
2756 4946 3018 5015 ὀμόσῃς·
3082 4943 3156 5015 μὴ
3210 4942 3627 5013 ἀντινομοθετή-

1952 5057 2050 5113 σης
2077 5039 2225 5111 αὐτῷ
2245 5039 2334 5092 διὰ
2355 5036 2461 5091 τῶν
2481 5033 2842 5107 πραγμάτων,
2868 5033 2956 5087 ἵνα
2985 5032 3123 5104 μετά
3138 5030 3435 5101 ἀσφαλείας
3458 5029 3632 5085 ἀπανα-

1954 5146 2022 5183 τα
2053 5130 2145 5182 καὶ
2168 5130 2327 5198 ποιῇς
2362 5127 2455 5179 καὶ
2479 5124 2667 5195 λέγῃς.

2021 5259 2092 5322 γ’.
2123 5249 2286 5305 Ἀλλά
2316 5249 2443 5320 περὶ
2473 5247 2570 5319 μὲν
2594 5242 2799 5299 τούτων
2829 5242 2970 5307 ἅλις·
3004 5243 3210 5314 φέρεδέ
3230 5242 3355 5314 μίαν
3380 5241 3533 5311 ῥῆσιν
3567 5237 3632 5290 ἐκ

1957 5341 2063 5393 τῶν
2106 5341 2343 5410 σήμερον
2390 5333 2852 5404 ἀναγνωσθέντων
2912 5332 3252 5407 παραθέντες
3288 5330 3436 5399 ὑμῖν,
3465 5341 3633 5378 κατα-

1957 5428 2254 5497 παύσωμεν
2272 5425 2360 5479 τὸν
2391 5424 2569 5492 λόγον·
2597 5424 2842 5490 Παῦλος
2870 5423 3116 5492 δέσμιος
3131 5416 3335 5487 Ἰησοῦ
3351 5410 3631 5482 Χριστοῦ,

1958 5520 2112 5589 φησὶ,
2141 5515 2238 5571 καὶ
2270 5516 2542 5583 Τιμόθεος
2592 5517 2624 5567 ὀ
2648 5514 2933 5583 ἀδελφός.
2981 5513 3170 5580 Μέγας
3204 5510 3232 5561 ό
3278 5503 3373 5558 τοῦ
3419 5499 3635 5589 Παύλου

1960 5586 2367 5679 χρηματισμὸς,
2398 5604 2500 5656 οὐκ
2532 5602 2709 5676 ἀρχῆς
2731 5602 2824 5654 καὶ
2867 5600 3031 5670 τιμῆς
3072 5596 3264 5665 ὄνομα,
3290 5588 3426 5679 ἀλλὰ
3456 5586 3637 5679 δεσμὰ

1962 5676 2059 5749 καὶ
2088 5692 2325 5756 ἁλύσεις
2366 5691 2581 5763 ἀληθῶς
2614 5690 2807 5760 μέγαςο
2851 5688 3029 5741 καίτοι
3059 5681 3229 5738 πολλά
3270 5678 3433 5734 αὐτὸν
3472 5676 3638 5748 ἕτερα

1961 5780 2213 5855 λαμπρὸν
2244 5782 2407 5840 ποιεῖ,
2430 5779 2489 5832 τὸ
2515 5781 2593 5841 εἰς
2636 5777 2861 5849 οὐρανὸν
2897 5772 3209 5846 ἁρπαγῆναι
3242 5768 3453 5855 τρίτον,
3470 5764 3532 5819 τὸ
3559 5765 3643 5828 εἰς

1968 5853 2294 5939 παράδεισον
2322 5865 2711 5937 ἀπενεχθῆναι,
2752 5865 2813 5917 τὸ
2866 5861 3094 5916 ἀκοῦσαι
3136 5858 3350 5930 ἄρρητα
3401 5853 3640 5939 ῥήματα·

2109 5956 2260 6011 οὐδὲν
2298 5954 2501 6010 τούτων
2541 5954 2757 6023 ἔθηκεν,
2804 5952 2916 6008 ἀλλ’
2952 5950 3071 6005 ἀντὶ
3130 5947 3343 6003 πάντων
3377 5938 3474 6007 τὴν
3517 5938 3647 5994 ἀλυ-
