4068 6444
483 329 588 385 165

484 462 589 499 σιν·
624 443 764 516 αὕτη
792 442 901 517 γὰρ
926 444 1088 498 αὐτὸν
1119 445 1343 499 ἐκείνων
1391 448 1818 518 ἐπιφανέστερον
1855 449 2029 503 ἐποίει
2059 452 2155 504 καὶ

483 532 880 604 λαμπρότερον.
913 533 978 585 Τί
1009 532 1245 603 δήποτες
1301 533 1424 586 Ὅτι
1451 535 1635 587 ἐκεῖνα
1674 534 1772 604 μὲν
1789 535 1904 605 ,τῆς
1934 537 2026 589 τοῦ
2061 538 2155 591 Δεσ

483 620 678 674 σπότου
716 620 1122 691 φιλανθρωπίας
1149 621 1266 673 ἐστὶ
1293 621 1810 693 χαρίσματα,ταῦτα
1831 622 1888 676 δὲ
1906 623 2006 693 τῆς
2022 641 2159 695 καρ-

482 709 669 778 τερίας
696 708 788 761 τοῦ
823 708 1032 771 δούλου,
1063 708 1278 777 καὶτῆς
1313 708 1593 779 ὑπομονῆς
1626 710 1913 780 δείγματα·
1950 710 2070 775 ἐθος
2098 712 2157 764 δὲ

481 798 591 858 τοῖς
642 794 889 863 φιλοῦσιν
951 796 1039 849 ἐπ’
1085 796 1318 860 ἐκείνοις
1385 796 1587 867 μᾶλλον
1641 800 1878 868 φρονεῖν,
1944 798 2029 868 ἐφ’
2073 792 2157 862 οἷς

479 883 547 937 ἂν
600 883 883 954 πάσχωσιν
929 884 1072 956 ὑπὲρ
1120 883 1229 938 τῶν
1284 883 1658 954 φιλουμένων,
1724 885 1756 956 ἤ
1811 885 1897 954 ἐφ’
1952 881 2033 949 οἷς
2088 885 2155 940 ἂν

477 971 878 1043 εὐεργετῶνται
922 972 1054 1043 παρ’
1105 971 1305 1025 αὐτῶν.
1348 972 1460 1041 Ούχ
1492 970 1635 1025 οὕτω
1663 970 1915 1042 βασιλεὺς
1947 973 2040 1026 ἐπὶ
2076 971 2155 1042 τῷ

479 1057 772 1128 διαδήματι
818 1060 1196 1132 ἐναϐρύνεται,
1243 1058 1320 1122 ὡς
1371 1060 1579 1123 ἐκεῖνος
1621 1059 1715 1112 ἐπὶ
1767 1062 1882 1122 τοῖς
1932 1059 2155 1129 δεσμοῖς

428 1164 433 1169 ‘
475 1144 898 1210 ἐκαλλωπίζετο·
948 1147 1044 1201 καὶ
1098 1146 1242 1219 μάλα
1292 1147 1538 1210 είκότως.
1587 1146 1831 1216 Διάδημα
1890 1145 1988 1217 μὲν
2044 1145 2152 1217 γάρ

477 1235 681 1304 κόσμον
708 1235 868 1306 μόνον
893 1235 1047 1306 φέρει
1073 1237 1140 1307 τῇ
1173 1233 1580 1305 στεφανουμένη
1620 1233 1907 1305 κεφαλῇ,ἡ
1937 1232 1994 1286 δὲ
2025 1232 2153 1288 ἀλυ-

478 1339 565 1387 σις
593 1324 687 1377 καὶ¹
723 1323 926 1395 κόσμον
956 1323 1136 1394 πολλῷ
1167 1322 1389 1395 μείζονα
1434 1323 1528 1376 καὶ
1561 1321 1883 1390 ἀσφάλειαν.
1929 1321 1986 1373 '0
2029 1321 2154 1373 στέ-

478 1429 647 1482 φανος
680 1414 709 1466 6
739 1412 1015 1484 βασιλικὸς
1048 1412 1308 1476 πολλάκις
1334 1410 1616 1483 προύδωκε
1645 1411 1741 1481 τὴν
1766 1407 2152 1480 περικειμένην

475 1501 640 1555 αὑτὸν
689 1500 954 1572 κεφαλὴν,
1014 1501 1108 1555 καὶ
1156 1501 1384 1573 μυρίους
1420 1498 1739 1560 ἐπιϐούλους
1778 1498 2148 1562 ἐπεσπάσατο,

475 1588 574 1641 καὶ
606 1590 687 1652 εἰς
713 1589 1025 1660 τυραννίδος
1067 1588 1364 1659 ἐπιθυμίαν
1397 1585 1645 1639 ἐκάλεσε·
1682 1587 1776 1639 καὶ
1805 1587 1863 1637 ἐν
1892 1585 2151 1652 πολέμοις

474 1675 533 1729 δὲ
562 1675 735 1740 οὕτως
759 1678 906 1732 ἐστὶν
950 1676 1255 1746 ἐπισφαλὴς
1296 1677 1324 1728 6
1362 1674 1567 1744 κόσμος
1598 1666 1775 1736 οὗτος,
1811 1672 1887 1735 ὡς
1915 1672 2152 1742 κρύπτε-

475 1763 603 1817 σθαι
631 1764 794 1818 αὑτὸν
822 1764 915 1818 καὶ
943 1762 1320 1817 ἀποτίθεσθαι.
1353 1762 1415 1814 Οἱ
1460 1760 1591 1830 γοῦν
1643 1758 1883 1829 βασιλεῖς
1906 1758 1963 1809 ἐν
1990 1758 2151 1812 πολέ-

476 1869 601 1921 μοις
622 1851 683 1906 τὸ
713 1852 901 1923 σχῆμα
936 1851 1273 1921 ἀμείϐοντες,
1305 1848 1479 1912 οὔτως
1511 1847 1864 1910 ἐαυτοὺςτοίς
1892 1843 2152 1914 πολεμοῦ-

474 1957 559 1994 σιν
581 1940 997 2011 ἀναμιγνύουσι·
1018 1939 1250 2010 τοσαύτη
1281 1940 1315 2010 ἡ
1343 1935 1602 2009 προδοσία
1632 1932 1740 1988 ἀπὸ
1765 1933 2148 2011 τοῦστεφάνου

471 2009 703 2095 γίνεταιξ
757 2027 820 2080 Ἦ
852 2028 909 2080 δὲ
946 2027 1135 2090 ἅλυσις
1167 2009 1318 2080 οὐδὲν
1347 2024 1586 2078 τοιοῦτον
1608 2009 1985 2095 προξενεῖτοῖς
2006 2021 2151 2090 έχου-

474 2132 581 2180 σιν,
607 2114 743 2168 ἀλλά
767 2114 1080 2169 τούναντίον
1131 2113 1297 2167 ἅπαν·
1353 2114 1481 2165 ὅταν
1514 2111 1752 2182 πόλεμος
1869 2110 1965 2163 καὶ
1994 2108 2147 2182 [164]

472 2203 779 2274 παράταξις
809 2202 946 2273 πρὸς
968 2201 1095 2265 τοὺς
1127 2200 1387 2271 δαίμονας
1415 2200 1510 2253 καὶ
1533 2199 1631 2264 τάς
1654 2198 2035 2268 ἀντικειμένας
2056 2197 2150 2251 δυ-

471 2291 684 2361 νάμεις,
712 2289 1151 2362 προϐαλλόμενος
1172 2286 1342 2359 αὐτὴν
1375 2288 1403 2340 6
1433 2287 1819 2359 περικείμενος
1843 2285 2148 2357 ἀποκρούε-

471 2395 562 2432 ται
602 2380 701 2441 τάς
738 2379 963 2432 ἐκείνων
1010 2377 1253 2447 ἐφόδους.
1303 2376 1416 2429 Καὶ
1452 2373 1560 2428 τῶν
1594 2375 1693 2445 μὲν
1734 2375 2010 2446 ἀρχόντων
2041 2371 2150 2427 τῶν

471 2465 671 2531 ἔξωθεν
701 2465 887 2518 πολλοὶ
906 2466 1005 2536 οὐχ
1035 2464 1201 2536 ἡνίκα
1228 2463 1294 2517 ἂν
1324 2464 1583 2534 ἄρχωσιν,
1617 2462 1753 2516 ἀλλὰ
1778 2462 1873 2515 καὶ
1900 2462 2062 2533 ἡνίκα
2083 2462 2150 2516 ἂν

473 2554 829 2626 παραλυθῶσι
865 2552 965 2623 τῆς
993 2553 1191 2624 ἀρχῆς,
1220 2550 1610 2622 περιφέρουσιν
1659 2550 1831 2620 αὐτῆς
1860 2549 1921 2603 τὸ
1953 2548 2146 2621 δνομα.

555 2643 614 2696 Ὀ
646 2642 796 2696 δεῖνα
841 2640 901 2708 ἐξ
929 2639 1151 2695 ὑπάτων
1203 2638 1475 2707 λέγοντες,
1504 2639 1534 2690 6
1570 2638 1718 2692 δεῖνα
1756 2636 1818 2703 ἐξ
1862 2638 2144 2711 ὑπάρχων·

471 2722 627 2794 οὗτος
658 2729 717 2783 δὲ
740 2728 864 2782 ἀντὶ
901 2729 1121 2783 πάντων
1158 2727 1386 2792 τούτων,
1426 2725 1669 2791 Παῦλος
1694 2724 1963 2795 δέσμιος,
1989 2724 2143 2798 φησί·

472 2821 569 2873 καὶ
603 2817 748 2890 μάλα
781 2815 1027 2881 εἰκότως.
1076 2818 1312 2871 Ἐκεῖναι
1351 2814 1449 2885 μὲν
1476 2812 1586 2883 γάρ
1622 2813 1679 2866 αἱ
1711 2813 1879 2883 ἀρχαὶ⁴
1911 2812 1974 2865 οὐ
2013 2813 2149 2867 πάν-

469 2924 579 2970 τως
610 2905 719 2958 εἰσὶ
748 2907 848 2976 τῆς
878 2904 1021 2959 κατὰ
1051 2903 1227 2973 ψυχὴν
1267 2900 1467 2974 ἀρετῆς
1500 2899 1821 2964 ἀποδείξεις·
1849 2898 2148 2972 χρημάτων

468 2993 578 3066 γάρ
604 2995 742 3048 είσιν
766 2992 993 3064 ὠνηταὶ,
1027 2992 1122 3045 καὶ
1150 2991 1320 3060 φίλων
1341 2988 1630 3051 κολακείας
1652 2988 1884 3042 δέονται·
1917 2987 2058 3059 αῦτη
2091 2987 2149 3042 δὲ

468 3084 504 3153 ἡ
542 3081 684 3154 ἀρχὴ
706 3085 740 3153 ἡ
767 3081 877 3135 ἀπὸ
906 3080 1015 3134 τῶν
1054 3078 1269 3150 δεσμῶν
1312 3078 1414 3148 τῆς
1442 3077 1585 3131 κατὰ
1612 3076 1792 3148 ψυχὴν
1830 3076 2148 3146 φιλοσοφίας

468 3170 615 3223 ἐστὶν
636 3168 893 3241 ἔνδειγμα
907 3180 957 3233 ι,
976 3165 1179 3221 καὶτοῦ
1215 3183 1283 3219 πε
1292 3167 1345 3238 pl
1364 3164 1458 3220 τὸν
1478 3165 1713 3237 Χριστὸν
1738 3164 1905 3218 πόθου
1933 3182 2030 3217 τεκ
2038 3165 2145 3236 μή-

468 3274 585 3326 ριον
627 3256 908 3328 μέγιστον·
951 3256 1209 3310 κάκεῖναι
1262 3255 1360 3325 μὲν
1393 3253 1719 3324 ἀποπηδῶσι
1742 3252 1971 3324 ταχέως,
2006 3251 2147 3323 αῦτη

463 3345 522 3398 δέ
556 3346 655 3399 οὐκ
677 3345 787 3417 ἔχει
811 3345 903 3399 τὸν
932 3343 1305 3416 διαδεξόμενον
1332 3344 1366 3414 ἡ
1384 3343 1551 3413 ἀρχή.
1592 3341 1725 3395 Ἰδοὺ
1749 3339 1881 3410 γοῦν
1909 3340 1968 3407 ἐξ
2002 3340 2148 3394 ἐκεί-

467 3449 560 3485 νου
597 3433 760 3504 μέχρι
782 3432 877 3487 νῦν
912 3432 1079 3496 πόσος
1123 3431 1406 3501 διαγέγονε
1449 3430 1662 3501 χρόνος,
1700 3429 1797 3483 καὶ
1830 3428 2145 3500 λαμπρότε-

472 3535 566 3590 ρον
591 3518 651 3571 τὸ
677 3519 849 3589 ὄνομα
868 3518 964 3572 τοῦ
991 3518 1211 3590 δεσμίου
1247 3517 1440 3587 γέγονε
1456 3514 1669 3570 τούτου·
1695 3515 1790 3570 καὶ
1818 3514 2012 3570 ὕπατοι
2046 3515 2147 3587 μὲν

465 3603 728 3673 ἅπαντες,
760 3607 874 3660 ὅσοι
902 3606 1187 3676 γεγόνασιν
1217 3605 1277 3660 ἐν
1308 3606 1422 3668 τοῖς
1450 3602 1763 3676 ἔμπροσθεν
1784 3603 2017 3675 χρόνοις,
2054 3622 2144 3658 σε-

467 3692 840 3764 σίγηνταικαὶ
886 3694 1008 3747 οὐδὲ
1058 3695 1123 3748 ἐκ
1173 3693 1548 3765 προσηγορίας
1582 3692 1691 3745 εἰσὶ
1720 3691 1986 3763 γνώριμοι
2034 3695 2149 3757 τοῖς

466 3779 709 3846 πολλοῖς·
732 3782 793 3835 τὸ
821 3782 880 3836 δὲ
905 3780 1001 3835 τοῦ
1026 3781 1250 3853 δεσμίου
1279 3780 1473 3835 τούτου
1514 3780 1689 3853 ὄνομα
1728 3778 1823 3833 τοῦ
1873 3780 2146 3852 μακαρίου

466 3871 684 3926 Παύλου
706 3870 842 3924 πολὺ
876 3869 978 3942 μὲν
1010 3868 1267 3936 ἐνταῦθα,
1301 3869 1436 3925 πολὺ
1456 3868 1515 3923 δὲ
1541 3870 1599 3922 ἐν
1626 3871 1695 3941 τῇ
1725 3868 2018 3941 βαρϐάρων
2039 3868 2148 3941 χώ-

466 3977 560 4035 ρᾳ.
595 3959 727 4012 πολὺ
765 3958 825 4013 δὲ
873 3957 1028 4029 παρά
1060 3956 1297 4022 Σκύθαις
1336 3958 1432 4012 zcal
1470 3956 1673 4023 Ἰνδοῖς,
1706 3956 1811 4011 κᾶν
1845 3957 1983 4029 πρὸς
2007 3957 2148 4038 αὐκτά

465 4051 567 4120 τῆς
612 4048 935 4119 οἰκουμένης
983 4045 1144 4118 ἔλθῃς
1182 4045 1252 4101 τά
1280 4045 1517 4121 πέρατα,
1548 4045 1754 4118 ταύτης
1798 4045 2009 4120 ἀκούσῃ
2048 4047 2149 4118 τῆς

466 4134 858 4207 προσηγορίας,
883 4135 978 4189 καὶ
996 4136 1241 4206 ὅπουπερ
1256 4134 1322 4189 ἀν
1342 4151 1425 4198 τις
1452 4134 1740 4205 ἀφίκηται,
1773 4133 1988 4190 Παῦλον
2010 4149 2148 4187 παν-

464 4222 632 4293 ταχοῦ
666 4223 723 4274 ἐν
768 4224 879 4286 τοῖς
911 4222 1165 4277 ἁπάντων
1191 4221 1425 4293 στόμασι
1454 4220 1886 4293 περιφερόμενον
1916 4220 2143 4277 εἴσεται.

466 4310 580 4364 Καὶ
616 4311 668 4363 τί
697 4309 1032 4382 θαυμαστὸν,
1067 4311 1117 4364 εἰ
1137 4310 1195 4364 ἐν
1211 4312 1282 4382 γῇ
1297 4310 1392 4364 καὶ
1427 4309 1840 4382 θαλάττῃ,ὂπου
1863 4325 1927 4375 γε
1954 4310 2049 4364 καὶ
2087 4311 2145 4364 ἐν

464 4399 578 4460 τοῖς
612 4398 857 4469 οὐρανοῖς
883 4397 1017 4451 πολὺ
1044 4398 1104 4451 τὸ
1123 4396 1294 4469 ὄνομα
1327 4397 1539 4451 Παύλου
1560 4396 1712 4470 παρά
1739 4400 1851 4461 τοῖς
1871 4397 2142 4467 ἀγγέλοις,

467 4486 623 4558 παρὰ
641 4491 753 4549 τοῖς
770 4486 1132 4557 ἀρχαγγέλοις
1164 4487 1259 4539 καὶ
1274 4490 1394 4549 ταῖς
1411 4486 1522 4541 ἄνω
1537 4486 1799 4557 δυνάμεσι
1815 4484 2003 4558 καὶτῷ
2017 4486 2144 4540 τού-

467 4590 575 4625 των
596 4573 805 4644 βασιλεῖ
830 4572 950 4643 Θεῷ
967 4592 981 4640 ;
998 4574 1110 4626 Kal
1130 4572 1349 4626 ποταπά
1361 4569 1428 4644 ἦν
1462 4575 1664 4641 ἐκεῖνα,
1683 4575 1837 4645 φησὶ,
1854 4574 1926 4628 τὰ
1942 4575 2141 4645 δεσμὰ,

464 4661 550 4715 δτι
567 4659 837 4733 τοσαύτην
853 4661 1050 4732 ῆνεγκε
1067 4658 1276 4731 τῷ,δεδε
1282 4659 1428 4731 μένῳ
1440 4661 1538 4732 τὴν
1555 4660 1713 4729 δόξαν
1730 4663 1859 4728 ;ούκ
1872 4662 1980 4716 ἀπὸ
1998 4663 2139 4736 σιδὴ-

468 4765 566 4823 ρου
622 4747 1060 4813 κατεσκεύαστο;
1128 4746 1262 4801 Ἀπὸ
1297 4747 1517 4819 σιδήρου
1572 4750 1670 4819 μὲν
1713 4751 2139 4818 κατεσκεύαστο,

463 4837 607 4892 ἀλλά
639 4836 841 4909 πολλὴν
871 4835 1017 4909 εἶχεν
1047 4836 1390 4892 ἐπανθοῦσαν
1429 4837 1524 4891 τοῦ
1569 4838 1888 4910 Πνεύματος
1911 4839 2011 4911 τὴν
2042 4840 2143 4911 χά-

468 4942 576 4998 ριν,
610 4926 797 4999 ἐπειδὴ
822 4926 910 4981 διὰ
927 4927 1020 4981 τὸν
1043 4926 1280 4998 Χριστὸν
1305 4926 1443 4980 αὐτά
1462 4925 1792 4997 περιέκειτο.
1812 4927 1876 4980 Ὢ
1902 4926 1997 4981 τοῦ
2015 4927 2145 4981 θαύ-

466 5015 673 5086 ματοςί
704 5017 755 5070 οἱ
786 5014 962 5069 δοῦλοι
992 5014 1278 5087 ἐδέθησαν,
1308 5016 1336 5069 6
1360 5014 1638 5087 Δεσπότης
1665 5012 2012 5088 ἐσταυρώθη,
2045 5015 2144 5069 καὶ

466 5101 531 5159 τὸ
551 5105 813 5176 κήρυγμα
845 5104 967 5159 καθ’
1004 5105 1243 5177 ἑκάστην
1281 5104 1506 5171 αὒξεται
1531 5105 1630 5177 τὴν
1655 5106 1891 5178 ἡμέραν,
1921 5108 2017 5160 καὶ
2053 5105 2144 5162 διά

469 5192 838 5264 πραγμάτων,
878 5192 946 5245 δι’
988 5185 1064 5246 ὧν
1110 5193 1391 5264 ἐνομίζετο
1437 5193 1764 5260 κωλύεσθαι,
1798 5193 1887 5247 διὰ
1933 5195 2142 5248 τούτων

422 5268 437 5273 ’
465 5279 709 5350 ἀνήφθη·
732 5279 827 5332 καὶ
844 5281 1097 5352 σταυρὸς,
1128 5283 1224 5335 καὶ
1250 5281 1445 5354 δεσμὰ,
1466 5280 1612 5353 άπερ
1625 5280 1801 5335 ἐδόκει
1819 5281 2095 5353 βδέλυγμα
2112 5281 2142 5322 δ

464 5363 629 5433 εἶναι,
654 5364 830 5421 ταῦτα
855 5365 954 5422 νῦν
979 5367 1255 5439 σωτηρίας
1287 5368 1531 5441 σύμϐολα
1562 5369 1777 5439 γέγονε,
1811 5371 1907 5423 καὶ
1938 5371 2143 5434 παντὸς

464 5453 689 5526 χρυσίου
718 5454 781 5508 τὸ
808 5454 1049 5528 σιδήριον
1085 5456 1261 5509 ἐκεῖνο
1280 5457 1412 5527 ἡμῖν
1439 5457 1763 5529 τιμιώτερον
1784 5452 1874 5529 ἦν,
1902 5457 1964 5511 ού
1990 5457 2144 5529 παρὰ

470 5541 574 5610 τὴν
599 5543 807 5597 οἰκείαν
832 5541 1015 5612 φύσιν,
1049 5543 1186 5597 ἀλλά
1239 5543 1392 5614 παρά
1420 5544 1521 5615 τὴν
1569 5544 1751 5599 αἰτίαν
1795 5547 2001 5616 ταύτην
2046 5547 2143 5599 καὶ

466 5626 566 5698 τὴν
612 5631 868 5685 ὑπόθεσιν
898 5643 945 5687 ο.
1006 5631 1147 5686 Ἀλλ’
1179 5632 1293 5705 ὁρῶ
1336 5650 1392 5686 τι
1432 5634 1528 5686 καὶ
1562 5634 1783 5707 ζήτημα
1821 5634 2139 5708 τικτόμενον

533 5838 557 5912 ξ
583 5839 685 5912 Alii
702 5842 809 5912 ἐστὶ
833 5845 1016 5912 δεῖγμα,
1042 5850 1127 5900 alii
1148 5848 1274 5899 ἐστὶν
1297 5850 1525 5911 ἔνδειγμα.

531 5897 561 5940 δ
588 5900 685 5955 Alii
710 5897 958 5967 βδελυκτῖἰ.

1259 327 1318 385 S.
1345 329 1632 386 JOANNIS
1664 315 2160 392 CIIRYSOSTOM]
2197 337 2516 396 ARCHlEP.
2546 338 3098 398 CONSTANTINOP.

3856 344 3984 403 166

2260 456 2392 525 ἡμῖν
2418 455 2689 510 ἐντεῦθεν·
2724 457 2827 511 κᾶν
2870 456 3182 529 προσέχητε
3224 450 3366 528 μετὰ
3394 455 3702 527 ἀκριϐείας,
3756 458 3876 515 καὶ
3902 450 3977 505 τὸ

2259 540 2594 612 ζητούμενον
2621 542 2753 613 ἐρῶ,
2781 544 2877 597 καὶ
2909 543 3009 615 τὴν
3051 542 3205 597 λύσιν
3245 542 3560 615 προσθήσω.
3597 545 3662 598 Τί
3690 550 3822 600 ποτ’
3863 543 3981 601 οὖν

2259 628 2373 681 ἐστι
2402 628 2463 681 τὸ
2486 627 2850 701 ζητούμενον;
2886 629 3157 684 Εἰσελθὼν
3186 623 3340 695 οὗτος
3359 631 3388 682 6
3415 631 3628 695 Παῦλός
3645 649 3779 686 ποτε
3805 632 3981 705 πρὸς

2257 716 2348 768 τὸν
2364 717 2593 785 Φῆστον,
2636 718 2729 771 καὶ
2756 717 3143 788 διαλεγόμενος
3163 716 3335 788 αὑτῷ,
3373 717 3470 772 καὶ
3499 717 3977 790 ἀπολογούμενος

2257 803 2516 874 περὶτῶν
2542 802 2908 875 ἐγκλημάτων
2956 799 3033 858 ὧν
3088 805 3371 874 ἐπήγαγον
3415 805 3466 857 οἱ
3523 805 3798 869 Ἰουδαῖοι,
3857 806 3975 859 καὶ

2256 890 2430 959 λέγων
2464 892 2580 957 πῶς
2617 889 2726 945 εἶδε
2757 892 2849 947 τὸν
2882 893 3112 964 Ἰησοῦν,
3144 892 3263 957 πῶς
3287 894 3491 964 ἡκουσε
3519 892 3623 962 τῆς
3659 893 3973 965 μακαρίας

2258 977 2471 1048 ἐκείνης
2491 981 2693 1051 φωνῆς,
2725 980 2842 1044 πῶς
2869 980 2958 1034 διά
2984 979 3291 1053 πηρώσεως
3315 980 3598 1050 ἀνέϐλεψε,
3627 980 3747 1045 πῶς
3771 980 3969 1035 ἔπεσε

2256 1064 2349 1118 καὶ
2374 1066 2597 1138 ἀνέστη,
2622 1067 2740 1132 πῶς
2756 1067 3004 1140 εἰσῆλθεν
3027 1068 3378 1140 αἰχμάλωτος
3399 1068 3481 1132 είς
3507 1067 3804 1140 Δαμασκὸν
3834 1085 3968 1138 χω-

2259 1152 2341 1223 ρἰς
2374 1153 2589 1223 δεσμῶν
2626 1155 2931 1227 δεδεμένος,
2985 1156 3079 1210 καὶ
3122 1156 3255 1227 περὶ
3297 1154 3595 1227 προφητῶν
3627 1155 3727 1208 καὶ
3769 1155 3963 1225 νόμου

2253 1240 2578 1311 διαλεχθεὶς,
2593 1243 2689 1297 καὶ
2715 1243 2892 1307 δείξας
2915 1244 2997 1298 ὅτι
3022 1246 3266 1298 κάκεῖνοι
3287 1247 3547 1313 προεῖπον
3574 1243 3751 1296 ταῦτα
3772 1244 3966 1297 ᾶπαν-

2254 1344 2339 1389 τα,
2368 1322 2477 1380 εἷλε
2506 1328 2598 1384 τὸν
2630 1329 2940 1395 δικάζοντα,
2975 1332 3071 1385 καὶ
3121 1331 3306 1402 σχεδὸν
3335 1331 3519 1384 ἔπεισε
3559 1331 3701 1401 πρὸς
3745 1329 3961 1384 ἑαυτὸν

2257 1418 2613 1488 μεταστῆναι.

2322 1502 2384 1556 δ’.
2411 1505 2668 1561 Τοιαῦται
2692 1506 2802 1579 γὰρ
2818 1506 2928 1562 τῶν
2945 1507 3116 1577 ἁγίων
3132 1507 3190 1562 αί
3213 1507 3407 1579 ψυχαί·
3437 1507 3658 1561 ἐπειδὰν
3684 1504 3958 1579 είςμϐὅ]

2253 1590 2531 1656 κινδύνους
2555 1593 2582 1633 ἀ
2614 1595 2953 1665 ἐμπέσωσιν,
2985 1595 3086 1667 οὐχ
3114 1596 3265 1658 ὅπως
3286 1594 3645 1662 ἁπαλλαγῶσι
3678 1594 3792 1647 τῶν
3822 1611 3960 1647 κιν-

2251 1678 2423 1733 δύνων
2463 1679 2778 1745 σκοποῦσιν,
2822 1681 2939 1736 ἀλλ’
2977 1683 3128 1745 ὅπως
3161 1683 3291 1745 τοὺς
3340 1681 3686 1752 ἐμϐαλόντας
3738 1680 3956 1753 θηρεύ-

2254 1781 2425 1829 σαιεν,
2449 1767 2666 1822 ᾶπαντα
2688 1769 3010 1840 πράττουσι·
3034 1768 3287 1842 καθάπερ
3318 1764 3413 1824 οὖν
3443 1769 3674 1823 καὶτότε
3693 1768 3951 1837 ἐγένετο·

2252 1853 2499 1924 εἰσῆλθεν
2528 1855 3021 1928 ἀπολογησόμενος,
3033 1858 3126 1911 καὶ
3151 1857 3244 1911 τὸν
3257 1856 3519 1929 δικαστὴν
3543 1855 3731 1911 λαϐὼν
3745 1857 3951 1928 ἀπῄει.

2252 1942 2362 1995 Καὶ
2387 1942 2561 1995 ταῦτα
2608 1943 2773 2007 αὐτὸς
2827 1945 2857 1997 6
2911 1945 3175 2016 δικαστὴς
3209 1943 3565 2016 ἐμαρτύρησε
3593 1942 3795 2012 λέγων·
3835 1946 3957 2003 Ἐν

2252 2029 2433 2098 ὀλίγῳ
2454 2046 2532 2099 με
2559 2032 2782 2096 πείθεις
2805 2031 3166 2099 Χριστιανὸν
3191 2031 3495 2101 γενέσθαι.
3516 2029 3694 2084 Τοῦτο
3723 2033 3822 2084 καὶ
3844 2032 3953 2102 σή-

2254 2133 2419 2187 μερον
2439 2117 2692 2186 γενέσθαι
2717 2119 2908 2190 ἐχρῆν,
2928 2117 3137 2172 καὶτὸν
3164 2117 3402 2190 ἄρχοντα
3429 2116 3620 2172 τοῦτον
3651 2117 3953 2189 θαυμάσαι

2251 2206 2406 2277 ὑμῶν
2430 2206 2531 2277 τὴν
2561 2206 2967 2277 μεγαλοψυχίαν
2999 2217 3046 2272 ο,
3069 2205 3170 2277 τὴν
3189 2203 3533 2275 φιλοσοφίαν,
3561 2204 3663 2276 τὴν
3702 2207 3952 2276 ἡσυχίαν

2251 2292 2491 2356 ἃπασαν,
2546 2295 2642 2347 καὶ
2680 2295 2745 2347 ἐκ
2791 2294 2895 2364 τῆς
2943 2293 3339 2359 καταστάσεως
3391 2292 3546 2365 ὑμῶν
3581 2292 3951 2348 διδασκαλίαν

2250 2380 2485 2434 λαϐόντα
2518 2381 2793 2447 ἀπελθεῖν,
2840 2380 3122 2454 θαυμάσαι
3175 2380 3268 2435 τὸν
3318 2380 3597 2450 σύλλογον,
3645 2382 3948 2435 ἐπαινέσαι

2248 2468 2310 2521 τὸ
2340 2469 2632 2540 συνέδριον,
2676 2469 2868 2540 μαθεῖν
2930 2469 3026 2523 καὶ
3061 2469 3156 2523 ἀπ’
3189 2467 3373 2522 αὐτῶν
3403 2468 3513 2522 τῶν
3562 2469 3945 2539 πραγμάτων,

2249 2555 2373 2609 ὅσον
2404 2555 2466 2608 τὸ
2501 2555 2665 2626 μέσον
2706 2555 2975 2628 Ἑλλήνων
2995 2573 3058 2609 τε
3078 2555 3176 2612 καὶ
3196 2554 3563 2630 Χριστιανῶν.
3601 2555 3768 2623 Ἀλλ’,
3797 2558 3948 2628 ὅπερ

2250 2642 2458 2712 ελεγον,
2479 2642 2671 2715 ἐπειδὴ
2690 2644 2851 2697 αὑτὸν
2872 2637 3019 2699 εἷλεν
3049 2647 3080 2698 6
3100 2642 3331 2709 Παῦλος,
3352 2643 3606 2707 κάκεῖνος
3628 2638 3811 2707 εἶπεν,
3842 2644 3946 2696 Ἐν

2251 2731 2434 2799 ὀλίγῳ
2457 2748 2536 2801 με
2563 2732 2790 2797 πείθεις
2815 2731 3179 2800 Χριστιανὸν
3205 2729 3507 2801 γενέσθαι,
3537 2729 3886 2802 ἀπεκρίνατο
3914 2732 3946 2784 6

2250 2817 2462 2883 Παῦλος
2486 2817 2678 2884 οὕτως·
2709 2819 3022 2889 Εὐξαίμην
3050 2817 3129 2873 ἂν
3147 2817 3352 2888 ἔγωγε,
3393 2817 3495 2871 καί
3522 2818 3590 2871 ἐν
3619 2818 3805 2886 ὀλίγῳ
3832 2816 3941 2873 καὶ

2248 2904 2556 2972 ἐνπολλῷ,
2571 2909 2642 2961 οὐ
2647 2907 2841 2975 μόνον
2867 2906 2962 2971 σὲ,
2982 2904 3143 2961 ἀλλὰ
3158 2903 3257 2959 καί
3269 2903 3503 2971 πάντας
3517 2904 3657 2970 τοὺς
3670 2905 3942 2959 ἀκούον-

2249 2992 2357 3060 τάς
2396 3011 2516 3064 μου
2576 2993 2858 3065 γενέσθαι
2892 2988 3289 3061 Χριστιανοὺς
3326 2991 3475 3046 ἄνευ
3506 2992 3631 3045 τῶν
3687 2990 3943 3061 δεσμῶν

2249 3082 2496 3135 τούτων.
2523 3081 2588 3134 Τί
2614 3080 2816 3151 λέγεις,
2846 3074 2891 3134 ὦ
2914 3079 3126 3146 Παῦλε;
3163 3080 3333 3134 Ὅταν
3360 3079 3460 3151 μὲν
3494 3079 3764 3150 Ἐφεσίοις
3789 3079 3940 3151 γρά-

2251 3186 2379 3240 φῃς,
2409 3168 2609 3238 λέγεις·
2658 3166 2995 3238 Παρακαλῶ
3022 3162 3138 3223 οὖν
3174 3165 3333 3236 ὑμᾶς
3359 3166 3474 3236 ἐγὼ
3496 3169 3530 3222 ὀ
3563 3166 3814 3235 δέσμιος
3866 3167 3941 3221 ἐν

2248 3256 2464 3324 Κυρίῳ,
2500 3256 2684 3322 ἀξίως
2712 3253 3114 3325 περιπατῆσαι
3168 3253 3278 3324 τῆς
3323 3253 3599 3321 κλήσεως
3644 3249 3723 3324 ἧς
3747 3252 3937 3319 ἐκλή-

2249 3348 2411 3413 θητε·
2457 3343 2556 3398 καὶ
2579 3345 2709 3399 ὅταν
2754 3345 2891 3417 πρὸς
2940 3343 3206 3415 Τιμόθεον
3260 3342 3507 3415 διαλέγῃ·
3556 3343 3653 3396 Ἐν
3677 3334 3728 3408 ᾧ
3752 3358 3938 3395 κακο-

2250 3429 2419 3486 παθῶ
2438 3430 2623 3502 μέχρι
2651 3431 2917 3504 δεσμῶν,
2966 3431 3049 3499 ὡς
3085 3430 3439 3502 κακοῦργος·
3473 3430 3570 3484 καὶ
3611 3430 3744 3484 ὅταν
3788 3428 3936 3500 πρὸς

2248 3518 2523 3591 Φιλήμονα
2553 3519 2736 3575 πάλιν·
2758 3518 3002 3587 Παῦλος
3032 3518 3277 3589 δέσμιος
3317 3517 3512 3587 Ἰησοῦ
3530 3514 3809 3587 Χριστοῦ·
3830 3516 3936 3569 καὶ

2249 3605 2380 3660 ὅταν
2430 3607 2707 3672 Ἰουδαίοις
2741 3605 3057 3679 συνδικάζῃ,
3087 3605 3510 3675 λέγεις·Ἕνεκα
3537 3603 3650 3673 τῆς
3676 3602 3932 3671 ἐλπίδος

2249 3693 2357 3748 τοῦ
2391 3693 2642 3764 Ἰσραὴλ
2677 3695 2795 3764 τὴν
2828 3693 3056 3750 ἅλυσιν
3080 3694 3309 3762 ταύτην
3333 3694 3682 3762 περίκειμαι·
3715 3691 3814 3745 καὶ
3829 3692 3934 3744 ⁸ιι-

2248 3780 2566 3853 λιππησίοις
2598 3784 2827 3856 γράφων
2852 3783 3058 3853 ἔλεγες·
3090 3783 3274 3838 Ὥστε
3298 3782 3441 3849 τοὺς
3471 3782 3759 3846 πλείονας
3809 3778 3935 3833 τῶν

2252 3868 2552 3940 ἀδελφῶν,
2581 3872 2943 3937 πεποιθότας
2973 3868 3098 3936 τοῖς
3125 3866 3371 3939 δεσμοῖς
3403 3884 3546 3936 μου,
3578 3866 3935 3935 περισσοτέ-

2241 3973 2366 4026 ρως
2392 3954 2869 4028 τολμᾷνάφόϐως
2893 3956 3204 4026 τὸνλόγον
3238 3953 3472 4009 λαλεῖν·
3508 3952 3783 4025 πανταχοῦ
3827 3954 3934 4025 τὴν

2250 4044 2444 4099 ἅλυσιν
2494 4044 2840 4119 περιφέρεις,
2875 4042 3152 4114 πανταχοῦ
3190 4043 3262 4096 τὰ
3294 4041 3466 4113 δεσμὰ
3499 4040 3803 4114 προϐάλλῃ,
3830 4041 3931 4096 καὶ

2250 4132 2526 4203 καυχᾶσαι
2573 4131 2669 4185 ἐπὶ
2699 4130 2779 4203 τῷ
2816 4130 3126 4202 πράγματι·
3176 4129 3256 4192 είς
3286 4129 3633 4199 δικαστήριον
3663 4126 3723 4180 δὲ
3756 4125 3933 4180 ἐλθὼν

2252 4218 2573 4291 προέδωκας
2609 4218 2708 4289 τὴν
2743 4216 3083 4289 φιλοσοφίαν,
3122 4216 3211 4269 ὅτε
3258 4214 3495 4287 μάλιστα
3539 4215 3930 4288 παρρησιάσα-

2251 4307 2376 4360 σθαι
2404 4306 2533 4373 έδει,
2552 4304 2748 4377 καὶτῷ
2777 4306 3006 4378 δικαστῇ
3035 4304 3235 4373 λέγεις·
3275 4302 3592 4373 Εὐξαίμην
3633 4302 3711 4356 ἄν
3737 4318 3814 4357 σε
3834 4320 3935 4371 τε-

2246 4393 2462 4451 νέσθαι
2512 4394 2877 4462 Χριστιανὸν
2921 4393 3071 4448 ἄνευ
3098 4391 3219 4446 τῶν
3253 4391 3495 4462 δεσμῶν
3522 4393 3782 4452 totum;
3816 4392 3932 4445 Kal

2252 4482 2360 4554 μὴν
2398 4483 2446 4536 εί
2490 4482 2636 4537 καλὰ
2672 4481 2742 4535 τὰ
2765 4480 2961 4554 δεσμὰ,
2996 4482 3091 4534 καὶ
3118 4478 3261 4534 οὔτω
3297 4479 3461 4545 καλὰ,
3491 4478 3632 4533 ὥστε
3662 4478 3933 4551 παρέχειν

2249 4571 2343 4623 καὶ
2388 4570 2597 4642 ἑτέροις
2638 4569 2864 4643 θαρρεῖν
2904 4571 2985 4633 είς
3018 4569 3112 4623 τὸν
3140 4568 3282 4641 ὑπὲρ
3314 4568 3417 4639 τῆς
3443 4566 3726 4631 εὐσεϐείας
3766 4567 3929 4636 λόγον

2249 4657 2339 4727 (σὺ
2371 4657 2481 4730 γὰρ
2509 4656 2643 4711 αὐτὸ
2678 4658 2839 4710 τοῦτο
2884 4656 3056 4729 ἔφθης
3103 4655 3296 4722 εἰπὼν,
3340 4657 3424 4710 ὅτι
3462 4656 3509 4709 οἱ
3541 4654 3784 4719 πλείονες
3814 4655 3929 4709 τῶν

2246 4744 2494 4816 ἀδελφῶν
2527 4743 2851 4806 πεποιθότες
2882 4747 2998 4809 τοῖς
3019 4744 3241 4817 δεσμοῖς
3270 4760 3372 4815 μου
3402 4742 3492 4798 τὸν
3516 4742 3673 4812 λόγον
3700 4743 3929 4797 ἐλάλουν

2245 4832 2509 4904 ἀφόϐως),
2539 4833 2685 4897 τίνος
2699 4832 2886 4886 ἕνεκεν
2908 4832 3002 4887 ἐπὶ
3017 4830 3114 4886 τοῦ
3141 4830 3394 4887 δικαστοῦ
3422 4831 3523 4885 οὐκ
3540 4828 3929 4904 ἐγκαλλωπίζῃ

2245 4921 2323 4993 τῷ
2358 4920 2668 4994 πράγματι,
2699 4920 2837 4975 ἀλλά
2865 4921 2961 4975 καὶ
2980 4920 3298 4975 τούναντίον
3330 4921 3535 4987 ποιεῖς;
3574 4915 3723 4991 'Apa
3746 4919 3809 4973 οὐ
3839 4918 3916 4971 δο-

2246 5012 2335 5063 κεῖ
2359 5008 2579 5082 ζήτημα
2612 5007 2834 5079 εἶναιτὸ
2869 5008 3192 5080 λεγόμενον;
3242 5007 3401 5062 Ἀλλά
3432 5005 3692 5078 ταχίστην
3730 5007 3913 5076 ἐπάγο

2245 5095 2343 5167 τὴν
2377 5095 2553 5151 λύσιν.
2595 5096 2671 5150 Οὐ
2707 5096 2819 5169 γάρ
2857 5095 2919 5162 ἐξ
2966 5096 3209 5166 ἀγωνίας
3252 5095 3375 5150 ούδέ
3411 5093 3613 5157 δειλίας
3643 5095 3683 5146 6‘
3710 5094 3917 5157 Παῦλος

2244 5182 2401 5237 τοῦτο
2428 5182 2703 5255 ἐποίησεν,
2729 5183 2844 5237 ἀλλ’
2872 5183 2982 5238 ἀπὸ
3005 5183 3198 5253 σοφίας
3233 5182 3433 5254 πολλῆς
3464 5181 3484 5221 ί
3520 5182 3617 5235 καὶ
3650 5181 3923 5247 συνέσεως

2245 5271 2639 5341 πνευματικῆς·
2669 5272 2764 5324 καὶ
2797 5271 2937 5335 πῶς,
2968 5270 3079 5340 ἐγὼ
3112 5270 3282 5339 λέγω.
3306 5269 3451 5339 Πρὸς
3482 5268 3720 5338 ’Ἕλληνα
3746 5269 3920 5323 διελέ·

2243 5375 2371 5426 γετο
2386 5359 2480 5413 καὶ
2507 5359 2760 5425 ἄπιστον,
2784 5358 2881 5413 καὶ
2907 5359 3009 5412 οὐκ
3034 5357 3215 5411 εἰδότα
3241 5354 3311 5409 τά
3329 5354 3596 5427 ἡμέτερα.
3631 5357 3746 5410 Οὐκ
3768 5357 3916 5411 ἐϐού·

2242 5444 2365 5495 λετο
2402 5440 2582 5497 τοίνυν
2626 5441 2792 5496 αὐτὸν
2838 5441 2948 5495 ἀπὸ
2997 5440 3104 5495 τῶν
3152 5437 3427 5511 φορτικῶν
3462 5439 3771 5507 ἐναγαγεῖν,
3804 5439 3919 5494 ἀλλ’

2307 5605 2330 5633 α
2354 5602 2583 5663 Quaedam
2625 5603 2967 5665 supplevimus
2994 5615 3181 5665 fomxssa
3243 5599 3373 5663 apud
3418 5598 3611 5662 licam,
3654 5603 3742 5663 qui
3767 5602 3918 5655 habet

2244 5673 2430 5728 tantum
2449 5665 2579 5728 παρᾲ
2597 5664 2943 5728 τήνῦπὸθεσιν.
2971 5664 3107 5715 Eur.

2304 5726 2332 5765 ἀ
2352 5727 2448 5776 Alii
2473 5725 2531 5774 et’
2548 5725 2660 5775 Sav.
2688 5728 2752 5782 είς
2774 5727 3002 5775 κίνδυνον.

2306 5792 2331 5819 ⁸
2357 5787 2472 5845 Alii,
2502 5790 2633 5836 inter
2656 5802 2779 5849 quos
2802 5787 2975 5847 Savil.,
2999 5789 3079 5835 καὶ
3102 5786 3183 5834 τὸν
3206 5785 3412 5850 ἄρχοντα
3435 5786 3616 5835 τούτων
3650 5787 3919 5839 εἰσελθόντα

2306 5850 2361 5884 ,ὸν
2382 5850 2503 5884 {mia
2524 5850 2789 5884 ηῖὶςηιίὶπῖηης
2815 5850 2899 5884 μὲν
2931 5849 3281 5884 ηςνηληιῑηινῖην

2248 5850 2363 5915 πρὸς
2382 5850 2504 5920 ὑμᾶς
2524 5850 2793 5907 αἰδεσθῆναι
2815 5850 2899 5906 τὴν
2931 5850 3296 5960 μεγαλοφυχίαν.
3450 5909 3478 5920 υ

2316 5910 2334 5950 ί
2344 5912 2548 5971 Qundam
2564 5910 2837 5975 φιλοσοφίας
2855 5910 3109 5971 πολλῆςλιι
3132 5924 3181 5961 ra
3191 5911 3481 5972 quldamahl
3491 5909 3594 5957 ἀλλ’
3615 5908 3731 5969 ὅπερ
3749 5915 3919 5977 ἔλεγεν,
