  <div class='ocr_page' id='page_1' title='image "/cluster/home/n/w/nwhite01/storage/ocr_20150623/49:no.2:pt.1/coo.31924054869486/168.png"; bbox 0 0 4068 6424; ppageno 0'>
   <div class='ocr_carea' id='block_1_1' title="bbox 270 367 371 421">
    <p class='ocr_par' dir='ltr' id='par_1_1' title="bbox 270 367 371 421">
     <span class='ocr_line' id='line_1_1' title="bbox 270 367 371 421; baseline 0.02 -2"><span class='ocrx_word' id='word_1_1' title='bbox 270 367 371 421; x_wconf 68' lang='grc' dir='ltr'><strong>ῗὲἷι</strong></span> 
     </span>
    </p>
   </div>
   <div class='ocr_carea' id='block_1_2' title="bbox 266 471 1852 542">
    <p class='ocr_par' dir='ltr' id='par_1_2' title="bbox 266 471 1852 542">
     <span class='ocr_line' id='line_1_2' title="bbox 266 471 1852 542; baseline -0.004 -12"><span class='ocrx_word' id='word_1_2' title='bbox 266 487 414 530; x_wconf 85' lang='lat' dir='ltr'><strong>unm.</strong></span> <span class='ocrx_word' id='word_1_3' title='bbox 462 475 568 528; x_wconf 78' lang='lat' dir='ltr'><strong>Cur</strong></span> <span class='ocrx_word' id='word_1_4' title='bbox 613 473 866 528; x_wconf 77' lang='lat' dir='ltr'><strong>tandem?</strong></span> <span class='ocrx_word' id='word_1_5' title='bbox 909 473 1170 540; x_wconf 81' lang='lat' dir='ltr'><strong>Quoniam</strong></span> <span class='ocrx_word' id='word_1_6' title='bbox 1233 473 1320 526; x_wconf 88' lang='lat' dir='ltr'><strong>illa</strong></span> <span class='ocrx_word' id='word_1_7' title='bbox 1369 471 1582 542; x_wconf 85' lang='lat' dir='ltr'><strong>quidem</strong></span> <span class='ocrx_word' id='word_1_8' title='bbox 1644 471 1852 525; x_wconf 86' lang='lat' dir='ltr'><strong>Domini</strong></span> 
     </span>
    </p>
   </div>
   <div class='ocr_carea' id='block_1_3' title="bbox 264 563 1856 636">
    <p class='ocr_par' dir='ltr' id='par_1_3' title="bbox 264 563 1856 636">
     <span class='ocr_line' id='line_1_3' title="bbox 264 563 1856 636; baseline -0.004 -14"><span class='ocrx_word' id='word_1_9' title='bbox 264 567 613 636; x_wconf 72' lang='lat' dir='ltr'><strong>benignitatis</strong></span> <span class='ocrx_word' id='word_1_10' title='bbox 651 575 774 620; x_wconf 87' lang='lat' dir='ltr'><strong>sunt</strong></span> <span class='ocrx_word' id='word_1_11' title='bbox 811 566 1032 635; x_wconf 78' lang='lat' dir='ltr'><strong>gratuita</strong></span> <span class='ocrx_word' id='word_1_12' title='bbox 1059 564 1220 629; x_wconf 89' lang='lat' dir='ltr'><strong>dona,</strong></span> <span class='ocrx_word' id='word_1_13' title='bbox 1251 565 1365 618; x_wconf 75' lang='lat' dir='ltr'><strong>haec</strong></span> <span class='ocrx_word' id='word_1_14' title='bbox 1387 577 1516 617; x_wconf 83' lang='lat' dir='ltr'><strong>vero</strong></span> <span class='ocrx_word' id='word_1_15' title='bbox 1551 565 1688 617; x_wconf 86' lang='lat' dir='ltr'><strong>servi</strong></span> <span class='ocrx_word' id='word_1_16' title='bbox 1721 563 1856 616; x_wconf 86' lang='lat' dir='ltr'><strong>tole—</strong></span> 
     </span>
    </p>
   </div>
   <div class='ocr_carea' id='block_1_4' title="bbox 266 652 1855 725">
    <p class='ocr_par' dir='ltr' id='par_1_4' title="bbox 266 652 1855 725">
     <span class='ocr_line' id='line_1_4' title="bbox 266 652 1855 725; baseline -0.004 -14"><span class='ocrx_word' id='word_1_17' title='bbox 266 658 458 711; x_wconf 74' lang='lat' dir='ltr'><strong>rantite</strong></span> <span class='ocrx_word' id='word_1_18' title='bbox 506 666 666 725; x_wconf 89' lang='lat' dir='ltr'><strong>atque</strong></span> <span class='ocrx_word' id='word_1_19' title='bbox 725 655 988 724; x_wconf 70' lang='lat' dir='ltr'><strong>patientiae</strong></span> <span class='ocrx_word' id='word_1_20' title='bbox 1032 654 1256 719; x_wconf 90' lang='lat' dir='ltr'><strong>indicia;</strong></span> <span class='ocrx_word' id='word_1_21' title='bbox 1302 652 1634 707; x_wconf 92' lang='lat' dir='ltr'><strong>consuetudc</strong></span> <span class='ocrx_word' id='word_1_22' title='bbox 1681 662 1855 706; x_wconf 89' lang='lat' dir='ltr'><strong>autem</strong></span> 
     </span>
    </p>
   </div>
   <div class='ocr_carea' id='block_1_5' title="bbox 262 745 1856 814">
    <p class='ocr_par' dir='ltr' id='par_1_5' title="bbox 262 745 1856 814">
     <span class='ocr_line' id='line_1_5' title="bbox 262 745 1856 814; baseline -0.003 -14"><span class='ocrx_word' id='word_1_23' title='bbox 262 749 574 802; x_wconf 85' lang='lat' dir='ltr'><strong>amantibus</strong></span> <span class='ocrx_word' id='word_1_24' title='bbox 604 754 704 812; x_wconf 90' lang='lat' dir='ltr'><strong>est,</strong></span> <span class='ocrx_word' id='word_1_25' title='bbox 751 746 852 800; x_wconf 90' lang='lat' dir='ltr'><strong>illis</strong></span> <span class='ocrx_word' id='word_1_26' title='bbox 893 745 1060 814; x_wconf 88' lang='lat' dir='ltr'><strong>magis</strong></span> <span class='ocrx_word' id='word_1_27' title='bbox 1083 745 1217 800; x_wconf 84' lang='lat' dir='ltr'><strong>allici</strong></span> <span class='ocrx_word' id='word_1_28' title='bbox 1245 761 1366 814; x_wconf 70' lang='lat' dir='ltr'><strong>quae</strong></span> <span class='ocrx_word' id='word_1_29' title='bbox 1404 759 1500 813; x_wconf 90' lang='lat' dir='ltr'><strong>pro</strong></span> <span class='ocrx_word' id='word_1_30' title='bbox 1539 745 1730 797; x_wconf 88' lang='lat' dir='ltr'><strong>amatis</strong></span> <span class='ocrx_word' id='word_1_31' title='bbox 1761 759 1856 812; x_wconf 87' lang='lat' dir='ltr'><strong>pa-</strong></span> 
     </span>
    </p>
   </div>
   <div class='ocr_carea' id='block_1_6' title="bbox 263 833 1851 909">
    <p class='ocr_par' dir='ltr' id='par_1_6' title="bbox 263 833 1851 909">
     <span class='ocr_line' id='line_1_6' title="bbox 263 833 1851 909; baseline -0.003 -16"><span class='ocrx_word' id='word_1_32' title='bbox 263 841 492 903; x_wconf 91' lang='lat' dir='ltr'><strong>tiantur,</strong></span> <span class='ocrx_word' id='word_1_33' title='bbox 543 855 702 909; x_wconf 90' lang='lat' dir='ltr'><strong>quam</strong></span> <span class='ocrx_word' id='word_1_34' title='bbox 747 838 830 905; x_wconf 91' lang='lat' dir='ltr'><strong>iis,</strong></span> <span class='ocrx_word' id='word_1_35' title='bbox 879 852 997 907; x_wconf 75' lang='lat' dir='ltr'><strong>qua:</strong></span> <span class='ocrx_word' id='word_1_36' title='bbox 1026 837 1092 889; x_wconf 91' lang='lat' dir='ltr'><strong>ab</strong></span> <span class='ocrx_word' id='word_1_37' title='bbox 1135 835 1262 905; x_wconf 85' lang='lat' dir='ltr'><strong>ipsis</strong></span> <span class='ocrx_word' id='word_1_38' title='bbox 1305 835 1558 890; x_wconf 82' lang='lat' dir='ltr'><strong>beneficia</strong></span> <span class='ocrx_word' id='word_1_39' title='bbox 1599 833 1851 888; x_wconf 88' lang='lat' dir='ltr'><strong>referunt.</strong></span> 
     </span>
    </p>
   </div>
   <div class='ocr_carea' id='block_1_7' title="bbox 264 927 1854 1000">
    <p class='ocr_par' dir='ltr' id='par_1_7' title="bbox 264 927 1854 1000">
     <span class='ocr_line' id='line_1_7' title="bbox 264 927 1854 1000; baseline -0.004 -13"><span class='ocrx_word' id='word_1_40' title='bbox 264 932 386 987; x_wconf 73' lang='lat' dir='ltr'><strong>Non</strong></span> <span class='ocrx_word' id='word_1_41' title='bbox 429 933 503 985; x_wconf 89' lang='lat' dir='ltr'><strong>ita</strong></span> <span class='ocrx_word' id='word_1_42' title='bbox 540 947 633 986; x_wconf 80' lang='lat' dir='ltr'><strong>rex</strong></span> <span class='ocrx_word' id='word_1_43' title='bbox 669 931 963 985; x_wconf 89' lang='lat' dir='ltr'><strong>diademate</strong></span> <span class='ocrx_word' id='word_1_44' title='bbox 1003 929 1285 1000; x_wconf 85' lang='lat' dir='ltr'><strong>gloriatur,</strong></span> <span class='ocrx_word' id='word_1_45' title='bbox 1307 937 1366 982; x_wconf 94' lang='lat' dir='ltr'><strong>ut</strong></span> <span class='ocrx_word' id='word_1_46' title='bbox 1403 929 1490 982; x_wconf 90' lang='lat' dir='ltr'><strong>ille</strong></span> <span class='ocrx_word' id='word_1_47' title='bbox 1514 927 1736 982; x_wconf 85' lang='lat' dir='ltr'><strong>vinculis</strong></span> <span class='ocrx_word' id='word_1_48' title='bbox 1759 927 1854 981; x_wconf 89' lang='lat' dir='ltr'><strong>de-</strong></span> 
     </span>
    </p>
   </div>
   <div class='ocr_carea' id='block_1_8' title="bbox 263 1019 1856 1088">
    <p class='ocr_par' dir='ltr' id='par_1_8' title="bbox 263 1019 1856 1088">
     <span class='ocr_line' id='line_1_8' title="bbox 263 1019 1856 1088; baseline -0.003 -12"><span class='ocrx_word' id='word_1_49' title='bbox 263 1024 569 1078; x_wconf 88' lang='lat' dir='ltr'><strong>lectabatur</strong></span> <span class='ocrx_word' id='word_1_50' title='bbox 592 1039 604 1073; x_wconf 92' lang='lat'><strong>:</strong></span> <span class='ocrx_word' id='word_1_51' title='bbox 625 1031 678 1076; x_wconf 93' lang='lat' dir='ltr'><strong>et</strong></span> <span class='ocrx_word' id='word_1_52' title='bbox 699 1021 906 1075; x_wconf 83' lang='lat' dir='ltr'><strong>merito.</strong></span> <span class='ocrx_word' id='word_1_53' title='bbox 929 1020 1177 1074; x_wconf 84' lang='lat' dir='ltr'><strong>Diadema</strong></span> <span class='ocrx_word' id='word_1_54' title='bbox 1202 1034 1392 1088; x_wconf 90' lang='lat' dir='ltr'><strong>nempe</strong></span> <span class='ocrx_word' id='word_1_55' title='bbox 1408 1019 1578 1072; x_wconf 91' lang='lat' dir='ltr'><strong>solum</strong></span> <span class='ocrx_word' id='word_1_56' title='bbox 1600 1027 1856 1073; x_wconf 88' lang='lat' dir='ltr'><strong>coronato</strong></span> 
     </span>
    </p>
   </div>
   <div class='ocr_carea' id='block_1_9' title="bbox 261 1110 1857 1181">
    <p class='ocr_par' dir='ltr' id='par_1_9' title="bbox 261 1110 1857 1181">
     <span class='ocr_line' id='line_1_9' title="bbox 261 1110 1857 1181; baseline -0.003 -15"><span class='ocrx_word' id='word_1_57' title='bbox 261 1111 431 1181; x_wconf 83' lang='lat' dir='ltr'><strong>capiti</strong></span> <span class='ocrx_word' id='word_1_58' title='bbox 471 1120 714 1166; x_wconf 91' lang='lat' dir='ltr'><strong>ornatum</strong></span> <span class='ocrx_word' id='word_1_59' title='bbox 757 1110 930 1176; x_wconf 83' lang='lat' dir='ltr'><strong>allert,</strong></span> <span class='ocrx_word' id='word_1_60' title='bbox 969 1121 1151 1165; x_wconf 89' lang='lat' dir='ltr'><strong>catena</strong></span> <span class='ocrx_word' id='word_1_61' title='bbox 1185 1125 1311 1165; x_wconf 88' lang='lat' dir='ltr'><strong>vero</strong></span> <span class='ocrx_word' id='word_1_62' title='bbox 1335 1119 1389 1164; x_wconf 92' lang='lat' dir='ltr'><strong>et</strong></span> <span class='ocrx_word' id='word_1_63' title='bbox 1412 1119 1656 1164; x_wconf 91' lang='lat' dir='ltr'><strong>ornatum</strong></span> <span class='ocrx_word' id='word_1_64' title='bbox 1691 1110 1857 1164; x_wconf 92' lang='lat' dir='ltr'><strong>multo</strong></span> 
     </span>
    </p>
   </div>
   <div class='ocr_carea' id='block_1_10' title="bbox 266 1200 1856 1272">
    <p class='ocr_par' dir='ltr' id='par_1_10' title="bbox 266 1200 1856 1272">
     <span class='ocr_line' id='line_1_10' title="bbox 266 1200 1856 1272; baseline -0.001 -16"><span class='ocrx_word' id='word_1_65' title='bbox 266 1203 552 1272; x_wconf 85' lang='lat' dir='ltr'><strong>majorem,</strong></span> <span class='ocrx_word' id='word_1_66' title='bbox 586 1213 639 1257; x_wconf 90' lang='lat' dir='ltr'><strong>et</strong></span> <span class='ocrx_word' id='word_1_67' title='bbox 682 1203 918 1257; x_wconf 87' lang='lat' dir='ltr'><strong>tutelam.</strong></span> <span class='ocrx_word' id='word_1_68' title='bbox 956 1202 1161 1255; x_wconf 81' lang='lat' dir='ltr'><strong>Corona</strong></span> <span class='ocrx_word' id='word_1_69' title='bbox 1211 1216 1352 1271; x_wconf 84' lang='lat' dir='ltr'><strong>saepe</strong></span> <span class='ocrx_word' id='word_1_70' title='bbox 1401 1200 1543 1270; x_wconf 88' lang='lat' dir='ltr'><strong>regia</strong></span> <span class='ocrx_word' id='word_1_71' title='bbox 1591 1207 1750 1268; x_wconf 89' lang='lat' dir='ltr'><strong>caput</strong></span> <span class='ocrx_word' id='word_1_72' title='bbox 1797 1215 1856 1254; x_wconf 90' lang='lat' dir='ltr'><strong>se</strong></span> 
     </span>
    </p>
   </div>
   <div class='ocr_carea' id='block_1_11' title="bbox 262 1291 1852 1363">
    <p class='ocr_par' dir='ltr' id='par_1_11' title="bbox 262 1291 1852 1363">
     <span class='ocr_line' id='line_1_11' title="bbox 262 1291 1852 1363; baseline -0.003 -15"><span class='ocrx_word' id='word_1_73' title='bbox 262 1294 656 1348; x_wconf 87' lang='lat' dir='ltr'><strong>circumdatum</strong></span> <span class='ocrx_word' id='word_1_74' title='bbox 685 1294 936 1363; x_wconf 85' lang='lat' dir='ltr'><strong>prodidit,</strong></span> <span class='ocrx_word' id='word_1_75' title='bbox 969 1294 1275 1347; x_wconf 86' lang='lat' dir='ltr'><strong>innumeros</strong></span> <span class='ocrx_word' id='word_1_76' title='bbox 1296 1292 1475 1346; x_wconf 76' lang='lat' dir='ltr'><strong>allexit</strong></span> <span class='ocrx_word' id='word_1_77' title='bbox 1497 1291 1852 1357; x_wconf 86' lang='lat' dir='ltr'><strong>insidiatores,</strong></span> 
     </span>
    </p>
   </div>
   <div class='ocr_carea' id='block_1_12' title="bbox 264 1382 1854 1456">
    <p class='ocr_par' dir='ltr' id='par_1_12' title="bbox 264 1382 1854 1456">
     <span class='ocr_line' id='line_1_12' title="bbox 264 1382 1854 1456; baseline 0 -20"><span class='ocrx_word' id='word_1_78' title='bbox 264 1394 428 1454; x_wconf 84' lang='lat' dir='ltr'><strong>atque</strong></span> <span class='ocrx_word' id='word_1_79' title='bbox 461 1385 512 1438; x_wconf 92' lang='lat' dir='ltr'><strong>in</strong></span> <span class='ocrx_word' id='word_1_80' title='bbox 551 1385 847 1456; x_wconf 78' lang='lat' dir='ltr'><strong>tyrannidis</strong></span> <span class='ocrx_word' id='word_1_81' title='bbox 889 1384 1370 1452; x_wconf 85' lang='lat' dir='ltr'><strong>concupiscentiam</strong></span> <span class='ocrx_word' id='word_1_82' title='bbox 1414 1382 1680 1446; x_wconf 81' lang='lat' dir='ltr'><strong>invitavit;</strong></span> <span class='ocrx_word' id='word_1_83' title='bbox 1721 1390 1776 1436; x_wconf 88' lang='lat' dir='ltr'><strong>et</strong></span> <span class='ocrx_word' id='word_1_84' title='bbox 1803 1383 1854 1436; x_wconf 91' lang='lat' dir='ltr'><strong>in</strong></span> 
     </span>
    </p>
   </div>
   <div class='ocr_carea' id='block_1_13' title="bbox 265 1475 1853 1544">
    <p class='ocr_par' dir='ltr' id='par_1_13' title="bbox 265 1475 1853 1544">
     <span class='ocr_line' id='line_1_13' title="bbox 265 1475 1853 1544; baseline -0.002 -13"><span class='ocrx_word' id='word_1_85' title='bbox 265 1476 424 1531; x_wconf 82' lang='lat' dir='ltr'><strong>bellis</strong></span> <span class='ocrx_word' id='word_1_86' title='bbox 452 1476 538 1530; x_wconf 90' lang='lat' dir='ltr'><strong>hic</strong></span> <span class='ocrx_word' id='word_1_87' title='bbox 567 1487 787 1530; x_wconf 85' lang='lat' dir='ltr'><strong>ornatus</strong></span> <span class='ocrx_word' id='word_1_88' title='bbox 814 1485 897 1530; x_wconf 91' lang='lat' dir='ltr'><strong>est</strong></span> <span class='ocrx_word' id='word_1_89' title='bbox 923 1475 1057 1530; x_wconf 90' lang='lat' dir='ltr'><strong>adeo</strong></span> <span class='ocrx_word' id='word_1_90' title='bbox 1079 1475 1428 1544; x_wconf 84' lang='lat' dir='ltr'><strong>periculosus,</strong></span> <span class='ocrx_word' id='word_1_91' title='bbox 1459 1483 1516 1528; x_wconf 93' lang='lat' dir='ltr'><strong>ut</strong></span> <span class='ocrx_word' id='word_1_92' title='bbox 1538 1475 1709 1544; x_wconf 89' lang='lat' dir='ltr'><strong>ipsum</strong></span> <span class='ocrx_word' id='word_1_93' title='bbox 1755 1475 1853 1528; x_wconf 89' lang='lat' dir='ltr'><strong>de-</strong></span> 
     </span>
    </p>
   </div>
   <div class='ocr_carea' id='block_1_14' title="bbox 267 1567 1855 1638">
    <p class='ocr_par' dir='ltr' id='par_1_14' title="bbox 267 1567 1855 1638">
     <span class='ocr_line' id='line_1_14' title="bbox 267 1567 1855 1638; baseline -0.001 -18"><span class='ocrx_word' id='word_1_94' title='bbox 267 1578 472 1638; x_wconf 87' lang='lat' dir='ltr'><strong>ponant</strong></span> <span class='ocrx_word' id='word_1_95' title='bbox 492 1578 546 1624; x_wconf 89' lang='lat' dir='ltr'><strong>et</strong></span> <span class='ocrx_word' id='word_1_96' title='bbox 584 1568 929 1623; x_wconf 85' lang='lat' dir='ltr'><strong>abscondant.</strong></span> <span class='ocrx_word' id='word_1_97' title='bbox 972 1567 1027 1622; x_wconf 87' lang='lat' dir='ltr'><strong>ltt</strong></span> <span class='ocrx_word' id='word_1_98' title='bbox 1051 1568 1245 1637; x_wconf 75' lang='lat' dir='ltr'><strong>przeliis</strong></span> <span class='ocrx_word' id='word_1_99' title='bbox 1275 1582 1669 1637; x_wconf 86' lang='lat' dir='ltr'><strong>nonnumquam</strong></span> <span class='ocrx_word' id='word_1_100' title='bbox 1703 1581 1855 1636; x_wconf 87' lang='lat' dir='ltr'><strong>reges</strong></span> 
     </span>
    </p>
   </div>
   <div class='ocr_carea' id='block_1_15' title="bbox 269 1659 1855 1724">
    <p class='ocr_par' dir='ltr' id='par_1_15' title="bbox 269 1659 1855 1724">
     <span class='ocr_line' id='line_1_15' title="bbox 269 1659 1855 1724; baseline -0.001 -11"><span class='ocrx_word' id='word_1_101' title='bbox 269 1661 511 1716; x_wconf 88' lang='lat' dir='ltr'><strong>habitum</strong></span> <span class='ocrx_word' id='word_1_102' title='bbox 557 1670 974 1724; x_wconf 87' lang='lat' dir='ltr'><strong>commutantes,</strong></span> <span class='ocrx_word' id='word_1_103' title='bbox 1021 1661 1090 1715; x_wconf 85' lang='lat' dir='ltr'><strong>ita</strong></span> <span class='ocrx_word' id='word_1_104' title='bbox 1135 1676 1321 1714; x_wconf 82' lang='lat' dir='ltr'><strong>manus</strong></span> <span class='ocrx_word' id='word_1_105' title='bbox 1364 1675 1482 1714; x_wconf 90' lang='lat' dir='ltr'><strong>cum</strong></span> <span class='ocrx_word' id='word_1_106' title='bbox 1529 1659 1855 1712; x_wconf 84' lang='lat' dir='ltr'><strong>certantibus</strong></span> 
     </span>
    </p>
   </div>
   <div class='ocr_carea' id='block_1_16' title="bbox 267 1749 1854 1818">
    <p class='ocr_par' dir='ltr' id='par_1_16' title="bbox 267 1749 1854 1818">
     <span class='ocr_line' id='line_1_16' title="bbox 267 1749 1854 1818; baseline 0 -14"><span class='ocrx_word' id='word_1_107' title='bbox 267 1760 599 1805; x_wconf 88' lang='lat' dir='ltr'><strong>conserunt:</strong></span> <span class='ocrx_word' id='word_1_108' title='bbox 629 1761 770 1806; x_wconf 88' lang='lat' dir='ltr'><strong>tanta</strong></span> <span class='ocrx_word' id='word_1_109' title='bbox 815 1767 879 1806; x_wconf 79' lang='lat' dir='ltr'><strong>ex</strong></span> <span class='ocrx_word' id='word_1_110' title='bbox 924 1765 1118 1806; x_wconf 90' lang='lat' dir='ltr'><strong>corona</strong></span> <span class='ocrx_word' id='word_1_111' title='bbox 1165 1752 1335 1805; x_wconf 90' lang='lat' dir='ltr'><strong>oritur</strong></span> <span class='ocrx_word' id='word_1_112' title='bbox 1375 1749 1620 1818; x_wconf 87' lang='lat' dir='ltr'><strong>proditio.</strong></span> <span class='ocrx_word' id='word_1_113' title='bbox 1657 1750 1854 1804; x_wconf 88' lang='lat' dir='ltr'><strong>Catena</strong></span> 
     </span>
    </p>
   </div>
   <div class='ocr_carea' id='block_1_17' title="bbox 269 1839 1855 1912">
    <p class='ocr_par' dir='ltr' id='par_1_17' title="bbox 269 1839 1855 1912">
     <span class='ocr_line' id='line_1_17' title="bbox 269 1839 1855 1912; baseline 0.001 -19"><span class='ocrx_word' id='word_1_114' title='bbox 269 1857 398 1895; x_wconf 80' lang='lat' dir='ltr'><strong>vero</strong></span> <span class='ocrx_word' id='word_1_115' title='bbox 439 1842 572 1895; x_wconf 87' lang='lat' dir='ltr'><strong>nihil</strong></span> <span class='ocrx_word' id='word_1_116' title='bbox 615 1842 914 1912; x_wconf 88' lang='lat' dir='ltr'><strong>hujusmodi</strong></span> <span class='ocrx_word' id='word_1_117' title='bbox 974 1841 1280 1912; x_wconf 76' lang='lat' dir='ltr'><strong>gerentibus</strong></span> <span class='ocrx_word' id='word_1_118' title='bbox 1329 1839 1502 1906; x_wconf 77' lang='lat' dir='ltr'><strong>affert,</strong></span> <span class='ocrx_word' id='word_1_119' title='bbox 1555 1840 1646 1894; x_wconf 92' lang='lat' dir='ltr'><strong>sed</strong></span> <span class='ocrx_word' id='word_1_120' title='bbox 1696 1855 1855 1896; x_wconf 88' lang='lat' dir='ltr'><strong>omne</strong></span> 
     </span>
    </p>
   </div>
   <div class='ocr_carea' id='block_1_18' title="bbox 269 1931 1850 2004">
    <p class='ocr_par' dir='ltr' id='par_1_18' title="bbox 269 1931 1850 2004">
     <span class='ocr_line' id='line_1_18' title="bbox 269 1931 1850 2004; baseline -0.001 -17"><span class='ocrx_word' id='word_1_121' title='bbox 269 1935 594 1987; x_wconf 90' lang='lat' dir='ltr'><strong>contrarium</strong></span> <span class='ocrx_word' id='word_1_122' title='bbox 624 1951 637 1987; x_wconf 90' lang='lat'><strong>:</strong></span> <span class='ocrx_word' id='word_1_123' title='bbox 665 1950 784 1988; x_wconf 92' lang='lat' dir='ltr'><strong>eum</strong></span> <span class='ocrx_word' id='word_1_124' title='bbox 813 1949 984 2004; x_wconf 87' lang='lat' dir='ltr'><strong>pugna</strong></span> <span class='ocrx_word' id='word_1_125' title='bbox 1010 1933 1079 1988; x_wconf 91' lang='lat' dir='ltr'><strong>sit</strong></span> <span class='ocrx_word' id='word_1_126' title='bbox 1102 1942 1155 1988; x_wconf 93' lang='lat' dir='ltr'><strong>et</strong></span> <span class='ocrx_word' id='word_1_127' title='bbox 1179 1933 1320 1987; x_wconf 90' lang='lat' dir='ltr'><strong>acies</strong></span> <span class='ocrx_word' id='word_1_128' title='bbox 1348 1942 1530 1986; x_wconf 77' lang='lat' dir='ltr'><strong>contra</strong></span> <span class='ocrx_word' id='word_1_129' title='bbox 1560 1931 1850 1997; x_wconf 65' lang='lat' dir='ltr'><strong>daemones,</strong></span> 
     </span>
    </p>
   </div>
   <div class='ocr_carea' id='block_1_19' title="bbox 267 2023 1855 2095">
    <p class='ocr_par' dir='ltr' id='par_1_19' title="bbox 267 2023 1855 2095">
     <span class='ocr_line' id='line_1_19' title="bbox 267 2023 1855 2095; baseline 0.001 -18"><span class='ocrx_word' id='word_1_130' title='bbox 267 2035 321 2077; x_wconf 91' lang='lat' dir='ltr'><strong>et</strong></span> <span class='ocrx_word' id='word_1_131' title='bbox 346 2025 680 2079; x_wconf 75' lang='lat' dir='ltr'><strong>adversarius</strong></span> <span class='ocrx_word' id='word_1_132' title='bbox 722 2035 1032 2094; x_wconf 88' lang='lat' dir='ltr'><strong>potestates,</strong></span> <span class='ocrx_word' id='word_1_133' title='bbox 1079 2024 1415 2095; x_wconf 77' lang='lat' dir='ltr'><strong>pra-tendens</strong></span> <span class='ocrx_word' id='word_1_134' title='bbox 1455 2023 1623 2093; x_wconf 88' lang='lat' dir='ltr'><strong>ipsam</strong></span> <span class='ocrx_word' id='word_1_135' title='bbox 1663 2023 1752 2094; x_wconf 88' lang='lat' dir='ltr'><strong>qui</strong></span> <span class='ocrx_word' id='word_1_136' title='bbox 1791 2038 1855 2078; x_wconf 89' lang='lat' dir='ltr'><strong>ea</strong></span> 
     </span>
    </p>
   </div>
   <div class='ocr_carea' id='block_1_20' title="bbox 269 2116 1854 2188">
    <p class='ocr_par' dir='ltr' id='par_1_20' title="bbox 269 2116 1854 2188">
     <span class='ocr_line' id='line_1_20' title="bbox 269 2116 1854 2188; baseline 0 -18"><span class='ocrx_word' id='word_1_137' title='bbox 269 2119 631 2171; x_wconf 71' lang='lat' dir='ltr'><strong>circumdatus</strong></span> <span class='ocrx_word' id='word_1_138' title='bbox 672 2127 770 2182; x_wconf 89' lang='lat' dir='ltr'><strong>est,</strong></span> <span class='ocrx_word' id='word_1_139' title='bbox 816 2118 1028 2172; x_wconf 88' lang='lat' dir='ltr'><strong>illorum</strong></span> <span class='ocrx_word' id='word_1_140' title='bbox 1071 2119 1278 2188; x_wconf 89' lang='lat' dir='ltr'><strong>repellit</strong></span> <span class='ocrx_word' id='word_1_141' title='bbox 1302 2117 1562 2171; x_wconf 88' lang='lat' dir='ltr'><strong>incursus.</strong></span> <span class='ocrx_word' id='word_1_142' title='bbox 1591 2116 1657 2170; x_wconf 90' lang='lat' dir='ltr'><strong>Et</strong></span> <span class='ocrx_word' id='word_1_143' title='bbox 1682 2116 1854 2186; x_wconf 77' lang='lat' dir='ltr'><strong>magi-</strong></span> 
     </span>
    </p>
   </div>
   <div class='ocr_carea' id='block_1_21' title="bbox 268 2209 1852 2280">
    <p class='ocr_par' dir='ltr' id='par_1_21' title="bbox 268 2209 1852 2280">
     <span class='ocr_line' id='line_1_21' title="bbox 268 2209 1852 2280; baseline 0.004 -20"><span class='ocrx_word' id='word_1_144' title='bbox 268 2217 528 2264; x_wconf 83' lang='lat' dir='ltr'><strong>stratuum</strong></span> <span class='ocrx_word' id='word_1_145' title='bbox 555 2210 766 2280; x_wconf 90' lang='lat' dir='ltr'><strong>quidem</strong></span> <span class='ocrx_word' id='word_1_146' title='bbox 802 2221 1141 2265; x_wconf 80' lang='lat' dir='ltr'><strong>externorum</strong></span> <span class='ocrx_word' id='word_1_147' title='bbox 1187 2211 1337 2264; x_wconf 91' lang='lat' dir='ltr'><strong>multi</strong></span> <span class='ocrx_word' id='word_1_148' title='bbox 1361 2225 1464 2265; x_wconf 93' lang='lat' dir='ltr'><strong>non</strong></span> <span class='ocrx_word' id='word_1_149' title='bbox 1497 2219 1695 2265; x_wconf 90' lang='lat' dir='ltr'><strong>tantum</strong></span> <span class='ocrx_word' id='word_1_150' title='bbox 1722 2209 1852 2266; x_wconf 85' lang='lat' dir='ltr'><strong>dum</strong></span> 
     </span>
    </p>
   </div>
   <div class='ocr_carea' id='block_1_22' title="bbox 269 2299 1854 2372">
    <p class='ocr_par' dir='ltr' id='par_1_22' title="bbox 269 2299 1854 2372">
     <span class='ocr_line' id='line_1_22' title="bbox 269 2299 1854 2372; baseline 0.004 -21"><span class='ocrx_word' id='word_1_151' title='bbox 269 2299 553 2369; x_wconf 86' lang='lat' dir='ltr'><strong>imperant,</strong></span> <span class='ocrx_word' id='word_1_152' title='bbox 579 2317 756 2355; x_wconf 80' lang='lat' dir='ltr'><strong>verum</strong></span> <span class='ocrx_word' id='word_1_153' title='bbox 779 2311 969 2357; x_wconf 90' lang='lat' dir='ltr'><strong>etcum</strong></span> <span class='ocrx_word' id='word_1_154' title='bbox 992 2302 1314 2358; x_wconf 84' lang='lat' dir='ltr'><strong>excesserint</strong></span> <span class='ocrx_word' id='word_1_155' title='bbox 1334 2301 1662 2372; x_wconf 82' lang='lat' dir='ltr'><strong>magistratu,</strong></span> <span class='ocrx_word' id='word_1_156' title='bbox 1687 2302 1854 2372; x_wconf 87' lang='lat' dir='ltr'><strong>ipsius</strong></span> 
     </span>
    </p>
   </div>
   <div class='ocr_carea' id='block_1_23' title="bbox 270 2393 889 2448">
    <p class='ocr_par' dir='ltr' id='par_1_23' title="bbox 270 2393 889 2448">
     <span class='ocr_line' id='line_1_23' title="bbox 270 2393 889 2448; baseline 0.006 -4"><span class='ocrx_word' id='word_1_157' title='bbox 270 2409 461 2445; x_wconf 89' lang='lat' dir='ltr'><strong>nomen</strong></span> <span class='ocrx_word' id='word_1_158' title='bbox 489 2393 889 2448; x_wconf 84' lang='lat' dir='ltr'><strong>circumferunt.</strong></span> 
     </span>
    </p>
   </div>
   <div class='ocr_carea' id='block_1_24' title="bbox 350 2481 1850 2556">
    <p class='ocr_par' dir='ltr' id='par_1_24' title="bbox 350 2481 1850 2556">
     <span class='ocr_line' id='line_1_24' title="bbox 350 2481 1850 2556; baseline 0.001 -22"><span class='ocrx_word' id='word_1_159' title='bbox 350 2481 565 2536; x_wconf 81' lang='lat' dir='ltr'><strong>Vincula</strong></span> <span class='ocrx_word' id='word_1_160' title='bbox 595 2483 746 2537; x_wconf 82' lang='lat' dir='ltr'><strong>Pauli</strong></span> <span class='ocrx_word' id='word_1_161' title='bbox 769 2485 947 2554; x_wconf 87' lang='lat' dir='ltr'><strong>ubique</strong></span> <span class='ocrx_word' id='word_1_162' title='bbox 971 2485 1328 2556; x_wconf 75' lang='lat' dir='ltr'><strong>prwdicantur.</strong></span> <span class='ocrx_word' id='word_1_163' title='bbox 1351 2513 1422 2524; x_wconf 92' lang='lat'><strong>-—</strong></span> <span class='ocrx_word' id='word_1_164' title='bbox 1453 2483 1546 2538; x_wconf 92' lang='lat' dir='ltr'><strong>Ille</strong></span> <span class='ocrx_word' id='word_1_165' title='bbox 1574 2483 1850 2549; x_wconf 67' lang='lat' dir='ltr'><strong>excon~ul,</strong></span> 
     </span>
    </p>
   </div>
   <div class='ocr_carea' id='block_1_25' title="bbox 269 2571 1851 2644">
    <p class='ocr_par' dir='ltr' id='par_1_25' title="bbox 269 2571 1851 2644">
     <span class='ocr_line' id='line_1_25' title="bbox 269 2571 1851 2644; baseline 0.003 -20"><span class='ocrx_word' id='word_1_166' title='bbox 269 2571 481 2638; x_wconf 85' lang='lat' dir='ltr'><strong>dicitur,</strong></span> <span class='ocrx_word' id='word_1_167' title='bbox 533 2574 620 2628; x_wconf 91' lang='lat' dir='ltr'><strong>ille</strong></span> <span class='ocrx_word' id='word_1_168' title='bbox 661 2574 1036 2644; x_wconf 74' lang='lat' dir='ltr'><strong>exprzefectns;</strong></span> <span class='ocrx_word' id='word_1_169' title='bbox 1085 2575 1172 2629; x_wconf 92' lang='lat' dir='ltr'><strong>hic</strong></span> <span class='ocrx_word' id='word_1_170' title='bbox 1201 2590 1327 2629; x_wconf 87' lang='lat' dir='ltr'><strong>vero</strong></span> <span class='ocrx_word' id='word_1_171' title='bbox 1357 2589 1452 2644; x_wconf 92' lang='lat' dir='ltr'><strong>pro</strong></span> <span class='ocrx_word' id='word_1_172' title='bbox 1481 2575 1545 2630; x_wconf 90' lang='lat' dir='ltr'><strong>iis</strong></span> <span class='ocrx_word' id='word_1_173' title='bbox 1583 2574 1851 2637; x_wconf 89' lang='lat' dir='ltr'><strong>omnibus,</strong></span> 
     </span>
    </p>
   </div>
   <div class='ocr_carea' id='block_1_26' title="bbox 271 2661 1849 2735">
    <p class='ocr_par' dir='ltr' id='par_1_26' title="bbox 271 2661 1849 2735">
     <span class='ocr_line' id='line_1_26' title="bbox 271 2661 1849 2735; baseline 0.004 -21"><span class='ocrx_word' id='word_1_174' title='bbox 271 2661 470 2716; x_wconf 87' lang='lat' dir='ltr'><strong>Paulus</strong></span> <span class='ocrx_word' id='word_1_175' title='bbox 527 2667 752 2730; x_wconf 74' lang='lat' dir='ltr'><strong>vinctas,</strong></span> <span class='ocrx_word' id='word_1_176' title='bbox 797 2666 986 2734; x_wconf 90' lang='lat' dir='ltr'><strong>inquit,</strong></span> <span class='ocrx_word' id='word_1_177' title='bbox 1034 2674 1088 2720; x_wconf 90' lang='lat' dir='ltr'><strong>et</strong></span> <span class='ocrx_word' id='word_1_178' title='bbox 1129 2665 1413 2719; x_wconf 87' lang='lat' dir='ltr'><strong>admodum</strong></span> <span class='ocrx_word' id='word_1_179' title='bbox 1476 2674 1849 2735; x_wconf 83' lang='lat' dir='ltr'><strong>congruenter.</strong></span> 
     </span>
    </p>
   </div>
   <div class='ocr_carea' id='block_1_27' title="bbox 269 2754 1847 2829">
    <p class='ocr_par' dir='ltr' id='par_1_27' title="bbox 269 2754 1847 2829">
     <span class='ocr_line' id='line_1_27' title="bbox 269 2754 1847 2829; baseline 0.003 -21"><span class='ocrx_word' id='word_1_180' title='bbox 269 2754 343 2808; x_wconf 83' lang='lat' dir='ltr'><strong>Illi</strong></span> <span class='ocrx_word' id='word_1_181' title='bbox 390 2773 620 2827; x_wconf 89' lang='lat' dir='ltr'><strong>namque</strong></span> <span class='ocrx_word' id='word_1_182' title='bbox 659 2759 995 2829; x_wconf 84' lang='lat' dir='ltr'><strong>magistratus</strong></span> <span class='ocrx_word' id='word_1_183' title='bbox 1023 2774 1128 2814; x_wconf 91' lang='lat' dir='ltr'><strong>non</strong></span> <span class='ocrx_word' id='word_1_184' title='bbox 1163 2759 1370 2827; x_wconf 85' lang='lat' dir='ltr'><strong>penitus</strong></span> <span class='ocrx_word' id='word_1_185' title='bbox 1399 2767 1523 2813; x_wconf 89' lang='lat' dir='ltr'><strong>sunt</strong></span> <span class='ocrx_word' id='word_1_186' title='bbox 1547 2759 1708 2812; x_wconf 91' lang='lat' dir='ltr'><strong>animi</strong></span> <span class='ocrx_word' id='word_1_187' title='bbox 1736 2760 1847 2812; x_wconf 83' lang='lat' dir='ltr'><strong>vir-</strong></span> 
     </span>
    </p>
   </div>
   <div class='ocr_carea' id='block_1_28' title="bbox 269 2849 1852 2920">
    <p class='ocr_par' dir='ltr' id='par_1_28' title="bbox 269 2849 1852 2920">
     <span class='ocr_line' id='line_1_28' title="bbox 269 2849 1852 2920; baseline -0.003 -13"><span class='ocrx_word' id='word_1_188' title='bbox 269 2855 396 2909; x_wconf 86' lang='lat' dir='ltr'><strong>tutis</strong></span> <span class='ocrx_word' id='word_1_189' title='bbox 422 2852 901 2906; x_wconf 90' lang='lat' dir='ltr'><strong>demonstrationes</strong></span> <span class='ocrx_word' id='word_1_190' title='bbox 926 2867 938 2903; x_wconf 91' lang='lat'>:</span> <span class='ocrx_word' id='word_1_191' title='bbox 971 2849 1207 2920; x_wconf 90' lang='lat' dir='ltr'><strong>pecuniis</strong></span> <span class='ocrx_word' id='word_1_192' title='bbox 1234 2850 1375 2903; x_wconf 91' lang='lat' dir='ltr'><strong>enim</strong></span> <span class='ocrx_word' id='word_1_193' title='bbox 1399 2859 1521 2903; x_wconf 89' lang='lat' dir='ltr'><strong>sunt</strong></span> <span class='ocrx_word' id='word_1_194' title='bbox 1548 2849 1781 2913; x_wconf 82' lang='lat' dir='ltr'><strong>venales,</strong></span> <span class='ocrx_word' id='word_1_195' title='bbox 1799 2858 1852 2903; x_wconf 85' lang='lat' dir='ltr'><strong>et</strong></span> 
     </span>
    </p>
   </div>
   <div class='ocr_carea' id='block_1_29' title="bbox 267 2940 1850 3012">
    <p class='ocr_par' dir='ltr' id='par_1_29' title="bbox 267 2940 1850 3012">
     <span class='ocr_line' id='line_1_29' title="bbox 267 2940 1850 3012; baseline -0.003 -12"><span class='ocrx_word' id='word_1_196' title='bbox 267 2947 562 3000; x_wconf 88' lang='lat' dir='ltr'><strong>amicorum</strong></span> <span class='ocrx_word' id='word_1_197' title='bbox 581 2943 816 3012; x_wconf 81' lang='lat' dir='ltr'><strong>indigent</strong></span> <span class='ocrx_word' id='word_1_198' title='bbox 833 2941 1306 3007; x_wconf 88' lang='lat' dir='ltr'><strong>assentationibus;</strong></span> <span class='ocrx_word' id='word_1_199' title='bbox 1329 2940 1416 2995; x_wconf 89' lang='lat' dir='ltr'><strong>hic</strong></span> <span class='ocrx_word' id='word_1_200' title='bbox 1445 2950 1619 2996; x_wconf 92' lang='lat' dir='ltr'><strong>autem</strong></span> <span class='ocrx_word' id='word_1_201' title='bbox 1640 2958 1706 2996; x_wconf 79' lang='lat' dir='ltr'><strong>ex</strong></span> <span class='ocrx_word' id='word_1_202' title='bbox 1729 2942 1850 2996; x_wconf 88' lang='lat' dir='ltr'><strong>vin-</strong></span> 
     </span>
    </p>
   </div>
   <div class='ocr_carea' id='block_1_30' title="bbox 268 3031 1852 3104">
    <p class='ocr_par' dir='ltr' id='par_1_30' title="bbox 268 3031 1852 3104">
     <span class='ocr_line' id='line_1_30' title="bbox 268 3031 1852 3104; baseline -0.003 -14"><span class='ocrx_word' id='word_1_203' title='bbox 268 3037 406 3090; x_wconf 92' lang='lat' dir='ltr'><strong>culis</strong></span> <span class='ocrx_word' id='word_1_204' title='bbox 446 3036 784 3104; x_wconf 84' lang='lat' dir='ltr'><strong>magistratus</strong></span> <span class='ocrx_word' id='word_1_205' title='bbox 828 3043 908 3087; x_wconf 90' lang='lat' dir='ltr'><strong>est</strong></span> <span class='ocrx_word' id='word_1_206' title='bbox 945 3032 1108 3086; x_wconf 89' lang='lat' dir='ltr'><strong>animi</strong></span> <span class='ocrx_word' id='word_1_207' title='bbox 1145 3031 1440 3101; x_wconf 75' lang='lat' dir='ltr'><strong>disciplina:</strong></span> <span class='ocrx_word' id='word_1_208' title='bbox 1486 3032 1759 3097; x_wconf 91' lang='lat' dir='ltr'><strong>indicium,</strong></span> <span class='ocrx_word' id='word_1_209' title='bbox 1797 3041 1852 3086; x_wconf 91' lang='lat' dir='ltr'><strong>et</strong></span> 
     </span>
    </p>
   </div>
   <div class='ocr_carea' id='block_1_31' title="bbox 268 3124 1851 3193">
    <p class='ocr_par' dir='ltr' id='par_1_31' title="bbox 268 3124 1851 3193">
     <span class='ocr_line' id='line_1_31' title="bbox 268 3124 1851 3193; baseline -0.001 -12"><span class='ocrx_word' id='word_1_210' title='bbox 268 3127 502 3182; x_wconf 82' lang='lat' dir='ltr'><strong>ardentis</strong></span> <span class='ocrx_word' id='word_1_211' title='bbox 527 3125 867 3180; x_wconf 89' lang='lat' dir='ltr'><strong>inChristnm</strong></span> <span class='ocrx_word' id='word_1_212' title='bbox 906 3125 1154 3179; x_wconf 89' lang='lat' dir='ltr'><strong>desiderii</strong></span> <span class='ocrx_word' id='word_1_213' title='bbox 1194 3125 1401 3193; x_wconf 90' lang='lat' dir='ltr'><strong>signum</strong></span> <span class='ocrx_word' id='word_1_214' title='bbox 1448 3125 1756 3178; x_wconf 77' lang='lat' dir='ltr'><strong>maximum.</strong></span> <span class='ocrx_word' id='word_1_215' title='bbox 1784 3124 1851 3179; x_wconf 85' lang='lat' dir='ltr'><strong>Et</strong></span> 
     </span>
    </p>
   </div>
   <div class='ocr_carea' id='block_1_32' title="bbox 269 3215 1852 3288">
    <p class='ocr_par' dir='ltr' id='par_1_32' title="bbox 269 3215 1852 3288">
     <span class='ocr_line' id='line_1_32' title="bbox 269 3215 1852 3288; baseline -0.003 -14"><span class='ocrx_word' id='word_1_216' title='bbox 269 3219 344 3274; x_wconf 89' lang='lat' dir='ltr'><strong>illi</strong></span> <span class='ocrx_word' id='word_1_217' title='bbox 387 3217 600 3288; x_wconf 86' lang='lat' dir='ltr'><strong>quidem</strong></span> <span class='ocrx_word' id='word_1_218' title='bbox 651 3217 799 3271; x_wconf 83' lang='lat' dir='ltr'><strong>brevi</strong></span> <span class='ocrx_word' id='word_1_219' title='bbox 845 3215 1150 3286; x_wconf 86' lang='lat' dir='ltr'><strong>refugiunt,</strong></span> <span class='ocrx_word' id='word_1_220' title='bbox 1206 3216 1294 3270; x_wconf 89' lang='lat' dir='ltr'><strong>hic</strong></span> <span class='ocrx_word' id='word_1_221' title='bbox 1340 3231 1468 3270; x_wconf 87' lang='lat' dir='ltr'><strong>vero</strong></span> <span class='ocrx_word' id='word_1_222' title='bbox 1515 3217 1852 3285; x_wconf 88' lang='lat' dir='ltr'><strong>magistratus</strong></span> 
     </span>
    </p>
   </div>
   <div class='ocr_carea' id='block_1_33' title="bbox 269 3308 1850 3377">
    <p class='ocr_par' dir='ltr' id='par_1_33' title="bbox 269 3308 1850 3377">
     <span class='ocr_line' id='line_1_33' title="bbox 269 3308 1850 3377; baseline -0.001 -15"><span class='ocrx_word' id='word_1_223' title='bbox 269 3309 472 3362; x_wconf 86' lang='lat' dir='ltr'><strong>nullum</strong></span> <span class='ocrx_word' id='word_1_224' title='bbox 506 3308 662 3361; x_wconf 89' lang='lat' dir='ltr'><strong>habet</strong></span> <span class='ocrx_word' id='word_1_225' title='bbox 687 3322 1076 3362; x_wconf 84' lang='lat' dir='ltr'><strong>successorem.</strong></span> <span class='ocrx_word' id='word_1_226' title='bbox 1117 3308 1310 3376; x_wconf 80' lang='lat' dir='ltr'><strong>Aspice</strong></span> <span class='ocrx_word' id='word_1_227' title='bbox 1339 3323 1566 3376; x_wconf 87' lang='lat' dir='ltr'><strong>namque</strong></span> <span class='ocrx_word' id='word_1_228' title='bbox 1595 3318 1850 3377; x_wconf 81' lang='lat' dir='ltr'><strong>quantum</strong></span> 
     </span>
    </p>
   </div>
   <div class='ocr_carea' id='block_1_34' title="bbox 267 3397 1853 3467">
    <p class='ocr_par' dir='ltr' id='par_1_34' title="bbox 267 3397 1853 3467">
     <span class='ocr_line' id='line_1_34' title="bbox 267 3397 1853 3467; baseline -0.001 -14"><span class='ocrx_word' id='word_1_229' title='bbox 267 3400 334 3453; x_wconf 88' lang='lat' dir='ltr'><strong>ab</strong></span> <span class='ocrx_word' id='word_1_230' title='bbox 359 3399 451 3452; x_wconf 92' lang='lat' dir='ltr'><strong>illo</strong></span> <span class='ocrx_word' id='word_1_231' title='bbox 476 3412 614 3451; x_wconf 90' lang='lat' dir='ltr'><strong>nunc</strong></span> <span class='ocrx_word' id='word_1_232' title='bbox 639 3413 807 3465; x_wconf 91' lang='lat' dir='ltr'><strong>usque</strong></span> <span class='ocrx_word' id='word_1_233' title='bbox 833 3397 1084 3465; x_wconf 89' lang='lat' dir='ltr'><strong>temporis</strong></span> <span class='ocrx_word' id='word_1_234' title='bbox 1107 3405 1207 3460; x_wconf 91' lang='lat' dir='ltr'><strong>est,</strong></span> <span class='ocrx_word' id='word_1_235' title='bbox 1249 3407 1302 3451; x_wconf 91' lang='lat' dir='ltr'><strong>et</strong></span> <span class='ocrx_word' id='word_1_236' title='bbox 1331 3397 1659 3466; x_wconf 84' lang='lat' dir='ltr'><strong>splendidius</strong></span> <span class='ocrx_word' id='word_1_237' title='bbox 1697 3397 1853 3467; x_wconf 84' lang='lat' dir='ltr'><strong>hujus</strong></span> 
     </span>
    </p>
   </div>
   <div class='ocr_carea' id='block_1_35' title="bbox 270 3489 1850 3559">
    <p class='ocr_par' dir='ltr' id='par_1_35' title="bbox 270 3489 1850 3559">
     <span class='ocr_line' id='line_1_35' title="bbox 270 3489 1850 3559; baseline -0.001 -15"><span class='ocrx_word' id='word_1_238' title='bbox 270 3492 432 3545; x_wconf 84' lang='lat' dir='ltr'><strong>vincti</strong></span> <span class='ocrx_word' id='word_1_239' title='bbox 482 3506 672 3544; x_wconf 88' lang='lat' dir='ltr'><strong>nomen</strong></span> <span class='ocrx_word' id='word_1_240' title='bbox 731 3489 996 3543; x_wconf 90' lang='lat' dir='ltr'><strong>redditum</strong></span> <span class='ocrx_word' id='word_1_241' title='bbox 1052 3497 1133 3542; x_wconf 93' lang='lat' dir='ltr'><strong>est</strong></span> <span class='ocrx_word' id='word_1_242' title='bbox 1179 3505 1192 3540; x_wconf 92' lang='lat'><strong>:</strong></span> <span class='ocrx_word' id='word_1_243' title='bbox 1242 3504 1305 3543; x_wconf 90' lang='lat' dir='ltr'><strong>ac</strong></span> <span class='ocrx_word' id='word_1_244' title='bbox 1350 3490 1595 3543; x_wconf 85' lang='lat' dir='ltr'><strong>consules</strong></span> <span class='ocrx_word' id='word_1_245' title='bbox 1635 3489 1850 3559; x_wconf 90' lang='lat' dir='ltr'><strong>quidem</strong></span> 
     </span>
    </p>
   </div>
   <div class='ocr_carea' id='block_1_36' title="bbox 268 3580 1848 3650">
    <p class='ocr_par' dir='ltr' id='par_1_36' title="bbox 268 3580 1848 3650">
     <span class='ocr_line' id='line_1_36' title="bbox 268 3580 1848 3650; baseline 0 -15"><span class='ocrx_word' id='word_1_246' title='bbox 268 3599 454 3635; x_wconf 88' lang='lat' dir='ltr'><strong>omnes</strong></span> <span class='ocrx_word' id='word_1_247' title='bbox 481 3624 494 3646; x_wconf 94' lang='lat'><strong>,</strong></span> <span class='ocrx_word' id='word_1_248' title='bbox 527 3583 845 3650; x_wconf 88' lang='lat' dir='ltr'><strong>quicumque</strong></span> <span class='ocrx_word' id='word_1_249' title='bbox 886 3581 1248 3649; x_wconf 90' lang='lat' dir='ltr'><strong>superioribus</strong></span> <span class='ocrx_word' id='word_1_250' title='bbox 1295 3580 1442 3635; x_wconf 87' lang='lat' dir='ltr'><strong>fuere</strong></span> <span class='ocrx_word' id='word_1_251' title='bbox 1489 3581 1848 3650; x_wconf 87' lang='lat' dir='ltr'><strong>temporibus.</strong></span> 
     </span>
    </p>
   </div>
   <div class='ocr_carea' id='block_1_37' title="bbox 268 3671 1854 3740">
    <p class='ocr_par' dir='ltr' id='par_1_37' title="bbox 268 3671 1854 3740">
     <span class='ocr_line' id='line_1_37' title="bbox 268 3671 1854 3740; baseline 0.001 -14"><span class='ocrx_word' id='word_1_252' title='bbox 268 3672 485 3726; x_wconf 83' lang='lat' dir='ltr'><strong>silentio</strong></span> <span class='ocrx_word' id='word_1_253' title='bbox 514 3672 688 3725; x_wconf 79' lang='lat' dir='ltr'><strong>traditi</strong></span> <span class='ocrx_word' id='word_1_254' title='bbox 720 3679 862 3733; x_wconf 89' lang='lat' dir='ltr'><strong>sunt,</strong></span> <span class='ocrx_word' id='word_1_255' title='bbox 895 3681 946 3725; x_wconf 90' lang='lat' dir='ltr'><strong>ct</strong></span> <span class='ocrx_word' id='word_1_256' title='bbox 977 3686 1076 3725; x_wconf 90' lang='lat' dir='ltr'><strong>nec</strong></span> <span class='ocrx_word' id='word_1_257' title='bbox 1097 3671 1211 3740; x_wconf 93' lang='lat' dir='ltr'><strong>ipso</strong></span> <span class='ocrx_word' id='word_1_258' title='bbox 1231 3671 1441 3740; x_wconf 90' lang='lat' dir='ltr'><strong>quidem</strong></span> <span class='ocrx_word' id='word_1_259' title='bbox 1464 3671 1680 3726; x_wconf 85' lang='lat' dir='ltr'><strong>nomine</strong></span> <span class='ocrx_word' id='word_1_260' title='bbox 1699 3673 1854 3740; x_wconf 84' lang='lat' dir='ltr'><strong>vulgo</strong></span> 
     </span>
    </p>
   </div>
   <div class='ocr_carea' id='block_1_38' title="bbox 268 3763 1851 3833">
    <p class='ocr_par' dir='ltr' id='par_1_38' title="bbox 268 3763 1851 3833">
     <span class='ocr_line' id='line_1_38' title="bbox 268 3763 1851 3833; baseline -0.001 -15"><span class='ocrx_word' id='word_1_261' title='bbox 268 3775 395 3818; x_wconf 89' lang='lat' dir='ltr'><strong>sunt</strong></span> <span class='ocrx_word' id='word_1_262' title='bbox 422 3763 616 3833; x_wconf 89' lang='lat' dir='ltr'><strong>cogniti</strong></span> <span class='ocrx_word' id='word_1_263' title='bbox 645 3781 659 3827; x_wconf 92' lang='lat'><strong>;</strong></span> <span class='ocrx_word' id='word_1_264' title='bbox 701 3763 854 3832; x_wconf 82' lang='lat' dir='ltr'><strong>hujus</strong></span> <span class='ocrx_word' id='word_1_265' title='bbox 887 3771 1062 3817; x_wconf 91' lang='lat' dir='ltr'><strong>autem</strong></span> <span class='ocrx_word' id='word_1_266' title='bbox 1103 3763 1264 3816; x_wconf 87' lang='lat' dir='ltr'><strong>vincti</strong></span> <span class='ocrx_word' id='word_1_267' title='bbox 1297 3763 1436 3816; x_wconf 87' lang='lat' dir='ltr'><strong>beati</strong></span> <span class='ocrx_word' id='word_1_268' title='bbox 1473 3763 1619 3816; x_wconf 88' lang='lat' dir='ltr'><strong>Pauli</strong></span> <span class='ocrx_word' id='word_1_269' title='bbox 1658 3778 1851 3818; x_wconf 90' lang='lat' dir='ltr'><strong>nomen</strong></span> 
     </span>
    </p>
   </div>
   <div class='ocr_carea' id='block_1_39' title="bbox 271 3847 1850 3924">
    <p class='ocr_par' dir='ltr' id='par_1_39' title="bbox 271 3847 1850 3924">
     <span class='ocr_line' id='line_1_39' title="bbox 271 3847 1850 3924; baseline -0.001 -16"><span class='ocrx_word' id='word_1_270' title='bbox 271 3847 497 3909; x_wconf 86' lang='lat' dir='ltr'><strong>multum</strong></span> <span class='ocrx_word' id='word_1_271' title='bbox 528 3855 741 3924; x_wconf 90' lang='lat' dir='ltr'><strong>quidem</strong></span> <span class='ocrx_word' id='word_1_272' title='bbox 773 3855 857 3908; x_wconf 90' lang='lat' dir='ltr'><strong>hic</strong></span> <span class='ocrx_word' id='word_1_273' title='bbox 877 3896 891 3915; x_wconf 87' lang='lat'><strong>,</strong></span> <span class='ocrx_word' id='word_1_274' title='bbox 924 3854 1146 3908; x_wconf 92' lang='lat' dir='ltr'><strong>multum</strong></span> <span class='ocrx_word' id='word_1_275' title='bbox 1177 3863 1354 3908; x_wconf 89' lang='lat' dir='ltr'><strong>autem</strong></span> <span class='ocrx_word' id='word_1_276' title='bbox 1402 3853 1453 3907; x_wconf 91' lang='lat' dir='ltr'><strong>in</strong></span> <span class='ocrx_word' id='word_1_277' title='bbox 1505 3854 1850 3907; x_wconf 87' lang='lat' dir='ltr'><strong>barbarorum</strong></span> 
     </span>
    </p>
   </div>
   <div class='ocr_carea' id='block_1_40' title="bbox 271 3944 1851 4015">
    <p class='ocr_par' dir='ltr' id='par_1_40' title="bbox 271 3944 1851 4015">
     <span class='ocr_line' id='line_1_40' title="bbox 271 3944 1851 4015; baseline -0.001 -16"><span class='ocrx_word' id='word_1_278' title='bbox 271 3947 490 4015; x_wconf 82' lang='lat' dir='ltr'><strong>regione</strong></span> <span class='ocrx_word' id='word_1_279' title='bbox 560 3946 783 3999; x_wconf 91' lang='lat' dir='ltr'><strong>multum</strong></span> <span class='ocrx_word' id='word_1_280' title='bbox 855 3945 996 4014; x_wconf 88' lang='lat' dir='ltr'><strong>apud</strong></span> <span class='ocrx_word' id='word_1_281' title='bbox 1063 3945 1289 4015; x_wconf 84' lang='lat' dir='ltr'><strong>Scythas</strong></span> <span class='ocrx_word' id='word_1_282' title='bbox 1360 3953 1416 3999; x_wconf 92' lang='lat' dir='ltr'><strong>et</strong></span> <span class='ocrx_word' id='word_1_283' title='bbox 1479 3944 1669 4011; x_wconf 80' lang='lat' dir='ltr'><strong>Indos,</strong></span> <span class='ocrx_word' id='word_1_284' title='bbox 1710 3954 1765 4000; x_wconf 89' lang='lat' dir='ltr'><strong>et</strong></span> <span class='ocrx_word' id='word_1_285' title='bbox 1806 3944 1851 3999; x_wconf 90' lang='lat' dir='ltr'><strong>si</strong></span> 
     </span>
    </p>
   </div>
   <div class='ocr_carea' id='block_1_41' title="bbox 269 4037 1851 4106">
    <p class='ocr_par' dir='ltr' id='par_1_41' title="bbox 269 4037 1851 4106">
     <span class='ocr_line' id='line_1_41' title="bbox 269 4037 1851 4106; baseline 0.002 -16"><span class='ocrx_word' id='word_1_286' title='bbox 269 4040 334 4090; x_wconf 85' lang='lat' dir='ltr'><strong>ad</strong></span> <span class='ocrx_word' id='word_1_287' title='bbox 380 4039 520 4106; x_wconf 89' lang='lat' dir='ltr'><strong>ipsos</strong></span> <span class='ocrx_word' id='word_1_288' title='bbox 559 4047 825 4092; x_wconf 91' lang='lat' dir='ltr'><strong>terrarum</strong></span> <span class='ocrx_word' id='word_1_289' title='bbox 869 4038 1013 4092; x_wconf 89' lang='lat' dir='ltr'><strong>orbis</strong></span> <span class='ocrx_word' id='word_1_290' title='bbox 1048 4038 1304 4092; x_wconf 87' lang='lat' dir='ltr'><strong>terminos</strong></span> <span class='ocrx_word' id='word_1_291' title='bbox 1341 4039 1544 4103; x_wconf 84' lang='lat' dir='ltr'><strong>venias,</strong></span> <span class='ocrx_word' id='word_1_292' title='bbox 1591 4037 1729 4093; x_wconf 89' lang='lat' dir='ltr'><strong>hanc</strong></span> <span class='ocrx_word' id='word_1_293' title='bbox 1766 4055 1851 4093; x_wconf 70' lang='lat' dir='ltr'><strong>au«</strong></span> 
     </span>
    </p>
   </div>
   <div class='ocr_carea' id='block_1_42' title="bbox 269 4129 1851 4199">
    <p class='ocr_par' dir='ltr' id='par_1_42' title="bbox 269 4129 1851 4199">
     <span class='ocr_line' id='line_1_42' title="bbox 269 4129 1851 4199; baseline 0.002 -18"><span class='ocrx_word' id='word_1_294' title='bbox 269 4130 389 4183; x_wconf 89' lang='lat' dir='ltr'><strong>dics</strong></span> <span class='ocrx_word' id='word_1_295' title='bbox 424 4130 853 4198; x_wconf 80' lang='lat' dir='ltr'><strong>appellationem,</strong></span> <span class='ocrx_word' id='word_1_296' title='bbox 922 4139 975 4183; x_wconf 90' lang='lat' dir='ltr'><strong>et</strong></span> <span class='ocrx_word' id='word_1_297' title='bbox 1034 4145 1368 4199; x_wconf 89' lang='lat' dir='ltr'><strong>quocumque</strong></span> <span class='ocrx_word' id='word_1_298' title='bbox 1423 4129 1680 4198; x_wconf 86' lang='lat' dir='ltr'><strong>quispiam</strong></span> <span class='ocrx_word' id='word_1_299' title='bbox 1727 4145 1851 4199; x_wconf 82' lang='lat' dir='ltr'><strong>pcr-</strong></span> 
     </span>
    </p>
   </div>
   <div class='ocr_carea' id='block_1_43' title="bbox 268 4221 1850 4291">
    <p class='ocr_par' dir='ltr' id='par_1_43' title="bbox 268 4221 1850 4291">
     <span class='ocr_line' id='line_1_43' title="bbox 268 4221 1850 4291; baseline 0.003 -19"><span class='ocrx_word' id='word_1_300' title='bbox 268 4222 515 4285; x_wconf 89' lang='lat' dir='ltr'><strong>venerit,</strong></span> <span class='ocrx_word' id='word_1_301' title='bbox 563 4221 780 4275; x_wconf 89' lang='lat' dir='ltr'><strong>Paulum</strong></span> <span class='ocrx_word' id='word_1_302' title='bbox 819 4222 1013 4291; x_wconf 90' lang='lat' dir='ltr'><strong>ubique</strong></span> <span class='ocrx_word' id='word_1_303' title='bbox 1039 4223 1089 4274; x_wconf 95' lang='lat' dir='ltr'><strong>in</strong></span> <span class='ocrx_word' id='word_1_304' title='bbox 1120 4222 1356 4274; x_wconf 92' lang='lat' dir='ltr'><strong>omnium</strong></span> <span class='ocrx_word' id='word_1_305' title='bbox 1388 4237 1482 4276; x_wconf 89' lang='lat' dir='ltr'><strong>ore</strong></span> <span class='ocrx_word' id='word_1_306' title='bbox 1523 4221 1850 4277; x_wconf 80' lang='lat' dir='ltr'><strong>circumferri</strong></span> 
     </span>
    </p>
   </div>
   <div class='ocr_carea' id='block_1_44' title="bbox 270 4312 1851 4382">
    <p class='ocr_par' dir='ltr' id='par_1_44' title="bbox 270 4312 1851 4382">
     <span class='ocr_line' id='line_1_44' title="bbox 270 4312 1851 4382; baseline 0.002 -17"><span class='ocrx_word' id='word_1_307' title='bbox 270 4321 476 4367; x_wconf 81' lang='lat' dir='ltr'><strong>nocet.</strong></span> <span class='ocrx_word' id='word_1_308' title='bbox 523 4312 589 4365; x_wconf 88' lang='lat' dir='ltr'><strong>Et</strong></span> <span class='ocrx_word' id='word_1_309' title='bbox 631 4313 754 4382; x_wconf 91' lang='lat' dir='ltr'><strong>quid</strong></span> <span class='ocrx_word' id='word_1_310' title='bbox 796 4315 1005 4377; x_wconf 91' lang='lat' dir='ltr'><strong>mirum,</strong></span> <span class='ocrx_word' id='word_1_311' title='bbox 1031 4313 1151 4367; x_wconf 91' lang='lat' dir='ltr'><strong>siin</strong></span> <span class='ocrx_word' id='word_1_312' title='bbox 1183 4323 1318 4366; x_wconf 83' lang='lat' dir='ltr'><strong>terra</strong></span> <span class='ocrx_word' id='word_1_313' title='bbox 1359 4313 1615 4382; x_wconf 89' lang='lat' dir='ltr'><strong>marique,</strong></span> <span class='ocrx_word' id='word_1_314' title='bbox 1657 4314 1851 4382; x_wconf 80' lang='lat' dir='ltr'><strong>quippe</strong></span> 
     </span>
    </p>
   </div>
   <div class='ocr_carea' id='block_1_45' title="bbox 269 4401 1848 4472">
    <p class='ocr_par' dir='ltr' id='par_1_45' title="bbox 269 4401 1848 4472">
     <span class='ocr_line' id='line_1_45' title="bbox 269 4401 1848 4472; baseline 0.001 -18"><span class='ocrx_word' id='word_1_315' title='bbox 269 4417 391 4454; x_wconf 79' lang='lat' dir='ltr'><strong>Cll&quot;)</strong></span> <span class='ocrx_word' id='word_1_316' title='bbox 439 4411 488 4456; x_wconf 88' lang='lat' dir='ltr'><strong>et</strong></span> <span class='ocrx_word' id='word_1_317' title='bbox 533 4403 582 4455; x_wconf 91' lang='lat' dir='ltr'><strong>in</strong></span> <span class='ocrx_word' id='word_1_318' title='bbox 632 4401 776 4455; x_wconf 78' lang='lat' dir='ltr'><strong>czelis</strong></span> <span class='ocrx_word' id='word_1_319' title='bbox 803 4403 1026 4456; x_wconf 90' lang='lat' dir='ltr'><strong>multum</strong></span> <span class='ocrx_word' id='word_1_320' title='bbox 1060 4403 1203 4456; x_wconf 86' lang='lat' dir='ltr'><strong>Pauli</strong></span> <span class='ocrx_word' id='word_1_321' title='bbox 1231 4417 1424 4456; x_wconf 91' lang='lat' dir='ltr'><strong>nomen</strong></span> <span class='ocrx_word' id='word_1_322' title='bbox 1451 4402 1587 4471; x_wconf 89' lang='lat' dir='ltr'><strong>apud</strong></span> <span class='ocrx_word' id='word_1_323' title='bbox 1613 4404 1848 4472; x_wconf 85' lang='lat' dir='ltr'><strong>angelos,</strong></span> 
     </span>
    </p>
   </div>
   <div class='ocr_carea' id='block_1_46' title="bbox 271 4492 1850 4562">
    <p class='ocr_par' dir='ltr' id='par_1_46' title="bbox 271 4492 1850 4562">
     <span class='ocr_line' id='line_1_46' title="bbox 271 4492 1850 4562; baseline 0.003 -19"><span class='ocrx_word' id='word_1_324' title='bbox 271 4492 411 4560; x_wconf 84' lang='lat' dir='ltr'><strong>apud</strong></span> <span class='ocrx_word' id='word_1_325' title='bbox 439 4492 802 4560; x_wconf 88' lang='lat' dir='ltr'><strong>archangelos,</strong></span> <span class='ocrx_word' id='word_1_326' title='bbox 837 4501 888 4547; x_wconf 94' lang='lat' dir='ltr'><strong>et</strong></span> <span class='ocrx_word' id='word_1_327' title='bbox 915 4507 1172 4562; x_wconf 89' lang='lat' dir='ltr'><strong>supernas</strong></span> <span class='ocrx_word' id='word_1_328' title='bbox 1196 4493 1438 4559; x_wconf 87' lang='lat' dir='ltr'><strong>virtutes,</strong></span> <span class='ocrx_word' id='word_1_329' title='bbox 1466 4503 1522 4548; x_wconf 91' lang='lat' dir='ltr'><strong>et</strong></span> <span class='ocrx_word' id='word_1_330' title='bbox 1551 4495 1734 4547; x_wconf 90' lang='lat' dir='ltr'><strong>harum</strong></span> <span class='ocrx_word' id='word_1_331' title='bbox 1763 4511 1850 4547; x_wconf 79' lang='lat' dir='ltr'><strong>re—</strong></span> 
     </span>
    </p>
   </div>
   <div class='ocr_carea' id='block_1_47' title="bbox 271 4583 1850 4654">
    <p class='ocr_par' dir='ltr' id='par_1_47' title="bbox 271 4583 1850 4654">
     <span class='ocr_line' id='line_1_47' title="bbox 271 4583 1850 4654; baseline 0.003 -20"><span class='ocrx_word' id='word_1_332' title='bbox 271 4598 389 4651; x_wconf 77' lang='lat' dir='ltr'><strong>gent</strong></span> <span class='ocrx_word' id='word_1_333' title='bbox 421 4583 623 4636; x_wconf 86' lang='lat' dir='ltr'><strong>Deum?</strong></span> <span class='ocrx_word' id='word_1_334' title='bbox 668 4585 731 4636; x_wconf 80' lang='lat' dir='ltr'><strong>Et</strong></span> <span class='ocrx_word' id='word_1_335' title='bbox 756 4585 945 4653; x_wconf 90' lang='lat' dir='ltr'><strong>qualia,</strong></span> <span class='ocrx_word' id='word_1_336' title='bbox 972 4585 1156 4654; x_wconf 91' lang='lat' dir='ltr'><strong>inquit,</strong></span> <span class='ocrx_word' id='word_1_337' title='bbox 1177 4594 1330 4639; x_wconf 89' lang='lat' dir='ltr'><strong>erant</strong></span> <span class='ocrx_word' id='word_1_338' title='bbox 1355 4585 1441 4638; x_wconf 91' lang='lat' dir='ltr'><strong>illa</strong></span> <span class='ocrx_word' id='word_1_339' title='bbox 1468 4585 1694 4649; x_wconf 88' lang='lat' dir='ltr'><strong>vincula,</strong></span> <span class='ocrx_word' id='word_1_340' title='bbox 1715 4601 1850 4654; x_wconf 89' lang='lat' dir='ltr'><strong>quo-</strong></span> 
     </span>
    </p>
   </div>
   <div class='ocr_carea' id='block_1_48' title="bbox 270 4676 1852 4746">
    <p class='ocr_par' dir='ltr' id='par_1_48' title="bbox 270 4676 1852 4746">
     <span class='ocr_line' id='line_1_48' title="bbox 270 4676 1852 4746; baseline 0.003 -19"><span class='ocrx_word' id='word_1_341' title='bbox 270 4676 412 4728; x_wconf 89' lang='lat' dir='ltr'><strong>niam</strong></span> <span class='ocrx_word' id='word_1_342' title='bbox 463 4686 662 4729; x_wconf 90' lang='lat' dir='ltr'><strong>tantum</strong></span> <span class='ocrx_word' id='word_1_343' title='bbox 706 4676 882 4730; x_wconf 91' lang='lat' dir='ltr'><strong>vincto</strong></span> <span class='ocrx_word' id='word_1_344' title='bbox 925 4677 1106 4746; x_wconf 77' lang='lat' dir='ltr'><strong>gloria-</strong></span> <span class='ocrx_word' id='word_1_345' title='bbox 1133 4677 1400 4731; x_wconf 88' lang='lat' dir='ltr'><strong>tulerunt?</strong></span> <span class='ocrx_word' id='word_1_346' title='bbox 1443 4693 1619 4732; x_wconf 89' lang='lat' dir='ltr'><strong>nonne</strong></span> <span class='ocrx_word' id='word_1_347' title='bbox 1645 4692 1678 4731; x_wconf 91' lang='lat' dir='ltr'><strong>e</strong></span> <span class='ocrx_word' id='word_1_348' title='bbox 1710 4677 1852 4732; x_wconf 87' lang='lat' dir='ltr'><strong>ferro</strong></span> 
     </span>
    </p>
   </div>
   <div class='ocr_carea' id='block_1_49' title="bbox 271 4766 1848 4837">
    <p class='ocr_par' dir='ltr' id='par_1_49' title="bbox 271 4766 1848 4837">
     <span class='ocr_line' id='line_1_49' title="bbox 271 4766 1848 4837; baseline 0.001 -18"><span class='ocrx_word' id='word_1_349' title='bbox 271 4766 524 4820; x_wconf 80' lang='lat' dir='ltr'><strong>fabricata</strong></span> <span class='ocrx_word' id='word_1_350' title='bbox 547 4767 729 4821; x_wconf 88' lang='lat' dir='ltr'><strong>erant?</strong></span> <span class='ocrx_word' id='word_1_351' title='bbox 755 4767 795 4821; x_wconf 89' lang='lat' dir='ltr'><strong>E</strong></span> <span class='ocrx_word' id='word_1_352' title='bbox 817 4767 958 4820; x_wconf 92' lang='lat' dir='ltr'><strong>ferro</strong></span> <span class='ocrx_word' id='word_1_353' title='bbox 979 4768 1190 4837; x_wconf 89' lang='lat' dir='ltr'><strong>quidem</strong></span> <span class='ocrx_word' id='word_1_354' title='bbox 1224 4767 1496 4832; x_wconf 88' lang='lat' dir='ltr'><strong>fabricata,</strong></span> <span class='ocrx_word' id='word_1_355' title='bbox 1517 4767 1611 4822; x_wconf 88' lang='lat' dir='ltr'><strong>sed</strong></span> <span class='ocrx_word' id='word_1_356' title='bbox 1632 4767 1848 4821; x_wconf 90' lang='lat' dir='ltr'><strong>multam</strong></span> 
     </span>
    </p>
   </div>
   <div class='ocr_carea' id='block_1_50' title="bbox 272 4857 1850 4929">
    <p class='ocr_par' dir='ltr' id='par_1_50' title="bbox 272 4857 1850 4929">
     <span class='ocr_line' id='line_1_50' title="bbox 272 4857 1850 4929; baseline 0.004 -19"><span class='ocrx_word' id='word_1_357' title='bbox 272 4857 539 4912; x_wconf 89' lang='lat' dir='ltr'><strong>habebant</strong></span> <span class='ocrx_word' id='word_1_358' title='bbox 583 4860 809 4928; x_wconf 90' lang='lat' dir='ltr'><strong>Spiritus</strong></span> <span class='ocrx_word' id='word_1_359' title='bbox 842 4862 1063 4929; x_wconf 84' lang='lat' dir='ltr'><strong>gratiam</strong></span> <span class='ocrx_word' id='word_1_360' title='bbox 1109 4860 1530 4915; x_wconf 87' lang='lat' dir='ltr'><strong>elllorcscentem</strong></span> <span class='ocrx_word' id='word_1_361' title='bbox 1557 4877 1570 4913; x_wconf 89' lang='lat'><strong>:</strong></span> <span class='ocrx_word' id='word_1_362' title='bbox 1600 4860 1850 4929; x_wconf 91' lang='lat' dir='ltr'><strong>quoniam</strong></span> 
     </span>
    </p>
   </div>
   <div class='ocr_carea' id='block_1_51' title="bbox 271 4951 1852 5022">
    <p class='ocr_par' dir='ltr' id='par_1_51' title="bbox 271 4951 1852 5022">
     <span class='ocr_line' id='line_1_51' title="bbox 271 4951 1852 5022; baseline 0.002 -18"><span class='ocrx_word' id='word_1_363' title='bbox 271 4963 490 5020; x_wconf 86' lang='lat' dir='ltr'><strong>propter</strong></span> <span class='ocrx_word' id='word_1_364' title='bbox 525 4952 790 5006; x_wconf 88' lang='lat' dir='ltr'><strong>Christum</strong></span> <span class='ocrx_word' id='word_1_365' title='bbox 836 4951 963 5022; x_wconf 67' lang='lat' dir='ltr'><strong>ipsis</strong></span> <span class='ocrx_word' id='word_1_366' title='bbox 995 4953 1351 5006; x_wconf 86' lang='lat' dir='ltr'><strong>circumdatus</strong></span> <span class='ocrx_word' id='word_1_367' title='bbox 1392 4952 1581 5006; x_wconf 82' lang='lat' dir='ltr'><strong>fuerat.</strong></span> <span class='ocrx_word' id='word_1_368' title='bbox 1613 4952 1657 5006; x_wconf 93' lang='grc' dir='ltr'>Ο</span> <span class='ocrx_word' id='word_1_369' title='bbox 1691 4954 1852 5007; x_wconf 87' lang='lat' dir='ltr'><strong>mira-</strong></span> 
     </span>
    </p>
   </div>
   <div class='ocr_carea' id='block_1_52' title="bbox 269 5042 1851 5112">
    <p class='ocr_par' dir='ltr' id='par_1_52' title="bbox 269 5042 1851 5112">
     <span class='ocr_line' id='line_1_52' title="bbox 269 5042 1851 5112; baseline 0.003 -18"><span class='ocrx_word' id='word_1_370' title='bbox 269 5042 448 5094; x_wconf 90' lang='lat' dir='ltr'><strong>enlum</strong></span> <span class='ocrx_word' id='word_1_371' title='bbox 470 5043 483 5096; x_wconf 89' lang='lat'><strong>!</strong></span> <span class='ocrx_word' id='word_1_372' title='bbox 507 5042 645 5095; x_wconf 85' lang='lat' dir='ltr'><strong>servi</strong></span> <span class='ocrx_word' id='word_1_373' title='bbox 670 5043 829 5096; x_wconf 89' lang='lat' dir='ltr'><strong>vincti</strong></span> <span class='ocrx_word' id='word_1_374' title='bbox 857 5052 999 5108; x_wconf 90' lang='lat' dir='ltr'><strong>sunt,</strong></span> <span class='ocrx_word' id='word_1_375' title='bbox 1028 5044 1278 5096; x_wconf 89' lang='lat' dir='ltr'><strong>Dominus</strong></span> <span class='ocrx_word' id='word_1_376' title='bbox 1302 5043 1603 5106; x_wconf 81' lang='lat' dir='ltr'><strong>crucifixus,</strong></span> <span class='ocrx_word' id='word_1_377' title='bbox 1637 5051 1690 5098; x_wconf 94' lang='lat' dir='ltr'><strong>ct</strong></span> <span class='ocrx_word' id='word_1_378' title='bbox 1711 5058 1851 5112; x_wconf 65' lang='lat' dir='ltr'><strong>prec-</strong></span> 
     </span>
    </p>
   </div>
   <div class='ocr_carea' id='block_1_53' title="bbox 270 5130 1850 5204">
    <p class='ocr_par' dir='ltr' id='par_1_53' title="bbox 270 5130 1850 5204">
     <span class='ocr_line' id='line_1_53' title="bbox 270 5130 1850 5204; baseline 0.003 -23"><span class='ocrx_word' id='word_1_379' title='bbox 270 5130 466 5182; x_wconf 77' lang='lat' dir='ltr'><strong>dteatio</strong></span> <span class='ocrx_word' id='word_1_380' title='bbox 507 5132 741 5200; x_wconf 86' lang='lat' dir='ltr'><strong>quotidie</strong></span> <span class='ocrx_word' id='word_1_381' title='bbox 767 5135 957 5187; x_wconf 85' lang='lat' dir='ltr'><strong>crescit</strong></span> <span class='ocrx_word' id='word_1_382' title='bbox 981 5151 992 5186; x_wconf 92' lang='lat'>:</span> <span class='ocrx_word' id='word_1_383' title='bbox 1020 5142 1072 5186; x_wconf 92' lang='lat' dir='ltr'><strong>et</strong></span> <span class='ocrx_word' id='word_1_384' title='bbox 1102 5149 1196 5203; x_wconf 88' lang='lat' dir='ltr'><strong>per</strong></span> <span class='ocrx_word' id='word_1_385' title='bbox 1220 5149 1338 5203; x_wconf 68' lang='lat' dir='ltr'><strong>quae</strong></span> <span class='ocrx_word' id='word_1_386' title='bbox 1378 5136 1661 5204; x_wconf 89' lang='lat' dir='ltr'><strong>putabatur</strong></span> <span class='ocrx_word' id='word_1_387' title='bbox 1689 5147 1850 5199; x_wconf 83' lang='lat' dir='ltr'><strong>Opera</strong></span> 
     </span>
    </p>
   </div>
   <div class='ocr_carea' id='block_1_54' title="bbox 273 5223 1848 5292">
    <p class='ocr_par' dir='ltr' id='par_1_54' title="bbox 273 5223 1848 5292">
     <span class='ocr_line' id='line_1_54' title="bbox 273 5223 1848 5292; baseline 0.003 -19"><span class='ocrx_word' id='word_1_388' title='bbox 273 5223 560 5291; x_wconf 88' lang='lat' dir='ltr'><strong>prohiberi,</strong></span> <span class='ocrx_word' id='word_1_389' title='bbox 601 5240 696 5292; x_wconf 89' lang='lat' dir='ltr'><strong>per</strong></span> <span class='ocrx_word' id='word_1_390' title='bbox 729 5225 840 5279; x_wconf 75' lang='lat' dir='ltr'><strong>lucc</strong></span> <span class='ocrx_word' id='word_1_391' title='bbox 872 5240 1094 5280; x_wconf 89' lang='lat' dir='ltr'><strong>accensa</strong></span> <span class='ocrx_word' id='word_1_392' title='bbox 1119 5234 1200 5279; x_wconf 85' lang='lat' dir='ltr'><strong>est</strong></span> <span class='ocrx_word' id='word_1_393' title='bbox 1225 5243 1238 5280; x_wconf 88' lang='lat'><strong>:</strong></span> <span class='ocrx_word' id='word_1_394' title='bbox 1266 5235 1320 5280; x_wconf 91' lang='lat' dir='ltr'><strong>et</strong></span> <span class='ocrx_word' id='word_1_395' title='bbox 1355 5240 1505 5291; x_wconf 84' lang='lat' dir='ltr'><strong>crux,</strong></span> <span class='ocrx_word' id='word_1_396' title='bbox 1538 5233 1592 5280; x_wconf 90' lang='lat' dir='ltr'><strong>et</strong></span> <span class='ocrx_word' id='word_1_397' title='bbox 1620 5225 1848 5290; x_wconf 89' lang='lat' dir='ltr'><strong>vincula,</strong></span> 
     </span>
    </p>
   </div>
   <div class='ocr_carea' id='block_1_55' title="bbox 270 5317 1849 5388">
    <p class='ocr_par' dir='ltr' id='par_1_55' title="bbox 270 5317 1849 5388">
     <span class='ocr_line' id='line_1_55' title="bbox 270 5317 1849 5388; baseline 0.004 -23"><span class='ocrx_word' id='word_1_398' title='bbox 270 5330 390 5382; x_wconf 62' lang='lat' dir='ltr'><strong>qua:</strong></span> <span class='ocrx_word' id='word_1_399' title='bbox 429 5329 547 5369; x_wconf 88' lang='lat' dir='ltr'><strong>esse</strong></span> <span class='ocrx_word' id='word_1_400' title='bbox 592 5317 904 5371; x_wconf 82' lang='lat' dir='ltr'><strong>videbantur</strong></span> <span class='ocrx_word' id='word_1_401' title='bbox 945 5317 1285 5383; x_wconf 90' lang='lat' dir='ltr'><strong>abominatio,</strong></span> <span class='ocrx_word' id='word_1_402' title='bbox 1315 5334 1455 5372; x_wconf 90' lang='lat' dir='ltr'><strong>nunc</strong></span> <span class='ocrx_word' id='word_1_403' title='bbox 1491 5319 1679 5372; x_wconf 88' lang='lat' dir='ltr'><strong>salutis</strong></span> <span class='ocrx_word' id='word_1_404' title='bbox 1704 5319 1849 5388; x_wconf 91' lang='lat' dir='ltr'><strong>signa</strong></span> 
     </span>
    </p>
   </div>
   <div class='ocr_carea' id='block_1_56' title="bbox 270 5404 1851 5477">
    <p class='ocr_par' dir='ltr' id='par_1_56' title="bbox 270 5404 1851 5477">
     <span class='ocr_line' id='line_1_56' title="bbox 270 5404 1851 5477; baseline 0.003 -20"><span class='ocrx_word' id='word_1_405' title='bbox 270 5415 394 5458; x_wconf 86' lang='lat' dir='ltr'><strong>sunt</strong></span> <span class='ocrx_word' id='word_1_406' title='bbox 417 5404 571 5471; x_wconf 85' lang='lat' dir='ltr'><strong>facta,</strong></span> <span class='ocrx_word' id='word_1_407' title='bbox 602 5415 656 5461; x_wconf 92' lang='lat' dir='ltr'><strong>et</strong></span> <span class='ocrx_word' id='word_1_408' title='bbox 683 5408 916 5476; x_wconf 88' lang='lat' dir='ltr'><strong>quolibet</strong></span> <span class='ocrx_word' id='word_1_409' title='bbox 941 5423 1074 5462; x_wconf 91' lang='lat' dir='ltr'><strong>auro</strong></span> <span class='ocrx_word' id='word_1_410' title='bbox 1101 5409 1298 5463; x_wconf 84' lang='lat' dir='ltr'><strong>ferrum</strong></span> <span class='ocrx_word' id='word_1_411' title='bbox 1327 5407 1453 5463; x_wconf 92' lang='lat' dir='ltr'><strong>illud</strong></span> <span class='ocrx_word' id='word_1_412' title='bbox 1479 5407 1632 5462; x_wconf 90' lang='lat' dir='ltr'><strong>nobis</strong></span> <span class='ocrx_word' id='word_1_413' title='bbox 1657 5409 1851 5477; x_wconf 61' lang='lat' dir='ltr'><strong>pretiov</strong></span> 
     </span>
    </p>
   </div>
   <div class='ocr_carea' id='block_1_57' title="bbox 270 5481 1852 5570">
    <p class='ocr_par' dir='ltr' id='par_1_57' title="bbox 270 5481 1852 5570">
     <span class='ocr_line' id='line_1_57' title="bbox 270 5481 1852 5570; baseline 0.003 -20"><span class='ocrx_word' id='word_1_414' title='bbox 270 5497 382 5550; x_wconf 88' lang='lat' dir='ltr'><strong>sius</strong></span> <span class='ocrx_word' id='word_1_415' title='bbox 407 5506 537 5562; x_wconf 90' lang='lat' dir='ltr'><strong>erat,</strong></span> <span class='ocrx_word' id='word_1_416' title='bbox 562 5515 666 5551; x_wconf 88' lang='lat' dir='ltr'><strong>non</strong></span> <span class='ocrx_word' id='word_1_417' title='bbox 697 5481 914 5569; x_wconf 80' lang='lat' dir='ltr'><strong>propter</strong></span> <span class='ocrx_word' id='word_1_418' title='bbox 941 5511 1180 5553; x_wconf 88' lang='lat' dir='ltr'><strong>naturam</strong></span> <span class='ocrx_word' id='word_1_419' title='bbox 1204 5501 1493 5570; x_wconf 86' lang='lat' dir='ltr'><strong>propriam,</strong></span> <span class='ocrx_word' id='word_1_420' title='bbox 1523 5499 1617 5554; x_wconf 89' lang='lat' dir='ltr'><strong>sed</strong></span> <span class='ocrx_word' id='word_1_421' title='bbox 1639 5511 1852 5570; x_wconf 87' lang='lat' dir='ltr'><strong>propter</strong></span> 
     </span>
    </p>
   </div>
   <div class='ocr_carea' id='block_1_58' title="bbox 270 5591 1851 5662">
    <p class='ocr_par' dir='ltr' id='par_1_58' title="bbox 270 5591 1851 5662">
     <span class='ocr_line' id='line_1_58' title="bbox 270 5591 1851 5662; baseline 0.002 -19"><span class='ocrx_word' id='word_1_422' title='bbox 270 5604 484 5644; x_wconf 81' lang='lat' dir='ltr'><strong>causam</strong></span> <span class='ocrx_word' id='word_1_423' title='bbox 510 5591 644 5646; x_wconf 88' lang='lat' dir='ltr'><strong>hanc</strong></span> <span class='ocrx_word' id='word_1_424' title='bbox 665 5599 720 5646; x_wconf 87' lang='lat' dir='ltr'><strong>et</strong></span> <span class='ocrx_word' id='word_1_425' title='bbox 741 5602 1106 5662; x_wconf 89' lang='lat' dir='ltr'><strong>argumentum</strong></span> <span class='ocrx_word' id='word_1_426' title='bbox 1132 5594 1171 5647; x_wconf 85' lang='grc'>¹.</span> <span class='ocrx_word' id='word_1_427' title='bbox 1200 5592 1308 5648; x_wconf 89' lang='lat' dir='ltr'><strong>Sed</strong></span> <span class='ocrx_word' id='word_1_428' title='bbox 1328 5591 1481 5648; x_wconf 89' lang='lat' dir='ltr'><strong>video</strong></span> <span class='ocrx_word' id='word_1_429' title='bbox 1506 5594 1851 5662; x_wconf 82' lang='lat' dir='ltr'><strong>quaestionem</strong></span> 
     </span>
    </p>
   </div>
   <div class='ocr_carea' id='block_1_59' title="bbox 331 5724 1852 5791">
    <p class='ocr_par' dir='ltr' id='par_1_59' title="bbox 331 5724 1852 5791">
     <span class='ocr_line' id='line_1_59' title="bbox 331 5724 1852 5791; baseline 0 -17"><span class='ocrx_word' id='word_1_430' title='bbox 331 5727 348 5757; x_wconf 85' lang='grc'>¹</span> <span class='ocrx_word' id='word_1_431' title='bbox 386 5725 576 5791; x_wconf 74' lang='lat' dir='ltr'><strong>Montef.</strong></span> <span class='ocrx_word' id='word_1_432' title='bbox 601 5727 671 5776; x_wconf 81' lang='lat' dir='ltr'><strong>sic</strong></span> <span class='ocrx_word' id='word_1_433' title='bbox 706 5725 851 5789; x_wconf 79' lang='lat' dir='ltr'><strong>legit,</strong></span> <span class='ocrx_word' id='word_1_434' title='bbox 878 5729 1066 5778; x_wconf 83' lang='lat' dir='ltr'><strong>omissis</strong></span> <span class='ocrx_word' id='word_1_435' title='bbox 1098 5727 1382 5791; x_wconf 81' lang='lat' dir='ltr'><strong>quihusdam</strong></span> <span class='ocrx_word' id='word_1_436' title='bbox 1415 5741 1427 5775; x_wconf 94' lang='lat'><strong>:</strong></span> <span class='ocrx_word' id='word_1_437' title='bbox 1467 5724 1726 5776; x_wconf 77' lang='lat' dir='ltr'><strong>Pretiosius</strong></span> <span class='ocrx_word' id='word_1_438' title='bbox 1751 5732 1852 5777; x_wconf 84' lang='lat' dir='ltr'><strong>erat</strong></span> 
     </span>
    </p>
   </div>
   <div class='ocr_carea' id='block_1_60' title="bbox 256 5787 948 5852">
    <p class='ocr_par' dir='ltr' id='par_1_60' title="bbox 256 5787 948 5852">
     <span class='ocr_line' id='line_1_60' title="bbox 256 5787 948 5852; baseline 0.004 -17"><span class='ocrx_word' id='word_1_439' title='bbox 256 5800 389 5852; x_wconf 81' lang='lat' dir='ltr'><strong>prop</strong></span> <span class='ocrx_word' id='word_1_440' title='bbox 400 5794 461 5836; x_wconf 83' lang='lat' dir='ltr'><strong>&#39;er</strong></span> <span class='ocrx_word' id='word_1_441' title='bbox 489 5787 576 5837; x_wconf 85' lang='lat' dir='ltr'><strong>hoc</strong></span> <span class='ocrx_word' id='word_1_442' title='bbox 601 5787 948 5850; x_wconf 72' lang='lat' dir='ltr'><strong>argmnentum.</strong></span> 
     </span>
    </p>
   </div>
   <div class='ocr_carea' id='block_1_61' title="bbox 1162 355 3548 431">
    <p class='ocr_par' dir='ltr' id='par_1_61' title="bbox 1162 355 3548 431">
     <span class='ocr_line' id='line_1_61' title="bbox 1162 355 3548 431; baseline 0 -15"><span class='ocrx_word' id='word_1_443' title='bbox 1162 362 1252 416; x_wconf 67' lang='lat' dir='ltr'><strong>an</strong></span> <span class='ocrx_word' id='word_1_444' title='bbox 1289 359 1606 416; x_wconf 67' lang='lat' dir='ltr'><strong>eorum.“</strong></span> <span class='ocrx_word' id='word_1_445' title='bbox 1647 355 2131 412; x_wconf 63' lang='lat' dir='ltr'><strong>ANTlOCHENUM</strong></span> <span class='ocrx_word' id='word_1_446' title='bbox 2194 362 2422 419; x_wconf 79' lang='lat' dir='ltr'><strong>llOMlL.</strong></span> <span class='ocrx_word' id='word_1_447' title='bbox 2467 366 2600 420; x_wconf 73' lang='lat' dir='ltr'><strong>xw.</strong></span> <span class='ocrx_word' id='word_1_448' title='bbox 3456 376 3548 431; x_wconf 65' lang='lat' dir='ltr'><strong>m,</strong></span> 
     </span>
    </p>
   </div>
   <div class='ocr_carea' id='block_1_62' title="bbox 1968 466 3549 556">
    <p class='ocr_par' dir='ltr' id='par_1_62' title="bbox 1968 466 3549 556">
     <span class='ocr_line' id='line_1_62' title="bbox 1968 466 3549 556; baseline 0.016 -37"><span class='ocrx_word' id='word_1_449' title='bbox 1968 466 2089 522; x_wconf 91' lang='lat' dir='ltr'><strong>hinc</strong></span> <span class='ocrx_word' id='word_1_450' title='bbox 2118 471 2267 528; x_wconf 91' lang='lat' dir='ltr'><strong>nobis</strong></span> <span class='ocrx_word' id='word_1_451' title='bbox 2297 476 2576 544; x_wconf 87' lang='lat' dir='ltr'><strong>quamdam</strong></span> <span class='ocrx_word' id='word_1_452' title='bbox 2608 479 2866 534; x_wconf 79' lang='lat' dir='ltr'><strong>orientem</strong></span> <span class='ocrx_word' id='word_1_453' title='bbox 2894 499 2904 533; x_wconf 94' lang='lat'><em>:</em></span> <span class='ocrx_word' id='word_1_454' title='bbox 2929 492 2979 536; x_wconf 92' lang='lat' dir='ltr'><strong>ct</strong></span> <span class='ocrx_word' id='word_1_455' title='bbox 3001 500 3042 537; x_wconf 81' lang='lat' dir='ltr'><strong>st</strong></span> <span class='ocrx_word' id='word_1_456' title='bbox 3071 485 3354 556; x_wconf 75' lang='lat' dir='ltr'><strong>diligenter</strong></span> <span class='ocrx_word' id='word_1_457' title='bbox 3377 500 3549 543; x_wconf 82' lang='lat' dir='ltr'><strong>atten-</strong></span> 
     </span>
    </p>
   </div>
   <div class='ocr_carea' id='block_1_63' title="bbox 1961 560 3550 652">
    <p class='ocr_par' dir='ltr' id='par_1_63' title="bbox 1961 560 3550 652">
     <span class='ocr_line' id='line_1_63' title="bbox 1961 560 3550 652; baseline 0.016 -41"><span class='ocrx_word' id='word_1_458' title='bbox 1961 560 2100 614; x_wconf 88' lang='lat' dir='ltr'><strong>datis</strong></span> <span class='ocrx_word' id='word_1_459' title='bbox 2132 605 2146 628; x_wconf 93' lang='lat'><strong>,</strong></span> <span class='ocrx_word' id='word_1_460' title='bbox 2198 574 2250 618; x_wconf 91' lang='lat' dir='ltr'><strong>et</strong></span> <span class='ocrx_word' id='word_1_461' title='bbox 2290 569 2631 635; x_wconf 70' lang='lat' dir='ltr'><strong>(lllIIESlltlllClll</strong></span> <span class='ocrx_word' id='word_1_462' title='bbox 2681 571 2874 639; x_wconf 86' lang='lat' dir='ltr'><strong>dicam,</strong></span> <span class='ocrx_word' id='word_1_463' title='bbox 2923 583 2980 630; x_wconf 90' lang='lat' dir='ltr'><strong>et</strong></span> <span class='ocrx_word' id='word_1_464' title='bbox 3019 579 3336 635; x_wconf 81' lang='lat' dir='ltr'><strong>solutionem</strong></span> <span class='ocrx_word' id='word_1_465' title='bbox 3388 597 3550 652; x_wconf 74' lang='lat' dir='ltr'><strong>appo-</strong></span> 
     </span>
    </p>
   </div>
   <div class='ocr_carea' id='block_1_64' title="bbox 1961 651 3546 740">
    <p class='ocr_par' dir='ltr' id='par_1_64' title="bbox 1961 651 3546 740">
     <span class='ocr_line' id='line_1_64' title="bbox 1961 651 3546 740; baseline 0.018 -39"><span class='ocrx_word' id='word_1_466' title='bbox 1961 664 2105 703; x_wconf 93' lang='lat' dir='ltr'><strong>nam.</strong></span> <span class='ocrx_word' id='word_1_467' title='bbox 2158 651 2292 719; x_wconf 86' lang='lat' dir='ltr'><strong>Quid</strong></span> <span class='ocrx_word' id='word_1_468' title='bbox 2345 657 2502 726; x_wconf 87' lang='lat' dir='ltr'><strong>igitur</strong></span> <span class='ocrx_word' id='word_1_469' title='bbox 2553 661 2760 716; x_wconf 91' lang='lat' dir='ltr'><strong>tandem</strong></span> <span class='ocrx_word' id='word_1_470' title='bbox 2805 674 2887 719; x_wconf 89' lang='lat' dir='ltr'><strong>est</strong></span> <span class='ocrx_word' id='word_1_471' title='bbox 2934 669 3073 736; x_wconf 90' lang='lat' dir='ltr'><strong>quod</strong></span> <span class='ocrx_word' id='word_1_472' title='bbox 3119 651 3431 740; x_wconf 69' lang='lat' dir='ltr'><strong>quzeritur?</strong></span> <span class='ocrx_word' id='word_1_473' title='bbox 3460 676 3546 728; x_wconf 80' lang='lat' dir='ltr'><strong>ln-</strong></span> 
     </span>
    </p>
   </div>
   <div class='ocr_carea' id='block_1_65' title="bbox 1962 744 3545 836">
    <p class='ocr_par' dir='ltr' id='par_1_65' title="bbox 1962 744 3545 836">
     <span class='ocr_line' id='line_1_65' title="bbox 1962 744 3545 836; baseline 0.021 -46"><span class='ocrx_word' id='word_1_474' title='bbox 1962 755 2173 836; x_wconf 73' lang='lat' dir='ltr'><strong>gressus</strong></span> <span class='ocrx_word' id='word_1_475' title='bbox 2195 744 2478 814; x_wconf 90' lang='lat' dir='ltr'><strong>aliquando</strong></span> <span class='ocrx_word' id='word_1_476' title='bbox 2508 749 2591 804; x_wconf 88' lang='lat' dir='ltr'><strong>hic</strong></span> <span class='ocrx_word' id='word_1_477' title='bbox 2629 751 2820 807; x_wconf 82' lang='lat' dir='ltr'><strong>Paulus</strong></span> <span class='ocrx_word' id='word_1_478' title='bbox 2864 755 2929 809; x_wconf 88' lang='lat' dir='ltr'><strong>ad</strong></span> <span class='ocrx_word' id='word_1_479' title='bbox 2984 757 3219 827; x_wconf 86' lang='lat' dir='ltr'><strong>Festum,</strong></span> <span class='ocrx_word' id='word_1_480' title='bbox 3265 772 3318 818; x_wconf 90' lang='lat' dir='ltr'><strong>et</strong></span> <span class='ocrx_word' id='word_1_481' title='bbox 3375 767 3545 836; x_wconf 85' lang='lat' dir='ltr'><strong>ipsum</strong></span> 
     </span>
    </p>
   </div>
   <div class='ocr_carea' id='block_1_66' title="bbox 1961 831 3544 928">
    <p class='ocr_par' dir='ltr' id='par_1_66' title="bbox 1961 831 3544 928">
     <span class='ocr_line' id='line_1_66' title="bbox 1961 831 3544 928; baseline 0.02 -46"><span class='ocrx_word' id='word_1_482' title='bbox 1961 831 2254 900; x_wconf 89' lang='lat' dir='ltr'><strong>alloquens,</strong></span> <span class='ocrx_word' id='word_1_483' title='bbox 2275 849 2337 889; x_wconf 90' lang='lat' dir='ltr'><strong>ac</strong></span> <span class='ocrx_word' id='word_1_484' title='bbox 2353 853 2582 906; x_wconf 87' lang='lat' dir='ltr'><strong>purgans</strong></span> <span class='ocrx_word' id='word_1_485' title='bbox 2598 856 2656 895; x_wconf 88' lang='lat' dir='ltr'><strong>se</strong></span> <span class='ocrx_word' id='word_1_486' title='bbox 2672 842 2738 897; x_wconf 91' lang='lat' dir='ltr'><strong>de</strong></span> <span class='ocrx_word' id='word_1_487' title='bbox 2758 845 3086 916; x_wconf 89' lang='lat' dir='ltr'><strong>criminibus,</strong></span> <span class='ocrx_word' id='word_1_488' title='bbox 3105 853 3296 920; x_wconf 87' lang='lat' dir='ltr'><strong>quibus</strong></span> <span class='ocrx_word' id='word_1_489' title='bbox 3317 831 3544 928; x_wconf 83' lang='lat' dir='ltr'><strong>urgeba-</strong></span> 
     </span>
    </p>
   </div>
   <div class='ocr_carea' id='block_1_67' title="bbox 1963 924 3547 1018">
    <p class='ocr_par' dir='ltr' id='par_1_67' title="bbox 1963 924 3547 1018">
     <span class='ocr_line' id='line_1_67' title="bbox 1963 924 3547 1018; baseline 0.021 -44"><span class='ocrx_word' id='word_1_490' title='bbox 1963 931 2047 1018; x_wconf 76' lang='lat' dir='ltr'><strong>tur</strong></span> <span class='ocrx_word' id='word_1_491' title='bbox 2061 940 2088 975; x_wconf 88' lang='lat' dir='ltr'><strong>a</strong></span> <span class='ocrx_word' id='word_1_492' title='bbox 2103 924 2320 992; x_wconf 68' lang='lat' dir='ltr'><strong>Judmis,</strong></span> <span class='ocrx_word' id='word_1_493' title='bbox 2339 937 2392 982; x_wconf 92' lang='lat' dir='ltr'><strong>et</strong></span> <span class='ocrx_word' id='word_1_494' title='bbox 2411 929 2613 997; x_wconf 90' lang='lat' dir='ltr'><strong>dicens,</strong></span> <span class='ocrx_word' id='word_1_495' title='bbox 2640 938 2908 1003; x_wconf 92' lang='lat' dir='ltr'><strong>quomodo</strong></span> <span class='ocrx_word' id='word_1_496' title='bbox 2924 939 3103 996; x_wconf 80' lang='lat' dir='ltr'><strong>Jesnm</strong></span> <span class='ocrx_word' id='word_1_497' title='bbox 3120 945 3267 1011; x_wconf 89' lang='lat' dir='ltr'><strong>vidit,</strong></span> <span class='ocrx_word' id='word_1_498' title='bbox 3281 924 3547 1018; x_wconf 76' lang='lat' dir='ltr'><strong>quomodo</strong></span> 
     </span>
    </p>
   </div>
   <div class='ocr_carea' id='block_1_68' title="bbox 1961 1013 3545 1103">
    <p class='ocr_par' dir='ltr' id='par_1_68' title="bbox 1961 1013 3545 1103">
     <span class='ocr_line' id='line_1_68' title="bbox 1961 1013 3545 1103; baseline 0.02 -37"><span class='ocrx_word' id='word_1_499' title='bbox 1961 1013 2168 1070; x_wconf 87' lang='lat' dir='ltr'><strong>beatam</strong></span> <span class='ocrx_word' id='word_1_500' title='bbox 2196 1034 2378 1073; x_wconf 90' lang='lat' dir='ltr'><strong>vocem</strong></span> <span class='ocrx_word' id='word_1_501' title='bbox 2402 1021 2542 1076; x_wconf 92' lang='lat' dir='ltr'><strong>illam</strong></span> <span class='ocrx_word' id='word_1_502' title='bbox 2566 1025 2787 1090; x_wconf 88' lang='lat' dir='ltr'><strong>audivit,</strong></span> <span class='ocrx_word' id='word_1_503' title='bbox 2815 1032 3082 1099; x_wconf 91' lang='lat' dir='ltr'><strong>quomodo</strong></span> <span class='ocrx_word' id='word_1_504' title='bbox 3113 1051 3207 1103; x_wconf 90' lang='lat' dir='ltr'><strong>per</strong></span> <span class='ocrx_word' id='word_1_505' title='bbox 3228 1013 3545 1096; x_wconf 77' lang='lat' dir='ltr'><strong>exczecatio-</strong></span> 
     </span>
    </p>
   </div>
   <div class='ocr_carea' id='block_1_69' title="bbox 1961 1109 3544 1202">
    <p class='ocr_par' dir='ltr' id='par_1_69' title="bbox 1961 1109 3544 1202">
     <span class='ocr_line' id='line_1_69' title="bbox 1961 1109 3544 1202; baseline 0.02 -44"><span class='ocrx_word' id='word_1_506' title='bbox 1961 1122 2082 1160; x_wconf 92' lang='lat' dir='ltr'><strong>nem</strong></span> <span class='ocrx_word' id='word_1_507' title='bbox 2113 1109 2177 1162; x_wconf 89' lang='lat' dir='ltr'><strong>ad</strong></span> <span class='ocrx_word' id='word_1_508' title='bbox 2208 1109 2377 1165; x_wconf 91' lang='lat' dir='ltr'><strong>lucem</strong></span> <span class='ocrx_word' id='word_1_509' title='bbox 2407 1117 2666 1183; x_wconf 89' lang='lat' dir='ltr'><strong>pervenit,</strong></span> <span class='ocrx_word' id='word_1_510' title='bbox 2698 1123 2964 1186; x_wconf 90' lang='lat' dir='ltr'><strong>quomodo</strong></span> <span class='ocrx_word' id='word_1_511' title='bbox 2994 1127 3184 1182; x_wconf 87' lang='lat' dir='ltr'><strong>cecidit</strong></span> <span class='ocrx_word' id='word_1_512' title='bbox 3221 1138 3274 1184; x_wconf 90' lang='lat' dir='ltr'><strong>et</strong></span> <span class='ocrx_word' id='word_1_513' title='bbox 3294 1135 3544 1202; x_wconf 80' lang='lat' dir='ltr'><strong>surrexit,</strong></span> 
     </span>
    </p>
   </div>
   <div class='ocr_carea' id='block_1_70' title="bbox 1958 1200 3544 1294">
    <p class='ocr_par' dir='ltr' id='par_1_70' title="bbox 1958 1200 3544 1294">
     <span class='ocr_line' id='line_1_70' title="bbox 1958 1200 3544 1294; baseline 0.02 -46"><span class='ocrx_word' id='word_1_514' title='bbox 1958 1200 2224 1265; x_wconf 86' lang='lat' dir='ltr'><strong>quomodo</strong></span> <span class='ocrx_word' id='word_1_515' title='bbox 2273 1202 2546 1272; x_wconf 87' lang='lat' dir='ltr'><strong>ingressus</strong></span> <span class='ocrx_word' id='word_1_516' title='bbox 2589 1217 2671 1262; x_wconf 90' lang='lat' dir='ltr'><strong>cst</strong></span> <span class='ocrx_word' id='word_1_517' title='bbox 2711 1209 3024 1269; x_wconf 88' lang='lat' dir='ltr'><strong>Damascum</strong></span> <span class='ocrx_word' id='word_1_518' title='bbox 3071 1219 3309 1287; x_wconf 78' lang='lat' dir='ltr'><strong>cnptivus</strong></span> <span class='ocrx_word' id='word_1_519' title='bbox 3343 1200 3544 1294; x_wconf 80' lang='lat' dir='ltr'><strong>absque</strong></span> 
     </span>
    </p>
   </div>
   <div class='ocr_carea' id='block_1_71' title="bbox 1961 1288 3544 1386">
    <p class='ocr_par' dir='ltr' id='par_1_71' title="bbox 1961 1288 3544 1386">
     <span class='ocr_line' id='line_1_71' title="bbox 1961 1288 3544 1386; baseline 0.016 -46"><span class='ocrx_word' id='word_1_520' title='bbox 1961 1288 2184 1344; x_wconf 90' lang='lat' dir='ltr'><strong>vinculis</strong></span> <span class='ocrx_word' id='word_1_521' title='bbox 2208 1295 2562 1364; x_wconf 89' lang='lat' dir='ltr'><strong>compeditus,</strong></span> <span class='ocrx_word' id='word_1_522' title='bbox 2595 1315 2656 1353; x_wconf 91' lang='lat' dir='ltr'><strong>ac</strong></span> <span class='ocrx_word' id='word_1_523' title='bbox 2680 1300 2748 1356; x_wconf 88' lang='lat' dir='ltr'><strong>de</strong></span> <span class='ocrx_word' id='word_1_524' title='bbox 2782 1305 3055 1374; x_wconf 86' lang='lat' dir='ltr'><strong>prophetis</strong></span> <span class='ocrx_word' id='word_1_525' title='bbox 3116 1311 3286 1381; x_wconf 89' lang='lat' dir='ltr'><strong>deque</strong></span> <span class='ocrx_word' id='word_1_526' title='bbox 3329 1288 3544 1386; x_wconf 46' lang='lat' dir='ltr'><strong>lege-lo-</strong></span> 
     </span>
    </p>
   </div>
   <div class='ocr_carea' id='block_1_72' title="bbox 1959 1387 3542 1474">
    <p class='ocr_par' dir='ltr' id='par_1_72' title="bbox 1959 1387 3542 1474">
     <span class='ocr_line' id='line_1_72' title="bbox 1959 1387 3542 1474; baseline 0.021 -44"><span class='ocrx_word' id='word_1_527' title='bbox 1959 1393 2127 1446; x_wconf 90' lang='lat' dir='ltr'><strong>quens</strong></span> <span class='ocrx_word' id='word_1_528' title='bbox 2147 1423 2162 1448; x_wconf 91' lang='lat'><strong>,</strong></span> <span class='ocrx_word' id='word_1_529' title='bbox 2188 1393 2240 1436; x_wconf 93' lang='lat' dir='ltr'><strong>et</strong></span> <span class='ocrx_word' id='word_1_530' title='bbox 2262 1387 2549 1443; x_wconf 90' lang='lat' dir='ltr'><strong>ostendens</strong></span> <span class='ocrx_word' id='word_1_531' title='bbox 2571 1390 2688 1445; x_wconf 90' lang='lat' dir='ltr'><strong>illos</strong></span> <span class='ocrx_word' id='word_1_532' title='bbox 2714 1393 2828 1448; x_wconf 78' lang='lat' dir='ltr'><strong>lucc</strong></span> <span class='ocrx_word' id='word_1_533' title='bbox 2845 1399 3021 1452; x_wconf 90' lang='lat' dir='ltr'><strong>omnia</strong></span> <span class='ocrx_word' id='word_1_534' title='bbox 3050 1405 3375 1470; x_wconf 79' lang='lat' dir='ltr'><strong>praedixisse,</strong></span> <span class='ocrx_word' id='word_1_535' title='bbox 3405 1407 3542 1474; x_wconf 86' lang='lat' dir='ltr'><strong>indi-</strong></span> 
     </span>
    </p>
   </div>
   <div class='ocr_carea' id='block_1_73' title="bbox 1958 1477 3482 1563">
    <p class='ocr_par' dir='ltr' id='par_1_73' title="bbox 1958 1477 3482 1563">
     <span class='ocr_line' id='line_1_73' title="bbox 1958 1477 3482 1563; baseline 0.018 -39"><span class='ocrx_word' id='word_1_536' title='bbox 1958 1481 2165 1528; x_wconf 90' lang='lat' dir='ltr'><strong>cantem</strong></span> <span class='ocrx_word' id='word_1_537' title='bbox 2194 1477 2353 1546; x_wconf 90' lang='lat' dir='ltr'><strong>cepit,</strong></span> <span class='ocrx_word' id='word_1_538' title='bbox 2377 1489 2431 1533; x_wconf 91' lang='lat' dir='ltr'><strong>et</strong></span> <span class='ocrx_word' id='word_1_539' title='bbox 2456 1479 2567 1535; x_wconf 89' lang='lat' dir='ltr'><strong>fere</strong></span> <span class='ocrx_word' id='word_1_540' title='bbox 2594 1483 2659 1537; x_wconf 91' lang='lat' dir='ltr'><strong>ad</strong></span> <span class='ocrx_word' id='word_1_541' title='bbox 2685 1486 2916 1555; x_wconf 88' lang='lat' dir='ltr'><strong>scipsnm</strong></span> <span class='ocrx_word' id='word_1_542' title='bbox 2950 1493 3172 1548; x_wconf 88' lang='lat' dir='ltr'><strong>transire</strong></span> <span class='ocrx_word' id='word_1_543' title='bbox 3205 1499 3482 1563; x_wconf 85' lang='lat' dir='ltr'><strong>persuasit.</strong></span> 
     </span>
    </p>
   </div>
   <div class='ocr_carea' id='block_1_74' title="bbox 2033 1563 3539 1657">
    <p class='ocr_par' dir='ltr' id='par_1_74' title="bbox 2033 1563 3539 1657">
     <span class='ocr_line' id='line_1_74' title="bbox 2033 1563 3539 1657; baseline 0.019 -42"><span class='ocrx_word' id='word_1_544' title='bbox 2033 1563 2088 1616; x_wconf 73' lang='grc'><strong>4.</strong></span> <span class='ocrx_word' id='word_1_545' title='bbox 2129 1565 2285 1620; x_wconf 88' lang='lat' dir='ltr'><strong>Tales</strong></span> <span class='ocrx_word' id='word_1_546' title='bbox 2311 1569 2452 1623; x_wconf 89' lang='lat' dir='ltr'><strong>enim</strong></span> <span class='ocrx_word' id='word_1_547' title='bbox 2484 1583 2786 1630; x_wconf 89' lang='lat' dir='ltr'><strong>sanctorum</strong></span> <span class='ocrx_word' id='word_1_548' title='bbox 2814 1588 2936 1633; x_wconf 91' lang='lat' dir='ltr'><strong>sunt</strong></span> <span class='ocrx_word' id='word_1_549' title='bbox 2960 1581 3150 1636; x_wconf 73' lang='lat' dir='ltr'><strong>animat</strong></span> <span class='ocrx_word' id='word_1_550' title='bbox 3181 1601 3193 1637; x_wconf 91' lang='lat'><strong>:</strong></span> <span class='ocrx_word' id='word_1_551' title='bbox 3223 1600 3340 1639; x_wconf 92' lang='lat' dir='ltr'><strong>cum</strong></span> <span class='ocrx_word' id='word_1_552' title='bbox 3371 1587 3420 1641; x_wconf 93' lang='lat' dir='ltr'><strong>in</strong></span> <span class='ocrx_word' id='word_1_553' title='bbox 3446 1605 3539 1657; x_wconf 84' lang='lat' dir='ltr'><strong>pe-</strong></span> 
     </span>
    </p>
   </div>
   <div class='ocr_carea' id='block_1_75' title="bbox 1960 1653 3542 1747">
    <p class='ocr_par' dir='ltr' id='par_1_75' title="bbox 1960 1653 3542 1747">
     <span class='ocr_line' id='line_1_75' title="bbox 1960 1653 3542 1747; baseline 0.018 -41"><span class='ocrx_word' id='word_1_554' title='bbox 1960 1653 2128 1708; x_wconf 90' lang='lat' dir='ltr'><strong>ricula</strong></span> <span class='ocrx_word' id='word_1_555' title='bbox 2157 1659 2466 1724; x_wconf 89' lang='lat' dir='ltr'><strong>ceciderint,</strong></span> <span class='ocrx_word' id='word_1_556' title='bbox 2510 1679 2614 1718; x_wconf 92' lang='lat' dir='ltr'><strong>non</strong></span> <span class='ocrx_word' id='word_1_557' title='bbox 2636 1671 2904 1735; x_wconf 90' lang='lat' dir='ltr'><strong>quomodo</strong></span> <span class='ocrx_word' id='word_1_558' title='bbox 2933 1673 3181 1739; x_wconf 90' lang='lat' dir='ltr'><strong>periculis</strong></span> <span class='ocrx_word' id='word_1_559' title='bbox 3230 1653 3542 1747; x_wconf 83' lang='lat' dir='ltr'><strong>liberentur,</strong></span> 
     </span>
    </p>
   </div>
   <div class='ocr_carea' id='block_1_76' title="bbox 1959 1748 3540 1831">
    <p class='ocr_par' dir='ltr' id='par_1_76' title="bbox 1959 1748 3540 1831">
     <span class='ocr_line' id='line_1_76' title="bbox 1959 1748 3540 1831; baseline 0.018 -32"><span class='ocrx_word' id='word_1_560' title='bbox 1959 1748 2318 1816; x_wconf 90' lang='lat' dir='ltr'><strong>considerant,</strong></span> <span class='ocrx_word' id='word_1_561' title='bbox 2363 1755 2456 1808; x_wconf 91' lang='lat' dir='ltr'><strong>sed</strong></span> <span class='ocrx_word' id='word_1_562' title='bbox 2494 1773 2602 1825; x_wconf 90' lang='lat' dir='ltr'><strong>quo</strong></span> <span class='ocrx_word' id='word_1_563' title='bbox 2633 1773 3014 1831; x_wconf 88' lang='lat' dir='ltr'><strong>persequentes</strong></span> <span class='ocrx_word' id='word_1_564' title='bbox 3062 1766 3333 1824; x_wconf 61' lang='lat' dir='ltr'><strong>lucrentur</strong></span> <span class='ocrx_word' id='word_1_565' title='bbox 3365 1775 3540 1828; x_wconf 85' lang='lat' dir='ltr'><strong>omnia</strong></span> 
     </span>
    </p>
   </div>
   <div class='ocr_carea' id='block_1_77' title="bbox 1961 1837 3539 1917">
    <p class='ocr_par' dir='ltr' id='par_1_77' title="bbox 1961 1837 3539 1917">
     <span class='ocr_line' id='line_1_77' title="bbox 1961 1837 3539 1917; baseline 0.019 -29"><span class='ocrx_word' id='word_1_566' title='bbox 1961 1837 2161 1892; x_wconf 83' lang='lat' dir='ltr'><strong>faciunt</strong></span> <span class='ocrx_word' id='word_1_567' title='bbox 2189 1859 2202 1893; x_wconf 93' lang='lat'>:</span> <span class='ocrx_word' id='word_1_568' title='bbox 2239 1843 2443 1899; x_wconf 92' lang='lat' dir='ltr'><strong>sicutet</strong></span> <span class='ocrx_word' id='word_1_569' title='bbox 2477 1856 2600 1902; x_wconf 91' lang='lat' dir='ltr'><strong>tunc</strong></span> <span class='ocrx_word' id='word_1_570' title='bbox 2643 1848 2838 1905; x_wconf 90' lang='lat' dir='ltr'><strong>factum</strong></span> <span class='ocrx_word' id='word_1_571' title='bbox 2865 1863 2945 1907; x_wconf 89' lang='lat' dir='ltr'><strong>est</strong></span> <span class='ocrx_word' id='word_1_572' title='bbox 2973 1872 2986 1908; x_wconf 92' lang='lat'>:</span> <span class='ocrx_word' id='word_1_573' title='bbox 3013 1872 3070 1911; x_wconf 91' lang='lat' dir='ltr'><strong>se</strong></span> <span class='ocrx_word' id='word_1_574' title='bbox 3096 1857 3409 1915; x_wconf 87' lang='lat' dir='ltr'><strong>defensurus</strong></span> <span class='ocrx_word' id='word_1_575' title='bbox 3457 1864 3539 1917; x_wconf 80' lang='grc' dir='ltr'><strong>ἰη-</strong></span> 
     </span>
    </p>
   </div>
   <div class='ocr_carea' id='block_1_78' title="bbox 1960 1929 3537 2022">
    <p class='ocr_par' dir='ltr' id='par_1_78' title="bbox 1960 1929 3537 2022">
     <span class='ocr_line' id='line_1_78' title="bbox 1960 1929 3537 2022; baseline 0.021 -42"><span class='ocrx_word' id='word_1_576' title='bbox 1960 1929 2138 1995; x_wconf 91' lang='lat' dir='ltr'><strong>travit,</strong></span> <span class='ocrx_word' id='word_1_577' title='bbox 2170 1941 2225 1986; x_wconf 91' lang='lat' dir='ltr'><strong>et</strong></span> <span class='ocrx_word' id='word_1_578' title='bbox 2263 1943 2418 2004; x_wconf 92' lang='lat' dir='ltr'><strong>capto</strong></span> <span class='ocrx_word' id='word_1_579' title='bbox 2451 1936 2631 2006; x_wconf 86' lang='lat' dir='ltr'><strong>judice</strong></span> <span class='ocrx_word' id='word_1_580' title='bbox 2667 1940 2930 2002; x_wconf 91' lang='lat' dir='ltr'><strong>discessit.</strong></span> <span class='ocrx_word' id='word_1_581' title='bbox 2971 1947 3038 2002; x_wconf 88' lang='lat' dir='ltr'><strong>Et</strong></span> <span class='ocrx_word' id='word_1_582' title='bbox 3078 1946 3192 2004; x_wconf 70' lang='lat' dir='ltr'><strong>hare</strong></span> <span class='ocrx_word' id='word_1_583' title='bbox 3231 1951 3344 2020; x_wconf 88' lang='lat' dir='ltr'><strong>ipse</strong></span> <span class='ocrx_word' id='word_1_584' title='bbox 3375 1954 3537 2022; x_wconf 79' lang='lat' dir='ltr'><strong>jndcx</strong></span> 
     </span>
    </p>
   </div>
   <div class='ocr_carea' id='block_1_79' title="bbox 1960 2028 3536 2108">
    <p class='ocr_par' dir='ltr' id='par_1_79' title="bbox 1960 2028 3536 2108">
     <span class='ocr_line' id='line_1_79' title="bbox 1960 2028 3536 2108; baseline 0.011 -33"><span class='ocrx_word' id='word_1_585' title='bbox 1960 2033 2182 2078; x_wconf 85' lang='lat' dir='ltr'><strong>testatus</strong></span> <span class='ocrx_word' id='word_1_586' title='bbox 2209 2035 2310 2092; x_wconf 89' lang='lat' dir='ltr'><strong>est,</strong></span> <span class='ocrx_word' id='word_1_587' title='bbox 2334 2028 2516 2084; x_wconf 89' lang='lat' dir='ltr'><strong>dicens</strong></span> <span class='ocrx_word' id='word_1_588' title='bbox 2547 2049 2561 2085; x_wconf 91' lang='lat'><strong>:</strong></span> <span class='ocrx_word' id='word_1_589' title='bbox 2592 2031 2659 2086; x_wconf 83' lang='lat' dir='ltr'><strong>In</strong></span> <span class='ocrx_word' id='word_1_590' title='bbox 2680 2035 2963 2090; x_wconf 87' lang='lat' dir='ltr'><strong>modicome</strong></span> <span class='ocrx_word' id='word_1_591' title='bbox 2981 2040 3263 2108; x_wconf 82' lang='lat' dir='ltr'><strong>persuades</strong></span> <span class='ocrx_word' id='word_1_592' title='bbox 3283 2043 3536 2102; x_wconf 81' lang='lat' dir='ltr'><strong>Cltristia-</strong></span> 
     </span>
    </p>
   </div>
   <div class='ocr_carea' id='block_1_80' title="bbox 1959 2116 3536 2203">
    <p class='ocr_par' dir='ltr' id='par_1_80' title="bbox 1959 2116 3536 2203">
     <span class='ocr_line' id='line_1_80' title="bbox 1959 2116 3536 2203; baseline 0.018 -38"><span class='ocrx_word' id='word_1_593' title='bbox 1959 2129 2079 2166; x_wconf 88' lang='lat' dir='ltr'><strong>num</strong></span> <span class='ocrx_word' id='word_1_594' title='bbox 2107 2116 2218 2183; x_wconf 80' lang='lat' dir='ltr'><strong>ﬁeri</strong></span> <span class='ocrx_word' id='word_1_595' title='bbox 2243 2116 2262 2188; x_wconf 94' lang='lat'><strong>(</strong></span> <span class='ocrx_word' id='word_1_596' title='bbox 2286 2119 2396 2172; x_wconf 82' lang='lat' dir='ltr'><strong>Act.</strong></span> <span class='ocrx_word' id='word_1_597' title='bbox 2424 2119 2513 2175; x_wconf 73' lang='lat'><strong>26.</strong></span> <span class='ocrx_word' id='word_1_598' title='bbox 2535 2121 2606 2178; x_wconf 69' lang='lat'><strong>28</strong></span> <span class='ocrx_word' id='word_1_599' title='bbox 2629 2123 2669 2193; x_wconf 90' lang='lat'><strong>).</strong></span> <span class='ocrx_word' id='word_1_600' title='bbox 2689 2124 2801 2179; x_wconf 83' lang='lat' dir='ltr'><strong>Hoc</strong></span> <span class='ocrx_word' id='word_1_601' title='bbox 2818 2135 2873 2181; x_wconf 92' lang='lat' dir='ltr'><strong>et</strong></span> <span class='ocrx_word' id='word_1_602' title='bbox 2898 2126 3056 2185; x_wconf 85' lang='lat' dir='ltr'><strong>hodie</strong></span> <span class='ocrx_word' id='word_1_603' title='bbox 3080 2133 3192 2188; x_wconf 85' lang='lat' dir='ltr'><strong>fieri</strong></span> <span class='ocrx_word' id='word_1_604' title='bbox 3215 2135 3452 2203; x_wconf 77' lang='lat' dir='ltr'><strong>decebat,</strong></span> <span class='ocrx_word' id='word_1_605' title='bbox 3485 2153 3536 2195; x_wconf 78' lang='lat' dir='ltr'><strong>et</strong></span> 
     </span>
    </p>
   </div>
   <div class='ocr_carea' id='block_1_81' title="bbox 1959 2205 3539 2290">
    <p class='ocr_par' dir='ltr' id='par_1_81' title="bbox 1959 2205 3539 2290">
     <span class='ocr_line' id='line_1_81' title="bbox 1959 2205 3539 2290; baseline 0.013 -34"><span class='ocrx_word' id='word_1_606' title='bbox 1959 2205 2265 2272; x_wconf 76' lang='lat' dir='ltr'><strong>prtefectum</strong></span> <span class='ocrx_word' id='word_1_607' title='bbox 2312 2207 2454 2264; x_wconf 87' lang='lat' dir='ltr'><strong>hunc</strong></span> <span class='ocrx_word' id='word_1_608' title='bbox 2476 2221 2705 2266; x_wconf 89' lang='lat' dir='ltr'><strong>vestram</strong></span> <span class='ocrx_word' id='word_1_609' title='bbox 2733 2215 3539 2290; x_wconf 76' lang='lat' dir='ltr'><strong>admirarimagnanimitatem&#39;,</strong></span> 
     </span>
    </p>
   </div>
   <div class='ocr_carea' id='block_1_82' title="bbox 1958 2296 3540 2378">
    <p class='ocr_par' dir='ltr' id='par_1_82' title="bbox 1958 2296 3540 2378">
     <span class='ocr_line' id='line_1_82' title="bbox 1958 2296 3540 2378; baseline 0.016 -30"><span class='ocrx_word' id='word_1_610' title='bbox 1958 2296 2369 2367; x_wconf 88' lang='lat' dir='ltr'><strong>philosophiam,</strong></span> <span class='ocrx_word' id='word_1_611' title='bbox 2401 2303 2794 2376; x_wconf 84' lang='lat' dir='ltr'><strong>perfectamque</strong></span> <span class='ocrx_word' id='word_1_612' title='bbox 2835 2310 3087 2378; x_wconf 89' lang='lat' dir='ltr'><strong>quietem.</strong></span> <span class='ocrx_word' id='word_1_613' title='bbox 3147 2323 3199 2367; x_wconf 90' lang='lat' dir='ltr'><strong>et</strong></span> <span class='ocrx_word' id='word_1_614' title='bbox 3243 2331 3308 2370; x_wconf 82' lang='lat' dir='ltr'><strong>ex</strong></span> <span class='ocrx_word' id='word_1_615' title='bbox 3352 2317 3540 2373; x_wconf 85' lang='lat' dir='ltr'><strong>ordine</strong></span> 
     </span>
    </p>
   </div>
   <div class='ocr_carea' id='block_1_83' title="bbox 1957 2389 3538 2469">
    <p class='ocr_par' dir='ltr' id='par_1_83' title="bbox 1957 2389 3538 2469">
     <span class='ocr_line' id='line_1_83' title="bbox 1957 2389 3538 2469; baseline 0.015 -31"><span class='ocrx_word' id='word_1_616' title='bbox 1957 2397 2136 2441; x_wconf 86' lang='lat' dir='ltr'><strong>vestro</strong></span> <span class='ocrx_word' id='word_1_617' title='bbox 2177 2389 2509 2460; x_wconf 91' lang='lat' dir='ltr'><strong>disciplinam</strong></span> <span class='ocrx_word' id='word_1_618' title='bbox 2559 2411 2773 2468; x_wconf 90' lang='lat' dir='ltr'><strong>capere,</strong></span> <span class='ocrx_word' id='word_1_619' title='bbox 2804 2407 2859 2453; x_wconf 90' lang='lat' dir='ltr'><strong>et</strong></span> <span class='ocrx_word' id='word_1_620' title='bbox 2901 2401 2976 2456; x_wconf 88' lang='lat' dir='ltr'><strong>sic</strong></span> <span class='ocrx_word' id='word_1_621' title='bbox 3021 2404 3187 2469; x_wconf 89' lang='lat' dir='ltr'><strong>abire,</strong></span> <span class='ocrx_word' id='word_1_622' title='bbox 3229 2408 3538 2465; x_wconf 89' lang='lat' dir='ltr'><strong>concionem</strong></span> 
     </span>
    </p>
   </div>
   <div class='ocr_carea' id='block_1_84' title="bbox 1959 2479 3540 2566">
    <p class='ocr_par' dir='ltr' id='par_1_84' title="bbox 1959 2479 3540 2566">
     <span class='ocr_line' id='line_1_84' title="bbox 1959 2479 3540 2566; baseline 0.016 -36"><span class='ocrx_word' id='word_1_623' title='bbox 1959 2479 2232 2546; x_wconf 91' lang='lat' dir='ltr'><strong>admirari,</strong></span> <span class='ocrx_word' id='word_1_624' title='bbox 2284 2483 2502 2542; x_wconf 90' lang='lat' dir='ltr'><strong>laudare</strong></span> <span class='ocrx_word' id='word_1_625' title='bbox 2539 2503 2871 2557; x_wconf 84' lang='lat' dir='ltr'><strong>consessum,</strong></span> <span class='ocrx_word' id='word_1_626' title='bbox 2902 2501 2956 2546; x_wconf 89' lang='lat' dir='ltr'><strong>et</strong></span> <span class='ocrx_word' id='word_1_627' title='bbox 2997 2509 3064 2548; x_wconf 82' lang='lat' dir='ltr'><strong>ex</strong></span> <span class='ocrx_word' id='word_1_628' title='bbox 3105 2497 3234 2566; x_wconf 91' lang='lat' dir='ltr'><strong>ipsis</strong></span> <span class='ocrx_word' id='word_1_629' title='bbox 3274 2500 3430 2554; x_wconf 92' lang='lat' dir='ltr'><strong>rebus</strong></span> <span class='ocrx_word' id='word_1_630' title='bbox 3456 2501 3540 2554; x_wconf 78' lang='lat' dir='ltr'><strong>di-</strong></span> 
     </span>
    </p>
   </div>
   <div class='ocr_carea' id='block_1_85' title="bbox 1958 2577 3540 2648">
    <p class='ocr_par' dir='ltr' id='par_1_85' title="bbox 1958 2577 3540 2648">
     <span class='ocr_line' id='line_1_85' title="bbox 1958 2577 3540 2648; baseline 0.016 -26"><span class='ocrx_word' id='word_1_631' title='bbox 1958 2582 2130 2635; x_wconf 89' lang='lat' dir='ltr'><strong>scere,</strong></span> <span class='ocrx_word' id='word_1_632' title='bbox 2150 2583 2403 2640; x_wconf 90' lang='lat' dir='ltr'><strong>quantum</strong></span> <span class='ocrx_word' id='word_1_633' title='bbox 2420 2577 2556 2632; x_wconf 89' lang='lat' dir='ltr'><strong>inter</strong></span> <span class='ocrx_word' id='word_1_634' title='bbox 2573 2581 2798 2648; x_wconf 84' lang='lat' dir='ltr'><strong>gentiles</strong></span> <span class='ocrx_word' id='word_1_635' title='bbox 2810 2591 2862 2636; x_wconf 92' lang='lat' dir='ltr'><strong>et</strong></span> <span class='ocrx_word' id='word_1_636' title='bbox 2875 2581 3205 2641; x_wconf 87' lang='lat' dir='ltr'><strong>Christianos</strong></span> <span class='ocrx_word' id='word_1_637' title='bbox 3217 2589 3540 2647; x_wconf 86' lang='lat' dir='ltr'><strong>discriminis</strong></span> 
     </span>
    </p>
   </div>
   <div class='ocr_carea' id='block_1_86' title="bbox 1957 2659 3537 2751">
    <p class='ocr_par' dir='ltr' id='par_1_86' title="bbox 1957 2659 3537 2751">
     <span class='ocr_line' id='line_1_86' title="bbox 1957 2659 3537 2751; baseline 0.015 -38"><span class='ocrx_word' id='word_1_638' title='bbox 1957 2659 2048 2713; x_wconf 88' lang='lat' dir='ltr'><strong>sit.</strong></span> <span class='ocrx_word' id='word_1_639' title='bbox 2093 2659 2197 2716; x_wconf 87' lang='lat' dir='ltr'><strong>Sed</strong></span> <span class='ocrx_word' id='word_1_640' title='bbox 2231 2674 2284 2717; x_wconf 90' lang='lat' dir='ltr'><strong>ut</strong></span> <span class='ocrx_word' id='word_1_641' title='bbox 2309 2665 2374 2718; x_wconf 90' lang='lat' dir='ltr'><strong>ad</strong></span> <span class='ocrx_word' id='word_1_642' title='bbox 2420 2667 2469 2720; x_wconf 91' lang='lat' dir='ltr'><strong>id</strong></span> <span class='ocrx_word' id='word_1_643' title='bbox 2499 2668 2713 2723; x_wconf 89' lang='lat' dir='ltr'><strong>redeam</strong></span> <span class='ocrx_word' id='word_1_644' title='bbox 2763 2673 2902 2741; x_wconf 88' lang='lat' dir='ltr'><strong>quod</strong></span> <span class='ocrx_word' id='word_1_645' title='bbox 2952 2675 3214 2743; x_wconf 88' lang='lat' dir='ltr'><strong>dicebam,</strong></span> <span class='ocrx_word' id='word_1_646' title='bbox 3255 2692 3537 2751; x_wconf 88' lang='lat' dir='ltr'><strong>postquam</strong></span> 
     </span>
    </p>
   </div>
   <div class='ocr_carea' id='block_1_87' title="bbox 1957 2751 3541 2844">
    <p class='ocr_par' dir='ltr' id='par_1_87' title="bbox 1957 2751 3541 2844">
     <span class='ocr_line' id='line_1_87' title="bbox 1957 2751 3541 2844; baseline 0.015 -40"><span class='ocrx_word' id='word_1_647' title='bbox 1957 2751 2130 2844; x_wconf 80' lang='lat' dir='ltr'><strong>ipsum</strong></span> <span class='ocrx_word' id='word_1_648' title='bbox 2159 2755 2301 2844; x_wconf 78' lang='lat' dir='ltr'><strong>cepit</strong></span> <span class='ocrx_word' id='word_1_649' title='bbox 2333 2757 2549 2827; x_wconf 88' lang='lat' dir='ltr'><strong>Paulus,</strong></span> <span class='ocrx_word' id='word_1_650' title='bbox 2587 2770 2640 2814; x_wconf 91' lang='lat' dir='ltr'><strong>et</strong></span> <span class='ocrx_word' id='word_1_651' title='bbox 2665 2761 2753 2816; x_wconf 91' lang='lat' dir='ltr'><strong>ille</strong></span> <span class='ocrx_word' id='word_1_652' title='bbox 2783 2763 2916 2818; x_wconf 86' lang='lat' dir='ltr'><strong>dixit</strong></span> <span class='ocrx_word' id='word_1_653' title='bbox 2949 2783 2962 2819; x_wconf 91' lang='lat'><strong>:</strong></span> <span class='ocrx_word' id='word_1_654' title='bbox 2997 2765 3062 2820; x_wconf 86' lang='lat' dir='ltr'><strong>In</strong></span> <span class='ocrx_word' id='word_1_655' title='bbox 3089 2771 3285 2823; x_wconf 88' lang='lat' dir='ltr'><strong>modico</strong></span> <span class='ocrx_word' id='word_1_656' title='bbox 3323 2789 3400 2825; x_wconf 87' lang='lat' dir='ltr'><strong>me</strong></span> <span class='ocrx_word' id='word_1_657' title='bbox 3423 2792 3541 2844; x_wconf 76' lang='lat' dir='ltr'><strong>per-</strong></span> 
     </span>
    </p>
   </div>
   <div class='ocr_carea' id='block_1_88' title="bbox 1954 2843 3538 2934">
    <p class='ocr_par' dir='ltr' id='par_1_88' title="bbox 1954 2843 3538 2934">
     <span class='ocr_line' id='line_1_88' title="bbox 1954 2843 3538 2934; baseline 0.017 -41"><span class='ocrx_word' id='word_1_658' title='bbox 1954 2843 2138 2897; x_wconf 76' lang='lat' dir='ltr'><strong>suades</strong></span> <span class='ocrx_word' id='word_1_659' title='bbox 2165 2843 2505 2902; x_wconf 82' lang='lat' dir='ltr'><strong>Christianum</strong></span> <span class='ocrx_word' id='word_1_660' title='bbox 2535 2851 2667 2919; x_wconf 83' lang='lat' dir='ltr'><strong>ﬁeri,</strong></span> <span class='ocrx_word' id='word_1_661' title='bbox 2701 2853 2897 2909; x_wconf 89' lang='lat' dir='ltr'><strong>Paulus</strong></span> <span class='ocrx_word' id='word_1_662' title='bbox 2926 2857 2994 2910; x_wconf 91' lang='lat' dir='ltr'><strong>ita</strong></span> <span class='ocrx_word' id='word_1_663' title='bbox 3029 2862 3300 2930; x_wconf 89' lang='lat' dir='ltr'><strong>respondit</strong></span> <span class='ocrx_word' id='word_1_664' title='bbox 3328 2882 3340 2916; x_wconf 91' lang='lat'><strong>:</strong></span> <span class='ocrx_word' id='word_1_665' title='bbox 3373 2843 3538 2934; x_wconf 80' lang='lat' dir='ltr'><strong>Opta-</strong></span> 
     </span>
    </p>
   </div>
   <div class='ocr_carea' id='block_1_89' title="bbox 1956 2937 3539 3023">
    <p class='ocr_par' dir='ltr' id='par_1_89' title="bbox 1956 2937 3539 3023">
     <span class='ocr_line' id='line_1_89' title="bbox 1956 2937 3539 3023; baseline 0.017 -39"><span class='ocrx_word' id='word_1_666' title='bbox 1956 2950 2061 2986; x_wconf 77' lang='lat' dir='ltr'><strong>rrm</strong></span> <span class='ocrx_word' id='word_1_667' title='bbox 2090 2937 2260 3004; x_wconf 79' lang='lat' dir='ltr'><strong>utique</strong></span> <span class='ocrx_word' id='word_1_668' title='bbox 2285 2953 2375 3007; x_wconf 82' lang='lat' dir='ltr'><strong>ego</strong></span> <span class='ocrx_word' id='word_1_669' title='bbox 2394 2950 2443 2991; x_wconf 89' lang='lat' dir='ltr'><strong>et</strong></span> <span class='ocrx_word' id='word_1_670' title='bbox 2468 2941 2520 2993; x_wconf 88' lang='lat' dir='ltr'><strong>in</strong></span> <span class='ocrx_word' id='word_1_671' title='bbox 2555 2943 2752 2997; x_wconf 82' lang='lat' dir='ltr'><strong>modico</strong></span> <span class='ocrx_word' id='word_1_672' title='bbox 2778 2955 2823 2998; x_wconf 90' lang='lat' dir='ltr'><strong>et</strong></span> <span class='ocrx_word' id='word_1_673' title='bbox 2847 2947 2900 3000; x_wconf 86' lang='lat' dir='ltr'><strong>in</strong></span> <span class='ocrx_word' id='word_1_674' title='bbox 2936 2949 3112 3016; x_wconf 87' lang='lat' dir='ltr'><strong>multo,</strong></span> <span class='ocrx_word' id='word_1_675' title='bbox 3154 2969 3252 3005; x_wconf 91' lang='lat' dir='ltr'><strong>non</strong></span> <span class='ocrx_word' id='word_1_676' title='bbox 3287 2955 3448 3008; x_wconf 89' lang='lat' dir='ltr'><strong>solum</strong></span> <span class='ocrx_word' id='word_1_677' title='bbox 3473 2967 3539 3023; x_wconf 86' lang='lat' dir='ltr'><strong>te,</strong></span> 
     </span>
    </p>
   </div>
   <div class='ocr_carea' id='block_1_90' title="bbox 1954 3023 3541 3117">
    <p class='ocr_par' dir='ltr' id='par_1_90' title="bbox 1954 3023 3541 3117">
     <span class='ocr_line' id='line_1_90' title="bbox 1954 3023 3541 3117; baseline 0.017 -43"><span class='ocrx_word' id='word_1_678' title='bbox 1954 3023 2044 3076; x_wconf 88' lang='lat' dir='ltr'><strong>sed</strong></span> <span class='ocrx_word' id='word_1_679' title='bbox 2071 3025 2219 3077; x_wconf 81' lang='lat' dir='ltr'><strong>etiam</strong></span> <span class='ocrx_word' id='word_1_680' title='bbox 2250 3045 2419 3082; x_wconf 85' lang='lat' dir='ltr'><strong>omnes</strong></span> <span class='ocrx_word' id='word_1_681' title='bbox 2451 3031 2709 3086; x_wconf 79' lang='lat' dir='ltr'><strong>audientes</strong></span> <span class='ocrx_word' id='word_1_682' title='bbox 2746 3051 2825 3088; x_wconf 86' lang='lat' dir='ltr'><strong>me</strong></span> <span class='ocrx_word' id='word_1_683' title='bbox 2868 3037 2980 3103; x_wconf 81' lang='lat' dir='ltr'><strong>ﬁeri</strong></span> <span class='ocrx_word' id='word_1_684' title='bbox 3017 3038 3328 3098; x_wconf 78' lang='lat' dir='ltr'><strong>Christianos</strong></span> <span class='ocrx_word' id='word_1_685' title='bbox 3357 3046 3541 3117; x_wconf 79' lang='lat' dir='ltr'><strong>absque</strong></span> 
     </span>
    </p>
   </div>
   <div class='ocr_carea' id='block_1_91' title="bbox 1958 3115 3541 3208">
    <p class='ocr_par' dir='ltr' id='par_1_91' title="bbox 1958 3115 3541 3208">
     <span class='ocr_line' id='line_1_91' title="bbox 1958 3115 3541 3208; baseline 0.017 -42"><span class='ocrx_word' id='word_1_686' title='bbox 1958 3115 2167 3208; x_wconf 69' lang='lat' dir='ltr'><strong>vinculis</strong></span> <span class='ocrx_word' id='word_1_687' title='bbox 2189 3116 2266 3170; x_wconf 84' lang='lat' dir='ltr'><strong>his</strong></span> <span class='ocrx_word' id='word_1_688' title='bbox 2287 3117 2428 3188; x_wconf 80' lang='lat' dir='ltr'><strong>(Act.</strong></span> <span class='ocrx_word' id='word_1_689' title='bbox 2451 3121 2542 3176; x_wconf 77' lang='lat'><strong>26.</strong></span> <span class='ocrx_word' id='word_1_690' title='bbox 2573 3121 2642 3176; x_wconf 75' lang='lat'><strong>29</strong></span> <span class='ocrx_word' id='word_1_691' title='bbox 2662 3123 2700 3192; x_wconf 89' lang='lat'><strong>).</strong></span> <span class='ocrx_word' id='word_1_692' title='bbox 2724 3125 2856 3191; x_wconf 88' lang='lat' dir='ltr'><strong>Quid</strong></span> <span class='ocrx_word' id='word_1_693' title='bbox 2886 3127 3038 3194; x_wconf 90' lang='lat' dir='ltr'><strong>dicis,</strong></span> <span class='ocrx_word' id='word_1_694' title='bbox 3063 3145 3094 3185; x_wconf 96' lang='lat' dir='ltr'><strong>o</strong></span> <span class='ocrx_word' id='word_1_695' title='bbox 3124 3132 3330 3189; x_wconf 85' lang='lat' dir='ltr'><strong>Paule?</strong></span> <span class='ocrx_word' id='word_1_696' title='bbox 3359 3115 3541 3208; x_wconf 81' lang='lat' dir='ltr'><strong>Ephe-</strong></span> 
     </span>
    </p>
   </div>
   <div class='ocr_carea' id='block_1_92' title="bbox 1956 3207 3540 3295">
    <p class='ocr_par' dir='ltr' id='par_1_92' title="bbox 1956 3207 3540 3295">
     <span class='ocr_line' id='line_1_92' title="bbox 1956 3207 3540 3295; baseline 0.017 -38"><span class='ocrx_word' id='word_1_697' title='bbox 1956 3207 2050 3260; x_wconf 87' lang='lat' dir='ltr'><strong>siis</strong></span> <span class='ocrx_word' id='word_1_698' title='bbox 2077 3223 2267 3277; x_wconf 89' lang='lat' dir='ltr'><strong>nempe</strong></span> <span class='ocrx_word' id='word_1_699' title='bbox 2289 3211 2548 3277; x_wconf 85' lang='lat' dir='ltr'><strong>seribens,</strong></span> <span class='ocrx_word' id='word_1_700' title='bbox 2577 3213 2708 3269; x_wconf 89' lang='lat' dir='ltr'><strong>dicis</strong></span> <span class='ocrx_word' id='word_1_701' title='bbox 2737 3233 2749 3268; x_wconf 91' lang='lat'>:</span> <span class='ocrx_word' id='word_1_702' title='bbox 2780 3215 2922 3287; x_wconf 84' lang='lat' dir='ltr'><strong>Rogo</strong></span> <span class='ocrx_word' id='word_1_703' title='bbox 2951 3221 3104 3289; x_wconf 82' lang='lat' dir='ltr'><strong>igitur</strong></span> <span class='ocrx_word' id='word_1_704' title='bbox 3128 3239 3212 3277; x_wconf 85' lang='lat' dir='ltr'><strong>vos</strong></span> <span class='ocrx_word' id='word_1_705' title='bbox 3238 3241 3326 3295; x_wconf 87' lang='lat' dir='ltr'><strong>ego</strong></span> <span class='ocrx_word' id='word_1_706' title='bbox 3347 3207 3540 3284; x_wconf 75' lang='lat' dir='ltr'><strong>vinctus</strong></span> 
     </span>
    </p>
   </div>
   <div class='ocr_carea' id='block_1_93' title="bbox 1955 3295 3539 3382">
    <p class='ocr_par' dir='ltr' id='par_1_93' title="bbox 1955 3295 3539 3382">
     <span class='ocr_line' id='line_1_93' title="bbox 1955 3295 3539 3382; baseline 0.016 -34"><span class='ocrx_word' id='word_1_707' title='bbox 1955 3297 2009 3349; x_wconf 83' lang='lat' dir='ltr'><strong>in</strong></span> <span class='ocrx_word' id='word_1_708' title='bbox 2060 3295 2295 3364; x_wconf 82' lang='lat' dir='ltr'><strong>Domino,</strong></span> <span class='ocrx_word' id='word_1_709' title='bbox 2331 3301 2481 3372; x_wconf 89' lang='lat' dir='ltr'><strong>digne</strong></span> <span class='ocrx_word' id='word_1_710' title='bbox 2516 3303 2774 3360; x_wconf 84' lang='lat' dir='ltr'><strong>ambulare</strong></span> <span class='ocrx_word' id='word_1_711' title='bbox 2806 3311 3061 3364; x_wconf 82' lang='lat' dir='ltr'><strong>vocatione</strong></span> <span class='ocrx_word' id='word_1_712' title='bbox 3097 3329 3195 3382; x_wconf 88' lang='lat' dir='ltr'><strong>qua</strong></span> <span class='ocrx_word' id='word_1_713' title='bbox 3231 3319 3391 3370; x_wconf 85' lang='lat' dir='ltr'><strong>vocati</strong></span> <span class='ocrx_word' id='word_1_714' title='bbox 3422 3322 3539 3375; x_wconf 85' lang='lat' dir='ltr'><strong>estis</strong></span> 
     </span>
    </p>
   </div>
   <div class='ocr_carea' id='block_1_94' title="bbox 1959 3387 3533 3476">
    <p class='ocr_par' dir='ltr' id='par_1_94' title="bbox 1959 3387 3533 3476">
     <span class='ocr_line' id='line_1_94' title="bbox 1959 3387 3533 3476; baseline 0.015 -36"><span class='ocrx_word' id='word_1_715' title='bbox 1959 3389 1975 3457; x_wconf 95' lang='lat'><strong>(</strong></span> <span class='ocrx_word' id='word_1_716' title='bbox 2005 3387 2189 3459; x_wconf 86' lang='lat' dir='ltr'><strong>Ephes.</strong></span> <span class='ocrx_word' id='word_1_717' title='bbox 2212 3393 2266 3445; x_wconf 71' lang='grc'><strong>4.</strong></span> <span class='ocrx_word' id='word_1_718' title='bbox 2297 3393 2320 3446; x_wconf 83' lang='grc'><strong>1</strong></span> <span class='ocrx_word' id='word_1_719' title='bbox 2354 3390 2394 3463; x_wconf 94' lang='grc'><strong>).</strong></span> <span class='ocrx_word' id='word_1_720' title='bbox 2441 3394 2505 3448; x_wconf 89' lang='lat' dir='ltr'><strong>Et</strong></span> <span class='ocrx_word' id='word_1_721' title='bbox 2544 3395 2609 3448; x_wconf 91' lang='lat' dir='ltr'><strong>ad</strong></span> <span class='ocrx_word' id='word_1_722' title='bbox 2650 3395 2999 3454; x_wconf 69' lang='lat' dir='ltr'><strong>Timothtcum</strong></span> <span class='ocrx_word' id='word_1_723' title='bbox 3033 3402 3272 3473; x_wconf 90' lang='lat' dir='ltr'><strong>loquens,</strong></span> <span class='ocrx_word' id='word_1_724' title='bbox 3322 3406 3389 3462; x_wconf 86' lang='lat' dir='ltr'><strong>In</strong></span> <span class='ocrx_word' id='word_1_725' title='bbox 3433 3427 3533 3476; x_wconf 88' lang='lat' dir='ltr'><strong>quo</strong></span> 
     </span>
    </p>
   </div>
   <div class='ocr_carea' id='block_1_95' title="bbox 1957 3480 3537 3573">
    <p class='ocr_par' dir='ltr' id='par_1_95' title="bbox 1957 3480 3537 3573">
     <span class='ocr_line' id='line_1_95' title="bbox 1957 3480 3537 3573; baseline 0.015 -43"><span class='ocrx_word' id='word_1_726' title='bbox 1957 3480 2092 3532; x_wconf 79' lang='lat' dir='ltr'><strong>male</strong></span> <span class='ocrx_word' id='word_1_727' title='bbox 2121 3481 2286 3550; x_wconf 86' lang='lat' dir='ltr'><strong>patior</strong></span> <span class='ocrx_word' id='word_1_728' title='bbox 2311 3499 2464 3551; x_wconf 85' lang='lat' dir='ltr'><strong>usque</strong></span> <span class='ocrx_word' id='word_1_729' title='bbox 2482 3483 2550 3537; x_wconf 86' lang='lat' dir='ltr'><strong>ad</strong></span> <span class='ocrx_word' id='word_1_730' title='bbox 2588 3486 2809 3554; x_wconf 86' lang='lat' dir='ltr'><strong>vincula,</strong></span> <span class='ocrx_word' id='word_1_731' title='bbox 2842 3498 3096 3556; x_wconf 86' lang='lat' dir='ltr'><strong>tamquam</strong></span> <span class='ocrx_word' id='word_1_732' title='bbox 3120 3497 3413 3567; x_wconf 81' lang='lat' dir='ltr'><strong>malefactor</strong></span> <span class='ocrx_word' id='word_1_733' title='bbox 3437 3502 3455 3573; x_wconf 95' lang='lat'>(</span> <span class='ocrx_word' id='word_1_734' title='bbox 3482 3501 3537 3554; x_wconf 73' lang='grc'><strong>2.</strong></span> 
     </span>
    </p>
   </div>
   <div class='ocr_carea' id='block_1_96' title="bbox 1958 3569 3540 3649">
    <p class='ocr_par' dir='ltr' id='par_1_96' title="bbox 1958 3569 3540 3649">
     <span class='ocr_line' id='line_1_96' title="bbox 1958 3569 3540 3649; baseline 0.014 -27"><span class='ocrx_word' id='word_1_735' title='bbox 1958 3569 2094 3623; x_wconf 81' lang='lat' dir='ltr'><strong>Tim.</strong></span> <span class='ocrx_word' id='word_1_736' title='bbox 2123 3574 2176 3625; x_wconf 74' lang='lat'><strong>9..</strong></span> <span class='ocrx_word' id='word_1_737' title='bbox 2211 3573 2244 3626; x_wconf 88' lang='lat'><strong>9</strong></span> <span class='ocrx_word' id='word_1_738' title='bbox 2271 3571 2312 3643; x_wconf 91' lang='lat'><strong>),</strong></span> <span class='ocrx_word' id='word_1_739' title='bbox 2339 3587 2392 3628; x_wconf 87' lang='lat' dir='ltr'><strong>et</strong></span> <span class='ocrx_word' id='word_1_740' title='bbox 2421 3575 2486 3628; x_wconf 86' lang='lat' dir='ltr'><strong>ad</strong></span> <span class='ocrx_word' id='word_1_741' title='bbox 2531 3577 2894 3634; x_wconf 75' lang='lat' dir='ltr'><strong>PbilcntOnem</strong></span> <span class='ocrx_word' id='word_1_742' title='bbox 2923 3598 3153 3649; x_wconf 74' lang='lat' dir='ltr'><strong>rursum,</strong></span> <span class='ocrx_word' id='word_1_743' title='bbox 3207 3585 3404 3643; x_wconf 83' lang='lat' dir='ltr'><strong>Paulus</strong></span> <span class='ocrx_word' id='word_1_744' title='bbox 3433 3569 3540 3644; x_wconf 74' lang='lat' dir='ltr'><strong>uin-</strong></span> 
     </span>
    </p>
   </div>
   <div class='ocr_carea' id='block_1_97' title="bbox 1957 3657 3538 3750">
    <p class='ocr_par' dir='ltr' id='par_1_97' title="bbox 1957 3657 3538 3750">
     <span class='ocr_line' id='line_1_97' title="bbox 1957 3657 3538 3750; baseline 0.016 -38"><span class='ocrx_word' id='word_1_745' title='bbox 1957 3669 2065 3713; x_wconf 83' lang='lat' dir='ltr'><strong>ctus</strong></span> <span class='ocrx_word' id='word_1_746' title='bbox 2088 3657 2662 3730; x_wconf 66' lang='lat' dir='ltr'><strong>JesuC/irt&#39;still’hilem.</strong></span> <span class='ocrx_word' id='word_1_747' title='bbox 2687 3668 2738 3736; x_wconf 84' lang='grc'><strong>1)</strong></span> <span class='ocrx_word' id='word_1_748' title='bbox 2757 3687 2768 3722; x_wconf 87' lang='lat'><strong>:</strong></span> <span class='ocrx_word' id='word_1_749' title='bbox 2789 3681 2835 3724; x_wconf 84' lang='lat' dir='ltr'><strong>et</strong></span> <span class='ocrx_word' id='word_1_750' title='bbox 2851 3673 3188 3731; x_wconf 72' lang='lat' dir='ltr'><strong>cumJudteis</strong></span> <span class='ocrx_word' id='word_1_751' title='bbox 3217 3677 3538 3750; x_wconf 87' lang='lat' dir='ltr'><strong>disceptans,</strong></span> 
     </span>
    </p>
   </div>
   <div class='ocr_carea' id='block_1_98' title="bbox 1959 3753 3536 3830">
    <p class='ocr_par' dir='ltr' id='par_1_98' title="bbox 1959 3753 3536 3830">
     <span class='ocr_line' id='line_1_98' title="bbox 1959 3753 3536 3830; baseline 0.016 -27"><span class='ocrx_word' id='word_1_752' title='bbox 1959 3753 2134 3806; x_wconf 84' lang='lat' dir='ltr'><strong>dicis:</strong></span> <span class='ocrx_word' id='word_1_753' title='bbox 2170 3753 2385 3825; x_wconf 86' lang='lat' dir='ltr'><strong>Propter</strong></span> <span class='ocrx_word' id='word_1_754' title='bbox 2427 3775 2566 3825; x_wconf 85' lang='lat' dir='ltr'><strong>spem</strong></span> <span class='ocrx_word' id='word_1_755' title='bbox 2609 3758 2778 3814; x_wconf 80' lang='lat' dir='ltr'><strong>Israel</strong></span> <span class='ocrx_word' id='word_1_756' title='bbox 2832 3763 2928 3817; x_wconf 80' lang='lat' dir='ltr'><strong>hac</strong></span> <span class='ocrx_word' id='word_1_757' title='bbox 2979 3777 3154 3820; x_wconf 86' lang='lat' dir='ltr'><strong>catena</strong></span> <span class='ocrx_word' id='word_1_758' title='bbox 3194 3773 3536 3830; x_wconf 82' lang='lat' dir='ltr'><strong>circumdatus</strong></span> 
     </span>
    </p>
   </div>
   <div class='ocr_carea' id='block_1_99' title="bbox 1957 3845 3539 3923">
    <p class='ocr_par' dir='ltr' id='par_1_99' title="bbox 1957 3845 3539 3923">
     <span class='ocr_line' id='line_1_99' title="bbox 1957 3845 3539 3923; baseline 0.018 -30"><span class='ocrx_word' id='word_1_759' title='bbox 1957 3859 2070 3894; x_wconf 84' lang='lat' dir='ltr'><strong>sum</strong></span> <span class='ocrx_word' id='word_1_760' title='bbox 2101 3845 2245 3913; x_wconf 81' lang='lat' dir='ltr'><strong>(Act.</strong></span> <span class='ocrx_word' id='word_1_761' title='bbox 2288 3847 2378 3901; x_wconf 70' lang='lat'><strong>28.</strong></span> <span class='ocrx_word' id='word_1_762' title='bbox 2409 3847 2541 3918; x_wconf 71' lang='grc'><strong>20).</strong></span> <span class='ocrx_word' id='word_1_763' title='bbox 2591 3852 2655 3904; x_wconf 65' lang='lat' dir='ltr'><strong>lit</strong></span> <span class='ocrx_word' id='word_1_764' title='bbox 2708 3851 3130 3923; x_wconf 81' lang='lat' dir='ltr'><strong>Philippensibus</strong></span> <span class='ocrx_word' id='word_1_765' title='bbox 3180 3863 3418 3918; x_wconf 90' lang='lat' dir='ltr'><strong>scribens</strong></span> <span class='ocrx_word' id='word_1_766' title='bbox 3459 3867 3539 3920; x_wconf 86' lang='lat' dir='ltr'><strong>di-</strong></span> 
     </span>
    </p>
   </div>
   <div class='ocr_carea' id='block_1_100' title="bbox 1958 3934 3532 4020">
    <p class='ocr_par' dir='ltr' id='par_1_100' title="bbox 1958 3934 3532 4020">
     <span class='ocr_line' id='line_1_100' title="bbox 1958 3934 3532 4020; baseline 0.015 -35"><span class='ocrx_word' id='word_1_767' title='bbox 1958 3934 2116 3987; x_wconf 81' lang='lat' dir='ltr'><strong>cebas</strong></span> <span class='ocrx_word' id='word_1_768' title='bbox 2159 3953 2170 3988; x_wconf 94' lang='lat'><strong>:</strong></span> <span class='ocrx_word' id='word_1_769' title='bbox 2213 3935 2299 3989; x_wconf 84' lang='lat' dir='ltr'><strong>Ita</strong></span> <span class='ocrx_word' id='word_1_770' title='bbox 2349 3947 2402 3989; x_wconf 90' lang='lat' dir='ltr'><strong>ut</strong></span> <span class='ocrx_word' id='word_1_771' title='bbox 2451 3939 2616 4006; x_wconf 78' lang='lat' dir='ltr'><strong>plures</strong></span> <span class='ocrx_word' id='word_1_772' title='bbox 2654 3945 2906 4010; x_wconf 79' lang='lat' dir='ltr'><strong>fratrum,</strong></span> <span class='ocrx_word' id='word_1_773' title='bbox 2949 3948 3066 4016; x_wconf 79' lang='lat' dir='ltr'><strong>frelt&#39;</strong></span> <span class='ocrx_word' id='word_1_774' title='bbox 3116 3950 3327 4005; x_wconf 81' lang='lat' dir='ltr'><strong>vinculis</strong></span> <span class='ocrx_word' id='word_1_775' title='bbox 3369 3957 3490 4008; x_wconf 86' lang='lat' dir='ltr'><strong>meis</strong></span> <span class='ocrx_word' id='word_1_776' title='bbox 3516 3998 3532 4020; x_wconf 90' lang='lat'><strong>,</strong></span> 
     </span>
    </p>
   </div>
   <div class='ocr_carea' id='block_1_101' title="bbox 1961 4026 3538 4115">
    <p class='ocr_par' dir='ltr' id='par_1_101' title="bbox 1961 4026 3538 4115">
     <span class='ocr_line' id='line_1_101' title="bbox 1961 4026 3538 4115; baseline 0.014 -38"><span class='ocrx_word' id='word_1_777' title='bbox 1961 4026 2300 4082; x_wconf 84' lang='lat' dir='ltr'><strong>abundantius</strong></span> <span class='ocrx_word' id='word_1_778' title='bbox 2350 4033 2591 4084; x_wconf 81' lang='lat' dir='ltr'><strong>auderent</strong></span> <span class='ocrx_word' id='word_1_779' title='bbox 2640 4033 2888 4103; x_wconf 84' lang='lat' dir='ltr'><strong>intrepide</strong></span> <span class='ocrx_word' id='word_1_780' title='bbox 2941 4039 3143 4091; x_wconf 72' lang='lat' dir='ltr'><strong>verbum</strong></span> <span class='ocrx_word' id='word_1_781' title='bbox 3185 4043 3324 4107; x_wconf 82' lang='lat' dir='ltr'><strong>loqui</strong></span> <span class='ocrx_word' id='word_1_782' title='bbox 3365 4044 3538 4115; x_wconf 78' lang='lat' dir='ltr'><strong>(Phi—</strong></span> 
     </span>
    </p>
   </div>
   <div class='ocr_carea' id='block_1_102' title="bbox 1957 4117 3537 4202">
    <p class='ocr_par' dir='ltr' id='par_1_102' title="bbox 1957 4117 3537 4202">
     <span class='ocr_line' id='line_1_102' title="bbox 1957 4117 3537 4202; baseline 0.014 -32"><span class='ocrx_word' id='word_1_783' title='bbox 1957 4117 2084 4187; x_wconf 85' lang='lat' dir='ltr'><strong>lipp.</strong></span> <span class='ocrx_word' id='word_1_784' title='bbox 2116 4118 2167 4171; x_wconf 83' lang='grc'><strong>1.</strong></span> <span class='ocrx_word' id='word_1_785' title='bbox 2202 4119 2268 4172; x_wconf 75' lang='grc' dir='ltr'>Μ</span> <span class='ocrx_word' id='word_1_786' title='bbox 2295 4119 2333 4190; x_wconf 92' lang='grc'><strong>).</strong></span> <span class='ocrx_word' id='word_1_787' title='bbox 2365 4119 2568 4190; x_wconf 88' lang='lat' dir='ltr'><strong>Ubique</strong></span> <span class='ocrx_word' id='word_1_788' title='bbox 2582 4132 2822 4178; x_wconf 89' lang='lat' dir='ltr'><strong>catenam</strong></span> <span class='ocrx_word' id='word_1_789' title='bbox 2845 4127 3172 4197; x_wconf 80' lang='lat' dir='ltr'><strong>circumfers,</strong></span> <span class='ocrx_word' id='word_1_790' title='bbox 3194 4133 3390 4202; x_wconf 90' lang='lat' dir='ltr'><strong>ubique</strong></span> <span class='ocrx_word' id='word_1_791' title='bbox 3416 4138 3537 4191; x_wconf 84' lang='lat' dir='ltr'><strong>vin-</strong></span> 
     </span>
    </p>
   </div>
   <div class='ocr_carea' id='block_1_103' title="bbox 1957 4209 3537 4297">
    <p class='ocr_par' dir='ltr' id='par_1_103' title="bbox 1957 4209 3537 4297">
     <span class='ocr_line' id='line_1_103' title="bbox 1957 4209 3537 4297; baseline 0.015 -37"><span class='ocrx_word' id='word_1_792' title='bbox 1957 4209 2073 4262; x_wconf 88' lang='lat' dir='ltr'><strong>cula</strong></span> <span class='ocrx_word' id='word_1_793' title='bbox 2096 4211 2369 4279; x_wconf 89' lang='lat' dir='ltr'><strong>proponis,</strong></span> <span class='ocrx_word' id='word_1_794' title='bbox 2396 4221 2449 4266; x_wconf 92' lang='lat' dir='ltr'><strong>et</strong></span> <span class='ocrx_word' id='word_1_795' title='bbox 2476 4213 2773 4282; x_wconf 89' lang='lat' dir='ltr'><strong>hujusmodi</strong></span> <span class='ocrx_word' id='word_1_796' title='bbox 2800 4217 3045 4286; x_wconf 86' lang='lat' dir='ltr'><strong>gloriaris</strong></span> <span class='ocrx_word' id='word_1_797' title='bbox 3087 4225 3336 4291; x_wconf 87' lang='lat' dir='ltr'><strong>negetio;</strong></span> <span class='ocrx_word' id='word_1_798' title='bbox 3372 4227 3424 4280; x_wconf 93' lang='lat' dir='ltr'><strong>in</strong></span> <span class='ocrx_word' id='word_1_799' title='bbox 3446 4229 3537 4297; x_wconf 88' lang='lat' dir='ltr'><strong>ju-</strong></span> 
     </span>
    </p>
   </div>
   <div class='ocr_carea' id='block_1_104' title="bbox 1957 4301 3531 4381">
    <p class='ocr_par' dir='ltr' id='par_1_104' title="bbox 1957 4301 3531 4381">
     <span class='ocr_line' id='line_1_104' title="bbox 1957 4301 3531 4381; baseline 0.013 -28"><span class='ocrx_word' id='word_1_800' title='bbox 1957 4301 2152 4356; x_wconf 87' lang='lat' dir='ltr'><strong>dicium</strong></span> <span class='ocrx_word' id='word_1_801' title='bbox 2180 4312 2354 4356; x_wconf 87' lang='lat' dir='ltr'><strong>autem</strong></span> <span class='ocrx_word' id='word_1_802' title='bbox 2386 4306 2604 4360; x_wconf 83' lang='lat' dir='ltr'><strong>veniens</strong></span> <span class='ocrx_word' id='word_1_803' title='bbox 2652 4308 3040 4376; x_wconf 86' lang='lat' dir='ltr'><strong>philosophiam</strong></span> <span class='ocrx_word' id='word_1_804' title='bbox 3083 4315 3380 4381; x_wconf 88' lang='lat' dir='ltr'><strong>prodidisti,</strong></span> <span class='ocrx_word' id='word_1_805' title='bbox 3411 4333 3531 4373; x_wconf 90' lang='lat' dir='ltr'><strong>cum</strong></span> 
     </span>
    </p>
   </div>
   <div class='ocr_carea' id='block_1_105' title="bbox 1957 4394 3531 4473">
    <p class='ocr_par' dir='ltr' id='par_1_105' title="bbox 1957 4394 3531 4473">
     <span class='ocr_line' id='line_1_105' title="bbox 1957 4394 3531 4473; baseline 0.012 -29"><span class='ocrx_word' id='word_1_806' title='bbox 1957 4394 2188 4448; x_wconf 81' lang='lat' dir='ltr'><strong>maxime</strong></span> <span class='ocrx_word' id='word_1_807' title='bbox 2240 4395 2408 4450; x_wconf 85' lang='lat' dir='ltr'><strong>libere</strong></span> <span class='ocrx_word' id='word_1_808' title='bbox 2451 4407 2500 4450; x_wconf 92' lang='lat' dir='ltr'><strong>te</strong></span> <span class='ocrx_word' id='word_1_809' title='bbox 2548 4412 2736 4466; x_wconf 83' lang='lat' dir='ltr'><strong>gerere</strong></span> <span class='ocrx_word' id='word_1_810' title='bbox 2781 4399 3022 4465; x_wconf 86' lang='lat' dir='ltr'><strong>decebat,</strong></span> <span class='ocrx_word' id='word_1_811' title='bbox 3056 4413 3109 4456; x_wconf 92' lang='lat' dir='ltr'><strong>et</strong></span> <span class='ocrx_word' id='word_1_812' title='bbox 3151 4403 3314 4473; x_wconf 88' lang='lat' dir='ltr'><strong>judici</strong></span> <span class='ocrx_word' id='word_1_813' title='bbox 3361 4407 3531 4462; x_wconf 89' lang='lat' dir='ltr'><strong>dicis:</strong></span> 
     </span>
    </p>
   </div>
   <div class='ocr_carea' id='block_1_106' title="bbox 1963 4482 3536 4567">
    <p class='ocr_par' dir='ltr' id='par_1_106' title="bbox 1963 4482 3536 4567">
     <span class='ocr_line' id='line_1_106' title="bbox 1963 4482 3536 4567; baseline 0.012 -32"><span class='ocrx_word' id='word_1_814' title='bbox 1963 4482 2203 4552; x_wconf 87' lang='lat' dir='ltr'><strong>Optarem</strong></span> <span class='ocrx_word' id='word_1_815' title='bbox 2231 4487 2398 4554; x_wconf 82' lang='lat' dir='ltr'><strong>utique</strong></span> <span class='ocrx_word' id='word_1_816' title='bbox 2422 4499 2468 4542; x_wconf 89' lang='lat' dir='ltr'><strong>te</strong></span> <span class='ocrx_word' id='word_1_817' title='bbox 2499 4489 2611 4556; x_wconf 78' lang='lat' dir='ltr'><strong>fieri</strong></span> <span class='ocrx_word' id='word_1_818' title='bbox 2636 4489 2980 4545; x_wconf 83' lang='lat' dir='ltr'><strong>Christianum</strong></span> <span class='ocrx_word' id='word_1_819' title='bbox 3007 4493 3192 4567; x_wconf 83' lang='lat' dir='ltr'><strong>absque</strong></span> <span class='ocrx_word' id='word_1_820' title='bbox 3219 4498 3430 4553; x_wconf 75' lang='lat' dir='ltr'><strong>vinculis</strong></span> <span class='ocrx_word' id='word_1_821' title='bbox 3458 4502 3536 4556; x_wconf 80' lang='lat' dir='ltr'><strong>Itis</strong></span> 
     </span>
    </p>
   </div>
   <div class='ocr_carea' id='block_1_107' title="bbox 1961 4578 3535 4654">
    <p class='ocr_par' dir='ltr' id='par_1_107' title="bbox 1961 4578 3535 4654">
     <span class='ocr_line' id='line_1_107' title="bbox 1961 4578 3535 4654; baseline 0.013 -26"><span class='ocrx_word' id='word_1_822' title='bbox 1961 4579 2115 4647; x_wconf 81' lang='lat' dir='ltr'><strong>(Act.</strong></span> <span class='ocrx_word' id='word_1_823' title='bbox 2148 4579 2238 4632; x_wconf 76' lang='lat'><strong>26.</strong></span> <span class='ocrx_word' id='word_1_824' title='bbox 2269 4578 2342 4634; x_wconf 76' lang='lat'><strong>9.9</strong></span> <span class='ocrx_word' id='word_1_825' title='bbox 2373 4580 2390 4649; x_wconf 96' lang='lat'>)</span> <span class='ocrx_word' id='word_1_826' title='bbox 2420 4581 2443 4634; x_wconf 86' lang='lat'><strong>?</strong></span> <span class='ocrx_word' id='word_1_827' title='bbox 2472 4581 2672 4650; x_wconf 88' lang='lat' dir='ltr'><strong>Nempe</strong></span> <span class='ocrx_word' id='word_1_828' title='bbox 2711 4583 2756 4636; x_wconf 91' lang='lat' dir='ltr'><strong>si</strong></span> <span class='ocrx_word' id='word_1_829' title='bbox 2787 4583 2924 4638; x_wconf 86' lang='lat' dir='ltr'><strong>bona</strong></span> <span class='ocrx_word' id='word_1_830' title='bbox 2950 4588 3178 4654; x_wconf 88' lang='lat' dir='ltr'><strong>vincula,</strong></span> <span class='ocrx_word' id='word_1_831' title='bbox 3210 4598 3265 4644; x_wconf 90' lang='lat' dir='ltr'><strong>et</strong></span> <span class='ocrx_word' id='word_1_832' title='bbox 3298 4592 3367 4645; x_wconf 91' lang='lat' dir='ltr'><strong>ita</strong></span> <span class='ocrx_word' id='word_1_833' title='bbox 3398 4594 3535 4650; x_wconf 87' lang='lat' dir='ltr'><strong>bona</strong></span> 
     </span>
    </p>
   </div>
   <div class='ocr_carea' id='block_1_108' title="bbox 1958 4671 3538 4753">
    <p class='ocr_par' dir='ltr' id='par_1_108' title="bbox 1958 4671 3538 4753">
     <span class='ocr_line' id='line_1_108' title="bbox 1958 4671 3538 4753; baseline 0.011 -30"><span class='ocrx_word' id='word_1_834' title='bbox 1958 4679 2015 4723; x_wconf 92' lang='lat' dir='ltr'><strong>ut</strong></span> <span class='ocrx_word' id='word_1_835' title='bbox 2040 4671 2156 4726; x_wconf 84' lang='lat' dir='ltr'><strong>aliis</strong></span> <span class='ocrx_word' id='word_1_836' title='bbox 2203 4688 2412 4742; x_wconf 88' lang='lat' dir='ltr'><strong>quoque</strong></span> <span class='ocrx_word' id='word_1_837' title='bbox 2452 4673 2692 4728; x_wconf 87' lang='lat' dir='ltr'><strong>tiduciam</strong></span> <span class='ocrx_word' id='word_1_838' title='bbox 2719 4675 2786 4730; x_wconf 91' lang='lat' dir='ltr'><strong>ad</strong></span> <span class='ocrx_word' id='word_1_839' title='bbox 2815 4692 3114 4734; x_wconf 90' lang='lat' dir='ltr'><strong>sermonem</strong></span> <span class='ocrx_word' id='word_1_840' title='bbox 3144 4695 3239 4749; x_wconf 89' lang='lat' dir='ltr'><strong>pro</strong></span> <span class='ocrx_word' id='word_1_841' title='bbox 3284 4683 3538 4753; x_wconf 83' lang='lat' dir='ltr'><strong>religione</strong></span> 
     </span>
    </p>
   </div>
   <div class='ocr_carea' id='block_1_109' title="bbox 1958 4763 3533 4834">
    <p class='ocr_par' dir='ltr' id='par_1_109' title="bbox 1958 4763 3533 4834">
     <span class='ocr_line' id='line_1_109' title="bbox 1958 4763 3533 4834; baseline 0.01 -20"><span class='ocrx_word' id='word_1_842' title='bbox 1958 4763 2224 4830; x_wconf 68' lang='lat' dir='ltr'><strong>prtebeant</strong></span> <span class='ocrx_word' id='word_1_843' title='bbox 2241 4763 2457 4833; x_wconf 91' lang='lat' dir='ltr'><strong>(ctenim</strong></span> <span class='ocrx_word' id='word_1_844' title='bbox 2474 4765 2572 4819; x_wconf 89' lang='lat' dir='ltr'><strong>hoc</strong></span> <span class='ocrx_word' id='word_1_845' title='bbox 2589 4766 2757 4834; x_wconf 90' lang='lat' dir='ltr'><strong>ipsum</strong></span> <span class='ocrx_word' id='word_1_846' title='bbox 2773 4769 2917 4834; x_wconf 89' lang='lat' dir='ltr'><strong>prius</strong></span> <span class='ocrx_word' id='word_1_847' title='bbox 2933 4768 3130 4834; x_wconf 82' lang='lat' dir='ltr'><strong>dixisti,</strong></span> <span class='ocrx_word' id='word_1_848' title='bbox 3148 4771 3293 4827; x_wconf 78' lang='lat' dir='ltr'><strong>Multi</strong></span> <span class='ocrx_word' id='word_1_849' title='bbox 3314 4773 3533 4829; x_wconf 78' lang='lat' dir='ltr'><strong>fratrum</strong></span> 
     </span>
    </p>
   </div>
   <div class='ocr_carea' id='block_1_110' title="bbox 1955 4851 3533 4931">
    <p class='ocr_par' dir='ltr' id='par_1_110' title="bbox 1955 4851 3533 4931">
     <span class='ocr_line' id='line_1_110' title="bbox 1955 4851 3533 4931; baseline 0.009 -27"><span class='ocrx_word' id='word_1_850' title='bbox 1955 4851 2076 4905; x_wconf 85' lang='lat' dir='ltr'><strong>freti</strong></span> <span class='ocrx_word' id='word_1_851' title='bbox 2131 4852 2354 4906; x_wconf 90' lang='lat' dir='ltr'><strong>vinculis</strong></span> <span class='ocrx_word' id='word_1_852' title='bbox 2409 4855 2543 4908; x_wconf 91' lang='lat' dir='ltr'><strong>meis</strong></span> <span class='ocrx_word' id='word_1_853' title='bbox 2594 4856 2813 4908; x_wconf 90' lang='lat' dir='ltr'><strong>verbum</strong></span> <span class='ocrx_word' id='word_1_854' title='bbox 2871 4856 3220 4927; x_wconf 90' lang='lat' dir='ltr'><strong>loquebantur</strong></span> <span class='ocrx_word' id='word_1_855' title='bbox 3248 4862 3533 4931; x_wconf 88' lang='lat' dir='ltr'><strong>intrepide)</strong></span> 
     </span>
    </p>
   </div>
   <div class='ocr_carea' id='block_1_111' title="bbox 1962 4943 3601 5018">
    <p class='ocr_par' dir='ltr' id='par_1_111' title="bbox 1962 4943 3601 5018">
     <span class='ocr_line' id='line_1_111' title="bbox 1962 4943 3601 5018; baseline 0.011 -23"><span class='ocrx_word' id='word_1_856' title='bbox 1962 4943 2241 5014; x_wconf 80' lang='lat' dir='ltr'><strong>(Philipp.</strong></span> <span class='ocrx_word' id='word_1_857' title='bbox 2283 4947 2334 4999; x_wconf 80' lang='grc'><strong>1.</strong></span> <span class='ocrx_word' id='word_1_858' title='bbox 2364 4946 2465 5017; x_wconf 78' lang='lat' dir='ltr'><strong>M)</strong></span> <span class='ocrx_word' id='word_1_859' title='bbox 2517 4963 2726 5016; x_wconf 84' lang='lat' dir='ltr'><strong>;quare</strong></span> <span class='ocrx_word' id='word_1_860' title='bbox 2772 4963 2952 5002; x_wconf 91' lang='lat' dir='ltr'><strong>coram</strong></span> <span class='ocrx_word' id='word_1_861' title='bbox 2976 4949 3156 5018; x_wconf 87' lang='lat' dir='ltr'><strong>judice</strong></span> <span class='ocrx_word' id='word_1_862' title='bbox 3183 4967 3286 5006; x_wconf 87' lang='lat' dir='ltr'><strong>tton</strong></span> <span class='ocrx_word' id='word_1_863' title='bbox 3333 4954 3431 5010; x_wconf 92' lang='lat' dir='ltr'><strong>hac</strong></span> <span class='ocrx_word' id='word_1_864' title='bbox 3478 4973 3537 5012; x_wconf 90' lang='lat' dir='ltr'><strong>re</strong></span> <span class='ocrx_word' id='word_1_865' title='bbox 3596 4969 3601 4974; x_wconf 93' lang='lat'><strong><em>&#39;</em></strong></span> 
     </span>
    </p>
   </div>
   <div class='ocr_carea' id='block_1_112' title="bbox 1955 5036 3536 5105">
    <p class='ocr_par' dir='ltr' id='par_1_112' title="bbox 1955 5036 3536 5105">
     <span class='ocr_line' id='line_1_112' title="bbox 1955 5036 3536 5105; baseline 0.011 -17"><span class='ocrx_word' id='word_1_866' title='bbox 1955 5036 2220 5105; x_wconf 85' lang='lat' dir='ltr'><strong>gloriaris,</strong></span> <span class='ocrx_word' id='word_1_867' title='bbox 2254 5037 2348 5091; x_wconf 88' lang='lat' dir='ltr'><strong>sed</strong></span> <span class='ocrx_word' id='word_1_868' title='bbox 2397 5039 2719 5092; x_wconf 89' lang='lat' dir='ltr'><strong>contrarium</strong></span> <span class='ocrx_word' id='word_1_869' title='bbox 2751 5037 2878 5093; x_wconf 85' lang='lat' dir='ltr'><strong>iacis</strong></span> <span class='ocrx_word' id='word_1_870' title='bbox 2904 5041 2927 5092; x_wconf 85' lang='lat'><strong>?</strong></span> <span class='ocrx_word' id='word_1_871' title='bbox 2951 5045 3142 5095; x_wconf 88' lang='lat' dir='ltr'><strong>Annon</strong></span> <span class='ocrx_word' id='word_1_872' title='bbox 3169 5044 3378 5100; x_wconf 89' lang='lat' dir='ltr'><strong>videtur</strong></span> <span class='ocrx_word' id='word_1_873' title='bbox 3415 5064 3536 5105; x_wconf 83' lang='lat' dir='ltr'><strong>esse</strong></span> 
     </span>
    </p>
   </div>
   <div class='ocr_carea' id='block_1_113' title="bbox 1957 5129 3530 5198">
    <p class='ocr_par' dir='ltr' id='par_1_113' title="bbox 1957 5129 3530 5198">
     <span class='ocr_line' id='line_1_113' title="bbox 1957 5129 3530 5198; baseline 0.012 -19"><span class='ocrx_word' id='word_1_874' title='bbox 1957 5130 2179 5198; x_wconf 73' lang='lat' dir='ltr'><strong>quaestio</strong></span> <span class='ocrx_word' id='word_1_875' title='bbox 2231 5129 2369 5198; x_wconf 93' lang='lat' dir='ltr'><strong>quod</strong></span> <span class='ocrx_word' id='word_1_876' title='bbox 2417 5130 2657 5184; x_wconf 86' lang='lat' dir='ltr'><strong>dicitur?</strong></span> <span class='ocrx_word' id='word_1_877' title='bbox 2694 5129 2798 5186; x_wconf 90' lang='lat' dir='ltr'><strong>Sed</strong></span> <span class='ocrx_word' id='word_1_878' title='bbox 2821 5133 3158 5190; x_wconf 89' lang='lat' dir='ltr'><strong>celerrimam</strong></span> <span class='ocrx_word' id='word_1_879' title='bbox 3211 5139 3530 5198; x_wconf 88' lang='lat' dir='ltr'><strong>solutionem</strong></span> 
     </span>
    </p>
   </div>
   <div class='ocr_carea' id='block_1_114' title="bbox 1958 5217 3535 5288">
    <p class='ocr_par' dir='ltr' id='par_1_114' title="bbox 1958 5217 3535 5288">
     <span class='ocr_line' id='line_1_114' title="bbox 1958 5217 3535 5288; baseline 0.01 -18"><span class='ocrx_word' id='word_1_880' title='bbox 1958 5218 2145 5272; x_wconf 78' lang='lat' dir='ltr'><strong>alfero.</strong></span> <span class='ocrx_word' id='word_1_881' title='bbox 2172 5217 2285 5271; x_wconf 86' lang='lat' dir='ltr'><strong>Non</strong></span> <span class='ocrx_word' id='word_1_882' title='bbox 2323 5219 2464 5272; x_wconf 83' lang='lat' dir='ltr'><strong>enim</strong></span> <span class='ocrx_word' id='word_1_883' title='bbox 2509 5221 2774 5275; x_wconf 80' lang='lat' dir='ltr'><strong>anxietate</strong></span> <span class='ocrx_word' id='word_1_884' title='bbox 2800 5223 2881 5276; x_wconf 86' lang='lat' dir='ltr'><strong>vel</strong></span> <span class='ocrx_word' id='word_1_885' title='bbox 2911 5223 3188 5282; x_wconf 88' lang='lat' dir='ltr'><strong>timiditate</strong></span> <span class='ocrx_word' id='word_1_886' title='bbox 3217 5228 3408 5284; x_wconf 88' lang='lat' dir='ltr'><strong>Paulus</strong></span> <span class='ocrx_word' id='word_1_887' title='bbox 3435 5231 3535 5288; x_wconf 77' lang='lat' dir='ltr'><strong>hoc</strong></span> 
     </span>
    </p>
   </div>
   <div class='ocr_carea' id='block_1_115' title="bbox 1959 5307 3534 5392">
    <p class='ocr_par' dir='ltr' id='par_1_115' title="bbox 1959 5307 3534 5392">
     <span class='ocr_line' id='line_1_115' title="bbox 1959 5307 3534 5392; baseline 0.011 -31"><span class='ocrx_word' id='word_1_888' title='bbox 1959 5307 2205 5372; x_wconf 80' lang='lat' dir='ltr'><strong>faciebat,</strong></span> <span class='ocrx_word' id='word_1_889' title='bbox 2255 5310 2350 5365; x_wconf 89' lang='lat' dir='ltr'><strong>sed</strong></span> <span class='ocrx_word' id='word_1_890' title='bbox 2376 5324 2442 5365; x_wconf 81' lang='lat' dir='ltr'><strong>ex</strong></span> <span class='ocrx_word' id='word_1_891' title='bbox 2483 5312 2740 5381; x_wconf 86' lang='lat' dir='ltr'><strong>sapientia</strong></span> <span class='ocrx_word' id='word_1_892' title='bbox 2770 5315 2933 5369; x_wconf 88' lang='lat' dir='ltr'><strong>multa</strong></span> <span class='ocrx_word' id='word_1_893' title='bbox 2963 5324 3018 5371; x_wconf 88' lang='lat' dir='ltr'><strong>et</strong></span> <span class='ocrx_word' id='word_1_894' title='bbox 3059 5321 3317 5388; x_wconf 81' lang='lat' dir='ltr'><strong>Spiritnali</strong></span> <span class='ocrx_word' id='word_1_895' title='bbox 3356 5325 3534 5392; x_wconf 84' lang='lat' dir='ltr'><strong>provi-</strong></span> 
     </span>
    </p>
   </div>
   <div class='ocr_carea' id='block_1_116' title="bbox 1959 5401 3540 5476">
    <p class='ocr_par' dir='ltr' id='par_1_116' title="bbox 1959 5401 3540 5476">
     <span class='ocr_line' id='line_1_116' title="bbox 1959 5401 3540 5476; baseline 0.006 -22"><span class='ocrx_word' id='word_1_896' title='bbox 1959 5401 2134 5456; x_wconf 80' lang='lat' dir='ltr'><strong>dentia</strong></span> <span class='ocrx_word' id='word_1_897' title='bbox 2165 5418 2178 5454; x_wconf 90' lang='lat'><strong>:</strong></span> <span class='ocrx_word' id='word_1_898' title='bbox 2211 5418 2317 5472; x_wconf 91' lang='lat' dir='ltr'><strong>quo</strong></span> <span class='ocrx_word' id='word_1_899' title='bbox 2345 5417 2472 5457; x_wconf 80' lang='lat' dir='ltr'><strong>vero</strong></span> <span class='ocrx_word' id='word_1_900' title='bbox 2516 5411 2692 5472; x_wconf 87' lang='lat' dir='ltr'><strong>pacto,</strong></span> <span class='ocrx_word' id='word_1_901' title='bbox 2725 5422 2823 5476; x_wconf 90' lang='lat' dir='ltr'><strong>ego</strong></span> <span class='ocrx_word' id='word_1_902' title='bbox 2865 5409 3058 5464; x_wconf 86' lang='lat' dir='ltr'><strong>dicam.</strong></span> <span class='ocrx_word' id='word_1_903' title='bbox 3090 5411 3352 5468; x_wconf 86' lang='lat' dir='ltr'><strong>Gentilem</strong></span> <span class='ocrx_word' id='word_1_904' title='bbox 3405 5417 3540 5469; x_wconf 81' lang='lat' dir='ltr'><strong>allo.</strong></span> 
     </span>
    </p>
   </div>
   <div class='ocr_carea' id='block_1_117' title="bbox 1960 5492 3541 5562">
    <p class='ocr_par' dir='ltr' id='par_1_117' title="bbox 1960 5492 3541 5562">
     <span class='ocr_line' id='line_1_117' title="bbox 1960 5492 3541 5562; baseline 0.01 -18"><span class='ocrx_word' id='word_1_905' title='bbox 1960 5492 2218 5559; x_wconf 69' lang='lat' dir='ltr'><strong>qnebatur</strong></span> <span class='ocrx_word' id='word_1_906' title='bbox 2244 5503 2298 5546; x_wconf 91' lang='lat' dir='ltr'><strong>et</strong></span> <span class='ocrx_word' id='word_1_907' title='bbox 2342 5492 2628 5562; x_wconf 87' lang='lat' dir='ltr'><strong>iatidelem,</strong></span> <span class='ocrx_word' id='word_1_908' title='bbox 2663 5511 2761 5551; x_wconf 90' lang='lat' dir='ltr'><strong>nec</strong></span> <span class='ocrx_word' id='word_1_909' title='bbox 2796 5507 2974 5553; x_wconf 88' lang='lat' dir='ltr'><strong>nostra</strong></span> <span class='ocrx_word' id='word_1_910' title='bbox 3011 5501 3288 5556; x_wconf 88' lang='lat' dir='ltr'><strong>scientem.</strong></span> <span class='ocrx_word' id='word_1_911' title='bbox 3321 5502 3541 5560; x_wconf 83' lang='lat' dir='ltr'><strong>Nolebat</strong></span> 
     </span>
    </p>
   </div>
   <div class='ocr_carea' id='block_1_118' title="bbox 1963 5581 3537 5660">
    <p class='ocr_par' dir='ltr' id='par_1_118' title="bbox 1963 5581 3537 5660">
     <span class='ocr_line' id='line_1_118' title="bbox 1963 5581 3537 5660; baseline 0.011 -28"><span class='ocrx_word' id='word_1_912' title='bbox 1963 5581 2122 5649; x_wconf 86' lang='lat' dir='ltr'><strong>igitur</strong></span> <span class='ocrx_word' id='word_1_913' title='bbox 2151 5581 2321 5649; x_wconf 54' lang='lat' dir='ltr'><strong>ipsum</strong></span> <span class='ocrx_word' id='word_1_914' title='bbox 2353 5596 2448 5651; x_wconf 90' lang='lat' dir='ltr'><strong>per</strong></span> <span class='ocrx_word' id='word_1_915' title='bbox 2483 5584 2660 5654; x_wconf 88' lang='lat' dir='ltr'><strong>gravia</strong></span> <span class='ocrx_word' id='word_1_916' title='bbox 2691 5586 2961 5654; x_wconf 87' lang='lat' dir='ltr'><strong>inducere,</strong></span> <span class='ocrx_word' id='word_1_917' title='bbox 2997 5589 3089 5643; x_wconf 89' lang='lat' dir='ltr'><strong>sed</strong></span> <span class='ocrx_word' id='word_1_918' title='bbox 3115 5590 3255 5660; x_wconf 91' lang='lat' dir='ltr'><strong>quod</strong></span> <span class='ocrx_word' id='word_1_919' title='bbox 3283 5591 3492 5649; x_wconf 88' lang='lat' dir='ltr'><strong>dicebat</strong></span> <span class='ocrx_word' id='word_1_920' title='bbox 3523 5611 3537 5649; x_wconf 87' lang='lat'><strong>:</strong></span> 
     </span>
    </p>
   </div>
   <div class='ocr_carea' id='block_1_119' title="bbox 2027 5717 3538 5788">
    <p class='ocr_par' dir='ltr' id='par_1_119' title="bbox 2027 5717 3538 5788">
     <span class='ocr_line' id='line_1_119' title="bbox 2027 5717 3538 5788; baseline 0.008 -23"><span class='ocrx_word' id='word_1_921' title='bbox 2027 5719 2040 5748; x_wconf 78' lang='grc' dir='ltr'>ι</span> <span class='ocrx_word' id='word_1_922' title='bbox 2078 5717 2215 5788; x_wconf 61' lang='lat' dir='ltr'><strong>sax-il.</strong></span> <span class='ocrx_word' id='word_1_923' title='bbox 2247 5726 2295 5766; x_wconf 90' lang='lat' dir='ltr'><strong>et</strong></span> <span class='ocrx_word' id='word_1_924' title='bbox 2318 5717 2635 5788; x_wconf 29' lang='lat' dir='ltr'><strong>aliisillorunt</strong></span> <span class='ocrx_word' id='word_1_925' title='bbox 2671 5721 2950 5783; x_wconf 78' lang='lat' dir='ltr'><strong>pra&#39;fet‘tum</strong></span> <span class='ocrx_word' id='word_1_926' title='bbox 2985 5719 3244 5772; x_wconf 74' lang='lat' dir='ltr'><strong>venientem</strong></span> <span class='ocrx_word' id='word_1_927' title='bbox 3266 5722 3330 5773; x_wconf 88' lang='lat' dir='ltr'><strong>ad</strong></span> <span class='ocrx_word' id='word_1_928' title='bbox 3353 5738 3434 5777; x_wconf 87' lang='lat' dir='ltr'><strong>vos</strong></span> <span class='ocrx_word' id='word_1_929' title='bbox 3465 5740 3538 5777; x_wconf 82' lang='lat' dir='ltr'><strong>re-</strong></span> 
     </span>
    </p>
   </div>
   <div class='ocr_carea' id='block_1_120' title="bbox 1965 5781 2598 5842">
    <p class='ocr_par' dir='ltr' id='par_1_120' title="bbox 1965 5781 2598 5842">
     <span class='ocr_line' id='line_1_120' title="bbox 1965 5781 2598 5842; baseline 0 -10"><span class='ocrx_word' id='word_1_930' title='bbox 1965 5781 2127 5832; x_wconf 80' lang='lat' dir='ltr'><strong>nerart&#39;</strong></span> <span class='ocrx_word' id='word_1_931' title='bbox 2148 5781 2598 5842; x_wconf 73' lang='lat' dir='ltr'><strong>magnanimitatem.</strong></span> 
     </span>
    </p>
   </div>
  </div>
