4068 6486
560 384 650 440 167

558 499 743 552 Factus
769 511 882 550 sum
913 490 1190 547 carentibus
1218 488 1344 560 lege,
1373 499 1627 557 tamquam
1648 486 1755 539 sine
1777 486 1884 555 lege
1906 482 1979 556 (1.
2004 482 2122 537 Cor.

545 597 606 650 9.
633 589 695 642 2|
720 588 739 658 )
763 602 776 639 :
796 585 897 639 hoc
920 592 973 637 et
998 582 1083 636 bie
1104 579 1347 635 faciebat.
1365 578 1421 633 Si
1443 576 1651 632 vincula
1671 574 1916 638 audierit,
1943 574 2130 642 inquit,

546 691 606 734 ct
629 676 1015 738 tribulationes,
1045 671 1223 725 statim
1247 667 1634 738 refugiet,cum
1662 662 1994 719 vinculorum
2024 664 2132 716 viro

553 779 716 824 tutem
744 781 850 820 non
878 763 1039 818 norit.
1078 760 1198 817 Fiat
1225 760 1373 830 prius
1407 756 1578 812 ﬁdelis
1620 763 1674 809 et
1703 751 2132 824 praedicationem

550 867 745 929 gustet,
773 865 827 911 et
866 863 990 909 tunc
1024 855 1137 922 ipse
1183 863 1394 921 quoque
1441 848 1507 902 ad
1550 847 1665 900 lucc
1692 843 1901 899 vincula
1931 850 2131 896 curret.

555 948 752 1003 Audivi
798 945 1080 1000 Dominum
1129 955 1305 997 meum
1356 939 1620 994 dicentem
1658 952 1672 988 :
1706 933 1871 988 Nemo
1913 931 2133 985 immittit

559 1038 937 1094 commissuram
965 1033 1119 1104 panni
1138 1031 1278 1085 rudis
1297 1046 1444 1099 super
1468 1027 1808 1081 vestimentum
1830 1033 1984 1089 vetus,
2010 1037 2134 1091 quo-

550 1106 687 1185 niam
732 1128 865 1182 tollit
897 1123 1259 1195 plenitudinem
1310 1121 1469 1191 ipsius
1498 1127 1545 1172 et
1593 1116 1736 1187 pejor
1766 1114 1825 1182 ﬁt
1864 1112 2083 1166 scissura
2108 1126 2127 1164 :

550 1235 706 1291 neque
753 1219 957 1271 mittunt
983 1216 1155 1268 vinum
1184 1227 1369 1266 novum
1394 1212 1447 1264 in
1485 1218 1620 1263 utres
1658 1216 1866 1271 veteres,
1896 1204 2133 1272 quoniam

550 1314 932 1383 disrumpuntur
974 1316 1112 1362 utres
1142 1304 1371 1376 (Matth.
1398 1302 1451 1358 9.
1485 1302 1570 1356 16.
1601 1301 1705 1364 17;
1743 1298 1909 1352 Marc.
1953 1297 2007 1350 2.
2040 1296 2127 1349 21.

550 1404 657 1470 22;
690 1403 815 1456 Luc.
846 1402 900 1456 5.
940 1399 1031 1454 36.
1059 1398 1126 1452 '57
1167 1396 1208 1467 ).
1238 1396 1426 1450 Anima
1453 1393 1608 1462 hujus
1633 1402 1715 1447 est
1754 1390 2130 1444 vestimentum

550 1506 724 1558 vetus,
753 1502 806 1547 et
847 1501 966 1545 uter
996 1489 1284 1558 antiquus;
1333 1501 1437 1539 non
1459 1494 1540 1539 est
1568 1490 1852 1537 renovatus
1881 1480 2003 1541 (ide,
2027 1494 2132 1532 non

551 1583 778 1653 Spiritus
804 1581 971 1651 gratia
1011 1594 1197 1633 recens
1225 1576 1460 1631 redditus
1491 1583 1593 1639 est,
1621 1572 1811 1627 debilis
1853 1570 2026 1624 adhuc
2053 1578 2135 1623 est

552 1683 608 1731 et.
638 1684 898 1739 terrenus,
928 1670 1190 1725 mundana
1221 1670 1376 1739 sapit,
1414 1675 1471 1722 et
1520 1668 1587 1720 ad
1615 1664 1935 1720 mundanam
1982 1663 2132 1716 vani-

553 1773 713 1819 tatem
760 1770 954 1833 stupet,
987 1761 1207 1832 gloriam
1234 1769 1376 1813 amat
1401 1766 1736 1828 praesentem.
1769 1756 1825 1812 Si
1851 1771 1881 1810 a
1909 1757 2134 1826 printer-

550 1853 655 1910 diis
679 1858 857 1912 statim
901 1854 1150 1920 audierit,
1180 1852 1319 1924 quod
1348 1851 1517 1907 lactus
1544 1850 1898 1914 Christianus,
1925 1849 2136 1903 vinctus

553 1966 677 2006 mox
709 1949 819 2015 ﬁet,
863 1957 917 2003 et
942 1956 1127 2002 catena
1156 1944 1575 2000 circumdabitur
1596 1983 1612 2007 ,
1650 1942 1899 1997 confusus
1926 1949 1982 1995 et
2015 1955 2138 1994 eru-

555 2044 775 2100 bescens
799 2057 827 2095 a
859 2039 1237 2111 praedicatione
1267 2036 1488 2092 resiliet.
1514 2035 1801 2105 Propterea
1829 2033 1958 2088 dicit
1977 2031 2133 2085 :Abso

553 2151 648 2205 que
688 2132 903 2188 uinculis
947 2133 1042 2197 his,
1094 2146 1197 2186 non
1229 2130 1343 2200 ipse
1393 2129 1603 2183 vincula
1633 2141 1905 2188 recusans,
1951 2124 2132 2180 absit!

553 2223 649 2280 sed
670 2226 809 2278 illius
822 2221 1254 2279 condescendens
1271 2217 1840 2288 inlirmitati,quoniam
1855 2217 1967 2285 ipse
1982 2216 2058 2269 sic
2074 2215 2139 2268 il-

553 2315 599 2368 la
616 2314 781 2384 diligit
795 2309 1560 2382 etamplectitur,utambitiosa
1577 2308 1771 2363 mulier
1784 2307 1999 2361 monilia
2020 2320 2133 2360 sua.

634 2405 757 2461 Non
782 2406 846 2459 de
884 2405 1095 2475 patratis
1116 2402 1394 2466 miraculis,
1422 2403 1510 2456 sed
1534 2402 1597 2455 de
1623 2400 1864 2456 «erumnis
1891 2401 2138 2470 gloriatur

565 2494 899 2550 Paulus.—U
908 2493 1010 2549 nde
1028 2492 1130 2547 hoc
1145 2491 1507 2547 manifestum?
1521 2489 1730 2545 Gaudeo
1749 2489 1802 2542 in
1825 2487 2138 2560 passionibus

564 2586 710 2650 meis,
734 2584 923 2654 inquit,
954 2584 1001 2637 et
1034 2582 1247 2653 suppleo
1277 2581 1500 2652 defectus
1545 2580 1928 2633 tribulationum
1949 2575 2138 2634 Christi

553 2675 608 2728 in
633 2690 784 2728 carne
804 2689 916 2730 mea
944 2670 1098 2745 (Col.
1126 2673 1179 2727 1.
1199 2672 1271 2726 24
1290 2669 1334 2743 ),
1360 2671 1427 2725 Ει
1457 2671 1648 2725 iterum
1679 2686 1693 2723 :
1725 2669 1976 2737 Quoniam
2003 2668 2138 2723 vobis

554 2765 796 2818 donatum
837 2775 908 2818 est
940 2780 971 2816 a
1014 2763 1215 2818 Christo
1244 2779 1346 2816 non
1396 2772 1594 2816 tantum
1625 2762 1678 2815 in
1716 2762 1882 2831 ipsum
1913 2765 2135 2828 credere,

554 2873 727 2912 rerum
749 2866 794 2909 et
824 2873 914 2921 pro
938 2856 1047 2925 ipso
1077 2855 1184 2925 pati
1222 2854 1478 2926 (Philipp.
1532 2855 1581 2908 1.
1613 2853 1684 2910 29
1718 2852 1760 2924 ).
1790 2853 1858 2907 Et
1898 2854 2088 2908 iterum
2118 2869 2133 2906 :

558 2946 680 3002 Non
706 2956 901 3001 tantum
939 2956 1124 3012 autem,
1153 2945 1241 2999 sed
1264 2953 1311 2999 et
1339 2944 1616 3016 gloriamur
1654 2946 1707 2997 in
1732 2942 2138 2998 tribulationibus

553 3038 744 3112 (Rom.
766 3039 820 3094 5.
846 3040 880 3094 5
909 3037 952 3110 ).
985 3037 1039 3093 Si
1064 3036 1259 3108 gaudet
1284 3037 1441 3106 igitur
1456 3046 1509 3091 et
1530 3036 1806 3105 gloriatur,
1831 3044 1886 3090 et
1905 3036 1956 3089 id
1980 3046 2136 3090 vocat

550 3133 747 3188 donum
775 3130 1083 3202 gratuitum,
1113 3139 1318 3183 certum
1359 3126 1499 3197 quod
1528 3135 1745 3197 pr0ptcr
1769 3125 1905 3181 hanc
1922 3140 2134 3182 causam

549 3224 617 3280 ad
655 3223 890 3294 judicem
932 3222 1155 3292 loquens
1197 3219 1311 3275 haec
1343 3218 1554 3274 dicebat
1582 3236 1595 3272 :
1621 3218 1873 3290 quoniam
1910 3226 1967 3274 et
2003 3218 2135 3274 alias

553 3329 764 3369 rursum
788 3313 842 3367 in
864 3310 1235 3367 necessitatem
1261 3308 1510 3380 delapsus
1532 3307 1813 3378 gloriandi,
1843 3308 1946 3363 hoc
1961 3308 2132 3379 ipsum

548 3403 896 3465 demonstrat,
922 3400 1106 3455 dicens
1129 3415 1142 3454 :
1170 3397 1405 3452 Libenter
1425 3397 1580 3468 igitur
1605 3397 1862 3469 gloriabor
1888 3399 1942 3451 in
1968 3397 2123 3465 inﬁr-

549 3494 800 3549 mitatibus
821 3493 964 3556 meis,
994 3492 1048 3544 in
1076 3488 1475 3552 necessitatibus,
1502 3489 1554 3541 in
1576 3489 1908 3554 contumeliis,
1933 3489 1986 3542 in
2016 3505 2133 3555 per—

549 3581 940 3653 sequutionibus,
981 3582 1035 3634 in
1076 3579 1346 3651 angustiis,
1397 3588 1452 3632 ut
1498 3579 1741 3633 inhabitet
1777 3580 1936 3633 inme
1976 3580 2135 3635 uirtus

551 3671 739 3726 Christi
785 3673 802 3742 (
828 3672 885 3725 2.
915 3669 1032 3724 Cor.
1068 3669 1157 3724 12.
1197 3668 1253 3724 9.
1283 3667 1352 3724 10
1452 3668 1518 3723 Ει
1569 3668 1763 3724 iterum
1788 3688 1802 3723 :
1832 3668 1892 3724 Si
1924 3670 2133 3738 gloriari

549 3772 764 3834 oportet,
791 3763 845 3815 in
872 3760 1169 3833 inﬁrmitate
1187 3776 1299 3814 mea
1321 3759 1578 3831 gloriabor
1594 3756 1675 3828 (‘2.
1692 3754 1888 3814 Cor.“
1904 3797 1916 3809 .
1934 3753 2048 3824 50),
2067 3761 2134 3817 Et

550 3852 675 3908 alibi
699 3852 932 3924 seipsum
973 3850 1092 3904 aliis
1122 3864 1456 3921 comparans,
1486 3859 1541 3906 et
1564 3866 1658 3921 per
1682 3850 2130 3920 comparationem

549 3944 704 3999 nobis
727 3942 1096 4001 excellentiam
1132 3942 1526 4010 demonstrans,
1567 3943 1841 4014 sic‘inquit
1867 3960 1883 3999 :
1906 3943 2132 3998 Ministri

551 4035 737 4091 Christi
752 4043 889 4102 sunt,
916 4044 971 4091 ut
1004 4035 1172 4089 minus
1209 4035 1410 4106 sapiens
1439 4035 1639 4107 loquor,
1673 4035 1787 4105 plus
1814 4051 1906 4106 ego
1950 4035 2127 4107 (Ibid.

548 4149 597 4187 υ.
626 4133 697 4188 25
722 4130 767 4204 ).
795 4132 865 4188 Et
887 4146 1165 4188 excessum
1190 4129 1561 4187 demonstrare
1585 4130 1771 4187 volens
1788 4171 1802 4197 ,
1842 4147 1949 4186 non
1987 4130 2129 4201 quod

547 4234 786 4281 mortuos
810 4223 1226 4289 resuscitaverit,
1256 4222 1602 4279 daemonesve
1628 4223 1928 4292 expulerit,
1957 4237 2129 4292 neque

545 4316 882 4373 mandaverit
904 4317 1166 4387 leprosos,
1197 4314 1411 4371 aliudve
1435 4314 1563 4384 quid
1593 4313 1894 4385 bujusmodi
1921 4313 2126 4381 fecerit,

546 4408 682 4464 dixit
708 4426 723 4463 :
755 4408 851 4464 sed
875 4409 1026 4477 quid?
1042 4407 1515 4474 Quodinnumeras
1532 4421 1718 4477 passus
1741 4408 1811 4460 sit
1825 4406 2124 4461 molestias:

543 4513 664 4554 eum
691 4498 834 4554 enim
857 4499 1097 4564 dixisset,
1119 4498 1250 4553 Plus
1272 4514 1385 4569 ego,
1412 4497 1587 4553 intulit
1612 4499 1963 4553 tentationum
1984 4498 2128 4552 mul-

545 4588 824 4644 titudinem
853 4605 869 4642 :
927 4586 998 4641 In
1042 4588 1207 4658 plagis
1239 4603 1397 4657 supra
1422 4588 1647 4653 modum,
1680 4589 1736 4642 in
1755 4588 1997 4642 mortibus
2025 4590 2127 4659 fre-

545 4686 770 4749 quenter,
795 4677 850 4731 in
876 4678 1159 4732 carceribus
1188 4676 1545 4743 abundantius,
1584 4694 1616 4729 a
1639 4675 1837 4731 Iudaeis
1868 4678 2128 4747 quinquies

542 4768 893 4840 quadragenas
926 4784 1031 4822 una
1073 4769 1238 4821 minus
1276 4768 1468 4836 accepi,
1497 4778 1572 4821 ter
1596 4768 1749 4838 virgis
1795 4784 1953 4822 cwsus
1992 4784 2123 4832 sum,

541 4861 696 4917 semel
720 4860 995 4931 lapidatus,
1043 4869 1117 4914 ter
1163 4860 1488 4930 naufragium
1524 4859 1640 4929 feci,
1677 4869 1821 4913 nocte
1850 4875 1910 4911 ac
1944 4859 2028 4912 die
2075 4860 2127 4912 in

472 4985 481 4994 -
542 4952 798 5024 profundo
824 4952 981 5006 utaris
1008 4951 1085 5021 fui
1114 4949 1290 5021 (Ibid.
1328 4966 1377 5004 υ.
1416 4949 1582 5005 25-25
1603 4950 1621 5019 )
1645 4965 1659 5002 :
1686 4958 1742 5004 et
1767 4951 1966 5017 reliqua
2002 4963 2123 5004 om-
2178 4942 2183 4945 ’

543 5045 647 5098 nia.
678 5043 768 5100 Sic
795 5045 986 5113 ubique
1006 5043 1261 5115 gloriatur
1281 5043 1332 5098 in
1367 5042 1791 5097 tribulationibus
1821 5041 2039 5109 Paulus,
2069 5051 2124 5097 et

542 5151 606 5190 ea
637 5151 695 5191 re
724 5136 915 5190 mirum
954 5137 1006 5190 in
1039 5135 1253 5191 modum
1298 5150 1417 5191 sese
1442 5143 1635 5203 ornat,
1665 5148 1729 5189 ac
1761 5133 1884 5204 jure
1909 5135 2121 5190 merito.

542 5226 673 5281 Nam
706 5226 809 5280 huc
834 5237 916 5282 est
942 5226 1083 5297 quod
1114 5227 1345 5282 maxime
1380 5225 1578 5281 Christi
1604 5226 1852 5281 virtutem
1898 5225 2123 5280 demon-

536 5329 688 5385 SIrat,
707 5319 955 5388 quoniam
976 5334 1072 5389 per
1093 5320 1215 5373 talia
1236 5306 1474 5374 vicerunt
1498 5317 1750 5388 apostoli,
1767 5333 1861 5386 per
1885 5318 2117 5384 vincula,

549 5409 934 5474 tributationes,
962 5407 1165 5478 ﬂagella
1195 5419 1249 5463 et
1267 5420 1505 5465 extrema
1535 5411 1692 5463 mala.
1720 5408 1849 5463 Nam
1877 5408 1992 5464 inec
2014 5409 2123 5465 duo

534 5498 778 5556 Christus
820 5499 1170 5567 denuntiavit,
1215 5501 1613 5557 tribulationem
1639 5510 1694 5557 et
1721 5503 2114 5570 remissionem,

538 5589 746 5645 labores
775 5600 832 5645 et
872 5605 1121 5656 coronas,
1153 5590 1378 5646 sudores
1403 5600 1458 5647 et
1501 5591 1898 5657 retributiones,
1937 5594 2119 5648 suavia

539 5687 594 5731 et
632 5680 835 5742 tristia;
876 5682 969 5735 sed
1011 5681 1180 5734 tristia
1218 5679 1433 5751 quidem
1473 5682 1596 5736 vitae
1633 5680 1781 5737 dedit
1826 5684 2075 5752 prtesenti
2099 5726 2116 5754 ,

539 5768 717 5817 suavia
751 5783 877 5823 vero
923 5769 972 5823 in
1008 5768 1239 5827 futurum
1266 5770 1492 5839 distulit,
1528 5771 1719 5843 pariter
1745 5774 2115 5832 tlcmonstrans

1291 376 1348 431 S.
1388 373 1660 430 JOANNIS
1688 369 2156 428 CHRYSOSTOMI
2196 367 2513 425 ARCIIIEP.
2550 367 3079 425 CONSTANTINOP.

3768 373 3896 427 188

2241 498 2302 537 se
2331 481 2578 537 homines
2619 497 2723 537 non
2768 482 3033 551 decipere,
3064 490 3221 552 atque
3262 481 3433 552 ipsum
3463 498 3895 541 mrumnarum

2237 573 2442 642 pondus
2468 573 2655 627 ordine
2679 572 2907 642 quodam
2933 572 3175 627 minuere
3200 581 3464 644 satagens.
3484 575 3592 640 Qui
3638 575 3891 647 decipit

2234 664 2398 727 enim,
2437 664 2621 719 suavia
2654 665 2802 735 prius
2849 664 3118 735 proponit,
3159 673 3215 718 et
3258 680 3382 719 mox
3437 664 3602 721 infert
3639 669 3883 723 tristia.

2235 754 2769 825 Qualeestzplagiarii
2794 755 3044 823 puerulos
3063 769 3208 824 saepe
3233 771 3421 825 parvos
3448 758 3790 826 praedantes
3820 770 3884 814 et

2235 844 2492 909 furantes,
2522 859 2629 898 non
2670 844 2853 915 plagas
2895 853 2951 899 et
2977 846 3219 911 verbera,
3253 862 3423 916 neque
3465 848 3616 901 aliud
3652 848 3879 917 hujus-

2235 941 2378 995 modi
2400 940 2735 1010 pollicentur,
2759 939 2852 993 sed
2872 940 3150 1009 placentas
3169 950 3223 995 et
3252 940 3489 1006 bellaria,
3508 953 3564 995 et
3582 943 3703 995 alia
3729 942 3875 996 talia

2240 1033 2434 1104 quibus
2458 1032 2678 1103 puerilis
2722 1032 2955 1102 gaudere
2979 1033 3256 1087 consuevit
3284 1042 3432 1100 mtas,
3463 1036 3865 1105 prmtenduut,

2239 1130 2295 1177 ut
2318 1122 2402 1176 his
2431 1122 2507 1176 illi
2548 1122 2746 1187 allecti,
2779 1134 2833 1177 et
2883 1122 3183 1177 libertatem
3213 1139 3364 1177 suam
3420 1128 3755 1194 prodentes,
3807 1127 3867 1181 in

2235 1223 2532 1269 extremum
2581 1214 2874 1282 periculum
2924 1214 3257 1268 delabantur.
3313 1216 3503 1269 Avium
3555 1232 3702 1271 vero
3776 1218 3863 1286 pi-

2237 1306 2511 1374 sciumque
2538 1316 2840 1371 venatores,
2873 1304 2943 1359 ita
2971 1321 3089 1374 quae
3122 1316 3379 1360 venantur
3404 1306 3677 1375 alliciunt,
3707 1324 3859 1362 con-

2236 1402 2440 1449 suetam
2463 1395 2737 1463 capiendis
2750 1404 2806 1449 et
2821 1394 3109 1464 jucundam
3135 1396 3280 1464 prius
3299 1411 3476 1451 escam
3501 1398 3855 1465 praebentes,

2237 1494 2292 1539 et
2317 1485 2394 1539 sic
2419 1484 2663 1555 laqueum
2697 1496 3063 1555 eontegentes.
3085 1485 3271 1556 Itaque
3292 1485 3683 1557 decipientium
3729 1503 3856 1541 ma~

2239 1575 2381 1628 xime
2405 1590 2540 1643 opus
2576 1575 2681 1630 hoc
2702 1585 2805 1641 est,
2836 1575 2983 1644 prius
3009 1577 3192 1629 suavia
3221 1591 3542 1646 proponere,
3570 1593 3688 1646 quo
3715 1594 3851 1634 mox

2240 1664 2474 1720 inferant
2503 1666 2705 1730 tristia;
2755 1666 3146 1734 providentium
3188 1677 3365 1722 autem
3415 1678 3470 1723 et
3495 1668 3848 1740 diligentiam

2237 1756 2457 1809 omnino
2480 1755 2832 1810 contrarium.
2872 1755 3058 1810 Patres
3088 1756 3268 1826 itaque
3313 1758 3580 1828 plagiariis
3608 1769 3847 1815 cotttra-

2240 1848 2376 1899 rium
2406 1844 2606 1900 faciunt
2630 1860 2645 1910 ;
2668 1860 2789 1900 cum
2834 1845 2901 1900 ad
2932 1846 3113 1901 ludum
3143 1861 3334 1916 pueros
3360 1848 3654 1904 literarium
3711 1852 3844 1905 mit-

2242 1946 2376 2002 tunt,
2410 1936 2727 2007 pmdagngos
2764 1948 3091 2007 praponunt,
3120 1938 3327 2009 ﬂagella
3345 1942 3632 2006 minantur,
3669 1944 3841 1997 timo-

2239 2042 2353 2082 rem
2371 2026 2633 2082 incutiunt
2650 2046 2665 2081 :
2682 2036 2735 2082 et
2750 2043 2871 2082 cum
2883 2029 3114 2099 priorem
3130 2029 3208 2084 sic
3221 2039 3431 2085 :etatem
3449 2035 3837 2102 transegerint,

2242 2128 2368 2173 tunc
2412 2116 2541 2186 ipsis
2569 2116 2624 2170 in
2653 2116 2837 2172 habitu
2860 2118 3002 2173 virili
3029 2121 3334 2175 constitutis
3357 2120 3610 2188 honores,
3636 2131 3838 2191 poten-

2243 2211 2446 2280 tiasque
2465 2216 2527 2263 et
2541 2209 2779 2275 delicias,
2808 2219 2865 2265 et
2891 2224 3081 2266 omnes
3104 2210 3315 2266 divitias
3339 2225 3465 2265 suas
3486 2213 3723 2267 tradunt.

2312 2301 2367 2355 5.
2408 2302 2497 2356 Sic
2536 2300 2682 2356 Deus‘
2716 2315 2929 2370 quoque
2956 2298 3103 2368 fecit,
3147 2316 3254 2356 non
3291 2302 3692 2372 plagiariorum,
3737 2304 3834 2359 sed

2243 2402 2451 2462 patrum
2480 2407 2633 2447 more
2659 2395 2749 2462 qui
2774 2407 2958 2448 curam
2983 2402 3176 2464 gerunt
3200 2410 3215 2447 :
3247 2394 3395 2465 prius
3438 2410 3526 2451 res
3566 2395 3832 2451 adversas

2242 2492 2297 2540 et
2324 2486 2503 2540 tristes
2529 2485 2750 2541 immisit
2775 2495 3042 2557 tamquam
3093 2487 3393 2559 paedagogis
3437 2496 3493 2543 et
3535 2499 3834 2561 praecepto-

2242 2573 2392 2629 ribus
2421 2575 2673 2644 praesenti
2696 2575 2912 2632 tradeus
2940 2575 3288 2643 tribulationi,
3318 2591 3425 2647 quo
3447 2593 3542 2648 per
3570 2578 3688 2633 haec
3711 2594 3832 2634 cor-

2241 2664 2375 2719 recti
2427 2672 2484 2720 et
2525 2663 2826 2732 moderati,
2874 2676 3156 2735 postquam
3203 2667 3536 2723 tolerantiam
3574 2683 3827 2735 omnem,

2241 2768 2558 2824 omnemque
2586 2754 2919 2826 disciplinam
2984 2755 3348 2824 didicerimus,
3390 2771 3518 2812 mox
3548 2757 3615 2813 ad
3656 2760 3829 2829 perfe-

2243 2854 2384 2898 ctam
2410 2855 2622 2899 mtatem
2648 2845 2817 2912 ducti,
2844 2845 3094 2900 caelorum
3126 2861 3348 2916 regnum
3379 2846 3671 2905 hereditate
3694 2865 3827 2904 con-

2250 2949 2536 3005 sequamur
2566 2955 2579 2989 :
2610 2935 2701 2990 sed
2729 2937 2876 3005 prius
2897 2937 3120 2992 idoneos
3147 2937 3321 2993 reddit
3360 2938 3426 2994 ad
3455 2939 3680 2996 dandam
3712 2942 3826 2997 dis-

2240 3026 2605 3094 pensationem
2623 3026 2945 3093 divitiarum,
2969 3036 3021 3082 et
3045 3030 3385 3097 postmodum
3410 3031 3551 3100 ipsas
3568 3031 3825 3100 praebebit

2242 3114 2477 3170 divitias.
2509 3117 2622 3172 Nisi
2648 3117 2790 3172 enim
2820 3118 2922 3172 hoc
2949 3117 3186 3184 fecisset,
3240 3119 3546 3176 divitiarum
3587 3126 3824 3193 erogatio

2240 3220 2347 3263 non
2394 3207 2635 3275 donum,
2678 3210 2771 3264 sed
2818 3210 2949 3264 ultio
2994 3209 3181 3265 fuisset
3218 3219 3272 3265 et
3296 3227 3472 3281 poena.
3506 3214 3817 3270 Sicutcnim

2239 3313 2375 3368 puer
2396 3299 2652 3370 insipiens
2678 3309 2732 3355 et
2759 3302 3008 3373 prodigus
3046 3311 3318 3373 paternam
3348 3306 3648 3373 suscipiens
3669 3306 3819 3362 bere-

2238 3387 2479 3457 ditatem,
2530 3390 2598 3445 ab
2640 3390 2740 3446 hac
2771 3394 2882 3461 ipsa
2922 3393 3302 3462 prmcipitatur,
3325 3395 3660 3464 prudentiam
3708 3390 3812 3451 non

2238 3477 2440 3534 habens
2464 3481 2807 3549 pecuniarum
2830 3482 3211 3551 diSpensationi
3236 3500 3449 3554 parem;
3474 3486 3518 3540 si
3545 3502 3669 3541 vero
3694 3502 3811 3557 pru-

2237 3570 2370 3626 dens
2388 3572 2477 3638 sit,
2497 3574 2716 3643 probus,
2741 3583 3065 3644 temperans,
3088 3584 3142 3630 et
3162 3576 3433 3632 modestus
3455 3578 3505 3632 in
3522 3561 3810 3635 necesSaria

2237 3661 2551 3732 dispensans
2581 3676 2801 3734 paterna
2832 3666 2992 3735 bona,
3025 3666 3359 3736 splendidior
3399 3669 3470 3723 ita
3519 3671 3577 3724 lit
3606 3679 3657 3724 et
3693 3670 3809 3726 illnc

2236 3757 2402 3811 strior
2433 3774 2447 3810 :
2473 3758 2549 3812 sic
2571 3766 2625 3812 et
2650 3756 2705 3812 in
2737 3758 2889 3814 nobis
2928 3768 3012 3813 est
3037 3774 3258 3815 necesse
3277 3762 3514 3817 evenire.
3537 3760 3665 3817 Cum
3699 3764 3806 3832 spi-

2236 3846 2479 3902 ritualem
2524 3848 2860 3917 prudentiam
2923 3851 3329 3921 acceperimus,
3381 3868 3507 3908 cum
3545 3855 3598 3908 in
3645 3854 3805 3909 virum

2237 3946 2525 4013 perlectum
2551 3960 2758 4010 omnes,
2788 3946 2840 3999 in
2869 3947 3040 4002 sitatis
3070 3961 3375 4003 mensuram
3397 3948 3803 4017 pervenerimus,

2238 4045 2363 4091 tunc
2410 4036 2563 4090 nobis
2600 4036 2760 4090 tradit
2813 4037 2993 4091 omnia
3048 4052 3169 4107 quae
3220 4037 3489 4107 pollicitus
3516 4047 3640 4104 est;
3671 4052 3803 4093 nunc

2234 4142 2362 4182 vero
2382 4138 2647 4198 tamquam
2679 4143 2875 4198 pueros
2900 4144 3096 4198 parvos
3121 4129 3280 4184 docet
3298 4144 3420 4184 cum
3447 4130 3802 4187 exhortatione

2233 4226 2290 4274 et
2308 4219 2690 4274 consolatione.
2717 4218 2828 4276 Nec
2856 4220 2959 4276 hoc
2977 4221 3150 4277 solum
3176 4230 3260 4276 est
3284 4221 3691 4278 emolumentum
3735 4236 3802 4279 ex

2232 4310 2524 4380 praemissis
2553 4311 3007 4380 tribulationibus,
3036 4329 3223 4369 verum
3251 4322 3306 4369 et
3325 4314 3469 4369 aliud
3490 4315 3582 4370 illo
3607 4330 3704 4370 non
3730 4317 3800 4391 in—

2232 4399 2417 4457 ferius.
2434 4402 2533 4469 Qui
2551 4403 2697 4458 enim
2719 4404 2864 4473 prius
2877 4414 2996 4461 erat
3010 4406 3063 4460 in
3085 4404 3311 4472 deliciis,
3325 4422 3449 4461 mox
3467 4407 3796 4476 postdelicias

2234 4493 2483 4550 ultionem
2496 4503 2835 4565 exspectans,
2850 4510 3022 4567 neque
3038 4498 3393 4567 praesentibus
3403 4498 3595 4553 fruitur
3607 4499 3793 4555 deliciis

2232 4595 2451 4656 propter
2476 4584 2770 4641 futurarum
2800 4588 3166 4644 molestiarum
3195 4591 3678 4659 exspectationem;
3709 4593 3793 4662 qui

2230 4692 2359 4732 vero
2389 4679 2538 4747 prius
2554 4687 2671 4733 erat
2695 4679 2749 4733 in
2777 4678 3039 4742 tristibus.
3068 4679 3261 4735 deinde
3288 4688 3409 4750 post
3427 4680 3544 4737 haec
3563 4682 3793 4737 suavibus

2230 4772 2511 4840 potiturus,
2525 4771 2687 4826 etiam
2709 4781 3001 4842 praesentes
3015 4770 3354 4826 difﬁcultates
3371 4782 3588 4844 propter
3603 4772 3789 4827 lutum-

2229 4877 2347 4916 rum
2369 4876 2519 4931 spem
2544 4861 2805 4917 bonorum
2827 4861 3140 4918 contemnit.
3160 4862 3275 4917 Non
3298 4861 3457 4933 igitur
3486 4865 3658 4919 tutela:
3679 4873 3787 4919 tan—

2232 4962 2340 5009 tum
2363 4967 2524 5010 causa
2540 4962 2759 5022 nostrae,
2777 4968 2962 5010 verum
2977 4964 3030 5009 et
3046 4954 3333 5023 voluptatis
3348 4962 3404 5009 et
3422 4954 3785 5009 consolationis

2230 5046 2407 5116 priora
2428 5045 2611 5101 statuit
2635 5060 2755 5101 esse
2772 5046 2994 5101 molesta
3011 5086 3027 5113 ,
3057 5054 3116 5100 ut
3139 5043 3441 5100 futurorum
3464 5060 3560 5114 Spe
3586 5045 3784 5100 rclcvati

2229 5137 2434 5191 nullum
2464 5138 2811 5207 praesentium
2839 5137 3111 5207 capiamus
3135 5150 3374 5192 sensum.
3406 5137 3476 5191 Et
3501 5135 3603 5190 boc
3633 5137 3782 5206 ipsum

2230 5228 2428 5283 Paulus
2455 5228 2757 5299 significans
2778 5228 2991 5284 dicebat
3022 5245 3037 5282 :
3062 5226 3421 5282 Montentanea
3456 5226 3626 5281 levitas
3646 5228 3783 5280 tribu-

2227 5321 2433 5375 lationis
2472 5329 2658 5375 nostra
2699 5337 2857 5389 supra
2884 5319 3091 5374 modum
3137 5319 3194 5374 in
3235 5317 3540 5373 sublimitate
3567 5328 3781 5372 teternum

2226 5411 2426 5482 pondus
2453 5412 2634 5482 gloria:
2669 5410 2812 5466 nobis
2840 5422 3102 5482 operatur,
3129 5427 3233 5465 non
3259 5410 3775 5493 considerantibasno-

2224 5502 2301 5556 bis
2319 5517 2433 5574 quat
2456 5504 2707 5569 uidentur,
2733 5504 2821 5559 sed
2839 5518 2954 5574 quae
2980 5519 3084 5556 non
3109 5503 3346 5557 uidentur
3374 5501 3465 5574 (2.
3491 5500 3607 5556 Cor.
3628 5501 3674 5556 4.
3702 5503 3776 5557 17.

2227 5596 2294 5652 l8
2325 5595 2366 5664 ).
2390 5595 2585 5649 Levem
2638 5594 2925 5665 appellavit
2971 5594 3404 5660 tribulationem,
3453 5608 3559 5648 non
3590 5603 3776 5662 propter

2228 5687 2494 5757 propriam
2536 5688 2781 5757 gravium
2830 5694 3098 5751 naturam,
3130 5686 3227 5741 sed
3260 5695 3477 5756 propter
3503 5685 3772 5747 futurorum

2228 5781 2680 5849 exspectationem
2724 5778 3009 5835 bonorum.
3042 5777 3193 5836 Sicut
3224 5778 3369 5834 enim
3404 5795 3660 5840 mercator
3680 5802 3770 5843 non
