4068 6428
207 321 309 382 167

200 435 390 510 ὥσπερ
420 436 630 508 ἔλεγεν,
692 439 1015 510 Ἐγενόμην
1058 443 1184 510 τοῖς
1231 445 1481 514 ἀνόμοις
1513 447 1594 512 ὠς
1634 446 1880 516 ἄνομος,

201 525 356 580 τοῦτο
379 526 478 580 καὶ
507 525 746 581 ἐνταῦθα
786 528 1074 599 ἔπραττεν.
1106 531 1206 584 ’Ἂν
1239 531 1452 604 ἀκούσῃ
1485 533 1682 604 δεσμὰ,
1727 532 1884 602 φησὶ,

203 614 293 667 καὶ
315 612 552 684 θλίψεις,
582 615 786 680 εὐθέως
809 617 1086 689 ἀποπηδᾷ·
1127 619 1228 672 οὐκ
1259 615 1368 672 οἶδε
1405 619 1516 673 τῶν
1542 620 1759 690 δεσμῶν
1785 619 1884 690 τὴν

203 699 454 771 δύναμινο
491 701 732 770 γενέσθω
769 704 1036 775 πρότερον
1085 707 1300 768 πιστὸς,
1339 705 1625 774 γευσάσθω
1654 705 1746 758 τοῦ
1783 723 1887 775 κη-

209 789 508 860 ρύγματος,
535 791 628 844 καὶ
660 791 779 844 τότε
807 792 902 846 καὶ
929 793 1094 856 αὐτὸς
1115 793 1500 864 ἐπιδραμεῖται
1533 795 1647 856 τοῖς
1667 793 1886 862 δεσμοῖς

204 875 433 940 τούτοις.
458 879 710 932 Ἤκουσα
726 879 821 932 τοῦ
848 879 1118 933 Δεσπότου
1146 896 1247 950 μου
1263 879 1533 948 λέγοντος,
1562 880 1644 933 ὅτι
1677 879 1888 946 Οὐδεὶς

205 964 516 1018 ἐπιϐάλλει
547 965 847 1035 ἐπίϐλημα
859 965 1094 1034 ῥάκους
1111 965 1386 1037 ἀγνάφου
1413 967 1512 1020 ἐπὶ
1545 967 1754 1035 ίματίῳ
1776 983 1890 1020 πα-

205 1051 372 1118 λαιῷ,
402 1053 538 1107 ἐπεὶ
569 1054 720 1122 αἴρει
758 1054 824 1108 τὸ
858 1055 1152 1125 πλήρωμα
1187 1057 1396 1120 αὐτοῦ,
1451 1056 1551 1108 καὶ
1587 1055 1788 1124 χεῖρον
1821 1053 1887 1108 τὸ

207 1141 443 1210 σχίσμα
493 1142 740 1209 γίνεται·
785 1141 930 1195 οὐδὲ
980 1141 1336 1207 βάλλουσιν
1389 1139 1560 1196 οἶνον
1609 1141 1754 1195 νέον
1799 1143 1888 1208 είς

209 1227 443 1294 ἀσκοὺς
483 1229 804 1294 παλαιοὺς,
835 1228 964 1282 ἐπεὶ
987 1229 1325 1299 ῥήγνυνται
1363 1233 1417 1284 οί
1446 1230 1648 1284 ἀσκοί.
1688 1230 1754 1284 Ἦ
1783 1228 1887 1298 ψυ-

208 1315 274 1388 χὴ
307 1318 340 1387 ὴ
373 1315 568 1370 τούτου
601 1317 814 1389 ἱμάτιόν
857 1319 975 1370 ἐστι
1011 1318 1265 1384 παλαιὸν,
1305 1320 1400 1374 καὶ
1443 1318 1612 1382 ἀσκὸς
1635 1317 1885 1380 παλαιός·

208 1405 302 1457 οὐκ
331 1403 609 1476 ἀνενεώθη
643 1407 710 1476 τῇ
754 1405 958 1470 πίστει,
994 1407 1094 1459 οὐκ
1126 1405 1477 1477 ἀνεκαινίσθη
1501 1409 1567 1478 τῇ
1601 1405 1696 1458 τοῦ
1722 1404 1890 1458 Πνεύ-

212 1507 374 1561 ματος
395 1491 604 1562 χάριτι,
637 1490 871 1562 ἀσθενής
904 1493 1056 1546 ἐστιν
1101 1493 1182 1547 ἐτι
1212 1493 1308 1548 καὶ
1343 1495 1548 1564 γήϊνος,
1582 1491 1731 1565 [166]
1763 1492 1891 1563 βιω-

208 1579 330 1632 τικά
353 1582 564 1650 φρονεῖ,
601 1579 847 1653 καὶπρὸς
872 1581 970 1652 τὴν
998 1583 1270 1655 κοσμικὴν
1289 1581 1591 1652 φαντασίαν
1607 1583 1889 1652 ἐπτόηται,

209 1665 365 1736 δόξης
417 1669 522 1738 ἐρᾷ
580 1667 682 1738 τῆς
715 1667 1020 1742 παρούσης.
1064 1671 1162 1723 Ἂν
1219 1671 1286 1723 ἐκ
1338 1669 1645 1742 προοιμίων
1687 1669 1890 1732 εὐθέως

209 1754 442 1825 ἀκούσῃ,
471 1755 556 1807 ὅτι
576 1754 868 1826 γενόμενος
901 1757 1226 1827 Χριστιανὸς
1254 1755 1540 1827 δεσμώτης
1572 1755 1772 1818 εὐθέως
1795 1772 1890 1824 γε-

209 1843 435 1912 νήσεται
486 1843 582 1896 καὶ
628 1841 818 1896 ἅλυσιν
869 1844 1268 1916 περικείσεται,
1300 1843 1612 1914 αἰσχυνθεὶς
1652 1845 1746 1897 καὶ
1768 1845 1894 1914 ἐρυ-
1941 1863 1947 1868 ·

209 1929 438 2000 θριάσας
460 1931 978 2003 ἀποπηδήσεταιτοῦ
1005 1933 1378 2004 κηρύγματος·
1402 1931 1493 1986 διὰ
1516 1931 1673 1986 τοῦτό
1703 1949 1888 2001 φησιν,

213 2019 383 2073 Ἄνευ
412 2017 534 2074 τῶν
553 2018 793 2088 δεσμῶν
818 2023 1066 2086 τούτων,
1097 2021 1201 2074 οὐκ
1229 2021 1370 2075 αὐτά
1395 2020 1462 2074 τὰ
1488 2020 1664 2090 δεσμὰ
1692 2037 1892 2090 παραι-

206 2106 496 2178 τούμενος,
525 2107 600 2178 μὴ
628 2107 837 2176 γένοιτο
857 2109 998 2164 ίάλλ’
1031 2109 1240 2163 ἐκείνου
1282 2111 1349 2180 τῇ
1383 2109 1640 2181 ἀσθενείᾳ
1689 2125 1890 2178 συγκα-

204 2193 502 2258 ταϐαίνων,
540 2196 664 2248 ἐπεὶ
697 2196 862 2260 αὐτὸς
895 2196 1068 2262 οὕτως
1103 2195 1246 2251 αύτά
1283 2197 1428 2267 φιλεῖ
1448 2199 1542 2251 καὶ
1561 2195 1888 2262 ἀσπάζεται,

205 2282 284 2348 ὡς
313 2283 454 2354 γυνὴ
479 2281 808 2354 φιλόκοσμος
841 2285 909 2338 τὰ
939 2285 1139 2356 χρυσία
1173 2297 1199 2324 α
1227 2285 1294 2338 τὰ
1318 2286 1534 2357 ἑαυτῆς.

277 2369 456 2424 Πόθεν
491 2371 652 2425 τοῦτο
689 2372 880 2444 δῆλον;
925 2373 1118 2442 Χαίρω
1152 2372 1224 2426 ἐν
1250 2372 1376 2438 τοῖς
1409 2371 1724 2443 παθήμασί
1747 2391 1890 2444 μου,

208 2457 362 2530 φησὶ,
395 2458 496 2512 καὶ
523 2459 964 2529 ἀνταναπληρῶ
979 2461 1053 2514 τὰ
1077 2460 1463 2529 ὑστερήματα
1489 2458 1610 2514 τῶν
1628 2461 1894 2529 θλίψεων

207 2545 315 2601 τοῦ
346 2548 613 2616 Χριστοῦ
645 2549 716 2602 ἐν
749 2547 825 2617 τῇ
853 2550 1040 2618 σαρκί
1064 2567 1208 2619 μου.
1243 2549 1354 2604 Καὶ
1389 2549 1572 2604 πάλινο
1600 2550 1729 2603 Ὀτι
1751 2550 1895 2620 ὑμῖν

205 2635 504 2705 ἐχαρίσθη
531 2635 652 2691 ἀπὸ
688 2636 796 2690 τοῦ
821 2637 1103 2706 Χριστοῦ,
1152 2639 1225 2692 οὐ
1251 2639 1448 2708 μόνον
1487 2639 1554 2692 τὸ
1588 2643 1676 2704 είς
1705 2639 1896 2692 αὐτὸν

207 2724 546 2788 πιστεύειν,
577 2725 741 2780 ἀλλὰ
795 2725 894 2779 καί
936 2726 1004 2778 τὸ
1035 2725 1190 2794 ὑπὲρ
1239 2725 1427 2780 αὑτοῦ
1473 2725 1754 2796 πάσχειν.
1786 2727 1895 2780 Καὶ

207 2811 396 2866 πάλιν·
432 2815 518 2866 Οὐ
551 2813 748 2882 μόνον
784 2811 873 2878 δὲ,
932 2811 1094 2868 ἀλλὰ
1131 2813 1230 2868 καί
1279 2813 1635 2884 καυχώμεθα
1667 2815 1737 2868 ἐν
1765 2813 1896 2882 ταῖς

210 2901 527 2968 θλίψεσιν.
557 2901 620 2953 Εἰ
649 2900 831 2954 τοίνυν
859 2901 1040 2972 χαίρει
1062 2902 1158 2956 καὶ
1191 2901 1484 2971 καυχᾶται,
1520 2901 1616 2954 καὶ
1648 2902 1895 2974 χάρισμα

207 2987 273 3041 τδ
301 2989 544 3060 πρᾶγμα
576 2987 752 3052 καλεῖ,
793 2987 1018 3059 εὔδηλον
1070 2989 1154 3042 ὃτι
1209 2989 1298 3042 διὰ
1326 2988 1426 3060 τὴν
1471 2989 1652 3042 αἰτίαν
1689 2989 1895 3060 ταύτην

209 3075 352 3146 πρὸς
385 3076 480 3129 τὸν
513 3075 774 3148 δικαστὴν
807 3077 834 3117 b
876 3077 1258 3148 διαλεγόμενος
1313 3077 1488 3130 ταῦτα
1530 3076 1736 3146 ἔλεγενο
1775 3078 1898 3132 ἐπεὶ

213 3165 310 3217 καὶ
336 3165 422 3228 εἰς
451 3164 702 3236 ἀνάγκην
730 3163 964 3236 ἀλλαχοῦ
996 3164 1161 3218 πάλιν
1198 3163 1456 3236 ἐμπεσὼν
1493 3165 1587 3218 τοῦ
1617 3166 1898 3236 καυχήσα-

215 3251 368 3316 σθαι,
406 3251 567 3306 τοῦτο
587 3251 722 3306 αὐτὸ
750 3253 1088 3307 ἐνδείκνυται
1108 3245 1304 3318 λέγων’
1337 3253 1594 3308 Ἥδιστα
1617 3249 1731 3308 οὖν
1762 3269 1900 3307 καυ-

213 3340 508 3410 χήσομαι,
541 3341 728 3412 φησὶν,
760 3341 832 3395 ἐν
877 3341 1006 3408 ταῖς
1056 3341 1400 3408 ἀσθενείαις
1439 3358 1583 3411 μου,
1615 3341 1686 3394 ἐν
1715 3340 1900 3411 ἀνάγ-

213 3446 376 3495 καις,
411 3429 482 3482 ἐν
503 3429 769 3497 ὕϐρεσιν,
791 3429 862 3483 ἐν
889 3429 1188 3498 διωγμοῖς,
1215 3429 1286 3482 ἐν
1320 3431 1771 3498 στενοχωρίαις,
1800 3430 1900 3484 ἵνα

213 3516 614 3585 ἐπισκηνώσῃ
661 3517 754 3573 ἐπ’
789 3517 896 3587 ἐμὲ
935 3519 974 3586 ἡ
1023 3518 1278 3588 δύναμις
1317 3519 1425 3572 τοῦ
1473 3518 1754 3586 Χριστοῦ·
1806 3519 1901 3572 καὶ

216 3605 407 3658 πάλιν·
439 3607 512 3660 El
545 3605 886 3676 καυχᾶσθαι
919 3606 1028 3670 δεῖ,
1047 3608 1120 3661 τὰ
1147 3605 1256 3676 τῆς
1280 3607 1602 3673 ἀσθενείας
1616 3623 1737 3676 μου
1766 3624 1900 3662 καυ-

215 3693 514 3764 χήσομαι.
561 3693 666 3746 Καὶ
701 3692 936 3764 ἀλλαχοῦ
970 3694 1280 3764 συγκρίνων
1315 3693 1506 3748 ἐαυτὸν
1553 3695 1779 3766 ἐτέροις,
1807 3695 1903 3749 καὶ

215 3783 320 3853 τὴν
345 3781 492 3835 κατά
510 3780 796 3855 σύγκρισιν
814 3781 1089 3855 ὑπεροχὴν
1117 3784 1252 3853 ἡμῖν
1279 3781 1708 3853 ἐνδεικνύμενος,
1735 3784 1905 3836 οὑτω-

219 3870 276 3924 σί
308 3868 430 3934 πώς
479 3887 634 3941 φησιο
683 3868 958 3924 Διάκονοι
1013 3870 1272 3939 Χριστοῦ
1324 3873 1464 3926 είσι·
1501 3872 1906 3940 παραφρονῶν

216 3956 417 4024 λαλῶ,
447 3957 600 4027 ὑπὲρ
621 3957 754 4028 ἐγώ.
782 3959 894 4012 Καὶ
920 3957 1092 4024 δεῖξαι
1121 3957 1443 4030 βουλόμενος
1472 3960 1571 4031 τὴν
1606 3960 1901 4032 ὑπεροχὴν,

217 4047 323 4117 οὐχ
352 4047 438 4100 ὅτι
459 4047 689 4118 νεκροὺς
711 4047 1034 4117 ἀνέστησεν,
1065 4046 1174 4100 οὐδ’
1203 4047 1285 4099 ὅτι
1311 4047 1574 4116 δαίμονας
1602 4047 1902 4118 ἀπήλασεν,

218 4135 332 4190 οὐδ’
357 4135 440 4188 ὅτι
457 4134 695 4206 λεπροὺς
726 4133 1075 4204 ἐκαθάρισεν,
1101 4134 1212 4188 οὐδ’
1237 4135 1318 4189 ὅτι
1359 4135 1488 4189 ἄλλο
1519 4135 1696 4189 τιτῶν
1726 4136 1906 4189 τοιού-

219 4241 336 4278 των
358 4223 642 4293 ἐποίησεν.
675 4217 852 4286 εἶπεν,
877 4221 1013 4276 ἀλλὰ
1037 4223 1122 4287 τίς
1152 4223 1275 4276 Ὅτι
1300 4223 1370 4276 τὰ
1399 4224 1568 4296 μυρία
1601 4222 1768 4276 ἔπαθε
1797 4225 1907 4278 δει-

220 4312 314 4366 νά.
351 4309 538 4364 Εἰπὼν
568 4307 718 4380 γοῦν,
769 4311 851 4363 ὅτι
898 4310 1078 4378 ’Υπὲρ
1111 4309 1245 4380 ἐγὼ,
1290 4312 1538 4381 ἐπήγαγε
1577 4311 1686 4364 τῶν
1717 4329 1910 4383 πειρα-

224 4398 386 4469 σμῶν
417 4397 478 4450 τδ
512 4396 714 4467 πλῆθος
745 4397 888 4450 οὓτω
933 4397 1128 4466 λέγων·
1173 4395 1274 4450 Ἐν
1318 4397 1584 4466 πληγαῖς
1609 4401 1912 4466 ὑπερϐαλο

221 4488 480 4552 λόντως,
521 4485 592 4538 ἐν
613 4485 891 4551 θανάτοις
913 4483 1234 4551 πολλάκις,
1256 4485 1328 4538 ἐν
1359 4485 1666 4555 φυλακαῖς
1699 4500 1910 4555 περισ-

222 4573 512 4640 σοτέρως·
572 4572 688 4627 ὑπὸ
752 4573 1060 4629 Ἰουδαίων
1119 4571 1406 4640 πεντάκις
1455 4573 1914 4644 τεσσαράκοντα

223 4671 396 4734 παρὰ
421 4673 572 4734 μίαν
602 4664 845 4729 ἔλαϐον,
891 4663 1017 4734 τρὶς
1062 4662 1484 4734 ἐρῤαϐδίσθην,
1529 4663 1693 4728 ἅπαξ
1724 4664 1916 4719 ἐλιθά·

224 4757 414 4822 σθην·
441 4753 568 4822 τρίς
593 4751 967 4822 ἐναυάγησα,
996 4751 1380 4822 νυχθήμερον
1397 4751 1468 4805 ἐν
1507 4749 1588 4817 τῷ
1614 4751 1786 4818 ,ϐυθῷ
1821 4770 1916 4806 πε-

226 4845 482 4910 ποίηκα,
517 4844 610 4896 καὶ
641 4841 710 4895 τὰ
731 4839 896 4895 λοιπά
934 4838 1173 4895 ἅπαντα.
1208 4839 1366 4893 Οὕτω
1394 4840 1670 4911 πανταχοῦ
1708 4843 1944 4912 καυχᾶ-,

227 4950 325 4988 ται
353 4933 417 4984 ἐν
447 4932 565 4994 ταῖς
591 4929 836 4998 θλίψεσιν
869 4929 898 4980 6
936 4926 1170 4990 Παῦλος,
1214 4927 1310 4981 καὶ
1343 4927 1810 4998 ἐγκαλλωπίζεται
1837 4929 1918 5000 τῷ

230 5019 530 5093 πράγματι
557 5016 676 5090 μεθ’
703 5015 1030 5088 ὑπερόολῆς·
1047 5015 1141 5069 καὶ
1171 5015 1318 5086 μάλα
1337 5016 1581 5080 εἰκότως.
1615 5016 1786 5071 Τοῦτο
1809 5017 1917 5090 γάρ

232 5107 438 5165 ἐστινὸ
473 5107 707 5178 μάλιστα
731 5105 831 5176 τὴν
869 5103 1098 5174 δύναμιν
1150 5103 1484 5158 ἐνδείκνυται
1518 5103 1614 5158 τοῦ
1652 5103 1918 5176 Χριστοῦ,

235 5201 318 5252 ὅτι
350 5196 441 5249 διὰ
459 5193 713 5248 τοιούτων
743 5191 1054 5264 ἐκράτησαν
1075 5191 1123 5243 οί
1140 5189 1450 5254 ἀπόστολοι,
1477 5191 1564 5244 διὰ
1591 5191 1805 5263 δεσμῶν
1827 5194 1920 5246 καὶ

237 5284 481 5353 θλίψεων
504 5283 598 5336 καὶ
621 5282 898 5352 μαστίγων
927 5280 1020 5334 καὶ
1044 5278 1154 5332 τῶν
1181 5277 1424 5348 ἐσχάτων
1452 5277 1658 5335 κακῶν.
1676 5279 1778 5332 Δύο
1812 5283 1920 5356 γὰρ

237 5375 420 5428 ταῦτα
453 5373 482 5424 6
513 5369 748 5442 Χριστὸς
770 5365 1350 5439 ἐπηγγείλατο,θλῖψιν
1387 5367 1480 5418 καὶ
1495 5365 1699 5430 ἄνεσιν,
1727 5369 1925 5432 πόνους

240 5464 338 5517 καί
361 5458 682 5528 στεφάνους,
706 5455 936 5529 ἱδρῶτας
957 5455 1050 5508 καὶ
1068 5453 1321 5524 ἀμοιϐὰς.
1337 5454 1547 5524 χρηστά
1568 5455 1662 5507 καὶ
1675 5455 1915 5529 λυπηρόν

239 5549 384 5604 ἀλλὰ
397 5547 466 5600 τά
486 5544 817 5618 μένλυπηρὰ
847 5543 988 5598 κατά
1016 5542 1105 5596 τὸν
1129 5541 1372 5612 παρόντα
1413 5541 1526 5612 βίον
1547 5542 1768 5608 δέδωκε,
1783 5543 1852 5596 τὰ
1869 5543 1924 5597 δὲ

243 5635 466 5710 χρηστά
481 5637 560 5698 εἰς
576 5633 669 5686 τὸν
689 5631 951 5703 μέλλοντα
963 5629 1136 5684 αἰῶνα
1149 5639 1168 5667 ε
1189 5629 1572 5699 ἐταμιεύσατο,
1587 5630 1722 5700 ὁμοῦ
1739 5648 1799 5684 τε
1825 5631 1926 5684 δει-

245 5727 402 5788 κνὺς,
418 5723 502 5777 ὅτι
519 5721 622 5774 οὐκ
641 5719 829 5790 ἀπατᾷ
843 5719 970 5781 τοὺς
990 5716 1087 5770 ἀνθ
1099 5715 1333 5788 ρώπους,
1353 5717 1446 5770 καὶ⁸
1467 5717 1599 5771 αὐτὸ
1616 5719 1722 5771 τῶν
1737 5719 1924 5773 δεινῶν

311 5813 342 5844 ⁸
369 5809 452 5859 Sic
471 5811 622 5858 Sam.
659 5807 842 5855 rectius
860 5817 1004 5867 quam
1031 5803 1164 5867 vulg.
1183 5795 1380 5869 χρύσεα.
1410 5804 1547 5854 Enn.

307 5871 340 5912 δ
371 5874 519 5922 Savil.
543 5871 624 5918 τὸν
657 5871 866 5926 Φῆστον.

311 5937 338 5968 ι
362 5931 416 5984 In
445 5934 555 5982 aliis
577 5934 726 5980 αἰῶνα
745 5930 886 5978 deest

1160 313 1254 385 AD
1295 329 1626 386 POPULUM
1665 326 2174 384 ANTIOCHENUM
2215 325 2450 383 HOMIL.
2492 325 2634 382 xw.

3567 322 3668 379 £68

1992 439 2058 493 τὸ
2088 441 2346 512 φορτικὸν
2374 439 2776 513 ὑποτέμνεσθαι
2905 439 3060 507 τάξει
3093 439 3434 512 βουλόμενος.
3475 435 3534 490 '0
3567 438 3666 508 μὲν

1991 526 2103 598 γὰρ
2159 527 2384 582 ἀπατῶν
2439 527 2508 581 τά
2547 527 2760 599 χρηστά
2815 527 3161 599 προτείνεται
3216 527 3520 598 πρότερον,
3573 525 3669 578 καὶ

1995 612 2222 683 ὕστερον
2242 615 2439 684 ἐπάγει
2463 616 2534 668 τὰ
2564 615 2804 686 λυπηρά.
2821 609 2946 669 Οίόν
2959 633 3011 668 τι
3035 614 3200 683 λέγω·
3222 611 3671 686 Ἀνδραποδισταὶ

1995 700 2258 765 πολλάκις
2299 703 2492 756 παιδία
2533 703 2706 774 μικρά
2763 702 3033 767 συλῶντες
3071 703 3168 758 καὶ
3211 703 3559 764 κλέπτοντες,
3606 699 3667 753 οὐ

1997 788 2212 859 πληγὰς
2239 791 2334 843 καὶ
2371 790 2663 860 μάστιγας,
2699 790 2806 842 οὐδ’
2836 789 2965 843 ἄλλο
2993 807 3046 842 τι
3071 789 3180 842 τῶν
3212 789 3468 844 τοιούτων
3507 789 3656 841 ὑπισ-

1995 875 2270 948 χνοῦνται,
2329 877 2466 931 ἀλλὰ
2500 877 2845 939 πλακοῦντας
2880 877 2974 930 καὶ
3024 875 3356 948 τραγήματα
3383 876 3477 930 κα)⁴
3506 875 3671 946 ἔτερα

1993 963 2241 1030 τοιαῦτα,
2281 959 2364 1028 οἷς
2391 967 2425 1034 ἡ
2475 964 2700 1034 παιδικὴ
2749 963 2958 1036 χαίρειν
3002 965 3190 1019 εἴωθεν
3217 965 3424 1036 ἡλικία,
3456 964 3671 1035 προτεί-

1996 1069 2198 1115 νουσιν,
2235 1051 2325 1105 ἴνα
2369 1051 2581 1115 τούτοις
2621 1055 2804 1104 ἐκεῖνα
2843 1053 3220 1116 δελεασθέντα,
3264 1054 3359 1106 καὶ
3389 1052 3488 1122 τὴν
3521 1052 3672 1106 ἐλευ-

1997 1138 2184 1210 θερίαν
2219 1138 2398 1192 αὐτῶν
2421 1138 2730 1208 ἀποδόμενα
2767 1140 2850 1201 εἰς
2883 1141 3126 1194 κίνδυνον
3155 1126 3370 1214 ἐμπέσῃ
3392 1139 3484 1192 τὸν
3509 1139 3672 1209 ἔσχα-

1995 1224 2265 1298 τον.[167]
2306 1227 2417 1279 Καὶ
2442 1226 2672 1297 ὀρνίθων
2695 1226 2752 1278 δέ
2782 1227 2876 1280 καὶ
2901 1227 3096 1298 ἰχθύων
3123 1229 3172 1280 οἱ
3195 1227 3496 1298 θηρευταὶ(1
3526 1225 3670 1280 οῦτω

1995 1312 2066 1367 τά
2103 1313 2448 1384 θηρευόμενα
2470 1313 2804 1378 δελεάζουσι,
2831 1315 2930 1386 τὴν
2961 1315 3167 1386 συνήθη
3197 1315 3404 1386 τροφὴν
3433 1316 3527 1368 καλ⁸
3546 1315 3668 1368 καθ’

1997 1401 2191 1472 ἡδονὴν
2213 1403 2326 1464 τοῖς
2353 1401 2746 1473 ἀγρευομένοις
2783 1397 2948 1456 οὖσαν
2983 1404 3246 1474 πρότερον
3275 1403 3670 1475 προτείνοντες,

1997 1487 2095 1542 καὶ
2133 1488 2233 1558 τὴν
2261 1489 2466 1556 παγίδα
2496 1489 2669 1560 ταύτῃ
2711 1491 3178 1562 περιστέλλοντες.
3219 1491 3382 1543 Ὥστε
3423 1488 3676 1543 ἀπατῶν-

1996 1593 2104 1628 των
2137 1575 2373 1645 μάλιστα
2400 1574 2559 1630 τοῦτο
2585 1576 2744 1648 ἔργον
2771 1578 2912 1645 ἐστὶ,
2937 1579 3203 1649 πρότερον
3226 1578 3293 1630 τά
3311 1577 3523 1650 χρηστά
3544 1593 3680 1646 προ-

1997 1661 2290 1728 τείνεσθαι,
2330 1659 2450 1716 εἶτα
2486 1663 2713 1736 ὕστερον
2751 1666 2978 1734 ἐπάγειν
3008 1665 3078 1718 τὰ
3098 1665 3339 1736 λυπηρὰ,
3362 1663 3676 1734 κηδομένων

1997 1750 2055 1805 δὲ
2081 1751 2176 1804 καλ⁵
2205 1752 2606 1822 φροντιζόντων
2645 1753 2954 1807 τούναντίον
2985 1753 3152 1806 ἀπαν.
3187 1753 3250 1806 Οἱ
3277 1750 3408 1820 γοῦν
3443 1751 3679 1822 πατέρες

1999 1839 2330 1903 ἀπεναντίας
2355 1842 2471 1903 τοῖς
2494 1839 2948 1909 ἀνδραποδισταῖς
2975 1839 3242 1894 ποιοῦσιν·
3267 1839 3397 1892 ὅταν
3419 1840 3500 1899 είς
3531 1838 3681 1890 διδα-

2003 1927 2254 1980 σκαλεῖον
2306 1927 2566 1998 πέμπωσι
2618 1928 2687 1981 τὰ
2718 1929 2926 1992 παιδία,
2971 1927 3354 1995 παιδαγωγοὺς
3393 1927 3677 1994 ἐφιστῶσι,

2001 2015 2218 2086 πληγὰς
2265 2017 2574 2080 ἀπειλοῦσι,
2632 2017 2797 2085 φόϐον
2861 2015 3284 2086 ἐπιτειχίζουσι,
3327 2015 3420 2068 καὶ⁸
3461 2014 3680 2068 ἐπειδὰν

1999 2103 2098 2174 τὴν
2134 2103 2405 2176 προτέραν
2432 2103 2650 2175 ἡλικίαν
2695 2101 2870 2168 οῦτως
2901 2104 3175 2172 ἀγάγωσι,
3206 2103 3328 2155 τότε
3362 2104 3420 2155 ἐν
3447 2102 3558 2168 ἐξει
3585 2118 3681 2170 γε·

1999 2191 2248 2262 νομένοις
2273 2192 2460 2256 αὐτοῖς
2501 2191 2668 2262 τιμάς
2717 2194 2811 2246 καὶ
2839 2192 3158 2256 δυναστείας
3197 2191 3290 2244 καλ⁸
3317 2189 3528 2262 τρυφὴν
3584 2189 3679 2244 καὶ

1998 2278 2090 2333 τὸν
2120 2278 2296 2333 αὐτῶν
2333 2279 2564 2334 πλοῦτον
2595 2281 2810 2334 ἅπαντα
2832 2280 3244 2351 ἐγχειρίζουσιν,

2072 2364 2134 2421 ε’.
2169 2366 2324 2420 Οῦτω
2354 2369 2450 2422 καὶ
2470 2369 2498 2420 6
2523 2368 2655 2432 Θεὸς
2677 2367 2957 2438 ἐποίησεν,
2973 2368 3034 2421 οὐ
3057 2367 3200 2421 κατά
3215 2368 3337 2430 τοὺς
3358 2365 3681 2438 ἀνδραποδι-

2003 2455 2154 2518 στὰς,
2190 2453 2487 2509 ἀλλὰκατά
2515 2457 2641 2518 τοὺς
2675 2455 2918 2527 πατέρας
2946 2457 3074 2518 τοὺς
3104 2455 3456 2526 κηδομένους·
3487 2453 3687 2523 πρότε-

2006 2561 2095 2615 ρον
2133 2543 2214 2607 είς
2242 2543 2312 2597 τὰ
2343 2543 2562 2615 λυπηρά
2607 2543 2852 2606 ἐνέδαλε,
2904 2543 3158 2614 καθάπερ
3189 2541 3561 2610 παιδαγωγοῖς
3591 2541 3686 2596 καὶ

2000 2629 2344 2696 διδασκάλοις
2372 2635 2438 2703 τῇ
2463 2631 2712 2707 παρούσῃ
2736 2631 2914 2701 θλίψει
2948 2630 3300 2703 παραδιδοὺς,
3334 2630 3419 2682 ίνα
3443 2628 3534 2682 διὰ
3564 2627 3686 2682 τού-

2001 2736 2108 2773 των
2153 2719 2552 2784 παιδευθέντες,
2607 2717 3091 2790 σωφρονισθέντες,
3148 2716 3424 2788 ὑπομονὴν
3467 2716 3688 2774 ἃπασαν

2001 2803 2424 2876 ἐπιδειξάμενοι,
2457 2805 2778 2875 φιλοσοφίαν
2800 2803 3016 2858 ἃπασαν
3043 2803 3322 2875 μαθόντες,
3345 2799 3464 2855 εἶτα
3489 2804 3546 2854 ἐν
3575 2799 3686 2866 ἕξει

2001 2892 2288 2964 γενόμενοι
2316 2894 2415 2964 τὴν
2444 2893 2724 2964 βασιλείαν
2758 2892 2868 2946 τῶν
2895 2891 3142 2964 οὐρανῶν
3167 2891 3682 2962 κληρονομήσωμενο

2004 2981 2268 3052 πρότερον
2303 2981 2644 3053 ἐπιτηδείους
2680 2980 3054 3034 κατεσκεύασε
3083 2986 3219 3050 πρὸς
3251 2977 3348 3049 τὴν
3377 2975 3690 3047 οἰκονομίαν

2002 3067 2096 3120 τοῦ
2140 3067 2417 3139 διδομένου
2449 3067 2706 3129 πλούτου,
2757 3069 2852 3121 καὶ
2885 3067 3006 3119 τότε
3035 3065 3198 3119 αὑτὸν
3241 3063 3538 3135 ἐγχειρίζει
3594 3063 3689 3117 τὸν

2006 3153 2255 3208 πλοῦτον.
2286 3155 2349 3208 El
2381 3155 2492 3225 γὰρ
2521 3153 2598 3225 μὴ
2631 3153 2794 3207 τοῦτο
2829 3152 3108 3222 ἐποίησεν,
3133 3153 3167 3222 ἡ
3201 3151 3295 3204 τοῦ
3328 3149 3557 3203 πλούτου
3597 3149 3688 3202 δό-

2007 3260 2110 3305 σις,
2143 3241 2203 3296 ού
2235 3243 2432 3314 δωρεὰ,
2465 3241 2606 3296 ἀλλά
2639 3242 2858 3305 κόλασις
2887 3236 2954 3311 ἦν
2987 3241 3083 3294 καὶ
3127 3239 3390 3310 τιμωρία.
3418 3237 3689 3309 Καθάπερ

2005 3329 2116 3402 γάρ
2139 3332 2267 3395 παῖς
2292 3331 2516 3402 ἀνόητος
2542 3331 2638 3384 καὶ
2661 3330 2870 3393 ἄσωτος
2889 3329 2980 3382 τὸν
2999 3327 3252 3401 πατρῷον
3285 3326 3486 3398 κλῆρον
3513 3324 3692 3379 διαδε-

2009 3416 2239 3488 ξάμενος
2286 3419 2376 3471 ὑπ’
2425 3417 2592 3473 αὑτοῦ
2627 3417 2817 3471 τούτου
2870 3414 3396 3487 κατακρημνίζεται,
3433 3413 3694 3485 φρόνησιν

2007 3506 2108 3559 οὐκ
2143 3505 2283 3578 ἔχων
2312 3505 2590 3578 ἀρκοῦσαν
2609 3507 2747 3578 πρὸς
2771 3505 2870 3577 τὴν
2898 3504 3006 3558 τῶν
3033 3503 3334 3576 χρημάτων
3359 3501 3690 3572 οἰκονομίανο

2009 3593 2060 3645 εί
2097 3591 2153 3646 δέ
2181 3592 2402 3656 συνετὸς
2427 3593 2660 3662 γένοιτο,
2705 3593 2801 3646 κα)⁸
2840 3591 3113 3663 ἐπιεικὴς,
3147 3591 3244 3644 καὶ
3288 3589 3542 3662 σώφρων,
3598 3587 3694 3642 καὶ

2013 3679 2254 3752 μέτριος,
2309 3682 2388 3743 είς
2415 3681 2532 3734 δέον
2568 3679 2867 3752 οἰκονομῶν
2917 3679 2999 3752 τάν
3032 3677 3282 3750 πατρῷα.
3316 3675 3697 3748 λαμπρότερος

2008 3767 2184 3840 ταύτῃ
2221 3769 2317 3822 καὶ
2343 3768 2806 3840 περιφανέστερος
2845 3767 3077 3837 γίνεται·
3113 3765 3256 3819 οῦτω
3289 3765 3380 3818 καὶ
3403 3767 3486 3834 ἐφ’
3537 3762 3697 3834 ἡμῶν

2011 3855 2226 3928 ἀνάγκη
2263 3856 2606 3927 συμϐαίνειν.
2660 3855 2912 3909 Ἐπειδὰν
2959 3855 3176 3907 σύνεσιν
3208 3851 3582 3924 πνευματικὴν
3611 3851 3696 3903 δε-

2014 3939 2257 4013 ξώμεθα,
2299 3943 2521 3996 ἐπειδὰν
2560 3944 2640 4005 είς
2675 3942 2845 4012 ἄνδρα
2882 3941 3107 4003 τέλειον,
3140 3942 3220 4003 εἰς
3251 3939 3448 4010 μέτρον
3472 3937 3692 4008 ἡλικίας

2014 4029 2449 4099 καταντήσωμεν
2479 4029 2530 4081 οἱ
2577 4029 2798 4092 πάντες,
2829 4027 2950 4081 τότε
2987 4028 3119 4097 ἡμῖν
3167 4023 3462 4096 ἐγχειρίζει
3496 4025 3692 4086 πάντα,

2014 4117 2157 4186 ἅπερ
2184 4116 2468 4187 ὑπέσχετο·
2491 4116 2610 4170 νυνὶ
2648 4115 2704 4168 δὲ
2741 4115 2994 4184 καθάπερ
3028 4112 3216 4166 παιδία
3241 4112 3419 4183 μικρά
3447 4111 3696 4164 παιδεύει

2019 4203 2156 4274 μετά
2184 4201 2584 4274 παρακλήσεως
2615 4202 2710 4256 καὶ
2753 4199 3130 4272 παραμυθίας,
3168 4200 3278 4253 Καὶ
3303 4199 3364 4251 οὐ
3404 4196 3562 4251 τοῦτο
3596 4197 3696 4266 μό-

2015 4306 2105 4343 νον
2135 4289 2253 4342 ἐστὶ¹
2285 4287 2346 4342 τὸ
2387 4288 2576 4360 κέρδος
2605 4287 2712 4341 ἀπὸ
2733 4287 2827 4340 τοῦ
2851 4287 2949 4350 τάς
2980 4285 3189 4356 θλίψεις
3218 4284 3532 4356 προλαϐεῖν,
3560 4281 3696 4336 ἀλλὰ

2017 4376 2110 4428 καὶ
2137 4376 2324 4447 ἕτερον
2377 4375 2477 4428 ούκ
2525 4374 2744 4428 ἔλαττον
2781 4373 2992 4426 τούτου.
3034 4372 3095 4426 '0
3143 4372 3246 4442 μὲν
3285 4371 3396 4440 γὰρ
3431 4371 3698 4442 πρότερον

2016 4463 2262 4535 τρυφῶν,
2294 4459 2416 4516 εἷτα
2443 4460 2583 4534 μετά
2601 4462 2701 4532 τὴν
2725 4461 2940 4534 τρυφὴν
2964 4459 3186 4514 κόλασιν
3214 4457 3551 4531 προσδοκῶν,
3579 4455 3701 4508 οὐδὲ

2017 4553 2117 4623 τῆς
2151 4551 2433 4624 παρούσης
2483 4551 2696 4624 τρυφῆς
2737 4549 3079 4616 αἰσθάνεται,
3115 4548 3204 4602 διά
3238 4547 3336 4620 τὴν
3371 4545 3702 4619 προσδοκίαν

2019 4640 2129 4694 τῶν
2152 4639 2506 4710 ἐπαγομένων
2534 4637 2744 4692 δεινῶν⁹
2777 4641 2805 4691 ὁ
2835 4637 2891 4690 δέ
2925 4638 3187 4708 πρότερον
3223 4635 3298 4689 ὢν
3327 4639 3385 4689 ἐν
3415 4635 3699 4706 λυπηροῖς,

2021 4725 2138 4781 εἶτα
2163 4726 2302 4798 μετά
2327 4725 2501 4779 ταῦτα
2535 4724 2742 4796 μέλλων
2767 4723 3170 4778 ἀπολαύσεσθαι
3191 4721 3462 4794 χρηστῶν,
3487 4721 3700 4774 καὶτῶν

2023 4813 2308 4886 παρόντων
2339 4813 2584 4884 ὑπερορᾷ
2617 4811 2916 4882 δυσχερῶν,
2959 4810 3051 4864 διὰ
3075 4809 3172 4880 τὴν
3201 4809 3389 4884 ἐλπίδα
3419 4809 3525 4862 τῶν
3575 4807 3703 4879 μελ-

2023 4901 2226 4957 λόντων
2255 4899 2532 4973 χρηστῶν.
2565 4901 2643 4953 Οὐ
2671 4899 2852 4952 τοίνυν
2885 4899 3180 4969 ἀσφαλείας
3205 4897 3390 4950 ἕνεκεν
3421 4897 3579 4968 μόνον
3607 4897 3704 4968 τῆς

2025 4989 2318 5062 ἡμετέρας,
2351 4987 2486 5042 ἀλλά
2534 4987 2628 5040 καὶ
2676 4986 2872 5058 ἡδονῆς
2920 4987 3017 5041 καὶ
3072 4985 3426 5057 παραμυθίας
3459 4985 3703 5056 πρότερα

2025 5075 2218 5143 ἔταξεν
2257 5072 2400 5130 εἶναι
2444 5075 2512 5128 τά
2539 5073 2710 5136 δεινὰ,
2755 5074 2844 5126 ἵνα
2877 5076 2994 5138 ταῖς
3036 5073 3218 5126 ἐλπίσι
3261 5074 3370 5128 τῶν
3402 5073 3704 5144 μελλόντων

2024 5161 2422 5232 κουφιζόμενοι,
2445 5159 2714 5232 μηδεμίαν
2730 5159 2838 5212 τῶν
2857 5161 3140 5232 παρόντων
3161 5161 3312 5215 λάϐω
3319 5179 3416 5232 μεν
3432 5159 3701 5231 αἴσθησιν.

2027 5251 2136 5303 Καὶ
2158 5247 2472 5302 τοῦτοαύτὸ
2500 5249 2528 5300 6
2557 5246 2768 5310 Παῦλος
2799 5247 3012 5310 δεικνὺς
3045 5249 3139 5301 καὶ
3169 5249 3469 5320 ἐμφαίνων,
3499 5247 3705 5314 ἔλεγεν,

2028 5340 2110 5392 ὅτι
2154 5337 2225 5392 Τὸ
2263 5335 2600 5403 παραυτίκα
2627 5334 2897 5404 ἐλαφρὸν
2941 5333 3054 5403 τῆς
3085 5337 3348 5405 θλίψεως
3379 5332 3548 5401 ἡμῶν
3575 5332 3705 5387 καθ’

2031 5422 2376 5492 ὑπερϐολὴν
2399 5424 2486 5486 είς
2507 5420 2855 5489 ὑπερϐολὴν
2884 5421 3125 5477 αίὼνιον
3142 5421 3335 5492 ,βάρος
3363 5419 3546 5487 δόξης
3577 5435 3708 5472 κατ-

2029 5508 2330 5582 εργάζεται
2348 5507 2512 5576 ἡμῖν,
2527 5508 2614 5577 μὴ
2641 5509 3038 5562 σκοπούντων
3068 5507 3236 5576 ἡμῶν
3253 5507 3703 5574 τὰβλεπόμενα,

2032 5598 2194 5651 ἀλλὰ
2232 5595 2302 5648 τὰ
2329 5594 2416 5664 μὴ
2443 5594 2816 5664 βλεπόμενα.
2862 5595 3138 5666 Ἐλαφράν
3181 5594 3278 5666 τὴν
3310 5593 3485 5662 θλῖψιν
3517 5593 3705 5646 ἐκάλε-

2036 5704 2148 5750 σεν,
2175 5685 2238 5738 οὐ
2273 5682 2424 5754 παρὰ
2449 5683 2548 5754 τὴν
2581 5683 2786 5738 οίῖτείαν
2815 5683 2976 5752 φύσιν
3014 5683 3120 5737 τῶν
3144 5683 3355 5746 δεινῶν,
3390 5680 3524 5734 ἀλλά
3552 5679 3704 5752 παρὰ

2035 5774 2134 5844 τὴν
2162 5771 2489 5842 προσδοκίαν
2519 5771 2627 5824 τῶν
2657 5769 2954 5838 μελλόντων
2983 5770 3218 5839 ἀγαθῶν.
3249 5770 3512 5840 Καθάπερ
3542 5769 3650 5841 γὰρ
3676 5768 3707 5823 ὁ

2097 5923 2124 5966 d
2150 5925 2365 5985 Quatuor
2383 5935 2500 5971 mss.
2527 5924 2570 5969 οἱ
2591 5922 2806 5984 θηραταί.
