4068 6424
384 324 484 380 ίῦ9

377 437 618 510 ἔμπορος
644 437 744 492 οὐκ
775 436 1094 492 αἰσθάνεται
1128 437 1229 507 τῆς
1252 433 1396 491 κατά
1420 434 1517 504 τὴν
1555 433 1833 488 ναυτιλίαν
1866 431 2053 486 ταλαι·

379 526 615 596 πωρίας,
650 528 718 597 τῇ
764 525 874 577 τῶν
930 523 1168 594 φορτίων
1214 510 1393 578 ἐλπίδι
1448 523 1861 592 κουφιζόμενος,
1910 520 2058 575 καὶὸ

381 613 668 667 πυκτεύων
693 613 955 682 γενναίως
1002 612 1158 684 φέρει
1211 612 1279 665 τά
1327 612 1622 683 τραύματα
1659 611 1760 679 τῆς
1792 609 2055 679 κεφαλῆς,

383 700 521 773 πρὸς
548 702 639 753 τὸν
666 699 936 770 στέφανον
968 699 1172 753 ἀποϐλέ
1182 716 1318 752 πων·
1348 698 1498 771 [168]
1514 698 1658 753 οῦτω
1682 698 1747 752 δὴ
1772 697 1869 751 καὶ
1899 700 2060 768 ἡμεῖς

382 790 523 861 πρὸς
542 788 632 843 τὸν
665 789 894 861 οὐρανὸν
923 788 1018 842 καὶ
1065 786 1138 841 τά
1180 788 1239 840 ἐν
1287 790 1402 851 τοῖς
1445 787 1697 858 οὐρανοῖς
1727 784 2061 849 ἀτενιζοντες

382 876 583 947 ἀγαθά,
612 877 712 930 ὅσα
747 875 813 930 ἂν
845 876 1178 947 ἐπιφέρηται
1201 875 1372 941 δεινά,
1419 875 1598 929 πάντα
1626 874 1891 944 γενναίως
1921 873 2066 927 οῐσο-

385 981 487 1034 μεν
509 968 576 1035 τῇ
608 967 818 1036 χρηστῇ
841 963 952 1017 τῶν
988 963 1288 1034 μελλόντων
1328 962 1505 1016 ἐλπίδι
1522 961 1891 1035 νευρούμενοι.
1918 961 1962 1014 Τ
1965 960 2065 1014 αύ-

382 1071 484 1125 την
514 1053 695 1107 τοίνυν
732 1053 988 1115 λαϐόντες
1012 1054 1112 1124 τὴν
1152 1053 1310 1124 ῥῆσιν
1353 1051 1699 1122 ἀπέλθωμεν*
1737 1051 1787 1103 εί
1808 1048 1919 1121 γὰρ
1966 1048 2065 1102 καὶ

383 1141 511 1212 ψιλὴ
540 1143 634 1195 καὶ
664 1141 912 1214 βραχεῖα,
953 1141 1089 1194 ἀλλά
1109 1140 1309 1211 πολλὴν
1336 1139 1448 1211 ἔχει
1472 1138 1788 1209 φιλοσοφίας
1810 1136 2064 1191 διδασκα-

384 1228 525 1284 λίαν.
568 1230 626 1284 '0
655 1233 713 1283 ἐν
744 1230 905 1303 ὀδύνῃ
933 1232 1028 1284 καὶ
1059 1229 1258 1300 θλίψει,
1306 1227 1584 1302 ἀρκοῦσαν
1625 1226 1740 1298 ἔχει
1774 1224 2064 1298 παράκλη-

386 1335 493 1372 σιν·
529 1320 558 1373 ὁ
594 1321 652 1372 ἐν
680 1322 859 1390 τρυφῇ
915 1318 1011 1372 καὶ¹
1065 1316 1405 1388 πολυτελείᾳ,
1441 1316 1617 1388 μέγαν
1661 1313 2064 1385 σωφρονισμόν.

388 1407 558 1461 Ὅταν
582 1408 690 1479 γάρ
721 1408 814 1461 ἐπὶ
841 1408 938 1479 τῆς
968 1407 1249 1479 τραπέζης
1283 1405 1673 1476 κατακείμενος
1711 1401 2067 1474 ἀναμνησθῇς

386 1495 487 1566 τῆς
525 1496 739 1567 ρήσεως
772 1494 1000 1567 ταύτης,
1021 1494 1395 1565 ἀποπηδήσεις
1420 1492 1631 1563 ταχέως
1654 1490 1753 1562 τῆς
1785 1489 1956 1562 μέθης
1973 1490 2068 1541 καὶ

388 1583 488 1652 τῆς
521 1583 851 1655 ἀδηφαγίας,
883 1581 1072 1655 μαθὼν
1105 1582 1196 1635 διά
1220 1583 1318 1653 τῆς
1352 1580 1550 1645 λέξεως
1575 1578 1799 1649 ταύτης,
1841 1578 1921 1631 ὅτι
1981 1577 2071 1631 ἐν·

390 1671 662 1739 ἀγωνίους
689 1673 839 1743 ἡμᾶς
866 1667 1006 1725 εἶναι
1023 1671 1150 1741 χρή·
1179 1669 1273 1723 καὶ
1300 1668 1437 1740 πρὸς
1449 1666 1637 1721 ἐαυτδν
1663 1667 1828 1739 ἐρεῖς·
1857 1664 2070 1728 Παῦλος

392 1761 450 1811 ἐν
479 1758 700 1830 δεσμοῖς
730 1759 824 1813 καὶ
857 1756 1275 1829 δεσμωτηρίοις,
1303 1754 1414 1824 ἐγὼ
1445 1755 1502 1809 δέ
1527 1757 1584 1807 ἐν
1617 1753 1757 1825 μέθῃ
1789 1754 1881 1807 καὶ
1906 1752 2072 1805 πολυ-

390 1846 540 1899 τελεῖ
573 1846 844 1919 τραπέζῃ·
875 1845 971 1899 καὶ
1004 1846 1164 1909 ποίας
1214 1843 1474 1914 τεύξομαι
1505 1839 1869 1912 συγγνώμης
1900 1839 2072 1892 Τοῦτο

394 1935 489 1987 καὶ
509 1933 754 2002 γυναιξὶν
775 1934 1080 2005 ἐπιτήδειον
1112 1933 1174 1986 τὸ
1196 1932 1368 2004 ῥῆμα·
1401 1933 1457 1985 αἱ
1488 1930 1596 2002 γάρ
1628 1931 1947 2001 φιλόκοσμοι
1977 1929 2073 1982 καὶ

394 2021 725 2086 πολυτελεῖς,
766 2022 861 2076 καὶ
888 2020 1075 2094 χρυσῷ
1106 2007 1147 2062 ι’
1166 2019 1434 2075 πάντοθεν
1455 2019 1655 2083 ἑαυτὰς
1694 2016 2072 2085 καταδεσμοῦ-

395 2126 506 2172 σαι,
535 2110 634 2180 τῆς
656 2108 897 2173 ἁλύσεως
926 2109 1130 2178 ταύτης
1143 2107 1598 2179 ἀναμνησθεῖσαι,
1636 2107 1984 2178 μίσήσουσιν,
2012 2100 2072 2160 εὗ

393 2194 490 2251 οἷδ’
519 2199 622 2262 ὅτι,
654 2200 748 2253 καὶ
783 2198 1123 2270 βδελύξονται
1167 2197 1258 2251 τὸν
1308 2196 1512 2267 κόσμον
1541 2199 1767 2258 ἐκεῖνον,
1805 2196 1900 2250 καὶ
1937 2197 2075 2267 πρὸς

394 2287 569 2342 ταῦτα
606 2287 940 2359 δραμοῦνται
971 2287 1039 2340 τά
1070 2285 1264 2355 δεσμά.
1304 2287 1519 2337 Ἐκεῖνα
1582 2285 1679 2354 μὲν
1704 2284 1813 2354 γὰρ
1864 2284 2077 2337 πολλῶν

396 2376 583 2429 κακῶν
610 2376 759 2430 αἴτια
790 2375 981 2444 γέγονε
1015 2373 1296 2438 πολλάκις,
1334 2373 1427 2425 καὶ
1456 2372 1683 2443 μυρίους
1710 2372 1981 2442 πολέμους
1996 2372 2076 2434 είς

395 2462 497 2535 τὴν
527 2461 702 2514 οίκίαν
737 2463 1012 2531 συνήγαγε
1037 2460 1088 2524 δ,
1118 2460 1215 2513 καὶ
1243 2460 1469 2529 φθόνους
1513 2459 1606 2512 καὶ
1638 2458 1936 2530 βασκανίας
1984 2459 2079 2512 καί

402 2554 557 2620 μῖσος
582 2549 755 2602 ἔτεκε·
796 2548 973 2602 ταῦτα
1022 2548 1079 2601 δὲ
1117 2547 1218 2616 τῆς
1270 2547 1597 2618 οἰκουμένης
1647 2545 1749 2609 τὰς
1805 2545 2080 2618 ἁμαρτίας

399 2637 577 2703 ἔλυσε,
619 2638 714 2691 καὶ
745 2635 1007 2707 δαίμονας
1036 2636 1293 2708 ἐφόϐησε,
1322 2637 1415 2689 καὶ
1443 2634 1686 2689 διάϐολον
1720 2633 2075 2703 ἐφυγάδευσε.

398 2725 556 2781 Μετὰ
568 2726 775 2780 τούτων
799 2728 856 2779 ἐν
892 2724 969 2796 τῷ
994 2725 1353 2796 δεσμωτηρίῳ
1379 2722 1673 2793 διατρίϐων
1692 2722 1784 2775 τὸν
1807 2720 2080 2793 δεσμοφύ-

400 2817 543 2871 λακα
574 2815 779 2877 ἔπεισε,
805 2814 942 2885 μετά
956 2814 1162 2867 τούτοιν
1186 2814 1280 2866 τὸν
1314 2812 1623 2884 Ἀγρίππαν
1656 2810 2002 2865 ἐπεσπάσατο
2022 2818 2077 2873 α,

406 2904 545 2975 μετά
573 2903 778 2957 τούτων
805 2902 1034 2966 πολλοὺς
1068 2902 1313 2971 μαθητὰς
1360 2898 1759 2954 κατεσκεύασεν
1784 2902 1815 2953 ὁ
1845 2898 2081 2963 Παῦλος.

403 2992 505 3046 Διά
530 2990 690 3046 τοῦτο
716 2992 808 3045 καὶ⁵
839 2990 1046 3059 ἔλεγεν·
1066 2993 1168 3045 Ἑν
1191 2982 1240 3054 ᾦ
1262 2987 1585 3043 κακοπαθῶ
1605 2986 1785 3058 μέχρι
1817 2986 2080 3057 δεσμῶν,

403 3081 485 3147 ὡς
510 3080 863 3149 κακοῦργος,
911 3079 1050 3133 au'
1091 3080 1124 3131 ὁ
1157 3078 1338 3143 ,Λόγος
1369 3074 1477 3129 τοῦ
1517 3074 1665 3129 Θεοῦ
1704 3077 1781 3129 οὐ
1825 3074 2079 3130 δέδεται.

405 3169 673 3240 Καθάπερ
706 3167 816 3239 γὰρ
844 3167 1040 3220 ἀκτῖνα
1066 3165 1225 3235 δῆσαι
1257 3164 1319 3217 οὐ
1361 3163 1587 3218 δυνατὸν
1614 3162 1738 3217 οὐδέ
1771 3163 2085 3232 συγκλεῖσαι

405 3259 465 3312 ἐν
492 3257 663 3329 οἰκία,
693 3254 869 3318 οὕτως
902 3253 1026 3307 οὐδὲ
1077 3253 1173 3306 τοῦ
1226 3250 1584 3322 κηρύγματος
1624 3250 1718 3303 τὸν
1765 3250 1943 3319 λόγον.
1975 3251 2087 3306 Καὶ

407 3344 588 3417 πολλῷ
611 3344 775 3398 πλέον
810 3345 840 3395 ὁ
863 3342 1184 3404 διδάσκαλος
1216 3340 1447 3403 ἐδέδετο,
1472 3338 1568 3392 καὶ
1587 3340 1617 3392 ὁ
1652 3337 1810 3407 λόγος
1839 3338 2084 3393 ἐπέτετο·

407 3439 616 3499 ἐκεῖνος
641 3435 702 3488 τὸ
732 3434 1103 3503 δεσμωτήριον
1136 3430 1291 3502 ᾤκει,
1320 3433 1414 3483 καὶ
1447 3431 1481 3501 ἠ
1510 3428 1842 3485 διδασκαλία
1873 3448 2089 3503 πτερω-

409 3524 567 3579 θεῖσα
587 3523 896 3593 πανταχόσε
918 3522 1017 3591 τῆς
1045 3520 1369 3591 οἰκουμένης
1394 3519 1599 3589 ἔτρεχε.

460 3613 566 3679 ·ς’.
604 3611 767 3666 Ταῦτ’
798 3605 891 3665 οῦν
922 3609 1126 3673 εἰδότες
1164 3608 1238 3681 μὴ
1283 3608 1825 3680 προκαταπίπτωμεν
1857 3611 1951 3664 ἐπὶ
1979 3612 2091 3676 τοῖς

413 3702 630 3767 δεινοῖς,
680 3698 817 3754 ἀλλά
858 3697 1057 3770 μᾶλλον
1104 3699 1225 3753 τότε
1258 3696 1615 3768 δυνατώτεροι
1644 3697 1948 3770 γινώμεθα,
1971 3699 2092 3755 τότε

418 3790 779 3862 ἰσχυρότερον
830 3789 902 3842 Ἠ
934 3787 1041 3857 γὰρ
1075 3786 1282 3855 θλῖψις
1310 3787 1627 3856 ὑπομονὴν
1658 3786 2090 3859 κατεργάζεται.

413 3882 506 3952 Μὴ
537 3878 793 3951 ἀλγῶμεν
820 3878 913 3930 ἐπὶ
940 3878 1061 3940 ταῖς
1107 3876 1477 3947 ἐπαγομέναις
1510 3879 1838 3948 συμφοραῖς,
1889 3877 2005 3932 ἀλλ’
2036 3879 2093 3935 ἐν

414 3969 620 4023 ἅπασιν
649 3966 1066 4040 εὐχαριστῶμεν
1092 3965 1169 4037 τῷ
1203 3964 1342 4037 Θεῷ.
1391 3966 1660 4037 Δευτέραν
1692 3966 1961 4039 ἑϐδομάδα
1993 3970 2094 4040 τῆς

400 4057 675 4139 ’νηστείας
705 4056 1079 4128 παρήλθομεν,
1101 4054 1238 4109 ἀλλά
1271 4056 1346 4127 μὴ
1372 4054 1530 4109 τοῦτο
1559 4053 1871 4126 σκοπῶμεν·
1898 4058 1959 4110 οὐ
1986 4057 2097 4132 γάρ

415 4145 576 4199 τοῦτό
610 4147 727 4198 ἐστι
773 4143 1064 4217 παρελθεῖν
1099 4143 1372 4212 νηστείαν,
1408 4143 1502 4199 ἐὰν
1544 4144 1638 4198 τὸν
1669 4143 1862 4216 χρόνον
1898 4146 2099 4219 παρέλ-

418 4238 624 4305 θωμεν.
653 4233 824 4287 Τοῦτο
849 4229 1216 4301 λογισώμεθα,
1253 4231 1302 4283 εί
1334 4230 1744 4303 σπουδαιότεροι
1768 4232 2094 4305 γεγόναμεν,

418 4326 467 4377 εἰ
493 4318 887 4393 διωρθώσαμὲν
919 4337 971 4373 τι
1000 4318 1109 4372 τῶν
1142 4318 1428 4390 ἡμετέρων
1461 4318 1885 4393 ἐλαττωμάτων,
1936 4324 1986 4376 εί
2030 4323 2100 4378 τὰ

423 4411 802 4483 ἁμαρτήματα
829 4407 1236 4479 ἀπενιψάμεθα.
1270 4407 1434 4471 Ἔθος
1485 4407 1689 4464 ἅπασιν
1714 4409 1925 4482 ἐρωτᾷν
1957 4411 2099 4467 κατά

420 4501 519 4570 τὴν
538 4501 718 4552 Τεσσα
728 4497 1018 4571 ρακοστὴν,
1040 4496 1210 4559 πόσας
1228 4496 1459 4560 ἕκαστος
1474 4495 1771 4568 ἑϐδομάδας
1782 4498 2096 4569 ἐνήστευσε·

425 4588 521 4641 καὶ
555 4587 701 4639 ἔστιν
731 4584 962 4639 ἀκοῦσαι
991 4582 1258 4654 λεγόντων
1286 4581 1395 4637 τῶν
1436 4582 1557 4654 μὲν,
1595 4584 1676 4638 ὅτι
1723 4584 1837 4645 δύο,
1879 4585 1988 4639 τῶν
2018 4585 2098 4655 δὲ,

422 4675 506 4728 ὅτι
535 4674 704 4745 τρεῖς,
739 4672 849 4725 τῶν
883 4671 959 4739 δέ,
981 4672 1063 4725 δτι
1094 4671 1274 4731 πάσας
1294 4671 1624 4741 ἐνήστευσαν
1654 4670 1751 4735 τάς
1776 4673 2098 4744 ἑϐδομάδας.

423 4762 537 4817 Καὶ
558 4762 611 4815 τί
640 4762 702 4815 τὸ
734 4760 946 4832 κέρδος,
976 4760 1071 4813 ἐάν
1103 4759 1300 4831 ἔρημοι
1329 4758 1769 4830 κατορθωμάτων
1814 4761 2102 4835 παρέλθω-

429 4869 528 4922 μεν
558 4849 656 4922 τὴν
705 4848 995 4922 νηστείαν;
1033 4848 1158 4901 Ἐὰν
1210 4846 1397 4919 ἔτερος
1427 4845 1582 4919 λέγῃ,
1616 4845 1700 4901 ὅτι
1748 4848 1936 4903 Πᾶσαν
1982 4851 2103 4922 ἐνή-

428 4956 626 4992 στευσα
658 4939 755 5009 τὴν
782 4936 1252 5009 τεσσαρακοστὴν,
1284 4936 1348 4990 σὺ
1377 4935 1518 4999 είπὲ,
1550 4937 1634 4990 ὅτι
1678 4936 1906 5008 Ἐχθρδν
1933 4934 2100 5011 εἶχον,

426 5027 521 5079 καὶ
543 5024 911 5096 κατηλλάγην·
936 5022 1062 5087 ἔθος
1084 5018 1228 5094 εἶχον
1244 5023 1596 5093 κακηγορεῖν,
1628 5025 1723 5078 καὶ
1751 5026 2100 5099 ἐπαυσάμην·

429 5112 548 5176 ἔθος
581 5107 727 5183 εἶχον
744 5111 999 5183 ὀμνύναι,
1034 5111 1130 5165 καὶ
1175 5110 1341 5163 ἔλυσα
1371 5109 1433 5163 τὸ
1484 5112 1721 5185 πονηρὸν
1760 5112 1904 5193 ἔθοςὅ
1938 5114 2105 5171 Οὐδὲν

428 5199 621 5271 δφελος
667 5202 781 5263 τοῖς
829 5199 1115 5271 ἐμπόροις,
1149 5199 1216 5255 ἂν
1246 5199 1381 5253 πολὺ
1433 5197 1582 5272 [169]
1619 5200 1793 5272 μῆκος
1836 5201 2106 5272 πελάγους

431 5289 890 5365 παραδράμωσιν,
914 5287 1028 5341 ἀλλ’
1058 5289 1153 5342 ἐάν
1186 5287 1322 5359 μετά
1355 5288 1593 5361 φορτίων
1613 5287 1818 5343 πλέωσι
1849 5291 1946 5344 καὶ
1974 5293 2107 5346 πολ-

429 5377 528 5451 λῆς
552 5378 652 5450 τῆς
680 5376 971 5449 ἐμπορίας·
1006 5375 1159 5429 οὐδὲν
1188 5375 1378 5445 ὄφελος
1412 5377 1512 5448 τῆς
1544 5376 1794 5449 νηστείας
1828 5380 1981 5451 ἡμῖν,
2039 5380 2107 5436 ἂν

435 5466 792 5539 παρέλθωμεν
823 5466 993 5537 αὐτὴν
1019 5463 1209 5529 ἁπλῶς
1234 5465 1330 5517 καὶ
1362 5464 1488 5535 είκῆ
1523 5466 1618 5521 καὶ
1647 5467 1845 5538 μάτην.
1888 5468 1986 5523 Ἂν
2010 5470 2108 5542 τὴν

433 5553 542 5609 τῶν
564 5554 869 5627 βρωμάτων
889 5553 1241 5626 νηστεύωμεν
1277 5552 1555 5624 νηστείαν,
1578 5554 1966 5626 παρελθουσῶν
1998 5556 2108 5612 τῶν

434 5644 848 5715 τεσσαράκοντα
877 5641 1101 5716 ἡμερῶν
1148 5639 1487 5713 παρέρχεται
1518 5641 1615 5699 καὶ
1659 5645 1693 5713 ή
1725 5644 1972 5715 νηστεία·
2012 5646 2107 5701 ἐὰν

500 5784 528 5851 Ξ³
559 5783 654 5851 Hii
673 5784 974 5851 κριὶχρυσίφι

499 5842 530 5882 ι»
552 5844 652 5895 Alii
676 5842 912 5908 εἷο-ἤγαγε.

506 5910 529 5937 ⁸
551 5908 755 5969 Quidam
777 5906 891 5959 mss.
916 5909 995 5958 τὸν
1015 5909 1206 5967 Φῆστον
1230 5907 1558 5974 (mandem.
1595 5906 1748 5960 male.

1127 319 1190 376 S.
1241 318 1527 377 JOANNIS
1563 314 2057 374 CHRYSOSTOMI
2097 266 2420 372 ARCHiEP.
2463 313 3013 372 CONSTANTINOP.

3745 316 3854 374 €70

2162 434 2219 487 δὲ
2255 433 2672 506 ἁμαρτημάτων
2694 430 3053 503 ἀπεχώμεθα,
3092 431 3187 484 καὶ
3214 431 3313 502 τῆς
3360 433 3615 505 νηστείας
3637 434 3855 505 παρελ-

2167 522 2370 593 θούσης
2401 520 2627 591 ταύτης,
2656 519 2839 591 ἐκείνη
2872 518 3034 572 πάλιν
3067 518 3237 589 μένει,
3283 520 3378 573 καὶ
3405 519 3659 593 διηνεκὴς
3690 521 3856 578 ἔσται

2168 611 2419 665 ἐντεῦθεν
2445 611 2578 681 ἡμῖν
2601 609 2635 680 ή
2656 606 2915 677 ὠφέλεια,
2949 607 3045 660 καὶ
3072 607 3177 678 πρὸ
3196 606 3293 677 τῆς
3327 606 3605 678 βασιλείας
3623 609 3735 665 τῶν
3758 611 3855 664 οὐ-

2172 696 2352 768 ρανῶν
2378 697 2439 750 οὐ
2477 696 2681 767 μικράς
2705 696 2838 765 ἡμῖν
2886 692 3124 747 ἐνταῦθα
3155 692 3424 747 ἀποδώσει
3453 694 3553 759 τάς
3587 696 3852 767 ἀμοιϐάς·

2169 784 2359 857 ὥσπερ
2391 784 2501 855 γάρ
2529 786 2558 838 ὁ
2584 783 2691 849 ζῶν
2713 785 2771 836 ἐν
2794 781 3054 854 πονηρίᾳ,
3089 781 3184 835 καὶ
3225 782 3333 854 πρὸ
3360 784 3459 854 τῆς
3495 783 3722 856 γεέννης
3758 800 3857 839 κο-

2168 873 2393 939 λάζεται
2416 872 2503 944 τῷ·
2529 872 2788 926 συνειδότι
2815 870 3196 942 κεντούμενος·
3224 870 3400 937 οὕτως
3430 874 3460 926 ὁ
3488 872 3737 928 πλουτῶν
3795 877 3859 931 ἐν

2174 960 2587 1034 κατορθώμασι,
2643 961 2739 1014 καὶ
2766 959 2874 1031 πρὸ
2915 960 3015 1031 τῆς
3064 958 3341 1030 βασιλείας
3369 962 3545 1032 χαρᾶς
3582 963 3858 1034 μεγίστης

2169 1050 2565 1115 ἀπολαύσεται,
2593 1051 2858 1121 χρησταῖς
2888 1049 3283 1122 ἐντρεφόμενος
3316 1049 3515 1104 ἐλπίσι.
3550 1051 3650 1106 Διά
3692 1052 3859 1106 τοῦτο

2174 1138 2202 1190 ὁ
2228 1138 2462 1209 Χριστός
2488 1154 2639 1209 φησι·
2674 1137 2869 1191 Πάλιν
2898 1137 3118 1206 ὄψομαι
3144 1137 3320 1207 ὑμᾶς,
3355 1139 3455 1193 καὶ
3483 1138 3855 1209 χαρήσεσθε,

2176 1226 2275 1279 καί
2308 1224 2423 1293 τὴν
2442 1226 2639 1295 χαρὰν
2671 1225 2841 1295 ὑμῶν
2880 1225 3079 1292 οὐδεὶς
3107 1226 3417 1297 λαμϐάνει.
3450 1227 3634 1299 Βραχύ
3661 1229 3724 1283 τὸ
3754 1230 3859 1302 ῥῆ-

2183 1330 2280 1383 μα,
2305 1313 2441 1367 ἀλλά
2470 1312 2671 1384 πολλὴν
2710 1313 2824 1384 ἔχει
2880 1314 3257 1386 παραμυθίαν.
3306 1314 3373 1368 Τί
3414 1317 3533 1369 ποτ’
3571 1312 3666 1371 οῦν
3711 1319 3855 1386 ἐστι,

2183 1400 2303 1469 Τὴν
2334 1403 2532 1471 χαρὰν
2556 1398 2725 1471 ὑμῶν
2743 1401 2941 1469 οὐδεὶς
2960 1403 3282 1472 λαμϐάνει;
3308 1403 3581 1475 Χρήματα
3609 1403 3677 1458 ἂν
3698 1404 3855 1477 ἔχῃς,

2179 1487 2365 1542 πολλοὶ
2397 1487 2652 1543 δύνανταί
2685 1505 2780 1543 σου
2823 1490 2925 1560 τὴν
2957 1488 3132 1561 χαράν
3171 1489 3271 1561 τὴν
3325 1489 3436 1544 ἀπὸ
3487 1489 3583 1545 τοῦ
3618 1491 3857 1546 πλούτου

2176 1578 2383 1644 λαϐεῖν,
2406 1580 2500 1632 καὶ
2524 1578 2767 1650 κλέπτης
2789 1578 3081 1651 διορύττων
3102 1583 3302 1651 τοῖχον,
3335 1580 3429 1635 καὶ
3458 1579 3676 1652 οἰκέτης
3697 1583 3860 1651 ἀφαι·

2182 1667 2445 1740 ρούμενος
2471 1667 2540 1720 τά
2560 1667 3013 1738 ἐμπιστευθέντα,
3043 1669 3139 1724 καὶ
3164 1668 3418 1741 βασιλεὺς
3451 1668 3728 1741 δημεύων,
3758 1670 3859 1724 καὶ

2184 1754 2455 1825 βάσκανος
2501 1754 2789 1827 ἄνθρωπος
2819 1754 3162 1829 ἐπηρεάζων.
3216 1757 3544 1810 Δυναστείαν
3594 1757 3661 1812 ἀν
3705 1758 3856 1828 ἔχῃς,

2179 1843 2367 1897 πολλοὶ
2388 1841 2645 1898 δύνανταί
2674 1859 2770 1897 σου
2793 1842 2982 1898 λαϐεῖν
3003 1844 3103 1915 τὴν
3127 1846 3236 1899 ἀπὸ
3260 1845 3465 1915 ταύτης
3496 1845 3694 1917 χαράν·
3728 1846 3857 1900 ὅταν

2179 1941 2291 2015 γὰρ
2322 1940 2608 2014 παραλυθῇ
2633 1939 2701 1995 τά
2732 1941 2833 2011 τῆς
2864 1936 3063 2010 ἀρχῆς,
3112 1935 3559 2007 παραλυθήσεται
3580 1934 3608 1972 ἀ
3638 1935 3735 1989 καὶ
3790 1936 3859 1990 τά

2177 2030 2278 2100 τῆς
2317 2030 2532 2101 ἡδονῆς·
2568 2029 2665 2083 καὶ
2694 2031 2752 2082 ἐν
2779 2027 2916 2099 αὐτῇ
2935 2026 2994 2079 δὲ
3017 2026 3084 2097 τῇ
3112 2024 3255 2096 ἀρχῇ
3272 2023 3444 2078 πολλά
3476 2023 3860 2094 συμπίπτοντα

2181 2117 2505 2189 πράγματα,
2537 2115 2824 2171 δυσκολίαν
2863 2114 3055 2185 ἔχοντα
3094 2112 3191 2166 καὶ
3215 2111 3523 2184 φροντίδας,
3559 2110 3863 2182 ὑποτέμνε-

2180 2205 2274 2261 ταί
2309 2222 2404 2259 σου
2429 2205 2528 2278 τὴν
2570 2203 2855 2275 εὐθυμίαν.
2897 2202 3073 2272 Ἰσχὺν
3114 2199 3369 2271 σώματος
3399 2199 3494 2253 ἐὰν
3520 2199 3674 2270 ἔχῃς,
3701 2198 3863 2263 νόσος

2186 2294 2488 2349 ἐπελθοῦσα
2515 2292 2777 2347 κατέλυσε
2802 2289 2900 2361 τὴν
2925 2290 3032 2343 ἀπὸ
3058 2287 3264 2358 ταύτης
3295 2288 3491 2360 χαράν·
3524 2287 3728 2351 κάλλος
3767 2287 3863 2342 ἐὰν

2189 2384 2321 2456 ἔχῃς
2354 2385 2448 2438 καὶ
2489 2384 2660 2456 ὤραν,
2710 2380 2889 2452 γῆρας
2927 2376 3153 2431 ἐπελθὸν
3190 2376 3433 2448 ἐμάρανε
3481 2376 3580 2430 καὶ
3611 2376 3867 2445 ἀφείλετο

2183 2475 2284 2547 τὴν
2315 2474 2511 2547 χαράν·
2543 2471 2822 2544 τραπέζης
2871 2469 2968 2523 ἐὰν
2995 2465 3311 2539 ἀπολαύσῃς
3333 2461 3677 2528 πολυτελοῦς,
3704 2460 3870 2515 ἐσπέ-

2194 2581 2294 2637 ρας
2331 2558 2767 2629 καταλαϐούσης,
2790 2555 3062 2627 κατελύθη
3103 2554 3199 2609 καὶ
3224 2555 3258 2625 ή
3283 2554 3385 2622 τῆς
3422 2550 3658 2621 εὐωχίας
3697 2549 3868 2619 χαρά·

2189 2655 2423 2709 ἕκαστον
2465 2650 2577 2723 γὰρ
2603 2648 2717 2704 τῶν
2759 2646 3027 2719 βιωτικῶν
3077 2641 3419 2716 πραγμάτων
3462 2637 3871 2711 εὐεπηρέαστόν

2187 2744 2326 2805 ἐστι,
2346 2740 2443 2795 καὶ
2469 2739 2697 2811 μόνιμον
2718 2739 2850 2809 ἡμῖν
2875 2736 2976 2790 οὐκ
3004 2732 3175 2805 ἰσχύει
3206 2731 3507 2804 παρασχεῖν
3523 2728 3623 2798 τὴν
3647 2727 3870 2797 ἡδονήν·

2189 2832 2222 2903 ἠ
2245 2831 2303 2885 δέ
2332 2828 2584 2883 εὐσέϐεια
2614 2828 2710 2882 καὶ
2731 2828 2765 2898 ή
2784 2824 2928 2879 κατά
2950 2824 3127 2896 ψυχὴν
3153 2820 3323 2894 ἀρετὴ
3348 2816 3659 2903 τούναντίον
3698 2815 3869 2903 ἅπαν.

2202 2901 2607 2991 Ἕλεημοσύνην
2654 2914 2750 2969 ἐὰν
2801 2914 3056 2986 ποιήσῃς,
3099 2909 3277 2973 οὐδεὶς
3321 2905 3540 2977 ἀφελεῖν
3565 2902 3791 2957 δύναται
3812 2901 3875 2954 τὸ

2195 3006 2551 3079 κατόρθωμα,
2588 3004 2690 3059 κᾶν
2713 3001 3071 3076 στρατόπεδα,
3111 2998 3215 3052 κᾶν
3257 2995 3519 3068 βασιλεῖς,
3543 2991 3650 3046 κάν
3687 2991 3876 3079 μυρίοι

2196 3078 2551 3165 συκοφάνται,
2588 3093 2694 3148 κᾶν
2731 3090 3005 3146 ἐπίϐουλοι
3051 3085 3316 3141 πάντοθεν
3348 3081 3668 3143 ἐπιθῶνται,
3690 3079 3756 3132 τὸ
3791 3078 3874 3143 είς

2191 3184 2282 3239 τὸν
2303 3183 2530 3255 οὐρανὸν
2549 3178 2813 3235 ἀποτεθὲν
2840 3177 3021 3247 κτῆμα
3044 3171 3339 3244 ἀφελέσθαι
3363 3171 3423 3224 οὐ
3443 3169 3721 3223 δύνανται·
3736 3165 3877 3255 ἀλλὰ

2199 3272 2349 3345 μένει
2372 3252 2636 3342 ’διηνεκὴς
2658 3267 2693 3339 ή
2717 3266 2883 3338 χαρά.
2916 3264 3280 3329 Ἐσκόρπισε
3313 3258 3446 3328 γάρ,
3476 3256 3670 3345 φησιν,
3689 3252 3877 3345 ἔδωκε

2192 3340 2321 3428 τοῖς
2346 3340 2628 3426 πένησιν,
2654 3358 2693 3424 ἡ
2715 3352 3075 3417 δικαιοσύνη
3104 3346 3291 3403 αὑτοῦ
3308 3346 3477 3416 μένει
3492 3346 3580 3410 εὶς
3610 3342 3718 3395 τὸν
3738 3340 3878 3394 αἰῶ-

2193 3466 2291 3505 να·
2335 3449 2428 3503 καὶ
2459 3445 2603 3518 μάλα
2625 3443 2871 3505 εἰκότως.
2907 3440 2998 3495 Ἐν
3031 3437 3142 3509 γὰρ
3170 3437 3282 3499 τοῖς
3310 3433 3419 3487 τῶν
3444 3429 3691 3506 οὐρανῶν
3735 3429 3874 3518 ἀπό-

2196 3555 2377 3594 κειται
2408 3517 2702 3606 ταμιείοις,
2725 3533 2859 3586 ὅπου
2890 3527 2953 3582 οὐ
2992 3526 3231 3597 κλέπτης
3251 3521 3540 3597 διορύττει,
3575 3520 3638 3573 οὐ
3672 3517 3874 3590 λῃστὴς

2196 3625 2486 3700 λαμϐάνει,
2521 3623 2583 3677 οὐ
2641 3621 2741 3693 σὴς
2774 3617 3072 3674 κατεσθίει.
3107 3612 3289 3687 Εὐχάς
3336 3612 3433 3665 ἐάν
3464 3609 3595 3700 εὐξῃ
3630 3609 3876 3700 συνεχεῖς

2199 3695 2294 3770 καί⁵
2327 3714 2585 3776 ἐκτενεῖς,
2612 3710 2705 3764 τὸν
2735 3706 2949 3780 καρπὸν
2967 3704 3059 3759 τὸν
3082 3704 3193 3757 ἀπὸ
3218 3703 3425 3756 τούτων
3450 3698 3624 3762 οὐδεὶς
3647 3695 3879 3767 συλῆσα.

2198 3806 2505 3878 δυνήσεται·
2536 3801 2633 3856 καὶ
2660 3798 2770 3872 γάρ
2798 3793 2950 3860 οὗτος
2982 3795 3010 3847 ὁ
3032 3794 3244 3867 καρπὸς
3280 3795 3340 3847 ἐν
3367 3794 3481 3854 τοῖς
3513 3789 3762 3859 οὐρανοῖς
3791 3787 3881 3857 ἐρ-

2206 3895 2453 3967 ρίζωται,
2502 3891 2684 3961 πάσης
2755 3886 3022 3960 ἐπηρείας
3074 3880 3515 3955 ἀπηλλαγμένος,
3552 3879 3645 3934 καὶ
3703 3879 3882 3950 μένων

2200 3984 2519 4056 ἀχείρωτος.
2563 3980 2688 4034 Ἐὰν
2716 3977 2904 4041 κακῶς
2937 3972 3124 4030 παθὼν
3152 3970 3541 4045 εὐεργετήσῃς,
3576 3968 3672 4021 ἐάν
3694 3967 3884 4056 κακῶς

2203 4052 2446 4133 ἀκούσας
2472 4067 2865 4139 φιλοσοφήσῃς,
2895 4063 2989 4118 ἐὰν
3010 4058 3340 4132 λοιδορηθεὶς
3366 4056 3687 4127 εὐλογήσῃς,
3708 4052 3886 4109 ταῦτα

2201 4160 2275 4214 τά
2310 4155 2715 4231 κατορθώματα
2743 4154 2894 4227 μένει
2950 4148 3239 4219 διηνεκῶς,
3292 4144 3387 4201 καὶ
3430 4144 3639 4231 τὴν-ἐκ
3675 4141 3885 4195 τούτων

2204 4248 2379 4321 χαρὰν
2407 4229 2583 4308 οὐδεὶς
2611 4242 2901 4316 λαμϐάνει·
2934 4238 3051 4295 ἀλλ’
3084 4236 3274 4298 ὁσάκις
3318 4234 3385 4288 ἂν
3430 4229 3608 4286 αὐτῶν
3639 4232 3889 4321 ὑπομνη-

2208 4318 2343 4410 hiem
2375 4345 2418 4395 ο.
2460 4334 2673 4406 χαίρεις
2705 4329 2803 4385 καὶ
2831 4328 3124 4401 εὐφραίνῃ,
3183 4324 3279 4378 καὶ
3330 4321 3533 4393 πολλὴν
3572 4318 3889 4410 καρποῦσαι

2204 4409 2305 4495 τὴν
2340 4422 2556 4495 ἡδονήν.
2617 4417 2776 4472 Οῦτω
2804 4416 2869 4488 δὴ
2895 4417 2990 4470 καὶ
3021 4415 3083 4467 τὸ
3116 4412 3339 4483 φεύγειν
3366 4411 3527 4483 ὅρκον
3557 4409 3652 4462 ἐὰν
3683 4423 3891 4478 κατορ-

2210 4512 2496 4583 θώσωμεν,
2546 4509 2642 4563 καὶ
2694 4507 2977 4577 πείσωμεν
3027 4504 3127 4576 τὴν
3154 4500 3401 4571 γλῶτταν
3457 4500 3556 4569 τὴν
3607 4496 3889 4569 ἡμετέραν

2209 4599 2513 4673 ἀπέχεσθαι
2552 4599 2652 4670 τῆς
2683 4596 2928 4668 ὀλεθρίου
2975 4591 3262 4664 συνηθείας
3288 4589 3513 4660 ταύτης,
3540 4588 3601 4641 τὸ
3628 4588 3728 4658 μέν
3758 4604 3888 4641 κατ-

2209 4689 2435 4762 ὁρθωμα
2472 4687 2625 4741 ἔσται
2658 4688 2714 4741 ἐν
2770 4684 2967 4757 βραχεῖ
3013 4679 3213 4751 καιρῷ,
3255 4681 3288 4751 ἡ
3328 4677 3382 4731 δὲ
3441 4675 3762 4762 εὐφροσύνη
3792 4674 3891 4762 τοῦ

2210 4761 2640 4849 κατορθώματος
2662 4770 2929 4843 διηνεκῶς
2961 4768 3056 4822 καὶ⁵
3095 4764 3473 4827 ἀδιαλείπτως,
3505 4761 3707 4816 Λοιπὸν
3743 4761 3892 4831 ὑμᾶς

2210 4864 2307 4918 καὶ
2334 4863 2536 4936 ἐτέρων
2564 4859 2917 4921 διδασκάλους
2936 4853 3086 4930 [170]
3116 4850 3255 4908 εἶναι
3291 4852 3395 4925 χρὴ
3431 4851 3524 4905 καὶ
3547 4849 3891 4921 καθηγητὰς,

2212 4956 2307 5007 καῖ¹
2346 4951 2531 5022 φίλους
2559 4949 2686 5013 τοὺς
2719 4946 2970 5018 πλησίον,
3001 4945 3097 4998 καὶ
3122 4943 3248 5006 τοὺς
3284 4941 3499 5004 οἰκέτας
3524 4939 3582 4991 δέ
3608 4938 3737 5001 τοὺς
3767 4952 3895 4990 συν-

2211 5041 2452 5107 δούλους,
2489 5039 2586 5094 καὶ
2617 5037 2774 5100 νέους
2809 5038 2935 5098 τοὺς
2983 5031 3253 5103 ὁμήλικας
3285 5027 3584 5100 λαμϐάνειν
3630 5025 3726 5080 καὶ
3760 5042 3892 5079 παι-

2212 5130 2386 5185 δεύειν
2419 5127 2515 5183 καὶ
2558 5125 2794 5195 ἐνάγειν.
2842 5119 2990 5195 τΛρα
3037 5119 3092 5173 εἴ
3114 5118 3197 5182 τίς
3233 5135 3315 5171 σοι
3345 5115 3600 5189 χρύσινον
3628 5114 3723 5168 ἕνα
3766 5112 3891 5168 καθ’

2212 5219 2442 5274 ἕκαστον
2475 5213 2855 5289 διορθούμενον
2881 5210 3167 5282 ἀνθρωπον
3193 5204 3582 5277 ἐπηγγείλατο,
3612 5203 3675 5255 οὐ
3708 5202 3893 5256 πᾶσαν

2215 5308 2281 5363 ἂν
2317 5306 2559 5379 ἐποιήσω
2594 5302 2848 5375 σπουδὴν,
2881 5300 2975 5354 καὶ
2992 5297 3313 5368 διημέρευες
3343 5290 3755 5379 προσεδρεύων,
3768 5290 3891 5379 πεί-

2215 5395 2344 5462 θων,
2378 5377 2742 5467 παρακαλῶν;
2785 5388 2898 5444 Νῦν
2931 5388 2988 5440 δέ
3016 5387 3116 5457 οὐχ
3146 5384 3244 5437 Eva
3272 5382 3547 5455 χρύσινον,
3576 5378 3698 5432 οὐδέ
3730 5377 3895 5467 δέκα,

2215 5482 2337 5538 οὐδὲ
2364 5465 2557 5549 εῐκοσι,
2585 5481 2682 5536 καὶ
2708 5477 2925 5539 ἑκατὸν,
2958 5475 3049 5530 καὶ
3078 5472 3304 5545 χιλίους,
3324 5469 3445 5525 οὐδέ
3478 5467 3583 5537 γῆν
3601 5465 3795 5536 ὁλόκλη
3803 5481 3900 5536 ρον

2220 5569 2564 5643 ὑπισχνεῖταί
2604 5586 2689 5623 σοι
2706 5569 2816 5623 τῶν
2848 5567 3024 5620 πόνων
3057 5561 3262 5617 τούτων
3295 5556 3576 5629 ἀμοιϐὴνό
3607 5556 3759 5619 Θεός·
3779 5551 3896 5607 ἀλλ’

2282 5778 2863 5846 άΔΙὶίπαραλύεταιξιαίι
2971 5841 3016 5846 __
3095 5837 3130 5846 -
3199 5835 3212 5846 .
3338 5839 3401 5846 ,.
3450 5828 3599 5846 mu-

2291 5848 2318 5874 "
2333 5828 2439 5919 ξίίἰ
2461 5828 3063 5920 ἀν’ττούτωνάναμνησθῆε.
3094 5835 3250 5886 Paulo
3294 5839 3408 5895 post
3449 5828 3601 5880 ﬁdem
3631 5828 3905 5891 καρποῦσαι

2217 5906 2306 5964 τήν
2327 5906 2633 5972 εὐφροσύνην.
