4068 6432
290 316 397 377 169

280 437 451 491 sentit
478 431 828 503 navigationis
866 433 1125 501 laborem.
1157 436 1430 492 lucrorum
1461 450 1555 506 spe
1573 436 1839 492 relevatus

284 539 341 583 et
370 528 515 597 pugil
540 542 800 596 generose
824 528 925 582 fert
950 529 1139 599 capitis
1158 529 1399 594 vulnera,
1429 543 1679 584 coronam
1699 531 1866 599 respi-

285 621 476 676 ciens:
507 621 576 676 ita
600 618 836 689 profecto
865 636 965 675 nos
990 635 1201 691 quoque
1242 620 1293 676 in
1324 620 1514 676 caelum
1536 630 1590 676 et
1627 621 1862 677 caelestia

283 714 632 769 intendentes
658 715 816 778 bona,
848 729 1197 785 quaecumque
1223 715 1520 770 inferantur
1545 717 1747 786 gravia,
1774 732 1868 787 ge-

284 821 481 861 nerose
505 813 693 861 cuneta
711 806 959 872 feremus,
991 807 1127 862 bona
1153 806 1450 861 futurorum
1477 820 1573 877 spe
1607 807 1865 862 roborati.

284 897 402 953 II'ac
430 898 606 967 itaque
629 908 843 966 accepta
869 899 1133 953 sententia
1160 898 1414 954 abeamus
1437 916 1450 952 :
1470 900 1713 969 quamvis
1726 915 1871 953 nam.

282 1003 393 1056 que
423 989 654 1056 simplex
684 1000 738 1042 et
760 989 937 1044 brevis
965 990 1072 1054 sit,
1104 990 1320 1044 multam
1349 999 1527 1045 tamen
1552 990 1711 1045 habet
1753 990 1869 1061 phi-

285 1077 550 1145 losophia:
588 1079 908 1133 doctrinam.
963 1080 1063 1145 Qui
1108 1080 1161 1134 in
1194 1080 1379 1134 dolore
1423 1091 1477 1135 et
1529 1081 1868 1136 tribulatione

284 1178 389 1230 est,
414 1167 661 1223 idoneam
690 1168 852 1224 habet
877 1168 1296 1223 consolationem
1321 1211 1335 1235 ,
1371 1170 1460 1240 qui
1505 1170 1557 1225 in
1584 1170 1788 1225 deliciis
1813 1178 1869 1227 et

286 1257 522 1323 luxuria,
554 1273 796 1327 magnam
836 1258 1220 1313 moderationis
1256 1260 1707 1315 exhortationem.
1733 1261 1866 1316 Cum

282 1348 429 1401 enim
456 1348 524 1401 ad
555 1363 791 1403 mensam
818 1349 1190 1417 discumbens,
1220 1350 1662 1420 sententimhujus
1681 1350 1870 1407 memi-

284 1441 433 1494 neris
460 1480 476 1504 ,
524 1440 699 1495 statim
745 1442 813 1497 ab
840 1442 1099 1497 ebrietate
1136 1443 1459 1512 crapulaque
1504 1444 1711 1500 resilies
1741 1485 1755 1507 ,
1786 1444 1868 1499 di-

286 1545 447 1584 scens
476 1546 541 1584 ex
571 1531 669 1585 hac
701 1532 989 1596 sententia,
1013 1532 1153 1602 quod
1191 1533 1378 1587 anxios
1410 1547 1508 1587 nos
1532 1548 1650 1588 esse
1669 1549 1865 1589 conve-

291 1620 428 1680 niat.
456 1633 511 1674 et
540 1621 675 1675 intra
704 1622 929 1692 teipsum
960 1622 1109 1677 dices
1156 1640 1171 1677 :
1221 1622 1415 1678 Paulus
1463 1623 1518 1679 in
1563 1624 1789 1680 vinculis
1814 1634 1869 1679 et

287 1714 597 1768 carceribus
618 1754 634 1779 ,
666 1729 766 1784 ego
790 1730 918 1770 vero
940 1714 993 1769 in
1021 1715 1279 1771 ebrietate
1304 1725 1359 1771 et
1401 1716 1543 1770 lauta
1568 1732 1751 1771 mensa
1776 1734 1791 1771 :
1815 1726 1868 1771 et

287 1819 446 1873 quam
477 1819 732 1875 assequar
759 1806 1004 1860 veniam?
1029 1806 1143 1862 Hoc
1164 1816 1220 1862 et
1246 1808 1298 1862 in
1340 1808 1654 1863 mulieribus
1674 1824 1868 1878 oppor-

289 1902 480 1950 tunum
530 1895 752 1950 dictum.
799 1896 1109 1952 Ambitiosa:
1151 1898 1293 1953 enim
1336 1907 1391 1953 et
1431 1907 1778 1968 sumptuosa,
1814 1907 1869 1954 et

287 2003 421 2041 auro
449 1988 682 2058 undique
709 2004 768 2043 se
794 1989 1223 2060 circumligantes
1251 1999 1454 2046 catena).
1502 1990 1660 2061 hujus
1701 1991 1863 2047 remi-

288 2079 557 2134 niscentes
573 2079 694 2133 odio
719 2078 1005 2144 habebunt,
1030 2090 1087 2135 ut
1107 2081 1375 2150 existimo,
1399 2092 1452 2137 et
1477 2081 1867 2137 abominabun-

290 2183 377 2226 tur
425 2181 673 2227 ornatum
722 2173 890 2238 illum,
945 2184 998 2229 et
1028 2175 1095 2229 ad
1124 2176 1238 2230 haec
1266 2176 1474 2230 vincula
1505 2187 1741 2231 current.
1777 2177 1867 2231 Illa

289 2276 517 2331 namque
556 2271 867 2316 ornamenta
915 2263 1211 2318 multorum
1243 2280 1420 2320 eausm
1447 2267 1711 2323 malorum
1754 2267 1868 2323 fue-

295 2362 437 2419 runt,
466 2361 522 2408 et
547 2348 820 2409 innumera
852 2355 989 2409 bella
1015 2355 1154 2410 intra
1174 2356 1387 2412 domum
1418 2368 1801 2415 contraxerunt
1826 2362 1867 2427 ’,

290 2452 345 2500 et
372 2444 573 2499 livores
601 2456 923 2515 pepererunt
949 2456 1003 2501 et
1029 2448 1253 2502 invidias
1272 2459 1327 2504 et
1350 2450 1530 2503 odium
1556 2466 1574 2518 ;
1603 2451 1721 2508 haec
1739 2466 1870 2507 vero

291 2547 512 2607 peccata
540 2536 723 2592 mundi
748 2538 1044 2604 solverunt,
1075 2548 1129 2594 et
1158 2547 1463 2595 terruerunt
1490 2539 1786 2608 daemonas,
1815 2553 1870 2599 et

288 2627 561 2681 diabolum
618 2628 950 2698 fugaverunt.
991 2630 1124 2684 Dum
1173 2631 1254 2685 his
1298 2631 1350 2684 in
1405 2644 1625 2689 carcere
1670 2633 1871 2703 degens

288 2716 494 2772 custodi
526 2721 805 2787 persuasit,
849 2734 969 2773 cum
1012 2719 1097 2775 his
1126 2720 1414 2791 Agrippam
1458 2726 1700 2792 attraxit,
1748 2739 1870 2779 cum

291 2810 374 2863 his
416 2810 616 2863 multos
664 2810 861 2865 Paulus
903 2810 1193 2881 discipulos
1237 2811 1542 2881 acquisivit,
1588 2824 1873 2885 propterea

300 2896 515 2951 dicebat
534 2913 547 2949 :
567 2894 632 2950 In
646 2914 748 2967 quo
759 2900 894 2952 male
911 2900 1087 2969 patior
1105 2917 1267 2971 usque
1283 2907 1351 2954 ad
1366 2902 1596 2968 vincula,
1618 2914 1871 2972 tanquam

301 2989 635 3059 malefactor,
661 2990 752 3045 sed
768 2990 863 3045 Dei
887 2991 1098 3045 verbum
1132 3008 1233 3045 non
1261 3003 1339 3047 est
1362 2994 1589 3047 vinctum
1621 2995 1695 3065 t2.
1730 2994 1867 3048 Tim.

302 3080 362 3148 2,
382 3082 459 3151 9).
506 3080 659 3137 Sicut
686 3082 831 3137 enim
867 3083 1078 3138 radium
1106 3084 1310 3140 vincire
1343 3086 1599 3155 possibile
1630 3102 1739 3141 non
1764 3096 1869 3155 est,

303 3189 405 3230 nec
432 3174 576 3229 domi
608 3176 933 3232 concludere
964 3196 977 3232 :
1008 3179 1088 3233 sic
1123 3192 1299 3248 neque
1322 3178 1722 3248 prardicationis
1749 3195 1872 3234 ver-

302 3266 455 3322 bum.
483 3266 547 3321 Et
564 3270 707 3338 quod
732 3269 899 3322 multo
922 3270 1154 3339 amplius
1166 3281 1271 3335 est,
1295 3272 1485 3327 doctor
1502 3272 1719 3327 vinetus
1733 3282 1871 3334 erat,

300 3370 359 3413 et
382 3360 606 3414 verbum
639 3361 858 3415 volabat
890 3380 903 3414 :
937 3362 1026 3416 ille
1054 3378 1328 3419 carcerem
1358 3365 1671 3427 habitabat;
1699 3374 1752 3421 et
1780 3366 1877 3419 do-

301 3451 480 3506 ctrina
508 3453 649 3507 alata
679 3454 882 3523 passim
916 3453 970 3508 in
1006 3456 1137 3510 orbe
1168 3465 1434 3510 terrarum
1461 3458 1731 3511 currebat.

373 3541 428 3596 6.
456 3541 680 3597 Horalis
695 3545 994 3598 exhortatio
1010 3546 1078 3598 ad
1095 3548 1534 3602 emendationem.
1549 3578 1623 3588 —
1641 3546 1764 3603 Haec
1784 3548 1879 3621 igi-

302 3644 394 3691 tur
421 3637 677 3701 scientes,
700 3653 769 3691 ne
789 3639 1210 3694 succumbamus
1231 3642 1285 3695 in
1314 3642 1476 3696 rebus
1495 3643 1757 3707 adversis,
1782 3642 1877 3697 sed

303 3726 488 3794 potius
523 3735 653 3781 tunc
695 3728 1029 3797 potentiores
1057 3729 1377 3795 eﬂiciamur,
1406 3737 1537 3785 tunc
1576 3729 1829 3786 fortiores
1861 3748 1876 3785 :

308 3818 608 3873 Tribulatia
629 3822 771 3874 enim
797 3822 1109 3890 patientiam
1133 3830 1383 3891 operatur
1406 3820 1580 3892 (Rom.
1607 3822 1660 3876 5.
1694 3820 1771 3892 3).
1801 3818 1879 3876 Ne

302 3908 588 3965 doleamus
624 3910 679 3965 in
718 3911 1121 3967 calamitatibus
1162 3928 1284 3981 quas
1317 3912 1656 3975 inferuntur,
1696 3912 1788 3967 sed
1821 3912 1878 3967 in

300 3998 561 4054 omnibus
577 3998 688 4055 Deo
707 4002 907 4070 gratias
926 4017 1172 4073 agamus.
1192 4001 1696 4072 Secundamjejunii
1713 4003 1881 4072 septi-

303 4105 520 4146 mnam
534 4092 931 4161 cxpedivimus,
950 4092 1043 4148 sed
1063 4108 1169 4147 non
1190 4094 1291 4147 hoc
1307 4093 1716 4147 consideremus
1735 4109 1747 4144 :
1769 4107 1877 4147 non

300 4180 448 4235 enim
468 4181 571 4235 hoc
591 4190 673 4236 est
688 4181 1028 4251 expedit-isse
1041 4182 1336 4252 jejunium,
1356 4182 1403 4237 si
1422 4190 1636 4252 tempus
1655 4193 1878 4251 praeter-

304 4273 553 4341 ierimus,
584 4275 676 4329 sed
700 4275 746 4329 si
774 4276 1199 4344 transegerimus
1227 4290 1350 4329 cum
1380 4283 1525 4330 recte
1550 4274 1726 4331 factis.
1760 4274 1876 4331 Hoc

301 4370 590 4424 nobiscum
622 4376 953 4436 reputemus,
982 4368 1026 4423 si
1054 4367 1410 4421 studiosiores
1436 4366 1562 4422 facti
1590 4383 1802 4428 sumus,
1824 4367 1872 4422 si

302 4457 565 4513 defectum
609 4458 835 4527 aliquem
883 4466 1122 4512 nostrum
1162 4455 1513 4518 correximus,
1546 4456 1590 4510 si
1616 4455 1881 4510 abluimus

301 4547 543 4601 crimina.
576 4547 1020 4602 Consuetudinem
1041 4562 1228 4602 omnes
1254 4545 1450 4600 habent
1478 4560 1572 4615 per
1598 4545 1895 4615 quadrage-

302 4639 492 4693 simam
517 4638 895 4709 interrogandi,
918 4648 1044 4708 quot
1065 4640 1287 4709 quisque
1308 4638 1629 4707 septimanas
1652 4636 1879 4707 quadra-

300 4727 519 4798 gcsima:
542 4728 801 4798 jejunavit
834 4745 847 4782 :
876 4737 930 4783 et
964 4727 1202 4783 dicentes
1241 4728 1424 4783 audire
1464 4728 1606 4794 licet,
1636 4726 1734 4781 hos
1762 4727 1879 4796 qui-

301 4817 425 4871 dem
450 4818 590 4888 quod
617 4818 769 4883 duas,
802 4818 899 4872 hos
924 4833 1051 4873 vero
1074 4819 1211 4888 quod
1240 4828 1368 4885 tres,
1396 4819 1513 4872 illos
1536 4829 1715 4873 autem
1735 4818 1879 4886 quod

301 4921 492 4961 omnes
523 4907 888 4978 jejunaverint‘
913 4907 1255 4976 scptimanas.
1306 4908 1375 4963 Et
1403 4908 1544 4979 quod
1575 4909 1802 4977 lucrum,
1834 4910 1879 4964 si

302 5005 452 5051 recte
476 4995 626 5053 factis
644 5006 909 5066 carentes,
925 4983 1193 5068 jejunium.
1208 5000 1647 5070 transegerimus?
1673 5000 1728 5056 Si
1746 5001 1880 5054 alius

304 5085 468 5153 dicat,
498 5088 687 5144 Totam
713 5089 947 5159 jejunavi
968 5089 1455 5161 Quadragesimam,
1487 5100 1541 5146 tu
1566 5092 1671 5160 die,
1706 5092 1886 5147 Inimi-

300 5195 425 5235 cum
470 5178 752 5245 habebam,
785 5190 838 5236 et
874 5181 1186 5236 conciliatus
1223 5197 1340 5237 sum
1369 5200 1383 5237 :
1415 5183 1675 5240 habebam
1707 5185 1884 5240 detra-

301 5269 466 5325 hendi
490 5270 947 5337 consuetudinem,
968 5281 1023 5327 et
1046 5272 1220 5327 destiti
1247 5291 1260 5325 :
1280 5273 1491 5342 jurandi
1514 5274 1736 5331 tenebar
1760 5290 1877 5341 usu,

301 5369 359 5414 et
383 5374 499 5414 mos
523 5361 796 5432 improbus
824 5362 951 5417 mihi
981 5374 1256 5418 correctus
1284 5372 1387 5420 est.
1434 5364 1586 5420 Nulla
1615 5377 1881 5422 mercato-

302 5452 453 5507 ribus
478 5452 698 5516 utilitas,
720 5453 767 5507 si
794 5468 1037 5524 magnam
1064 5454 1226 5510 maris
1250 5454 1635 5526 longitudinem
1663 5472 1881 5527 percur-

303 5542 491 5609 rerint,
521 5543 617 5599 sed
642 5543 687 5598 si
713 5557 834 5599 cum
862 5561 1038 5600 rerum
1065 5547 1216 5616 copia
1251 5556 1307 5602 et
1344 5547 1511 5603 multo
1534 5550 1883 5605 mercimonio

304 5633 672 5703 navigaverint
703 5651 716 5686 :
745 5634 890 5689 nulla
930 5635 1119 5706 jejuuii
1170 5638 1323 5695 nobis
1370 5637 1588 5704 utilitas,
1623 5639 1669 5693 si
1711 5638 1881 5694 infru-

370 5726 385 5755 ¹
424 5723 526 5783 alii,
544 5721 594 5775 in
617 5726 814 5774 dmum
833 5724 1149 5778 induxerunt.

550 5828 553 5831 λ
611 5808 880 5870 Panos.
928 5811 1044 5873 Gn.
1087 5812 1312 5877 XLIX.
1374 5806 1377 5807 ν

1214 321 1307 379 AD
1332 318 1652 381 POPULUM
1690 318 2177 381 ANTIOCIIENIIM
2223 321 2451 383 HOMIL.
2499 322 2636 385 XVI.

3460 327 3562 387 I70

1974 445 2159 491 ctuosc
2179 436 2351 506 ipsum
2378 453 2587 509 tempus
2606 450 2657 495 et
2683 447 2882 496 temere
2910 448 3309 511 prmtereamus.
3334 443 3389 499 Si
3410 446 3549 498 cibo-

1972 542 2092 580 rum
2116 526 2377 590 jrjunium
2399 529 2721 597 jejunemus,
2756 531 3036 599 praeteritis
3066 530 3413 602 quadraginta
3439 534 3555 590 die-

1970 617 2071 672 bus
2101 631 2336 685 pnetertt
2366 629 2419 673 et
2439 619 2731 689 jejunium;
2771 621 2814 676 si
2850 636 2980 676 vero
3017 622 3254 692 peccatis
3292 622 3559 681 abstinea-

1974 724 2094 764 mus
2115 752 2130 775 ,
2161 720 2216 764 et
2248 719 2515 765 transacto
2541 711 2746 780 jejunio
2775 713 2902 767 illud
2936 723 3193 780 remanet,
3225 722 3281 769 et
3306 715 3560 770 continua

1972 801 2075 855 erit
2114 800 2238 855 hinc
2280 800 2434 855 nobis
2475 802 2698 867 utilitas,
2724 811 2881 871 atque
2906 812 3029 857 ante
3054 819 3272 873 regnum
3297 805 3555 860 ett-lorum

1972 907 2079 946 non
2105 906 2294 962 parvas
2320 892 2474 946 nobis
2499 892 2585 947 hic
2607 892 2790 947 reddet
2812 893 3209 949 retributiones.
3242 895 3392 949 Sicut
3411 896 3555 950 enim

1973 985 2064 1054 qui
2093 985 2143 1037 in
2175 984 2407 1054 nequitia
2432 985 2579 1049 vivit,
2608 992 2663 1039 et
2689 993 2813 1039 ante
2835 985 3132 1054 gehennam
3159 987 3394 1054 punitur,
3425 1001 3556 1041 eon-

1973 1076 2196 1131 scientia
2224 1077 2526 1131 stimulatus
2556 1094 2569 1130 :
2608 1076 2686 1131 sic
2714 1077 2802 1145 qui
2833 1077 3036 1131 meritis
3073 1077 3309 1132 abundat
3348 1088 3403 1132 et
3436 1088 3560 1133 ante

1972 1185 2196 1239 regnum
2239 1185 2427 1240 magna
2458 1170 2662 1225 fruetur
2688 1169 2867 1223 laetitia
2887 1211 2900 1232 ,
2930 1186 2989 1224 se
3019 1170 3156 1224 bona
3190 1186 3284 1240 spe
3311 1185 3556 1240 pascens.

1974 1258 2175 1315 Idcirco
2200 1259 2444 1315 Christus
2474 1260 2643 1330 inquit
2673 1279 2685 1313 :
2718 1259 2913 1313 lterum
2943 1260 3114 1314 videbo
3144 1276 3249 1325 uos,
3286 1270 3331 1314 et
3368 1262 3560 1330 gaude-

1973 1350 2107 1417 bitis,
2140 1361 2187 1406 et
2212 1352 2450 1423 gaudium
2477 1361 2692 1407 vestrum
2721 1367 2864 1405 nemo
2886 1352 3023 1405 tollet
3051 1368 3082 1404 a
3106 1352 3241 1406 vobis
3271 1349 3446 1424 (Joan.
3467 1352 3556 1406 ω.

1972 1444 2085 1517 22).
2119 1444 2288 1499 Breve
2313 1444 2556 1511 verbum,
2575 1443 2667 1498 sed
2691 1444 2913 1497 multam
2935 1443 3094 1499 habet
3117 1444 3556 1499 consolationem.

1972 1535 2235 1603 Quidnam
2280 1534 2494 1589 tandem
2534 1543 2651 1601 est,
2685 1533 2853 1588 Nemo
2878 1534 3116 1604 gaudium
3145 1544 3361 1588 vestrum
3387 1533 3561 1588 tollet!

1974 1626 2235 1681 Pecunias
2261 1625 2307 1680 si
2336 1624 2550 1691 habeas,
2589 1624 2740 1678 multi
2779 1632 2925 1678 tuum
2963 1640 3027 1677 ex
3073 1624 3273 1678 divitiis
3308 1624 3558 1694 gaudium

1971 1715 2184 1771 auferre
2206 1724 2450 1785 possunt,
2480 1725 2534 1771 et
2559 1714 2642 1769 fur
2662 1715 2915 1784 parietem
2945 1714 3263 1783 perfodiens,
3289 1723 3343 1769 et
3360 1714 3561 1768 credita

1971 1805 2274 1873 subripiens
2299 1820 2507 1872 servus,
2537 1813 2591 1860 et
2612 1804 2908 1875 Imperator
2928 1806 2978 1858 in
3003 1804 3187 1858 fiscum
3216 1804 3481 1874 redigens,
3507 1813 3561 1860 et

1972 1897 2181 1952 invidus
2206 1896 2367 1951 homo
2392 1897 2743 1952 calumnians.
2769 1897 2825 1953 Si
2856 1898 3143 1967 potentiam
3166 1897 3385 1962 habeas,
3409 1898 3559 1953 multi

1973 1996 2197 2058 possunt
2217 1997 2366 2043 tuum
2387 2004 2452 2043 ex
2478 1987 2578 2044 hoc
2597 1988 2847 2059 gaudium
2872 1990 3074 2044 tollere.
3101 1989 3229 2043 Cum
3252 1990 3392 2044 enim
3416 1989 3561 2059 prin-

1972 2080 2177 2148 cipatus
2223 2080 2447 2144 finierit,
2482 2079 2724 2148 voluptas
2768 2094 2978 2148 quoque
3019 2079 3164 2133 finiet
3194 2096 3209 2132 :
3238 2080 3363 2148 quin
3406 2087 3461 2133 et
3507 2080 3558 2132 in

1972 2170 2088 2240 ipso
2129 2171 2429 2240 principatu
2476 2170 2657 2224 multm
2703 2185 2791 2225 res
2837 2170 3175 2237 accidentes,
3219 2169 3560 2225 difficultates

1974 2260 2233 2316 habentes
2257 2270 2309 2315 ct
2334 2275 2521 2326 curas,
2547 2260 2784 2315 laetitiam
2817 2268 2957 2313 tuam
2989 2260 3306 2315 diminuunt.
3355 2262 3410 2316 Si
3439 2276 3559 2316 core

1975 2354 2121 2422 poris
2167 2354 2330 2407 robur
2376 2351 2592 2417 habeas,
2634 2352 2852 2406 morbus
2897 2352 3279 2421 superveniens
3320 2352 3562 2407 dissolvit

1973 2445 2099 2500 inde
2123 2454 2291 2499 ortam
2318 2445 2557 2499 laetitiam
2581 2461 2595 2498 :
2615 2444 2660 2498 si
2686 2443 3126 2512 pulchritudinem
3149 2444 3342 2498 habeas
3362 2453 3412 2500 et
3433 2461 3557 2514 spe-

1975 2537 2145 2605 ciem,
2187 2548 2434 2593 senectus
2474 2538 2856 2607 superveniens
2902 2538 3166 2603 labefecit,
3217 2548 3269 2594 et
3309 2539 3559 2610 gaudium

1974 2630 2231 2685 abstulit:
2260 2631 2303 2686 si
2343 2646 2527 2686 mensa
2569 2631 2761 2687 fruaris
2799 2632 2939 2688 lauta
2961 2674 2977 2700 ,
3005 2648 3227 2703 vespere
3267 2641 3562 2703 occupante

1976 2724 2150 2779 soluta
2169 2732 2251 2778 est
2267 2724 2493 2779 convivii
2516 2724 2715 2779 lmtitia.
2742 2724 2939 2780 Rerum
2963 2727 3104 2781 enim
3132 2726 3384 2797 quaelibet
3409 2742 3563 2781 mun-

1975 2812 2234 2868 danarum
2275 2813 2508 2869 infestari
2552 2813 2706 2870 facile
2748 2823 2945 2884 potest,
2980 2831 3078 2871 nec
3118 2818 3359 2872 stabilem
3407 2818 3563 2873 nobis

1976 2905 2301 2973 voluptatem
2323 2903 2493 2970 affert,
2518 2905 2684 2973 pietas
2706 2914 2882 2961 autem
2907 2916 2959 2962 et
2978 2907 3140 2961 animi
3162 2908 3330 2962 virtus
3356 2918 3560 2963 contra.

1976 2993 2382 3066 Eleemosynam
2414 2996 2456 3049 si
2486 2995 2707 3062 feceris,
2740 2998 2988 3053 meritum
3015 2997 3227 3054 auferre
3254 3008 3430 3070 potest
3462 3015 3563 3054 nc-

1977 3100 2068 3141 mo
2100 3102 2114 3138 :
2147 3085 2258 3140 sive
2280 3085 2567 3151 exercitus,
2586 3086 2699 3142 sive
2727 3102 2901 3157 reges,
2924 3088 3038 3143 sive
3058 3089 3247 3142 infiniti
3274 3089 3565 3144 calumnia-

1980 3183 2124 3231 tores
2145 3186 2199 3231 et
2227 3175 2559 3231 insidiatores
2589 3177 2787 3231 instent
2807 3177 3058 3247 undique,
3087 3179 3137 3232 in
3175 3179 3320 3234 curiis
3352 3180 3562 3250 reposi-

1981 3275 2088 3321 tam
2122 3267 2513 3337 possessionem
2539 3266 2750 3324 auferre
2788 3283 2893 3323 non
2931 3280 3171 3336 possunt,
3205 3270 3299 3325 sed
3330 3254 3564 3339 perenne

1981 3366 2257 3428 permanet
2280 3357 2551 3427 gaudium.
2594 3357 2842 3428 Dispersi!
2868 3359 3031 3421 enim,
3059 3359 3246 3429 inquit,
3270 3360 3405 3412 dedit
3433 3377 3565 3432 pau-

1983 3447 2204 3517 peribus,
2228 3448 2425 3517 iustitia
2448 3448 2560 3520 ejus
2585 3456 2750 3503 manet
2777 3449 2831 3502 in
2857 3450 3099 3503 secutum
3129 3448 3301 3522 (Psal.
3331 3450 3455 3506 Ill.
3484 3451 3559 3522 9).

1981 3537 2094 3594 Nec
2134 3539 2399 3593 immerito
2431 3557 2444 3592 :
2477 3538 2530 3593 in
2569 3538 2822 3594 crelorum
2867 3540 3009 3595 enim
3062 3541 3292 3596 cellariis
3334 3543 3567 3612 reposita

1982 3638 2138 3693 Sunt,
2164 3629 2252 3683 ubi
2282 3629 2366 3683 fur
2392 3644 2500 3684 non
2527 3630 2776 3699 perfodit,
2810 3630 2947 3686 latro
2974 3646 3077 3685 non
3108 3633 3260 3696 tollit,
3294 3634 3431 3690 tinea
3458 3649 3563 3688 non

1982 3720 2251 3775 consumit
2274 3719 2487 3787 (Matth.
2516 3720 2568 3775 6.
2598 3720 2715 3791 20).
2761 3722 2814 3777 Si
2848 3736 3034 3791 preces
3059 3722 3260 3779 fuderis
3285 3726 3567 3781 continuas

1982 3820 2037 3866 et
2064 3812 2312 3874 intentas,
2335 3826 2520 3866 carum
2553 3810 2780 3866 fructum
2802 3811 3015 3867 auferre
3043 3814 3235 3882 poterit
3261 3829 3418 3870 nemo
3442 3831 3457 3868 :
3482 3816 3568 3869 hic

1983 3903 2178 3958 etenim
2199 3901 2401 3957 fructus
2424 3903 2475 3955 in
2498 3902 2631 3956 cazlo
2652 3902 2917 3956 radicatus
2938 3912 3040 3969 est,
3054 3903 3121 3958 ab
3139 3904 3282 3958 omni
3303 3905 3566 3959 calumnia

1983 3994 2141 4060 liber,
2167 4004 2222 4047 et
2254 4009 2569 4062 permanens
2610 3994 3053 4065 inexpugnabilis.
3100 3994 3154 4049 Si
3197 3996 3333 4049 male
3381 4011 3568 4065 passus

1983 4087 2338 4151 benefcceris,
2373 4087 2416 4140 si
2443 4086 2739 4141 maledictis
2768 4087 3043 4142 lacessitus
3072 4088 3333 4156 patienter
3357 4089 3563 4152 tuleris.

1984 4178 2030 4232 si
2055 4177 2307 4232 conviciis
2346 4178 2564 4232 affectus
2606 4177 2940 4232 benedixeris
2970 4195 2983 4230 :
3018 4177 3132 4233 haec
3156 4179 3345 4234 merita
3370 4194 3564 4249 perpe‘

1987 4279 2077 4326 tuo
2105 4279 2320 4325 manent
2339 4313 2354 4337 ,
2386 4278 2441 4325 et
2469 4281 2639 4325 ortam
2672 4287 2736 4325 ex
2762 4271 2844 4325 his
2872 4270 3111 4325 lmtitiam
3138 4271 3344 4326 auferet
3368 4288 3530 4328 nemo
3554 4316 3564 4338 ,

1985 4360 2080 4415 sed
2101 4362 2537 4430 quotiescumque
2568 4360 2799 4429 ipsorum
2827 4361 3136 4415 recordatus
3161 4360 3345 4424 fueris,
3368 4363 3569 4434 gaudes

1986 4461 2041 4508 et
2066 4451 2265 4506 lmtaris
2293 4459 2346 4504 et
2370 4451 2533 4505 multa
2565 4451 2758 4506 frueris
2786 4452 3070 4522 voluptate.
3121 4453 3212 4509 Sic
3256 4456 3492 4524 profecto
3521 4466 3567 4511 cI

1987 4543 2168 4611 fugere
2208 4541 2572 4612 juramentum
2613 4542 2658 4597 si
2702 4544 3114 4612 przevaleamns,
3148 4556 3202 4600 et
3230 4545 3296 4600 ab
3321 4545 3421 4601 hac
3444 4562 3576 4601 con:

1989 4632 2266 4688 suetudine
2294 4633 2592 4702 perniciosa
2619 4633 2887 4689 abstinere
2917 4635 3108 4705 lingua:
3136 4646 3334 4691 nostra:
3357 4636 3573 4691 studea-

1988 4737 2107 4776 nms
2131 4764 2148 4790 ,
2189 4723 2363 4777 meriti
2393 4723 2605 4793 quidem
2655 4723 2805 4778 labor
2843 4724 2990 4780 brevi
3033 4726 3355 4792 absolvetur,
3391 4727 3574 4781 histilia

1992 4829 2121 4869 vero
2146 4814 2321 4868 meriti
2348 4813 2548 4884 jugiter
2574 4815 2676 4869 erit
2700 4824 2754 4869 et
2778 4813 3156 4870 indesinenter.
3188 4815 3450 4868 Cmterum
3478 4830 3576 4869 vos

1991 4913 2045 4960 et
2071 4904 2294 4959 aliorum
2327 4913 2682 4974 praeceptores
2703 4918 2823 4958 esse
2848 4913 3059 4974 oportet
3078 4913 3131 4958 et
3151 4904 3333 4971 duces,
3362 4911 3417 4958 et
3441 4904 3575 4957 ami-

1990 5008 2083 5049 cos
2104 4995 2350 5066 proximi,
2371 5010 2556 5050 servos
2575 5004 2752 5050 autem
2772 4996 3033 5061 conservi,
3058 4995 3347 5064 etjuvenes
3363 5010 3575 5050 coazvos

1989 5086 2279 5155 suscipere,
2300 5085 2577 5140 instituere
2601 5094 2654 5140 et
2681 5084 2929 5139 inducere
2950 5070 3162 5140 debent.
3191 5084 3378 5142 Nonne
3394 5086 3439 5140 si
3459 5087 3579 5157 quis

1993 5177 2085 5230 tibi
2119 5193 2338 5232 aureum
2382 5192 2545 5231 unum
2588 5192 2685 5247 pro
2728 5177 2949 5248 singulis
2991 5179 3291 5234 hominibus
3321 5182 3578 5236 correctis

1992 5267 2346 5336 promisisset,
2388 5281 2547 5323 omne
2588 5267 2819 5322 studium
2860 5267 3218 5335 adhibuisses,
3250 5281 3305 5327 et
3330 5272 3578 5327 assiduus

1996 5357 2295 5412 adstitisses
2325 5358 2652 5428 persuadens
2693 5367 2747 5413 et
2778 5358 3107 5414 exhortans?
3148 5361 3298 5416 Nunc
3319 5377 3447 5415 vero
3469 5375 3576 5414 non

1992 5464 2214 5503 aureum
2241 5465 2427 5515 unum,
2457 5465 2630 5520 neque
2663 5449 2877 5515 decem,
2907 5468 3077 5524 neque
3105 5454 3312 5522 viginti,
3344 5453 3424 5507 vel
3450 5466 3574 5506 cen-

1994 5548 2129 5603 tum,
2156 5539 2242 5593 vel
2263 5540 2430 5606 millc,
2454 5555 2631 5611 neque
2659 5550 2821 5596 totam
2851 5542 2992 5597 Deus
3018 5553 3212 5597 terram
3236 5544 3329 5597 tibi
3356 5541 3574 5611 pollicea

1994 5640 2082 5686 tur
2112 5630 2164 5684 iu
2188 5629 2386 5685 horum
2414 5629 2656 5686 laborum
2686 5631 3092 5687 retributionem
3116 5671 3132 5698 ,
3164 5631 3258 5687 sed
3283 5632 3421 5702 quod
3446 5630 3578 5683 orbe

1994 5731 2108 5778 toto
2149 5723 2322 5793 majus
2360 5732 2460 5784 est.
2505 5723 2605 5779 hoc
2645 5725 2738 5778 tibi
2780 5725 3001 5794 prmbet,
3033 5725 3290 5780 crelorum'
3312 5740 3535 5796 regnum
3568 5739 3584 5775 :

3132 5819 3197 5876 II
