4068 6476
357 336 460 393 175

351 555 522 608 μενοι·
546 539 641 593 ml
666 534 733 610 ἦν
760 540 887 593 ἰδεῖν
909 539 1005 610 τὴν
1027 538 1180 592 πόλιν
1209 538 1452 592 ἐοικυῖαν
1480 535 1698 608 οὐρανῷ
1723 535 1867 599 τότε,
1904 551 2033 587 παν-

345 628 514 697 ταχοῦ
547 627 657 681 τῶν
674 627 844 695 ἀγίων
868 625 1093 681 ἐκείνων
1119 624 1484 695 φαινομένων,
1505 624 1599 678 ml
1614 624 1721 678 ἀπὸ
1742 623 1836 694 τῆς
1858 621 2034 692 ὅψεως

352 715 513 783 μόνον
542 714 1007 786 παρακαλούντων
1023 714 1150 778 τοὺς
1171 712 1562 783 ὀδυνωμένους,
1579 712 1673 766 καὶ
1690 711 1827 783 πρὸς
1855 712 2033 764 πᾶσαν

1131 337 1190 391 S.
1226 334 1512 391 JOANNIS
1547 332 2039 390 CHRYSOSTOMI
2074 330 2396 390 ARCIIIEP.
2439 334 2985 392 CONSTANTINOP.

260 452 265 457 ”
348 451 641 525 ἐῤῥευσαν,
675 450 927 524 καθάπερ
960 452 1020 517 ἐξ
1040 451 1270 522 οὐρανοῦ
1300 467 1441 514 τινες
1477 449 1700 519 ἄγγελοι
1723 447 2033 520 παραγενό-

3723 343 3835 400 1ῗὶ

2143 446 2328 504 ἕνεκεν
2342 451 2519 505 πάντα
2538 452 2816 515 ποιοῦντες
2832 469 2845 517 ;
2861 452 3069 513 Πάντες
3091 460 3192 505 κατ
3202 452 3384 506 ἔλιπον
3402 453 3521 507 τότε
3537 455 3641 527 τὴν
3659 457 3858 529 πόλιν,

2144 537 2342 603 πάντες
2363 539 2745 612 ἀπεπήδησαν,
2772 542 2853 603 εἰς
2868 540 2939 595 τά
2963 540 3205 611 σπήλαια
3232 541 3656 613 κατεκρύϐησαν
3671 545 3729 611 1³,
3754 548 3861 618 μό-

2141 642 2221 679 νοι
2241 625 2301 680 δὲ
2322 627 2371 679 οί
2401 626 2489 682 διὰ
2519 628 2627 682 τῶν
2652 628 2828 699 ἔργων
2848 627 3063 699 ἀληθῶς
3081 627 3181 697 τὴν
3205 629 3527 698 φιλοσοφίαν
3543 632 3864 690 ἐπιδεικνύ-

2147 731 2321 784 μενοι,
2352 715 2605 788 καθάπερ
2650 717 2865 780 οὐδενος
2900 714 3075 769 δεινοῦ
3097 715 3195 786 τὴν
3240 716 3397 770 πόλιν
3424 719 3859 792 κατειληφότος,

349 800 649 871 ὑπεροψίαν
691 802 979 870 συμφορᾶς
1031 800 1295 870 ἀγόντων.
1326 799 1423 864 Τίς
1473 800 1583 870 γὰρ
1633 798 1755 852 ἰδὼν
1793 798 2036 861 ἐκείνους
2058 823 2089 855 ρ·
2145 802 2320 867 οὑτως
2350 804 2526 869 ἀδεῶς
2553 804 2645 859 ἐπὶ
2665 805 2767 875 τῆς
2799 805 3009 875 ἀγορᾶς
3042 804 3344 875 ἐφάνησαν.
3391 805 3504 859 Kal
3525 808 3577 860 οί
3612 809 3720 878 μὲν
3747 809 3859 876 τὰς

349 888 450 940 οὐκ
470 887 536 941 ἂν
572 888 909 956 κατεγέλασε
950 888 1220 955 θανάτους
1247 889 1347 942 οὐκ
1371 888 1436 942 ἂν
1467 887 1718 959 ὑπερεῖδε
1747 884 1925 957 ζωῆςς
1960 887 2032 939 Ού

350 974 510 1028 τοῦτο
540 975 597 1029 δὲ
628 976 789 1046 μόνον
813 971 880 1048 ἦν
904 975 967 1029 τὸ
1009 976 1344 1047 θαυμαστὸν,
1376 975 1492 1030 ἀλλ’
1532 977 1615 1030 ὅτι
1654 975 1749 1030 καὶ
1783 977 1897 1038 τοῖς
1936 973 2038 1046 ἄρ-

351 1080 539 1134 χουσιν
571 1063 756 1127 αὐτοῖς
799 1064 1188 1137 προσελθόντες
1229 1065 1367 1137 μετά
1411 1063 1727 1136 παρρησίας
1760 1060 2039 1133 διελέχθη-

354 1169 453 1206 σαν
481 1152 624 1224 ὑπέρ
653 1152 761 1206 τῶν
790 1153 1132 1218 ὑπευθύνων,
1164 1154 1261 1208 καὶ
1296 1153 1357 1208 τὺ
1384 1149 1526 1225 αἷμα
1555 1151 2041 1224 παρεσκευάσαντο

351 1240 553 1301 πάντες
591 1241 796 1311 ἐκχεῖν,
826 1242 919 1295 ml
959 1241 1062 1306 τὰς
1106 1242 1350 1312 κεφαλάς
1380 1240 1702 1304 ἀποθέσθαι,
1743 1239 1885 1293 ὥστε
1915 1240 2044 1303 τοὺς

353 1327 582 1407 ἁλόντας
612 1328 722 1382 τῶν
738 1329 1209 1402 προσδοκωμένων
1249 1331 1557 1402 ἐξαρπάσαι
1578 1329 1789 1392 δεινῶν,
1821 1328 1915 1383 ml
1942 1329 2045 1381 οὑκ

353 1415 564 1486 ἔφησαν
597 1417 1005 1489 ἀποστήσεσθαι
1043 1418 1329 1491 πρότερον,
1362 1419 1466 1483 ἓως
1488 1417 1555 1472 ἂν
1580 1417 1613 1489 ἢ
1639 1414 2043 1487 φείσωνταιτοῦ

352 1505 527 1576 δήμου
563 1504 664 1575 τῆς
684 1505 894 1571 πόλεως
915 1510 962 1560 οἱ
982 1506 1319 1573 δικάζοντες,
1346 1507 1553 1579 ἢκοινῇ
1588 1508 1727 1579 μετὰ
1755 1508 1862 1560 τῶν
1887 1508 2048 1559 ὑπευο

355 1594 535 1650 θύνων
578 1605 599 1626 ⁸
628 1595 827 1661 αὐτοὺς
864 1598 1002 1670 πρὸς
1043 1597 1268 1669 βασιλέα
1301 1598 1584 1670 πέμψωσι.
1617 1597 1885 1671 Θεοφιλὴς
1939 1597 2048 1668 γάρ

354 1686 496 1747 ἐστι,
537 1687 725 1755 φησὶν,
767 1686 796 1738 ὁ
832 1686 1052 1756 κρατῶν
1104 1688 1203 1758 τῆς
1232 1688 1355 1741 καθ’
1380 1690 1528 1759 ἡμᾶς
1554 1687 1904 1757 οἰκουμένης,
1958 1704 2050 1739 πι-

358 1774 502 1838 στὸς,
532 1776 590 1828 ἐν
637 1773 893 1846 εὐσεϐείᾳ
923 1774 1055 1840 ζῶν·
1106 1776 1269 1845 ἡμεῖς
1313 1772 1406 1830 οὖν
1446 1775 1608 1831 αὐτὸν
1640 1774 2050 1847 καταλλάξομεν

358 1861 598 1925 πάντως*
633 1862 734 1916 οὐκ
761 1862 1131 1933 ἐπιτρέψομεν
1170 1862 1300 1933 ὑμῖν
1332 1863 1453 1917 οὐδὲ
1491 1866 1921 1936 συγχωρήσομεν
1960 1865 2049 1916 αἱ-

360 1949 527 2020 μάξαι
554 1949 727 2020 ξίφος.
779 1950 900 2003 οὐδέ
942 1951 1241 2020 ἀποτεμεῖν
1297 1951 1560 2023 κεφαλήν.
1617 1952 1679 2004 Εἰ
1714 1951 1771 2005 δὲ
1805 1952 1879 2022 μὴ
1915 1951 2050 2005 ἀνά·

358 2037 597 2107 σχοισθε,
652 2038 747 2091 καὶ
780 2040 940 2109 ἡμεῖς
991 2039 1111 2110 μετ’
1140 2040 1320 2096 αὐτῶν
1352 2038 1774 2111 ἀποθανούμεθα
1808 2039 2047 2093 πάντως.

355 2125 517 2179 Δεινά
550 2125 646 2196 μὲν
670 2125 740 2179 τὰ
763 2125 1149 2198 τετολμημένα
1190 2127 1283 2180 καὶ
1315 2128 1478 2198 ἡμεῖς
1509 2126 1899 2198 ὁμολογοῦμεν,
1936 2125 2051 2180 ἀλλ’

355 2214 454 2283 οὐχ
476 2213 793 2285 ὑπερϐαίνει
843 2214 946 2285 τὴν
991 2213 1085 2267 τοῦ
1121 2214 1388 2286 βασιλέως
1429 2215 1841 2287 φιλανθρωπίαν
1878 2216 1911 2284 ἡ
1944 2213 2054 2267 τῶν

356 2301 738 2372 γεγενημένων
770 2302 1108 2374 παρανομία.
1146 2301 1381 2372 Λέγεταί
1414 2321 1500 2368 τις
1519 2302 1581 2368 ἐξ
1605 2303 1788 2357 αὐτῶν
1810 2303 1907 2355 καὶ
1929 2301 2053 2356 ἐτε-

359 2406 452 2461 ρον
489 2389 643 2461 ῥῆμα
673 2390 844 2461 γέμον
892 2390 1219 2460 φιλοσοφίας
1268 2392 1466 2455 εἰπεῖν,
1499 2391 1581 2445 ὅτι
1603 2393 1655 2444 οἰ
1680 2391 1779 2461 μὲν
1811 2390 2057 2462 ἀνδριάν-

357 2493 448 2541 τες
481 2479 531 2530 οί
564 2477 986 2547 κατενεχθέντες
1042 2478 1351 2549 ἀνέστησαν
1394 2479 1579 2544 πάλιν,
1626 2479 1720 2533 καὶ
1763 2479 1824 2532 τὸ
1857 2481 2055 2533 οἰκεῖον

359 2564 633 2618 ἀπέλαϐον
662 2564 868 2636 σχῆμα,
901 2565 996 2618 ml
1026 2565 1085 2618 τὸ
1107 2566 1479 2637 γεγενημένον
1505 2566 1790 2639 διόρθωσιν
1808 2566 1932 2639 ἐσχε
1959 2583 2058 2620 ταο

360 2651 581 2724 χίστην”
611 2652 772 2723 ὑμεῖς
791 2652 850 2706 δέ
879 2651 945 2706 ἂν
970 2652 1064 2706 τοῦ
1095 2653 1231 2707 Θεοῦ
1279 2654 1378 2723 τὴν
1433 2655 1616 2707 εἰκόνα
1668 2654 2052 2726 ἀποκτείνητε,

363 2740 480 2804 πῶς
504 2739 799 2813 δυνήσεσθε
830 2739 994 2796 πάλιν
1019 2740 1464 2796 ἀνακαλέσασθαι
1492 2742 1554 2795 τὸ
1583 2740 2057 2813 πεπλημμελημέ-

360 2846 484 2896 νον;
515 2828 633 2894 πῶς
659 2829 970 2900 ἀναστῆσαι
1003 2829 1132 2894 τοὺς
1164 2828 1594 2902 ἀπολλυμένους,
1633 2830 1727 2884 ml
1758 2831 1859 2893 τὰς
1877 2829 2057 2901 ψυχάς

360 2919 475 2980 τοῖς
508 2916 756 2988 σώμασιν
778 2916 1072 2973 ἀποδοῦναι
1094 2917 1309 2986 ;Πολλά
1329 2918 1425 2972 ml
1453 2918 1582 2990 περὶ
1611 2918 1849 2991 κρίσεως
1873 2919 2057 2983 αὐτοῖς

361 3004 744 3078 διελέχθησαν.

437 3093 502 3164 β’.
536 3095 633 3159 Τίς
669 3095 771 3149 οὐκ
813 3095 880 3151 ἂν
907 3096 1233 3170 ἐκπλαγείη,
1260 3096 1344 3161 τίς
1384 3097 1484 3151 οὐκ
1525 3097 1591 3152 ἂν
1626 3097 1933 3170 θαυμάσειε
1960 3097 2057 3169 τὴν

365 3181 682 3254 φιλοσοφίαν
703 3183 810 3237 τῶν
836 3184 1046 3256 ἀνδρῶν
1067 3202 1081 3251 ;
1102 3186 1164 3238 Εἰ
1186 3184 1297 3258 γὰρ
1332 3185 1432 3257 μία
1450 3187 1559 3240 τῶν
1599 3186 1919 3240 ὑπευθύνων
1954 3188 2058 3258 μή·

363 3288 471 3343 τηρ
502 3269 841 3342 γυμνώσασα
880 3272 981 3342 τὴν
1036 3272 1281 3346 κεφαλὴν
1321 3274 1418 3328 καὶ
1451 3274 1552 3339 τὰς
1595 3273 1787 3338 πολιὰς
1812 3273 2053 3341 δείξασα,

363 3358 458 3412 τοῦ
495 3359 780 3430 μέλλοντος
811 3359 1056 3427 δικάζειν
1092 3361 1446 3433 κατασχοῦσα
1483 3362 1575 3416 τὸν
1615 3363 1785 3416 ἵππον
1826 3362 1936 3417 ἀπὸ
1963 3362 2056 3416 τοῦ

364 3446 614 3517 χαλινοῦ,
649 3447 743 3501 ml
792 3449 1217 3521 παρατρέχουσα
1248 3451 1341 3504 διὰ
1371 3450 1471 3521 τῆς
1504 3452 1711 3523 ἀγορᾶς
1750 3448 1925 3515 οὕτως
1976 3453 2058 3517 είς

364 3533 426 3587 τὸ
457 3533 808 3605 δικαστήριον
835 3536 1173 3608 συνεισῆλθε,
1206 3537 1407 3602 πάντες
1423 3536 1825 3609 ἐξεπλάγημεν,
1858 3538 2058 3603 πάντες

367 3619 766 3692 ἐθαυμάσαμεν
786 3622 886 3694 τὴν
916 3622 1323 3696 φιλοστοργίαν,
1354 3625 1454 3696 τὴν
1487 3625 1914 3697 μεγαλοιίνυχίανο
1943 3625 2060 3690 πῶς

365 3708 488 3778 οὐχὶ
551 3707 753 3777 μᾶλλον
798 3710 1022 3774 τούτους
1073 3710 1475 3783 ἐκπλήττεσθαι
1512 3713 1647 3784 χρής
1699 3712 1913 3785 Ἐκείνη
1960 3715 2057 3786 μὲν

366 3797 476 3869 γάρ
500 3799 548 3850 εί
579 3796 672 3850 ml
700 3796 976 3852 ἀπέθανεν
1009 3798 1148 3871 ὑπὲρ
1174 3799 1270 3853 τοῦ
1303 3799 1510 3864 παιδὸς,
1538 3800 1691 3854 οὐδὲν
1717 3799 2053 3871 θαυμαστόνο

371 3883 580 3955 μεγάλη
611 3883 721 3956 γὰρ
750 3886 783 3956 ἡ
816 3886 914 3956 τῆς
944 3884 1159 3955 φύσεως
1201 3887 1476 3959 τυραννὶς,
1519 3887 1614 3941 καὶ
1637 3887 1903 3960 ἄμαχοςη
1948 3887 2058 3941 τῶν

368 3971 572 4026 ὠδίνων
620 3972 857 4046 ἀνάγκη·
895 3969 1042 4028 οὗτοι
1071 3974 1130 4027 δέ
1172 3973 1264 4039 οὓς
1296 3975 1396 4027 οὐκ
1426 3973 1723 4046 ἐγέννησαν
1753 3974 1875 4028 οὐδὲ
1903 3974 2058 4047 ἐθρε-

366 4058 494 4127 ψαν,
521 4058 721 4128 μᾶλλον
745 4060 801 4114 δὲ
824 4060 919 4126 οὓς
941 4062 1039 4115 οὐκ
1075 4056 1237 4126 εἶδον,
1270 4055 1346 4115 ὧν
1379 4062 1480 4115 οὐκ
1506 4062 1767 4135 ἥκουσανι
1804 4058 1885 4127 οἷς
1907 4063 2057 4116 οὐδέ-

371 4163 501 4200 ποτε
548 4148 920 4217 συνεγένοντο,
965 4148 1059 4215 οὓς
1120 4151 1227 4204 ἀπὸ
1266 4150 1367 4220 τῆς
1416 4151 1706 4222 συμφορᾶς
1752 4151 2057 4223 ἐγνώρισαν

371 4235 563 4306 μόνης,
600 4235 774 4300 οὕτως
822 4236 1088 4310 ἐφίλησαν
1131 4238 1228 4304 ώς,
1253 4237 1404 4311 [175]
1456 4239 1505 4292 εί
1533 4240 1628 4293 καὶ
1658 4238 1860 4311 μυρίας
1911 4237 2058 4311 εἰχον

367 4321 567 4393 ψυχάς,
593 4322 807 4378 ἑλέσθαι
833 4325 1013 4390 πάσας
1045 4326 1187 4399 ὑπὲρ
1212 4327 1310 4399 τῆς
1340 4325 1544 4381 τούτων
1577 4326 1854 4381 ἐπιδοῦναι
1882 4345 2060 4401 σωτη-

374 4408 515 4479 ρίας.
534 4409 627 4482 Μὴ
648 4411 757 4482 γάρ
794 4430 887 4484 μοι
919 4412 1079 4467 τοῦτο
1102 4413 1283 4486 εἴπῃς,
1319 4415 1402 4468 ὅτι
1434 4415 1536 4468 οὐκ
1563 4413 1888 4487 ἐσφάγησαν
1935 4416 2058 4471 οὐδέ

371 4494 592 4565 ἐξέχεαν
618 4497 680 4551 τὸ
702 4491 864 4567 αἷμα,
893 4499 1009 4552 ἀλλ’
1034 4500 1117 4552 ὅτι
1141 4500 1380 4573 τοσαύτῃ
1414 4502 1553 4573 πρὸς
1586 4502 1713 4568 τοὺς
1738 4503 2059 4571 δικάζοντας

372 4584 679 4655 ἐχρήσαντο
702 4585 1007 4656 παρρησίᾳ,
1042 4587 1142 4659 ὅσῃ
1168 4587 1363 4658 μόνους
1391 4591 1518 4653 τοὺς
1545 4590 1940 4661 ἀπεγνωκότας
1959 4595 2059 4666 τῆς

373 4670 582 4724 ἑαυτῶν
609 4669 787 4742 ψυχῆς
833 4672 1145 4744 χρήσασθαι
1176 4674 1323 4741 είκδς
1365 4670 1456 4747 ἦν,
1496 4678 1591 4732 ml
1619 4679 1758 4749 μετά
1803 4682 2059 4755 τοιαύτης

371 4755 600 4829 γνώμης
613 4757 721 4811 ἀπὸ
748 4756 858 4813 τῶν
879 4758 1021 4830 ὀρῶν
1038 4760 1131 4814 ἐπὶ
1159 4760 1219 4814 τὸ
1251 4760 1602 4834 δικαστήριον
1633 4765 1889 4837 ἔδραμον.
1924 4770 2058 4824 Οὐδὲ

371 4844 573 4916 γὰρ,εί
591 4845 665 4919 μὴ
690 4846 956 4919 πρότερον
985 4849 1214 4913 ἐαυτούς
1253 4849 1391 4922 πρὸς
1430 4852 1611 4906 πᾶσαν
1636 4854 2058 4925 παρεσκεύασαν

373 4934 610 5005 σφαγὴν,
637 4935 738 4988 οὐκ
772 4935 838 4990 ἂν
881 4935 1054 5002 οὕτως
1111 4937 1340 5009 ἴσχυσαν
1384 4940 1520 5011 πρὸς
1563 4942 1691 5006 τοὺς
1739 4941 2058 5013 δικάζοντας

373 5021 903 5095 ἐλευθεροστομῆσαι
947 5026 1071 5080 τότε
1100 5028 1195 5081 καὶ
1231 5027 1501 5101 τοσαύτην
1541 5029 1913 5095 ἐπιδείξασθαι
1961 5049 2030 5104 με

372 5110 731 5182 γαλοῲυχίαν.
763 5114 875 5167 Καὶ
911 5115 1021 5187 γάρ
1068 5115 1393 5189 διημέρευον
1428 5119 1536 5189 πρὸ
1589 5119 1699 5174 τῶν
1747 5119 1928 5192 θυρῶν
1962 5122 2055 5176 τοῦ

371 5200 721 5272 δικαστηρίου
743 5201 1066 5272 καθήμενοι,
1090 5207 1217 5268 τοὺς
1249 5207 1560 5276 ἀπάγεσθαι
1580 5208 1870 5281 μέλλοντας
1891 5209 2055 5284 ἐξαρ-

374 5288 547 5344 πάσαι
578 5289 687 5343 τῶν
704 5288 914 5359 δημίων
946 5296 1476 5366 παρεσκευασμένοι.

443 5392 553 5446 Ποῦ
583 5391 680 5446 νῦν
707 5393 846 5445 εἰσιν
869 5392 919 5446 οί
971 5394 1097 5458 τοὺς
1150 5395 1421 5467 τρίϐωνας
1468 5398 1918 5470 ἀναϐεϐλημένοι,
1961 5404 2056 5456 ml

377 5477 510 5547 βαθὺ
533 5481 745 5549 γένειον
775 5480 1105 5545 δεικνύντες,
1120 5483 1214 5537 ml
1230 5484 1440 5556 ῥόπαλα
1459 5488 1524 5557 τῇ
1546 5487 1694 5559 δεξιᾷ
1706 5489 1982 5561 φέροντες,
2002 5494 2054 5545 οί

372 5566 482 5621 τῶν
523 5569 723 5635 ἔξωθεν
756 5568 1063 5639 φιλόσοφοι,
1106 5570 1175 5624 τά
1230 5572 1430 5626 κυνικὰ
1467 5573 1825 5647 καθάρματα,
1868 5579 1916 5632 οί
1946 5580 2056 5635 τῶν

371 5656 395 5705 ἐ
410 5657 775 5731 τειτραπεζίων
799 5657 976 5712 κυνῶν
1003 5658 1331 5731 ἀθλιώτερον
1351 5660 1800 5733 διακείμενοι,καὶ
1822 5669 2056 5739 γαστρὸς

444 5946 469 5974 ⁸
503 5940 656 5995 Savil.
680 5946 731 5992 ct
753 5941 948 6007 quidam
973 5945 1055 5995 alii
1080 5948 1199 6010 μετὰ
1216 5948 1312 5998 τῶν
1333 5950 1619 6008 καταδίκων,

2146 890 2333 956 πόλεις
2349 892 2627 957 οἰκοῦντες
2644 892 2782 964 πρὸς
2803 893 2871 946 τὰ
2887 892 2988 964 ὅρη
3007 893 3102 946 ml
3116 891 3216 956 τὰς
3233 892 3468 964 ἐρημίας
3488 895 3859 967 ἀπέπτησαν,

2147 980 2196 1031 οἱ
2214 978 2273 1036 δὲ
2292 981 2390 1051 τῆς
2408 981 2617 1052 ἐρήμου
2634 980 2849 1034 πολῖται
2871 982 2952 1044 είς
2967 981 3067 1053 τὴν
3090 980 3245 1034 πόλιν
3266 981 3564 1053 είσήλασαν
3577 982 3862 1042 ,δεικνύν-

2147 1084 2240 1131 τες
2263 1067 2352 1121 διά
2378 1068 2487 1121 τῶν
2513 1068 2691 1141 ἔργων
2717 1069 2919 1132 αὐτῶν,
2951 1069 3091 1141 ὅπερ
3127 1070 3186 1122 ἐν
3206 1071 3327 1133 ταῖς
3357 1069 3676 1141 ἔμπροσθεν
3707 1072 3860 1143 ἡμέ-

2155 1171 2275 1224 ραις
2303 1157 2364 1209 οὐ
2390 1156 2631 1210 διέλιπον
2657 1157 2859 1226 λέγων,
2893 1158 2978 1210 ὅτι
3016 1157 3109 1210 τὸν
3144 1156 3284 1228 μετά
3304 1156 3407 1227 τῆς
3420 1158 3626 1229 ἀρετῆς
3663 1158 3858 1223 ζῶντα

2150 1242 2273 1296 οὐδὲ
2296 1243 2530 1314 κάμινός
2561 1262 2613 1298 τι
2643 1243 2844 1314 βλάψαι
2860 1244 3174 1315 δυνήσεται.
3194 1242 3463 1298 Τοσοῦτον
3494 1242 3859 1313 ἐστιφιλοσο-

2146 1330 2254 1399 ,φία
2273 1330 2452 1401 ψυχῆς
2472 1331 2689 1386 πάντων
2710 1330 3021 1403 ὑψηλοτέρα
3042 1330 3329 1402 γινομένη,
3343 1331 3438 1383 καὶ
3462 1329 3573 1383 τῶν
3588 1331 3859 1403 χρηστῶν

2153 1419 2248 1471 ml
2269 1418 2379 1472 τῶν
2398 1419 2659 1491 λυπηρῶν
2688 1420 2964 1473 ἁπάντων·
2991 1416 3115 1472 οὐτε
3146 1417 3255 1490 γάρ
3279 1419 3337 1471 ἐν
3358 1418 3591 1482 ἐκείνοις
3611 1416 3859 1490 χαυνοῦ-

2153 1523 2266 1569 ται,
2282 1504 2407 1560 οὐτε
2424 1507 2529 1560 ὑπὸ
2543 1506 2748 1560 τούτων
2764 1505 3191 1561 καταστέλλεται
3210 1506 3306 1558 καὶ
3318 1504 3696 1569 ταπεινοῦται,
3712 1504 3858 1562 ἀλλά

2160 1594 2313 1665 μένει
2335 1594 2425 1648 διά
2445 1595 2663 1649 πάντων
2697 1594 2922 1666 ίση,τὴν
2948 1593 3156 1647 οἰκείαν
3181 1594 3336 1663 ίσχὺν
3362 1593 3459 1647 καὶ
3486 1592 3724 1664 δύναμιν
3737 1597 3858 1648 ἐπι-

2155 1685 2508 1757 δεικνυμένη.
2541 1686 2675 1739 Τίνα
2699 1685 2812 1757 γάρ
2845 1686 2946 1739 οὐκ
2976 1684 3206 1757 ἤλεγξεν
3237 1684 3271 1754 ἡ
3299 1682 3395 1737 τοῦ
3425 1685 3697 1755 παρόντος
3721 1701 3855 1737 και-

2160 1773 2257 1847 ροῦ
2283 1773 2540 1828 δυσκολία
2565 1792 2581 1842 ;
2613 1776 2677 1829 Οἱ
2704 1774 2773 1828 τὰ
2806 1774 3001 1847 πρῶτα
3036 1772 3493 1843 πολιτευσάμενοι
3522 1774 3658 1844 παρ’
3681 1774 3852 1844 ἡμῖν,

2158 1866 2206 1917 οί
2239 1866 2297 1917 ἐν
2320 1863 2661 1928 δυναστείαις
2696 1863 2870 1926 ὄντες,
2912 1865 2960 1917 οί
3017 1861 3249 1916 πλοῦτον
3277 1860 3483 1931 ἄφατον
3512 1859 3853 1934 περιϐεϐληο

2163 1951 2340 2022 μένοι,
2375 1951 2427 2006 οἰ
2457 1951 2660 2023 πολλὴν
2686 1951 2824 2022 πρὸς
2855 1950 3079 2022 βασιλέα
3118 1951 3433 2022 παρρησίαν
3482 1949 3721 2021 ἔχοντες,
3753 1948 3853 2013 τὰς

2160 2041 2338 2103 οἰκίας
2362 2039 2594 2107 ἀφέντες
2657 2040 2903 2112 ἐρήμους
2951 2038 3212 2104 ἅπαντες,
3251 2038 3392 2111 ὑπὲρ
3444 2037 3547 2109 τῆς
3575 2037 3795 2091 ἑαυτῶν
3823 2047 3849 2076 ε

2160 2127 2510 2182 ἐϐουλεύοντο
2541 2125 2841 2198 σωτηρίας,
2872 2127 2969 2179 xal
3001 2124 3153 2195 φιλία
3208 2127 3360 2179 πᾶσα
3412 2126 3505 2180 ml
3557 2125 3853 2194 συγγένεια

2159 2216 2282 2271 τότε
2305 2215 2590 2286 ἠλέγχετο,
2625 2215 2722 2268 ml
2751 2213 2846 2278 οὒς
2867 2214 3037 2268 πάλαι
3078 2213 3298 2285 ᾔδεσαν,
3335 2212 3480 2267 κατά
3521 2212 3615 2266 τὸν
3662 2212 3856 2285 καιρὸν

2160 2305 2263 2375 τῆς
2288 2305 2577 2375 συμφορᾶς
2597 2302 2821 2366 τούτους
2850 2303 3068 2372 ἀγνοεῖν
3093 2302 3397 2366 ἐϐούλοντο,
3414 2303 3512 2357 ml
3534 2302 3856 2371 ἀγνοεῖσθαι

2163 2393 2292 2464 παρ’
2339 2392 2568 2446 ἐκείνων
2592 2390 2849 2462 ηῦχοντο·
2886 2392 2936 2444 οί
2963 2390 3021 2444 δὲ
3073 2391 3323 2462 μοναχοί,
3365 2389 3646 2461 ἄνθρωποι
3685 2390 3856 2461 πένη-

2162 2497 2274 2547 τες,
2309 2480 2525 2551 ίματίου
2563 2478 2724 2533 πλέον
2751 2478 2905 2533 οὐδὲν
2938 2478 3157 2550 ἔχοντες
3191 2476 3471 2543 εὐτελοῦς,
3509 2479 3567 2531 ἐν
3593 2478 3858 2549 ἀγροικίᾳ

2167 2568 2514 2640 βεϐιωκότες,
2544 2567 2759 2630 οὐδένες
2804 2560 2947 2621 εἶναι
2993 2565 3279 2630 δοκοῦντες
3325 2565 3655 2637 ἔμπροσθεν,
3700 2564 3854 2638 ὄρεσι

2165 2658 2260 2711 ml
2288 2656 2489 2719 νάπαις
2518 2653 2857 2725 ὁμιλοῦντες,
2918 2652 3172 2726 καθάπερ
3218 2653 3365 2717 τινὲς
3426 2652 3662 2717 λέοντες,
3714 2652 3854 2724 μετὰ

2169 2743 2408 2815 μεγάλου
2438 2742 2532 2795 ml
2587 2740 2797 2812 ὑψηλοῦ
2840 2741 3208 2812 φρονήματος,
3264 2741 3484 2795 πάντων
3533 2740 3854 2796 δεδοικότων

2164 2832 2259 2886 ml
2285 2830 2731 2901 κατεπτηχότων,
2768 2830 2849 2894 εἰς
2877 2829 2938 2886 τὸ
2968 2830 3133 2901 μέσον
3164 2830 3390 2894 στάντες
3419 2829 3481 2883 τὸ
3531 2829 3707 2884 δεινὸν
3735 2830 3855 2883 ἐλυ-

2167 2936 2287 2980 σαν.
2320 2919 2419 2972 οὐκ
2472 2920 2529 2972 ἐν
2560 2918 2785 2983 πολλαῖς
2815 2917 3072 2990 ἡμέραις,
3126 2917 3241 2973 ἀλλ’
3271 2918 3329 2971 ἐν
3370 2916 3602 2990 βραχείᾳ
3654 2916 3856 2991 καιροῦ

2168 3010 2352 3080 ροπῇ.’
2372 3008 2483 3061 Kal
2508 3006 2764 3079 καθάπερ
2790 3010 2839 3062 οί
2868 3007 3109 3077 γενναῖοι
3156 3006 3268 3060 τῶν
3319 3006 3588 3079 ἀριστέων
3614 3005 3676 3059 οὐ
3712 3023 3856 3078 συμ-

2164 3097 2467 3161 πλακέντες
2504 3100 2618 3161 τοῖς
2653 3096 2942 3159 ἐναντίοις,
2973 3094 3110 3150 ἀλλά
3147 3095 3245 3149 ml
3299 3094 3559 3164 φανέντες
3609 3095 3706 3147 ἐπὶ
3752 3094 3854 3164 τῆς

2166 3184 2529 3257 παρατάξεως
2557 3185 2741 3256 μόνον,
2795 3183 2891 3237 καὶ
2928 3182 3227 3253 βοήσαντες
3254 3181 3550 3254 τρέπονται
3587 3182 3716 3245 τοὺς
3755 3181 3855 3236 ἀν-

2164 3271 2446 3335 τιπάλους·
2482 3271 2625 3325 οὕτω
2664 3271 2729 3343 δὴ
2758 3271 2853 3325 ml
2879 3266 3024 3326 οὗτοι
3051 3272 3110 3324 ἐν
3143 3269 3329 3341 ἡμέρα
3365 3270 3465 3341 μιᾷ
3492 3268 3589 3322 ml
3619 3267 3856 3338 κατέϐη-

2169 3377 2291 3420 σαν,
2318 3360 2415 3413 ml
2466 3358 2843 3430 διελέχθησαν,
2898 3358 2993 3413 καὶ⁵
3018 3357 3116 3429 τὴν
3168 3356 3459 3429 συμφοράν
3505 3355 3725 3419 ἔλυσαν,
3755 3356 3854 3409 καὶ

2167 3448 2306 3519 πρὸς
2326 3448 2396 3501 τά
2421 3448 2596 3500 οἰκεῖα
2636 3446 2911 3518 ἀνέϐησαν
2944 3442 3289 3515 καταγώγια.
3324 3442 3591 3498 Τοσοῦτόν
3640 3444 3788 3498 ἐστιν
3815 3443 3852 3513 ἡ

2167 3536 2321 3606 παρὰ
2342 3534 2437 3588 τοῦ
2468 3535 2708 3606 Χριστοῦ
2741 3538 2855 3599 τοῖς
2877 3532 3191 3605 ἀνθρώποις
3234 3532 3605 3604 εἰσενεχθεῖσα
3639 3530 3852 3602 φιλοσο-

2168 3624 2286 3692 φία.
2319 3624 2430 3677 Καὶ
2469 3624 2523 3677 τί
2555 3624 2703 3693 λέγω
2753 3623 2887 3695 περὶ
2949 3621 3060 3677 τῶν
3115 3621 3491 3675 πλουτούντων
3531 3620 3629 3673 καὶ
3656 3620 3762 3674 τῶν
3789 3621 3852 3674 ἐν

2165 3710 2509 3774 δυναστείαις
2531 3710 2701 3765 ὄντων
2728 3727 2742 3776 ;
2774 3710 2911 3764 ὅπου
2944 3708 3040 3763 ml
3072 3706 3228 3762 αὐτοὶ
3248 3707 3297 3760 οί
3326 3705 3569 3770 δικάζειν
3594 3704 3853 3769 λαϐόντες

2167 3796 2438 3861 ἐξουσίαν,
2473 3798 2523 3851 οἱ
2546 3797 2645 3863 τὰς
2669 3798 2935 3852 ἀνωτάτω
2977 3795 3257 3858 διέποντες
3299 3791 3453 3867 [174]
3486 3794 3684 3868 ἀρχὰς,
3717 3795 3851 3867 παρ’

2166 3885 2346 3939 αὐτῶν
2373 3885 2582 3940 τούτων
2615 3884 3095 3959 παρακαλούμενοι
3124 3883 3235 3938 τῶν
3267 3883 3519 3955 μοναχῶν
3549 3882 3688 3954 μετὰ
3721 3900 3854 3952 συγ-

2166 3972 2394 4047 γνώμης
2422 3975 2755 4046 ποιήσασθαι
2779 3975 2881 4048 τὴν
2912 3976 3114 4047 ψῆφον,
3139 3975 3239 4029 οὐκ
3268 3973 3478 4045 ἔφησαν
3505 3969 3647 4028 εἶναι
3670 3972 3852 4046 κύριοι

2164 4060 2261 4116 τοῦ
2286 4062 2493 4128 τέλους·
2547 4062 2817 4135 σφαλερὸν
2866 4062 2978 4135 γὰρ
3015 4057 3158 4117 εἶναι
3205 4063 3301 4117 καὶ
3355 4060 3694 4116 ἐπικίνδυνον
3750 4060 3850 4131 οὐχ

2168 4148 2413 4221 ὑϐρίζειν
2449 4150 2608 4222 μόνον
2636 4151 2718 4213 είς
2740 4149 2831 4205 τὸν
2859 4149 3106 4222 βασιλέα,
3149 4149 3286 4204 ἀλλά
3325 4149 3421 4204 ml
3449 4148 3579 4212 τοὺς
3624 4146 3847 4220 ὑϐρικό-

2166 4256 2267 4302 τας
2296 4238 2562 4302 λαϐόντας
2590 4238 2861 4311 τιμωρίας
2890 4240 3111 4309 ἀφεῖναι
3148 4238 3338 4310 χωρίς.
3375 4236 3515 4291 Ἀλλ’
3534 4229 3679 4292 οὗτοι
3706 4234 3844 4290 πάν-

2165 4344 2275 4382 των
2305 4324 2552 4396 ἐγένοντο
2590 4323 2940 4399 κυριώτεροι,
2982 4325 3077 4380 ml
3122 4329 3190 4398 τῇ
3223 4323 3595 4398 μεγαλοψυχίᾳ
3651 4323 3748 4377 καὶ
3772 4325 3840 4397 τῇ

2167 4414 2435 4488 καρτερία
2463 4414 2921 4489 προσεδρεύοντες
2961 4412 3346 4484 ἐδυσώπησαν,
3398 4414 3466 4484 ἢν
3524 4410 3626 4467 οὐκ
3656 4409 3848 4465 ἔλαϐον

2166 4502 2320 4574 παρὰ
2351 4501 2445 4556 τοῦ
2483 4501 2748 4573 βασιλέως
2769 4502 3042 4569 ἐξουσίαν,
3071 4500 3284 4573 ταύτην
3321 4497 3712 4566 ἐπιδείξασθαιο
3753 4497 3845 4552 ml

2168 4591 2417 4661 ἴσχυσαν,
2469 4589 2579 4645 τῶν
2620 4590 2939 4645 ὑπευθύνων
2991 4589 3302 4661 γενομένων
3357 4586 3627 4660 φανερῶν,
3659 4587 3846 4641 πεῖσαι

2167 4677 2293 4742 τοὺς
2316 4676 2641 4743 δικάζοντας
2675 4677 2749 4748 μὴ
2782 4677 2881 4751 τὴν
2909 4676 3383 4742 καταδικάζουσαν
3410 4674 3714 4745 ἐξενεγκεῖν
3736 4671 3844 4746 ψῆ-

2169 4784 2286 4836 φον,
2320 4766 2435 4821 ἀλλ’
2471 4767 2551 4831 είς
2579 4768 2680 4838 τὴν
2711 4765 2980 4837 βασιλέως
3002 4764 3230 4837 γνώμην
3264 4762 3630 4818 ἀναϐαλέσθαι
3660 4761 3723 4816 τὸ
3752 4760 3844 4816 τέ-

2165 4853 2275 4921 λος,
2298 4855 2394 4909 ml
2423 4854 2723 4925 ὑπέσχοντο
2758 4854 2970 4908 πείσειν
3014 4855 3221 4907 ἐκεῖνον
3256 4852 3474 4916 πάντως
3499 4849 3686 4906 δοῦναι
3718 4866 3847 4921 συγ.

2165 4942 2392 5015 γνώμην
2410 4945 2523 5007 τοῖς
2547 4945 2627 5006 εἰς
2656 4943 2821 4997 αὐτὸν
2850 4942 3224 5016 ἡμαρτηκόσι,
3270 4929 3368 4995 καῖ
3400 4941 3498 5012 τῆς
3534 4939 3843 5012 ἀποδημίας

2164 5031 2421 5101 ἥπτοντο.
2477 5030 2619 5086 Ἀλλ’
2668 5033 2719 5085 οί
2767 5030 3084 5096 δικάζοντες
3129 5028 3475 5094 αἰδεσθέντες
3529 5027 3711 5083 αὐτῶν
3743 5029 3843 5102 τὴν

2165 5119 2506 5189 φιλοσοφίαν,
2541 5119 2636 5174 καὶ
2665 5118 2728 5173 τὸ
2757 5119 2961 5191 ὑψηλὸν
2997 5117 3440 5187 καταπλαγέντες
3470 5116 3744 5189 φρόνημα,
3777 5118 3836 5171 οὑ

2167 5205 2554 5278 συνεχώρησαν
2579 5207 2893 5262 στείλασθαι
2926 5205 3130 5276 ταύτην
3173 5206 3274 5277 τὴν
3307 5205 3526 5278 μακράν
3551 5205 3691 5271 ὁδὸν,
3725 5205 3837 5259 ἀλλ’

2165 5296 2213 5348 εξ
2243 5293 2427 5363 φωνὰς
2466 5294 2646 5349 αὐτῶν
2686 5293 2903 5349 λάϐοιεν
2953 5294 3112 5365 μόνον
3157 5291 3186 5332 δ
3231 5295 3290 5347 ἐν
3322 5296 3437 5358 τοῖς
3490 5292 3835 5365 γράμμασιν,

2165 5383 2565 5439 ἀπελεύσεσθαι
2598 5384 2693 5438 καὶ
2733 5383 2954 5456 βασιλέα
2990 5383 3330 5456 δυσωπήσειν
3367 5383 3582 5453 ἀφεῖναι
3609 5381 3710 5452 τὴν
3745 5382 3840 5454 ὀρ-

2164 5472 2268 5544 γὴν
2291 5473 2530 5537 άπασαν,
2567 5473 2595 5527 δ
2620 5473 2685 5545 δὴ
2718 5474 2814 5528 ml
2858 5472 3253 5545 προσδοκῶμεν
3302 5471 3544 5527 ἔσεσθαι.
3583 5470 3696 5525 Kal
3731 5469 3838 5543 γάρ

2163 5561 2264 5631 τῆς
2284 5560 2441 5631 δίκης
2492 5560 2828 5634 λεγομένης,
2878 5560 3215 5625 εἰσελθόντες
3257 5559 3461 5630 πολλῆς
3513 5557 3837 5629 ἐφθέγξαντο

2167 5648 2485 5717 φιλοσοφίας
2520 5651 2767 5721 ῥήματα,
2807 5648 2903 5703 καὶ
2935 5649 3024 5704 διά
3073 5649 3184 5704 τῶν
3225 5646 3570 5721 γραμμάτων
3595 5644 3834 5719 παρεκά·

2225 5835 2255 5901 ἢ
2279 5836 2750 5901 Αῖὶῇᾷπεκρὺϐῃσαν.
2848 5899 2857 5901 _
2905 5870 2919 5901 ,π

2227 5899 2257 5999 ἓ
2278 5897 2376 6009 Δὶ
2399 5897 2599 5987 ἐρήμους
2618 5899 2818 5977 ἕκαστος
2839 5897 3255 6009 ὑβὶςτῆςθέαυτῷ.

2281 5984 2298 6009 ι
2330 5974 2379 6009 ,ιι
2402 5959 2491 6009 ἀλλ
2526 5962 2555 6009 ἢ
2575 5978 2737 6009 φωναί
2759 5975 2917 6009 αυτων
2970 5961 3099 6009 αϐειν
3124 5959 3255 6009 μόνοι

2228 5956 2257 5999 α
2278 5934 2379 6011 liii}
2399 5934 3278 6024 ἱεόἵξᾌξιῖῗδιξἀἳτὲῖῖοἱὲἓῖξῖἱάζιῖξη
