4068 6420
293 399 391 458 175

294 508 510 581 profecti
545 525 560 560 .'
590 515 646 562 et
672 513 788 562 erat
806 518 1028 560 cernere
1058 513 1183 558 tunc
1206 504 1473 558 civitatem
1501 503 1727 560 similem
1753 504 1877 560 ted-

297 607 455 660 ditam
481 601 638 668 caelo,
669 617 790 656 cum
822 600 1017 669 ubique
1041 607 1383 654 occurrerent
1405 598 1481 652 illi
1507 598 1675 652 sancti
1706 599 1787 654 vel
1816 614 1882 652 ex

298 703 516 765 aspectu
535 693 652 747 solo
669 692 856 748 dolore
881 705 1095 761 pressos
1113 690 1475 754 consolantes,
1499 700 1551 744 et
1576 689 1642 744 ad
1668 705 1882 744 omnem

298 785 614 842 calamitatis
652 791 1016 851 contemptum
1056 781 1388 835 indecentes.
1431 780 1562 846 Quis
1599 780 1739 834 enim
1767 780 1886 834 illos

299 879 666 947 Conspicatus,
694 884 919 929 mortem
948 889 1054 928 non
1081 871 1353 927 derisisset
1376 913 1389 935 ,
1424 886 1528 925 non
1557 871 1888 939 despexisset

299 968 504 1022 vitam?
529 967 638 1022 Nec
659 966 758 1020 hoc
777 965 950 1019 solum
971 974 1084 1019 erat
1105 963 1364 1030 mirabile,
1385 963 1477 1017 sed
1498 962 1638 1032 quod
1660 961 1724 1015 ad
1746 961 1890 1031 prin-

299 1062 452 1130 cipes
492 1060 638 1129 ipsos
681 1057 998 1114 accedentes
1035 1071 1154 1110 cum
1196 1056 1389 1110 ﬁducia
1416 1041 1765 1124 loquebantitr
1795 1068 1889 1122 pro

303 1152 411 1207 reis
431 1161 487 1207 et
508 1165 695 1206 omnes
717 1148 1026 1218 sanguinem
1051 1146 1322 1202 effundere
1345 1146 1508 1216 parati
1531 1155 1702 1213 erant,
1727 1153 1780 1199 et
1800 1160 1892 1199 ca-

311 1235 424 1305 pita
441 1235 730 1304 deponere,
749 1239 1006 1303 utcaptos
1021 1233 1090 1288 ab
1105 1235 1429 1302 exspectatis
1449 1235 1890 1292 tribulationibus

313 1327 586 1395 eriperent
606 1344 620 1380 :
642 1333 696 1379 et
715 1325 1039 1382 dixeruntse
1057 1340 1161 1380 non
1187 1325 1336 1396 prius
1363 1341 1701 1390 recessuros,
1724 1344 1889 1397 quam

309 1414 526 1487 judices
555 1423 841 1484 parcerent
869 1415 1106 1470 civitatis
1132 1417 1352 1486 populo,
1376 1419 1458 1471 vel
1489 1433 1548 1472 se
1575 1420 1734 1473 simul
1763 1435 1888 1472 eum

311 1504 422 1558 reis
434 1502 900 1571 adlmperatorcm
923 1505 1127 1573 legatos
1141 1506 1433 1560 mitterent.
1456 1506 1764 1578 Religiosus
1781 1518 1884 1572 est,

306 1593 507 1662 inquit,
527 1594 619 1661 qui
639 1600 825 1647 nostro
842 1593 959 1646 orbi
979 1594 1310 1659 dominatur,
1331 1595 1522 1656 ﬁdelis,
1543 1614 1666 1652 cum
1689 1599 1888 1664 pietate

302 1670 524 1724 vivens:
549 1684 646 1724 nos
666 1669 825 1740 igitur
849 1669 1020 1741 ipsum
1043 1673 1260 1726 omnino
1281 1672 1760 1735 reconciliabimus,
1785 1686 1888 1723 non

303 1761 677 1831 permittemus
722 1761 894 1830 vobis,
938 1778 1110 1832 neque
1151 1763 1506 1816 cont-edemus
1546 1777 1726 1816 ensem
1775 1762 1890 1830 pol-

307 1857 478 1920 luere,
508 1869 608 1912 nec
634 1858 791 1912 ullius
820 1855 1132 1912 abscindere
1158 1864 1337 1926 caput.
1364 1854 1420 1909 Si
1443 1871 1568 1908 vero
1598 1870 1701 1908 non
1729 1855 1893 1909 absti-

309 1947 504 2015 neatis,
534 1958 585 2003 et
624 1963 723 2003 nos
761 1963 881 2003 cum
922 1947 1050 2018 ipsis
1089 1948 1309 2002 omnino
1347 1948 1656 2001 moriemur.
1699 1947 1892 2002 Gravia

309 2039 527 2108 quidem
554 2049 755 2111 patrata
780 2050 922 2106 sunt,
956 2050 1009 2095 et
1045 2055 1142 2094 nos
1173 2040 1507 2104 conﬁtemur,
1536 2039 1627 2094 sed
1663 2039 1894 2109 Impera-

314 2136 447 2189 toris
495 2134 876 2189 humanitatem
924 2148 1030 2187 non
1075 2133 1284 2187 excedit
1322 2141 1590 2202 gestorum
1625 2132 1892 2200 iniquitas.

314 2226 519 2280 Dicitur
560 2225 772 2294 quidam
830 2224 1060 2292 ipsorum
1110 2222 1252 2276 aliud
1288 2222 1508 2276 verbum
1549 2220 1897 2290 philosophia:

315 2315 531 2384 plenum
558 2313 755 2368 dixisse
784 2312 862 2383 (a)
889 2331 900 2365 :
929 2312 1131 2368 Statua:
1173 2310 1385 2381 quidem
1423 2310 1642 2380 deiectae
1685 2325 1898 2364 rursum

315 2416 513 2462 erectae
555 2404 786 2469 fuerunt,
813 2416 866 2460 et
897 2406 1167 2476 propriam
1208 2413 1526 2474 receperunt
1569 2403 1816 2468 formam,
1844 2411 1899 2458 et

316 2499 524 2554 facinus
543 2498 925 2552 correctionem
947 2497 1130 2552 habuit
1150 2496 1515 2561 celerrimam;
1539 2495 1582 2549 si
1606 2503 1780 2552 autem
1801 2509 1900 2550 vos

318 2589 413 2644 Dei
440 2589 720 2658 imaginem
751 2587 1054 2642 occideritis
1078 2628 1094 2654 ,
1125 2587 1394 2656 quomodo
1419 2601 1629 2640 rursum
1656 2585 1900 2656 poteritis

318 2687 650 2748 peremptum
678 2677 969 2732 revocare?
997 2675 1265 2747 quomodo
1293 2675 1530 2746 perditos
1557 2676 1896 2741 resuscitare,

316 2777 372 2824 et
391 2769 595 2824 animas
610 2768 922 2838 corporibus
943 2769 1198 2824 reddere?
1219 2769 1378 2823 Multa
1401 2777 1452 2822 et
1468 2767 1534 2822 de
1551 2767 1750 2837 judicio
1771 2766 1901 2837 ipsis

318 2860 637 2916 disseruere.

388 2951 445 3004 2.
484 2952 613 3018 Quis
656 2967 761 3006 non
794 2951 1232 3021 obstupesceret?
1258 2951 1374 3020 quis
1411 2965 1516 3005 non
1547 2951 1780 3005 virorum
1813 2965 1905 3005 sa-

319 3041 570 3110 pientiam
588 3041 975 3096 admiraretur?
991 3040 1121 3095 Nam
1147 3041 1190 3094 si
1212 3040 1452 3111 quiedam
1469 3041 1484 3072 ¹
1506 3056 1714 3094 reorum
1733 3049 1904 3094 mater

319 3132 519 3188 nudato
547 3133 719 3203 capite
741 3141 796 3188 et
819 3134 966 3188 canis
987 3134 1235 3199 ostensis,
1259 3131 1540 3202 judicaturi
1565 3147 1757 3202 equum
1782 3129 1903 3185 frae-

321 3241 392 3279 no
420 3226 845 3295 apprehendens,
876 3235 930 3281 et
956 3242 1051 3294 per
1075 3225 1244 3280 forum
1275 3236 1708 3294 prmtercurrens,
1737 3223 1814 3278 sic
1838 3222 1904 3277 ad

317 3318 572 3388 judicium
612 3317 768 3372 simul
805 3317 1044 3386 ingressa
1069 3325 1150 3372 est
1179 3334 1194 3371 :
1223 3329 1408 3370 omnes
1434 3313 1782 3384 obstupefacti
1811 3329 1905 3369 su-

319 3425 441 3466 mus
465 3451 480 3477 ,
513 3425 700 3465 omnes
738 3409 981 3465 admirati
1012 3408 1261 3479 pietatem
1291 3418 1343 3464 et
1377 3407 1858 3479 magnanimitatem
1890 3424 1904 3461 :

321 3500 590 3572 quomodo
631 3515 738 3555 non
782 3502 949 3570 magis
987 3499 1052 3554 ad
1091 3501 1188 3555 hos
1235 3500 1612 3570 obstupescere
1657 3499 1907 3569 oportet?

323 3593 414 3647 Illa
441 3593 582 3647 enim
614 3592 774 3648 etiam
801 3593 846 3648 si
875 3601 1082 3647 mortua
1107 3600 1250 3648 esset
1281 3607 1374 3661 pro
1402 3592 1527 3657 ﬁlio,
1556 3591 1685 3645 nihil
1711 3591 1914 3645 miran-

324 3683 449 3738 dum
482 3700 495 3736 :
526 3699 713 3754 magna
741 3683 883 3738 enim
920 3691 1121 3737 naturae
1147 3684 1254 3748 vis,
1291 3690 1345 3737 et
1382 3683 1801 3753 inexpugnabilis
1827 3683 1907 3735 vi-

324 3791 534 3831 scerum
583 3777 873 3831 necessitas
903 3794 916 3830 :
945 3775 998 3830 hi
1026 3790 1153 3831 vero
1179 3790 1312 3846 quos
1343 3789 1446 3829 non
1485 3783 1782 3844 genuerunt
1811 3788 1909 3828 nec

324 3868 638 3935 educarunt,
670 3869 775 3922 imo
801 3883 926 3922 vero
951 3883 1084 3938 quos
1110 3885 1216 3922 non
1246 3873 1528 3932 noverunt,
1555 3881 1780 3936 quorum
1809 3879 1908 3920 no-

325 3971 449 4010 men
477 3972 584 4010 non
613 3957 910 4021 audierunt,
942 3957 1253 4026 quibuscum
1295 3971 1577 4026 numquam
1612 3955 1910 4010 conversati

327 4056 485 4116 sunt,
526 4064 658 4118 quos
694 4064 759 4104 ex
802 4050 912 4104 sola
955 4059 1220 4104 noverunt
1252 4049 1552 4103 calamitate
1575 4089 1589 4113 ,
1625 4048 1674 4101 in
1708 4055 1908 4101 tantum

327 4150 673 4207 amaverunt,
703 4145 940 4196 utetiam
985 4141 1029 4197 si
1069 4141 1300 4195 inﬁnitas
1340 4140 1645 4194 habuissent
1668 4142 1870 4194 animas
1895 4181 1908 4204 ,

329 4247 517 4287 omnes
544 4248 640 4302 pro
667 4233 876 4287 illorum
905 4232 1074 4286 salute
1102 4231 1311 4285 tradere
1337 4230 1548 4284 vellent.
1577 4229 1759 4299 Neque
1786 4221 1914 4283 mihi

331 4321 478 4376 dicas
501 4322 603 4376 hoc
631 4323 771 4392 quod
799 4338 901 4376 non
924 4321 1147 4391 jugulati
1174 4321 1300 4383 sint,
1327 4335 1424 4374 nec
1450 4321 1759 4389 sanguinem
1783 4318 1914 4373 cllo-

331 4412 539 4476 derint;
573 4412 664 4466 sed
697 4412 836 4482 quod
866 4420 1008 4466 tanta
1035 4421 1219 4466 contra
1253 4411 1461 4479 judices
1490 4411 1569 4465 usi
1607 4410 1715 4466 sint
1757 4410 1915 4465 liber-

333 4514 440 4558 tate
459 4545 474 4568 ,
502 4515 698 4574 quanta
732 4505 877 4560 solos
905 4505 974 4560 de
1001 4505 1172 4560 salute
1210 4519 1302 4558 sua
1331 4503 1642 4574 desperatos
1667 4505 1741 4558 uti
1771 4505 1913 4558 veri-

333 4596 505 4650 simile
546 4595 640 4650 fuit
681 4612 693 4648 :
735 4605 789 4651 et
833 4595 925 4650 tali
965 4610 1085 4649 cum
1131 4595 1390 4650 sententia
1434 4595 1501 4650 de
1539 4596 1808 4651 montibus
1849 4595 1916 4650 ad

335 4689 565 4743 tribunal
595 4689 942 4744 cucurrerint.
969 4688 1079 4743 Nec
1105 4689 1246 4742 enim
1281 4688 1378 4742 nisi
1411 4689 1554 4756 prius
1579 4703 1638 4743 se
1665 4687 1778 4742 neci
1800 4688 1916 4741 cui-

335 4781 463 4835 libet
487 4790 893 4851 praaparassent,
919 4789 1024 4834 tam
1054 4781 1217 4836 libere
1247 4782 1541 4850 potuissent
1565 4779 1771 4849 judices
1795 4779 1919 4832 allo-

333 4871 445 4941 qui,
469 4880 524 4926 et
543 4880 738 4926 tantam
767 4880 892 4926 tunc
910 4872 1160 4926 exhibere
1182 4872 1665 4941 magnanimitatem
1686 4888 1698 4922 :
1719 4873 1916 4924 etenim

332 4972 459 5018 ante
486 4965 719 5034 prtetorii
743 4966 933 5034 januas
964 4973 1104 5020 totos
1132 4964 1246 5019 dies
1274 4965 1498 5034 agebant
1526 4963 1793 5029 sedentes,
1824 4963 1918 5018 ab-

335 5055 604 5110 ducendos
634 5055 702 5111 de
731 5056 1039 5110 carniﬁcum
1069 5056 1310 5110 manibus
1337 5055 1546 5124 eripere
1573 5054 1761 5125 parati.

410 5145 594 5201 Omnes
626 5147 911 5215 philosophi
944 5147 1117 5200 urbem
1155 5147 1208 5199 in
1245 5145 1532 5199 calamitate
1569 5147 1914 5199 deseruerunt.

333 5269 404 5279 -—
426 5238 524 5293 Ubi
549 5255 686 5294 nunc
708 5245 833 5294 sunt
855 5239 1004 5309 pallia
1031 5246 1316 5310 gestantes.
1338 5248 1391 5293 et
1414 5237 1725 5308 profundam
1747 5247 1918 5294 osten-

334 5335 510 5383 tantes
531 5327 768 5392 barbam,
792 5339 845 5384 et
865 5330 1080 5384 baculos
1099 5329 1280 5384 dextra
1305 5329 1551 5393 ferentes,
1577 5340 1916 5386 externorum

336 5418 673 5489 pliil050phi,
727 5421 910 5490 cynica
958 5421 1196 5491 piacula,
1238 5421 1663 5476 submensalibus
1699 5423 1919 5477 canibus

335 5509 635 5577 inferiores,
667 5512 975 5581 ventrisque
1003 5525 1159 5566 causa
1187 5521 1376 5567 cuncta
1403 5509 1693 5566 facientes?
1720 5511 1916 5568 Omnes

408 5684 432 5732 .9
451 5696 670 5740 Fortasse
711 5691 896 5741 rectius
931 5692 1000 5740 sic
1030 5690 1385 5739 instauraretur
1430 5687 1617 5749 phrasis
1643 5701 1654 5737 :
1685 5697 1804 5739 Nemi
1845 5687 1914 5746 si.

333 5764 447 5801 cum
472 5764 712 5811 quwaam,
741 5760 836 5803 etc.

402 5812 475 5876 (a)
489 5809 584 5864 ‘Hic
599 5815 758 5877 agitur
781 5814 847 5864 de
868 5811 1138 5864 uacedonio
1161 5809 1392 5862 monacho

1045 393 1138 448 AD
1175 391 1496 449 POPULUM
1537 391 2023 451 ANTIOCHENUM
2086 395 2318 454 HOMIL.
2358 397 2522 454 XVII.
3475 403 3570 460 174

1991 517 2114 564 tunc
2140 509 2408 566 civitatem
2434 509 2801 573 deseruerunt.
2832 511 3134 568 resiliernnt
3161 528 3368 575 omnes.
3399 515 3450 569 in
3481 532 3571 570 ca-

1987 613 2179 654 vernas
2207 599 2404 656 conditi
2434 609 2590 666 sunt;
2615 602 2714 656 soli
2741 618 2865 657 vero
2891 603 2977 672 qui
3005 619 3098 673 per
3121 620 3281 673 opera
3310 620 3432 660 vere
3461 605 3574 674 phi-

1991 691 2286 762 losophiam
2314 691 2600 760 exhibent,
2632 709 2694 748 ac
2732 695 2777 749 si
2826 695 3024 749 nullum
3065 697 3329 750 civitatem
3377 697 3573 752 malum

1991 783 2523 853 comprehendisset,
2553 786 2629 840 sic
2668 786 2927 855 intrepide
2957 789 3008 842 in
3051 786 3165 842 foro
3197 797 3573 858 apparuerunt.

1993 873 2060 928 Et
2101 874 2284 930 urbem
2327 876 2539 945 quidem
2583 876 2914 942 habitantes,
2941 878 3006 932 ad
3037 889 3244 934 montes
3277 888 3330 934 et
3365 879 3572 934 deserta

1994 965 2368 1033 avolaverunt;
2414 968 2582 1023 eremi
2626 984 2752 1024 vero
2799 969 2984 1025 incola:
3030 970 3080 1024 in
3131 971 3312 1026 urbem
3358 971 3578 1042 ingressi

1998 1065 2154 1119 sunt.
2187 1074 2278 1127 per
2304 1057 2417 1127 ipsa
2447 1058 2873 1115 demonstrantes
2897 1077 3056 1130 opera
3093 1077 3184 1116 sua
3207 1103 3222 1129 ,
3249 1063 3390 1133 quod
3420 1077 3578 1132 supe-

1998 1146 2226 1201 rioribus
2247 1147 2432 1203 diebus
2462 1164 2567 1203 non
2595 1150 2773 1206 destiti
2800 1151 2998 1215 dicere,
3028 1167 3216 1220 nempe
3243 1168 3362 1206 cum
3389 1154 3579 1207 virtute

2009 1232 2277 1285 viventem
2315 1245 2490 1300 neque
2519 1231 2795 1285 fornacem
2824 1233 3120 1302 quidquam
3152 1237 3340 1289 laedere
3369 1251 3528 1305 posse
3562 1255 3574 1290 :

2008 1331 2158 1376 tanto
2175 1331 2260 1376 est
2275 1323 2471 1376 animae
2490 1322 2755 1391 sapientia
2775 1325 3027 1379 omnibus
3048 1325 3355 1392 sublimior,
3374 1335 3426 1380 et
3451 1345 3578 1382 sva-

2007 1413 2166 1467 vibus
2187 1422 2240 1467 et
2263 1413 2510 1468 tristibus
2529 1415 2740 1470 cunctis
2765 1434 2778 1468 :
2806 1431 2904 1470 nec
2923 1417 3066 1470 enim
3088 1417 3141 1470 in
3165 1417 3267 1471 illis
3288 1418 3575 1482 mollescit.

2006 1518 2105 1557 nec
2126 1503 2211 1558 his
2229 1502 2572 1557 contrahitur
2589 1512 2641 1558 et
2666 1503 3006 1569 humiliatur,
3028 1504 3120 1558 sed
3141 1519 3235 1574 per
3255 1505 3440 1558 omnia
3463 1520 3578 1557 ma-

2003 1603 2096 1646 net
2112 1594 2358 1663 aequalis,
2384 1595 2655 1664 propriam
2683 1593 3055 1650 fortitudinem
3081 1606 3135 1650 et
3157 1596 3265 1650 vim
3291 1596 3578 1650 exhibens.

1998 1678 2163 1746 Quem
2199 1679 2341 1734 enim
2379 1697 2484 1735 non
2516 1691 2815 1750 superasset
2847 1685 3123 1752 praesentis
3156 1687 3410 1755 temporis
3441 1687 3579 1741 difﬁ-

1999 1771 2202 1825 cultas?
2247 1773 2500 1827 Proceres
2546 1783 2740 1828 nostra:
2785 1775 3092 1845 reipublica:
3141 1777 3192 1830 in
3235 1779 3580 1848 poteStatibus

2000 1863 2348 1926 exsistentes,
2396 1865 2609 1918 divitias
2653 1866 2941 1920 immensas
2985 1866 3184 1934 sortiti,
3229 1865 3318 1936 qui
3365 1867 3582 1920 multam

2000 1954 2138 2023 apud
2177 1954 2550 2024 Imperatorem
2595 1957 2838 2011 ﬁduciam
2878 1957 3176 2023 habebant,
3215 1959 3402 2014 domos
3429 1959 3580 2013 dese.

2003 2054 2181 2098 rentes
2210 2046 2367 2099 orbas
2391 2087 2404 2113 ,
2433 2063 2620 2102 omnes
2647 2047 2712 2102 de
2740 2050 2949 2117 propria
2978 2049 3144 2103 salute
3169 2049 3541 2104 consultabant
3570 2067 3581 2100 :

2001 2146 2054 2189 et
2098 2137 2328 2191 amicitia
2368 2139 2543 2192 omnis
2587 2148 2639 2192 et
2680 2140 2924 2208 cognatio
2957 2147 3080 2193 tunc
3117 2139 3498 2208 superabatur,
3535 2149 3581 2194 et

2003 2241 2136 2295 quos
2163 2227 2286 2280 olim
2320 2237 2594 2293 noverant,
2631 2229 2681 2282 in
2710 2237 2948 2297 tempore
2973 2229 3289 2284 calamitatis
3318 2230 3412 2283 hos
3440 2229 3584 2299 igno-

2004 2333 2123 2371 rare
2147 2326 2200 2372 et
2225 2318 2290 2372 ab
2319 2319 2435 2373 aliis
2464 2319 2691 2389 ignorari
2719 2320 2990 2389 optabant.
3023 2321 3259 2375 Monachi
3295 2337 3450 2387 vero,
3484 2321 3582 2374 ho-

2003 2408 2174 2463 mines
2200 2423 2478 2478 pauperes,
2511 2419 2655 2465 veste
2684 2411 2772 2464 vili
2800 2411 2916 2480 plus
2944 2411 3074 2465 nihil
3104 2411 3381 2479 habentes,
3417 2413 3584 2466 viven~

2007 2506 2085 2552 tes
2116 2498 2169 2552 in
2209 2500 2532 2567 rusticitate,
2566 2501 2692 2556 nulli
2721 2516 2838 2557 esse
2867 2511 3182 2571 apparentes
3202 2544 3215 2568 ,
3242 2503 3294 2556 in
3322 2502 3587 2556 montibus

2005 2598 2059 2644 et
2085 2589 2307 2646 saltibus
2338 2600 2632 2657 versantes,
2662 2592 2805 2648 velut
2833 2592 3046 2663 quidam
3087 2593 3287 2657 leones,
3320 2609 3511 2664 magno
3539 2607 3586 2648 et

2005 2679 2114 2734 alto
2136 2696 2293 2735 sensu
2317 2682 2543 2752 prtediti,
2562 2683 2807 2739 omnibus
2830 2683 3116 2754 pavefactis
3136 2692 3189 2737 et
3210 2683 3588 2753 trepidantibus

2008 2771 2060 2826 in
2088 2772 2263 2829 medio
2289 2775 2662 2842 consistentes,
2686 2775 2882 2830 ntalem
2907 2775 3260 2831 dissolverunt
3283 2793 3386 2831 non
3414 2777 3589 2831 multis

2006 2863 2226 2930 diebus,
2255 2864 2346 2919 sed
2386 2865 2531 2920 brevi
2565 2867 2819 2936 temporis
2847 2877 3138 2922 momento.
3171 2866 3238 2922 Et
3265 2867 3401 2921 sicut
3426 2881 3588 2937 gene-

2007 2954 2114 3009 rosi
2142 2955 2425 3012 bellatores
2451 2972 2554 3010 non
2585 2965 2785 3012 tantum
2813 2957 3146 3013 adversarios
3176 2959 3464 3029 complexi,
3497 2959 3589 3013 sed

2008 3044 2168 3098 etiam
2211 3046 2309 3100 visi
2353 3055 2554 3101 tantum
2598 3047 2650 3101 in
2694 3049 2806 3102 acie
2851 3058 2905 3102 et
2946 3049 3220 3104 vociferati
3261 3049 3592 3104 adversarios

2009 3133 2193 3204 fugant
2224 3153 2236 3188 :
2269 3137 2347 3190 sic
2375 3145 2428 3192 et
2465 3136 2638 3192 hi.die
2677 3153 2778 3191 una
2809 3147 2862 3192 et
2890 3138 3318 3203 descenderunt,
3345 3147 3398 3193 et
3422 3139 3584 3192 disse-

2009 3236 2260 3294 ruerunt,
2290 3237 2344 3283 et
2367 3228 2638 3284 solverunt
2663 3229 3014 3285 calamitatem
3035 3273 3050 3296 ,
3076 3239 3130 3284 et
3155 3231 3220 3284 ad
3252 3231 3461 3299 propria
3500 3246 3588 3283 re-

2010 3318 2152 3374 versi
2173 3327 2297 3374 sunt
2321 3320 2676 3375 tabernacula.
2701 3321 2852 3376 Tanti
2876 3332 2956 3376 est
2976 3321 3310 3391 philosophia
3332 3337 3361 3374 a
3384 3320 3593 3375 Christo

2013 3411 2066 3465 in
2101 3427 2268 3482 genus
2306 3412 2594 3470 humanum
2635 3415 2952 3470 introducta.
2983 3415 3050 3469 Et
3076 3415 3197 3483 quid
3229 3413 3348 3469 dico
3373 3413 3438 3468 de
3464 3413 3595 3468 divi-

2013 3501 2153 3557 tibus
2174 3503 2301 3558 etin
2324 3512 2584 3574 potestate
2604 3504 2924 3568 constitutis.
2950 3519 3069 3560 cum
3092 3515 3144 3558 et
3167 3504 3199 3558 ii
3222 3504 3309 3574 qui
3329 3503 3594 3573 judicandi

2016 3601 2333 3663 potestatem
2371 3595 2642 3665 assequuti
2678 3604 2830 3648 erant
2851 3635 2863 3657 ,
2893 3609 3130 3649 summos
3157 3605 3401 3664 gerentes
3431 3595 3598 3664 magi-

2015 3693 2245 3746 stratus,
2278 3685 2344 3740 ab
2384 3685 2468 3740 his
2514 3687 2642 3757 ipsis
2673 3687 2840 3756 rogati
2881 3686 3192 3751 monachis,
3225 3695 3280 3740 ut
3304 3702 3422 3741 cum
3446 3686 3598 3740 venia

2016 3777 2335 3832 sententiam
2365 3776 2598 3841 ferrent,
2628 3787 2851 3831 eventus
2879 3792 2938 3831 se
2964 3777 3208 3831 dominos
3233 3791 3353 3832 esse
3378 3792 3598 3847 negave-

2015 3868 2158 3932 rint;
2200 3867 2340 3922 haud
2387 3878 2553 3922 tutum
2585 3868 2726 3922 enim
2749 3909 2762 3933 ,
2793 3867 2886 3921 sed
2932 3867 3284 3936 periculosum
3311 3881 3462 3933 esse,
3494 3882 3598 3920 non

2019 3969 2220 4014 tantum
2269 3959 2516 4028 injuriam
2562 3958 2760 4013 inferre
2798 3958 3142 4027 Imperatori,
3174 3957 3267 4012 sed
3307 3959 3465 4012 etiam
3507 3973 3599 4012 eos

2017 4051 2106 4121 qui
2126 4051 2464 4106 contumelia:
2491 4050 2564 4106 rei
2590 4050 2817 4104 convicti
2844 4054 2968 4115 sint,
2993 4049 3280 4118 impunitos
3300 4048 3599 4104 dimittere?

2018 4142 2122 4198 Sed
2155 4142 2204 4196 hi
2232 4142 2479 4197 omnibus
2509 4142 2653 4197 fuere
2685 4141 3040 4211 potentiores,
3071 4150 3124 4194 et
3147 4140 3309 4194 animi
3337 4140 3599 4210 magnitu-

2017 4233 2140 4287 dine
2180 4243 2231 4288 et
2272 4233 2548 4289 tolerantia
2587 4233 2881 4288 assidentes
2923 4232 3320 4301 supplicaruut,
3354 4239 3409 4285 ut
3442 4247 3598 4302 quam

2017 4325 2086 4380 ab
2114 4325 2436 4393 lmperatore
2476 4340 2581 4379 non
2617 4332 2934 4393 acceperant
2965 4329 3276 4392 potestatem
3298 4364 3312 4390 ,
3344 4322 3478 4377 hanc
3504 4338 3600 4377 ex-

2019 4417 2263 4472 hiberent
2293 4434 2305 4470 :
2336 4426 2389 4471 et
2417 4416 2761 4486 deprehensis
2791 4415 2854 4469 iis
2880 4415 2967 4485 qui
2999 4413 3072 4468 rei
3101 4422 3312 4480 essent,
3338 4414 3602 4484 iudicibus

2022 4508 2342 4578 persuadere
2393 4517 2716 4578 potuerunt,
2764 4522 2832 4561 ne
2880 4505 3236 4561 damnationis
3286 4505 3602 4560 sententiam

2021 4599 2291 4662 efferrent,
2320 4598 2412 4654 sed
2441 4597 2509 4652 ad
2535 4597 2870 4666 Imperatoris
2899 4605 3082 4651 nutum
3109 4611 3202 4651 eos
3225 4595 3527 4666 rejicerent,
3551 4603 3604 4650 et

2023 4690 2382 4760 promiserunt
2408 4705 2467 4746 se
2497 4689 2571 4744 illi
2605 4703 2949 4758 persuasuros
2969 4730 2983 4754 ,
3017 4697 3070 4742 et
3097 4687 3378 4742 effecturos
3403 4696 3458 4742 ut
3485 4701 3603 4741 om-

2025 4786 2150 4837 nino
2178 4782 2384 4836 veniam
2411 4781 2562 4835 daret
2585 4780 2649 4834 iis
2668 4822 2682 4846 ,
2710 4779 2800 4849 qui
2828 4779 2878 4832 in
2905 4793 2963 4833 se
2992 4785 3358 4847 peccaverant,
3387 4785 3442 4831 et
3485 4790 3606 4844 per-

2025 4876 2408 4946 egrinationem
2444 4874 2675 4945 aggressi
2699 4880 2841 4926 sunt.
2863 4871 2966 4927 Sed
2992 4871 3199 4941 judices
3240 4869 3475 4939 ipsorttm
3514 4884 3602 4923 sa-

2025 4968 2279 5038 pientiam
2322 4966 2558 5031 reveriti,
2589 4974 2642 5020 et
2670 4977 2858 5018 sensus
2887 4960 3162 5016 altitudine
3189 4959 3437 5031 perculsi,
3470 4958 3606 5013 hanc

2023 5078 2118 5118 eos
2159 5063 2368 5131 longam
2402 5060 2551 5114 obire
2589 5058 2726 5112 viam
2761 5071 2867 5110 non
2908 5055 3234 5125 permisere,
3264 5052 3358 5108 sed
3385 5053 3429 5107 si
3455 5051 3607 5107 dum-

2025 5163 2171 5208 taxat
2200 5153 2431 5222 ipsorum
2457 5163 2615 5205 voces
2643 5147 2898 5202 haberent
2929 5145 2980 5199 in
3011 5143 3223 5214 scriptis
3243 5183 3258 5207 ,
3286 5158 3346 5199 se
3375 5158 3494 5198 cum
3524 5142 3607 5195 lit-

2027 5246 2156 5300 teris
2181 5244 2528 5304 discessuros,
2559 5247 2613 5294 et
2639 5237 3014 5307 Imperatorem
3053 5242 3384 5298 exoraturos,
3416 5243 3471 5288 ut
3495 5248 3608 5285 om-

2025 5350 2147 5390 nem
2194 5335 2323 5387 iram
2371 5331 2702 5394 dimitteret,
2749 5325 3152 5396 speponderunt
3185 5343 3199 5380 :
3227 5323 3367 5394 quod
3403 5331 3457 5377 et
3495 5321 3605 5374 fore

2025 5433 2418 5494 exspectamus.
2466 5420 2672 5476 Etenim
2716 5434 2836 5474 cum
2883 5416 3144 5472 sententia
3185 5415 3482 5476 diceretur,
3522 5410 3604 5463 in.

2025 5516 2191 5587 gressi
2221 5515 2397 5570 multa:
2425 5511 2700 5583 sapientia:
2723 5510 2888 5566 verba
2935 5509 3119 5564 dixere
3143 5547 3158 5571 ,
3187 5520 3250 5560 ac
3289 5519 3385 5573 per
3427 5501 3607 5556 literas

2027 5608 2340 5681 Imperatori
2381 5606 2844 5677 supplicaverunt,
2875 5609 2928 5655 et
2960 5597 3143 5669 judicii
3179 5595 3353 5650 fecere
3379 5592 3604 5647 mentio-

2027 5722 2148 5762 nem
2170 5747 2185 5771 ,
2214 5711 2268 5759 et
2292 5719 2351 5759 se
2376 5716 2471 5757 sua
2497 5698 2833 5771 deposituros
2859 5707 2979 5750 esse
3004 5690 3175 5761 capita
3199 5687 3477 5752 dixerunt,
3509 5683 3610 5738 nisi

2032 5801 2132 5856 hoc
2159 5797 2329 5853 ﬁeret.
2374 5795 2439 5848 Et
2470 5801 2585 5863 post
2611 5790 2706 5846 has
2735 5793 2971 5855 sumptas
3000 5785 3050 5840 in
3082 5780 3247 5840 literis
3274 5791 3435 5834 voces
3465 5775 3609 5842 judi-
