4068 6498
503 452 610 509 175

499 581 591 622 ces
621 566 866 621 abierunt
890 603 903 627 ,
930 560 1072 631 quod
1101 558 1246 614 omni
1269 571 1466 614 corona
1496 556 1826 628 splendidius
1852 564 2085 611 nostram

499 656 767 711 civitatem
795 652 1093 709 exornabit.
1125 651 1191 705 Et
1218 665 1336 721 qua:
1364 659 1488 705 sunt
1513 648 1597 704 hic
1624 663 1765 703 nunc
1788 656 1932 719 gesta
1950 689 1964 713 ,
1988 662 2088 701 au-

500 748 607 801 diet
629 746 939 814 imperator,
962 742 1141 797 audiet
1160 751 1214 803 et
1233 756 1421 812 magna
1445 739 1650 804 civitas,
1669 739 1848 794 audiet
1870 751 1923 794 et
1946 747 2088 793 totus

496 836 660 901 orbis,
687 834 829 905 quod
857 834 989 887 tales
1015 832 1472 887 Antiochenerum
1500 830 1684 884 urbem
1713 828 1950 884 habitent
1974 843 2088 883 me-

498 928 653 983 nachi
678 968 693 993 ,
721 935 779 981 ut
809 925 1153 996 apostolicam
1197 923 1484 978 exhibeant
1513 921 1759 976 ﬁduciam
1790 939 1803 974 :
1833 929 1887 975 et
1920 920 2087 975 literis

495 1036 638 1077 nunc
667 1020 817 1077 lectis
841 1062 856 1086 ,
885 1020 938 1074 in
974 1018 1163 1074 castris
1190 1031 1379 1071 omnes
1408 1017 1643 1087 ipsorum
1683 1012 2087 1085 magnanimita-

493 1123 600 1169 tem
629 1111 1056 1177 admirabuntur,
1088 1124 1277 1165 omnes
1313 1109 1579 1163 civitatem
1610 1115 1844 1161 nostram
1874 1105 2085 1159 beatam

492 1204 796 1270 vocabunt,
841 1210 898 1258 et
940 1201 1134 1256 malam
1173 1197 1495 1270 repeilemus
1532 1199 1726 1252 famam
1760 1214 1773 1250 :
1812 1195 2088 1264 scientque

492 1311 704 1360 mnncs,
734 1304 881 1365 gesta
911 1310 1017 1348 non
1044 1293 1311 1348 civitatem
1341 1289 1746 1345 inhabitantium
1777 1285 1961 1351 fuisse,
1992 1284 2085 1340 sed

495 1386 773 1448 hemimtm
796 1393 1140 1445 externorum
1168 1392 1225 1442 et
1251 1382 1583 1456 perditorum
1611 1398 1625 1434 :
1653 1389 1708 1435 et
1736 1379 1925 1434 idonea
1952 1376 2085 1432 civi-

493 1482 618 1537 tatis
647 1492 857 1535 merum
883 1477 1273 1535 demonstratio
1301 1473 1684 1531 monachorum
1708 1471 1813 1529 erit
1845 1470 2086 1525 testimo-

494 1578 663 1632 nium.
691 1573 769 1628 Ne
806 1573 966 1643 igitur
993 1572 1285 1641 tristemur,
1314 1568 1525 1633 dilecti,
1561 1565 1658 1622 sed
1699 1580 1795 1635 spe
1830 1564 1970 1620 bona
2000 1560 2086 1619 in-

494 1667 683 1722 structi
709 1667 895 1721 simus.
925 1664 982 1720 Si
1007 1665 1148 1719 enim
1187 1660 1329 1731 apud
1368 1660 1612 1716 homines
1637 1658 1856 1713 libertas
1881 1663 2085 1711 tantum

496 1757 755 1814 molestia:
785 1755 1068 1828 prohibere
1097 1753 1287 1824 potuit,
1320 1751 1461 1823 apud
1493 1750 1659 1805 Deum
1690 1750 1864 1819 ipsum
1896 1746 2085 1802 fiducia

492 1853 619 1929 quid
649 1866 757 1906 non
783 1848 1132 1920 opcrabitur?
1163 1847 1287 1901 llmc
1313 1847 1471 1901 etiam
1506 1842 1792 1915 gentilibus
1820 1841 2082 1904 dicamus,

493 1962 616 2001 cum
642 1943 708 1998 de
730 1940 1064 2014 philosophis
1087 1939 1363 1993 nobiscum
1391 1936 1663 2006 disputare
1687 1933 1974 1988 audebunt.
2006 1929 2084 1983 Ex

495 2033 849 2105 praesentibus
897 2039 1040 2102 patet
1089 2030 1267 2099 priora
1313 2041 1522 2098 quoque
1566 2024 1730 2079 fuisse
1773 2021 1903 2077 falsa
1946 2019 2086 2089 apud

493 2128 615 2187 illos
643 2143 655 2179 :
685 2141 752 2181 ex
781 2124 865 2179 his
890 2120 1231 2177 manifestum
1257 2126 1369 2183 est,
1398 2125 1452 2172 et
1479 2115 1621 2186 apud
1648 2129 1747 2170 nes
1771 2129 1895 2169 vera
1924 2110 2087 2167 fuisse

494 2218 670 2288 priora
709 2215 779 2275 de
819 2214 1026 2272 Joanne
1049 2252 1065 2279 ,
1096 2211 1255 2267 Petro
1283 2219 1339 2266 et
1377 2208 1541 2264 Paule
1579 2218 1633 2263 et
1668 2206 1915 2261 omnibus
1945 2204 2084 2259 aliis.

494 2309 755 2384 Quoniam
781 2306 923 2367 enim
947 2307 998 2360 in
1022 2306 1233 2366 illorum
1265 2303 1514 2373 pietatem
1542 2308 1938 2364 successerunt,
1965 2313 2088 2368 pre-

495 2411 675 2478 pterea
701 2410 755 2457 et
783 2416 970 2456 eorum
1001 2398 1247 2457 lidnciam
1279 2395 1672 2455 cxhibuerunt:
1701 2393 1951 2466 quoniam
1991 2393 2084 2447 iis.

494 2496 615 2551 dem
641 2492 848 2564 legibus
880 2489 1089 2546 educati
1117 2499 1243 2544 sunt
1266 2529 1282 2555 ,
1310 2486 1429 2542 ideo
1458 2494 1514 2542 et
1554 2486 1791 2559 ipsorum
1833 2485 2086 2540 virtutem

494 2597 621 2646 sunt
661 2583 869 2643 imitati.
918 2582 1098 2655 Itaque
1147 2595 1252 2635 non
1305 2586 1388 2634 est
1423 2593 1560 2649 opus
1606 2577 1762 2632 nobis
1809 2575 1977 2630 literis
2019 2573 2086 2629 ad

494 2679 840 2753 apostolicam
864 2676 1112 2732 virtutem
1138 2671 1632 2737 demonstrandam,
1654 2671 1815 2725 rebus
1840 2669 1968 2738 ipsis
1987 2668 2089 2723 cla-

497 2773 767 2830 mantibus
788 2814 803 2837 ,
832 2781 885 2827 et
911 2768 1187 2838 discipulis
1216 2765 1499 2836 magistros
1529 2761 2038 2834 reprmsentantibus
2072 2778 2084 2812 :

495 2882 600 2930 non
635 2863 791 2919 nobis
827 2859 1164 2918 sermonibus
1205 2871 1339 2930 opus
1378 2865 1455 2910 cst
1496 2853 1563 2909 ad
1605 2852 1883 2924 gentilium
1923 2865 2089 2921 nugas

495 2953 949 3022 maniiestandas,
981 2961 1037 3007 et
1075 2949 1512 3025 philosophorum
1542 2946 1781 3017 ipsorum
1808 2944 2085 3015 pusillani-

496 3055 767 3112 mitatem,
796 3048 957 3103 rebus
990 3043 1119 3115 ipsis
1153 3042 1531 3107 clamantibus,
1563 3049 1670 3097 tam
1700 3036 2086 3110 praesentibus,

492 3159 652 3215 quam
680 3139 967 3212 praeteritis
988 3182 1004 3207 ,
1035 3138 1176 3209 quod
1206 3136 1384 3193 omnia
1424 3134 1564 3205 apud
1599 3136 1744 3206 ipsos
1777 3132 2005 3200 fabulae,
2034 3140 2091 3187 et

497 3251 651 3296 scena
670 3277 685 3302 ,
712 3245 768 3290 et
794 3231 1111 3306 hypocrisis.
1145 3230 1252 3285 Nec
1279 3227 1528 3285 monachi
1560 3234 1762 3282 tantum
1783 3268 1797 3292 ,
1825 3240 2010 3280 verum
2035 3233 2091 3280 et

498 3328 800 3393 sacerdotes
845 3324 1089 3383 eamdem
1137 3323 1500 3395 praestiterunt
1546 3321 1711 3376 animi
1760 3317 2087 3390 magnitudi-

497 3437 639 3489 nem,
665 3428 1011 3489 nostramque
1040 3417 1264 3472 salutem
1295 3416 1691 3485 dispensarunt.
1726 3413 1794 3468 Et
1821 3414 1955 3467 alius
1981 3411 2094 3482 qui-

498 3517 619 3572 dem
660 3515 715 3575 in
754 3524 931 3569 castra
970 3525 1032 3567 se
1071 3510 1333 3577 contulit,
1365 3508 1543 3564 omnia
1587 3505 1860 3563 dilectioni
1897 3514 2090 3560 vestrae

498 3621 824 3682 postponens
843 3652 857 3676 ,
889 3615 945 3663 et
971 3608 1084 3677 ipse
1111 3613 1363 3676 paratus,
1397 3603 1497 3657 nisi
1530 3601 1838 3673 imperatori
1870 3614 2089 3670 persua-

499 3702 678 3769 deret,
706 3701 872 3766 mori;
905 3698 993 3754 alii
1018 3714 1145 3755 vero
1172 3696 1262 3754 hic
1285 3702 1652 3760 remanentes,
1679 3692 1942 3749 eteadem
1970 3705 2090 3762 qua:

499 3792 745 3848 monachi
779 3790 1095 3847 exhibentes
1115 3830 1132 3858 ,
1159 3786 1390 3859 propriis
1419 3785 1663 3841 manibus
1682 3783 1891 3854 judices
1915 3783 2087 3839 conti-

406 3900 409 3909 '
499 3896 687 3946 nentes
709 3926 727 3953 ,
757 3901 863 3943 non
891 3883 1138 3951 sinebant
1174 3879 1379 3951 ingredi
1407 3880 1446 3946 ⁸,
1480 3878 1787 3949 priusquam
1815 3876 1884 3931 de
1907 3874 2091 3946 judicii

499 3985 605 4036 ﬁne
626 3979 996 4050 promitterent
1018 3992 1034 4033 :
1055 3984 1108 4032 et
1131 3990 1252 4030 cum
1274 3980 1561 4029 renuentes
1580 3971 1796 4042 quidem
1817 3969 2087 4032 videbant,

498 4072 663 4129 multa
688 4070 879 4125 ﬁducia
905 4076 960 4124 et
983 4067 1083 4139 ipsi
1109 4065 1347 4121 vicissim
1371 4063 1677 4119 utebantur.
1701 4061 1775 4117 Ut
1797 4069 1973 4116 autem
1996 4075 2093 4115 an-

497 4170 725 4219 nuentes
751 4160 1032 4224 viderunt,
1066 4156 1233 4229 pedes
1255 4164 1309 4211 et
1332 4169 1505 4226 genua
1531 4152 1794 4223 complexi
1820 4160 1875 4207 et
1902 4165 2091 4206 manus

496 4254 814 4321 exosculati,
841 4261 1123 4322 utramque
1146 4250 1396 4305 virtutem
1425 4244 1918 4317 superabundanter
1942 4244 2093 4299 exhi-

498 4351 689 4416 buere,
715 4348 1017 4404 libertatem
1042 4351 1099 4400 et
1124 4338 1607 4398 mansuetudinem.
1634 4336 1785 4403 Quod
1815 4337 1956 4391 enim
1985 4351 2092 4391 non

498 4440 766 4510 superbia
802 4446 946 4494 esset
981 4435 1208 4499 ﬁducia,
1246 4430 1609 4490 exesculando
1636 4445 1807 4501 genua
1837 4436 1892 4484 ct
1928 4428 2094 4500 pedes

500 4527 873 4600 amplectende
897 4527 1126 4581 maxime
1150 4524 1647 4580 demonstraverunt
1672 4539 1687 4577 :
1715 4536 1925 4576 rursum
1951 4519 2093 4591 quod

501 4620 777 4676 humilitas
818 4618 907 4673 illa
949 4632 1057 4672 non
1093 4624 1238 4671 esset
1266 4614 1589 4682 assentatio,
1629 4628 1803 4684 neque
1831 4613 2096 4669 servilitas

502 4710 784 4784 quaedam,
814 4724 916 4765 nec
955 4723 1025 4764 ex
1065 4706 1314 4763 illiberali
1352 4706 1613 4760 sententia
1660 4704 1895 4774 proiecta
1920 4744 1935 4769 ,
1975 4720 2095 4775 quae

503 4802 781 4875 priemissa
820 4787 1056 4868 ipsorum
1098 4798 1308 4856 ﬁducia:
1348 4796 1589 4860 fuerunt,
1631 4796 1908 4851 testiﬁcata
1948 4805 2092 4852 sunt.

502 4897 689 4967 Neque
729 4895 848 4951 lucc
891 4894 1006 4949 sola
1034 4893 1101 4965 de
1142 4890 1437 4947 tentatiene
1474 4887 1615 4944 bona
1657 4888 1844 4942 lucrati
1875 4902 2093 4953 sumus,

505 5004 693 5044 verum
721 4998 778 5045 et
805 4987 1024 5043 multam
1060 4983 1404 5048 modestiam,
1429 4996 1492 5034 ac
1517 4980 1977 5035 mansuetudinem
2000 5023 2013 5044 ,
2044 4987 2099 5035 et

505 5082 693 5137 civitas
718 5081 873 5136 nobis
911 5087 1131 5150 repente
1168 5074 1550 5134 monasterium
1581 5073 1714 5129 facta
1741 5083 1843 5129 est.
1874 5072 1989 5128 Non
2020 5073 2099 5128 sic

507 5175 652 5230 illam
674 5173 794 5243 quis
812 5181 1074 5237 ornasset,
1096 5171 1140 5226 si
1162 5184 1354 5226 aureas
1374 5169 1431 5223 in
1457 5165 1572 5222 fore
1592 5174 1796 5221 statuas
1816 5164 2096 5228 erexisset,

508 5264 648 5321 sicut
674 5278 818 5319 nunc
849 5265 993 5320 clara
1034 5272 1090 5318 et
1129 5261 1348 5318 illustris
1385 5268 1469 5316 est
1491 5301 1508 5327 ,
1539 5275 1659 5331 quae
1696 5259 1864 5314 bonas
1892 5258 2102 5315 virtutis

506 5367 712 5415 statuas
736 5355 978 5428 protulit,
1009 5364 1063 5410 et
1092 5354 1332 5424 proprias
1358 5352 1602 5409 exhibuit
1628 5349 1859 5405 divitias.

583 5449 760 5505 Pam:
780 5445 842 5499 ab
868 5444 1182 5517 Impar-atere
1201 5443 1526 5497 Antiochenis
1549 5442 1775 5512 inflictae.
1804 5439 2103 5511 MetrOpolis

512 5541 733 5614 dignitas
758 5538 1007 5593 translata
1032 5536 1100 5590 ad
1131 5533 1463 5590 Laodicenos.
1488 5562 1563 5575 -—
1589 5535 1659 5587 At
1691 5548 1810 5603 qua:
1836 5533 1904 5587 ab
1933 5533 2105 5601 lmpe-

516 5640 693 5687 ntere
718 5629 955 5702 proiecta
981 5634 1109 5684 sunt
1128 5625 1446 5683 contristent
1467 5642 1484 5689 ς
1506 5623 1601 5681 sed
1628 5638 1728 5679 nec
1754 5624 1842 5678 illa
1868 5624 2104 5695 profecto

515 5724 717 5793 gravia,
738 5738 923 5779 verum
951 5730 1007 5779 et
1034 5722 1147 5793 ipsa
1175 5719 1402 5777 multum
1423 5718 1717 5777 attulerunt
1737 5718 2101 5774 emolumenti.

516 5878 600 5992 ml
791 5882 897 5925 Sav.
931 5882 983 5929 et
1020 5876 1139 5929 alios
1168 5876 1418 5929 habetur:
1452 5873 1789 5937 continebant,
1814 5885 1906 5926 non
1951 5877 2106 5926 sinen-

1245 446 1301 502 S.
1341 442 1621 502 JOANNIS
1657 439 2133 499 CHRYSOSTOMI
2175 440 2485 499 ARCillEP.
2527 446 3057 505 CONSTANTINOP.

3724 449 3825 509 {76

2196 556 2333 624 Quid
2358 557 2499 612 enim
2529 557 2758 625 molesti,
2783 558 2868 614 dic
2888 558 3041 626 mihi,
3069 558 3264 615 factinn
3289 572 3374 617 est
3396 561 3426 617 2
3449 564 3608 634 quod
3631 568 3825 623 orche-

2195 661 2360 705 Stram
2380 649 2725 717 ebstruxerit,
2749 650 2890 721 quod
2910 651 3110 707 circum
3136 651 3585 711 inaccessibilem
3609 657 3820 726 fecerit,

2195 741 2334 813 quod
2376 742 2624 811 nequitia:
2661 744 2833 797 foiites
2861 745 3147 799 excluserit
3174 754 3229 800 et
3264 747 3572 803 ebrucrit?
3604 749 3823 808 Utinam

2194 848 2295 889 nec
2319 833 2702 889 concederetur
2726 851 2974 905 umquam
3003 835 3100 890 hos
3130 824 3342 906 aperiri.
3384 839 3538 896 [line
3565 845 3821 912 nequitias

2194 924 2401 981 radices
2431 927 2482 980 in
2513 926 2726 983 civitate
2762 928 3222 999 germinaverunt,
3251 931 3379 987 hinc
3411 944 3551 988 sunt
3582 938 3676 1005 qui
3707 954 3817 993 mo~

2193 1016 2342 1088 ribus
2382 1016 2548 1088 ipsius
2591 1023 2789 1075 crimen
2831 1020 3087 1089 aﬁ‘crunt,
3120 1036 3245 1080 suas
3281 1040 3449 1081 voces
3488 1029 3818 1085 saltantibus

2192 1108 2506 1174 vendentcs,
2529 1118 2586 1165 et
2612 1110 2779 1165 tribus
2803 1111 2975 1167 obolis
3004 1127 3156 1167 suam
3184 1113 3286 1167 illis
3313 1116 3561 1172 salutem
3592 1120 3827 1188 proden.

2195 1206 2295 1265 tes,
2328 1199 2712 1258 confundentes
2746 1201 2945 1261 omnia.
2978 1202 3268 1273 Propterea
3297 1206 3567 1273 tristaris,
3600 1211 3806 1265 carissi-

2194 1290 2318 1346 me?
2356 1290 2467 1347 lme
2507 1293 2626 1348 ideo
2660 1304 2715 1350 et
2750 1294 2982 1364 gaudere
3007 1306 3061 1349 et
3086 1297 3250 1352 lactari
3277 1310 3505 1369 Oportet
3528 1311 3587 1357 et
3612 1306 3813 1374 gratias

2194 1380 2504 1452 imperatori
2532 1400 2691 1455 agere
2718 1403 2732 1439 :
2756 1387 3007 1456 quoniam
3036 1388 3203 1458 ipsius
3226 1390 3356 1446 ultio
3384 1396 3672 1449 correctio
3693 1396 3807 1461 fuit.

2193 1482 2248 1527 et
2275 1489 2432 1543 pmna
2460 1477 2707 1541 eruditio,
2740 1488 2793 1533 et
2824 1479 2901 1534 ira
2930 1479 3193 1536 doctrina.
3224 1483 3303 1536 An
3330 1483 3462 1553 quia
3491 1484 3694 1541 balnea
3718 1504 3810 1542 ne-

2193 1563 2275 1619 bis
2300 1566 2512 1621 occiusa
2538 1568 2703 1623 sunt?
2730 1568 2835 1625 Sed
2866 1570 2967 1626 hoc
2992 1587 3096 1626 non
3128 1572 3475 1631 intolerabile
3495 1619 3513 1642 ,
3542 1578 3635 1632 vel
3669 1579 3808 1634 invi-

2195 1668 2297 1727 tes,
2324 1659 2579 1717 lubricam
2608 1670 2660 1716 et
2686 1662 2902 1718 mollem
2928 1673 2983 1719 et
3009 1664 3322 1721 dissolutam
3348 1666 3625 1738 degentes
3645 1672 3804 1727 vitam

2192 1750 2260 1806 ad
2305 1750 2694 1826 philosophiam
2737 1752 2939 1813 reduci.
2982 1755 3066 1810 An
3109 1755 3253 1826 quod
3295 1758 3541 1813 civitatis
3584 1761 3807 1817 abstulit

2192 1844 2535 1916 dignitatem,
2563 1864 2664 1905 nec
2696 1847 2924 1920 amplius
2953 1848 3121 1923 ipsam
3154 1851 3504 1921 metropolim
3545 1854 3802 1924 appellari

2192 1937 2435 2007 permisit
2460 1938 2576 2012 (a)?
2595 1939 2699 1997 Sed
2723 1941 2848 2012 quid
2872 1941 3047 1999 facere
3065 1940 3387 2014 oportebat?
3410 1941 3641 2000 laudare
3661 1959 3800 2000 cont-

2192 2028 2378 2096 missa,
2394 2039 2449 2085 et
2470 2031 2667 2099 gratias
2686 2034 2884 2103 agere?
2907 2034 2974 2089 Et
2993 2036 3111 2105 quis
3135 2035 3308 2108 ipsum
3331 2054 3444 2095 non
3466 2046 3797 2106 accusasset,

2193 2118 2334 2189 quod
2370 2134 2478 2175 non
2516 2122 2602 2178 vel
2640 2124 2856 2193 specie‘
2896 2126 3310 2197 indignationem
3350 2131 3799 2191 manifestasset?

2192 2209 2307 2265 Non
2343 2213 2520 2268 cernis
2558 2225 2738 2284 patres
2772 2217 2936 2272 multa
2973 2218 3272 2289 huiusmodi
3304 2222 3360 2277 in
3392 2224 3540 2281 ﬁlios
3570 2240 3699 2283 suos
3722 2227 3797 2283 fa-

2192 2303 2355 2358 cere?
2392 2315 2735 2374 aversantur,
2766 2317 2819 2364 et
2860 2325 3042 2365 mensa
3082 2312 3391 2382 prohibent.
3436 2317 3559 2373 Hoc
3589 2335 3797 2391 quoque

2193 2391 2487 2464 Imperator
2513 2395 2654 2464 fecit,
2688 2399 2820 2455 tales
2850 2401 3130 2473 imponens
3154 2404 3412 2473 ultiones,
3446 2410 3657 2466 nullum
3684 2413 3794 2483 qui-

2192 2483 2315 2540 dem
2354 2486 2612 2544 habentes
2644 2489 2928 2559 damnum,
2971 2493 3191 2550 multam
3231 2512 3360 2553 vero
3401 2502 3791 2558 correctionem

2190 2577 2495 2636 ail‘erentes.
2527 2581 2714 2654 Cogita
2751 2600 2871 2654 qua:
2912 2590 3376 2655 exspectavimus,
3409 2601 3467 2646 et
3505 2609 3628 2663 qua:
3661 2592 3790 2651 facta

2193 2680 2337 2736 sunt,
2369 2680 2423 2726 et
2449 2681 2574 2727 tunc
2598 2675 2828 2733 maxime
2853 2676 3085 2733 sciemus
3114 2678 3203 2733 Dei
3228 2685 3488 2750 gratiam.

2265 2762 2546 2819 Antiochia:
2573 2781 2690 2819 vera
2710 2766 2948 2838 dignitas.
2973 2798 3048 2808 —
3073 2769 3231 2824 Deles
3263 2772 3412 2841 quod
3452 2774 3683 2830 civitatis
3709 2774 3789 2829 di-

2193 2856 2366 2926 gnitas
2396 2857 2571 2913 ablata
2607 2859 2719 2913 sit?
2746 2859 2892 2915 disce
2931 2861 3059 2931 quid
3102 2863 3314 2918 tandem
3351 2864 3426 2920 sit
3454 2867 3686 2922 civitatis
3709 2867 3788 2922 di-

2194 2952 2389 3021 gnitas,
2420 2959 2475 3007 et
2508 2960 2635 3008 tunc
2663 2951 2944 3009 manifeste
2984 2955 3144 3023 scies,
3186 2957 3329 3027 quod
3370 2959 3421 3015 si
3468 2959 3787 3015 habitatores

2196 3042 2365 3114 ipsam
2393 3059 2497 3100 non
2526 3044 2876 3115 prodiderint,
2900 3046 3110 3104 auferre
3145 3051 3339 3119 poterit
3362 3052 3507 3108 alius
3535 3069 3689 3109 nemo
3713 3056 3786 3108 ci-

2194 3138 2373 3192 vitatis
2416 3135 2750 3207 dignitatem.
2793 3138 2911 3194 Non
2947 3141 3090 3210 quod
3128 3146 3447 3214 metrepolis
3492 3148 3584 3213 sit,
3624 3162 3786 3217 neque

2194 3231 2338 3303 quod
2370 3231 2590 3302 przcdita
2617 3233 2688 3287 sit
2724 3233 3085 3303 magnitudine
3113 3245 3167 3290 et
3196 3247 3393 3292 ornatu
3421 3239 3779 3304 mdiﬁcierum,

2195 3338 2370 3393 neque
2408 3323 2549 3393 quod
2580 3325 2772 3380 multas
2814 3325 3008 3381 habeat
3048 3328 3348 3398 columnas,
3385 3341 3441 3387 et
3470 3332 3606 3387 latas
3632 3334 3785 3403 perti-

2195 3429 2312 3482 cus,
2339 3425 2393 3469 et
2420 3414 2896 3484 deambulatienes,
2924 3434 3098 3489 neque
3128 3421 3269 3490 quod
3297 3432 3427 3478 ante
3455 3424 3590 3480 alias
3608 3425 3781 3480 civita-

2195 3515 2279 3562 tes
2308 3506 2665 3577 praedicetur;
2709 3508 2803 3563 sed
2849 3509 3261 3568 inhabitantium
3303 3514 3480 3570 virtus
3509 3524 3567 3571 et
3602 3516 3774 3587 pietas,

2197 3598 2313 3653 haec
2337 3609 2418 3655 est
2445 3599 2696 3670 dignitas,
2742 3611 2795 3655 et
2839 3612 3082 3671 ornatus,
3125 3614 3179 3660 et
3217 3606 3379 3660 tutela
3427 3608 3677 3675 civitatis,
3716 3607 3779 3662 ita

2196 3697 2257 3746 ut
2279 3691 2324 3747 si
2351 3691 2455 3747 hoc
2479 3692 2637 3758 desit,
2667 3694 2905 3748 omnium
2947 3695 3018 3748 sit
3049 3695 3329 3762 vilissima,
3359 3699 3491 3755 licet
3530 3698 3779 3754 inﬁnitum

2195 3788 2265 3844 ab
2288 3787 2700 3857 lmperatoribus
2725 3799 3082 3859 consequatur
3122 3789 3405 3846 honorem.
3436 3793 3530 3849 Vis
3566 3789 3780 3853 civitatis

2199 3892 2305 3938 tua:
2328 3882 2637 3953 dignitatem
2667 3881 2912 3937 discere?
2933 3882 3014 3937 vis
3042 3883 3259 3953 gentilia
3289 3883 3462 3954 ipsius
3481 3891 3777 3940 ornamenta

2197 3975 2397 4031 nosse?
2425 3974 2597 4029 dicam
2627 3972 2836 4039 sedule,
2880 3988 2984 4027 non
3028 3981 3090 4028 ut
3127 3973 3303 4029 discas
3333 3983 3564 4041 tantum,
3603 3988 3776 4030 verum

2197 4075 2335 4123 utet
2380 4065 2624 4121 imiteris.
2674 4064 2805 4133 Qua:
2834 4064 3050 4119 tandem
3094 4074 3180 4120 est
3205 4067 3437 4122 civitatis
3484 4073 3674 4121 nostrae
3700 4063 3775 4118 di-

2196 4160 2372 4231 gnitas
2389 4159 2414 4213 ?
2434 4158 2654 4229 Contigit
2681 4159 2901 4229 primum
2930 4157 3211 4212 Antiochia
3237 4158 3519 4230 discipulos
3542 4154 3778 4229 appellari

2197 4249 2513 4307 Christianos
2533 4249 2671 4319 (Act.
2701 4250 2787 4304 11.
2815 4246 2923 4322 26)
2960 4267 2975 4305 :
3005 4248 3107 4304 hoc
3141 4260 3317 4305 autem
3367 4251 3639 4305 civitatum
3667 4260 3778 4316 qum

2198 4355 2324 4400 sunt
2353 4344 2406 4399 in
2436 4343 2634 4398 mundo
2653 4351 2965 4397 cunctarum
3007 4341 3170 4396 habet
3205 4342 3368 4406 nulla,
3417 4358 3516 4397 nec
3543 4342 3650 4411 ipsa
3676 4338 3775 4391 Re-

2200 4435 2327 4490 muli
2353 4435 2538 4490 civitas
2566 4451 2581 4490 :
2610 4441 2895 4504 propterea
2932 4441 3121 4487 contra
3146 4446 3359 4487 onmem
3402 4442 3659 4489 terrarum
3695 4443 3776 4480 or-

2201 4529 2323 4583 bem
2351 4527 2534 4582 oculos
2572 4525 2781 4596 erigere
2839 4533 3015 4595 potest
3042 4542 3056 4579 :
3087 4523 3340 4594 quoniam
3369 4539 3496 4596 erga
3524 4520 3777 4578 Christum

2200 4620 2401 4677 at..oris
2422 4621 2597 4691 ignem
2635 4619 2812 4682 habet,
2842 4626 3062 4689 propter
3090 4617 3356 4679 ﬁduciam,
3384 4626 3602 4687 propter
3623 4613 3776 4666 virtu-

2204 4723 2308 4767 tem
2332 4711 2499 4766 illam.
2531 4710 2622 4764 Vis
2653 4721 2706 4764 ct
2731 4709 2887 4764 aliam
2924 4708 3154 4763 civitatis
3190 4707 3377 4763 audire
3401 4706 3700 4778 dignitatem
3728 4708 3777 4753 et

2203 4803 2457 4859 laudem?
2478 4801 2673 4858 Fames
2709 4799 2839 4855 olim
2865 4798 3175 4854 difﬁcillima
3217 4797 3392 4852 futura
3418 4805 3551 4863 erat,
3582 4804 3635 4850 et
3672 4791 3776 4846 Au-

2203 4895 2455 4950 tiochiam
2487 4892 2785 4948 habitantes
2827 4897 3147 4956 statuerunt,
3179 4899 3337 4959 prout
3361 4890 3583 4960 quisque
3617 4884 3775 4938 abun-

2203 4989 2398 5055 dabat,
2445 4987 2512 5042 ad
2564 4994 2778 5042 sanctos
2815 4984 3202 5055 Jerosolymam
3255 4983 3550 5039 habitantes
3593 4971 3774 5045 aliquid

2205 5083 2418 5136 mittere
2440 5079 2604 5150 (Ibid.
2633 5095 2683 5132 υ.
2704 5076 2795 5132 28.
2819 5075 2934 5146 29).
2965 5076 3106 5131 Ecce
3138 5084 3193 5131 et
3232 5074 3519 5131 secundam
3560 5066 3770 5138 dignita-

2208 5186 2339 5241 tem,
2368 5174 2425 5239 in
2451 5175 2592 5228 fame
2617 5171 2916 5227 caritatem.
2951 5169 3066 5224 Non
3095 5169 3362 5224 contraxit
3385 5169 3526 5239 ipsos
3552 5170 3766 5229 tempus,

2207 5284 2308 5324 nec
2353 5268 2626 5338 segniores
2677 5264 2910 5321 reddidit
2954 5263 3271 5319 calamitatis
3314 5257 3662 5333 exSpectatie;
3690 5254 3775 5304 sed

2209 5360 2421 5432 quando
2445 5358 2537 5414 alii
2566 5357 2737 5413 aliena
2764 5357 3040 5427 colligunt,
3069 5364 3196 5411 tunc
3235 5355 3312 5410 illi
3337 5368 3430 5410 sua
3459 5345 3770 5407 emittebant.

2275 5561 2293 5593 ι
2328 5558 2523 5619 Quidam
2538 5555 2637 5619 alii,
2669 5553 2827 5619 veroo.
2853 5566 2957 5619 pro.
2982 5553 3160 5619 specie.
3397 5613 3407 5619 _
3444 5611 3470 5619 __
3542 5608 3554 5617 .

2278 5606 2358 5683 (αῖ
2372 5606 2641 5683 Vﬁanslata:
2653 5606 2882 5667 nimirum
2911 5606 3113 5683 fuerunt
3130 5617 3241 5683 jura
3256 5622 3318 5683 _et
3337 5608 3585 5683 privilegia
3605 5606 3769 5683 ῐξιθξςξξ

2212 5657 2383 5745 mist.
2395 5657 2902 5745 6553343155553
2913 5657 3470 5745 ῑ-ῑεῖεῑξῖτειῖέδειρξείιῑέζ
3486 5657 3669 5745 ira},
3682 5657 3765 5745 ig;

2220 5716 3773 5807 3πῆιὲἓῖὧῖιῖἒὲἲῦἑιὶιὶξ’ῖιὶςὶίὶιὶἓέᾝὲίῖιέὀτῖίξξῇξι.ιιὶ.ξε

2215 5789 2342 5866 linit,
2356 5789 2539 5866 soliis
2662 5789 2739 5866 illi
2756 5789 3384 5866 maximo'deiori'iuturum.
3405 5789 3643 5866 [invidebit
3649 5789 3768 5866 3921‘.

2208 5850 3001 5934 ias'bliaxa‘aoeamggai’m;
3018 5850 3059 5912 ἶ
3072 5850 3189 5915 vide
3207 5870 3239 5912 t.
3258 5863 3301 5912 ι.
3325 5863 3468 5911 vitam
3487 5850 3766 5917 aliquosum

2216 5924 2445 5993 'nestram,
2459 5928 2517 5979 ad
2543 5939 2720 5977 annum
2739 5924 2849 5978 387.
