4068 6430
210 406 316 465 I75

202 526 371 579 λεσαν
402 520 495 576 τὸν
527 515 894 592 βασιλέα,’καί
915 520 1018 591 τῆς
1046 518 1283 592 κρίσεως
1312 522 1645 593 ἀνέμνησαν,
1667 521 1761 576 καί⁵
1783 522 1884 586 τὰς

201 611 422 666 ἑαυτῶν
450 608 662 678 ἔφασαν
683 607 977 679 ὑποθήσειν
999 607 1264 677 κεφαλὰς,
1293 611 1342 663 εἰ
1372 609 1446 681 μὴ
1469 610 1628 663 τοῦτο
1647 611 1880 679 γένοιτο.

203 700 318 752 Καὶ
351 697 560 761 ταύτας
600 698 651 750 οἰ
675 695 987 760 δικάζοντες
1011 696 1099 750 διά
1128 697 1474 770 γραμμάτων
1501 697 1760 762 λαϐόντες
1785 698 1885 762 τάς

202 787 416 856 φωνάς,
449 786 714 857 ἀπῆλθον,
764 785 793 838 ὃ
835 784 1038 848 παντὸς
1067 787 1333 855 στεφάνου
1367 786 1747 858 λαμπρότερον
1784 787 1883 858 τὴν

206 874 489 945 ἡμετέραν
516 874 783 944 κοσμήσει
814 873 987 925 πόλιν.
1022 874 1131 925 Καὶ
1170 872 1264 926 νῦν
1291 873 1358 926 τά
1387 873 1621 927 ἐνταῦθα
1652 891 1883 946 γεγενη-

208 962 351 1033 μένα
399 959 694 1015 ἀκούσεται
735 960 832 1031 μέν
883 959 1155 1029 βασιλεὺς,
1186 960 1476 1015 ἀκούσεται
1505 961 1562 1015 δέ
1594 962 1689 1014 καὶ
1718 963 1750 1033 ή
1787 979 1885 1031 με-

204 1050 347 1120 γάλη
381 1049 563 1114 πόλις,
592 1047 883 1101 ἀκούσεται
914 1048 971 1100 δὲ
1005 1050 1153 1101 πᾶσα
1181 1051 1214 1116 ἡ
1246 1049 1560 1120 οἰκουμένη,
1601 1050 1684 1102 ὅτι
1710 1049 1888 1103 τοιοῦ-

204 1155 288 1193 τοι
316 1135 421 1208 τὴν
456 1135 778 1206 Ἀντιοχέων
813 1136 969 1189 πόλιν
1007 1136 1216 1189 οἰκοῦσι
1250 1138 1495 1208 μοναχοὶ,
1530 1137 1607 1201 ὡς
1649 1139 1883 1190 ἀποστο-

204 1225 368 1295 λικὴν
392 1222 763 1290 ἐπιδείξασθαι
783 1224 1098 1296 παρρησίαν
1120 1242 1134 1256 °
1164 1225 1259 1277 καὶ
1282 1224 1389 1277 τῶν
1418 1212 1765 1296 γραμμάτων
1790 1224 1886 1278 νῦν

202 1311 774 1383 ἀναγιγνωσκομένων
811 1314 869 1364 ἐν
914 1311 994 1383 τῷ
1044 1312 1414 1383 στρατοπέδῳ,
1466 1313 1665 1375 πάντες
1706 1311 1886 1365 αὐτῶν

208 1402 587 1473 θαυμάσονται
607 1400 707 1471 τὴν
743 1400 1172 1472 μεγαλοψυχίαν,
1202 1400 1403 1464 πάντες
1426 1400 1524 1472 τὴν
1555 1400 1709 1453 πόλιν
1732 1399 1886 1472 ἡμῶν

211 1488 569 1562 μακαριοῦσι,
592 1488 687 1542 καὶ
707 1488 806 1560 τὴν
830 1488 1074 1560 πονηράν
1097 1488 1554 1560 ἀποκρουσόμεθα
1580 1487 1737 1553 δόξαν
1753 1504 1767 1518 ’
1794 1489 1887 1542 καὶ

209 1580 449 1631 εἴσονται
479 1577 701 1641 πάντες,
724 1577 801 1640 ὼς
830 1576 899 1630 τά
931 1576 1278 1646 γεγενημένα
1306 1576 1366 1629 ού
1394 1575 1503 1628 τῶν
1533 1575 1886 1629 ἐνοικούντων

208 1667 307 1736 τὴν
340 1665 496 1718 πόλιν
526 1661 614 1736 ἦν,
651 1664 1087 1736 ἀλλ’ἀνθρὼπων
1125 1664 1292 1728 ξένων
1324 1665 1419 1717 καὶ
1446 1663 1884 1735 διεφθαρμένων,

209 1756 305 1809 καὶ
330 1754 419 1806 ὅτι
455 1753 615 1823 ἱκανὴ
652 1752 748 1806 τοῦ
780 1752 880 1823 τῆς
941 1751 1151 1816 πόλεως
1192 1751 1359 1823 ἤθους
1401 1751 1671 1816 ἀπόδειξις
1707 1754 1740 1824 ἡ
1777 1751 1887 1806 τῶν

211 1841 466 1914 μοναχῶν
493 1840 644 1894 ἔσται
680 1839 979 1912 μαρτυρία.
1021 1839 1114 1911 Μὴ
1146 1841 1329 1893 τοίνυν
1362 1839 1635 1910 ἀλύωμεν,
1668 1841 1888 1910 ἀγαπη-

207 1933 312 1997 τοὶ,
341 1930 484 1985 ἀλλά
511 1929 755 2001 χρηστὰς
783 1928 1174 1999 προσδοκῶμεν
1202 1927 1444 1991 ἐλπίδας.
1468 1928 1532 1980 Εἰ
1551 1927 1659 1999 γὰρ
1683 1930 1717 1999 ἡ
1748 1927 1887 1999 πρὸς

208 2018 533 2091 ἀνθρώπους
562 2017 846 2090 παρρησία
872 2015 1127 2071 τοσοῦτον
1151 2017 1337 2086 ἰσχυσε
1368 2014 1612 2068 κωλῦσαι
1636 2015 1826 2080 δεινὸν,
1852 2017 1884 2085 ἡ

208 2107 343 2180 πρὸς
389 2106 515 2160 τὸν·
552 2105 686 2161 Θεὸν
735 2104 915 2159 αὐτῶν
967 2105 1249 2177 παρρησία
1294 2103 1349 2156 τί
1394 2104 1493 2156 οὐκ
1555 2103 1882 2175 ἐργάσεται;

206 2196 396 2249 Ταῦτα
425 2195 520 2248 καὶ
544 2193 683 2264 πρὸς
710 2192 979 2264 Ἕλληνας
998 2192 1270 2262 λέγωμεν,
1301 2193 1430 2246 ὅταν
1449 2191 1720 2261 τολμῶσιν
1746 2191 1885 2263 ὑπὲρ

208 2283 514 2354 φιλοσόφων
551 2284 684 2355 ἡμῖν
715 2280 1080 2349 διαλέγεσθαι.
1099 2280 1234 2334 Ἀπὸ
1264 2280 1373 2334 τῶν
1406 2279 1501 2333 νῦν
1536 2278 1779 2350 εὔδηλον,
1802 2280 1885 2333 δτι

207 2373 300 2424 καὶ
334 2371 405 2425 τά
431 2370 674 2441 πρότερα
700 2365 768 2441 ῆν
792 2369 965 2439 ψευδῆ
994 2368 1065 2422 τὰ
1090 2369 1221 2440 παρ’
1248 2369 1506 2431 ἐκείνοις·
1534 2368 1644 2421 ἀπὸ
1672 2368 1881 2420 τούτων

202 2458 385 2531 δῆλον,
412 2459 495 2511 ὅτι
541 2458 637 2513 καὶ
668 2456 737 2513 τά
778 2457 1019 2528 πρότερα
1060 2452 1129 2527 ῆν
1171 2455 1349 2527 ἀληθῆ
1376 2455 1445 2509 τά
1472 2454 1603 2526 παρ’
1633 2456 1786 2526 ἡμῖν,
1814 2455 1884 2509 τά

204 2548 333 2618 περὶ
370 2546 619 2605 Ἰωάννου
654 2546 749 2600 καὶ
779 2545 994 2598 Παύλου
1028 2545 1122 2599 καὶ
1163 2544 1374 2614 Πέτρου
1411 2544 1508 2597 καὶ
1552 2542 1661 2596 τῶν
1707 2542 1883 2597 ἄλλων

202 2638 480 2691 ἁπάντων.
500 2633 719 2706 Ἐπειδὴ
738 2633 849 2704 γὰρ
877 2632 976 2704 τὴν
1000 2632 1226 2686 ἐκείνων
1249 2631 1533 2685 εὐσέϐειαν
1556 2631 1881 2697 διεδέξαντο,

200 2724 289 2777 διὰ
310 2723 474 2777 τοῦτο
502 2723 597 2775 καὶ
623 2721 720 2793 τὴν
748 2721 927 2777 αὐτῶν
951 2718 1265 2791 παρρησίαν
1294 2717 1634 2783 ἐπεδείξαντο
1651 2735 1665 2750 ·
1691 2718 1881 2788 ἐπειδὴ

202 2816 315 2876 τοῖς
345 2814 533 2875 αὐτοῖς
561 2811 749 2882 νόμοις
781 2810 1120 2883 ἐτράφησαν,
1148 2808 1237 2861 διὰ
1265 2806 1425 2860 τοῦτο
1446 2807 1540 2861 καὶ
1578 2807 1675 2877 τὴν
1701 2805 1880 2860 αὐτῶν

200 2900 405 2971 ἀρετὴν
432 2898 907 2970 ἐζήλωσαν.⁶Ὠστε
932 2897 994 2949 ού
1021 2895 1181 2968 χρεία
1203 2894 1550 2967 γραμμάτων
1582 2896 1715 2964 ἡμῖν
1740 2894 1880 2964 ὑπὲρ

198 2988 297 3046 τοῦ
323 2989 497 3057 δεῖξαι
514 2988 616 3061 τὴν
644 2987 1005 3055 ἀποστολικὴν
1030 2984 1252 3057 ἀρετὴν,
1282 2983 1391 3035 τῶν
1415 2982 1757 3053 πραγμάτων
1776 2982 1879 3035 αύ-

198 3076 308 3131 ςῶν
352 3075 623 3146 βοώντων,
656 3075 752 3129 καὶ
793 3073 901 3128 τῶν
938 3072 1199 3144 μαθητῶν
1243 3070 1368 3134 τοὺς
1399 3069 1751 3132 διδασκάλους
1794 3070 1881 3121 ἐν-

197 3165 528 3218 δεικνύντων
548 3180 563 3194 ⁸
597 3163 659 3216 ού
692 3162 852 3233 χρεία
873 3160 1048 3229 λόγων
1078 3161 1232 3230 ἡμῖν,
1267 3157 1408 3210 ὥστε
1429 3157 1522 3209 τὸν
1548 3157 1656 3209 τῶν
1692 3155 1879 3227 Ἐλλή-

199 3270 306 3307 νων
353 3252 526 3317 δεῖξαι
572 3250 736 3321 λῆρον
766 3249 862 3301 καὶ
890 3248 987 3318 τὴν
1035 3247 1144 3300 τῶν
1193 3246 1323 3317 παρ’
1357 3244 1543 3307 αὐτοῖς
1575 3244 1880 3313 φιλοσόφων

203 3339 597 3412 μικροψυχίαν,
616 3337 725 3391 τῶν
743 3335 1090 3408 πραγμάτων
1118 3332 1299 3387 αὐτῶν
1327 3329 1573 3402 βοώντων
1596 3329 1703 3384 τῶν
1725 3328 1877 3404 [175]

199 3429 296 3483 νῦν
328 3428 425 3481 καὶ
455 3426 562 3480 τῶν
596 3424 901 3496 προτέρων,
939 3422 1014 3486 ὠς
1047 3421 1263 3475 ἅπαντα
1294 3420 1362 3474 τὰ
1393 3421 1523 3491 παρ’
1550 3420 1736 3483 αὐτοῖς
1779 3418 1882 3490 μῦ-

200 3518 294 3580 θος
341 3516 437 3570 καὶ
481 3515 655 3585 σκηνὴ
687 3513 781 3565 καὶ
809 3510 1121 3581 ὑπόκρισις.
1155 3509 1267 3578 υύχ
1291 3510 1339 3561 οἰ
1373 3508 1597 3578 μοναχοὶ
1626 3505 1684 3560 δὲ
1718 3506 1878 3577 μόνον

200 3604 337 3660 ἀλλά
366 3604 461 3656 καί¹
488 3605 536 3656 οἱ
570 3603 734 3673 ἱερεῖς
757 3600 857 3671 τὴν
878 3599 1045 3669 αὐτὴν
1074 3595 1420 3662 ἐπεδείξαντο
1445 3593 1872 3666 μεγαλοψυχίαν,

198 3694 296 3747 καὶ
328 3692 431 3763 τὴν
460 3689 740 3762 ἡμετέραν
772 3685 1113 3755 διενείμαντο
1148 3682 1443 3754 σωτηρίαν.
1477 3682 1585 3734 Καὶ
1610 3684 1638 3735 ὁ
1669 3681 1767 3752 μὲν
1796 3683 1877 3745 εἰς

196 3782 260 3835 τὺ
288 3777 649 3852 στρατόπεδον
674 3777 878 3845 ἀπῆρε,
910 3773 1088 3827 πάντα
1113 3771 1341 3846 δεύτερα
1369 3770 1594 3841 θέμενος
1619 3770 1718 3840 τῆς
1743 3771 1876 3840 ὑμε-

196 3870 366 3941 τέρας
390 3868 630 3936 ἀγάπης,
663 3865 759 3918 καὶ
783 3863 945 3926 αὐτὸς
975 3862 1195 3932 ἕτοιμος
1228 3859 1326 3928 ὣν,
1364 3862 1412 3914 εἰ
1446 3860 1519 3931 μὴ
1549 3858 1756 3911 πείσειε
1783 3859 1874 3913 τὸν

201 3954 451 4029 βασιλέα,
487 3953 808 4008 ἀποθανεῖν’
841 3946 986 4006 οὗτοι
1009 3950 1067 4004 δὲ
1088 3947 1325 4003 ἐνταῦθα
1355 3947 1658 4019 μείναντες,
1686 3948 1781 4001 καὶ
1807 3946 1875 4000 τὰ

196 4043 341 4099 αὑτά
377 4046 491 4106 τοῖς
534 4042 789 4112 μοναχοῖς
817 4036 1237 4108 ἐπιδειξάμενοι,
1265 4038 1386 4098 ταῖς
1432 4034 1664 4099 οἰκείαις
1716 4035 1874 4106 χερσί

195 4135 324 4197 τοὺς
357 4129 677 4196 δικάζοντας
710 4126 1032 4196 κατέχοντες
1065 4125 1164 4177 ούκ
1196 4123 1542 4193 ἐπέτρεπονιι
1588 4122 1871 4186 εἰσελθεῖν,

197 4220 328 4293 πρὶν
348 4220 384 4291 ἦ
410 4218 539 4289 περὶ
557 4216 654 4270 τοῦ
679 4215 866 4279 τέλους
892 4210 1232 4282 ’ὑποσχέσθαι
1254 4210 1355 4281 τῆς
1376 4211 1533 4281 δίκης
1549 4227 1562 4240 ·
1590 4210 1688 4265 καὶ
1707 4211 1872 4282 ἡνίκα

198 4310 299 4380 μὲν
330 4304 516 4379 ἐώρων
548 4302 929 4365 ἀνανεύοντας,
954 4300 1123 4371 πολλῇ
1149 4301 1216 4372 τῇ
1244 4299 1530 4371 παρρησίᾳ
1557 4298 1652 4352 καὶ
1671 4300 1825 4352 αὐτοὶ
1844 4300 1870 4340 δ

195 4395 362 4451 πάλιν
393 4393 691 4465 ἐκέχρηντο
714 4408 727 4421 υ
762 4389 951 4459 ἐπειδὴ
979 4388 1035 4441 δέ
1064 4383 1204 4441 εἶδον
1229 4386 1643 4450 ἐπινεύσαντας,
1692 4387 1872 4441 ποδῶν

196 4484 466 4554 ἁψάμενοι
514 4480 609 4535 καὶ
657 4479 921 4549 γονάτων,
976 4477 1073 4530 καὶ
1128 4476 1316 4548 χεῖρας
1361 4474 1832 4547 καταφιλήσαντες
1855 4517 1868 4541 ,

194 4570 464 4641 ἑκατέραν
490 4567 589 4639 τὴν
624 4565 826 4638 ἀρετὴν
857 4564 976 4636 μεθ’
1012 4563 1320 4636 ὑπερϐολῆς
1368 4562 1732 4629 ἐπεδείξαντο,
1772 4565 1869 4636 τήν

192 4678 255 4715 τε
285 4657 623 4727 ἐλευθερίαν,
659 4657 758 4728 τήν
783 4671 843 4707 τε
874 4654 1332 4708 ἐπιείκειαν.”υτι
1365 4653 1463 4724 μέν
1496 4652 1606 4723 γὰρ
1652 4655 1753 4707 οὐκ
1801 4650 1869 4725 ἦν

192 4748 529 4823 θρασύτητος
563 4748 597 4818 ἡ
630 4744 935 4819 παρρησία,
982 4742 1060 4815 τῷ
1111 4742 1480 4814 καταφιλῆσαι
1527 4742 1730 4811 γόνατα
1773 4743 1868 4796 καὶ

185 4837 369 4892 ποδῶν
401 4836 641 4906 ἅψασθαι
676 4834 912 4906 μάλιστα
940 4832 1147 4899 ἔδειξαν
1168 4850 1183 4864 ·
1214 4831 1375 4887 πάλιν
1401 4833 1482 4884 ὅτι
1504 4830 1677 4884 ταῦτα
1706 4830 1866 4885 κολα-

187 4926 314 4982 νσία
342 4927 442 4979 οὐκ
473 4920 562 4996 ἧν,
592 4924 716 4977 οὐδὲ
748 4921 1144 4993 δουλοπρέπειά
1176 4938 1280 4986 τις,
1320 4920 1442 4973 οὐδὲ
1482 4920 1541 4986 ἐξ
1582 4919 1867 4973 ἀνελευθέ-

184 5033 284 5086 pm
320 5013 546 5083 γνώμης
580 5012 810 5081 ἐγίνετο,
842 5009 913 5063 τά
956 5009 1240 5079 φθάσαντα
1269 5006 1655 5079 ἐμαρτύρησεν
1685 5008 1865 5065 αὐτῶν
1896 5014 1907 5019 ’

182 5102 284 5173 τὴν
315 5101 651 5173 παρρησίαν.
684 5102 757 5153 Ού
785 5098 959 5152 ταῦτα
991 5097 1048 5150 δὲ
1081 5098 1240 5168 μόνον
1268 5097 1376 5149 ἀπδ
1414 5095 1510 5148 τοῦ
1552 5097 1862 5168 πειρασμοῦ

182 5193 254 5246 τὰ
283 5189 426 5243 καλά
455 5186 921 5258 ἐκαρπωσάμεθα,
963 5185 1098 5238 ἀλλά
1130 5184 1224 5238 καὶ
1249 5183 1451 5255 πολλὴν
1482 5184 1859 5257 σωφροσύνην,

183 5279 390 5348 πολλὴν
421 5276 723 5329 ἐπιείκειαν
747 5293 763 5307 ο
808 5274 906 5329 καὶ
951 5276 1317 5345 μοναστήριον
1347 5273 1482 5341 ἡμῖν
1523 5272 1557 5341 ἡ
1591 5272 1745 5336 πόλις
1775 5275 1862 5339 ἐξ-

180 5368 385 5437 αίφνης
414 5363 652 5435 ἐγένετο.
686 5364 800 5417 Ούκ
832 5363 898 5423 ἀν
926 5379 1011 5425 τις
1046 5360 1213 5431 αὐτὴν
1243 5358 1414 5422 οῦτως
1447 5359 1774 5430 ἐκόσμησεν,
1811 5365 1858 5415 εἰ

178 5454 418 5529 χρυσοῦς
452 5453 774 5525 ἀνδριάντας
805 5451 1100 5520 ἀνέστησεν
1122 5460 1143 5488 ο
1168 5447 1269 5539 ἐπὶ
1294 5447 1395 5539 τῆς
1416 5448 1645 5539 ἀγοράς,
1665 5447 1740 5511 ὡς
1763 5450 1857 5503 νῦν

182 5549 297 5599 ἐστι
336 5540 565 5613 λαμπρὰ
594 5541 690 5605 καὶ
727 5538 1033 5611 περιφανὴς
1088 5534 1215 5599 τοῦς
1271 5534 1471 5597 καλοὺς
1512 5534 1614 5604 τῆς
1657 5535 1857 5605 ἀρετῆς

179 5629 505 5700 ἀνδριάντας
556 5626 972 5700 παρασχομένη,
1016 5625 1111 5680 καί
1159 5624 1249 5677 τὸν
1291 5623 1492 5677 οἰκεῖον
1544 5620 1856 5687 ἐπιδείξασα

179 5715 428 5771 πλοῦτον.

265 5804 428 5858 Ἀλλά
452 5804 520 5858 τά
548 5803 700 5875 παρὰ
724 5801 819 5856 τοῦ
853 5800 1116 5873 βασιλέως
1152 5799 1314 5852 λυπεῖ
1337 5815 1350 5829 ·
1388 5799 1502 5854 ἀλλ’
1523 5798 1642 5853 ούδέ
1671 5800 1853 5853 ἐκεῖνα

249 5895 267 5914 ⁸
287 5890 387 5942 Διὶί
412 5901 461 5941 el
481 5892 628 5941 Savil.
653 5891 890 5955 κατεῖχον,
914 5889 1360 5955 ούκᾼέπιτρέποντις.

233 5952 257 5990 1³
287 5954 442 6003 sam.
470 5962 523 6003 et
553 5955 748 6015 quidam
769 5950 853 6003 a'l'ii
874 5953 956 6001 καὶ
980 5950 1130 6000 οὗτοι.

228 6029 249 6049 τ’
290 6014 390 6067 Alii
408 6014 625 6076 ιστησεν.

1194 405 1287 459 AD
1325 404 1653 463 POPULUM
1692 401 2192 462 ANTIOCHENUM
2263 405 2499 464 HOMIL.
2540 406 2707 466 XVII.

3558 413 3671 470 ιτο

1995 522 2092 592 μὲν
2119 518 2211 577 οῦν
2241 524 2498 596 φορτικὰ,
2529 524 2667 579 ἀλλά
2682 526 2777 579 καὶ
2800 524 2937 578 αύτά
2965 524 3103 580 πολὺ
3131 524 3193 579 τὸ
3216 523 3410 597 κέρδος
3443 526 3661 598 ἤνεγκε.

1989 608 2059 661 Τί
2094 609 2204 681 γάρ
2231 611 2485 682 ἐπαχθὲς,
2516 598 2638 665 εἰπέ
2676 626 2789 682 μοι,
2824 612 2932 665 τῶν
2964 612 3303 683 γενομένων;
3333 613 3417 667 ὅτι
3446 613 3546 685 τὴν
3571 614 3668 689 δρ-

1991 698 2234 769 χήστραν
2258 698 2584 770 ἀνέφραξεν,
2621 700 2703 753 ὅτι
2734 699 2826 753 τὸν
2866 700 3199 772 ἱππόδρομον
3231 700 3432 755 ἄϐατον
3472 701 3666 776 ἐποίη-

1992 800 2103 847 σεν,
2143 786 2225 838 ὅτι
2268 785 2366 849 τὰς
2404 786 2503 856 τῆς
2553 785 2817 856 πονηρίας
2861 786 3046 857 πηγὰς
3073 787 3362 841 ἀπέκλεισε
3395 788 3492 842 καὶ
3529 806 3666 845 κατ-

1991 870 2197 942 έχωσε;
2244 874 2396 943 Μηδὲ
2440 873 2754 944 ἀνοιχθῆναι
2801 874 2897 944 μέν
2925 871 3017 928 οῦν
3045 874 3132 946 είη
3161 875 3337 930 ταῦτά
3379 879 3666 933 ποτε.Ἐν⁴

1990 960 2179 1015 τεῦθεν
2203 963 2260 1016 αἰ
2295 961 2442 1032 ῥίζαι
2473 962 2576 1033 τῆς
2599 962 2867 1034 πονηρίας
2912 962 3254 1035 ἐϐλάστησαν
3284 967 3350 1036 τῇ
3374 965 3547 1030 πόλει,
3580 967 3668 1021 ὲν-

1999 1047 2181 1102 τεῦθεν
2209 1049 2258 1101 οἰ
2286 1048 2347 1102 τὸ
2366 1045 2498 1120 ἦθος
2521 1049 2690 1119 αὐτῆς
2715 1049 3093 1114 διαϐάλλοντές
3121 1052 3277 1116 εἰσιν,
3295 1053 3345 1105 οἰ
3364 1052 3464 1117 τὰς
3484 1052 3666 1107 αὐτῶν

1993 1136 2177 1206 φωνάς
2206 1140 2318 1202 τοῖς
2350 1138 2703 1211 ὀρχουμένοις
2750 1139 3077 1206 πωλοῦντες,
3113 1141 3209 1194 καί⁹
3245 1141 3415 1213 τριῶν
3461 1139 3667 1196 ὀϐολῶν

1991 1228 2088 1297 τὴν
2123 1227 2331 1281 ἑαυτῶν
2366 1227 2758 1300 προπίνοντεςδ
2803 1230 3034 1294 ἐκείνοις
3065 1231 3361 1303 σωτηρίαν,
3402 1231 3454 1284 οἰ
3486 1231 3665 1287 πάντα

1991 1312 2105 1366 ἄνω
2130 1314 2226 1367 καὶ
2263 1315 2414 1368 κάτω
2441 1314 2741 1378 κινοῦντες.
2772 1316 2872 1369 Διά
2899 1316 3072 1370 ταῦτα
3099 1318 3409 1388 ἀσχάλλεις,
3445 1320 3665 1392 ἀγαπη-

1990 1397 2086 1464 τέ;
2120 1400 2217 1452 Διά
2264 1400 2436 1455 ταῦτα
2468 1401 2570 1473 μέν
2600 1398 2693 1456 οῦν
2723 1404 2819 1457 καὶ
2855 1404 3066 1474 χαίρειν
3095 1405 3221 1476 χρὴ,
3257 1406 3350 1459 καὶ
3378 1406 3666 1477 εὐφραίνε-

1995 1484 2139 1550 σθαι,
2175 1488 2270 1540 καὶ
2313 1488 2546 1558 χάριτας
2589 1490 2875 1561 ὁμολογεῖν
2899 1490 2975 1561 τῷ
3014 1490 3241 1562 βασιλεῖ,
3272 1493 3352 1545 ὅτι
3383 1493 3415 1563 ἠ
3446 1492 3669 1555 κόλασις

1992 1573 2159 1627 αὑτοῦ
2193 1575 2479 1647 διόρθωσις
2527 1576 2740 1646 γέγονε,
2786 1580 2881 1632 καὶ
2928 1581 2961 1650 ἡ
3010 1581 3250 1651 τιμωρία
3297 1580 3665 1652 παιδαγωγία,

1992 1661 2088 1713 καὶ
2125 1664 2156 1731 ή
2193 1663 2331 1735 ὀργὴ
2366 1662 2863 1719 διδασκαλία.Ἀλλ’
2885 1666 3060 1720 ὅτιτά
3091 1667 3345 1738 βαλανεῖα
3376 1670 3508 1740 ἡμῖν
3535 1669 3672 1722 ἀπο-

1992 1748 2341 1818 κέκλεισται;
2401 1751 2692 1806 ’Λλλόὺδὲ
2741 1751 2901 1807 τοῦτο
2942 1754 3236 1826 ἀφόρητον,
3288 1757 3382 1810 καὶ
3438 1757 3669 1820 ἄκοντας

1990 1836 2117 1899 τοὺς
2147 1836 2235 1889 τὸν
2272 1838 2439 1910 ἀϐρὸν
2459 1840 2555 1892 καὶ
2583 1839 2778 1910 χαῦνον
2801 1851 2825 1879 ο
2856 1840 2951 1894 καί⁵
2979 1840 3359 1913 διαλελυμένον
3393 1841 3508 1913 βίον
3532 1841 3671 1907 ζῶν-

1990 1939 2090 1985 τας
2113 1923 2249 1994 πρὸς
2276 1924 2377 1996 τὴν
2398 1925 2713 1997 φιλοσοφίαν
2739 1929 3104 1998 ἐπαναγαγεῖν
3130 1928 3146 1966 τ
3159 1966 3173 1981 .
3215 1927 3353 1981 Ἀλλ’
3375 1929 3457 1982 ὅτι
3482 1927 3543 1981 τὸ
3568 1927 3670 2001 τῆς

1992 2010 2201 2075 πόλεως
2231 2012 2418 2081 ἀφεῖλε
2448 2014 2687 2086 ἀξίωμα,
2719 2016 2813 2069 καί
2835 2017 3014 2070 ούκὲτι
3042 2016 3325 2069 καλεῖσθαι
3354 2015 3525 2087 αὐτὴν
3558 2032 3669 2087 μη-

1990 2097 2245 2169 τρόπολιν
2275 2098 2489 2165 εἵασεν;
2537 2101 2698 2156 Ἀλλὰ
2727 2104 2780 2156 τί
2811 2104 3031 2175 ποιῆσαι
3055 2103 3254 2175 ἐχρῆν;
3296 2102 3579 2156 ἐπαινέσαι
3598 2103 3668 2156 τὰ

1990 2186 2358 2256 γεγενημένα,
2397 2188 2492 2240 καί⁵
2519 2189 2682 2261 χάριν
2713 2192 3083 2262 όμολογῆσαι;
3120 2191 3230 2244 Καὶ
3248 2188 3332 2253 τίς
3357 2190 3457 2243 οῦκ
3477 2188 3542 2244 ἂν
3565 2191 3666 2244 αύ-

1990 2273 2080 2326 τὸν
2114 2274 2421 2344 ἐμέμψατο,
2442 2277 2523 2330 ὅτι
2544 2278 2662 2331 ούδέ
2691 2280 2851 2351 μέχρι
2880 2281 3158 2351 σχήματος
3189 2278 3502 2345 ἐπεδείξατο
3520 2278 3621 2349 τὴν
3641 2282 3666 2319 ⁸

1990 2361 2402 2434 ἀγανάκτησιν;
2445 2365 2558 2436 Ούχ
2605 2368 2737 2438 ὁρᾷς
2771 2369 2898 2431 τοὺς
2930 2366 3195 2438 πατέρας,
3234 2367 3315 2420 ὅτι
3351 2365 3520 2420 πολλὰ
3557 2383 3668 2419 τοι-

1990 2448 2130 2503 αῦτα
2160 2450 2404 2505 ποιοῦσιν
2427 2454 2508 2515 εἰς
2532 2455 2661 2517 τοὺς
2687 2455 2837 2518 υἰοῦς
2863 2454 2988 2519 τοὺς
3016 2454 3261 2522 ἐαυτῶν;
3296 2454 3667 2526 ἀποστρέφον-

1987 2555 2110 2602 ται,
2161 2540 2258 2592 καὶ
2312 2540 2597 2613 τραπέζης
2647 2541 2916 2612 εἴργουσι.
2965 2542 3135 2596 Τοῦτο
3195 2544 3289 2597 καὶ
3335 2544 3363 2596 ὁ
3413 2542 3667 2614 βασιλεὺς

1989 2628 2213 2699 ἐποίησε
2256 2629 2512 2707 τοιαύτας
2559 2631 2769 2694 ἐπιθεὶς
2796 2630 3086 2701 τιμωρίας,
3122 2629 3329 2702 βλάϐην
3375 2632 3474 2702 μὲν
3515 2631 3665 2684 οὐδερ

1993 2716 2121 2786 μίαν
2149 2717 2400 2787 ἐχούσας,
2436 2718 2640 2790 πολλὴν
2664 2719 2722 2771 δέ
2750 2719 3025 2791 φερούσας
3053 2720 3151 2790 τὴν
3182 2718 3332 2791 [176]
3357 2718 3661 2793 διόρθωσιν.

2002 2803 2285 2874 Ἐννόησον
2328 2806 2450 2861 τίνα
2494 2807 3002 2880 προσεδοκήσαμεν,
3037 2809 3133 2862 καὶ
3167 2807 3290 2862 τίνα
3320 2807 3536 2877 γέγονε,
3570 2810 3667 2875 καὶ

1988 2890 2108 2944 τότε
2145 2892 2381 2962 μάλιστα
2416 2894 2676 2964 εἰσόμεθα
2708 2894 2804 2948 τοῦ
2835 2894 2972 2949 Θεοῦ
3002 2894 3102 2966 τὴν
3126 2894 3307 2967 χάριν.

2071 2979 2281 3048 ’Δλγεῖς
2320 2983 2403 3034 ὅτι
2448 2981 2509 3034 τὸ
2553 2983 2654 3053 τῆς
2682 2983 2888 3048 πόλεως
2922 2982 3141 3053 ἀξίωμα
3175 2983 3490 3053 ἀφῄρηταις
3526 2982 3666 3054 μάθε

1987 3066 2040 3119 τί
2070 3069 2200 3121 ποτέ
2234 3071 2350 3122 ἐστι
2378 3070 2477 3139 τῆς
2518 3070 2727 3133 πόλεως
2756 3070 2996 3141 ἀξίωμα,
3033 3071 3126 3123 καί
3152 3075 3273 3124 τότε
3303 3072 3425 3141 εῐσῃ
3452 3056 3661 3140 σαφῶς,

1984 3159 2066 3211 ὅτι
2114 3158 2208 3211 ἐὰν
2259 3160 2309 3211 οἰ
2352 3158 2627 3223 οἰκοῦντες
2664 3160 2794 3212 αὐτὸ
2830 3158 2904 3230 μὴ
2939 3159 3231 3230 προδῶσιν,
3262 3158 3441 3223 οὐδεὶς
3475 3159 3662 3232 ἔτερος

1985 3245 2281 3314 ἀφελέσθαι
2314 3247 2602 3317 δυνήσεται
2635 3247 2856 3316 ἀξίωμα
2888 3246 3114 3310 πόλεως.
3150 3248 3223 3299 Ού
3252 3247 3356 3299 τὺιι
3386 3246 3664 3318 μητρόπο-

1985 3334 2068 3389 λιν
2100 3330 2261 3400 εἴναι,
2287 3335 2409 3389 οὐδὲ
2437 3335 2497 3388 τὸ
2530 3335 2759 3406 μέγεθος
2786 3334 2931 3406 ἔχειν
2955 3335 3047 3388 καὶ
3072 3335 3271 3399 κάλλος
3297 3334 3663 3407 οἰκοδομημά-

1984 3441 2112 3486 των,
2141 3423 2261 3477 οὐδὲ
2288 3426 2350 3478 τὸ
2381 3422 2607 3487 πολλοὺς
2633 3424 2839 3488 κίονας,
2869 3424 2964 3477 καὶ
2991 3422 3152 3487 στοὰς
3179 3421 3406 3494 εὐρείας.
3433 3422 3527 3476 καί⁸
3565 3439 3664 3476 πι-

1988 3512 2272 3582 ριπάτους,
2323 3512 2445 3566 οὐδὲ
2489 3512 2552 3564 τὸ
2584 3511 2691 3584 πρὸ
2734 3510 2843 3565 τῶν
2884 3510 3058 3565 ἄλλων
3089 3508 3519 3584 ἀναγορεύεσθαι

1984 3601 2141 3663 λεων,
2170 3601 2339 3673 ἀλλ’ἢ
2368 3600 2478 3655 τῶν
2507 3601 2862 3656 ἐνοικούντων
2892 3601 3063 3673 ἀρετὴ
3085 3603 3181 3655 καὶ
3202 3600 3477 3677 εὐσέϐεια,
3501 3599 3662 3676 τοῦτο

1983 3689 2078 3742 καὶ
2107 3687 2324 3761 ἀξίωμα
2355 3689 2449 3743 καὶ
2477 3689 2683 3759 κόσμος
2720 3690 2816 3744 καὶ
2839 3688 3112 3758 ἀσφάλεια
3141 3688 3365 3763 πόλεως,
3389 3688 3466 3755 ὡς
3491 3689 3558 3743 ἂν
3584 3688 3661 3761 μὴ

1981 3774 2142 3829 τοῦτο
2180 3772 2237 3848 ᾗ,
2268 3775 2489 3829 πάντων
2537 3776 2687 3829 ἐστὶν
2721 3775 3100 3847 εὐτελεστέρα,
3141 3774 3243 3829 κᾶν
3275 3775 3475 3847 μυρίας
3508 3773 3662 3850 παρά

1984 3862 2289 3932 βασιλέωνί
2325 3863 2575 3936 ἀπολαύῃ
2604 3863 2791 3934 τιμῆς.
2818 3861 3006 3916 Βούλει
3042 3862 3237 3933 μαθεῖν
3266 3874 3377 3916 σου
3422 3863 3523 3933 τῆς
3564 3862 3661 3918 7:6.-

1980 3950 2117 4013 λεως
2144 3950 2205 4003 τὺ
2230 3949 2446 4020 ἀξίωμα
2470 3968 2484 4017 ;
2519 3950 2697 4022 βούλει
2727 3950 2796 4004 τά
2824 3948 3031 4021 πάτρια
3056 3949 3227 4023 αὐτῆς
3249 3949 3483 4014 εἰδέναι;
3515 3942 3658 4018 Ἐγὼ

1978 4035 2152 4091 ταῦτα
2190 4035 2328 4107 μετά
2352 4036 2641 4108 ἀκριϐείας
2671 4036 2804 4107 ἐρῶ,
2844 4036 2945 4107 οὐχ
2966 4036 3056 4089 ίνα
3107 4034 3286 4107 μάθῃς
3322 4034 3502 4105 μόνον,
3537 4035 3657 4089 ἀλλ’

1982 4125 2068 4178 ῖνα
2090 4125 2185 4178 καὶ
2216 4124 2488 4197 ζηλώσῃς.
2510 4125 2575 4178 Τί
2598 4126 2718 4178 ποτ’
2743 4120 2837 4178 οὖν
2867 4125 2983 4179 ἐστι
3013 4125 3113 4194 τῆς
3140 4122 3269 4195 παρ’
3290 4125 3425 4194 ἡμῖν
3446 4122 3661 4186 πόλεως

1979 4212 2038 4266 τὸ
2072 4212 2330 4284 ἀξίωμα;
2373 4212 2639 4283 Ἐγένετο
2671 4212 2910 4281 πρῶτον
2938 4213 3011 4266 ἐν
3046 4202 3366 4281 Ἀντιοχείᾳ
3390 4210 3532 4279 τοὺς
3547 4228 3659 4282 μα-

1979 4300 2162 4369 θητὰς
2187 4302 2552 4371 χρηματίσαι
2587 4300 3002 4370 Χριστιανούς.
3029 4297 3202 4352 Τοῦτο
3224 4298 3280 4351 δέ
3300 4298 3525 4369 οὐδεμία
3545 4299 3655 4353 τῶν

1978 4388 2120 4444 κατά
2165 4389 2264 4461 τὴν
2310 4388 2635 4460 οἰκουμένην
2666 4388 2780 4460 ἔχει
2808 4387 3038 4450 πόλεων,
3057 4385 3165 4440 οὐδ’
3197 4386 3335 4459 αὑτὴ
3363 4387 3397 4459 ἠ
3438 4386 3654 4458 Ῥωμύ-

1977 4478 2070 4532 λου
2103 4477 2286 4541 πόλιςο
2333 4476 2421 4530 διά
2453 4474 2611 4530 τοῦτο
2645 4476 2785 4548 πρὸς
2823 4476 3041 4530 ἃπασαν
3067 4474 3167 4546 τὴν
3195 4474 3520 4546 οἰκουμένην
3559 4476 3654 4529 ἀν-

1974 4565 2229 4635 τιϐλέψαι
2255 4564 2498 4631 δύναται,
2529 4564 2619 4618 διὰ
2647 4564 2708 4617 τὸ
2735 4562 2957 4635 φίλτρον
2990 4561 3054 4614 τὸ
3080 4560 3210 4633 περί
3254 4558 3350 4614 τὸν
3392 4560 3650 4631 Χριστὸν,

1974 4655 2063 4708 διὰ
2100 4655 2199 4726 τὴν
2236 4655 2572 4727 παρρησίαν,
2618 4652 2707 4708 διὰ
2746 4652 2845 4725 τὴν
2891 4652 3144 4724 ἀνδρείαν
3181 4650 3419 4723 ὲκείνην.
3461 4651 3652 4708 Βούλει

1974 4745 2069 4797 καὶ
2091 4743 2278 4816 ἕτερον
2310 4742 2544 4798 ἀκοῦσαι
2571 4743 2673 4815 τῆς
2699 4741 2908 4805 πόλεως
2936 4740 3154 4811 ἀξίωμα
3197 4738 3292 4792 καὶ
3336 4737 3646 4809 ἐγκώμιον;

1973 4830 2146 4902 Λιμός
2171 4848 2300 4885 ποτε
2326 4829 2709 4901 χαλεπώτατος
2738 4827 2960 4901 ἔμελλεν
2984 4826 3224 4890 ἔσεσθαι,
3259 4823 3355 4877 καὶ
3384 4824 3433 4877 οἰ
3469 4840 3650 4880 κατοιο

1973 4918 2195 4982 κοῦντες
2252 4920 2313 4971 ἐν
2346 4918 2648 4989 Ἀντιοχείᾳ
2694 4915 2925 4987 ὥρισαν,
2975 4912 3158 4976 καθὼς
3202 4911 3498 4981 ηύπορεῖτό
3541 4929 3647 4979 τις,

1971 5005 2185 5076 πέμψαι
2214 5005 2352 5076 πρὸς
2382 5006 2508 5069 τοὺς
2535 5004 2721 5073 ἁγίους
2745 5003 2873 5065 τοὺς
2901 4998 3291 5062 κατοικοῦντας
3325 4999 3383 5052 ἐν
3419 4997 3649 5070 Ἱεροσο-

1979 5090 2181 5162 λύμοις.
2201 5092 2330 5146 Ἰδοὺ
2362 5092 2456 5145 καί
2487 5090 2739 5162 δεύτερον
2767 5087 3005 5159 ἀξίωμα,
3034 5088 3067 5158 ἡ
3106 5086 3165 5138 ἐν
3200 5083 3346 5157 λιμῷ
3387 5085 3647 5157 φιλοφρο-

1972 5178 2126 5250 σύνη.
2158 5180 2233 5233 Οὐ
2282 5177 2619 5232 συνέστειλεν
2647 5176 2846 5239 αὐτοὺς
2889 5176 2919 5228 ὀ
2948 5173 3158 5247 καιρὸς,
3189 5173 3313 5226 οὐδὲ
3352 5172 3645 5243 ὀκνηροτέ-

1972 5284 2097 5336 ρους
2122 5265 2375 5335 ἐποίησεν
2398 5268 2431 5337 ἡ
2456 5264 2555 5334 τῆς
2582 5264 2866 5335 συμφοράς
2890 5261 3186 5334 προσδοκία
3209 5278 3222 5291 ο
3257 5259 3372 5314 ἀλλ’
3394 5261 3484 5314 ὅτε
3505 5258 3639 5313 πάν-

1967 5371 2056 5416 τες
2105 5354 2173 5406 τὰ
2221 5353 2426 5423 ἑτέρων
2482 5351 2843 5421 συλλέγουσι,
2895 5350 3018 5406 τότε
3068 5346 3255 5405 αὐτου
3315 5346 3383 5401 τά
3429 5345 3640 5399 ἑαυτῶν

2026 5512 2173 5580 Mli}
2199 5511 2528 5580 προδιδὲντεςκ
2620 5568 2644 5580 -

2021 5577 2049 5639 ξ
2066 5574 2160 5639 Alii
2178 5574 2260 5639 τὸν
2288 5575 2428 5639 ὑγρὸν
2453 5575 2534 5621 καὶ
2555 5574 2748 5636 χαῦνον.

2031 5635 2050 5673 ι’
2078 5636 2229 5702 Savi].
2250 5635 2456 5702 ἀγαγεῖν.

2025 5702 2050 5778 ς
2075 5692 2383 5778 ῼιιξόέιωςαιίἱ
2405 5694 2862 5778 μέχριιρὴματοςίέπ.
2887 5692 3008 5778 “ys.

2023 5760 2051 5824 ξι
2071 5747 2695 5824 Ᾰίἰὶδῦνῆσετάιίδλὲίῷὶιοξ
2713 5747 2866 5824 τόίγνν
2886 5755 3086 5824 πόλεωςρ
3106 5751 3165 5799 οὗ
3194 5747 3270 5824 τξ·
3376 5809 3402 5824 η
3444 5809 3458 5824 ι

2028 5823 2045 5862 ί
2071 5809 2170 5873 Ilii
2194 5809 2466 5876 οίινῖἰοτει.
2500 5809 2639 5887 παρὸί
2667 5818 2920 5882 βασιλέως.
2965 5809 3118 5865 Paulo
3138 5819 3249 5876 post
3269 5809 3354 5858 alii
3375 5809 3533 5873 βούλει
3577 5815 3637 5862 τι

1960 5902 2177 5999 παίξρῖ
2200 5949 2308 5999 τότε
2331 5946 2515 5998 ἐκεῖνοι.
2541 5942 2669 5997 Infra
2687 5942 2773 5994 alii
2802 5935 3064 5994 Ἰονδαῑκᾶς
3085 5931 3412 5999 ἐπεισάγοντας
3432 5950 3648 6000 name

1968 6006 2139 6073 ρὴσιις.
