4068 6464
398 414 490 466 ιῖἸ

397 535 664 604 προΐεντο,
698 530 818 600 οὐχὶ
847 530 959 590 τοῖς
1000 525 1231 595 παροῦσι
1261 523 1440 592 μόνον,
1467 519 1604 574 ἀλλὰ
1624 519 1715 572 καὶ
1743 519 1855 579 τοῖς
1882 515 2067 604 πόρρω

397 595 743 686 καθημένοις.
766 595 926 673 Ἐἶδες
954 607 1135 661 πίστιν
1163 607 1292 676 περὶ
1318 604 1406 655 τὸν
1435 603 1587 664 Θεὸν,
1612 600 1704 652 καὶ
1729 599 1950 666 ἀγάπην
1973 595 2068 665 τὴν

398 684 632 776 περὶντὸν
655 700 912 771 πλησίον;
946 696 1134 748 Βούλει
1164 695 1259 748 καὶ
1290 693 1476 762 ἕτερον
1514 689 1707 760 μαθεῖν
1738 687 1838 754 τῆς
1862 684 2070 746 πόλεως

396 773 600 861 ταύτης
630 789 883 858 ἀξ-ίωμα;
930 783 1212 855 Κατ-ἦλθόν
1241 798 1386 843 τινες
1425 779 1533 832 ἀπὸ
1562 777 1663 846 τῆς
1699 773 1958 835 Ἰουδαίας
1991 773 2069 834 εἰς

411 858 738 948 Ἀντιόχειαν
787 872 1162 934 ἐπιθολοῦντες
1207 871 1266 923 τὸ
1312 861 1594 938 κήρυγμα,
1645 864 1740 917 καὶ
1778 858 2070 922 Ἰουδαῖκάς

400 965 824 1038 παρεισάγοντες
872 961 1315 1034 παρατηρήσειςο
1362 957 1460 1010 οὐκ
1506 954 1744 1026 ’ήνεγκαν
1798 953 1922 1021 σιγῇ
1971 948 2070 1019 τήν

401 1037 751 1120 καινοτομίαν
796 1050 1012 1110 ἐκεῖνοι,
1049 1047 1167 1099 οὐδέ
1193 1045 1472 1116 ἡσύχασαν
1495 1059 1507 1072 ’
1551 1040 1684 1096 ἀλλὰ
1726 1037 2072 1099 συνελθόντες

401 1140 497 1195 καὶ
541 1137 836 1206 ἐκκλησίαν
883 1136 1208 1206 ποιήσαντες
1237 1175 1250 1197 ,
1297 1135 1377 1197 εἰς
1428 1130 1771 1203 Ἱεροσόλυμα
1819 1126 2071 1196 ἔπεμψαν

402 1226 618 1282 Παῦλον
651 1225 746 1278 καὶ
773 1224 1078 1295 Βαρνάϐαν,
1110 1225 1203 1278 καὶ
1238 1219 1655 1294 παρεσκεύασαν
1682 1218 1808 1278 τοὺς
1839 1214 2073 1269 ἀποστό-

402 1317 527 1379 λους
570 1312 786 1385 καθαρά
829 1311 1095 1383 δόγματα,
1133 1311 1310 1379 πάσης
1346 1306 1641 1376 Ἰουδαϊκῆς
1676 1302 2071 1374 ἀπηλλαγμένα

402 1403 684 1464 ἀσθενείας
721 1441 735 1465 ,
791 1397 1064 1468 πανταχοῦ
1111 1393 1519 1466 διαπέμψασθαι
1572 1394 1671 1463 τῆς
1725 1393 2068 1460 οἰκουμένης.

402 1489 572 1544 Τοῦτο
601 1488 809 1550 πόλεως
841 1485 1078 1556 ἀξίωμα,
1110 1483 1266 1536 τοῦτο
1297 1483 1578 1554 προεδρία,
1608 1479 1767 1532 τοῦτο
1797 1476 2074 1549 μητρόπο-

401 1577 484 1632 λιν
525 1575 693 1644 αὐτην
730 1576 887 1638 ποιεῖ,
922 1573 1024 1626 οὐκ
1055 1573 1110 1625 ἐν
1149 1574 1212 1643 τῇ
1249 1574 1341 1642 γῇ,
1377 1569 1489 1622 ἁλλ’
1527 1569 1582 1620 ἐν
1615 1565 1692 1637 τῷ
1720 1566 1966 1636 οὐρανῷ·
1999 1565 2074 1628 ώς

403 1665 461 1718 αἴ
502 1680 564 1732 γε
609 1662 764 1717 ἄλλαι
797 1663 966 1714 πᾶσαι
995 1661 1151 1729 τιμαὶ
1182 1659 1418 1729 φθαρταὶ
1452 1657 1543 1711 καὶ
1571 1655 1845 1726 ἐπίκηροι,
1877 1655 1971 1708 καὶ
1997 1653 2074 1724 τῷ

404 1751 629 1822 παρόντι
676 1747 1137 1818 συγκαταλύονται
1175 1747 1293 1810 Βίω,
1320 1746 1580 1810 πολλάκις
1617 1745 1674 1798 δὲ
1714 1745 1807 1797 καὶ
1840 1744 1945 1815 πρὸ
1979 1743 2073 1796 τοῦ

403 1837 670 1907 παρόντος
700 1835 813 1906 βίου
841 1835 992 1900 τέλος
1022 1831 1374 1902 λαμϐάνουσι,
1413 1832 1664 1902 καθάπερ
1704 1828 1798 1884 οῦν
1842 1832 1936 1883 καὶ
1981 1829 2074 1883 νῦν

405 1924 613 1980 ἔλαϐον.
634 1924 786 1993 Ἐμοὶ
813 1923 966 1984 πόλις
999 1923 1072 1992 μὴ
1110 1923 1308 1991 ἔχουσα
1349 1919 1568 1982 πολίτας
1599 1919 1866 1988 θεοφιλεῖς
1895 1919 2075 1988 πάσης

405 2011 598 2082 κώμης
637 2012 784 2063 ἐστὶν
826 2009 1202 2083 εὐτελεστέρα,
1235 2010 1328 2062 καὶ
1359 2008 1627 2079 σπηλαίου
1663 2009 1862 2072 παντὸς
1887 2010 2078 2078 ἀτιμο-

403 2101 555 2171 τέρα.
593 2101 700 2153 Καὶ
728 2100 781 2153 τί
807 2099 949 2168 λέγω
975 2100 1102 2170 περὶ
1139 2098 1378 2163 πόλεως;
1406 2099 1522 2152 Ἵνα
1549 2098 1656 2168 γὰρ
1698 2097 1875 2170 μάθῃς
1916 2099 2075 2168 ἀκρι-

406 2188 535 2252 ϐῶς,
570 2188 651 2240 ὅτι
679 2188 847 2259 ἀρετὴ
881 2187 1015 2258 μόνη
1052 2189 1246 2257 κοσμεῖ
1268 2187 1393 2249 τοὺς
1423 2186 1790 2250 ἐνοικοῦντας,
1818 2185 1970 2238 οὐδέν
1997 2202 2077 2238 σοι

404 2276 546 2344 λέγω
577 2293 643 2327 πε
655 2276 706 2347 ρὶ
734 2275 959 2339 πόλεως,
980 2274 1093 2330 ἀλλ’
1112 2274 1138 2326 ὃ
1166 2273 1346 2344 πάσης
1371 2272 1577 2337 πόλεώς
1600 2276 1715 2326 ἐστι
1734 2274 2076 2344 σεμνότερον,

405 2364 496 2417 τὸν
541 2364 634 2417 τοῦ
666 2363 800 2416 Θεοῦ
831 2363 954 2416 ναὸν
989 2363 1079 2416 τὸν
1122 2363 1178 2416 ἐν
1213 2360 1602 2432 Ἰεροσολύμοις
1633 2363 1711 2426 εἰς
1737 2362 1902 2433 μέσον
1931 2363 2081 2430 ἐνεγ-

411 2451 524 2508 κὼν
569 2451 1048 2516 τοῦτο’ἀποδείξαι
1096 2452 1453 2522 πειράσομαι.
1501 2445 1669 2514 Οῦτος
1719 2451 1826 2521 γάρ
1857 2453 1885 2502 ὁ
1933 2451 2078 2514 ναὸς,

410 2545 467 2596 ἐν
511 2532 554 2607 ᾧ
588 2539 767 2592 θυσίαι
794 2539 888 2592 καὶ
919 2539 1074 2608 εὐχαὶ
1107 2539 1201 2592 καὶ
1243 2539 1509 2610 λατρεῖαι,
1541 2537 1670 2591 ἔνθα
1696 2538 1764 2590 τὰ
1790 2538 1955 2605 ’Ἀγια
1975 2537 2081 2590 τῶν

411 2628 604 2696 ἀγίων,
632 2627 726 2680 καὶ
771 2626 837 2679 τά
871 2626 1170 2697 χερουϐὶμ,
1205 2628 1298 2680 καὶ
1347 2626 1496 2698 [I77]
1541 2626 1858 2697 ἡδιαθήκη,
1906 2627 1999 2679 καὶ
2047 2629 2080 2694 ή

413 2718 648 2788 στάμνος
696 2718 728 2787 ἡ
784 2716 983 2787 χρυσῆ,
1012 2716 1080 2769 τά
1122 2716 1330 2786 μεγάλα
1378 2717 1621 2788 σύμϐολα
1659 2717 1760 2786 τῆς
1803 2717 1896 2770 τοῦ
1946 2717 2080 2771 Θεοῦ

413 2804 668 2876 προνοίας
699 2804 796 2874 τῆς
824 2821 890 2856 πε
902 2804 953 2874 ρὶ
976 2805 1036 2856 τὸ
1057 2804 1212 2872 γένος
1235 2805 1430 2869 ἐκεῖνο,
1455 2804 1583 2858 ἔνθα
1609 2806 1846 2876 χρησμοί
1877 2807 2083 2862 ἄνωθεν

413 2895 657 2964 συνεχεῖς
688 2892 964 2964 ἐφέροντο,
1000 2891 1128 2946 ἔνθα
1160 2893 1436 2964 προφῆται
1465 2893 1633 2947 ἔνθεοι
1666 2895 1931 2961 ἐγένοντο,
1956 2894 2084 2949 ἔνθα

410 2983 512 3035 οὐκ
559 2980 906 3053 ἀνθρωπίνης
946 2981 1161 3052 τέχνης,
1195 2981 1329 3035 ἀλλὰ
1362 2982 1462 3051 τῆς
1491 2981 1583 3035 τοῦ
1625 2982 1761 3035 Θεοῦ
1814 2983 2007 3048 σοφίας
2046 2987 2079 3054 ἠ

409 3068 741 3132 διατύπωσις
769 3068 926 3140 ἔργον
954 3070 1182 3137 ἐγίνετο,
1212 3068 1340 3123 ἔνθα
1373 3069 1552 3140 πολλῷ
1579 3069 1842 3123 πάντοθεν
1884 3073 1931 3124 οἱ
1971 3073 2083 3123 τοῖ-

411 3173 496 3228 χοι
528 3155 939 3226 κατελάμποντο
967 3155 1198 3226 χρυσίῳ,
1230 3157 1323 3209 καὶ
1375 3156 1511 3229 πρὸς
1552 3158 1732 3210 πᾶσαν
1779 3157 2084 3229 ὑπερϐολὴν

411 3244 506 3298 καὶ
553 3242 686 3315 ὕλης
735 3242 1052 3300 πολυτέλεια
1087 3243 1180 3299 καὶ
1217 3244 1412 3315 τέχνης
1450 3245 1707 3315 ἀκρίϐεια
1735 3245 2085 3301 συνελθοῦσαι

415 3331 573 3401 μόνον
599 3330 834 3384 τοιοῦτον
866 3330 960 3383 ἐπὶ
981 3331 1081 3400 τῆς
1101 3331 1204 3401 γῆς
1231 3331 1438 3395 ἔδειξαν
1460 3332 1587 3385 ναὸν
1617 3333 1737 3386 τότε
1756 3349 1768 3362 ·
1807 3333 2006 3403 μᾶλλον
2028 3335 2084 3388 δὲ

410 3421 472 3473 οὐ
501 3419 695 3489 τέχνης
729 3417 984 3488 ἀκρίϐεια
1017 3418 1198 3488 μόνον,
1234 3418 1371 3470 ἀλλά
1400 3419 1496 3471 καὶ
1519 3419 1656 3472 Θεοῦ
1687 3419 1847 3489 σοφία
1874 3421 1972 3489 τῆς
2005 3423 2084 3473 οἰ-

413 3507 646 3576 κοδομῆς
674 3503 1016 3573 συνεφήψατο
1044 3505 1280 3574 ἐκείνης.
1317 3505 1392 3558 Οὐ
1420 3506 1528 3576 γὰρ
1549 3505 1781 3569 οἴκοθεν,
1809 3509 1930 3561 οὐδέ
1957 3511 2084 3578 παρ’

415 3592 631 3656 ἑαυτοῦ,
659 3591 795 3648 ἀλλά
827 3593 976 3664 παρά
1009 3592 1104 3645 τοῦ
1137 3592 1272 3645 Θεοῦ
1300 3593 1477 3647 πάντα
1503 3593 1690 3664 μαθὼν
1717 3596 1746 3646 ὁ
1770 3596 2018 3666 Σολομὼν
2035 3611 2083 3661 ει,

416 3681 509 3735 καὶ
537 3680 634 3751 τὴν
670 3679 989 3751 ὑπογραφὴν
1020 3681 1084 3733 ἐκ
1119 3679 1228 3733 τῶν
1254 3681 1499 3752 οὐρανῶν
1527 3681 1890 3751 κατενεγκὼν,
1914 3683 2088 3749 οὐτως

415 3769 576 3822 αὐτὸν
600 3765 887 3838 διεχάραξε
911 3768 1004 3820 καὶ
1030 3767 1346 3839 ἀνέστησεν.
1369 3769 1507 3821 Ἀλλ’
1530 3770 1679 3839 ὅμως
1698 3771 1725 3822 ὁ
1745 3771 1907 3835 καλὸς
1933 3765 2087 3836 οὗτος

415 3858 508 3911 καὶ
559 3855 871 3926 θαυμαστὸς
919 3855 1044 3919 ναὸς
1087 3856 1181 3909 καὶ
1234 3855 1406 3923 ἅγιος,
1438 3856 1546 3909 τῶν
1593 3861 1890 3936 χρωμένων
1935 3861 2087 3933 αὐτῷ

413 3943 840 4015 διαφθαρέντων,
886 3943 1058 4008 οὕτως
1104 3942 1353 4014 ἠτιμώθη
1406 3945 1500 3998 καὶ
1545 3948 1943 4020 κατεφρονήθη,
1993 3953 2087 4004 καὶ

415 4033 605 4102 γέγονε
639 4031 887 4102 βέϐηλος,
912 4030 986 4094 ὼς
1016 4031 1120 4102 πρό
1143 4048 1206 4100 γε
1234 4032 1332 4103 τῆς
1357 4031 1612 4098 ἁλώσεως
1639 4037 1900 4106 σπήλαιον
1923 4039 2086 4094 αὐτὸν

415 4121 696 4177 καλεῖσθαι
721 4120 954 4194 λῃστῶν,
989 4122 1084 4174 καὶ
1119 4120 1380 4192 σπήλαιον
1409 4122 1597 4193 ὑαίνης
1620 4141 1631 4153 ο
1661 4125 1800 4194 μετὰ
1827 4126 1882 4179 δέ
1912 4127 2086 4182 ταῦτα

417 4209 777 4282 βαρϐαρικαῖς
814 4209 908 4261 καὶ
942 4208 1272 4279 ἀκαθάρτοις
1301 4210 1395 4267 κα)⁸
1426 4209 1674 4279 βεϐήλοις
1711 4215 2085 4286 παραδοθῆναι

414 4299 588 4371 χερσί.
626 4299 813 4352 Βούλει
845 4299 939 4351 καὶ
973 4298 1101 4368 περὶ
1133 4298 1338 4351 πόλεων
1357 4299 1383 4337 b
1413 4298 1473 4350 τὸ
1508 4301 1638 4352 αὐτὸ
1667 4302 1825 4355 τοῦτο
1861 4305 2083 4373 μαθεῖνς

416 4388 480 4439 Τί
523 4387 631 4440 τῶν
665 4389 722 4439 ἐν
757 4387 1008 4455 Σοδόμοις
1037 4385 1242 4439 πόλεων
1277 4387 1655 4458 λαμπρότερον
1697 4385 1795 4460 ἧν;
1838 4392 1929 4444 καὶ
1977 4394 2085 4465 γὰρ

416 4475 583 4528 οἰκίαι
613 4474 706 4526 καὶ
733 4473 1140 4542 οἰκοδομήματα
1173 4472 1422 4543 λαμπρὰ,
1452 4477 1543 4528 καὶ
1564 4475 1714 4547 τείχη
1748 4481 1880 4550 παρ’
1903 4482 2084 4547 αὐτοῖς

415 4554 505 4626 ἦν,
535 4558 627 4610 καὶ
676 4557 830 4628 χώρα
868 4557 1075 4627 λιπαρά
1125 4559 1219 4612 καὶ
1263 4559 1493 4627 εὔγειος,
1529 4563 1622 4614 καὶ
1660 4563 1738 4633 τῷ
1772 4567 2113 4641 παραδείσῳ’

415 4643 510 4700 τοῦ
545 4643 679 4696 Θεοῦ
726 4647 1076 4715 προσεοικυῖα
1101 4662 1113 4673 ·
1148 4645 1258 4714 ἠδὲ
1292 4646 1498 4718 καλύϐη
1527 4648 1621 4701 τοῦ
1655 4651 1904 4724 Ἄϐραάμ
1930 4657 2083 4709 εὐτε-

415 4731 516 4804 λὴς
560 4733 652 4785 καὶ
694 4733 884 4802 μικρά,
915 4733 1007 4786 καὶ
1040 4732 1296 4803 οὐδεμίαν
1341 4732 1538 4802 ἔχουσα
1583 4737 1913 4806 ἀσφάλειαν*
1949 4743 2087 4800 ἀλλά

419 4823 655 4893 πολέμου
683 4823 809 4876 ποτέ
832 4822 1122 4894 γενομένου
1153 4823 1509 4895 βαρϐαρικοῦ,
1533 4827 1631 4889 τὰς
1657 4829 1755 4897 μὲν
1783 4831 1966 4897 πόλεις
1987 4837 2086 4901 τὰς

417 4912 690 4980 τειχήρεις
725 4909 1072 4980 κατέσκαψαν
1102 4929 1158 4964 τε
1189 4913 1282 4965 καὶ
1305 4908 1447 4964 εἷλον
1474 4914 1522 4965 οἱ
1546 4914 1828 4986 βάρϐαροι,
1847 4921 2085 4986 καὶτοὺς

419 4997 756 5062 ἐνοικοῦντας
785 4998 1038 5062 λαϐόντες
1069 4999 1447 5070 αἰχμαλώτους
1480 5002 1741 5070 ἀπῆλθον,
1782 5007 1871 5058 τὸν
1898 5006 1954 5060 δὲ
1987 5010 2084 5080 τῆς

419 5084 625 5154 ἐρήμου
665 5085 885 5154 πολίτην
921 5085 1169 5156 Ἀϐραάμ
1199 5088 1298 5139 οὐκ
1332 5087 1570 5157 ἤνεγκαν
1614 5089 1942 5146 ἐπελθόντα“
1991 5097 2087 5150 καὶ

424 5172 566 5242 μάλα
596 5172 820 5235 εἰκότως
839 5189 851 5202 ’
886 5173 982 5242 τῆς
1006 5173 1114 5248 γὰρ
1143 5174 1249 5226 ἀπὸ
1269 5176 1360 5228 τοῦ
1382 5176 1618 5246 πλήθους
1650 5179 1741 5231 καὶ
1763 5181 1870 5235 τῶν
1889 5184 2084 5253 τειχῶν

420 5258 719 5330 ἀσφαλείας
746 5257 924 5330 πολλῷ
959 5261 1180 5330 μείζονα
1217 5258 1328 5332 εἷχε
1366 5262 1613 5334 δύναμιν,
1645 5268 1744 5337 τὴν
1780 5270 2080 5327 εὐσέϐειαν.

421 5352 481 5404 Εἰ
521 5348 846 5421 Χριστιανὸς
898 5344 966 5413 εἴ,
1006 5350 1155 5402 πόλιν
1192 5353 1293 5403 οὐκ
1339 5352 1482 5422 ἔχεις
1515 5355 1608 5407 ἐπὶ
1653 5357 1752 5426 τῆς
1802 5359 1939 5426 γῆς·
1987 5363 2086 5432 τῆς

423 5439 626 5500 πόλεως
652 5437 807 5507 ἡμῶν
828 5437 1073 5507 τεχνίτης
1103 5439 1194 5489 καὶ
1222 5438 1550 5508 δημιουργός
1573 5445 1719 5495 ἐστιν
1742 5448 1768 5498 ὁ
1794 5447 1924 5512 Θεός
1945 5467 1957 5480 ·
1982 5449 2085 5503 κᾶν

424 5521 636 5577 απασαν
681 5524 933 5594 λάϐωμεν
982 5525 1078 5593 τὴν
1111 5526 1453 5595 οἰκουμένην,
1491 5527 1627 5590 ξένοι
1663 5537 1754 5587 καὶ
1778 5540 2081 5610 παρεπίδη-

483 5698 501 5767 ξ
529 5699 619 5767 Ain
642 5707 668 5767 ό
690 5710 916 5762 Μωῡσῆς,
945 5707 1091 5756 male.

485 5757 622 5841 ᾗ.
641 5765 792 5822 Susil,
818 5757 1108 5823 ei-inaxima
1147 5783 1260 5822 nars
1293 5782 1406 5819 mss.
1438 5771 1608 5820 Morel.
1636 5775 1686 5821 el
1709 5774 1850 5835 pauc-3
1872 5767 1952 5825 am
1980 5779 2084 5841 περὶ

444 5819 524 5866 πο)
538 5835 639 5874 εως.

1169 408 1225 462 S.
1263 403 1547 462 JOANNIS
1585 398 2075 455 CllRYSOSTO-Ml
2117 395 2438 451 ARCIIIEP.
2482 393 3034 452 CONSTANTINOP.
3745 394 3837 448 178

2176 529 2264 582 μοι
2297 512 2476 580 πάσης
2509 510 2696 582 ἐσμέν.
2733 511 2827 572 Εἰς
2869 508 2960 561 τὸν
3007 508 3230 578 οὐρανὸν
3275 509 3679 579 ἐνεγράφημεν,
3729 509 3839 560 ἐκεῖ

2171 599 2594 670 πολιτευόμεθα·
2647 601 2721 671 μὴ
2753 597 2894 651 κατά
2919 597 2988 650 τά
3018 598 3202 650 παιδία
3235 596 3304 650 τὰ
3331 598 3506 667 μικρὰ
3532 597 3641 650 τῶν
3673 596 3851 667 μεγά-

2170 686 2278 740 λων
2307 687 2700 762 ύπερορῶντες,
2736 688 2804 740 τά
2838 686 3008 756 μικρά
3040 684 3435 755 θαυμάζωμεν.

2243 775 2317 828 Οὐ
2375 776 2604 846 μέγεθος
2653 775 2881 838 πόλεως,
2911 773 3045 826 ἀλλά
3075 773 3250 843 ψυχῆς
3281 773 3450 843 ἀρετὴ
3491 773 3699 842 κόσμος
3731 771 3846 828 ἐστὶ

2172 863 2268 915 καὶ
2313 864 2601 932 ἀσφάλεια.
2632 863 2694 914 Εἰ
2721 862 2776 915 δέ
2810 862 3026 932 ἀξίωμα
3064 857 3202 914 εἶναι
3231 861 3473 931 νομίζεις
3501 861 3730 926 πόλεως,
3765 863 3850 914 ἐν-

2173 951 2365 1022 νόησον
2400 952 2554 1004 πόσοι
2582 950 2932 1020 πορνοκόποι,
2959 950 3115 1002 πόσοι
3142 949 3376 1019 μαλακοὶ
3394 949 3488 1002 καὶ
3521 949 3852 1020 διεφθαρμέο

2172 1057 2252 1093 νοι
2273 1039 2368 1092 καὶ
2395 1039 2602 1109 μυρίων
2625 1038 2886 1106 γέμοντες
2903 1037 3088 1090 κακῶν
3119 1037 3434 1090 κοινωνοῦσί
3461 1055 3542 1090 σοι
3569 1038 3667 1107 τῆς
3691 1039 3846 1104 ἀξίας

2172 1128 2398 1197 ταύτης,
2423 1127 2518 1180 καὶ
2542 1125 2957 1196 καταφρόνησόν
2987 1142 3118 1177 ποτε
3145 1125 3245 1194 τῆς
3269 1125 3435 1195 τιμῆς
3461 1126 3692 1196 ταύτης.
3711 1127 3849 1179 Ἀλλ’

2175 1218 2275 1270 οὐκ
2303 1217 2484 1285 ἐκείνη
2516 1214 2740 1283 τοιαύτη
2764 1233 2777 1246 ι
2828 1216 2921 1268 καὶ
2955 1215 3064 1286 γὰρ
3089 1213 3349 1267 ἀδύνατόν
3377 1216 3524 1269 ἐστιν
3546 1215 3716 1285 αὐτῆς
3753 1233 3851 1286 με·

2175 1307 2396 1374 τασχεῖν
2425 1304 2516 1357 τὸν
2546 1303 2620 1375 μὴ
2660 1306 2836 1356 πᾶσαν
2867 1303 3271 1373 ἐπιδειξάμενον
3299 1305 3519 1375 ἀρετήν.
3549 1306 3641 1374 Μὴ
3672 1304 3853 1358 τοίνυν

2177 1394 2394 1464 ἀνόητοι
2417 1392 2697 1463 γινώμεθα
2717 1403 2763 1457 ε,
2791 1391 2928 1446 ἀλλὰ
2951 1393 3075 1446 τότε
3099 1392 3374 1463 ἀλγῶμεν,
3401 1395 3529 1446 ὅταν
3549 1393 3610 1445 τὸ
3634 1393 3856 1462 ἀξίωμα

2175 1481 2332 1553 ἡμῶν
2371 1484 2469 1552 τῆς
2500 1482 2677 1551 ψυχῆς
2708 1481 2970 1550 ἀφέληταί
3009 1498 3112 1546 τις,
3143 1482 3272 1534 ὅταν
3299 1482 3573 1552 ἁμαρτίαν
3604 1481 3856 1553 ἐργασώ-

2181 1570 2340 1640 μεθα,
2369 1571 2496 1623 ὅταν
2524 1569 2600 1640 τῷ
2625 1569 2790 1640 κοινῷ
2821 1570 3036 1622 πάντων
3073 1570 3317 1639 Δεσπότῃ
3347 1569 3817 1641 προσκρούσωμεν
3837 1589 3849 1600 ν

2177 1656 2252 1719 ὼς
2295 1657 2365 1709 τά
2395 1674 2459 1725 γε
2499 1656 2593 1709 νῦν
2626 1657 2972 1726 γεγενημένα
3001 1657 3062 1710 οὐ
3106 1657 3265 1727 μόνον
3304 1657 3456 1710 οὐδὲν
3503 1659 3856 1730 παραϐλάςμει

2177 1743 2274 1815 τήν
2306 1745 2480 1809 πόλιν,
2512 1744 2626 1798 ἀλλ’
2657 1744 2751 1797 ἐὰν
2776 1746 3060 1815 νήφωμεν,
3091 1745 3185 1798 καὶ
3211 1745 3484 1816 ὠφελήσει
3505 1746 3573 1799 τὰ
3597 1747 3852 1817 μέγιστα.

2179 1832 2289 1885 Καὶ
2311 1832 2418 1902 γὰρ
2457 1833 2678 1902 γυναικί
2703 1833 2798 1886 νῦν
2829 1833 3002 1886 ἔοικεν
3027 1836 3159 1903 ἡμῖν
3188 1835 3221 1903 ή
3247 1833 3399 1897 πόλις
3434 1835 3734 1904 εὐσχήμονι
3763 1838 3860 1890 καὶ

2179 1920 2439 1992 ἐλευθέρᾳ
2464 1922 2556 1974 καὶ
2582 1920 2856 1991 σώφρονι·
2881 1922 2910 1972 ὁ
2939 1920 3101 1990 φόϐος
3123 1922 3535 1993 ἐπιεικεστέραν
3571 1925 3746 1993 αὐτὴν
3772 1927 3867 1978 καὶ

2181 2011 2513 2081 σεμνοτέραν
2559 2010 2802 2080 ἐποίησε,
2839 2010 2934 2063 καὶ
2983 2009 3090 2063 τῶν
3140 2010 3349 2081 μιαρῶν
3388 2011 3614 2065 ἐκείνων
3655 2013 3765 2063 τῶν
3794 2016 3862 2068 τὰ

2180 2098 2523 2168 γεγενημένα
2565 2098 2952 2168 τολμησάντων
2991 2098 3288 2168 ἀπήλλαξε.
3340 2099 3430 2169 Μὴ
3476 2099 3657 2154 τοίνυν
3705 2099 3861 2172 [I78]

2180 2186 2537 2256 γυναικώδεις
2567 2186 2854 2256 θρηνῶμεν
2883 2185 3143 2258 θρήνουςο
3170 2187 3262 2239 καὶ
3287 2188 3392 2259 γὰρ
3413 2189 3621 2258 ἥκουσα
3648 2188 3864 2242 πολλῶν

2183 2275 2324 2329 κατά
2347 2274 2445 2346 τήν
2476 2273 2968 2345 ἀγορὰν,λεγόντων
2987 2293 2999 2305 ·
3033 2275 3170 2330 Οὐαί
3204 2292 3308 2339 σοι,
3339 2275 3660 2345 Ἀν-τιόχειαί
3691 2275 3744 2328 τί
3781 2293 3865 2329 σοι

2182 2365 2413 2432 γέγονε;
2463 2363 2579 2426 πῶς
2623 2363 2938 2434 ήτιμώθηςς
2975 2365 3069 2417 καὶ
3100 2363 3341 2427 ἀκούσας
3385 2366 3733 2434 κατεγέλασα
3762 2366 3866 2433 τῆς

2183 2451 2441 2520 παιδικῆς
2485 2451 2592 2503 τῶν
2641 2451 2811 2504 ταῦτα
2856 2451 3123 2520 λεγόντων
3175 2453 3434 2516 διανοίας.
3489 2454 3564 2506 Οὐ
3615 2453 3726 2523 γὰρ
3769 2453 3868 2507 νῦν

2183 2537 2358 2593 ταῦτα
2385 2538 2564 2606 λέγειν
2603 2540 2706 2608 χρή
2728 2556 2742 2570 ο
2780 2539 2894 2592 ἀλλ’
2929 2541 3054 2593 ὅταν
3081 2540 3196 2612 ἴδῃς
3227 2541 3611 2612 ὀρχουμένους,
3639 2541 3868 2612 μεθύον-

2183 2643 2304 2690 τας,
2324 2626 2566 2698 ᾄδοντας,
2591 2626 3065 2703 βλασφημοῦντας,
3099 2629 3416 2700 ὀμνύοντας,
3442 2624 3864 2702 ἐπιορκοῦντας,

2184 2713 2570 2785 ψευδομένους,
2607 2717 2724 2769 τότε
2762 2716 2967 2786 ταύτην
3007 2717 3223 2786 ἐπίλεγε
3246 2719 3345 2788 τὴν
3377 2720 3535 2791 ῥῆσιν
3560 2737 3574 2750 ο
3609 2719 3745 2773 Οὐαί
3782 2736 3866 2770 σοι

2187 2803 2375 2866 πόλιςί
2411 2803 2462 2855 τί
2494 2820 2576 2856 σοι
2615 2805 2870 2873 γέγονεν;
2905 2806 2999 2858 ἐάν
3024 2805 3081 2858 δὲ
3123 2806 3236 2878 ἴδῃς
3272 2809 3371 2876 τήν
3411 2807 3615 2880 ἀγοράν
3646 2809 3865 2877 ὀλίγους

2186 2891 2415 2962 ἔχουσαν
2462 2893 2661 2964 ἄνδρας
2693 2895 2957 2958 ἐπιεικεῖς
2989 2896 3084 2948 καὶ
3125 2895 3409 2966 σώφρονας
3455 2897 3549 2950 καὶ
3581 2899 3864 2968 μετρίους,

2189 2982 2459 3052 μακάριζε
2486 2981 2583 3053 τὴν
2611 2982 2766 3036 πόλιν
2807 2984 3040 3055 ἐκείνην.
3087 2983 3252 3038 Οὐδὲν
3284 2985 3392 3056 γὰρ
3429 2987 3462 3056 ἡ
3488 2985 3741 3056 ὀλιγότης
3774 2990 3867 3039 αὐ-

2184 3069 2284 3141 τὴν
2313 3071 2667 3142 παραϐλάφαι
2685 3071 2816 3125 ποτέ
2841 3073 3148 3144 δυνήσεται,
3172 3074 3270 3144 τῆς
3299 3076 3499 3146 ἀρετῆς
3526 3076 3862 3148 προσούσης,

2185 3157 2377 3228 ὥσπερ
2407 3154 2500 3212 οῦν
2543 3158 2604 3211 τὸ
2651 3160 2855 3230 πλῆθος
2879 3161 3030 3214 οὐδὲν
3059 3161 3328 3233 ὠφελήσει
3363 3163 3511 3228 ποτέ,
3541 3164 3741 3228 κακίας
3767 3164 3863 3216 οῦς

2189 3265 2308 3318 σης.
2329 3247 2470 3301 Ἐὰν
2588 3252 2620 3302 ὁ
2654 3249 2900 3318 ἀριθμὸς
2939 3248 3056 3304 τῶν
3084 3249 3232 3305 υἱῶν
3267 3252 3535 3319 Ἰσραὴλ,
3565 3254 3750 3324 φησὶν,
3782 3255 3869 3323 ὡς

2187 3337 2225 3403 ’ἡ
2255 3335 2448 3404 ἅμμος
2480 3335 2591 3403 τῆς
2620 3340 2961 3406 θαλάσσης,
2986 3339 3051 3391 τὸ
3087 3339 3458 3409 κατάλειμμα
3494 3342 3862 3408 σωθήσεται.

2189 3424 2356 3476 Οὐδέν
2389 3441 2456 3493 με
2487 3425 2546 3476 τὸ
2583 3423 2786 3494 πλῆθος
2813 3426 3132 3496 δυσωπῆσαι
3159 3427 3465 3499 δυνήσεται,
3489 3432 3654 3500 φησίν
3674 3448 3690 3462 ο
3719 3431 3865 3486 οὕτω

2189 3513 2284 3564 καὶ
2308 3514 2334 3564 ὁ
2357 3513 2590 3582 Χριστος
2626 3514 2879 3583 ἐποίησεν
2900 3533 2912 3544 ·
2945 3514 3226 3569 ἐταλάνισε
3261 3517 3444 3580 πόλεις
3489 3520 3550 3570 οὐ
3591 3518 3658 3571 δι’
3682 3519 3862 3588 ὀλιγό-

2188 3617 2345 3670 τητα,
2388 3601 2449 3653 οὐ
2475 3599 2564 3652 διὰ
2591 3600 2652 3653 τὸ
2689 3602 2763 3672 μὴ
2798 3598 2938 3654 εἶναι
2979 3605 3372 3674 μητροπόλεις”
3400 3607 3493 3659 καὶ
3537 3607 3635 3675 τὴν
3663 3609 3727 3660 ἹΞ
3741 3627 3869 3678 Pw"

2192 3688 2371 3760 σαλὴμ
2424 3689 2584 3741 πάλιν
2628 3689 2694 3741 δι’
2725 3689 2856 3741 αὐτὸ
2902 3690 3060 3745 τοῦτο
3109 3692 3424 3746 ἐταλάνισεν
3465 3693 3607 3748 οὕτω
3653 3696 3865 3763 λέγων’

2200 3776 2617 3845 Ἰερουσαλὴμ,
2657 3778 3084 3847 Ἰερουσαλὶυι,
3138 3783 3173 3848 ἡ
3224 3782 3666 3836 ἀποκτείνουσα
3722 3785 3870 3851 τοὺς

2190 3861 2520 3932 προφήτας,
2570 3863 2671 3916 καί
2717 3867 3128 3920 λιθοϐολοῦσα
3180 3869 3323 3934 τοὺς
3367 3870 3869 3940 ἀπεσταλμένους

2189 3952 2340 4019 πρὸς
2367 3951 2582 4021 αὐτήν,
2615 3951 2680 4005 Τί
2712 3953 2822 4024 γάρ
2865 3971 2955 4024 μοι
2989 3955 3050 4008 τὸ
3082 3957 3282 4027 πλῆθος
3321 3957 3510 4027 ὄφελος
3537 3960 3714 4029 φέρει,
3741 3964 3867 4015 εἰπέ

2192 4057 2302 4110 μοι,
2337 4040 2401 4093 ἂν
2439 4041 2577 4110 μετά
2621 4039 2877 4115 κακίαςῇ
2915 4044 3361 4114 πολιτευόμενον;
3404 4049 3726 4102 Τούναντίον
3765 4051 3869 4115 μὲν

2188 4124 2280 4181 οὖν
2309 4129 2402 4180 καὶ
2437 4127 2634 4197 βλάϐος
2663 4128 2771 4181 ἀπὸ
2798 4130 2992 4183 τούτου
3021 4133 3250 4200 γίνεται.
3283 4135 3397 4188 Νῦν
3429 4133 3521 4189 οῦν
3546 4136 3612 4189 τὰ
3637 4154 3868 4208 γεγενη-

2193 4216 2330 4286 μένα
2366 4215 2511 4269 κακά
2553 4217 2605 4268 τί
2645 4217 2773 4270 ἄλλο
2812 4219 3145 4288 εἰργάσατο;
3181 4223 3278 4293 οὐχ
3324 4225 3355 4293 ἠ
3397 4224 3658 4296 ῥᾳθυμία,
3701 4228 3798 4280 καὶ
3828 4231 3864 4299 ἡ

2188 4304 2466 4375 ὀλιγωρία,
2498 4307 2592 4357 καὶ
2632 4307 2664 4376 ή
2707 4307 2978 4378 μοχθηρία
3021 4309 3128 4362 τῶν
3161 4311 3537 4380 ἐνοικούντων;
3579 4315 3652 4384 μή
3703 4333 3757 4368 τι
3799 4319 3868 4370 τὸ

2191 4391 2403 4461 ἀξίωμα
2428 4393 2524 4462 τὴν
2559 4393 2711 4445 πόλιν
2739 4394 3008 4465 ὠφέλησε,
3045 4399 3118 4465 μή
3153 4416 3202 4451 τι
3237 4400 3298 4452 τὸ
3331 4401 3556 4470 μέγεθος
3590 4403 3691 4473 τῆς
3716 4406 3866 4458 οἰκο-

2189 4479 2375 4549 δομῆς,
2429 4483 2500 4552 μή
2543 4499 2593 4533 τι
2625 4482 2684 4534 τὸ
2714 4485 3047 4554 μητρόπολιν
3078 4487 3248 4558 αὐτὴν
3293 4485 3463 4555 εἶναι;
3498 4492 3560 4544 Εἰ
3601 4492 3657 4544 δὲ
3710 4494 3867 4563 παρά

2193 4568 2400 4635 βασιλεῖ
2425 4567 2501 4639 τῷ
2530 4570 2622 4622 ἐπὶ
2653 4569 2752 4640 τῆς
2790 4572 2894 4641 γῆς
2923 4573 3075 4627 οὐδὲν
3110 4576 3281 4645 αὐτῆς
3319 4577 3477 4630 τοῦτο
3506 4580 3866 4651 ἁμαρτούσης

2191 4656 2451 4727 προέστη,
2486 4657 2622 4710 ἀλλά
2660 4659 2836 4712 πάντα
2873 4663 3054 4715 ἐκεῖνα
3099 4665 3395 4736 ἀφῄρηται,
3431 4669 3611 4739 πολλῷ
3662 4671 3865 4740 μᾶλλον

2191 4743 2341 4814 παρά
2377 4744 2454 4814 τῷ
2491 4747 2733 4817 Δεσπότῃ
2764 4747 2871 4800 τῶν
2912 4751 3161 4818 ἀγγέλων
3186 4755 3335 4808 οὐδὲν
3359 4758 3528 4827 αὐτῆς
3556 4757 3616 4810 τὸ
3643 4759 3864 4831 ἀξίωμα

2189 4834 2554 4903 προστήσεται
2585 4834 2776 4886 τοῦτο·
2821 4837 2973 4890 οὐδὲν
3003 4839 3112 4909 γὰρ
3143 4844 3291 4911 ἡμᾶς
3322 4844 3597 4915 ὠφελῆσαι
3635 4847 3864 4919 δυνήσε-

2187 4937 2276 4972 ται
2304 4919 2444 4974 κατά
2477 4920 2575 4992 τὴν
2599 4922 2812 4993 ἡμέραν
2839 4925 3072 4996 ἐκείνην,
3093 4929 3153 4980 τὸ
3191 4931 3522 5000 μητρόπολιν
3553 4935 3742 4998 οἰκεῖν,
3766 4940 3862 4989 καὶ

2190 5006 2351 5070 στοὰς
2380 5007 2607 5076 ἐχουσαν
2635 5009 2855 5079 εὐρείας
2887 5013 2978 5065 καὶ
3008 5014 3073 5066 τὰ
3100 5016 3234 5068 ἄλλα
3266 5018 3554 5088 ἀξιώματα
3580 5023 3648 5073 τά
3670 5022 3861 5075 τοιαῦ-

2187 5113 2272 5149 τα.
2303 5097 2412 5147 Καὶ
2442 5095 2492 5147 τί
2520 5095 2661 5163 λέγω
2688 5097 2830 5150 κατὰ
2857 5099 2953 5169 τήν
2982 5103 3196 5171 ἡμέραν
3236 5106 3484 5178 ἐκείνην;
3511 5110 3591 5172 εἰς
3617 5110 3726 5180 γὰρ
3769 5111 3861 5164 τὸν
3935 5139 3940 5144 ι

2190 5184 2433 5254 παρόντα
2466 5184 2578 5252 βίον
2609 5185 2660 5236 τί
2695 5203 2754 5238 σε
2793 5185 3073 5258 ὠφελῆσαι
3112 5191 3398 5262 δυνήσεται
3431 5196 3492 5247 τὸ
3527 5199 3863 5268 μητρόπολιν

2189 5266 2327 5324 εἷναί
2359 5288 2450 5322 σου
2475 5271 2573 5341 τὴν
2608 5273 2800 5338 πόλιν;
2832 5270 2940 5344 ἆρα
2965 5277 3142 5331 οίκίαν
3180 5297 3263 5343 τις
3298 5283 3480 5346 κακῶς
3509 5266 3860 5360 διακειμένην

2188 5357 2296 5446 ἀπὸ
2317 5358 2508 5446 τούτου
2535 5358 2865 5446 διώρθωσεν,
2911 5362 2942 5434 ἢ
2989 5365 3249 5434 πρόσοδόν
3282 5387 3401 5423 τινα
3437 5373 3616 5442 ἔσχεν,
3669 5375 3700 5446 ἢ
3751 5357 3859 5430 ἀπὺ

2186 5443 2286 5512 τῆς
2311 5443 2466 5508 ἀξίας
2491 5445 2695 5516 ταύτης
2725 5448 2964 5519 ἀθυμίαν
2996 5453 3398 5525 ἀπεκρούσατο,
3427 5460 3458 5528 ἢ
3483 5443 3732 5531 σώματός
3760 5467 3858 5538 ἀρ.

2189 5532 2424 5600 ρωστίαν
2454 5533 2703 5598 ἔλυσενά,
2730 5537 2762 5606 ἢ
2796 5539 2996 5594 κακίαν
3020 5541 3198 5613 ψυχῆς
3234 5538 3500 5612 ἀπέθετο;
3525 5549 3617 5620 Μὴ
3648 5532 3854 5614 παίζω-

2191 5635 2310 5686 μεν,
2341 5621 2634 5690 ἀγαπητοὶ,
2666 5623 2799 5692 μηδὲ
2829 5626 2966 5696 πρὸς
3007 5628 3105 5692 τὰς
3150 5630 3260 5684 τῶν
3307 5633 3516 5688 πολλῶν
3558 5637 3850 5708 ὑπολήψεις

2253 5779 2274 5848 1:
2468 5771 2520 5816 et
2539 5771 2678 5848 {nulli
2701 5787 2816 5831 mss.
2837 5785 3212 5848 γάνοηταίνωμεν.

2251 5836 2277 5875 ιι
2305 5837 2501 5886 Ἒλνσεν
2525 5839 2667 5887 deest
2691 5855 2739 5891 ιο
2763 5836 3050 5908 quibusdam
3073 5836 3431 5912 uianuscriplis.
