4068 6428
318 439 387 495 ’Π
1164 425 1256 480 AD
1294 418 1615 479 POPULUM
1651 410 2141 474 ANTIOCHENUM
2202 411 2430 469 HOMIL.
2470 410 2637 468 XVII.
3457 407 3560 462 178

286 566 387 607 nec
414 546 765 619 praesentibus
803 550 1030 607 tantum,
1057 552 1240 594 verum
1276 546 1332 591 et
1355 536 1514 604 longe
1538 528 1867 587 sedentibus.

292 640 479 698 Vidisti
513 638 671 692 fidem
699 637 751 690 in
782 635 968 697 Deum,
1018 639 1074 687 et
1116 629 1389 684 caritatem
1442 626 1496 680 in
1538 619 1874 695 proximum?

293 731 385 793 Vis
410 738 466 783 et
492 728 651 782 aliam
677 724 908 780 civitatis
940 721 1098 790 hujus
1136 718 1344 772 discere
1368 710 1718 785 dignitatem?
1774 710 1877 764 De-

288 821 612 878 scenderam
637 816 850 887 quidam
872 828 936 868 ex
960 810 1141 867 Iudaea
1167 806 1526 870 Antiochiam,
1556 799 1874 874 perturban-

291 925 373 969 tes
399 910 854 983 praedicationem,
895 913 950 959 et
993 901 1240 958 Judaicas
1282 898 1593 953 indecentes
1620 893 1875 947 observa-

294 982 471 1061 tiones
498 1004 634 1075 (Act.
668 1000 755 1055 15.
784 996 860 1070 1).
889 996 1003 1051 Non
1031 994 1190 1049 tacite
1217 991 1451 1046 tulerunt
1481 987 1555 1041 illi
1580 982 1879 1040 innovatio-

294 1112 439 1160 nem,
478 1108 579 1150 nec
615 1092 1012 1162 acquieverunt,
1052 1085 1147 1141 sed
1192 1082 1571 1139 convenientes
1609 1085 1664 1132 et
1704 1074 1879 1129 eccle-

296 1190 430 1244 siam
482 1185 777 1248 facientes,
825 1178 1214 1249 Jerosolymam
1261 1173 1481 1228 Paulum
1524 1168 1786 1224 miserunt
1825 1172 1883 1219 et

298 1278 612 1340 Barnabam,
646 1282 702 1329 et
743 1269 1035 1328 effecerunt
1079 1275 1138 1321 ut
1174 1264 1400 1334 apostoli
1430 1261 1675 1331 dogmata
1710 1273 1740 1312 a
1787 1256 1882 1312 Ju-

296 1369 447 1424 daiea
499 1365 808 1421 infirmitate
861 1374 993 1429 pura
1043 1355 1232 1428 quovis
1278 1362 1538 1408 terrarum
1587 1348 1881 1405 mitterent.

299 1460 423 1516 llaec
445 1457 673 1514 civitatis
696 1454 947 1524 dignitas,
978 1450 1093 1504 haec
1120 1444 1448 1517 praestantia,
1479 1442 1581 1496 hoc
1611 1441 1778 1510 ipsam
1809 1438 1883 1493 fa-

298 1552 371 1606 cit
397 1547 759 1616 metropolim,
805 1558 910 1597 non
951 1542 1001 1595 in
1049 1548 1210 1602 terra,
1260 1535 1357 1591 scd
1402 1535 1455 1588 in
1502 1533 1655 1588 caelo.
1705 1531 1884 1599 Itaque

299 1655 488 1696 omnes
537 1637 625 1692 alii
670 1636 899 1690 honores
947 1628 1317 1698 corruptibiles
1358 1632 1484 1680 sunt
1522 1632 1578 1678 ct
1616 1620 1801 1677 caduci
1831 1627 1887 1674 et

300 1748 422 1789 cum
472 1728 720 1801 praesenti
768 1726 874 1779 vita
923 1723 1233 1782 solvuntur;
1281 1717 1589 1788 frequenter
1627 1719 1886 1768 autemet

301 1834 425 1880 ante
450 1830 768 1893 praesentem
811 1818 973 1871 vitam
1017 1814 1176 1867 linem
1222 1810 1463 1865 habent:
1494 1808 1632 1862 sicut
1668 1813 1722 1859 et
1748 1816 1887 1856 llllllc

303 1919 487 1988 utique
511 1916 828 1971 habuerunt.
859 1909 983 1964 Mihi
1012 1906 1201 1962 civitas
1236 1917 1342 1959 non
1379 1901 1581 1956 habens
1608 1898 1724 1969 pios
1744 1895 1888 1950 cives

303 2010 449 2067 omni
474 2008 599 2063 villa
630 2005 787 2059 vilior
831 2010 934 2069 est,
985 2007 1038 2056 et
1077 2009 1416 2070 quacumque
1451 1992 1704 2062 Spelunca
1734 1988 1887 2059 igno-

303 2102 481 2160 bilior.
510 2100 579 2155 Et
603 2097 730 2169 quid
755 2096 878 2152 dico
915 2092 983 2149 de
1028 2089 1278 2147 civitate?
1316 2086 1388 2144 Ut
1425 2084 1569 2141 enim
1608 2083 1890 2152 diligenter

303 2195 480 2250 discas
506 2192 755 2246 virtutem
791 2187 961 2243 solam
989 2185 1133 2239 cives
1172 2193 1383 2244 ornare,
1432 2175 1564 2230 nihil
1594 2173 1687 2228 tibi
1716 2172 1784 2226 de
1810 2170 1890 2225 ci-

307 2286 469 2341 vitate
491 2283 634 2345 dico,
675 2278 770 2335 sed
799 2277 941 2350 quod
985 2283 1068 2331 est
1090 2272 1239 2328 omni
1268 2269 1483 2326 civitate
1509 2262 1886 2327 venerabilius,

307 2374 807 2446 Jerosolymitanum
850 2368 942 2424 Dei
969 2365 1223 2436 templum
1268 2362 1322 2417 in
1359 2359 1594 2416 medium
1635 2355 1889 2420 efferens,

309 2469 413 2524 hoc
452 2467 822 2522 demonstrare
871 2458 1128 2515 conabor.
1175 2456 1288 2510 Hoc
1329 2452 1470 2508 enim
1515 2448 1792 2519 templum,
1840 2445 1893 2498 in

307 2573 415 2629 quo
444 2554 704 2612 sacriﬁcia
729 2561 783 2607 et
806 2549 1075 2606 orationes
1101 2554 1155 2602 et
1183 2545 1379 2610 cultus,
1406 2541 1497 2597 ubi
1526 2545 1710 2595 sancta
1767 2551 1893 2593 san-

307 2656 542 2710 ctomm,
556 2654 611 2701 et
631 2642 1007 2706 Cherubim,et
1031 2638 1454 2699 Testamentum,
1481 2639 1536 2688 et
1558 2644 1690 2685 urna
1712 2642 1894 2691 aurea,

309 2753 502 2811 magna
531 2736 725 2793 indicia
753 2733 947 2789 divinae
976 2730 1120 2787 circa
1145 2742 1314 2798 genus
1341 2723 1470 2780 illud
1508 2718 1856 2794 providentiae
1881 2734 1896 2772 :

309 2832 402 2889 ubi
444 2830 658 2886 oracula
702 2839 935 2904 superne
971 2821 1223 2878 continua
1268 2817 1594 2878 ferebantur,
1635 2812 1724 2867 ubi
1772 2824 1898 2879 pro-

312 2923 490 2995 phetae
516 2920 698 2975 divino
730 2916 1047 2972 amabantur
1084 2911 1338 2967 numine:
1369 2907 1457 2962 ubi
1501 2920 1607 2960 non
1652 2903 1899 2956 humanae

312 2994 465 3080 artis,
490 3010 586 3067 sed
610 3010 803 3065 divinae
827 3005 1102 3076 sapientiae
1130 3011 1286 3074 typus
1313 3007 1429 3054 erat
1457 3015 1471 3053 :
1497 2996 1589 3052 ubi
1615 2994 1782 3049 multo
1804 3008 1899 3061 pa-

313 3106 476 3161 rietes
496 3100 729 3168 undique
754 3097 1026 3168 fulgebant
1056 3107 1208 3158 auro,
1248 3099 1304 3146 et
1339 3102 1498 3159 supra
1533 3099 1750 3141 onmem
1781 3097 1899 3136 mo-

313 3185 441 3251 dum
486 3201 599 3247 tum
646 3188 885 3244 materiae
932 3182 1317 3257 pretiosissima
1359 3179 1585 3250 species,
1632 3187 1742 3230 tum
1775 3172 1904 3227 artis

315 3283 589 3354 diligentia
628 3279 924 3349 conjuncta:
972 3276 1145 3331 solum
1194 3287 1355 3342 super
1409 3280 1605 3325 terram
1649 3264 1902 3333 templum

316 3374 621 3449 huiusmodi
651 3382 777 3428 tunc
818 3371 983 3425 fuisse
1022 3368 1532 3423 demonstraverunt
1571 3378 1585 3414 :
1629 3359 1736 3412 imo
1776 3370 1905 3410 vero

318 3447 424 3525 non
451 3467 583 3522 artis
610 3474 814 3520 tantum
839 3461 1133 3531 diligentia,
1173 3471 1362 3512 verum
1407 3463 1463 3510 et
1513 3452 1606 3507 Dei
1647 3447 1906 3519 sapientia

318 3560 478 3616 simul
526 3557 657 3613 illud
698 3554 903 3610 ornavit
932 3550 1237 3606 aedilicium.
1277 3546 1395 3603 Non
1425 3544 1567 3600 enim
1593 3557 1662 3598 ex
1692 3538 1908 3610 proprio

320 3663 470 3719 nutu,
512 3664 610 3705 nec
642 3664 672 3702 a
715 3645 1025 3714 semetipso,
1051 3641 1145 3698 sed
1170 3655 1201 3694 a
1228 3640 1338 3694 Deo
1383 3643 1573 3693 cuncta
1610 3632 1862 3689 Salomon
1890 3630 1907 3661 ¹

322 3743 536 3798 discens
585 3748 640 3795 et
684 3736 1097 3805 descriptionem
1118 3731 1324 3786 caelitus
1345 3728 1603 3790 referens,
1628 3724 1706 3778 sic
1735 3723 1908 3791 ipsum

323 3831 638 3903 designavit,
683 3836 739 3884 et
775 3827 945 3883 erexit
977 3826 1052 3897 (5.
1096 3822 1226 3892 Reg.
1252 3820 1330 3891 6).
1366 3818 1744 3874 Verumtamen
1777 3823 1912 3867 tem-

325 3926 468 3995 plum
497 3931 604 3977 tam
632 3919 936 3991 pulchrum,
963 3924 1020 3971 et
1037 3912 1300 3978 mirabile,
1328 3922 1383 3967 et
1414 3918 1679 3975 sanctum,
1707 3904 1911 3961 utenti-

327 4018 426 4073 bus
454 4014 573 4086 ipso
598 4010 837 4082 perditis,
864 4018 1023 4064 tantae
1058 4005 1363 4077 ignominiae
1406 4000 1640 4056 habitum
1668 4007 1768 4064 est,
1810 3996 1914 4051 sic-

325 4121 430 4176 que
471 4110 835 4171 contemptum
863 4107 920 4155 et
945 4096 1223 4169 profanum
1267 4093 1554 4158 redditum,
1587 4100 1644 4145 ut
1667 4097 1793 4143 ante
1821 4102 1914 4142 ca-

330 4197 623 4269 ptivitatem
637 4192 850 4265 quidem
863 4190 1117 4261 spelunca
1130 4194 1414 4242 vocaretur
1429 4178 1913 4252 latronum(Mauli.

329 4291 419 4344 2t.
448 4288 560 4358 i5),
598 4294 652 4341 et
690 4284 943 4355 spelaeum
986 4281 1220 4352 hyaenae;
1257 4285 1379 4347 post
1422 4274 1537 4329 haec
1564 4289 1692 4328 vero
1718 4272 1937 4327 barba-.

332 4383 458 4436 riets
480 4388 537 4435 et
581 4375 875 4431 immundis
903 4382 957 4428 et
1000 4369 1235 4442 profanis
1274 4366 1516 4421 manibus
1546 4363 1796 4417 traditum
1824 4361 1914 4415 sit.

336 4470 429 4525 Vis
457 4466 597 4524 etde
620 4467 834 4521 civitate
864 4463 964 4518 hoc
1007 4461 1150 4517 idem
1180 4456 1422 4513 discere?
1443 4454 1577 4520 Quid
1597 4452 1847 4508 Sodomis
1868 4459 1918 4507 et

334 4559 634 4631 conjunctis
661 4554 964 4613 civitatibus
1003 4551 1101 4607 fuit
1131 4546 1471 4620 praeclarius?
1495 4545 1705 4600 Etenim
1732 4544 1923 4600 domus

338 4665 392 4712 et.
443 4653 665 4710 aedificia
713 4646 1012 4721 splendida,
1045 4654 1099 4701 et
1142 4644 1369 4713 parietes
1413 4637 1758 4710 pulcherrimi
1784 4635 1923 4707 apud

340 4761 484 4819 Ipsos
509 4751 680 4810 erant,
713 4750 769 4797 et
815 4739 963 4808 regio
1005 4735 1216 4806 pinguis
1239 4742 1295 4789 et
1339 4733 1550 4796 fertilis,
1598 4740 1651 4785 et
1678 4728 1925 4799 paradiso

339 4840 435 4896 Dei
471 4835 797 4897 assimilata;
840 4831 973 4886 cella
1012 4842 1139 4884 vero
1178 4824 1467 4881 Abrahami
1493 4823 1612 4878 vilis
1649 4832 1704 4876 et
1742 4835 1923 4891 parva,

338 4943 394 4990 ct
438 4930 643 4987 nullum
681 4927 885 4983 habens
923 4924 1195 4979 munimen
1229 4938 1242 4974 :
1271 4918 1365 4975 sed
1391 4927 1579 4972 exorto
1611 4913 1929 4985 quandoque

340 5026 485 5085 bello
504 5022 802 5087 barbarico,
822 5020 982 5075 urbes
998 5015 1213 5088 quidem
1228 5011 1492 5068 maenihus
1509 5010 1740 5064 munitas
1768 5005 1930 5061 suffo-

341 5119 537 5175 derunt
559 5123 614 5171 et
637 5119 897 5183 ceperunt
934 5107 1167 5170 barbari,
1200 5113 1254 5159 et
1274 5102 1477 5158 incolas
1501 5100 1738 5170 captivos
1773 5096 1913 5151 abdu

343 5218 527 5266 centes
563 5206 806 5261 abierunt
844 5219 858 5257 :
895 5198 1197 5256 solitudinis
1233 5203 1410 5249 autem
1444 5193 1615 5248 civem
1659 5188 1930 5245 Abraham

344 5304 682 5373 ingruentem
705 5311 810 5350 non
838 5294 1092 5350 tulerunt.
1121 5289 1231 5345 Nec
1255 5286 1551 5350 immerito;
1581 5280 1933 5338 multitudinis

344 5398 489 5451 enim
517 5402 571 5447 et
591 5404 866 5445 murorum
892 5382 1185 5440 munimine
1222 5378 1389 5433 multo
1417 5375 1670 5446 majorem
1701 5375 1805 5429 vim
1835 5373 1932 5425 ha-

347 5489 526 5553 bebat,
548 5486 798 5557 pietatem
825 5480 1047 5536 scilicet.
1090 5477 1145 5532 Si
1176 5470 1508 5529 Christianus
1551 5485 1631 5535 es,
1667 5469 1932 5522 civitatem

348 5595 457 5636 non
500 5578 664 5631 habes
715 5587 876 5643 super
908 5579 1124 5626 terram.
1159 5565 1399 5622 Civitatis
1447 5570 1643 5616 nostrae
1680 5559 1858 5629 epifex
1884 5564 1939 5611 et

347 5670 678 5727 architectus
700 5676 782 5722 est
807 5666 946 5719 Deus
970 5679 985 5717 :
1015 5661 1139 5717 licet
1176 5670 1390 5713 omnem
1426 5651 1697 5723 capiamus
1724 5648 1933 5713 orbem,

351 5764 592 5835 hospites
616 5770 669 5815 et
690 5757 954 5830 peregrini
976 5753 1140 5811 totius
1163 5762 1364 5808 sumus.
1395 5744 1450 5802 In
1471 5742 1658 5801 caelum
1683 5740 1939 5811 adscripti

418 5888 435 5917 ί
473 5882 577 5941 Alii.
608 5891 814 5944 Moyses:
836 5873 966 5926 male

1975 536 2181 589 sumus,
2213 522 2321 577 illic
2342 536 2728 578 conversamur
2753 539 2767 577 :
2806 537 2912 577 non
2942 535 3226 591 puerorum
3264 536 3416 577 more
3444 534 3564 591 par-

1977 630 2165 670 vorum
2194 629 2382 685 magna
2407 621 2829 679 contemnentes,
2861 627 3023 682 parva
3051 613 3397 667 admiremur.

2052 705 2174 760 Non
2199 705 2512 777 magnitudo,
2536 704 2624 759 sed
2643 705 2803 776 pietas
2834 704 3060 758 civitates
3085 711 3318 758 exornat.
3345 732 3418 743 —
3442 700 3558 757 Non

1979 797 2210 853 civitatis
2238 795 2567 866 magnitudo,
2596 793 2691 851 sed
2711 794 2873 848 animi
2894 793 3061 847 virtus
3082 802 3452 847 ornamentum
3483 801 3565 846 est

1981 899 2036 946 et
2064 890 2475 944 munimentum.
2507 888 2564 941 Si
2599 902 2726 941 vero
2755 886 2983 940 civitatis
3010 900 3219 955 quoque
3251 884 3562 954 dignitatem

1983 990 2102 1036 eSSe
2131 980 2404 1051 putaveris
2451 979 2887 1050 magnitudinem,
2929 978 3103 1047 cogita
3144 985 3273 1047 quot
3322 978 3561 1042 lenones,

1983 1080 2113 1143 quot
2138 1072 2328 1126 molles
2358 1079 2414 1126 et
2445 1070 2659 1140 perditi,
2698 1077 2754 1124 et
2791 1068 3081 1123 innumeris
3118 1068 3260 1138 pleni
3301 1068 3457 1122 malis
3480 1068 3565 1122 di-

1984 1164 2170 1234 gnitati
2194 1163 2316 1218 huic
2343 1164 2763 1227 communicant,
2794 1171 2847 1216 et
2872 1163 3084 1215 tandem
3113 1160 3254 1215 hunc
3282 1170 3565 1215 contemne

1987 1257 2266 1312 honorem.
2298 1255 2406 1312 Sed
2437 1270 2541 1309 non
2579 1255 2668 1310 ille
2711 1254 2830 1308 talis
2872 1263 2952 1310 est
3002 1270 3015 1307 :
3064 1269 3170 1307 non
3212 1255 3355 1307 enim
3405 1252 3570 1322 ipsius

1984 1358 2190 1419 partem
2221 1364 2414 1420 capere
2441 1350 2563 1403 licet
2584 1348 2681 1413 illi,
2703 1346 2796 1416 qui
2819 1360 2922 1400 non
2953 1360 3167 1400 omnem
3190 1344 3437 1398 exhibeat
3463 1343 3572 1397 vir-

1990 1450 2174 1497 tutem.
2210 1441 2290 1497 Ne
2326 1441 2485 1512 igitur
2511 1441 2658 1496 stulti
2708 1440 2917 1502 fiamus,
2967 1421 3062 1493 scd
3112 1446 3238 1492 tunc
3274 1437 3569 1500 doleamus,

1987 1552 2109 1592 cum
2135 1537 2253 1606 quis
2294 1537 2488 1590 animae
2530 1545 2727 1589 nostrae
2769 1533 3077 1603 dignitatem
3113 1530 3413 1596 abstulerit,
3452 1543 3572 1583 cum

1991 1638 2263 1699 peccatum
2297 1626 2553 1682 fuerimus
2578 1624 2802 1696 operati,
2826 1639 2946 1677 cum
2973 1635 3311 1677 communem
3336 1619 3574 1673 omnium

1990 1720 2275 1776 Dominum
2301 1717 2682 1773 offenderimus
2714 1732 2727 1768 :
2751 1714 3012 1784 siquidem
3039 1728 3161 1782 quae
3201 1726 3342 1765 nunc
3371 1717 3574 1780 patrata

1991 1822 2136 1877 sunt,
2169 1826 2274 1866 non
2304 1820 2507 1865 tantum
2563 1809 2692 1863 nihil
2739 1807 2934 1862 laedent
2971 1805 3260 1867 civitatem,
3294 1804 3388 1858 sed
3416 1804 3459 1857 si
3491 1818 3562 1857 so

1991 1903 2090 1958 brii
2111 1903 2358 1966 simus,ct
2385 1901 2613 1955 maxime
2635 1899 2981 1969 adiuvabunt.
3019 1896 3233 1951 Etenim
3268 1909 3410 1949 nunc
3437 1894 3571 1949 civi-

1993 2005 2074 2050 tas
2102 2003 2283 2050 nostra
2310 1993 2517 2048 mulieri
2548 1991 2813 2057 formosae,
2844 2000 2896 2045 et
2922 1990 3123 2053 liberae,
3146 1997 3199 2044 et
3228 1988 3481 2042 modestae
3508 1987 3583 2041 si-

1993 2084 2136 2141 milis
2164 2100 2284 2141 esse
2314 2085 2541 2140 videtur.
2584 2083 2765 2137 Timor
2791 2082 2960 2151 ipsam
3004 2079 3125 2133 fecit
3166 2077 3578 2133 mansuetiorem

1995 2184 2048 2230 ct
2074 2175 2458 2240 honestiorem,
2482 2182 2536 2229 et
2558 2190 2586 2228 a
2617 2173 2894 2228 sceleratis
2925 2170 3048 2236 illis,
3079 2169 3169 2238 qui
3210 2167 3325 2222 haec
3355 2165 3580 2221 nefanda

1996 2276 2120 2322 sunt
2142 2268 2258 2323 ausi
2305 2267 2556 2333 facinora,
2586 2264 2852 2319 liberavit.
2896 2261 2973 2318 Nc
3009 2261 3166 2330 igitur
3195 2258 3438 2314 muliebri
3469 2256 3590 2327 plo-

1998 2370 2180 2412 remus
2208 2357 2352 2411 luctu
2382 2374 2395 2409 :
2424 2356 2622 2412 etenim
2655 2353 2851 2408 multos
2883 2367 2979 2423 per
3017 2350 3188 2406 forum
3219 2348 3459 2404 dicentes
3488 2362 3579 2401 au-

1998 2451 2107 2507 divi
2142 2468 2156 2506 :
2189 2449 2281 2504 Van
2308 2451 2424 2515 tibi,
2454 2447 2756 2511 Antiochia,
2788 2445 2917 2517 quid
2958 2444 3054 2499 tibi
3091 2441 3287 2496 factum
3309 2440 3428 2494 est?
3453 2453 3591 2509 quo-

2000 2542 2160 2597 modo
2197 2557 2254 2598 es
2293 2541 2498 2598 honore
2527 2539 2760 2608 privata?
2786 2548 2840 2591 et
2865 2551 2987 2591 cum
3015 2534 3299 2595 audissem,
3325 2531 3583 2601 puerilem

2002 2633 2126 2687 talia
2153 2632 2445 2688 dicentium
2482 2639 2715 2686 mentem
2744 2627 2927 2683 derisi.
2957 2625 3075 2680 Non
3107 2624 3251 2678 enim
3289 2621 3404 2676 haec
3445 2634 3586 2674 nunc

2000 2735 2213 2796 oportet
2237 2725 2437 2789 dicere,
2466 2723 2561 2779 sed
2589 2738 2711 2778 cum
2749 2720 3006 2775 saltantes
3045 2716 3271 2779 videris,
3322 2722 3587 2785 potantes,

2003 2817 2440 2887 blasphemantes
2468 2856 2483 2883 ,
2527 2815 2809 2885 iurantes.
2858 2811 3190 2882 peierantes,
3233 2805 3587 2870 mentientes,

2004 2922 2131 2967 tunc
2151 2912 2233 2967 his
2255 2920 2404 2966 utere
2431 2908 2609 2964 verbis
2638 2923 2653 2961 :
2683 2905 2777 2962 Vae
2824 2904 2938 2968 tibi,
2966 2903 3173 2966 civitas,
3213 2898 3338 2970 quid
3382 2897 3478 2952 tibi
3509 2894 3591 2951 fa--

2004 3013 2148 3059 ctum
2170 3003 2290 3059 est?
2319 3003 2364 3057 si
2396 3015 2527 3056 vero
2552 3000 2725 3054 forum
2752 2997 2948 3051 videris
2986 3007 3185 3065 pauens
3215 2991 3420 3046 habens
3444 2985 3592 3043 viros

2005 3106 2315 3150 mansuetos
2343 3102 2395 3149 et
2416 3090 2686 3147 modestos
2706 3098 2758 3143 et
2798 3087 3123 3148 moderatos,
3146 3083 3412 3137 civitatem
3445 3080 3589 3133 illam

2009 3201 2143 3241 voca
2169 3185 2397 3239 beatam.
2430 3180 2571 3236 Nihil
2611 3180 2751 3233 cnim
2782 3178 2949 3246 ipsam
2986 3175 3224 3244 paucitas
3272 3172 3467 3225 laedere
3495 3184 3592 3239 po-

2012 3278 2156 3342 terit,
2187 3291 2308 3330 cum
2351 3289 2456 3328 non
2487 3271 2625 3327 desit
2651 3270 2821 3323 virtus
2856 3285 2870 3321 :
2907 3266 3045 3322 sicut
3073 3274 3279 3327 contra,
3310 3260 3442 3315 nihil
3473 3274 3594 3313 um-

2010 3380 2167 3437 quam
2195 3362 2431 3435 proderit
2461 3359 2765 3423 multitudo,
2795 3372 2916 3412 cum
2943 3355 3083 3411 adsit
3104 3352 3323 3408 malitia.
3353 3351 3414 3405 Si
3441 3349 3593 3419 fuerit

2013 3474 2249 3513 numerus
2276 3456 2500 3525 ﬁliorum
2518 3452 2709 3519 Israel,
2753 3451 2941 3520 inquit,
2974 3448 3105 3501 velut
3131 3462 3284 3500 arena
3307 3444 3483 3505 maris,
3510 3457 3594 3495 re-

2013 3552 2184 3622 liquiae
2221 3549 2549 3604 salrabuntur
2589 3545 2740 3617 (Isai.
2776 3543 2862 3599 l0.
2899 3538 3005 3612 εὶς
3037 3540 3188 3595 Rom.
3220 3538 3274 3594 9.
3307 3536 3418 3608 ‘27).
3455 3534 3598 3590 Nihil

2015 3660 2100 3699 me
2127 3642 2408 3697 multitudo
2447 3640 2642 3711 poterit
2680 3650 2922 3699 exorare,
2951 3633 3136 3703 inquit.
3168 3630 3257 3685 Sic
3283 3639 3335 3682 et
3357 3628 3600 3683 Christus

2014 3735 2160 3801 fecit,
2194 3732 2403 3788 vocavit
2431 3731 2673 3785 civitates
2712 3728 2957 3791 miseras,
2989 3740 3093 3778 non
3125 3730 3337 3791 prepter
3368 3721 3601 3788 paucita-

2017 3836 2145 3894 tem,
2165 3840 2338 3895 neque
2366 3823 2617 3894 quoniam
2642 3835 2745 3875 non
2762 3826 2943 3874 essent
2958 3818 3283 3885 metropolcs
3299 3831 3310 3865 :
3328 3822 3375 3867 et
3396 3811 3603 3865 Jerusa-

2017 3920 2120 3977 lem
2152 3933 2359 3974 rursum
2385 3922 2603 3986 propter
2638 3913 2739 3967 hoc
2764 3911 2935 3980 ipsum
2967 3908 3215 3963 miseram
3245 3904 3395 3965 dixit,
3421 3903 3498 3957 sic
3525 3903 3604 3955 in-

2017 4011 2207 4082 quiens
2236 4027 2250 4064 :
2280 4006 2587 4069 Jerusalem,
2612 4002 2932 4063 Jerusalem,
2963 4013 3078 4070 qua:
3102 3995 3287 4051 occidis
3312 3993 3602 4064 praphelas,

2020 4080 2067 4159 et
2111 4101 2310 4172 lapides
2353 4115 2455 4164 eos,
2485 4098 2572 4165 qui
2601 4095 2668 4149 ad
2696 4104 2743 4148 te
2786 4091 2926 4145 missi
2970 4096 3086 4143 sunt
3131 4084 3342 4158 (Matth.
3367 4082 3456 4135 25.
3488 4080 3602 4150 ΞΠ).

2022 4198 2189 4265 Quam
2232 4193 2372 4249 enim
2418 4190 2550 4245 mihi
2596 4186 2802 4243 confert
2846 4183 3126 4237 utilitatem
3170 4173 3474 4235 multitudo,
3521 4172 3607 4226 dic

2023 4286 2174 4351 mihi,
2213 4285 2258 4338 si
2309 4283 2495 4337 vitiose
2522 4278 2697 4333 vivat?
2733 4274 2869 4341 Quin
2898 4287 2928 4325 e
2954 4267 3221 4326 contrario
3264 4274 3319 4320 et
3354 4263 3606 4318 damnum

2024 4394 2090 4434 ex
2121 4377 2222 4431 hoc
2266 4376 2519 4429 nascitur.
2551 4369 2687 4439 Quid
2731 4366 2873 4422 enim
2916 4362 3061 4419 aliud
3109 4376 3249 4414 nunc
3286 4358 3425 4412 illata
3468 4355 3608 4410 mala

2027 4468 2187 4525 fecit?
2216 4480 2394 4521 nonne
2417 4473 2600 4531 torpor
2627 4469 2681 4515 et
2710 4464 3077 4525 contemptus,
3107 4459 3161 4506 et
3202 4446 3609 4503 inhabitantium

2027 4556 2379 4628 improbitas?
2411 4551 2667 4623 numquid
2706 4547 2932 4618 dignitas
2955 4542 3151 4600 civitati
3198 4538 3431 4611 profuit?
3461 4552 3615 4590 num.

2027 4627 2155 4721 quid
2179 4645 2388 4703 aediﬁcii
2431 4639 2783 4713 magnitudo?
2829 4634 3083 4705 numquid
3111 4633 3233 4703 quia
3262 4628 3572 4698 metropolis
3593 4627 3619 4680 ?

2030 4716 2088 4796 Si
2115 4753 2240 4794 vero
2263 4736 2405 4807 apud
2433 4750 2615 4805 regem
2646 4741 2802 4786 terrae
2831 4726 2968 4782 nihil.
2999 4724 3098 4795 ipsi
3130 4719 3485 4792 praevaricatae
3514 4716 3618 4770 hoc

2032 4832 2249 4905 proluit,
2290 4830 2385 4884 sed
2429 4828 2515 4882 illa
2560 4832 2750 4880 cuncta
2787 4820 2994 4876 sublata
3039 4822 3162 4870 sunt
3195 4831 3209 4867 :
3242 4811 3410 4865 multo
3451 4807 3656 4874 magis“

2032 4898 2171 4997 apud
2201 4922 2510 4993 angelorum
2539 4915 2817 4971 Dominum
2850 4908 2984 4963 nihil
3011 4906 3108 4975 ipsi
3137 4901 3373 4974 proderit
3392 4898 3622 4969 dignitas

2034 4988 2134 5074 ista
2162 5034 2176 5069 :
2203 4988 2335 5070 nihil
2364 5012 2505 5068 enim
2549 5023 2649 5064 nos
2686 5006 2779 5059 illo
2821 5003 2906 5058 die
2945 4997 3140 5070 poterit
3178 4993 3452 5063 adjuvare,
3480 4988 3622 5061 quod

2036 5105 2375 5176 metropolim
2428 5101 2755 5159 habitemus,
2801 5093 3036 5166 porticus
3074 5089 3210 5144 latas
3259 5085 3541 5140 habentem
3568 5091 3624 5135 et

2036 5200 2166 5255 alias
2190 5174 2495 5266 huiusmodi
2521 5188 2823 5260 dignitates.
2870 5184 2940 5239 Et
2965 5181 3088 5251 quid
3123 5179 3243 5234 dico
3272 5178 3421 5232 illum
3442 5174 3623 5231 diem?

2037 5290 2165 5363 quid
2191 5262 2275 5344 vel
2300 5286 2368 5341 ad
2406 5288 2722 5355 praesentem
2766 5278 2924 5332 vitam
2954 5274 3207 5343 prodesse
3249 5266 3462 5339 poterit,
3493 5262 3625 5319 civi.

2041 5356 2203 5439 tatem
2229 5394 2351 5436 esse
2380 5378 2471 5433 tibi
2499 5369 2876 5441 metropolim?
2905 5362 3158 5433 numquid
3189 5377 3253 5416 ex
3280 5360 3382 5413 hoc
3404 5356 3621 5411 domum

2040 5476 2320 5547 quisquam
2351 5469 2489 5525 male
2530 5462 2840 5534 dispositam
2885 5456 3135 5519 correxit,
3183 5451 3265 5505 vel
3304 5463 3370 5502 ex
3416 5444 3518 5499 hac
3550 5442 3628 5495 ul-

2045 5539 2153 5624 lum
2181 5539 2438 5634 dignitate
2466 5562 2780 5630 proventum
2822 5551 3033 5623 habuit,
3054 5545 3136 5601 vel
3168 5539 3434 5598 tristitiam
3462 5543 3623 5604 rcpu.

2046 5661 2129 5726 lit,
2162 5626 2513 5723 velvcorpori—s
2533 5644 2924 5718 aegritudinem,
2953 5638 3035 5694 vel
3061 5632 3223 5691 animi
3255 5628 3435 5683 vitium
3464 5626 3624 5695 depo-

2046 5718 2183 5808 suit?
2209 5747 2286 5803 Ne
2319 5718 2586 5805 ludamus,
2615 5736 2819 5802 dilecti,
2851 5747 2949 5787 nec
2974 5728 3039 5783 ad
3069 5723 3204 5795 vulgi
3233 5718 3511 5790 opiniones
3537 5734 3623 5772 reo

2046 5842 2358 5915 aspiciamus,
2399 5834 2495 5893 sed
2518 5834 2782 5890 discamus
2820 5840 2938 5895 quae
2964 5819 3176 5877 tandem
3216 5815 3282 5871 sit
3305 5810 3532 5868 civitatis
3553 5811 3630 5867 dio
