4068 6428
487 391 589 451 Πῦ

488 506 684 574 gnitas,
717 502 843 574 quid
883 500 1024 572 quod
1052 500 1318 557 civitatem
1359 499 1549 555 reddat
1576 501 1935 570 metropolim.
1962 501 2072 557 Nec

496 598 609 652 hmo
660 595 818 661 dico,
865 592 1007 663 quod
1044 593 1320 663 desperem
1363 592 1631 648 civitatem
1673 593 1810 649 hanc
1850 594 2075 649 formam

494 688 725 757 priorem
752 693 1165 755 resumpturam,
1209 695 1264 739 et
1298 685 1350 738 in
1378 683 1592 753 propria
1636 682 1864 739 futuram
1893 684 2081 754 praesi-

492 781 699 845 dentia;
729 778 993 836 humanus
1010 778 1152 833 enim
1180 788 1233 834 et
1257 778 1372 848 pius
1392 785 1475 832 est
1503 775 1793 847 Imperator
1816 794 1828 829 :
1860 790 1956 830 vos
1980 792 2078 830 au-

495 881 604 927 tem
632 870 772 936 volo,
802 870 963 927 etiam
1002 870 1046 924 si
1084 869 1291 924 reddita
1330 868 1505 935 fuerit,
1548 884 1654 923 non
1683 868 1847 935 altum
1881 867 1951 921 ob
1979 866 2080 922 hoc

494 976 705 1031 sapere,
738 976 912 1033 neque
947 960 1199 1031 gloriari,
1237 974 1338 1015 nec
1386 974 1452 1013 ex
1496 957 1579 1013 his
1616 958 1885 1013 civitatem
1926 958 2080 1012 nobis

495 1051 777 1123 magniﬁce
824 1050 1035 1106 eﬂ'erre.
1074 1050 1206 1105 Cum
1250 1049 1333 1103 vis
1376 1047 1603 1103 civitatis
1626 1047 1834 1102 laudem
1867 1046 2077 1113 eﬂ‘erre,

500 1158 573 1202 ne
596 1142 730 1199 mihi
758 1140 1014 1212 Daphnen
1039 1140 1397 1195 suburbanam
1423 1138 1589 1202 dicas,
1622 1152 1720 1193 nec
1745 1138 2081 1193 altitudinem

500 1247 877 1305 cupressorum
907 1241 964 1289 et
1002 1230 1433 1295 multitudinem,
1462 1245 1562 1286 nec
1588 1245 1844 1301 aquarum
1886 1228 2081 1295 fontes,

498 1342 601 1385 nec
624 1325 818 1382 multos
846 1324 1089 1379 homines
1117 1323 1384 1378 civitatem
1413 1320 1675 1387 habitare,
1704 1336 1804 1376 nec
1831 1335 1999 1389 usque
2018 1320 2087 1375 ad

500 1416 970 1490 profundissimam
992 1427 1267 1485 vesperam
1288 1428 1407 1468 cum
1432 1412 1596 1467 multa
1622 1412 1867 1467 libertate
1890 1410 1945 1465 in
1972 1409 2088 1465 foro

501 1507 726 1573 versari,
755 1521 855 1562 nec
874 1505 1134 1560 venalium
1176 1518 1353 1559 rerum
1376 1504 1583 1573 capiam
1613 1502 1829 1568 habere,
1874 1501 2091 1557 sensibi-

504 1598 575 1655 lia
601 1598 715 1653 haec
742 1598 919 1652 omnia
945 1611 1065 1652 cum
1093 1596 1197 1651 sint
1225 1604 1280 1650 et
1314 1610 1477 1665 usque
1515 1594 1581 1649 ad
1625 1602 1941 1665 prmsentem
1967 1608 2089 1662 per-

506 1697 757 1744 maneant
786 1688 944 1742 vitam
968 1703 982 1753 ;
1013 1686 1107 1742 sed
1150 1686 1196 1741 si
1222 1686 1402 1741 dicere
1437 1685 1608 1756 possis
1633 1685 1908 1750 virtutem,
1937 1698 2086 1738 man-

506 1777 870 1842 suetudinem,
923 1777 1337 1849 eleemosynam,
1383 1787 1669 1831 nocturnas
1718 1774 1943 1845 vigilias,
1975 1789 2095 1828 ora-

507 1868 701 1936 tiones,
744 1868 1080 1932 modestiam,
1125 1867 1288 1922 animi
1327 1866 1678 1937 sapientiam,
1722 1881 1788 1920 ex
1822 1867 1938 1919 istis
1963 1865 2094 1919 civi-

508 1968 671 2014 tatem
711 1959 1041 2016 commenda.
1090 1959 1213 2014 Haec
1261 1958 1305 2013 si
1349 1967 1397 2013 et
1451 1973 1689 2014 eremum
1737 1957 2096 2014 habitantibus

511 2049 711 2118 adsint,
740 2050 884 2105 omni
932 2049 1145 2104 civitate
1170 2048 1581 2119 splendidiorem
1605 2048 1773 2119 ipsam
1801 2048 2022 2110 faciunt,
2044 2057 2098 2102 et

510 2149 695 2196 contra
725 2141 990 2196 civitatem
1037 2141 1274 2194 omnium
1322 2139 1654 2204 vilissimam,
1706 2139 1751 2193 si
1795 2137 1911 2193 haec
1953 2138 2096 2192 illius

512 2247 619 2292 non
646 2231 822 2286 adsint
860 2231 1083 2286 civibus.
1117 2231 1229 2285 Hoc
1259 2245 1363 2285 non
1417 2230 1470 2284 in
1515 2230 1729 2284 civitate
1776 2238 1976 2283 tantum
2004 2244 2098 2284 ve-

513 2337 629 2380 rum
656 2333 710 2377 et
750 2323 803 2376 in
830 2319 1133 2377 hominibus
1172 2321 1445 2375 faciamus.
1486 2318 1541 2375 Si
1590 2319 1860 2375 hominem
1906 2318 2102 2373 videris

516 2413 911 2484 corpulentum,
966 2412 1017 2466 in
1068 2411 1430 2467 habitudinem
1470 2410 1691 2464 multam
1738 2422 2099 2479 progressum,

516 2504 635 2562 alta-
662 2512 876 2558 staturaz
900 2511 955 2557 et
975 2504 1107 2558 alios
1133 2502 1372 2571 corporis
1392 2500 1712 2572 proceritate
1736 2507 2101 2565 superantem,

520 2610 588 2649 ne
638 2594 938 2660 admireris,
989 2593 1162 2648 donec
1203 2591 1436 2647 animum
1468 2591 1584 2661 ejus
1611 2589 1880 2645 didiceris.
1931 2587 2008 2644 Ne
2037 2587 2106 2642 ab

519 2684 770 2739 exteriori
816 2682 1229 2753 pulchritudine,
1272 2682 1367 2738 sed
1412 2698 1445 2736 a
1488 2681 1682 2735 mentis
1707 2689 1896 2735 ornatu
1920 2695 2108 2734 omnes

524 2777 709 2832 beatos
742 2790 1079 2831 censeamus.
1113 2775 1314 2829 Parvus
1341 2783 1455 2828 erat
1504 2772 1688 2837 David,
1721 2781 1772 2825 et
1803 2771 1978 2825 brevis
2003 2780 2109 2824 sta-

526 2886 641 2929 tura
674 2870 724 2947 (l
748 2872 875 2943 Reg.
904 2871 1013 2942 l7),
1042 2879 1404 2926 verumtamen
1439 2867 1613 2923 brevis
1639 2866 1724 2920 ille
1748 2873 1803 2920 et
1822 2880 2036 2934 parvus,
2058 2871 2113 2917 et

522 2965 687 3026 armis
711 2964 884 3020 nudus
911 2964 1160 3020 omnibus
1184 3003 1201 3029 ,
1231 2961 1521 3016 exercitum
1553 2966 1755 3013 tantum
1784 2967 1838 3011 et
1861 2970 2109 3011 carneam

527 3056 712 3113 turrim
739 3056 885 3111 illam
928 3070 1033 3109 uno
1068 3054 1354 3124 prostravit
1396 3054 1523 3117 ictu,
1551 3066 1656 3105 non
1688 3050 1892 3104 hastam
1915 3048 2116 3117 jaeula-

528 3158 632 3214 tus,
660 3162 832 3218 neque
856 3147 1100 3217 sagittam
1132 3146 1367 3210 mittens,
1388 3159 1485 3198 nec
1511 3156 1692 3198 ensem
1714 3140 2001 3209 stringens,
2020 3136 2114 3192 scd

527 3249 695 3295 totum
726 3238 937 3294 modico
974 3237 1165 3307 lapidis
1188 3237 1329 3307 jactu
1368 3234 1651 3306 perliciens
1686 3250 1700 3287 :
1744 3232 1865 3287 ideo
1902 3230 2117 3300 quidam

528 3330 779 3389 admonet
810 3329 1040 3384 dicens:
1087 3327 1171 3383 Ne
1217 3325 1501 3381 laudaveris
1551 3324 1801 3378 hominem
1853 3322 1907 3374 in
1952 3319 2119 3391 specie

534 3425 663 3495 ejus,
693 3438 783 3476 nec
802 3421 1104 3476 abomineris
1132 3421 1295 3474 uirum
1318 3419 1371 3472 in
1396 3426 1604 3487 aspectu
1628 3416 1737 3487 ejus
1761 3429 1779 3467 :
1801 3426 1956 3484 parua
1993 3410 2122 3462 inter

533 3513 762 3568 volatilia
785 3513 917 3583 apis,
951 3521 998 3567 et
1022 3511 1221 3565 initium
1263 3508 1485 3563 dulcoris
1525 3507 1685 3576 ipsius
1709 3504 1907 3574 [ructus
1930 3499 2115 3572 (Eccli.

536 3604 624 3661 ll.
641 3602 698 3659 2.
721 3601 798 3673 5).
818 3602 932 3658 Hoc
959 3600 1102 3657 etde
1125 3599 1423 3655 civitatibus
1447 3608 1501 3654 et
1526 3594 1832 3652 hominibus
1860 3591 2120 3655 dicamus,

536 3708 583 3749 ct
616 3696 757 3753 inter
785 3709 883 3749 nos
913 3691 1367 3764 philosophemur,
1394 3705 1457 3746 ac
1483 3688 1591 3743 Deo
1611 3686 1807 3756 gratias
1834 3681 2124 3737 habeamus

1264 387 1321 443 8.
1362 386 1635 445 JOANNIS
1671 388 2149 445 CllllYSOSTOMI
2187 390 2500 445 ARCIHEP.
2542 388 3067 446 CONSTANTINOP.

3054 292 3079 300 .-

3666 396 3763 451 180

2180 503 2392 557 assidue
2417 512 2472 557 et
2516 502 2584 557 de
2624 504 2973 572 praesentibus
2998 513 3052 557 et
3093 503 3162 558 de
3188 506 3497 574 prmteritts,
3531 516 3586 561 et
3611 509 3759 562 simul

2181 595 2352 662 ipsum
2390 608 2639 662 rogemus
2672 608 2791 647 cum
2817 592 2962 647 omni
3004 595 3366 659 contentione,
3406 604 3467 649 ut
3509 606 3565 651 et
3590 613 3763 655 carce-

2182 700 2294 739 rem
2325 684 2641 749 habitantes,
2672 692 2728 739 et
2754 685 2805 738 in
2832 684 3077 739 exsilium
3107 686 3526 754 transportandi,
3555 688 3629 742 illi
3653 692 3764 758 qui-

2182 774 2303 829 dem
2334 774 2687 838 dimittantur,
2726 774 2780 828 hi
2820 788 2948 829 vero
2987 785 3344 831 revertantur.
3397 777 3632 833 Membra
3675 797 3765 834 no-

2185 874 2293 920 stra
2320 875 2443 920 sunt
2482 876 2534 921 et
2586 866 2662 921 illi
2708 867 2983 921 nobiscum
3024 867 3257 922 ﬂuctuati
3304 882 3452 936 sunt,
3496 872 3763 928 nobiscum

2186 954 2474 1025 procellam
2499 955 2867 1010 sustinuerunt
2895 973 2908 1009 :
2940 971 3186 1024 rogemus
3210 958 3365 1026 igitur
3392 958 3763 1029 benignitatem

2187 1047 2442 1114 divinam,
2500 1057 2557 1102 ut
2594 1047 2866 1103 nobiscum
2914 1048 3349 1118 tranquillitatem
3401 1064 3761 1121 assequamur.

2188 1139 2357 1196 Nemo
2384 1139 2525 1195 dicat
2560 1158 2573 1193 :
2605 1140 2736 1206 Quae
2764 1155 2891 1194 vero
2917 1140 3048 1194 mihi
3074 1155 3198 1194 cura
3234 1151 3314 1195 est
3338 1142 3610 1210 amplius?
3637 1144 3765 1199 libe-

2190 1238 2337 1285 ratus
2375 1245 2493 1285 sum
2522 1230 2634 1300 ipse
2671 1229 2930 1300 periculo,
2976 1239 3161 1299 pereat
3191 1231 3298 1296 ille,
3329 1232 3590 1286 moriatur
3617 1233 3762 1290 alter.

2189 1323 2268 1379 Ne
2297 1323 2463 1378 Deum
2494 1322 2873 1377 exacerbemus
2912 1337 3009 1391 per
3031 1321 3169 1376 hanc
3187 1324 3615 1392 asperuationem
3639 1341 3654 1390 ;
3680 1324 3766 1379 sed

2193 1425 2462 1486 tamquam
2491 1416 2588 1484 ipsi
2636 1414 2802 1469 simus
2837 1414 2890 1469 in
2933 1414 3191 1480 adversis,
3235 1416 3314 1469 sic
3356 1414 3650 1481 doleamus,
3697 1416 3767 1471 sic

2197 1508 2366 1563 Deum
2396 1523 2515 1562 cum
2557 1506 2837 1562 sedulitate
2890 1522 3190 1577 precemur,
3242 1506 3374 1561 illud
3405 1508 3550 1561 Pauli
3581 1508 3766 1563 dictum

2195 1601 2476 1670 implentes
2505 1618 2519 1653 :
2550 1599 2674 1653 Cum
2719 1600 2897 1652 vinetis
2949 1606 3205 1670 tamquam
3244 1599 3399 1652 simul
3445 1599 3626 1662 vincti,
3665 1616 3769 1653 cum

2195 1691 2327 1745 male
2351 1690 2642 1745 habentibus
2663 1701 2916 1760 tamquam
2930 1698 2975 1742 et
2989 1689 3087 1759 ipsi
3107 1688 3258 1742 simul
3283 1690 3337 1742 in
3361 1705 3573 1759 corpore
3590 1688 3760 1756 (Hebr.

2199 1783 2285 1836 l5.
2321 1782 2398 1851 '5),
2428 1790 2473 1835 et
2501 1782 2680 1851 flentes
2695 1796 2809 1833 cum
2835 1779 3089 1850 ﬂentibus,
3119 1778 3397 1833 humilibus
3424 1781 3770 1835 consentientes

2200 1872 2376 1942 (liam.
2400 1871 2486 1925 η.
2514 1872 2599 1926 15.
2637 1871 2749 1941 16).
2776 1870 2889 1926 Hoc
2931 1880 2986 1925 et
3029 1869 3185 1924 nobis
3215 1870 3344 1939 ipsis
3370 1870 3598 1924 maxime
3624 1872 3769 1939 prod-

2201 1964 2338 2018 erit:
2369 1963 2497 2018 nihil
2522 1964 2668 2019 enim
2710 1964 2788 2017 sic
2823 1963 2989 2018 Deum
3014 1961 3281 2017 delectare
3318 1964 3616 2027 consuevit,
3644 1964 3770 2018 sicut

2201 2072 2322 2113 cum
2354 2057 2517 2111 multa
2551 2056 2825 2111 alacritate
2843 2067 2943 2123 pro
2977 2050 3236 2108 membris
3271 2049 3478 2106 nostris
3517 2049 3768 2111 dolemus.

2203 2146 2431 2202 Oremus
2456 2146 2615 2216 igitur
2645 2144 2815 2213 ipsum
2846 2141 3077 2196 simulet
3112 2156 3205 2209 pro
3231 2140 3587 2209 przcseutihos
3608 2151 3659 2193 et
3684 2153 3773 2207 pro

2206 2240 2413 2303 futuris,
2465 2246 2518 2292 ut
2559 2245 2612 2290 et
2664 2234 2731 2288 ab
2781 2234 2866 2289 illa
2897 2247 2997 2288 nos
3029 2246 3186 2301 pcena
3239 2232 3454 2286 liberet.
3503 2231 3770 2285 Pratseutia

2205 2333 2347 2387 enim
2387 2328 2795 2400 qualiacumque
2833 2334 2961 2391 smt,
3004 2320 3303 2378 tolerabilia
3357 2332 3504 2385 sunt,
3546 2331 3602 2375 ct
3627 2322 3774 2375 linem

2209 2422 2437 2485 habent;
2470 2421 2555 2474 illa
2575 2434 2703 2473 vero
2734 2427 2994 2471 tormenta
3022 2415 3341 2469 immortalia
3367 2424 3421 2468 et
3442 2412 3769 2468 inevitabilia.

2215 2516 2415 2569 Praeter
2442 2512 2861 2567 consolationem
2913 2524 3040 2563 vero
3086 2507 3401 2561 Studeamus
3443 2516 3496 2560 et
3545 2505 3641 2573 ipsi
3681 2517 3777 2557 non

2209 2605 2435 2675 amplius
2462 2603 2660 2657 talibus
2700 2601 2806 2656 labi
2851 2600 3104 2670 peccatis,
3149 2598 3386 2653 scientes
3428 2612 3526 2651 nos
3549 2597 3678 2650 ultra
3698 2607 3780 2648 ve-

2213 2697 2353 2752 niam
2381 2710 2486 2750 non
2513 2701 2912 2764 asscquutut'os.
2942 2691 3111 2747 Simul
3150 2691 3309 2759 igitur
3336 2698 3461 2744 ante
3486 2688 3646 2743 Deum
3669 2701 3780 2756 pro-

2211 2785 2452 2841 cidamus
2478 2799 2688 2848 omnes,
2715 2794 2771 2839 ct
2805 2783 2930 2837 dum
2974 2782 3060 2836 hic
3084 2797 3286 2846 sumus,
3320 2791 3379 2835 et
3419 2780 3632 2833 domum
3669 2790 3780 2845 proo

2218 2880 2337 2934 lecti
2368 2879 2606 2934 dicamus
2640 2895 2654 2930 :
2704 2877 2887 2930 Justus
2928 2891 3007 2942 cs,
3044 2874 3284 2936 Domine,
3333 2873 3386 2925 in
3417 2871 3657 2926 omnibus
3676 2881 3783 2937 qua

2220 2971 2385 3026 fecisti
2409 2970 2564 3023 nobis
2592 2968 2734 3039 (Dan
2784 2969 2836 3022 5.
2867 2966 2960 3037 27)
3004 2983 3017 3019 :
3050 2964 3299 3034 quoniam
3348 2963 3403 3017 in
3432 2978 3557 3016 vero
3599 2958 3782 3029 judicio

2221 3061 2491 3126 induxisti,
2523 3072 2874 3129 qumcumque
2925 3055 3195 3109 iuduxisti.
3251 3053 3308 3108 Si
3359 3059 3574 3122 peccata
3620 3055 3782 3102 nostra

2221 3154 2527 3209 obstiterint
2557 3152 2728 3216 nobis,
2766 3151 2847 3204 lac
2886 3148 3040 3203 nobis
3068 3155 3285 3215 propter
3311 3158 3511 3199 nomen
3552 3153 3709 3200 tuum,
3737 3147 3785 3192 et

2224 3263 2290 3298 ne
2316 3241 2575 3298 concedas
2601 3240 2829 3310 amplius
2859 3238 3040 3292 talium
3089 3250 3187 3289 nos
3234 3234 3597 3288 molestiarum
3639 3241 3789 3296 expe-

2225 3337 2471 3392 rientiam
2499 3348 2713 3403 capere.
2746 3330 2853 3385 Nec
2880 3345 2969 3383 nos
3004 3327 3217 3382 inducas
3262 3325 3314 3379 in
3362 3323 3693 3384 tentationem,
3712 3315 3790 3371 sed

2227 3431 2385 3485 libera
2413 3444 2504 3482 nos
2541 3444 2573 3480 a
2602 3427 2736 3479 malo
2767 3423 2978 3497 (Matth.
3012 3423 3065 3476 6.
3099 3420 3225 3489 l3):
3255 3418 3510 3488 quoniam
3555 3426 3695 3468 tuum
3718 3418 3790 3465 est

2227 3535 2450 3591 regnum
2481 3527 2536 3574 et
2560 3517 2813 3589 potentia,
2843 3524 2894 3569 et
2937 3511 3107 3583 gloria
3135 3512 3185 3565 iu
3232 3510 3431 3564 saacula
3475 3504 3789 3562 saeculorum.

2232 3616 2420 3669 Amen.

542 3943 3786 3971 My

543 4048 605 4092 LV
653 4045 1035 4089 PREDICTUM
1092 4044 1445 4089 SEDITIONIS
1494 4042 1971 4099 ARGUMENTUM,
2017 4043 2101 4084 DE
2142 4042 2443 4099 JEJUNIO,
2489 4041 2571 4083 ET
2611 4040 2677 4085 IN
2719 4038 3152 4087 APOSTOLICUM
3195 4038 3464 4094 DICTUM,
3523 4031 3794 4081 GAUDETK

1611 4143 1674 4186 IN
1715 4140 1961 4185 ηοωΝο
2002 4141 2252 4185 seupsn
2316 4123 2581 4204 (Philip.
2624 4118 2684 4181 Is.
2730 4119 2817 4200 Is).

1123 4486 1344 4526 Ιοιιιιλ
1376 4484 1526 4524 XVIII.

614 4644 668 4698 Ι.
695 4639 888 4696 Multos
907 4637 1013 4693 vidi
1040 4635 1353 4707 gaudentes,
1380 4643 1436 4690 et
1459 4634 1600 4688 inter
1626 4646 1687 4687 se
1728 4631 1969 4689 dicentes
1997 4650 2010 4685 :
2034 4630 2128 4686 Vi-

541 4736 733 4801 cimus,
786 4730 1176 4802 superavimus,
1226 4726 1413 4797 jejunii
1452 4724 1733 4780 dimidium
1787 4722 2126 4794 proﬂigatum

541 4836 643 4885 est.
677 4826 835 4882 Tales
863 4833 1042 4880 autem
1073 4820 1261 4876 hortor
1290 4834 1395 4874 non
1422 4824 1705 4888 propterea
1720 4814 1975 4885 gaudere,
1997 4815 2121 4884 quia

546 4919 879 4991 proﬂigatum
897 4913 1160 4986 sitjejunii
1178 4909 1476 4976 dimidium,
1497 4907 1591 4963 sed
1619 4907 1746 4962 illud
1767 4906 2127 4973 considerare,

547 5010 592 5063 si
613 5017 951 5080 peccatorum
987 5006 1059 5061 sit
1082 5003 1419 5074 proﬂigatum
1441 4998 1717 5055 dimidium
1744 5013 1760 5064 ;
1802 5006 1859 5053 et
1882 5005 2009 5051 tunc
2036 5013 2129 5050 ex-

546 5102 746 5155 sultare
783 5116 799 5154 :
847 5098 949 5153 hoc
987 5098 1131 5153 enim
1171 5097 1439 5166 voluptate
1464 5092 1705 5161 dignum,
1739 5090 1840 5144 hoc
1882 5098 1964 5144 est
1989 5087 2130 5158 quod

547 5192 822 5264 qua-ritur,
852 5200 906 5245 et
932 5199 1150 5260 propter
1174 5187 1315 5258 quod
1346 5186 1481 5241 facta
1506 5192 1630 5239 sunt
1653 5183 1828 5237 omnia
1850 5224 1865 5246 ,
1891 5188 1950 5235 ut
1982 5180 2134 5235 dele-

550 5296 672 5338 ctus
696 5290 909 5337 nostros
930 5282 1275 5349 corrigamus.
1291 5293 1358 5333 ne
1388 5278 1520 5332 tales
1538 5289 1790 5331 exeamus
1810 5274 1878 5328 de
1904 5272 2127 5344 jejunio,

549 5376 739 5446 quales
758 5373 1018 5445 jejunium
1052 5371 1276 5441 ingressi
1307 5385 1510 5433 sumus,
1543 5367 1638 5422 sed
1687 5366 1873 5430 abluti,
1913 5377 1967 5420 ct
1984 5365 2131 5420 omni

553 5466 693 5520 mala
722 5464 1109 5521 consuetudine
1133 5462 1371 5531 deposita
1404 5502 1420 5529 ,
1452 5461 1530 5516 sic
1566 5473 1771 5514 sacram
1797 5473 2017 5529 agamus
2047 5471 2135 5511 so-

560 5556 913 5612 lemnitatem.
946 5554 1001 5611 Si
1029 5554 1132 5608 hoc
1158 5552 1316 5618 desit,
1334 5568 1437 5607 non
1462 5562 1664 5606 tantum
1693 5550 1836 5604 nulla
1860 5550 2013 5604 nobis
2032 5550 2135 5604 erit

562 5647 778 5714 utilitas,
807 5664 992 5704 verum
1022 5658 1076 5703 et
1109 5647 1396 5702 maximum
1423 5660 1488 5700 ex
1529 5651 1896 5698 consummato
1937 5641 2135 5709 jejunio

559 5733 831 5789 damnum.
855 5738 934 5793 Ne
976 5738 1136 5807 igitur
1166 5737 1424 5801 laetemur,
1454 5733 1596 5804 quod
1632 5732 1819 5802 jejttnii
1863 5732 2133 5802 prolixita-

566 5830 673 5874 tem
705 5826 1067 5893 expedivimus
1094 5846 1109 5882 :
1152 5827 1281 5885 nihil
1323 5827 1465 5883 enim
1496 5840 1742 5896 magnum
1773 5824 1872 5879 hoc
1902 5834 2012 5887 est;
2042 5825 2136 5879 sed

2231 4467 2493 4528 laetemur,
2514 4457 2730 4529 quando
2758 4472 2879 4512 cum
2917 4456 3068 4511 bonis
3089 4455 3339 4526 operibus
3365 4456 3537 4525 ipsum
3567 4446 3791 4521 exegeris

2228 4569 2369 4620 mus,
2397 4560 2456 4608 ut
2478 4551 2636 4607 etiam
2658 4551 2776 4620 ipso
2802 4556 3092 4613 transacto,
3119 4546 3318 4601 fructus
3349 4548 3515 4616 ipsius
3538 4544 3786 4611 cﬂ‘ulgeat.

2229 4642 2441 4698 Etenim
2488 4640 2696 4712 hyemis
2740 4639 2942 4693 lucrum
2968 4646 3091 4691 tunc
3114 4637 3342 4690 maxime
3362 4637 3739 4691 demonstratur
3773 4665 3789 4690 ,

2228 4751 2348 4791 cum
2394 4735 2483 4789 illa
2532 4731 2882 4803 prmterierit:
2916 4744 3144 4799 namque
3191 4736 3476 4783 vernantes
3502 4732 3716 4794 segetes,
3744 4724 3792 4772 et

2228 4827 2366 4883 foliis
2392 4840 2455 4880 ac
2480 4825 2655 4880 fructu
2685 4822 2963 4877 afﬂuentes
2987 4821 3206 4875 arbores
3224 4835 3320 4889 per
3342 4819 3511 4887 ipsum
3536 4820 3789 4883 aspectum

2228 4919 2461 4973 clamant
2505 4915 2786 4971 utilitatem
2831 4912 2931 4966 sibi
2977 4927 3045 4967 ex
3078 4911 3269 4981 hyeme
3295 4909 3505 4964 factam.
3537 4905 3643 4959 Hoc
3672 4897 3790 4954 etin

2231 5009 2385 5064 nobis
2407 5007 2608 5077 pariter
2635 5004 2744 5059 ﬁat.
2780 5005 2988 5058 Etenim
3021 5002 3210 5073 pluviis
3235 5000 3498 5055 continuis
3524 5005 3576 5051 et
3603 4989 3788 5048 crebris

2233 5101 2286 5155 in
2318 5099 2513 5171 hyeme
2533 5113 2626 5165 per
2641 5096 2828 5165 jejunii
2859 5104 3066 5165 tempus
3093 5092 3243 5163 potiti
3272 5106 3473 5155 sumus,
3504 5085 3787 5143 continuam

2230 5170 2540 5247 haurientes
2581 5188 2896 5251 doctrinam,
2943 5194 2997 5239 et
3031 5184 3232 5239 semina
3283 5180 3608 5250 suscepimus
3646 5170 3791 5240 spiri-

2229 5281 2413 5347 tualia,
2446 5290 2500 5336 et
2541 5278 2850 5334 deliciarum
2881 5276 3062 5345 spinas
3104 5273 3445 5328 abscidimus.
3491 5268 3786 5322 Persevere-

2231 5387 2351 5428 mus
2374 5372 2554 5441 igitur,
2578 5384 2697 5440 quze
2721 5368 3053 5436 suscepimus
3080 5379 3200 5419 cum
3218 5361 3489 5433 diligentia
3513 5360 3788 5413 servantes,

2230 5475 2289 5521 ut
2334 5474 2387 5519 et
2425 5463 2633 5534 jejunio
2661 5460 2930 5531 praeterito
2959 5458 3145 5529 jejunii
3192 5456 3445 5511 scaturiat
3474 5452 3667 5506 fructus
3697 5459 3711 5493 τ

2233 5574 2330 5629 per
2358 5532 2494 5613 bona
2520 5572 2636 5625 qua:
2662 5555 2729 5609 de
2750 5553 2952 5622 jejunio
2980 5552 3236 5619 cepimus,
3262 5550 3420 5603 etiam
3444 5544 3603 5615 ipsius
3618 5532 3787 5609 jejtlnii

2229 5627 2591 5705 recordemur.
2620 5645 2677 5701 Si
2698 5659 2794 5698 nos
2816 5644 2974 5714 igitur
2993 5643 3070 5697 sic
3098 5652 3489 5710 comparemus,
3510 5627 3785 5689 adveniens

2226 5742 2488 5814 jejunium
2526 5754 2644 5796 cum
2683 5739 2953 5809 voluptate
2997 5734 3346 5802 suscipiemus
3386 5732 3577 5785 denuo.
3609 5718 3784 5809 Multos

2231 5812 2428 5883 ctenim
2457 5824 2612 5881 video
2656 5837 2715 5880 se
2756 5823 2828 5879 ita
2861 5819 3267 5892 pusillanimilet‘
3320 5818 3597 5877 habentes,
3643 5813 3695 5858 ut
3741 5812 3787 5852 tu
