4068 6426
249 344 353 402 179

248 460 556 530 βλέπωμεν,
590 444 729 513 ’ἀλλά
757 457 1040 530 μάθωμεν,
1062 457 1115 510 τί
1147 457 1278 510 ποτέ
1301 458 1420 510 ἐστι
1450 458 1658 521 πόλεως
1678 457 1917 528 ἀξίωμα,

243 552 299 604 τί
332 548 465 601 ποτέ
503 547 621 600 ἐστι
660 546 723 598 τὸ
763 545 949 599 ποιοῦν
975 544 1131 598 πόλιν
1166 543 1517 616 μητρόπολιν.
1550 545 1734 599 Ταῦτα
1777 546 1921 619 λέγω

245 633 565 706 προσδοκῶν
606 633 703 704 μὲν
732 633 895 687 πάλιν
929 631 1303 702 ἀπολήψεσθαι
1332 633 1427 685 καὶ
1452 632 1610 686 τοῦτο
1637 633 1735 704 τὴν
1774 634 1922 687 πόλιν

244 723 307 776 τὸ
342 722 551 792 σχῆμα,
578 720 672 774 καὶ
709 720 802 772 ἐπὶ
833 719 931 790 τῆς
962 721 1171 783 οἰκείας
1218 720 1559 789 φανήσεσθαι
1589 721 1881 791 προεδρίας
1908 737 1920 749 ·

245 808 342 863 καὶ
378 808 489 878 γάρ
514 806 891 879 φιλάνθρωπος
926 809 955 861 6
984 806 1236 876 βασιλεὺς
1281 808 1375 859 καὶ
1413 806 1667 878 θεοφιλής
1689 823 1702 837 ·
1740 807 1925 877 βούλο-

250 914 351 966 μαι
384 897 443 950 δὲ
475 897 639 966 ὑμᾶς,
667 898 716 948 εί
737 895 830 948 καὶ
853 894 1168 964 ἀποδοθείη,
1193 893 1266 964 μὴ
1295 893 1439 965 μέγα
1466 896 1560 947 ἐπὶ
1591 895 1768 966 τούτῳ
1793 913 1925 966 φρο-

246 987 360 1037 νεῖν
393 983 530 1054 μηδέ
558 980 1079 1050 ἐγκαλλωπίζεσθαι,
1120 981 1255 1052 μηδὲ
1305 983 1370 1034 ὲκ
1401 981 1605 1035 τούτων
1636 983 1735 1054 τὴν
1771 984 1929 1038 πόλιν

247 1074 383 1142 ήμῖν
420 1069 899 1140 σεμνύνειν.”οταν
941 1068 1131 1141 ἐθέλῃς
1162 1070 1266 1139 τῆς
1298 1069 1510 1133 πόλεως
1543 1072 1719 1124 εἰπεῖν
1751 1072 1929 1140 ἐγκώ-

253 1174 397 1229 μιον,
431 1158 507 1227 μή
543 1172 632 1227 μοι
660 1155 759 1226 τήν
793 1155 1010 1227 Δάφνην
1046 1157 1206 1227 είπης
1231 1157 1294 1209 τὸ
1319 1158 1664 1228 προάστειον,
1701 1159 1836 1230 μηδὲ
1866 1160 1929 1213 τὸ

251 1244 459 1315 πλῆθος
491 1245 587 1297 καὶ
613 1244 785 1315 μῆκος
803 1242 911 1296 τῶν
933 1245 1312 1315 κυπαρίσσων,
1336 1244 1471 1315 μηδέ
1492 1244 1591 1308 τὰς
1614 1247 1797 1315 πηγάς
1818 1247 1927 1301 τῶν

250 1334 484 1395 ὑδάτων,
515 1331 649 1402 μηδέ
695 1330 758 1383 τὸ
804 1329 1035 1394 πολλοὺς
1072 1329 1172 1401 τὴν
1206 1331 1362 1384 πόλιν
1388 1334 1558 1385 οίκεῖν
1584 1333 1925 1404 ἀνθρώπους,

253 1421 392 1493 μηδὲ
419 1421 481 1473 τὸ
515 1419 676 1491 μέχρι
712 1418 1015 1490 βαθυτάτης
1046 1417 1286 1491 ἑσπέρας
1332 1420 1425 1472 ἐπὶ
1453 1420 1553 1489 τῆς
1582 1421 1789 1492 ἀγορᾶς
1815 1421 1930 1474 δια-

248 1507 459 1579 τρίϐειν
490 1507 627 1578 μετά
664 1506 848 1570 ἀδείας
876 1505 1096 1575 πολλῆς,
1134 1505 1269 1577 μηδὲ
1301 1506 1412 1559 τῶν
1444 1504 1593 1579 [179]
1626 1508 1801 1562 ὠνίων
1831 1509 1928 1579 τὴν

250 1595 518 1665 ἀφθονίαν
540 1612 552 1623 ·
585 1592 818 1663 αίσθητά
851 1593 1065 1647 ἅπαντα
1090 1592 1286 1656 ταῦτα,
1329 1594 1425 1646 καὶ
1460 1594 1623 1665 μέχρι
1656 1593 1751 1647 τοῦ
1784 1612 1929 1666 παρ-

250 1685 404 1747 όντος
433 1683 662 1753 μένοντα
693 1680 807 1751 βίου
829 1698 841 1710 ’
873 1679 985 1734 ἀλλ’
1017 1681 1113 1733 ἐὰν
1142 1680 1271 1753 ἔχῃς
1301 1681 1475 1735 εἰπεῖν
1500 1681 1722 1754 ἀρετήν,
1751 1685 1927 1735 ἐπιεί-

252 1788 430 1833 κειαν,
480 1768 867 1839 ἐλεημοσύνην,
913 1769 1261 1839 παννυχίδας,
1319 1769 1505 1840 εὑχάς,
1552 1770 1927 1842 σωφροσύνην,

251 1858 573 1930 φιλοσοφίαν
596 1857 794 1928 ψυχῆς,
825 1857 932 1910 ἀπὸ
960 1856 1165 1912 τούτων
1196 1857 1390 1929 κόσμει
1419 1859 1516 1930 τὴν
1548 1859 1723 1916 πόλιν.
1745 1859 1932 1913 Ταῦτα

252 1946 499 2008 καὶτοῖς
543 1945 643 2015 τὴν
690 1943 894 2015 ἔρημον
943 1942 1152 1997 οἰκοῦσι
1200 1944 1472 2014 προσόντα
1506 1945 1691 2016 πάσης
1725 1946 1932 2010 πόλεως

251 2033 644 2104 λαμπροτέραν
666 2033 835 2104 αὑτὴν
866 2034 1034 2085 ποιεῖ·
1061 2032 1154 2084 καὶ
1179 2031 1343 2085 πάλιν
1373 2032 1592 2086 πάντων
1619 2033 1931 2087 εὐτελεστέ-

254 2140 375 2194 ραν,
409 2121 477 2174 ἃν
514 2120 589 2193 μὴ
612 2122 760 2192 παρῇ
793 2119 964 2173 ταῦτα
991 2123 1101 2183 τοῖς
1130 2119 1348 2191 ἐκείνης
1369 2120 1635 2185 πολίταις.
1661 2122 1831 2176 Τοῦτο
1856 2121 1932 2193 μὴ

251 2210 345 2262 ἐπὶ
377 2210 587 2273 πόλεως
618 2208 799 2279 μόνον,
824 2207 959 2262 ἀλλὰ
988 2210 1081 2261 καὶ
1109 2210 1194 2261 ἐπ’
1216 2207 1521 2281 ἀνθρώπων
1547 2211 1862 2281 ποιήσωμεν
1880 2223 1927 2266 ι.

262 2298 391 2352 Ἐἀν
423 2298 542 2370 ἴδῃς
570 2297 852 2368 ἄνθρωπον
873 2296 1342 2369 πολυσαρκοῦντα,
1376 2300 1457 2362 είς
1482 2297 1696 2364 εὐεξίαν
1728 2297 1933 2369 πολλὴν

251 2385 613 2457 ἐκϐεϐηκότα,
647 2384 849 2456 ὑψηλὸν
898 2385 992 2439 καὶ
1038 2387 1164 2448 τοὺς
1204 2384 1397 2450 ἄλλους
1430 2387 1826 2458 ὑπερϐαίνοντα
1855 2386 1932 2457 τῷ

253 2477 421 2547 μήκει
469 2473 563 2527 τοῦ
604 2471 881 2543 σώματος,
920 2473 993 2544 μὴ
1038 2473 1351 2545 θαυμάσῃς,
1383 2473 1490 2538 ἕως
1518 2475 1584 2528 ἂν
1618 2475 1783 2527 αὑτοῦ
1834 2475 1933 2547 τὴν

246 2563 427 2633 ψυχὴν
479 2559 824 2632 καταμάθῃς.
865 2559 957 2631 Μὴ
1012 2561 1121 2614 ἀπὸ
1172 2562 1272 2633 τῆς
1324 2561 1526 2629 ἔξωθεν
1581 2563 1930 2634 εὐμορφίας,

248 2650 388 2703 ἀλλά
442 2649 538 2702 καὶ
592 2649 702 2702 ἀπὸ
737 2648 832 2702 τοῦ
876 2649 1017 2703 κατά
1054 2648 1153 2721 τὴν
1189 2649 1427 2703 διάνοιαν
1468 2650 1700 2715 κάλλους
1756 2668 1933 2721 μακα-

251 2738 495 2809 ρίζωμεν
548 2736 815 2800 ἃπαντας.
876 2737 1087 2808 Μικρὸς
1148 2734 1216 2808 ἦν
1276 2740 1305 2790 6
1364 2737 1526 2791 Δαυῖδ
1577 2740 1672 2792 καὶ
1727 2739 1934 2809 βραχὺς

245 2825 325 2897 τῷ
358 2825 638 2896 σῶματιδ,
662 2825 774 2879 ἀλλ’
802 2827 950 2896 ὅμως
976 2829 1003 2880 6
1026 2826 1230 2897 βραχὺς
1258 2827 1464 2891 ἐκεῖνος
1486 2828 1580 2880 καὶ
1606 2827 1822 2898 μικρὸς,
1839 2828 1934 2880 καὶ

247 2913 361 2968 τῶν
387 2913 568 2968 ὅπλων
597 2913 1021 2985 γεγυμνωμένος
1055 2914 1331 2979 ἁπάντων,
1355 2914 1720 2984 στρατόπεδον
1745 2916 1935 2968 τοσοῦ-

249 3020 344 3057 τον
364 3001 566 3055 καὶτὸν
590 3001 853 3071 σαρκικὸν
876 3003 1084 3055 ἐκεῖνον
1113 3001 1323 3073 πύργον
1341 3003 1449 3056 ἀπὸ
1474 3003 1605 3074 μιᾶς
1625 3004 1932 3074 κατήνεγκε

254 3090 607 3163 πληγῆς,οὑκ
635 3089 923 3153 ἀκοντίσας
949 3090 1099 3162 δόρυ,
1122 3091 1241 3144 οὑδὲ
1261 3090 1413 3161 βέλος
1429 3091 1613 3162 ἀφεὶς,
1632 3092 1753 3145 οὐδὲ
1784 3090 1937 3162 ξίφος

254 3175 574 3247 γυμνώσας,
610 3175 748 3230 ἀλλά
787 3177 957 3247 μικρᾷ
996 3175 1123 3247 βολῇ
1145 3187 1167 3216 ο
1198 3175 1260 3229 τὸ
1293 3178 1400 3230 πᾶν
1422 3177 1936 3248 ἐργασάμενος.Διά

252 3262 413 3315 τοῦτο
438 3261 532 3315 καί
553 3278 638 3325 τις
660 3265 916 3332 παραινεῖ
934 3262 1108 3330 λέγων
1125 3280 1140 3295 ν
1158 3261 1254 3330 Μὴ
1268 3261 1598 3330 ἐπαινέσῃς
1620 3262 1937 3330 ἄνθρωπον

250 3352 323 3404 ἐν
364 3349 578 3404 κάλλει
618 3349 827 3412 αὐτοῦ,
863 3349 1021 3420 μηδὲ
1041 3348 1321 3418 ,ϐδελύξῃ
1368 3348 1559 3417 ἄνδρα
1608 3350 1680 3402 ἐν
1729 3347 1934 3416 ὁράσει

248 3439 470 3493 αὐτοῦ·
506 3441 693 3508 μικρὰ
731 3437 802 3490 ἐν
847 3437 1141 3503 πετεινοῖς
1191 3438 1230 3505 ἡ
1271 3436 1566 3503 μέλισσα,
1619 3436 1719 3490 καὶ
1779 3436 1932 3505 ἀρχὴ

248 3527 621 3596 μιυκασμῶν
668 3530 701 3581 ό
730 3526 958 3596 καρπὸς
1005 3525 1217 3594 αὐτῆς.
1253 3526 1424 3578 Τοῦτο
1453 3529 1549 3580 καὶ
1584 3527 1677 3579 ἐπὶ
1722 3526 1933 3590 πόλεως

312 3616 338 3643 ⁸
360 3616 459 3663 Alii
482 3616 711 3674 ποιῶμεν.

315 3677 341 3715 Ι)
374 3676 474 3724 Alii
493 3677 549 3723 τὸ
568 3679 728 3738 σῶμα.

315 3740 341 3768 θ
363 3738 513 3801 Savil.
541 3745 595 3801 nL
619 3737 815 3801 piuriml
838 3751 951 3801 mss.
980 3741 1124 3801 μικρᾷ
1153 3738 1312 3801 βώλῳ,
1346 3737 1428 3786 alii
1453 3743 1596 3801 μικρᾷ
1619 3737 1754 3801 βολῇ.
1780 3737 1935 3785 Paulo

247 3808 364 3864 post
384 3800 467 3848 alii
493 3801 556 3861 μὴ
582 3800 832 3862 ἐπαινέσῃς
852 3800 1017 3863 ἄνδρα.

1210 339 1302 394 ΑΙ)
1340 338 1669 397 POPULUM
1707 340 2207 399 ANTIOCHENUM
2264 343 2500 399 HOMIL.
2544 341 2729 397 XVI".

3596 345 3698 402 180

2024 461 2113 513 καὶ
2162 459 2370 530 ἀνδρῶν
2393 457 2666 530 λέγωμεν,
2702 458 2798 512 καλ⁵
2829 457 2965 528 πρὸς
2991 456 3259 531 ἀλλήλους
3293 457 3696 531 φιλοσοφῶμεν,

2022 540 2116 594 καί
2139 545 2214 616 τῷ
2251 545 2371 616 Θεῷ
2404 547 2564 617 χάριν
2586 545 2799 616 ἔχωμεν
2826 545 3093 616 διηνεκῶς
3127 547 3224 601 καὶ
3253 548 3395 619 ὑπὲρ
3416 547 3524 603 τῶν
3553 566 3698 622 παρ-

2021 633 2191 687 όντων
2237 635 2329 687 καὶ
2369 634 2509 705 ὑπὲρ
2534 633 2643 686 τῶν
2695 633 3098 704 παρελθόντων,
3146 635 3243 688 καὶ
3288 635 3700 707 παρακαλῶμεν

2025 721 2188 774 αὑτὸν
2240 723 2394 791 κοινῇ
2430 720 2568 790 μετά
2600 720 2879 783 ἐκτενείας
2910 721 3114 793 πάσης,
3153 722 3294 775 ὥστε
3341 722 3438 776 καὶ
3482 724 3612 787 τοὺς
3639 725 3700 778 τὸ

2029 809 2401 880 δεσμωτήριον
2450 808 2755 872 οἰκοῦντας,
2812 809 3073 873 καὶτοὺς
3121 811 3203 873 είς
3256 811 3356 881 τὴν
3412 810 3701 882 ἀλλοτρίαν

2032 896 2441 967 μετοικίζεσθαι
2493 895 2807 966 μέλλοντας,
2845 898 2972 960 τοὺς
3007 896 3104 967 μὲν
3135 897 3426 969 ἀφεθῆναι,
3476 899 3603 962 τοὺς
3641 899 3700 952 δὲ

2027 983 2364 1037 ἐπανελθεῖν.
2392 983 2546 1053 Μέλη
2582 982 2739 1053 ήμῶν
2778 986 2885 1037 είσι
2918 985 3180 1047 κάκεῖνοι,
3212 984 3505 1057 μεθ’ήμῶν
3536 986 3699 1039 ἐκλυο

2026 1071 2387 1140 δωνίσθησαν,
2422 1070 2542 1141 μεθ’
2577 1070 2735 1141 ήμῶν
2773 1070 2865 1124 τὸν
2917 1072 3160 1142 χειμῶνα
3208 1072 3521 1144 ὑπέστησαν
3543 1089 3557 1105 ·
3594 1090 3701 1127 πα-

2034 1159 2362 1231 ρακαλῶμεν
2392 1158 2572 1211 τοίνυν
2604 1158 2698 1211 τὸν
2754 1158 3138 1230 φιλάνθρωπον
3185 1159 3320 1213 Θεὸν
3372 1158 3490 1231 μεθ’
3538 1160 3701 1231 ήμῶν

2030 1246 2229 1310 αὑτοὺς
2263 1244 2572 1299 ἀπολαῦσαι
2615 1246 2712 1317 τῆς
2744 1245 3006 1317 γαλήνης.
3044 1246 3137 1318 Μὴ
3167 1246 3374 1316 λεγέτω
3410 1265 3522 1312 τιςο
3552 1247 3618 1300 Τί
3640 1249 3701 1303 δέ

2033 1349 2124 1403 μοι
2163 1333 2318 1403 μέλει
2344 1333 2560 1398 λοιπόν;
2587 1332 2913 1403 ἀπηλλάγην
2946 1332 3040 1387 τοῦ
3080 1333 3352 1399 κινδύνου,
3384 1333 3704 1389 ἀπολλύσθω

2030 1423 2058 1472 6
2096 1420 2268 1483 δεῖνα,
2320 1418 2724 1490 διαφθειρέσθω
2779 1419 2986 1488 ἕτερος.
3038 1419 3131 1490 Μὴ
3171 1420 3563 1492 παροξύνωμεν
3613 1421 3704 1474 τὸν

2031 1506 2165 1560 Θεὸν
2199 1506 2287 1561 διά
2314 1506 2415 1576 τῆς
2433 1505 2738 1577 ὑπεροψίας
2771 1505 3001 1577 ταύτης,
3033 1506 3150 1559 ἀλλ’
3182 1507 3257 1570 ὼς
3296 1508 3452 1560 αὑτοὶ
3480 1508 3632 1570 ὄντες
3651 1510 3705 1561 έν

2030 1597 2143 1657 τοῖς
2184 1593 2399 1658 δεινοῖς,
2454 1592 2628 1657 οὕτως
2666 1592 3004 1663 ὀδυνώμεθα,
3060 1591 3204 1645 οὕτω
3253 1593 3345 1647 τὸν
3397 1592 3528 1645 Θεὸν
3571 1595 3708 1663 μετά

2035 1680 2313 1742 ἐκτενείας
2345 1679 2783 1751 παρακαλῶμεν,
2818 1681 2996 1732 ἐκεῖνο
3038 1680 3100 1733 τὸ
3127 1679 3344 1734 Παύλου
3374 1679 3708 1751 πληροῦντες

2034 1768 2226 1838 ῥητόν·
2266 1768 2388 1834 Τοῖς
2427 1768 2698 1836 δεσμίοις
2736 1769 2815 1834 ὠς
2846 1767 3298 1837 συνδεδεμένοι,
3323 1768 3450 1834 τοῖς
3490 1785 3711 1823 κακου-

2031 1857 2347 1925 χουμένοις
2368 1855 2449 1921 ὡς
2468 1855 2565 1909 καί
2586 1855 2757 1910 αὐτοὶ
2780 1855 2951 1921 ὄντες
2974 1857 3042 1909 ὲν
3060 1855 3313 1925 σώματι,
3345 1857 3447 1910 καὶ
3467 1857 3711 1911 κλαίον-

2032 1961 2129 2009 τες
2152 1944 2303 2013 μετὰ
2328 1945 2574 1998 κλαίοντ
2584 1961 2689 2008 ων,
2713 1942 2838 2010 τοῖς
2870 1945 3178 2011 ταπεινοῖς
3195 1946 3708 2016 συναπαγόμενοι.

2033 2030 2204 2086 Τοῦτο
2241 2032 2337 2086 καὶ
2380 2034 2530 2103 ἡμᾶς
2562 2031 2762 2095 αὑτοὺς
2808 2030 3083 2102 ὠφελήσει
3130 2033 3199 2086 τά
3261 2033 3523 2104 μέγισται
3559 2034 3712 2089 οὑδὲ-,ν

2030 2119 2140 2190 γὰρ
2194 2118 2336 2172 οὕτω
2382 2119 2474 2172 τὸν
2522 2118 2655 2171 Θεὸν
2704 2118 3019 2188 εὐφραίνειν
3069 2117 3285 2181 εἴωθεν,
3340 2119 3418 2183 ὼς
3468 2120 3531 2173 τὺ
3572 2120 3712 2191 μετά

2033 2202 2235 2273 πολλῆς
2268 2200 2580 2272 προθυμίας
2615 2201 2804 2269 ἀλγεῖν
2851 2201 2992 2272 ὑπὲρ
3022 2201 3130 2255 τῶν
3164 2201 3343 2273 μελῶν
3373 2203 3482 2255 τῶν
3504 2204 3710 2275 ἡμετέκ

2035 2306 2164 2360 ρων.
2186 2287 2603 2359 Παρακαλῶμεν
2619 2288 2798 2342 τοίνυν
2816 2288 2979 2341 αὑτὸν
2999 2291 3149 2359 κοινῇ
3172 2289 3267 2343 καὶ
3281 2289 3422 2361 ὑπὲρ
3440 2292 3549 2343 τῶν
3568 2308 3709 2362 παρ-

2031 2379 2199 2432 όντων
2237 2380 2332 2431 κα¹ι
2372 2379 2512 2450 ὑπὲρ
2549 2377 2660 2431 τῶν
2707 2377 3037 2449 μελλόντων,
3085 2378 3227 2431 ὥστε
3258 2380 3524 2451 κάκείνης
3564 2381 3713 2450 ήμᾶς

2034 2465 2345 2537 ἐξαρπάσαι
2370 2465 2469 2534 τῆς
2498 2463 2794 2528 κολάσεως.
2813 2465 2894 2518 Τά
2926 2460 3025 2535 μὲν
3060 2464 3169 2536 γὰρ
3191 2465 3434 2535 παρόντα
3451 2463 3538 2518 οἷα
3568 2467 3633 2519 ἂν
3652 2464 3709 2540 ᾗ,

2035 2554 2249 2625 φορητά
2276 2551 2336 2605 τέ
2365 2553 2481 2605 ἐστι
2516 2553 2610 2605 καὶ
2641 2553 2797 2616 τέλος
2817 2552 2928 2623 ἔχει
2949 2568 2962 2582 ·
2999 2553 3068 2607 τά
3086 2553 3141 2606 δὲ
3165 2554 3283 2608 ἐκεῖ
3313 2553 3713 2626 βασανιστήρια

2035 2642 2280 2696 ἀθάνατά
2306 2659 2365 2694 τε
2392 2640 2487 2694 καὶ
2513 2641 2752 2711 ἄφυκτα.
2788 2640 2947 2695 Μετά
2986 2641 3041 2694 δὲ
3069 2641 3172 2711 τῆς
3198 2643 3598 2715 παρακλήσεως
3622 2645 3716 2698 καὶ

2010 2728 2189 2781 θαὺτοὶ
2216 2727 2631 2797 σπουδάζωμεν,
2654 2728 2852 2799 μηκέτι
2872 2726 3139 2791 τοιούτοις
3161 2728 3516 2799 περιπίπτειν
3539 2730 3714 2801 ἁμαρ·

2034 2817 2293 2887 τήμασιν,
2318 2814 2518 2878 εἰδότες
2548 2816 2631 2868 ὅτι
2663 2815 2851 2869 λοιπὸν
2881 2815 3004 2868 οὐδὲ
3030 2814 3365 2886 συγγνώμης
3407 2816 3715 2870 ἀπολαῦσαι

2033 2900 2401 2973 δυνησόμεθα.
2468 2903 2637 2972 Κοινῇ
2702 2901 2887 2955 τοίνυν
2955 2900 3033 2972 τῷ
3098 2900 3219 2972 Θεῷ
3279 2903 3715 2974 προσπίπτωμεν

2020 2991 2297 3051 ἅπαντες,
2333 2989 2429 3042 καὶ
2459 2989 2693 3042 ἐνταῦθα
2715 2988 2891 3055 ὅντες,
2920 2989 3016 3043 καὶ
3041 2989 3181 3042 κατὰ
3205 2991 3333 3052 τοὺς
3364 2991 3546 3052 οἴκους
3567 2992 3713 3058 γινό-

2039 3095 2208 3149 μενοι,
2264 3077 2552 3147 λέγωμεν·
2609 3074 2829 3139 Δίκαιος
2882 3072 2954 3140 εί,
3011 3075 3210 3147 Κύριε,
3266 3077 3362 3130 ἐπὶ
3415 3079 3582 3130 πᾶσιν
3634 3072 3717 3140 οἷς

2034 3165 2298 3237 ἐποίησας
2338 3166 2493 3235 ήμῖν,
2531 3164 2613 3216 ὅτι
2654 3165 2713 3216 ὲν
2756 3163 2982 3233 ἀληθινῇ
3029 3164 3210 3233 κρίσει
3258 3165 3562 3234 ἐπήγαγες,
3613 3166 3717 3219 ὅσα

2035 3254 2337 3323 ἐπήγαγες.
2380 3253 2444 3306 El
2472 3252 2530 3304 αἱ
2553 3250 2822 3321 ἁμαρτίαι
2853 3252 2885 3320 ή
2895 3250 3010 3320 μῶν
3031 3249 3180 3322 [180]
3203 3251 3543 3323 ἀντέστησαν
3563 3255 3714 3324 ἡμῖν,

2036 3341 2263 3412 ποίησον
2294 3343 2427 3411 ἡμῖν
2464 3340 2651 3393 ἕνεκεν
2678 3338 2772 3392 τοῦ
2799 3338 3064 3408 ὀνόματός
3103 3355 3219 3405 σου,
3254 3338 3352 3392 καὶ
3388 3340 3463 3411 μὴ
3501 3357 3715 3411 συγχωο

2038 3433 2212 3505 ρήσῃς
2262 3432 2462 3503 μηκέτι
2506 3430 2763 3484 τοιούτων
2822 3430 3012 3484 δεινῶν
3060 3434 3258 3502 πεῖραν
3309 3431 3516 3500 λαϐεῖν,
3550 3432 3716 3501 Μηδὲ

2038 3520 2400 3591 εἰσενέγκῃς
2439 3521 2599 3591 ἡμᾶς
2638 3524 2726 3587 εἰς
2766 3521 3121 3591 πειρασμὸν,
3154 3521 3312 3576 ἀλλὰ
3332 3523 3521 3591 ῥῦσαι
3559 3523 3719 3594 ἡμᾶς

2034 3610 2154 3664 ἀπὸ
2207 3610 2316 3664 τοῦ
2364 3610 2673 3677 πονηροῦ,
2720 3611 2800 3664 ὅτι
2836 3610 2930 3663 σοῦ
2989 3611 3139 3663 ἐστιν
3184 3612 3217 3681 ὴ
3270 3610 3516 3681 βασιλεία
3555 3614 3649 3667 καὶ
3682 3615 3716 3683 ή

2033 3699 2301 3771 δύναμις,
2356 3701 2450 3753 καὶ
2496 3702 2528 3769 ή
2574 3699 2702 3765 δόξα
2743 3700 2824 3763 είς
2871 3698 2998 3763 τοὺς
3058 3699 3261 3763 αἰῶνας
3316 3700 3426 3755 τῶν
3478 3700 3714 3758 αἰώνων.

2048 3788 2243 3859 Ἀμήν.

255 4050 363 4116 Εἷς
399 4047 512 4115 τὴν
543 4043 980 4115 προειρημένην
1016 4046 1312 4099 ὑπόθεσιν
1342 4042 1453 4113 τῆς
1485 4042 1779 4106 στάσεως,
1819 4040 1952 4108 περὶ
1986 4039 2294 4108 νηστείας,
2331 4038 2428 4094 καὶ
2463 4041 2550 4105 εἰς
2585 4038 2652 4093 τὸ
2679 4037 2871 4106 ῥητὸν
2899 4036 3005 4091 τοῦ
3048 4037 3446 4106 Ἀποστόλου,
3482 4038 3714 4111 Χαίρετε

1687 4136 1691 4140 ’
1713 4135 1771 4186 ἐν
1807 4136 1887 4186 Κυ
1899 4132 1997 4204 ρίῳ
2022 4132 2250 4185 πάντοτε
2270 4146 2318 4186 ιι.

907 4390 1143 4460 Ὀμιλία
1169 4394 1262 4456 ιη’.

321 4488 391 4535 α’.
409 4477 646 4542 Πολλοὺς
666 4476 809 4532 εἶδον
838 4476 1149 4548 χαίροντας,
1170 4474 1265 4529 καὶ
1289 4473 1425 4545 πρὸς
1456 4472 1715 4544 ἀλλήλους
1741 4472 1927 4541 λέγονο

246 4567 769 4637 τας⁹Ὲνικήσαμεν,
787 4565 1197 4636 ἐκρατήσαμεν,
1215 4560 1531 4632 ἐδαπανήθη
1550 4560 1651 4630 τῆς
1674 4559 1925 4631 νηστείας

248 4657 314 4709 τὸ
336 4657 531 4726 ἣμισυ.
562 4654 701 4717 Τοὺς
751 4652 810 4706 δὲ
858 4650 1131 4714 τοιούτους
1161 4648 1490 4722 παρακαλῶ,
1529 4648 1605 4719 μὴ
1647 4647 1737 4701 διὰ
1763 4646 1925 4700 τοῦτο

249 4744 498 4817 χαίρειν,
545 4743 626 4795 ὅτι
664 4740 979 4811 ἐδαπανήθη
1030 4741 1131 4810 τῆς
1174 4737 1432 4808 νηστείας
1480 4735 1541 4789 τὸ
1580 4737 1776 4806 ἥμισυ,
1807 4733 1923 4787 ἀλλ’

247 4836 426 4886 ἐκεῖνο
472 4833 717 4894 σκοπεῖν,
756 4831 804 4882 εί
855 4828 962 4882 τῶν
1017 4826 1437 4899 ἁμαρτημάτων
1490 4823 1806 4896 ἐδαπανήθη
1858 4822 1922 4875 τὸ

247 4923 447 4993 ἥμισυ,
473 4921 568 4973 καὶ
610 4919 733 4973 τότε
771 4916 1131 4987 ἀγάλλεσθαι·
1162 4916 1324 4970 τοῦτο
1374 4913 1484 4986 γὰρ
1523 4913 1717 4985 ήδονῆς
1749 4912 1923 4976 ἀξιον,

245 5008 407 5063 τοῦτό
451 5009 568 5061 ὲστι
601 5007 662 5061 τὸ
691 5005 1026 5077 ζητούμενον
1071 5004 1167 5058 καὶ
1203 5004 1272 5058 δι’
1302 5004 1331 5056 δ
1357 5004 1537 5058 πάντα
1566 5001 1803 5071 γίνεται,
1834 5001 1922 5056 ἵνα

244 5096 316 5151 τὰ
344 5094 700 5166 ἐλαττώματα
749 5093 908 5166 ήμῶν
958 5090 1367 5163 διορθώσωμεν,
1422 5091 1511 5145 ἵνα
1566 5090 1641 5162 μὴ
1688 5088 1923 5143 τοιοῦτοι

243 5182 558 5252 ἐξέλθωμεν
585 5182 694 5235 ἀπὸ
725 5180 1002 5252 νηστείας,
1028 5175 1129 5232 οἷοι
1160 5178 1485 5250 εἰσήλθομεν
1515 5180 1595 5242 είς
1643 5175 1920 5247 νηστείαν,

241 5269 361 5324 ἀλλ’
381 5268 779 5339 ἀπονιψάμενοι
800 5268 895 5321 καὶ
915 5268 1094 5321 πάντα
1119 5264 1448 5335 ἀποθέμενοι
1473 5264 1542 5318 τά
1560 5264 1661 5334 τῆς
1679 5263 1925 5333 πονηρᾶς

242 5357 558 5427 συνηθείας,
585 5357 729 5410 οὕτω
752 5356 852 5429 τὴν
880 5355 1031 5426 ἱερὰν
1066 5354 1366 5424 ἀγάγωμεν
1392 5352 1587 5422 ἑορτήν
1605 5368 1620 5383 ·
1648 5348 1724 5414 ὡς
1755 5350 1822 5404 ἂν
1849 5350 1920 5422 μὴ

242 5445 408 5499 τοῦτο
436 5441 493 5516 ᾗ,
522 5446 584 5499 οὑ
630 5445 791 5516 μόνον
824 5443 977 5498 οὐδὲν
1015 5444 1147 5513 ήμίν
1193 5441 1351 5494 ἔσται
1404 5439 1618 5509 κέρδος,
1656 5438 1792 5492 ἀλλά
1828 5438 1919 5491 καὶ

247 5534 447 5606 βλάϐος
480 5533 734 5604 μέγιστον
760 5532 856 5602 τῆς
889 5531 1141 5602 νηστείας
1175 5526 1599 5599 δαπανηθείσης.
1622 5525 1714 5597 Μὴ
1742 5525 1923 5578 τοίνυν

241 5622 546 5693 χαίρωμεν,
566 5620 647 5673 ὅτι
667 5619 998 5691 διηνύσαμεν
1018 5617 1119 5687 τῆς
1143 5614 1399 5687 νηστείας
1432 5613 1494 5666 τὸ
1528 5615 1702 5684 μῆκος
1743 5611 1921 5682 (τοῦτο

304 5729 331 5755 ⁸
358 5725 512 5774 εει-ιι.
532 5725 665 5773 hunc
683 5724 831 5772 effert
852 5722 1047 5772 titulum
1077 5734 1088 5763 :
1124 5717 1561 5783 Ὅμιλίαλεχθείσα
1580 5719 1644 5773 εἷς
1662 5717 1755 5783 τὴν
1769 5716 1919 5783 μέσην

241 5791 338 5836 τῶν
362 5788 612 5845 νηστειῶν,
634 5787 715 5833 καὶ
734 5787 800 5841 εἰς
820 5786 876 5833 τὸ
894 5778 1212 5847 ἀποστολικὸν
1239 5782 1378 5847 ῥητὸν
1484 5781 1638 5847 λέγον,
1670 5797 1693 5820 ‹ι
1716 5778 1919 5847 Χαίρετε

240 5849 294 5905 ἐν
306 5840 463 5911 Κυρίῳ
473 5840 691 5909 πάντοτε,
700 5868 722 5890 υ
733 5840 813 5896 καὶ
828 5844 933 5910 περὶ
947 5850 1031 5903 τῆς
1046 5840 1381 5908 προειρημένης
1398 5842 1446 5891 ἄν
1460 5846 1517 5904 τῇ
1538 5842 1673 5891 πόλει
1685 5840 1919 5894 στάσεως.

2031 4385 2140 4457 γὰρ
2179 4385 2331 4437 οὐδὲν
2356 4385 2498 4455 μέγα
2530 4385 2721 4449 ἐστὶν),
2757 4382 2893 4437 ἀλλά
2913 4385 3212 4456 χαίρωμεν,
3244 4385 3369 4438 ὅταν
3408 4384 3544 4454 μετά
3575 4403 3709 4442 κατ-

2029 4470 2365 4542 ορθωμάτων
2408 4469 2540 4522 αὑτὸ
2581 4468 2945 4540 διανύσωμεν,
2991 4469 3076 4521 ἴνα
3105 4469 3200 4521 καὶ
3221 4468 3561 4543 ἀπελθούσης
3579 4473 3711 4525 ταύ-

2028 4576 2148 4628 της,
2182 4560 2211 4610 6
2234 4557 2439 4629 ταύτης
2464 4557 2749 4630 διαλάμπῃ
2779 4556 3008 4630 καρπός.
3048 4558 3158 4610 Καὶ
3187 4558 3296 4630 γὰρ
3329 4557 3422 4612 τοῦ
3444 4560 3713 4630 χειμῶνος

2027 4641 2090 4694 τὸ
2122 4641 2313 4713 κέρδος
2342 4642 2463 4695 τότε
2493 4642 2728 4713 μάλιστα
2756 4642 3032 4696 δείκνυται
3064 4642 3113 4706 δ,
3162 4641 3293 4695 ὅταν
3327 4644 3534 4707 ἐκεῖνος
3568 4662 3712 4717 παρ-

2030 4726 2194 4798 έλθῃ·
2251 4728 2347 4781 κα)⁹
2397 4727 2508 4799 γὰρ
2560 4728 2817 4800 κομῶντα
2871 4727 2941 4780 τά
2988 4728 3136 4798 λήῖα.
3192 4728 3287 4781 καὶ
3338 4728 3556 4797 φύλλοις
3619 4732 3713 4784 καὶ

2030 4813 2229 4886 καρπῷ
2255 4815 2325 4868 τά
2356 4814 2547 4887 δένδρα
2580 4814 2812 4886 βρύοντα
2845 4813 2935 4867 διὰ
2960 4813 3062 4883 τῆς
3081 4812 3257 4881 ὅψεως
3290 4812 3390 4885 βοᾷ
3409 4813 3506 4884 τὴν
3533 4817 3598 4867 ἐκ
3617 4816 3710 4869 τοῦ

2030 4903 2300 4973 χειμῶνος
2323 4902 2626 4974 γενομένην
2660 4902 2929 4971 ὠφέλειαν
2957 4901 3162 4964 αὐτοῖς.
3214 4899 3387 4955 Τοῦτο
3411 4901 3473 4973 δὴ
3509 4904 3603 4957 καὶ
3624 4907 3709 4973 ἐφ’

2027 4989 2188 5060 ήμῶν
2212 4988 2474 5057 γενέσθω.
2501 4990 2611 5042 Καὶ
2639 4989 2748 5058 γάρ
2785 4986 2956 5040 ὑετῶν
3003 4987 3241 5056 συνεχῶν
3268 4988 3364 5041 καὶ
3391 4989 3710 5060 ἐπαλλήλων

2028 5078 2420 5149 ἀπελαύσαμεν
2448 5079 2506 5130 ἐν
2530 5077 2609 5147 τῷ
2640 5076 2869 5147 χειμῶνι
2901 5074 3045 5129 κατὰ
3058 5075 3149 5129 τὸν
3178 5077 3277 5147 τῆς
3305 5079 3563 5144 νηστείας
3590 5097 3711 5133 και-

2031 5168 2125 5239 ρὸν
2153 5164 2436 5237 διηνεκοῦς
2475 5166 2836 5236 μετασχόντες
2863 5164 3233 5229 διδασκαλίας,
3279 5167 3375 5220 καὶ
3419 5168 3709 5240 σπέρματα

2028 5255 2330 5326 ἐδεξάμεθα
2381 5252 2752 5321 πνευματικὰ,
2788 5254 2884 5306 καὶ
2919 5253 3016 5317 τὰς
3055 5254 3301 5319 ἀκάνθας
3341 5257 3442 5327 τῆς
3494 5259 3708 5328 τρυφῆς

2028 5343 2400 5414 ἀπετέμομεν.
2423 5339 2687 5411 Μένωμεν
2714 5341 2896 5394 τοίνυν
2913 5340 3059 5413 ἀπερ
3085 5341 3465 5412 ὑπεδεξάμεθα
3486 5344 3709 5413 τηροῦν-

2027 5447 2119 5493 τες
2154 5427 2295 5501 μετά
2315 5427 2620 5499 ἀκριϐείας,
2662 5429 2748 5481 ἵνα
2798 5428 3011 5499 καὶτῆς
3037 5430 3290 5501 νηστείας
3314 5429 3653 5501 ἀπελθούσης
3677 5433 3707 5485 6

2026 5514 2129 5583 τῆς
2161 5511 2421 5584 νηστείας
2479 5510 2618 5583 βρύῃ
2667 5512 2901 5584 καρπὸς,
2954 5512 3048 5566 καὶ⁵
3098 5513 3186 5566 διὰ
3222 5512 3330 5565 τῶν
3369 5514 3589 5581 ἀγαθῶν
3630 5508 3707 5569 ὧν

2029 5597 2481 5670 ἐκαρπωσάμεθα
2529 5598 2638 5651 ἀπὸ
2680 5601 2779 5670 τῆς
2818 5598 3091 5670 νηστείας,
3137 5598 3232 5651 καὶ
3276 5599 3449 5669 αὑτῆς
3486 5619 3706 5675 μνημο-

2027 5682 2270 5751 νεύωμεν
2302 5681 2406 5751 τῆς
2433 5681 2705 5753 νηστείας.
2739 5682 2863 5735 Ἐάν
2890 5680 3316 5747 οὑτως-ἑαυτοὺς
3348 5689 3705 5749 παρασκευά-

2088 5778 2116 5819 b
2139 5778 2288 5853 Sayil.
2313 5783 2374 5849 gl.
2393 5779 2580 5853 aliqllol
2618 5793 2735 5853 mtas;
2776 5781 2853 5828 καὶ
2891 5781 2984 5853 γὰρ
3019 5778 3376 5853 τοῦηχειμῶὶιος
3407 5778 3706 5836 ἀπελθόντος,

2028 5842 2152 5901 μένει
2179 5839 2235 5890 τὸ
2257 5839 2342 5889 τοῦ
2364 5839 2596 5905 χειμῶνος
2626 5843 2806 5905 κέρδος,
2827 5839 3035 5892 καῖτότε
3060 5839 3266 5905 μάλιστα
3284 5842 3534 5898 δείκνυται,
