4068 6422
421 304 514 363 181

424 446 632 500 σωμεν.
661 426 997 499 προσιοῦσαν
1040 425 1210 497 αὑτὴν
1245 424 1366 497 μεθ’
1393 426 1587 497 ἡδονῆς
1618 426 1884 498 δεξόμεθα
1913 426 2098 480 πάλιν.

423 518 535 570 Καὶ
561 514 669 587 γάρ
698 513 872 577 οὑτως
896 511 1009 584 δρῶ
1056 512 1286 575 πολλοὺς
1338 512 1695 585 μικροψύχως
1732 514 1955 586 ἔχοντας
1975 552 1991 578 ,
2025 512 2102 577 ὼς

422 604 482 657 ἐν
518 602 596 673 τῷ
628 602 854 673 παρόντι
881 600 1008 673 περὶ
1036 599 1135 670 τῆς
1173 598 1478 671 μελλούσης
1527 604 1801 673 μεριμνᾷν
1823 616 2099 673 τεσσαρα-

424 690 644 761 κοστῆς,
675 690 771 743 καὶ
805 687 1015 741 πολλῶν
1033 688 1245 758 ἥκουσα
1273 686 1562 756 λεγόντων,
1596 690 1678 742 ὅτι
1710 689 1849 759 μετὰ
1873 688 1973 759 τὴν
2001 688 2102 757 τῆς

423 778 677 849 νηστείας
706 775 1025 847 ἀπαλλαγὴν
1054 776 1155 829 ούκ
1182 774 1529 829 αἰσθάνονται
1558 776 1657 847 τῆς
1687 776 1879 848 ἡδονῆς
1912 776 2013 846 τῆς
2037 776 2101 828 ἐκ

421 867 525 935 τῆς
560 866 796 929 ἀνέσεως
823 865 913 918 διά
951 863 1047 935 τῆν
1092 863 1348 933 φροντίδα
1373 864 1468 915 τοῦ
1505 863 1791 934 μέλλοντος
1820 863 2100 921 ἐνιαυτοῦ.

423 953 489 1006 Τί
532 951 597 1006 ἂν
626 952 838 1021 γένοιτο
872 950 1061 1004 τούτου
1096 950 1591 1023 μικροψυχότερον,
1639 952 1760 1004 εἰπέ
1790 967 1913 1022 μοι;
1949 951 2100 1004 Τίδέ

423 1040 487 1093 τὸ
520 1041 690 1094 αίτιον
722 1039 913 1093 τούτου
949 1039 1133 1106 ἐστίν;
1170 1041 1292 1095 Ὅτι
1316 1041 1572 1111 νηστείας
1597 1040 2050 1112 παραγενομένης
2073 1052 2099 1080 α

420 1128 521 1198 οὑχ
563 1130 713 1191 ὅπως
750 1127 818 1182 τά
863 1126 1006 1182 κατά
1049 1126 1228 1198 ψυχὴν
1272 1124 1332 1183 εὖ
1384 1128 1655 1200 διατεθείη
1698 1128 2099 1198 σπουδάζομεν,

427 1214 547 1268 ἀλλ’
575 1215 634 1268 ἐν
657 1217 725 1286 τῇ
749 1214 859 1268 τῶν
888 1215 1072 1268 σιτίων
1099 1216 1278 1287 ἀποχῇ
1313 1215 1475 1287 μόνον
1505 1216 1675 1287 αὑτὴν
1705 1213 2025 1287 όριζόμεθα.

504 1303 595 1366 Ὠς
630 1304 681 1356 εί
735 1302 889 1373 μέγα·
921 1319 977 1355 τι
1028 1304 1106 1367 είς
1151 1306 1250 1372 τὴν
1293 1302 1403 1355 τῶν
1446 1304 1661 1375 τρόπων
1689 1302 1974 1375 διόρθωσιν
2006 1303 2101 1356 ἀπ’

420 1391 594 1462 αὑτῆς
655 1389 1127 1463 ἐκαρπωσάμεθα,
1184 1390 1288 1444 κᾶν
1346 1391 1635 1463 ηὐξάμεθα
1686 1391 1810 1445 καθ’
1862 1392 2102 1463 ἑκάστην

419 1480 636 1553 ἡμέραν
662 1479 1061 1549 παραγίνεσθαι
1080 1479 1177 1552 τὴν
1210 1479 1361 1553 [181]
1389 1482 1664 1553 νηστείαν,
1689 1482 1754 1535 δι’
1785 1481 1965 1534 αὑτῶν
1992 1482 2102 1535 τῶν

419 1567 600 1641 ἔργων
629 1566 885 1638 αίσθησιν
917 1566 1287 1639 λαμϐάνοντες
1307 1569 1416 1623 τῶν
1439 1568 1883 1640 κατορθωμάτων
1908 1569 2096 1639 αὑτῆς,

422 1656 520 1710 καὶ
555 1656 656 1710 οὑκ
684 1655 750 1710 ἀν
777 1673 909 1710 ποτε
930 1656 1029 1727 τὴν
1077 1656 1376 1728 ἐπιθυμίαν
1400 1657 1574 1727 αὑτῆς
1605 1657 1961 1727 ἐξεϐάλομεν,
2001 1658 2101 1710 οὑκ

422 1743 492 1798 ἂν
552 1742 1013 1815 προσδοκωμένης
1072 1744 1244 1814 αὑτῆς
1317 1745 1620 1817 ἐγενόμεθα
1682 1747 1948 1816 κατηφεῖς
2003 1746 2101 1799 καὶ

422 1831 731 1902 ἐναγώνιοι.
765 1832 872 1886 Τὸν
910 1832 1019 1905 γὰρ
1057 1833 1200 1887 κατά
1243 1833 1484 1888 διάνοιαν
1518 1828 1576 1887 εὖ
1606 1834 1955 1905 διακείμενον
2004 1835 2099 1887 καὶ

420 1919 522 1990 τῆς
559 1919 742 1991 ψυχῆς
781 1920 1210 1991 ἐπιμελούμενον
1241 1922 1341 1991 τῆς
1387 1920 1604 1985 ἐαυτοῦ,
1633 1921 1786 1975 ούδέν
1815 1921 1953 1985 ὅλως
1990 1923 2099 1975 τῶν

419 2005 591 2060 όντων
634 2006 817 2076 θλῖψαι
868 2007 1196 2078 δυνήσεται,
1253 2008 1369 2061 ἀλλ’
1419 2009 1787 2063 ἀπολαύσεται
1848 2010 2099 2082 καθαρᾶς

420 2095 617 2165 ἡδονῆς
644 2095 740 2149 καὶ
765 2094 1076 2165 διηνεκοῦςο
1103 2095 1195 2149 καὶ
1221 2097 1302 2149 ὅτι
1329 2095 1488 2149 τοῦτό
1515 2099 1663 2151 ἐστιν
1683 2097 1901 2168 ἀληθὲς,
1935 2098 2100 2169 ἡκού-

423 2198 552 2236 σατε
583 2180 676 2235 τοῦ
702 2182 916 2236 Παύλου
952 2187 1193 2254 σήμερον
1221 2183 1614 2254 παραινοῦντος
1638 2187 1770 2256 ἡμῖν
1797 2186 1891 2239 καὶ
1920 2185 2101 2254 λέγον-

419 2287 512 2335 τος
530 2287 545 2301 ⁸
584 2270 828 2339 Χαίρετε
862 2270 933 2325 ἐν
956 2271 1154 2340 Κυρίῳ
1174 2272 1455 2334 πάντοτε,
1478 2270 1667 2326 πάλιν
1686 2272 1822 2340 ἐρῶ,
1840 2274 2097 2342 χαίρετε.

421 2357 534 2412 Καὶ
561 2354 678 2431 οἶδα
721 2358 840 2429 μὲν,
875 2359 959 2413 ὅτι
990 2358 1206 2422 πολλοῖς
1232 2358 1495 2413 ἀδύνατον
1528 2355 1667 2414 εἶναι
1695 2360 1844 2414 δοκεῖ
1870 2361 1929 2414 τὸ
1955 2360 2102 2429 λεγό-

424 2462 588 2518 μενον
608 2463 623 2478 ο
652 2446 769 2511 πῶς
796 2449 907 2518 γὰρ
933 2442 1045 2501 οἷόν
1076 2464 1160 2513 τε,
1199 2448 1387 2518 φησιν,
1410 2447 1699 2519 ἄνθρωπον
1728 2448 1856 2502 δντα
1886 2450 2098 2519 χαίρειν

420 2532 685 2605 διηνεκῶς
705 2550 720 2600 ;
737 2534 798 2587 τὸ
818 2534 919 2605 μὲν
946 2532 1054 2605 γὰρ
1075 2534 1282 2606 χαίρειν
1309 2536 1370 2588 οὑ
1386 2535 1665 2600 δύσκολον,
1679 2537 1739 2589 τὸ
1758 2536 1814 2589 δέ
1836 2537 2100 2608 διηνεκῶς

421 2622 657 2693 χαίρειν,
688 2620 847 2675 τοῦτο
874 2623 969 2675 καὶ
998 2622 1258 2675 ἀδύνατον
1280 2617 1419 2677 εἷναί
1451 2640 1539 2694 μοι
1584 2623 1752 2688 δοκεῖ,
1785 2623 1916 2688 ἴσως
1955 2624 2099 2679 εῖποι

420 2710 491 2765 ἀν
526 2726 645 2773 τις·
677 2708 870 2764 πολλαὶ
900 2709 1012 2782 γὰρ
1037 2708 1275 2781 ἀθυμίας
1301 2711 1449 2781 ἡμᾶς
1495 2710 1731 2779 ἀνάγκαι
1764 2711 2099 2782 περιστοιχί-

423 2796 629 2863 ζονται.
658 2799 730 2852 Ἢ
761 2797 871 2868 γάρ
904 2797 1071 2851 παῖδά
1091 2813 1176 2862 τις
1206 2797 1501 2862 ἀπέϐαλεν,
1528 2798 1562 2869 ἢ
1592 2800 1847 2867 γυναῖκα,
1878 2798 1911 2869 ἢ
1945 2799 2100 2869 φίλον

421 2886 669 2959 γνήσιον,
721 2886 927 2950 παντὸς
978 2885 1276 2955 συγγενοῦς
1321 2886 1773 2957 ἀναγκαιότερον,
1814 2885 1848 2957 ἡ
1895 2886 2100 2958 ζημίαν

424 2975 635 3044 ὑπέστη
674 2973 997 3046 χρημάτων,
1050 2973 1083 3043 ἢ
1130 2973 1273 3044 νόσῳ
1303 2972 1653 3045 περιέπεσεν,
1692 2974 1724 3045 ἢ
1775 2976 2099 3046 περίστασιν

424 3064 763 3135 πραγμάτων
798 3062 1088 3132 ὑπέμεινεν
1117 3060 1310 3134 ἐτέραν
1334 3103 1349 3129 ,
1388 3061 1423 3133 ἢ
1468 3062 1597 3133 παρ’
1632 3060 1789 3128 ἀξίαν
1824 3061 2100 3133 ὑϐρισθεὶς

420 3150 730 3224 ῆλγησεν,ἢ
754 3149 932 3221 λιμὸς,
963 3152 997 3220 ἢ
1035 3148 1299 3221 λοιμὸς,ἡ
1335 3148 1621 3222 εῖσπραξις
1641 3149 1935 3221 ἀφόρητος,
1962 3149 1996 3221 ἦ
2030 3150 2100 3203 τὰ

423 3239 563 3295 κατά
601 3240 699 3311 τὴν
720 3239 900 3294 οἰκίαν
936 3238 1241 3310 πράγματα
1256 3253 1270 3267 ⁶
1295 3238 1496 3310 μᾶλλον
1516 3238 1573 3292 δέ
1594 3240 1696 3293 οὑκ
1711 3238 1777 3292 ἀν
1801 3238 2100 3309 φθάνοιμεν

420 3323 639 3380 ἅπαντα
659 3324 1072 3394 καταλέγοντες,
1100 3325 1203 3377 ὅσα
1231 3323 1327 3377 καὶ
1373 3323 1481 3395 ίδίᾳ
1515 3323 1612 3377 καὶ
1638 3323 1702 3394 δη
1712 3322 1875 3394 μοσία
1909 3322 2099 3375 λυπεῖν

422 3414 571 3485 ἡμᾶς
605 3412 817 3467 εῖωθεν.
849 3411 974 3475 Πῶς
999 3407 1091 3466 οῦν
1129 3410 1379 3478 δυνατὸν,
1416 3411 1573 3481 φησὶ,
1603 3410 1834 3464 πάντοτε
1855 3409 2096 3481 χαίρειν;

421 3499 658 3554 Δυνατὺν
691 3500 789 3571 μὲν
814 3495 932 3563 οῦν,
964 3495 1248 3569 ἀνθρωπε-
1292 3498 1388 3551 καὶ
1414 3499 1462 3550 εἰ
1494 3498 1569 3568 μὴ
1593 3497 1818 3551 δυνατὸν
1856 3493 1950 3569 ῆν,
1999 3498 2099 3550 οὑκ

419 3584 494 3638 ἂν
517 3589 549 3643 ό
579 3586 789 3650 Παῦλος
816 3586 1149 3657 παρῄνεσεν,
1183 3584 1294 3637 οὐδ’
1330 3584 1397 3638 ἀν
1432 3584 1853 3639 συνεϐούλευσεν
1885 3584 2097 3656 ἀνθρω-

416 3685 527 3734 πος
584 3668 962 3739 πνευματικῆς
1017 3666 1308 3721 ἀπολαύων
1352 3668 1564 3737 σοφίας.
1632 3669 1743 3722 Καὶ
1796 3668 1886 3722 διά
1940 3668 2100 3722 τοῦτο

422 3757 664 3828 συνεχῶς
712 3758 841 3828 ὑμῖν
874 3757 1081 3826 ἔλεγον,
1126 3756 1223 3810 καὶ
1260 3755 1436 3825 λέγων
1477 3758 1539 3810 οὑ
1585 3756 1885 3828 παύσομαι,
1935 3759 2018 3811 ὅτι
2059 3757 2096 3812 ἃ

423 3844 677 3917 μηδαμοῦ
714 3845 849 3917 μηδέ
876 3845 1007 3915 παρ’
1036 3844 1256 3915 ἐτέρῳδ
1285 3845 1392 3897 τινί
1423 3843 1540 3897 ἔστι
1574 3843 1786 3915 μαθεῖν,
1816 3844 1993 3899 ταῦτα
2018 3846 2100 3898 ἐν·

421 3931 597 3986 ταῦθα
618 3933 747 4004 ὑμῖν
776 3931 952 3997 ἔξεστι
977 3931 1310 4003 φιλοσοφεῖν.
1356 3931 1583 4003 Ἡδονῆς
1617 3933 1716 4004 μὲν
1739 3933 1848 4003 γάρ
1882 3931 2095 3987 καὶτοῦ

421 4021 634 4092 χαίρειν
687 4019 1045 4091 ἐπιθυμοῦσιν
1095 4020 1370 4085 ἅπαντες,
1424 4020 1520 4073 καὶ
1566 4021 1655 4075 διὰ
1703 4021 1863 4075 τοῦτο
1914 4022 2097 4075 πάντα

422 4108 637 4163 ποιοῦσι
667 4109 760 4161 καὶ
794 4108 1013 4175 λέγουσι
1037 4108 1133 4161 καὶ
1160 4107 1659 4179 πραγματεύονται.
1691 4110 1801 4162 Καὶ
1843 4110 1954 4183 γὰρ
1997 4109 2097 4181 έμ-

423 4213 589 4267 πορος
615 4196 702 4250 διά
732 4195 891 4248 τοῦτο
914 4194 1055 4258 πλεῖ,
1088 4195 1174 4247 ἵνα
1196 4196 1302 4266 χρή
1313 4212 1459 4265 ματα
1494 4196 1777 4268 συναγάγῃ
1793 4211 1807 4225 ⁸
1832 4198 2095 4268 χρήματα

421 4284 480 4338 δὲ
513 4284 757 4352 συνάγει,
802 4284 890 4337 ἵνα
918 4283 1052 4353 έχων
1102 4284 1441 4355 ἀποκείμενα
1484 4285 1648 4355 χαίρῃ
1670 4301 1684 4316 ο
1722 4286 1818 4337 καλ
1851 4288 1879 4340 ὁ
1930 4303 2095 4358 στρα-

420 4372 711 4443 τευόμενος
755 4372 845 4425 διά
892 4371 1055 4425 τοῦτο
1096 4372 1475 4442 στρατεύεται,
1530 4374 1678 4426 καὶό
1716 4373 1963 4443 γεωργὸς
2002 4373 2094 4428 διὰ

404 4458 582 4533 ,τοῦτο
609 4461 878 4529 γεωργεῖ,
917 4460 1012 4511 καὶ
1042 4459 1241 4529 τέχνην
1272 4459 1503 4524 ἕκαστος
1532 4460 1620 4514 διὰ
1668 4461 1827 4514 τοῦτο
1861 4462 2090 4533 μέτεισι,

420 4545 516 4599 καὶ
554 4546 727 4615 ἀρχῆς
746 4547 795 4598 οἱ
839 4545 1075 4615 ἐρῶντες
1114 4545 1203 4599 διὰ
1231 4546 1391 4599 τοῦτο
1413 4548 1631 4618 ἐρῶσιν,
1662 4548 1750 4603 ἴνα
1769 4549 1928 4620 δόξης
1960 4552 2095 4603 ἀπο-

420 4633 684 4697 λαύσωσι,
711 4631 867 4702 δόξης
917 4632 975 4685 δέ
993 4633 1292 4687 ἀπολαύειν
1324 4633 1602 4703 βούλονται
1625 4675 1641 4699 ,
1687 4637 1777 4690 ἴνα
1820 4638 2054 4709 χαίρωσι
2074 4656 2089 4670 ⁸

421 4721 515 4773 καλ⁸
535 4720 766 4791 πρᾶγμα
788 4719 1020 4772 ἕκαστον
1050 4719 1188 4790 πρὸς
1202 4720 1361 4773 τοῦτο
1394 4720 1490 4774 ίδοι
1518 4739 1602 4785 τις
1623 4722 1693 4776 ἂν
1715 4725 2086 4795 ἐπιγενόμενον

425 4818 449 4846 ο
477 4808 608 4878 ἡμῖν
648 4806 709 4861 τὸ
741 4806 912 4871 τέλος,
962 4808 1057 4861 καὶ
1087 4807 1223 4879 πρὸς
1258 4806 1418 4861 τοῦτο
1472 4808 1700 4873 ἕκαστος
1757 4810 1969 4880 βλέπων
2001 4811 2091 4866 διὰ

421 4895 632 4948 πολλῶν
659 4894 768 4949 τῶν
800 4893 980 4966 μέσων
1014 4895 1100 4948 ἐπ’
1133 4895 1263 4949 αὐτὸ
1285 4895 1506 4949 σπεύδει
1545 4896 1803 4967 βαδίζειν.

490 4982 771 5055 Εὑθυμίας
816 4984 936 5053 μὲν,
981 4984 1119 5055 ὅπερ
1159 4984 1316 5055 ἔφην,
1353 4984 1521 5055 ἐρῶσι
1552 4986 1790 5050 πάντεςε
1813 4988 2091 5059 ἐπιτυχεῖν

417 5071 478 5124 δὲ
505 5071 605 5141 οὐχ
635 5072 874 5134 ἅπαντες
896 5072 1150 5126 δύνανται
1168 5086 1183 5101 ⁸
1214 5075 1276 5126 οὑ
1308 5074 1419 5146 γὰρ
1447 5074 1594 5128 ἴσασι
1622 5075 1719 5147 τὴν
1744 5076 1863 5130 ἐκεῖ
1894 5078 2092 5149 φέρου-

422 5176 522 5213 σαν
544 5159 691 5214 όδόψ
724 5158 861 5211 ἀλλά
879 5160 1063 5213 πολλοὶ
1089 5161 1425 5232 νομίζουσιν,
1448 5163 1529 5216 ὅτι
1555 5163 1617 5217 τὸ
1640 5164 1891 5219 πλουτεῖν
1919 5169 2090 5219 αῐτιον

418 5249 612 5305 τούτου
660 5249 894 5318 γίνεται.
928 5250 994 5302 Εἰ
1026 5251 1083 5304 δέ
1127 5253 1285 5305 τοῦτο
1330 5254 1498 5308 αῖτιον
1533 5250 1622 5325 ῆν,
1659 5256 1833 5320 οὐδεὶς
1877 5256 1944 5310 ἂν
1979 5256 2091 5310 τῶν

420 5335 682 5409 χρήματα
704 5333 1060 5403 κεκτημένων
1082 5334 1333 5407 ἡθύμησέ
1356 5355 1488 5391 ποτε
1504 5355 1517 5369 ο
1551 5338 1647 5393 νῦν
1677 5340 1734 5393 δὲ
1773 5340 1958 5394 πολλοὶ
1979 5341 2088 5395 τῶν

421 5423 795 5478 πλουτούντων
845 5422 1077 5476 ἀϐίωτον
1120 5419 1258 5478 εἶναι
1307 5426 1401 5479 τὸν
1452 5427 1565 5497 βίον
1620 5429 1936 5500 νομίξουσι,
1995 5433 2089 5485 καὶ

420 5512 684 5577 θανάτους
719 5511 948 5584 μυρίους
981 5510 1252 5583 εἶχονται,
1305 5515 1524 5570 ἐπειδάν
1553 5518 1893 5590 δυσημερίας
1946 5520 2089 5584 τινὸς

420 5600 735 5665 αἴσθωνται,
792 5600 887 5654 καὶ
933 5601 983 5654 οί
1016 5599 1223 5673 σφόδρα
1270 5601 1628 5674 ἀθυμοῦντες,
1669 5599 1819 5659 οὗτοι
1852 5606 2089 5677 μάλιστα

480 5705 508 5773 _‘
535 5705 684 5773 ngil.
710 5705 1010 5773 ἐπελθούσης,
1032 5706 1114 5773 alii
1138 5719 1403 5773 pprlfperamr
1420 5711 1755 5773 παρελθούσης.
1772 5712 1902 5761 lion.

478 5766 507 5835 ξι
529 5767 626 5835 ᾼΔΙῙἰ
648 5767 941 5835 παρ’έτέρων
963 5771 1120 5835 τιχῶν,
1139 5766 1363 5832 ε1ἰ1“παρ’
1376 5766 1531 5835 ,ἑτέρω
1551 5772 1654 5821 τινί.

477 5833 503 5864 ε
524 5829 620 5899 Alii
646 5829 958 5899 ἐπειγρμενον.
1009 5830 1157 5880 Paulo
1190 5838 1305 5892 post
1327 5829 1527 5884 'aliuu'ol
1551 5836 1861 5897 manuscripli
1891 5836 1972 5899 μὲν
1998 5834 2079 5886 οὖν

435 5894 552 5956 ὅπερ
568 5892 683 5953 ἔφην
708 5891 878 5954 ἐρῶσιν
898 5893 1113 5946 ἅπαντες.

1147 311 1205 366 S.
1246 309 1536 367 JOANNIS
1591 307 2085 366 CHRYSOSTOMI
2122 307 2445 368 ARCHIEP.
2483 311 3044 371 CONSTANTINOP.

3778 325 3882 383 183

2203 428 2421 482 πάντων
2463 429 2589 483 είσί.
2629 430 2721 501 Μὴ
2756 430 2866 501 γάρ
2902 444 2993 501 μοι
3034 430 3133 494 τάς
3179 431 3458 503 τραπέζας
3509 435 3692 491 αὑτῶν
3743 443 3883 511 ἴδῃς.

2205 516 2340 588 μηδέ
2377 519 2503 582 τοὺς
2536 519 2775 583 κόλακας
2810 518 2993 573 αὑτῶν
3030 522 3127 575 καὶ
3161 523 3291 586 τοὺς
3333 525 3695 594 παρασίτους,
3738 531 3882 587 ἀλλά

2200 604 2269 658 τά
2298 605 2358 672 ἐξ
2388 606 2570 689 αὑτῶν
2603 607 2865 679 γινόμενα
2886 606 2913 647 ἀ
2950 608 3284 680 πράγματα,
3313 610 3416 674 τὰς
3457 612 3748 684 ἐπηρείας,
3779 618 3880 683 τάς

2204 694 2590 762 συκοφαντίας,
2612 696 2739 758 τοὺς
2760 695 3059 760 κινδύνους,
3089 695 3187 760 τὰς
3214 698 3475 766 ἀγωνίας,
3506 702 3599 754 καὶ
3629 701 3661 754 δ
3680 702 3879 758 τούτου

2202 779 2384 849 πολλῷ
2423 780 2825 853 χαλεπώτερον,
2862 782 2944 837 ὃτι
2977 784 3073 837 καὶ
3114 784 3440 857 ἀμελέτητοι
3498 787 3633 857 πρὸς
3673 788 3881 855 ταύτας

2205 866 2353 939 [182]
2377 869 2661 940 ἐρχόμενοι
2683 870 2784 935 τάς
2810 871 3136 942 μεταϐολὰς,
3163 872 3474 943 φιλοσοφεῖν
3501 876 3604 930 οὑκ
3625 877 3881 932 ἐπίσταν-

2201 969 2314 1018 ται,
2351 952 2472 1006 οὑδέ
2494 953 2756 1021 γενναίως
2778 955 2845 1009 τά
2868 955 3250 1027 συμπίπτοντα
3275 957 3483 1027 φέρειν.
3532 960 3735 1032 Διόπερ
3759 961 3879 1015 ούδέ

2200 1038 2429 1093 τοιαῦτα
2455 1040 2639 1104 αὑτοῖς
2662 1042 2912 1110 φαίνεται
2932 1042 3001 1096 τά
3026 1042 3197 1105 δεινὰ,
3222 1038 3421 1116 οἷάπερ
3442 1047 3561 1099 ἐστὶ
3588 1049 3654 1117 τῇ
3692 1046 3876 1116 φύσει,

2201 1125 2337 1180 ἀλλά
2375 1128 2470 1180 καὶ
2492 1126 2561 1180 τά
2590 1128 2766 1199 κοῦφα
2800 1130 3052 1201 ἀφόρητα
3083 1130 3270 1186 λοιπὸν
3291 1127 3433 1184 εἶναι
3461 1132 3628 1189 δοκεῖ.
3661 1134 3878 1206 Ὠσπερ

2202 1211 2295 1270 οῦν
2327 1216 2422 1270 ἐπὶ
2464 1216 2574 1270 τῶν
2617 1220 2864 1288 πενήτων
2909 1220 3219 1273 τούναντίον
3265 1218 3493 1288 γίνεται,
3543 1221 3638 1274 καὶ
3678 1224 3749 1275 τά
3788 1223 3879 1275 ἀν-

2209 1308 2416 1375 ήκεστα
2447 1304 2662 1376 φορητά
2698 1306 2970 1376 φαίνεται,
3014 1305 3092 1370 ὡς
3134 1306 3207 1360 τά
3238 1306 3409 1360 πολλά
3440 1306 3666 1360 τοιαῦτα
3693 1308 3879 1373 αὑτοῖς

2205 1393 2669 1463 μεμελετηκόσινο
2712 1393 2836 1447 οὑδέ
2870 1394 2981 1465 γάρ
3032 1393 3208 1458 οὕτως
3233 1405 3258 1434 ο
3309 1395 3343 1465 ἡ
3377 1393 3487 1447 τῶν
3535 1395 3878 1465 πραγμάτιον

2203 1480 2387 1548 φύσις,
2421 1480 2497 1544 ὡς
2523 1481 2557 1551 ἡ
2603 1476 2713 1533 τῶν
2758 1482 3080 1551 πασχόντων
3112 1480 3371 1545 διάθεσις,
3407 1480 3502 1535 καὶ
3530 1481 3742 1552 μεγάλα
3786 1484 3878 1536 καὶ

2205 1567 2378 1638 μικρά
2406 1571 2553 1620 ποιεῖ
2576 1567 2863 1637 φαίνεσθαι
2891 1568 2961 1622 τὰ
2998 1569 3375 1641 ἐπιόνταήμῖν
3421 1570 3588 1623 κακά.
3639 1570 3750 1623 Καὶ
3791 1572 3879 1623 ἵνα

2204 1656 2280 1727 μὴ
2310 1656 2594 1728 πόῤῥωθεν
2639 1656 2833 1725 ἀγάγω
2873 1657 2941 1711 τά
2983 1656 3405 1729 παραδείγματα
3448 1658 3727 1730 ἑκατέρων
3752 1660 3880 1712 τούο

2199 1756 2342 1805 των,
2375 1742 2482 1795 ἀπὸ
2527 1741 2635 1795 τῶν
2666 1741 2989 1813 συμϐάντων
3018 1745 3150 1813 ἡμῖν
3195 1743 3533 1813 διαλέξομαι.
3576 1744 3710 1796 Ἰδοὺ
3745 1746 3880 1813 γοῦν

2200 1830 2251 1883 οἱ
2279 1830 2379 1901 μὲν
2410 1832 2644 1898 πένητες
2688 1831 2943 1900 διέφυγον
2985 1832 3246 1895 ἅπαντες,
3295 1832 3391 1886 καὶ
3426 1833 3454 1885 ό
3491 1832 3663 1902 δῆμος
3695 1833 3879 1903 ἀπήλ-

2200 1912 2397 1967 λακται
2433 1914 2526 1967 τοῦ
2561 1914 2835 1980 κινδύνου,
2871 1916 2965 1968 καὶ
3000 1915 3186 1980 ἀδείας
3216 1916 3554 1972 ἀπολαύουσι
3580 1916 3837 1986 καθαρᾶς
3863 1934 3878 1948 ·

2201 2003 2250 2055 οἱ
2273 2001 2329 2055 δὲ
2356 2002 2427 2055 τά
2458 2002 2557 2072 τῆς
2587 2001 2796 2065 πόλεως
2833 2003 3169 2074 πράττοντες
3195 2005 3522 2075 πράγματα,
3552 2005 3881 2075 ἱπποτρόφοι

2202 2089 2300 2142 καὶ
2328 2088 2686 2158 ἀγωνοθέται,
2700 2089 2794 2142 καὶ
2818 2089 2884 2141 τὰ
2905 2090 3041 2145 ἀλλα
3061 2091 3547 2163 λειτουργήσαντες
3568 2093 3612 2156 ί,
3643 2089 3793 2148 οὗτοι
3814 2094 3877 2146 τὸ

2198 2177 2577 2251 δεσμωτήριον
2605 2178 2815 2233 οἰκοῦσι
2862 2177 2956 2232 νῦν
2981 2178 3076 2232 καὶ
3109 2180 3238 2251 περὶ
3269 2179 3379 2233 τῶν
3431 2181 3679 2251 ἐσχάτων
3707 2181 3879 2234 δεδοί-

2200 2281 2351 2331 κασι,
2383 2266 2479 2318 καὶ
2520 2264 2629 2318 τῶν
2672 2266 2844 2321 ἀπασι
2872 2265 3294 2337 τετολμημένων
3326 2267 3482 2321 αὑτοὶ
3513 2268 3615 2331 τὰς
3644 2267 3880 2331 εὐθύνας

2200 2350 2498 2422 ὑπέχουσι,
2550 2352 2646 2406 καλ⁸
2699 2352 2852 2423 φόϐῳ
2911 2352 3114 2417 συζῶσι
3167 2352 3441 2424 διηνεκεῖ,
3505 2356 3603 2408 καὶ
3658 2355 3881 2409 πάντων

2199 2438 2529 2511 ἀθλιώτερον
2550 2440 2746 2494 ἐκεῖνοι
2774 2440 3075 2496 διάκεινται
3105 2439 3221 2505 νῦν,
3235 2443 3295 2495 ού
3310 2441 3402 2495 διά
3421 2441 3483 2495 τὸ
3514 2441 3746 2513 μέγεθος
3769 2443 3880 2495 τῶν

2201 2526 2486 2590 κινδύνων,
2524 2527 2661 2583 ἀλλά
2699 2527 2790 2582 διά
2843 2528 2904 2583 τὸ
2948 2531 3129 2602 τρυφῇ
3181 2529 3272 2583 τὸν
3325 2529 3641 2603 ἔμπροσθεν
3684 2529 3880 2602 χρόνον

2203 2615 2577 2685 συνεζηκέναι.

2272 2701 2338 2773 β’.
2372 2702 2564 2756 Πολλοὶ
2588 2702 2720 2772 γοῦν
2753 2705 2884 2777 παρ’
2920 2705 3077 2775 ἡμῶν
3105 2704 3607 2776 παρακαλούμενοι,
3631 2708 3727 2760 καὶ
3752 2724 3872 2776 γεν·

2200 2790 2366 2854 ναίως
2392 2789 2579 2862 φέρειν
2597 2792 3090 2864 συμϐουλευόμενοι
3113 2794 3183 2847 τά
3203 2792 3373 2856 δεινὰ,
3395 2791 3549 2847 τοῦτο
3569 2793 3779 2862 ἐλεγον,
3796 2797 3879 2848 ὅτι

2200 2879 2351 2933 οὐδὲν
2379 2879 2635 2934 οὐδέποτε
2654 2880 2894 2935 τοιοῦτον
2923 2881 3359 2952 ἐμελετήσαμεν,
3382 2880 3505 2934 οὑδὲ
3531 2882 3879 2953 ἐπιστάμεθα

2200 2970 2425 3024 τοιαῦτα
2476 2970 2787 3039 φιλοσοφεῖν
2822 2985 2840 3002 ο
2883 2969 2974 3022 διά
3024 2968 3184 3022 τοῦτο
3235 2967 3437 3038 πολλῆς
3487 2968 3725 3039 δεόμεθα
3775 2970 3880 3038 τῆς

2200 3057 2622 3129 παρακλήσεως.
2658 3057 2877 3128 ’Ἐτεροι
2907 3055 3069 3111 πάλιν
3095 3055 3432 3127 νομίζουσιν,
3465 3056 3547 3109 ὅτι
3593 3056 3657 3109 τὸ
3698 3056 3878 3125 ὑγιαί-

2199 3162 2331 3212 νειν,
2382 3144 2539 3198 τοῦτό
2589 3145 2737 3197 ἐστιν
2793 3142 2965 3198 αῖτιον
3011 3143 3246 3214 ἡδονῆς
3271 3143 3372 3197 οὑκ
3413 3142 3529 3197 ἐστι
3559 3143 3642 3198 δέ.
3682 3143 3878 3198 Πολλοὶ

2200 3230 2331 3300 γοῦν
2364 3230 2472 3283 τῶν
2504 3231 2857 3299 ὑγιαινόντων
2882 3231 2976 3284 καὶ
3005 3231 3161 3284 αὑτοὶ⁵
3194 3230 3454 3302 μυριάκις
3477 3228 3713 3300 ηὔξαντο
3741 3232 3880 3284 ἀπο-

2202 3320 2402 3384 θανεῖν,
2423 3319 2521 3382 τάς
2538 3320 2884 3390 ἐπαγομένας
2901 3320 3085 3382 αὐτοῖς
3101 3320 3200 3371 οὑκ
3225 3319 3541 3388 ἐνεγκόντες
3587 3319 3876 3389 ἐπηρείας.

2203 3407 2389 3461 ⁸Ἄλλοι
2446 3406 2610 3460 πάλιν
2661 3406 2723 3460 τὺ
2788 3407 2947 3476 δόξης
2998 3405 3298 3461 ἀπολαύειν
3323 3445 3338 3471 ,
3415 3406 3509 3460 καὶ
3561 3406 3879 3471 δυναστείας

2200 3494 2549 3565 ἐπειλῆφθαι,
2579 3493 2676 3549 καὶ
2696 3494 2902 3547 διέπειν
2929 3495 3105 3565 ἀρχὰς
3143 3494 3237 3547 καὶ
3273 3492 3429 3565 παρά
3471 3493 3680 3547 πολλῶν
3717 3495 3880 3548 κολα-

2214 3579 2498 3646 κεύεσθαι,
2531 3580 2811 3651 διηνεκοῦς
2839 3583 3013 3651 χαρᾶς
3043 3579 3329 3650 ποιητικὸν
3361 3575 3503 3633 εἷναί
3534 3596 3700 3648 φασιν
3719 3597 3733 3610 ⁸
3775 3581 3880 3635 οὑκ

2199 3667 2315 3721 ἐστι
2357 3666 2414 3720 δέ
2441 3667 2563 3720 ούδέ
2599 3665 2779 3721 τοῦτο.
2816 3668 2925 3720 Καὶ
2955 3666 3008 3718 τί
3040 3665 3291 3733 λέγωτάς
3318 3666 3484 3729 ἄλλας
3509 3666 3723 3737 ἀρχάςς
3755 3667 3877 3720 Κάν

2202 3754 2313 3828 γὰρ
2338 3756 2426 3808 ἐπ’
2453 3754 2621 3826 αὑτὴν
2643 3754 2935 3825 ἀναϐῶμεν
2952 3753 3029 3824 τῷ
3056 3753 3199 3824 λόγῳ
3225 3752 3325 3825 τὴν
3348 3753 3646 3824 βασιλείαν,
3667 3756 3878 3810 καὶτὸν

2200 3846 2259 3899 ἐν
2288 3844 2473 3916 ἐκείνῃ
2506 3842 2705 3907 ζῶντα,
2738 3841 2961 3905 πολλαῖς
2997 3842 3307 3912 εὑρήσομεν
3334 3843 3878 3913 περιεστοιχισμένον

2201 3933 2481 4004 ἀθυμίαις,
2515 3932 2612 3985 καὶ
2639 3929 2879 4001 τοσούτῳ
2920 3928 3138 3993 πλείους
3171 3929 3364 4000 ἔχοντα
3390 3929 3568 4000 λύπης
3601 3932 3875 3999 ἀνάγκας,

2195 4024 2306 4095 ὅσῳ
2345 4024 2441 4077 καὶ
2477 4021 2702 4093 μείζονα
2737 4018 3132 4091 περιϐέϐληται
3171 4020 3515 4095 πραγμάτων
3540 4020 3724 4089 δγκον.
3763 4022 3879 4075 Καὶ

2196 4115 2249 4167 τί
2288 4110 2396 4184 χρὴ
2424 4111 2604 4178 λέγειν
2634 4107 2908 4178 πολέμους
2947 4108 3042 4161 καὶ
3078 4108 3259 4178 μάχας
3295 4108 3388 4162 καὶ
3421 4108 3522 4171 τὰς
3570 4109 3723 4179 παρά
3763 4110 3880 4162 τῶν

2198 4200 2491 4273 βαρϐάρων
2525 4195 2960 4261 ἐπαναστάσεις;
2997 4195 3262 4259 πολλάκις
3303 4197 3503 4259 αὑτοὺς
3542 4196 3670 4259 τοὺς
3722 4196 3877 4252 ἔνδον

2196 4286 2598 4360 στρεφομένους
2630 4285 2855 4339 δέδοικε.
2893 4284 3006 4337 Καὶ
3033 4283 3143 4355 γὰρ
3173 4283 3360 4337 πολλοι⁹
3378 4283 3489 4337 τῶν
3512 4283 3877 4354 βασιλευσάν-

2192 4395 2301 4432 των
2339 4376 2437 4438 τάς
2465 4373 2768 4444 πολεμικὰς
2787 4372 3145 4440 διαφυγόντες
3172 4373 3382 4443 χεῖρας,
3418 4372 3515 4434 τὰς
3542 4371 3650 4425 τῶν
3679 4389 3876 4443 σῶμα...

2192 4464 2517 4535 τοφυλάκων
2553 4462 2616 4516 οὑ
2650 4461 2907 4531 διέφυγον
2959 4458 3275 4524 ἐπιϐουλάς.
3332 4461 3606 4513 Τοσαῦται
3649 4460 3709 4514 δέ
3755 4465 3876 4525 τοῖς

2195 4552 2574 4623 βασιλεύουσιν
2619 4549 2865 4620 ἀθυμίας
2891 4546 3152 4616 ἀνάγκαι,
3213 4547 3316 4601 ὅσα
3368 4550 3435 4618 τῇ
3495 4545 3740 4618 θαλάττῃ
3800 4550 3874 4602 τά

2192 4641 2437 4711 κύματα.
2463 4639 2526 4692 Et
2555 4638 2612 4691 δέ
2653 4637 2903 4708 βασιλεία
2928 4637 3030 4690 οὑκ
3063 4634 3130 4690 ἀν
3172 4635 3379 4691 ἄλυπον
3408 4635 3705 4708 ἐργάσαιτο
3729 4636 3872 4706 βίον,

2191 4724 2245 4778 τί
2278 4723 2464 4790 ἕτερον
2491 4721 2781 4792 δυνήσεται
2813 4719 3160 4791 κατορθῶσαι
3186 4718 3386 4785 τοῦτο;
3419 4719 3541 4773 Τῶν
3558 4719 3659 4790 μὲν
3687 4719 3873 4789 βιωτιο

2191 4811 2305 4865 κῶν
2336 4809 2525 4863 οὐδέν·
2563 4809 2626 4863 τὸ
2667 4808 2726 4862 δέ
2774 4807 2988 4862 Παύλου
3018 4807 3171 4880 ρῆμα
3202 4807 3383 4879 μόνον,
3411 4808 3473 4861 τὸ
3498 4807 3673 4880 βραχὺ
3708 4807 3874 4862 τοῦτο

2192 4902 2289 4955 καὶ
2330 4899 2509 4970 ψιλὸν,
2541 4899 2675 4953 αὑτὸ
2708 4901 2839 4970 ἡμῖν
2871 4898 3060 4953 τοῦτον
3101 4899 3305 4965 ἀνοίξει
3333 4898 3424 4952 τὸν
3454 4900 3750 4969 θησαυρόν.
3791 4901 3867 4952 Ού

2192 4986 2301 5059 γάρ
2340 4985 2551 5039 πολλῶν
2582 4985 2664 5038 δεῖ
2682 4985 2877 5053 λόγων,
2912 4985 3032 5038 οὑδὲ
3066 4987 3287 5058 μακρᾶς
3315 4986 3417 5056 τῆς
3445 4985 3717 5055 περιόδου,
3748 4985 3868 5038 ἀλλ’

2191 5076 2286 5129 ἐὰν
2318 5074 2662 5144 ἐννοήσωμεν
2685 5074 2845 5144 μόνον
2869 5074 2932 5127 τὸ
2955 5072 3266 5144 εἰρημένον,
3297 5074 3603 5144 εὑρήσομεν
3620 5072 3720 5143 τὴν
3747 5072 3869 5125 όδὸν

2190 5164 2289 5235 τὴν
2308 5162 2402 5216 ἐπὶ
2419 5162 2579 5215 τοῦτο
2599 5162 2891 5231 φέρουσαν.
2912 5162 3048 5216 Οὑδέ
3067 5161 3176 5233 γὰρ
3201 5157 3357 5215 εἶπεν
3380 5160 3590 5226 ἁπλῶς,
3619 5162 3866 5229 Χαίρετε

2191 5249 2469 5315 πάντοτε,
2518 5249 2655 5304 ἀλλά
2713 5246 3022 5321 προσέθηκε
3083 5250 3185 5322 τὴν
3222 5250 3405 5305 αἰτίαν
3438 5249 3540 5320 τῆς
3582 5248 3866 5321 διηνεκοῦς

2191 5339 2402 5412 ἡδονῆς,
2422 5340 2664 5408 Χαίρετε
2685 5339 2757 5393 ἐν
2777 5339 2975 5407 Κυρίῳ
3003 5338 3285 5405 πάντοτε,
3314 5338 3485 5394 είπών
3501 5355 3515 5370 ·
3534 5340 3564 5392 ό
3589 5340 3647 5392 ἐν
3674 5339 3867 5410 Κυρίῳ

2191 5432 2421 5499 χαίρων,
2461 5428 2639 5482 οὐδενὶ
2680 5427 2792 5481 τῶν
2823 5428 3245 5498 συμπιπτόντων
3282 5427 3385 5499 τῆς
3434 5426 3632 5500 ἡδονῆς
3660 5426 3865 5495 ταύτης

2189 5516 2447 5569 ἐκπεσεῖν
2488 5515 2732 5569 δύναται.
2780 5515 2864 5568 Τά
2912 5516 3013 5586 μὲν
3057 5517 3168 5588 γάρ
3215 5516 3351 5572 ἀλλα
3399 5517 3610 5583 πάντα,
3660 5516 3747 5584 ἐφ’
3782 5509 3866 5578 οἷς

2191 5603 2476 5675 χαίρομεν,
2502 5605 2714 5674 τρεπτά
2752 5602 2905 5676 [185]
2945 5604 3002 5657 τέ
3042 5608 3159 5658 ἐστι
3186 5605 3282 5659 καὶ
3312 5606 3729 5676 εὑμετάπτωτα,
3767 5603 3862 5658 καὶ

2252 5706 2281 5747 Α
2303 5708 2399 5771 Alﬁ
2419 5709 2688 5771 τικτόμενα.

2247 5773 2265 5794 ⁸
2288 5768 2381 5818 Alii
2408 5767 2636 5833 φαίνεται,
2660 5771 2730 5833 τῷ
2762 5770 2916 5833 πολλά
2947 5768 3143 5820 τοιαῦτα
3182 5773 3440 5833 ἔμπροσθτί
3466 5772 3639 5821 αὐτοὺς
3659 5767 3855 5831 μεμελε-

2189 5834 2397 5895 τηκέναι.
2425 5832 2503 5895 οὐ,
2521 5833 2610 5895 γὰρ
2621 5831 2800 5895 οὕτως,
2818 5831 2943 5881 Infra
2967 5833 3050 5895 alii
3071 5831 3234 5894 ἀγάγω
3249 5831 3304 5882 τὸ
3330 5835 3644 5895 παράδειγμα.

2257 5894 2276 5931 ί
2300 5895 2396 5943 Alii
2433 5894 2512 5940 καί
2531 5890 2611 5951 τὰς
2632 5890 2776 5949 ἄλλοις
2791 5892 3075 5957 λειτουργίας
3090 5890 3511 5961 λειτουργήσαντες.
