  <div class='ocr_page' id='page_1' title='image "/cluster/home/n/w/nwhite01/storage/ocr_20150623/49:no.2:pt.1/coo.31924054869486/184.png"; bbox 0 0 4068 6468; ppageno 0'>
   <div class='ocr_carea' id='block_1_1' title="bbox 300 354 394 408">
    <p class='ocr_par' dir='ltr' id='par_1_1' title="bbox 300 354 394 408">
     <span class='ocr_line' id='line_1_1' title="bbox 300 354 394 408; baseline 0.021 -3"><span class='ocrx_word' id='word_1_1' title='bbox 300 354 394 408; x_wconf 69' lang='lat' dir='ltr'><strong>Ilii</strong></span> 
     </span>
    </p>
   </div>
   <div class='ocr_carea' id='block_1_2' title="bbox 301 472 1891 550">
    <p class='ocr_par' dir='ltr' id='par_1_2' title="bbox 301 472 1891 550">
     <span class='ocr_line' id='line_1_2' title="bbox 301 472 1891 550; baseline 0.009 -28"><span class='ocrx_word' id='word_1_2' title='bbox 301 473 559 539; x_wconf 44' lang='lat' dir='ltr'><strong>praisentl</strong></span> <span class='ocrx_word' id='word_1_3' title='bbox 585 473 653 527; x_wconf 90' lang='lat' dir='ltr'><strong>de</strong></span> <span class='ocrx_word' id='word_1_4' title='bbox 681 472 857 533; x_wconf 89' lang='lat' dir='ltr'><strong>futura</strong></span> <span class='ocrx_word' id='word_1_5' title='bbox 894 476 1105 531; x_wconf 71' lang='lat' dir='ltr'><strong>solliciti</strong></span> <span class='ocrx_word' id='word_1_6' title='bbox 1143 478 1249 532; x_wconf 89' lang='lat' dir='ltr'><strong>sint</strong></span> <span class='ocrx_word' id='word_1_7' title='bbox 1281 477 1709 550; x_wconf 86' lang='lat' dir='ltr'><strong>Quadragcsima,</strong></span> <span class='ocrx_word' id='word_1_8' title='bbox 1752 482 1891 538; x_wconf 85' lang='lat' dir='ltr'><strong>mul-</strong></span> 
     </span>
    </p>
   </div>
   <div class='ocr_carea' id='block_1_3' title="bbox 297 563 1888 638">
    <p class='ocr_par' dir='ltr' id='par_1_3' title="bbox 297 563 1888 638">
     <span class='ocr_line' id='line_1_3' title="bbox 297 563 1888 638; baseline 0.004 -19"><span class='ocrx_word' id='word_1_9' title='bbox 297 576 496 632; x_wconf 77' lang='lat' dir='ltr'><strong>tesque</strong></span> <span class='ocrx_word' id='word_1_10' title='bbox 521 563 760 619; x_wconf 76' lang='lat' dir='ltr'><strong>dicentes</strong></span> <span class='ocrx_word' id='word_1_11' title='bbox 803 565 1001 628; x_wconf 84' lang='lat' dir='ltr'><strong>audivi,</strong></span> <span class='ocrx_word' id='word_1_12' title='bbox 1048 583 1109 622; x_wconf 91' lang='lat' dir='ltr'><strong>se</strong></span> <span class='ocrx_word' id='word_1_13' title='bbox 1146 579 1265 638; x_wconf 91' lang='lat' dir='ltr'><strong>post</strong></span> <span class='ocrx_word' id='word_1_14' title='bbox 1284 569 1471 638; x_wconf 88' lang='lat' dir='ltr'><strong>jejunii</strong></span> <span class='ocrx_word' id='word_1_15' title='bbox 1514 570 1888 626; x_wconf 72' lang='lat' dir='ltr'><strong>liberationem</strong></span> 
     </span>
    </p>
   </div>
   <div class='ocr_carea' id='block_1_4' title="bbox 301 656 1887 730">
    <p class='ocr_par' dir='ltr' id='par_1_4' title="bbox 301 656 1887 730">
     <span class='ocr_line' id='line_1_4' title="bbox 301 656 1887 730; baseline 0.004 -22"><span class='ocrx_word' id='word_1_16' title='bbox 301 669 413 708; x_wconf 89' lang='lat' dir='ltr'><strong>non</strong></span> <span class='ocrx_word' id='word_1_17' title='bbox 444 657 645 710; x_wconf 86' lang='lat' dir='ltr'><strong>sentire</strong></span> <span class='ocrx_word' id='word_1_18' title='bbox 672 656 998 726; x_wconf 80' lang='lat' dir='ltr'><strong>voluptatem</strong></span> <span class='ocrx_word' id='word_1_19' title='bbox 1029 673 1094 715; x_wconf 89' lang='lat' dir='ltr'><strong>ex</strong></span> <span class='ocrx_word' id='word_1_20' title='bbox 1126 660 1439 714; x_wconf 87' lang='lat' dir='ltr'><strong>remissione</strong></span> <span class='ocrx_word' id='word_1_21' title='bbox 1475 671 1696 730; x_wconf 79' lang='lat' dir='ltr'><strong>propter</strong></span> <span class='ocrx_word' id='word_1_22' title='bbox 1723 661 1887 716; x_wconf 88' lang='lat' dir='ltr'><strong>futuri</strong></span> 
     </span>
    </p>
   </div>
   <div class='ocr_carea' id='block_1_5' title="bbox 301 747 1893 822">
    <p class='ocr_par' dir='ltr' id='par_1_5' title="bbox 301 747 1893 822">
     <span class='ocr_line' id='line_1_5' title="bbox 301 747 1893 822; baseline 0.004 -22"><span class='ocrx_word' id='word_1_23' title='bbox 301 747 429 800; x_wconf 86' lang='lat' dir='ltr'><strong>anni</strong></span> <span class='ocrx_word' id='word_1_24' title='bbox 460 748 888 802; x_wconf 85' lang='lat' dir='ltr'><strong>sollicitudinem.</strong></span> <span class='ocrx_word' id='word_1_25' title='bbox 918 748 1054 816; x_wconf 84' lang='lat' dir='ltr'><strong>Quid</strong></span> <span class='ocrx_word' id='word_1_26' title='bbox 1088 749 1188 815; x_wconf 88' lang='lat' dir='ltr'><strong>his,</strong></span> <span class='ocrx_word' id='word_1_27' title='bbox 1215 766 1416 819; x_wconf 82' lang='lat' dir='ltr'><strong>quaeso,</strong></span> <span class='ocrx_word' id='word_1_28' title='bbox 1444 753 1611 822; x_wconf 87' lang='lat' dir='ltr'><strong>magis</strong></span> <span class='ocrx_word' id='word_1_29' title='bbox 1631 767 1750 807; x_wconf 84' lang='lat' dir='ltr'><strong>esse</strong></span> <span class='ocrx_word' id='word_1_30' title='bbox 1768 768 1893 822; x_wconf 86' lang='lat' dir='ltr'><strong>pos-</strong></span> 
     </span>
    </p>
   </div>
   <div class='ocr_carea' id='block_1_6' title="bbox 300 839 1892 913">
    <p class='ocr_par' dir='ltr' id='par_1_6' title="bbox 300 839 1892 913">
     <span class='ocr_line' id='line_1_6' title="bbox 300 839 1892 913; baseline 0.004 -19"><span class='ocrx_word' id='word_1_31' title='bbox 300 848 383 894; x_wconf 78' lang='lat' dir='ltr'><strong>set</strong></span> <span class='ocrx_word' id='word_1_32' title='bbox 413 839 792 908; x_wconf 82' lang='lat' dir='ltr'><strong>pusillanime?</strong></span> <span class='ocrx_word' id='word_1_33' title='bbox 819 842 950 908; x_wconf 68' lang='lat' dir='ltr'><strong>Qua:</strong></span> <span class='ocrx_word' id='word_1_34' title='bbox 979 859 1106 897; x_wconf 81' lang='lat' dir='ltr'><strong>vero</strong></span> <span class='ocrx_word' id='word_1_35' title='bbox 1134 843 1290 912; x_wconf 84' lang='lat' dir='ltr'><strong>hujus</strong></span> <span class='ocrx_word' id='word_1_36' title='bbox 1331 846 1530 899; x_wconf 86' lang='lat' dir='ltr'><strong>causa?</strong></span> <span class='ocrx_word' id='word_1_37' title='bbox 1557 844 1708 913; x_wconf 84' lang='lat' dir='ltr'><strong>Quod</strong></span> <span class='ocrx_word' id='word_1_38' title='bbox 1729 844 1892 903; x_wconf 83' lang='lat' dir='ltr'><strong>adve-</strong></span> 
     </span>
    </p>
   </div>
   <div class='ocr_carea' id='block_1_7' title="bbox 302 930 1892 1007">
    <p class='ocr_par' dir='ltr' id='par_1_7' title="bbox 302 930 1892 1007">
     <span class='ocr_line' id='line_1_7' title="bbox 302 930 1892 1007; baseline 0.004 -22"><span class='ocrx_word' id='word_1_39' title='bbox 302 930 490 985; x_wconf 84' lang='lat' dir='ltr'><strong>niente</strong></span> <span class='ocrx_word' id='word_1_40' title='bbox 515 931 718 1000; x_wconf 76' lang='lat' dir='ltr'><strong>jejunio</strong></span> <span class='ocrx_word' id='word_1_41' title='bbox 764 947 871 987; x_wconf 89' lang='lat' dir='ltr'><strong>non</strong></span> <span class='ocrx_word' id='word_1_42' title='bbox 915 935 1181 1005; x_wconf 91' lang='lat' dir='ltr'><strong>quomodo</strong></span> <span class='ocrx_word' id='word_1_43' title='bbox 1210 938 1344 990; x_wconf 85' lang='lat' dir='ltr'><strong>bene</strong></span> <span class='ocrx_word' id='word_1_44' title='bbox 1379 936 1692 1007; x_wconf 81' lang='lat' dir='ltr'><strong>disponatur</strong></span> <span class='ocrx_word' id='word_1_45' title='bbox 1715 937 1892 991; x_wconf 89' lang='lat' dir='ltr'><strong>anima</strong></span> 
     </span>
    </p>
   </div>
   <div class='ocr_carea' id='block_1_8' title="bbox 302 1023 1889 1100">
    <p class='ocr_par' dir='ltr' id='par_1_8' title="bbox 302 1023 1889 1100">
     <span class='ocr_line' id='line_1_8' title="bbox 302 1023 1889 1100; baseline 0.005 -24"><span class='ocrx_word' id='word_1_46' title='bbox 302 1023 634 1087; x_wconf 69' lang='lat' dir='ltr'><strong>Studeamus,</strong></span> <span class='ocrx_word' id='word_1_47' title='bbox 681 1025 777 1080; x_wconf 90' lang='lat' dir='ltr'><strong>sed</strong></span> <span class='ocrx_word' id='word_1_48' title='bbox 825 1026 877 1080; x_wconf 90' lang='lat' dir='ltr'><strong>in</strong></span> <span class='ocrx_word' id='word_1_49' title='bbox 919 1027 1032 1081; x_wconf 88' lang='lat' dir='ltr'><strong>sola</strong></span> <span class='ocrx_word' id='word_1_50' title='bbox 1073 1027 1313 1083; x_wconf 90' lang='lat' dir='ltr'><strong>ciborum</strong></span> <span class='ocrx_word' id='word_1_51' title='bbox 1359 1029 1676 1083; x_wconf 83' lang='lat' dir='ltr'><strong>abstinentia</strong></span> <span class='ocrx_word' id='word_1_52' title='bbox 1718 1029 1889 1100; x_wconf 91' lang='lat' dir='ltr'><strong>ipsum</strong></span> 
     </span>
    </p>
   </div>
   <div class='ocr_carea' id='block_1_9' title="bbox 303 1114 644 1169">
    <p class='ocr_par' dir='ltr' id='par_1_9' title="bbox 303 1114 644 1169">
     <span class='ocr_line' id='line_1_9' title="bbox 303 1114 644 1169; baseline 0.006 -3"><span class='ocrx_word' id='word_1_53' title='bbox 303 1114 644 1169; x_wconf 81' lang='lat' dir='ltr'><strong>definiamus.</strong></span> 
     </span>
    </p>
   </div>
   <div class='ocr_carea' id='block_1_10' title="bbox 374 1202 1889 1278">
    <p class='ocr_par' dir='ltr' id='par_1_10' title="bbox 374 1202 1889 1278">
     <span class='ocr_line' id='line_1_10' title="bbox 374 1202 1889 1278; baseline 0.006 -22"><span class='ocrx_word' id='word_1_54' title='bbox 374 1202 645 1272; x_wconf 82' lang='lat' dir='ltr'><strong>Jejunium</strong></span> <span class='ocrx_word' id='word_1_55' title='bbox 688 1222 784 1274; x_wconf 81' lang='lat' dir='ltr'><strong>quo</strong></span> <span class='ocrx_word' id='word_1_56' title='bbox 815 1216 961 1275; x_wconf 85' lang='lat' dir='ltr'><strong>pacto</strong></span> <span class='ocrx_word' id='word_1_57' title='bbox 1001 1208 1179 1277; x_wconf 80' lang='lat' dir='ltr'><strong>prosit.</strong></span> <span class='ocrx_word' id='word_1_58' title='bbox 1209 1207 1481 1278; x_wconf 89' lang='lat' dir='ltr'><strong>—ltaque</strong></span> <span class='ocrx_word' id='word_1_59' title='bbox 1511 1210 1554 1263; x_wconf 90' lang='lat' dir='ltr'><strong>si</strong></span> <span class='ocrx_word' id='word_1_60' title='bbox 1583 1210 1806 1265; x_wconf 90' lang='lat' dir='ltr'><strong>multum</strong></span> <span class='ocrx_word' id='word_1_61' title='bbox 1835 1211 1889 1265; x_wconf 91' lang='lat' dir='ltr'><strong>in</strong></span> 
     </span>
    </p>
   </div>
   <div class='ocr_carea' id='block_1_11' title="bbox 303 1297 1891 1372">
    <p class='ocr_par' dir='ltr' id='par_1_11' title="bbox 303 1297 1891 1372">
     <span class='ocr_line' id='line_1_11' title="bbox 303 1297 1891 1372; baseline 0.005 -22"><span class='ocrx_word' id='word_1_62' title='bbox 303 1310 517 1350; x_wconf 90' lang='lat' dir='ltr'><strong>morum</strong></span> <span class='ocrx_word' id='word_1_63' title='bbox 568 1297 900 1361; x_wconf 78' lang='lat' dir='ltr'><strong>correcdone</strong></span> <span class='ocrx_word' id='word_1_64' title='bbox 949 1298 1015 1353; x_wconf 90' lang='lat' dir='ltr'><strong>ab</strong></span> <span class='ocrx_word' id='word_1_65' title='bbox 1063 1300 1176 1367; x_wconf 91' lang='lat' dir='ltr'><strong>ipso</strong></span> <span class='ocrx_word' id='word_1_66' title='bbox 1222 1300 1551 1356; x_wconf 90' lang='lat' dir='ltr'><strong>lucraremur</strong></span> <span class='ocrx_word' id='word_1_67' title='bbox 1588 1343 1605 1370; x_wconf 96' lang='lat'><strong>,</strong></span> <span class='ocrx_word' id='word_1_68' title='bbox 1654 1303 1891 1372; x_wconf 86' lang='lat' dir='ltr'><strong>quotidie</strong></span> 
     </span>
    </p>
   </div>
   <div class='ocr_carea' id='block_1_12' title="bbox 308 1385 1893 1462">
    <p class='ocr_par' dir='ltr' id='par_1_12' title="bbox 308 1385 1893 1462">
     <span class='ocr_line' id='line_1_12' title="bbox 308 1385 1893 1462; baseline 0.005 -24"><span class='ocrx_word' id='word_1_69' title='bbox 308 1385 562 1456; x_wconf 79' lang='lat' dir='ltr'><strong>jejunium</strong></span> <span class='ocrx_word' id='word_1_70' title='bbox 579 1386 765 1442; x_wconf 82' lang='lat' dir='ltr'><strong>adesse</strong></span> <span class='ocrx_word' id='word_1_71' title='bbox 795 1399 1118 1457; x_wconf 88' lang='lat' dir='ltr'><strong>optaremus,</strong></span> <span class='ocrx_word' id='word_1_72' title='bbox 1149 1406 1242 1460; x_wconf 90' lang='lat' dir='ltr'><strong>per</strong></span> <span class='ocrx_word' id='word_1_73' title='bbox 1272 1392 1380 1460; x_wconf 89' lang='lat' dir='ltr'><strong>ipsa</strong></span> <span class='ocrx_word' id='word_1_74' title='bbox 1403 1407 1561 1462; x_wconf 82' lang='lat' dir='ltr'><strong>Opera</strong></span> <span class='ocrx_word' id='word_1_75' title='bbox 1589 1392 1706 1462; x_wconf 90' lang='lat' dir='ltr'><strong>ejus</strong></span> <span class='ocrx_word' id='word_1_76' title='bbox 1730 1393 1893 1448; x_wconf 87' lang='lat' dir='ltr'><strong>meri-</strong></span> 
     </span>
    </p>
   </div>
   <div class='ocr_carea' id='block_1_13' title="bbox 307 1481 1888 1553">
    <p class='ocr_par' dir='ltr' id='par_1_13' title="bbox 307 1481 1888 1553">
     <span class='ocr_line' id='line_1_13' title="bbox 307 1481 1888 1553; baseline 0.007 -24"><span class='ocrx_word' id='word_1_77' title='bbox 307 1486 482 1530; x_wconf 91' lang='lat' dir='ltr'><strong>torum</strong></span> <span class='ocrx_word' id='word_1_78' title='bbox 507 1493 724 1532; x_wconf 86' lang='lat' dir='ltr'><strong>sensum</strong></span> <span class='ocrx_word' id='word_1_79' title='bbox 752 1481 1044 1549; x_wconf 89' lang='lat' dir='ltr'><strong>capientes,</strong></span> <span class='ocrx_word' id='word_1_80' title='bbox 1075 1497 1174 1536; x_wconf 89' lang='lat' dir='ltr'><strong>nec</strong></span> <span class='ocrx_word' id='word_1_81' title='bbox 1200 1498 1446 1553; x_wconf 80' lang='lat' dir='ltr'><strong>umquam</strong></span> <span class='ocrx_word' id='word_1_82' title='bbox 1478 1484 1644 1553; x_wconf 83' lang='lat' dir='ltr'><strong>ipsius</strong></span> <span class='ocrx_word' id='word_1_83' title='bbox 1675 1484 1888 1539; x_wconf 85' lang='lat' dir='ltr'><strong>deside—</strong></span> 
     </span>
    </p>
   </div>
   <div class='ocr_carea' id='block_1_14' title="bbox 304 1567 1888 1644">
    <p class='ocr_par' dir='ltr' id='par_1_14' title="bbox 304 1567 1888 1644">
     <span class='ocr_line' id='line_1_14' title="bbox 304 1567 1888 1644; baseline 0.006 -23"><span class='ocrx_word' id='word_1_84' title='bbox 304 1568 445 1621; x_wconf 84' lang='lat' dir='ltr'><strong>rium</strong></span> <span class='ocrx_word' id='word_1_85' title='bbox 473 1567 807 1637; x_wconf 88' lang='lat' dir='ltr'><strong>ejicercmns,</strong></span> <span class='ocrx_word' id='word_1_86' title='bbox 838 1587 1124 1641; x_wconf 85' lang='lat' dir='ltr'><strong>numquam</strong></span> <span class='ocrx_word' id='word_1_87' title='bbox 1178 1574 1348 1643; x_wconf 88' lang='lat' dir='ltr'><strong>ipsum</strong></span> <span class='ocrx_word' id='word_1_88' title='bbox 1381 1585 1762 1644; x_wconf 77' lang='lat' dir='ltr'><strong>exspectantes</strong></span> <span class='ocrx_word' id='word_1_89' title='bbox 1792 1577 1888 1631; x_wconf 91' lang='lat' dir='ltr'><strong>tri-</strong></span> 
     </span>
    </p>
   </div>
   <div class='ocr_carea' id='block_1_15' title="bbox 304 1657 1885 1735">
    <p class='ocr_par' dir='ltr' id='par_1_15' title="bbox 304 1657 1885 1735">
     <span class='ocr_line' id='line_1_15' title="bbox 304 1657 1885 1735; baseline 0.006 -25"><span class='ocrx_word' id='word_1_90' title='bbox 304 1669 420 1711; x_wconf 88' lang='lat' dir='ltr'><strong>stes</strong></span> <span class='ocrx_word' id='word_1_91' title='bbox 440 1657 689 1712; x_wconf 83' lang='lat' dir='ltr'><strong>fieremus</strong></span> <span class='ocrx_word' id='word_1_92' title='bbox 713 1669 767 1713; x_wconf 87' lang='lat' dir='ltr'><strong>et</strong></span> <span class='ocrx_word' id='word_1_93' title='bbox 795 1661 958 1714; x_wconf 87' lang='lat' dir='ltr'><strong>anxii.</strong></span> <span class='ocrx_word' id='word_1_94' title='bbox 982 1662 1154 1717; x_wconf 84' lang='lat' dir='ltr'><strong>Mente</strong></span> <span class='ocrx_word' id='word_1_95' title='bbox 1173 1664 1365 1732; x_wconf 86' lang='lat' dir='ltr'><strong>quippe</strong></span> <span class='ocrx_word' id='word_1_96' title='bbox 1386 1663 1522 1719; x_wconf 89' lang='lat' dir='ltr'><strong>bene</strong></span> <span class='ocrx_word' id='word_1_97' title='bbox 1550 1664 1885 1735; x_wconf 88' lang='lat' dir='ltr'><strong>dispositum,</strong></span> 
     </span>
    </p>
   </div>
   <div class='ocr_carea' id='block_1_16' title="bbox 306 1748 1889 1814">
    <p class='ocr_par' dir='ltr' id='par_1_16' title="bbox 306 1748 1889 1814">
     <span class='ocr_line' id='line_1_16' title="bbox 306 1748 1889 1814; baseline 0.008 -12"><span class='ocrx_word' id='word_1_98' title='bbox 306 1757 361 1802; x_wconf 87' lang='lat' dir='ltr'><strong>et</strong></span> <span class='ocrx_word' id='word_1_99' title='bbox 388 1748 581 1802; x_wconf 77' lang='lat' dir='ltr'><strong>anima:</strong></span> <span class='ocrx_word' id='word_1_100' title='bbox 615 1763 725 1803; x_wconf 61' lang='lat' dir='ltr'><strong>sure</strong></span> <span class='ocrx_word' id='word_1_101' title='bbox 759 1765 939 1804; x_wconf 91' lang='lat' dir='ltr'><strong>curam</strong></span> <span class='ocrx_word' id='word_1_102' title='bbox 968 1752 1250 1808; x_wconf 81' lang='lat' dir='ltr'><strong>habentem</strong></span> <span class='ocrx_word' id='word_1_103' title='bbox 1293 1756 1431 1809; x_wconf 82' lang='lat' dir='ltr'><strong>nulla</strong></span> <span class='ocrx_word' id='word_1_104' title='bbox 1458 1770 1549 1812; x_wconf 87' lang='lat' dir='ltr'><strong>res</strong></span> <span class='ocrx_word' id='word_1_105' title='bbox 1574 1758 1889 1814; x_wconf 89' lang='lat' dir='ltr'><strong>contristare</strong></span> 
     </span>
    </p>
   </div>
   <div class='ocr_carea' id='block_1_17' title="bbox 306 1840 1884 1923">
    <p class='ocr_par' dir='ltr' id='par_1_17' title="bbox 306 1840 1884 1923">
     <span class='ocr_line' id='line_1_17' title="bbox 306 1840 1884 1923; baseline 0.01 -30"><span class='ocrx_word' id='word_1_106' title='bbox 306 1840 523 1910; x_wconf 88' lang='lat' dir='ltr'><strong>poterit,</strong></span> <span class='ocrx_word' id='word_1_107' title='bbox 564 1840 656 1895; x_wconf 90' lang='lat' dir='ltr'><strong>sed</strong></span> <span class='ocrx_word' id='word_1_108' title='bbox 703 1841 746 1897; x_wconf 91' lang='lat' dir='ltr'><strong>is</strong></span> <span class='ocrx_word' id='word_1_109' title='bbox 790 1858 918 1912; x_wconf 89' lang='lat' dir='ltr'><strong>pura</strong></span> <span class='ocrx_word' id='word_1_110' title='bbox 963 1847 1317 1917; x_wconf 89' lang='lat' dir='ltr'><strong>continuaque</strong></span> <span class='ocrx_word' id='word_1_111' title='bbox 1352 1846 1556 1906; x_wconf 78' lang='lat' dir='ltr'><strong>fruetur</strong></span> <span class='ocrx_word' id='word_1_112' title='bbox 1595 1853 1884 1923; x_wconf 83' lang='lat' dir='ltr'><strong>voluptate.</strong></span> 
     </span>
    </p>
   </div>
   <div class='ocr_carea' id='block_1_18' title="bbox 306 1930 1887 1999">
    <p class='ocr_par' dir='ltr' id='par_1_18' title="bbox 306 1930 1887 1999">
     <span class='ocr_line' id='line_1_18' title="bbox 306 1930 1887 1999; baseline 0.01 -18"><span class='ocrx_word' id='word_1_113' title='bbox 306 1930 461 1997; x_wconf 88' lang='lat' dir='ltr'><strong>Quod</strong></span> <span class='ocrx_word' id='word_1_114' title='bbox 487 1930 587 1985; x_wconf 90' lang='lat' dir='ltr'><strong>hoc</strong></span> <span class='ocrx_word' id='word_1_115' title='bbox 618 1933 686 1985; x_wconf 91' lang='lat' dir='ltr'><strong>sit</strong></span> <span class='ocrx_word' id='word_1_116' title='bbox 713 1949 896 1987; x_wconf 88' lang='lat' dir='ltr'><strong>verum</strong></span> <span class='ocrx_word' id='word_1_117' title='bbox 923 1976 939 1999; x_wconf 90' lang='lat'><strong>,</strong></span> <span class='ocrx_word' id='word_1_118' title='bbox 972 1936 1128 1990; x_wconf 87' lang='lat' dir='ltr'><strong>hodie</strong></span> <span class='ocrx_word' id='word_1_119' title='bbox 1159 1936 1379 1995; x_wconf 88' lang='lat' dir='ltr'><strong>Paulum</strong></span> <span class='ocrx_word' id='word_1_120' title='bbox 1411 1943 1634 1997; x_wconf 87' lang='lat' dir='ltr'><strong>audistis</strong></span> <span class='ocrx_word' id='word_1_121' title='bbox 1663 1958 1759 1997; x_wconf 92' lang='lat' dir='ltr'><strong>nos</strong></span> <span class='ocrx_word' id='word_1_122' title='bbox 1790 1943 1887 1997; x_wconf 86' lang='lat' dir='ltr'><strong>ad-</strong></span> 
     </span>
    </p>
   </div>
   <div class='ocr_carea' id='block_1_19' title="bbox 309 2024 1886 2105">
    <p class='ocr_par' dir='ltr' id='par_1_19' title="bbox 309 2024 1886 2105">
     <span class='ocr_line' id='line_1_19' title="bbox 309 2024 1886 2105; baseline 0.008 -30"><span class='ocrx_word' id='word_1_123' title='bbox 309 2031 613 2077; x_wconf 85' lang='lat' dir='ltr'><strong>monentem</strong></span> <span class='ocrx_word' id='word_1_124' title='bbox 664 2032 718 2077; x_wconf 90' lang='lat' dir='ltr'><strong>et</strong></span> <span class='ocrx_word' id='word_1_125' title='bbox 745 2024 1007 2079; x_wconf 80' lang='lat' dir='ltr'><strong>dicentem</strong></span> <span class='ocrx_word' id='word_1_126' title='bbox 1035 2044 1048 2081; x_wconf 93' lang='lat'><strong>:</strong></span> <span class='ocrx_word' id='word_1_127' title='bbox 1082 2025 1308 2086; x_wconf 78' lang='lat' dir='ltr'><strong>Gaudete</strong></span> <span class='ocrx_word' id='word_1_128' title='bbox 1345 2034 1398 2086; x_wconf 85' lang='lat' dir='ltr'><strong>in</strong></span> <span class='ocrx_word' id='word_1_129' title='bbox 1431 2033 1648 2087; x_wconf 83' lang='lat' dir='ltr'><strong>Domino</strong></span> <span class='ocrx_word' id='word_1_130' title='bbox 1672 2051 1886 2105; x_wconf 79' lang='lat' dir='ltr'><strong>semper,</strong></span> 
     </span>
    </p>
   </div>
   <div class='ocr_carea' id='block_1_20' title="bbox 302 2114 1891 2194">
    <p class='ocr_par' dir='ltr' id='par_1_20' title="bbox 302 2114 1891 2194">
     <span class='ocr_line' id='line_1_20' title="bbox 302 2114 1891 2194; baseline 0.006 -25"><span class='ocrx_word' id='word_1_131' title='bbox 302 2115 628 2171; x_wconf 79' lang='lat' dir='ltr'><strong>iterumdico</strong></span> <span class='ocrx_word' id='word_1_132' title='bbox 641 2114 851 2183; x_wconf 83' lang='lat' dir='ltr'><strong>gaudete</strong></span> <span class='ocrx_word' id='word_1_133' title='bbox 872 2115 1129 2189; x_wconf 77' lang='lat' dir='ltr'><strong>(Philipp.</strong></span> <span class='ocrx_word' id='word_1_134' title='bbox 1158 2118 1210 2176; x_wconf 76' lang='grc'><strong>4.</strong></span> <span class='ocrx_word' id='word_1_135' title='bbox 1244 2123 1321 2194; x_wconf 75' lang='grc'><strong>4).</strong></span> <span class='ocrx_word' id='word_1_136' title='bbox 1351 2123 1558 2178; x_wconf 88' lang='lat' dir='ltr'><strong>Scimus</strong></span> <span class='ocrx_word' id='word_1_137' title='bbox 1586 2125 1767 2179; x_wconf 88' lang='lat' dir='ltr'><strong>multis</strong></span> <span class='ocrx_word' id='word_1_138' title='bbox 1812 2125 1891 2179; x_wconf 54' lang='lat' dir='ltr'><strong>vio-</strong></span> 
     </span>
    </p>
   </div>
   <div class='ocr_carea' id='block_1_21' title="bbox 307 2209 1886 2288">
    <p class='ocr_par' dir='ltr' id='par_1_21' title="bbox 307 2209 1886 2288">
     <span class='ocr_line' id='line_1_21' title="bbox 307 2209 1886 2288; baseline 0.004 -24"><span class='ocrx_word' id='word_1_139' title='bbox 307 2209 420 2265; x_wconf 87' lang='lat' dir='ltr'><strong>deri</strong></span> <span class='ocrx_word' id='word_1_140' title='bbox 444 2226 549 2265; x_wconf 93' lang='lat' dir='ltr'><strong>non</strong></span> <span class='ocrx_word' id='word_1_141' title='bbox 578 2226 737 2281; x_wconf 84' lang='lat' dir='ltr'><strong>posse</strong></span> <span class='ocrx_word' id='word_1_142' title='bbox 777 2210 893 2269; x_wconf 80' lang='lat' dir='ltr'><strong>fieri</strong></span> <span class='ocrx_word' id='word_1_143' title='bbox 909 2217 1051 2288; x_wconf 87' lang='lat' dir='ltr'><strong>quod</strong></span> <span class='ocrx_word' id='word_1_144' title='bbox 1066 2215 1266 2270; x_wconf 90' lang='lat' dir='ltr'><strong>dictum</strong></span> <span class='ocrx_word' id='word_1_145' title='bbox 1298 2224 1401 2271; x_wconf 89' lang='lat' dir='ltr'><strong>est.</strong></span> <span class='ocrx_word' id='word_1_146' title='bbox 1433 2216 1711 2285; x_wconf 89' lang='lat' dir='ltr'><strong>Quomodo</strong></span> <span class='ocrx_word' id='word_1_147' title='bbox 1733 2234 1886 2272; x_wconf 93' lang='lat' dir='ltr'><strong>nam-</strong></span> 
     </span>
    </p>
   </div>
   <div class='ocr_carea' id='block_1_22' title="bbox 310 2305 1889 2382">
    <p class='ocr_par' dir='ltr' id='par_1_22' title="bbox 310 2305 1889 2382">
     <span class='ocr_line' id='line_1_22' title="bbox 310 2305 1889 2382; baseline 0.006 -25"><span class='ocrx_word' id='word_1_148' title='bbox 310 2319 413 2374; x_wconf 86' lang='lat' dir='ltr'><strong>que</strong></span> <span class='ocrx_word' id='word_1_149' title='bbox 460 2305 571 2359; x_wconf 84' lang='lat' dir='ltr'><strong>tieri</strong></span> <span class='ocrx_word' id='word_1_150' title='bbox 619 2315 813 2375; x_wconf 86' lang='lat' dir='ltr'><strong>potest,</strong></span> <span class='ocrx_word' id='word_1_151' title='bbox 846 2306 1034 2378; x_wconf 90' lang='lat' dir='ltr'><strong>inquit,</strong></span> <span class='ocrx_word' id='word_1_152' title='bbox 1081 2317 1137 2362; x_wconf 93' lang='lat' dir='ltr'><strong>ut</strong></span> <span class='ocrx_word' id='word_1_153' title='bbox 1179 2310 1266 2379; x_wconf 90' lang='lat' dir='ltr'><strong>qui</strong></span> <span class='ocrx_word' id='word_1_154' title='bbox 1310 2308 1471 2363; x_wconf 80' lang='lat' dir='ltr'><strong>homo</strong></span> <span class='ocrx_word' id='word_1_155' title='bbox 1522 2317 1622 2375; x_wconf 91' lang='lat' dir='ltr'><strong>est,</strong></span> <span class='ocrx_word' id='word_1_156' title='bbox 1677 2326 1889 2382; x_wconf 87' lang='lat' dir='ltr'><strong>semper</strong></span> 
     </span>
    </p>
   </div>
   <div class='ocr_carea' id='block_1_23' title="bbox 310 2394 1888 2473">
    <p class='ocr_par' dir='ltr' id='par_1_23' title="bbox 310 2394 1888 2473">
     <span class='ocr_line' id='line_1_23' title="bbox 310 2394 1888 2473; baseline 0.006 -25"><span class='ocrx_word' id='word_1_157' title='bbox 310 2394 577 2465; x_wconf 77' lang='lat' dir='ltr'><strong>gaudeat?</strong></span> <span class='ocrx_word' id='word_1_158' title='bbox 618 2395 863 2452; x_wconf 87' lang='lat' dir='ltr'><strong>Gaudere</strong></span> <span class='ocrx_word' id='word_1_159' title='bbox 909 2413 1138 2469; x_wconf 88' lang='lat' dir='ltr'><strong>namque</strong></span> <span class='ocrx_word' id='word_1_160' title='bbox 1185 2416 1289 2453; x_wconf 91' lang='lat' dir='ltr'><strong>non</strong></span> <span class='ocrx_word' id='word_1_161' title='bbox 1333 2400 1572 2469; x_wconf 85' lang='lat' dir='ltr'><strong>difficile,</strong></span> <span class='ocrx_word' id='word_1_162' title='bbox 1630 2412 1888 2473; x_wconf 90' lang='lat' dir='ltr'><strong>perpetuo</strong></span> 
     </span>
    </p>
   </div>
   <div class='ocr_carea' id='block_1_24' title="bbox 308 2486 1887 2560">
    <p class='ocr_par' dir='ltr' id='par_1_24' title="bbox 308 2486 1887 2560">
     <span class='ocr_line' id='line_1_24' title="bbox 308 2486 1887 2560; baseline 0.008 -23"><span class='ocrx_word' id='word_1_163' title='bbox 308 2492 485 2539; x_wconf 91' lang='lat' dir='ltr'><strong>autem</strong></span> <span class='ocrx_word' id='word_1_164' title='bbox 514 2486 764 2556; x_wconf 87' lang='lat' dir='ltr'><strong>gaudere,</strong></span> <span class='ocrx_word' id='word_1_165' title='bbox 796 2489 1125 2557; x_wconf 92' lang='lat' dir='ltr'><strong>impossibile</strong></span> <span class='ocrx_word' id='word_1_166' title='bbox 1174 2490 1303 2545; x_wconf 89' lang='lat' dir='ltr'><strong>mihi</strong></span> <span class='ocrx_word' id='word_1_167' title='bbox 1332 2507 1450 2547; x_wconf 87' lang='lat' dir='ltr'><strong>esse</strong></span> <span class='ocrx_word' id='word_1_168' title='bbox 1492 2492 1719 2560; x_wconf 88' lang='lat' dir='ltr'><strong>videtur,</strong></span> <span class='ocrx_word' id='word_1_169' title='bbox 1747 2494 1887 2551; x_wconf 90' lang='lat' dir='ltr'><strong>dicet</strong></span> 
     </span>
    </p>
   </div>
   <div class='ocr_carea' id='block_1_25' title="bbox 308 2576 1888 2651">
    <p class='ocr_par' dir='ltr' id='par_1_25' title="bbox 308 2576 1888 2651">
     <span class='ocr_line' id='line_1_25' title="bbox 308 2576 1888 2651; baseline 0.006 -19"><span class='ocrx_word' id='word_1_170' title='bbox 308 2576 535 2634; x_wconf 78' lang='lat' dir='ltr'><strong>fortasse</strong></span> <span class='ocrx_word' id='word_1_171' title='bbox 563 2580 751 2651; x_wconf 87' lang='lat' dir='ltr'><strong>aliquis</strong></span> <span class='ocrx_word' id='word_1_172' title='bbox 784 2597 803 2635; x_wconf 91' lang='lat'><strong><em>:</em></strong></span> <span class='ocrx_word' id='word_1_173' title='bbox 832 2582 1012 2637; x_wconf 74' lang='lat' dir='ltr'><strong>multa:</strong></span> <span class='ocrx_word' id='word_1_174' title='bbox 1036 2583 1176 2637; x_wconf 92' lang='lat' dir='ltr'><strong>enim</strong></span> <span class='ocrx_word' id='word_1_175' title='bbox 1203 2599 1303 2639; x_wconf 92' lang='lat' dir='ltr'><strong>nos</strong></span> <span class='ocrx_word' id='word_1_176' title='bbox 1331 2586 1556 2639; x_wconf 83' lang='lat' dir='ltr'><strong>tristitiae</strong></span> <span class='ocrx_word' id='word_1_177' title='bbox 1585 2587 1888 2642; x_wconf 87' lang='lat' dir='ltr'><strong>necessario</strong></span> 
     </span>
    </p>
   </div>
   <div class='ocr_carea' id='block_1_26' title="bbox 307 2670 1886 2744">
    <p class='ocr_par' dir='ltr' id='par_1_26' title="bbox 307 2670 1886 2744">
     <span class='ocr_line' id='line_1_26' title="bbox 307 2670 1886 2744; baseline 0.004 -19"><span class='ocrx_word' id='word_1_178' title='bbox 307 2670 743 2725; x_wconf 89' lang='lat' dir='ltr'><strong>circumcursant.</strong></span> <span class='ocrx_word' id='word_1_179' title='bbox 769 2672 863 2727; x_wconf 88' lang='lat' dir='ltr'><strong>Vel</strong></span> <span class='ocrx_word' id='word_1_180' title='bbox 891 2674 1034 2728; x_wconf 89' lang='lat' dir='ltr'><strong>enim</strong></span> <span class='ocrx_word' id='word_1_181' title='bbox 1064 2674 1230 2728; x_wconf 86' lang='lat' dir='ltr'><strong>lilium</strong></span> <span class='ocrx_word' id='word_1_182' title='bbox 1261 2674 1378 2744; x_wconf 85' lang='lat' dir='ltr'><strong>quis</strong></span> <span class='ocrx_word' id='word_1_183' title='bbox 1416 2677 1617 2742; x_wconf 90' lang='lat' dir='ltr'><strong>amisit,</strong></span> <span class='ocrx_word' id='word_1_184' title='bbox 1644 2677 1725 2730; x_wconf 83' lang='lat' dir='ltr'><strong>vel</strong></span> <span class='ocrx_word' id='word_1_185' title='bbox 1754 2693 1886 2731; x_wconf 83' lang='lat' dir='ltr'><strong>uxo-</strong></span> 
     </span>
    </p>
   </div>
   <div class='ocr_carea' id='block_1_27' title="bbox 308 2761 1885 2836">
    <p class='ocr_par' dir='ltr' id='par_1_27' title="bbox 308 2761 1885 2836">
     <span class='ocr_line' id='line_1_27' title="bbox 308 2761 1885 2836; baseline 0.003 -21"><span class='ocrx_word' id='word_1_186' title='bbox 308 2776 443 2828; x_wconf 88' lang='lat' dir='ltr'><strong>rem,</strong></span> <span class='ocrx_word' id='word_1_187' title='bbox 489 2761 569 2815; x_wconf 96' lang='lat' dir='ltr'><strong>vel</strong></span> <span class='ocrx_word' id='word_1_188' title='bbox 606 2762 835 2817; x_wconf 85' lang='lat' dir='ltr'><strong>amicum</strong></span> <span class='ocrx_word' id='word_1_189' title='bbox 866 2764 1133 2818; x_wconf 90' lang='lat' dir='ltr'><strong>sincerum</strong></span> <span class='ocrx_word' id='word_1_190' title='bbox 1163 2814 1178 2831; x_wconf 83' lang='grc'><strong><em>,</em></strong></span> <span class='ocrx_word' id='word_1_191' title='bbox 1206 2766 1371 2836; x_wconf 88' lang='lat' dir='ltr'><strong>magis</strong></span> <span class='ocrx_word' id='word_1_192' title='bbox 1408 2782 1562 2835; x_wconf 91' lang='lat' dir='ltr'><strong>quam</strong></span> <span class='ocrx_word' id='word_1_193' title='bbox 1593 2767 1729 2822; x_wconf 88' lang='lat' dir='ltr'><strong>ullus</strong></span> <span class='ocrx_word' id='word_1_194' title='bbox 1755 2782 1885 2821; x_wconf 88' lang='lat' dir='ltr'><strong>con-</strong></span> 
     </span>
    </p>
   </div>
   <div class='ocr_carea' id='block_1_28' title="bbox 308 2847 1883 2927">
    <p class='ocr_par' dir='ltr' id='par_1_28' title="bbox 308 2847 1883 2927">
     <span class='ocr_line' id='line_1_28' title="bbox 308 2847 1883 2927; baseline 0.004 -20"><span class='ocrx_word' id='word_1_195' title='bbox 308 2852 628 2922; x_wconf 88' lang='lat' dir='ltr'><strong>sanguineus</strong></span> <span class='ocrx_word' id='word_1_196' title='bbox 669 2847 1050 2923; x_wconf 85' lang='lat' dir='ltr'><strong>necessarium,</strong></span> <span class='ocrx_word' id='word_1_197' title='bbox 1091 2857 1175 2909; x_wconf 88' lang='lat' dir='ltr'><strong>vel</strong></span> <span class='ocrx_word' id='word_1_198' title='bbox 1224 2859 1566 2927; x_wconf 89' lang='lat' dir='ltr'><strong>pecuniarum</strong></span> <span class='ocrx_word' id='word_1_199' title='bbox 1620 2858 1883 2927; x_wconf 88' lang='lat' dir='ltr'><strong>jacturam</strong></span> 
     </span>
    </p>
   </div>
   <div class='ocr_carea' id='block_1_29' title="bbox 308 2941 1883 3015">
    <p class='ocr_par' dir='ltr' id='par_1_29' title="bbox 308 2941 1883 3015">
     <span class='ocr_line' id='line_1_29' title="bbox 308 2941 1883 3015; baseline 0.006 -19"><span class='ocrx_word' id='word_1_200' title='bbox 308 2941 453 3009; x_wconf 87' lang='lat' dir='ltr'><strong>fecit,</strong></span> <span class='ocrx_word' id='word_1_201' title='bbox 484 2944 565 2998; x_wconf 85' lang='lat' dir='ltr'><strong>vel</strong></span> <span class='ocrx_word' id='word_1_202' title='bbox 614 2945 666 2999; x_wconf 90' lang='lat' dir='ltr'><strong>in</strong></span> <span class='ocrx_word' id='word_1_203' title='bbox 696 2946 1061 3015; x_wconf 79' lang='lat' dir='ltr'><strong>a-gritudinem</strong></span> <span class='ocrx_word' id='word_1_204' title='bbox 1095 2947 1298 3015; x_wconf 86' lang='lat' dir='ltr'><strong>incidit,</strong></span> <span class='ocrx_word' id='word_1_205' title='bbox 1339 2950 1418 3003; x_wconf 85' lang='lat' dir='ltr'><strong>vel</strong></span> <span class='ocrx_word' id='word_1_206' title='bbox 1444 2949 1666 3004; x_wconf 88' lang='lat' dir='ltr'><strong>aliarum</strong></span> <span class='ocrx_word' id='word_1_207' title='bbox 1706 2967 1883 3005; x_wconf 90' lang='lat' dir='ltr'><strong>rerum</strong></span> 
     </span>
    </p>
   </div>
   <div class='ocr_carea' id='block_1_30' title="bbox 312 3036 1886 3111">
    <p class='ocr_par' dir='ltr' id='par_1_30' title="bbox 312 3036 1886 3111">
     <span class='ocr_line' id='line_1_30' title="bbox 312 3036 1886 3111; baseline 0.005 -21"><span class='ocrx_word' id='word_1_208' title='bbox 312 3036 563 3090; x_wconf 87' lang='lat' dir='ltr'><strong>sustinuit</strong></span> <span class='ocrx_word' id='word_1_209' title='bbox 603 3036 874 3104; x_wconf 83' lang='lat' dir='ltr'><strong>damnum,</strong></span> <span class='ocrx_word' id='word_1_210' title='bbox 926 3039 1007 3093; x_wconf 85' lang='lat' dir='ltr'><strong>vel</strong></span> <span class='ocrx_word' id='word_1_211' title='bbox 1049 3048 1246 3108; x_wconf 72' lang='lat' dir='ltr'><strong>prmler</strong></span> <span class='ocrx_word' id='word_1_212' title='bbox 1273 3040 1583 3111; x_wconf 89' lang='lat' dir='ltr'><strong>dignitatem</strong></span> <span class='ocrx_word' id='word_1_213' title='bbox 1609 3050 1886 3098; x_wconf 88' lang='lat' dir='ltr'><strong>contume-</strong></span> 
     </span>
    </p>
   </div>
   <div class='ocr_carea' id='block_1_31' title="bbox 308 3124 1885 3201">
    <p class='ocr_par' dir='ltr' id='par_1_31' title="bbox 308 3124 1885 3201">
     <span class='ocr_line' id='line_1_31' title="bbox 308 3124 1885 3201; baseline 0.006 -23"><span class='ocrx_word' id='word_1_214' title='bbox 308 3124 431 3178; x_wconf 85' lang='lat' dir='ltr'><strong>liam</strong></span> <span class='ocrx_word' id='word_1_215' title='bbox 465 3140 650 3194; x_wconf 80' lang='lat' dir='ltr'><strong>passus</strong></span> <span class='ocrx_word' id='word_1_216' title='bbox 681 3126 941 3181; x_wconf 89' lang='lat' dir='ltr'><strong>indoluit:</strong></span> <span class='ocrx_word' id='word_1_217' title='bbox 968 3128 1048 3184; x_wconf 90' lang='lat' dir='ltr'><strong>vel</strong></span> <span class='ocrx_word' id='word_1_218' title='bbox 1078 3129 1244 3185; x_wconf 89' lang='lat' dir='ltr'><strong>fames</strong></span> <span class='ocrx_word' id='word_1_219' title='bbox 1267 3171 1283 3196; x_wconf 91' lang='lat'><strong>,</strong></span> <span class='ocrx_word' id='word_1_220' title='bbox 1313 3130 1394 3184; x_wconf 91' lang='lat' dir='ltr'><strong>vel</strong></span> <span class='ocrx_word' id='word_1_221' title='bbox 1426 3132 1609 3201; x_wconf 88' lang='lat' dir='ltr'><strong>pestis,</strong></span> <span class='ocrx_word' id='word_1_222' title='bbox 1654 3133 1738 3187; x_wconf 89' lang='lat' dir='ltr'><strong>vel</strong></span> <span class='ocrx_word' id='word_1_223' title='bbox 1760 3149 1885 3188; x_wconf 88' lang='lat' dir='ltr'><strong>exa-</strong></span> 
     </span>
    </p>
   </div>
   <div class='ocr_carea' id='block_1_32' title="bbox 307 3215 1883 3294">
    <p class='ocr_par' dir='ltr' id='par_1_32' title="bbox 307 3215 1883 3294">
     <span class='ocr_line' id='line_1_32' title="bbox 307 3215 1883 3294; baseline 0.006 -24"><span class='ocrx_word' id='word_1_224' title='bbox 307 3216 411 3270; x_wconf 84' lang='lat' dir='ltr'><strong>ctio</strong></span> <span class='ocrx_word' id='word_1_225' title='bbox 428 3231 546 3286; x_wconf 75' lang='lat' dir='ltr'><strong>qute</strong></span> <span class='ocrx_word' id='word_1_226' title='bbox 564 3215 687 3271; x_wconf 90' lang='lat' dir='ltr'><strong>ferri</strong></span> <span class='ocrx_word' id='word_1_227' title='bbox 707 3232 808 3271; x_wconf 92' lang='lat' dir='ltr'><strong>non</strong></span> <span class='ocrx_word' id='word_1_228' title='bbox 831 3227 1024 3287; x_wconf 89' lang='lat' dir='ltr'><strong>potest,</strong></span> <span class='ocrx_word' id='word_1_229' title='bbox 1042 3220 1122 3275; x_wconf 87' lang='lat' dir='ltr'><strong>vel</strong></span> <span class='ocrx_word' id='word_1_230' title='bbox 1143 3219 1416 3276; x_wconf 80' lang='lat' dir='ltr'><strong>familiaria</strong></span> <span class='ocrx_word' id='word_1_231' title='bbox 1446 3223 1654 3293; x_wconf 87' lang='lat' dir='ltr'><strong>negotia</strong></span> <span class='ocrx_word' id='word_1_232' title='bbox 1685 3242 1698 3277; x_wconf 91' lang='lat'><strong>:</strong></span> <span class='ocrx_word' id='word_1_233' title='bbox 1723 3226 1883 3294; x_wconf 88' lang='lat' dir='ltr'><strong>quin—</strong></span> 
     </span>
    </p>
   </div>
   <div class='ocr_carea' id='block_1_33' title="bbox 307 3308 1884 3384">
    <p class='ocr_par' dir='ltr' id='par_1_33' title="bbox 307 3308 1884 3384">
     <span class='ocr_line' id='line_1_33' title="bbox 307 3308 1884 3384; baseline 0.004 -23"><span class='ocrx_word' id='word_1_234' title='bbox 307 3308 412 3361; x_wconf 90' lang='lat' dir='ltr'><strong>imo</strong></span> <span class='ocrx_word' id='word_1_235' title='bbox 448 3323 733 3377; x_wconf 89' lang='lat' dir='ltr'><strong>numquam</strong></span> <span class='ocrx_word' id='word_1_236' title='bbox 779 3311 953 3363; x_wconf 88' lang='lat' dir='ltr'><strong>omnia</strong></span> <span class='ocrx_word' id='word_1_237' title='bbox 978 3327 1255 3366; x_wconf 84' lang='lat' dir='ltr'><strong>recensere</strong></span> <span class='ocrx_word' id='word_1_238' title='bbox 1286 3327 1582 3380; x_wconf 78' lang='lat' dir='ltr'><strong>possemus.</strong></span> <span class='ocrx_word' id='word_1_239' title='bbox 1614 3329 1884 3384; x_wconf 69' lang='lat' dir='ltr'><strong>qumcum-</strong></span> 
     </span>
    </p>
   </div>
   <div class='ocr_carea' id='block_1_34' title="bbox 315 3406 1884 3476">
    <p class='ocr_par' dir='ltr' id='par_1_34' title="bbox 315 3406 1884 3476">
     <span class='ocr_line' id='line_1_34' title="bbox 315 3406 1884 3476; baseline 0.006 -21"><span class='ocrx_word' id='word_1_240' title='bbox 315 3417 420 3471; x_wconf 84' lang='lat' dir='ltr'><strong>que</strong></span> <span class='ocrx_word' id='word_1_241' title='bbox 450 3414 504 3456; x_wconf 88' lang='lat' dir='ltr'><strong>et</strong></span> <span class='ocrx_word' id='word_1_242' title='bbox 522 3413 776 3473; x_wconf 75' lang='lat' dir='ltr'><strong>privatim</strong></span> <span class='ocrx_word' id='word_1_243' title='bbox 800 3413 854 3459; x_wconf 83' lang='lat' dir='ltr'><strong>et</strong></span> <span class='ocrx_word' id='word_1_244' title='bbox 877 3406 1093 3476; x_wconf 86' lang='lat' dir='ltr'><strong>publice</strong></span> <span class='ocrx_word' id='word_1_245' title='bbox 1117 3422 1219 3463; x_wconf 86' lang='lat' dir='ltr'><strong>nos</strong></span> <span class='ocrx_word' id='word_1_246' title='bbox 1248 3423 1484 3464; x_wconf 72' lang='lat' dir='ltr'><strong>mmrore</strong></span> <span class='ocrx_word' id='word_1_247' title='bbox 1509 3408 1724 3465; x_wconf 82' lang='lat' dir='ltr'><strong>afﬁcere</strong></span> <span class='ocrx_word' id='word_1_248' title='bbox 1748 3423 1884 3465; x_wconf 67' lang='lat' dir='ltr'><strong>cono</strong></span> 
     </span>
    </p>
   </div>
   <div class='ocr_carea' id='block_1_35' title="bbox 317 3491 1886 3571">
    <p class='ocr_par' dir='ltr' id='par_1_35' title="bbox 317 3491 1886 3571">
     <span class='ocr_line' id='line_1_35' title="bbox 317 3491 1886 3571; baseline 0.005 -23"><span class='ocrx_word' id='word_1_249' title='bbox 317 3491 919 3559; x_wconf 84' lang='lat' dir='ltr'><strong>sueverunt.Quomodo</strong></span> <span class='ocrx_word' id='word_1_250' title='bbox 951 3496 1135 3567; x_wconf 81' lang='lat' dir='ltr'><strong>igitur,</strong></span> <span class='ocrx_word' id='word_1_251' title='bbox 1177 3498 1374 3570; x_wconf 89' lang='lat' dir='ltr'><strong>inquit,</strong></span> <span class='ocrx_word' id='word_1_252' title='bbox 1397 3500 1653 3570; x_wconf 87' lang='lat' dir='ltr'><strong>possibile</strong></span> <span class='ocrx_word' id='word_1_253' title='bbox 1670 3515 1886 3571; x_wconf 89' lang='lat' dir='ltr'><strong>semper</strong></span> 
     </span>
    </p>
   </div>
   <div class='ocr_carea' id='block_1_36' title="bbox 315 3586 1884 3664">
    <p class='ocr_par' dir='ltr' id='par_1_36' title="bbox 315 3586 1884 3664">
     <span class='ocr_line' id='line_1_36' title="bbox 315 3586 1884 3664; baseline 0.007 -26"><span class='ocrx_word' id='word_1_254' title='bbox 315 3586 586 3654; x_wconf 80' lang='lat' dir='ltr'><strong>gaudere?</strong></span> <span class='ocrx_word' id='word_1_255' title='bbox 618 3587 886 3644; x_wconf 87' lang='lat' dir='ltr'><strong>Possibile</strong></span> <span class='ocrx_word' id='word_1_256' title='bbox 912 3589 1229 3658; x_wconf 87' lang='lat' dir='ltr'><strong>admodum,</strong></span> <span class='ocrx_word' id='word_1_257' title='bbox 1262 3608 1296 3645; x_wconf 92' lang='lat' dir='ltr'><strong>o</strong></span> <span class='ocrx_word' id='word_1_258' title='bbox 1324 3591 1488 3646; x_wconf 88' lang='lat' dir='ltr'><strong>homo</strong></span> <span class='ocrx_word' id='word_1_259' title='bbox 1513 3611 1526 3646; x_wconf 94' lang='lat'>:</span> <span class='ocrx_word' id='word_1_260' title='bbox 1552 3603 1608 3647; x_wconf 91' lang='lat' dir='ltr'><strong>et</strong></span> <span class='ocrx_word' id='word_1_261' title='bbox 1628 3593 1673 3649; x_wconf 88' lang='lat' dir='ltr'><strong>si</strong></span> <span class='ocrx_word' id='word_1_262' title='bbox 1702 3594 1884 3664; x_wconf 87' lang='lat' dir='ltr'><strong>possi-</strong></span> 
     </span>
    </p>
   </div>
   <div class='ocr_carea' id='block_1_37' title="bbox 314 3674 1886 3745">
    <p class='ocr_par' dir='ltr' id='par_1_37' title="bbox 314 3674 1886 3745">
     <span class='ocr_line' id='line_1_37' title="bbox 314 3674 1886 3745; baseline 0.006 -18"><span class='ocrx_word' id='word_1_263' title='bbox 314 3674 420 3729; x_wconf 84' lang='lat' dir='ltr'><strong>bile</strong></span> <span class='ocrx_word' id='word_1_264' title='bbox 442 3690 550 3729; x_wconf 93' lang='lat' dir='ltr'><strong>non</strong></span> <span class='ocrx_word' id='word_1_265' title='bbox 576 3687 740 3742; x_wconf 89' lang='lat' dir='ltr'><strong>esset,</strong></span> <span class='ocrx_word' id='word_1_266' title='bbox 772 3693 878 3733; x_wconf 92' lang='lat' dir='ltr'><strong>non</strong></span> <span class='ocrx_word' id='word_1_267' title='bbox 904 3678 1278 3735; x_wconf 86' lang='lat' dir='ltr'><strong>admonuisset</strong></span> <span class='ocrx_word' id='word_1_268' title='bbox 1304 3681 1526 3745; x_wconf 84' lang='lat' dir='ltr'><strong>Paulus,</strong></span> <span class='ocrx_word' id='word_1_269' title='bbox 1557 3698 1655 3737; x_wconf 89' lang='lat' dir='ltr'><strong>nec</strong></span> <span class='ocrx_word' id='word_1_270' title='bbox 1683 3698 1886 3739; x_wconf 88' lang='lat' dir='ltr'><strong>consu-</strong></span> 
     </span>
    </p>
   </div>
   <div class='ocr_carea' id='block_1_38' title="bbox 314 3762 1882 3840">
    <p class='ocr_par' dir='ltr' id='par_1_38' title="bbox 314 3762 1882 3840">
     <span class='ocr_line' id='line_1_38' title="bbox 314 3762 1882 3840; baseline 0.008 -26"><span class='ocrx_word' id='word_1_271' title='bbox 314 3762 526 3830; x_wconf 87' lang='lat' dir='ltr'><strong>luisset,</strong></span> <span class='ocrx_word' id='word_1_272' title='bbox 546 3779 669 3818; x_wconf 79' lang='lat' dir='ltr'><strong>cutn</strong></span> <span class='ocrx_word' id='word_1_273' title='bbox 694 3765 858 3819; x_wconf 91' lang='lat' dir='ltr'><strong>homo</strong></span> <span class='ocrx_word' id='word_1_274' title='bbox 876 3765 1145 3836; x_wconf 87' lang='lat' dir='ltr'><strong>spirituali</strong></span> <span class='ocrx_word' id='word_1_275' title='bbox 1159 3778 1303 3823; x_wconf 86' lang='lat' dir='ltr'><strong>esset</strong></span> <span class='ocrx_word' id='word_1_276' title='bbox 1321 3770 1579 3839; x_wconf 86' lang='lat' dir='ltr'><strong>praeditus</strong></span> <span class='ocrx_word' id='word_1_277' title='bbox 1595 3770 1882 3840; x_wconf 87' lang='lat' dir='ltr'><strong>sapientia.</strong></span> 
     </span>
    </p>
   </div>
   <div class='ocr_carea' id='block_1_39' title="bbox 314 3850 1884 3925">
    <p class='ocr_par' dir='ltr' id='par_1_39' title="bbox 314 3850 1884 3925">
     <span class='ocr_line' id='line_1_39' title="bbox 314 3850 1884 3925; baseline 0.006 -18"><span class='ocrx_word' id='word_1_278' title='bbox 314 3850 522 3908; x_wconf 87' lang='lat' dir='ltr'><strong>Idcirco</strong></span> <span class='ocrx_word' id='word_1_279' title='bbox 550 3853 866 3925; x_wconf 89' lang='lat' dir='ltr'><strong>frequenter</strong></span> <span class='ocrx_word' id='word_1_280' title='bbox 892 3859 997 3913; x_wconf 88' lang='lat' dir='ltr'><strong>hoc</strong></span> <span class='ocrx_word' id='word_1_281' title='bbox 1022 3861 1179 3915; x_wconf 87' lang='lat' dir='ltr'><strong>vobis</strong></span> <span class='ocrx_word' id='word_1_282' title='bbox 1208 3859 1455 3915; x_wconf 85' lang='lat' dir='ltr'><strong>dicebam</strong></span> <span class='ocrx_word' id='word_1_283' title='bbox 1489 3870 1542 3916; x_wconf 92' lang='lat' dir='ltr'><strong>et</strong></span> <span class='ocrx_word' id='word_1_284' title='bbox 1565 3861 1746 3917; x_wconf 90' lang='lat' dir='ltr'><strong>dicere</strong></span> <span class='ocrx_word' id='word_1_285' title='bbox 1775 3878 1884 3917; x_wconf 91' lang='lat' dir='ltr'><strong>non</strong></span> 
     </span>
    </p>
   </div>
   <div class='ocr_carea' id='block_1_40' title="bbox 314 3947 1885 4023">
    <p class='ocr_par' dir='ltr' id='par_1_40' title="bbox 314 3947 1885 4023">
     <span class='ocr_line' id='line_1_40' title="bbox 314 3947 1885 4023; baseline 0.006 -24"><span class='ocrx_word' id='word_1_286' title='bbox 314 3947 554 4001; x_wconf 87' lang='lat' dir='ltr'><strong>desinam</strong></span> <span class='ocrx_word' id='word_1_287' title='bbox 578 3966 591 4001; x_wconf 88' lang='lat'><strong>:</strong></span> <span class='ocrx_word' id='word_1_288' title='bbox 617 3964 738 4018; x_wconf 85' lang='lat' dir='ltr'><strong>quae</strong></span> <span class='ocrx_word' id='word_1_289' title='bbox 758 3950 1067 4006; x_wconf 91' lang='lat' dir='ltr'><strong>nullatenus</strong></span> <span class='ocrx_word' id='word_1_290' title='bbox 1084 3951 1152 4005; x_wconf 91' lang='lat' dir='ltr'><strong>ab</strong></span> <span class='ocrx_word' id='word_1_291' title='bbox 1174 3952 1279 4006; x_wconf 92' lang='lat' dir='ltr'><strong>alio</strong></span> <span class='ocrx_word' id='word_1_292' title='bbox 1300 3966 1572 4022; x_wconf 89' lang='lat' dir='ltr'><strong>quoquam</strong></span> <span class='ocrx_word' id='word_1_293' title='bbox 1598 3952 1731 4007; x_wconf 89' lang='lat' dir='ltr'><strong>disci</strong></span> <span class='ocrx_word' id='word_1_294' title='bbox 1754 3967 1885 4023; x_wconf 90' lang='lat' dir='ltr'><strong>pos-</strong></span> 
     </span>
    </p>
   </div>
   <div class='ocr_carea' id='block_1_41' title="bbox 313 4037 1883 4115">
    <p class='ocr_par' dir='ltr' id='par_1_41' title="bbox 313 4037 1883 4115">
     <span class='ocr_line' id='line_1_41' title="bbox 313 4037 1883 4115; baseline 0.006 -26"><span class='ocrx_word' id='word_1_295' title='bbox 313 4046 463 4101; x_wconf 89' lang='lat' dir='ltr'><strong>sunt,</strong></span> <span class='ocrx_word' id='word_1_296' title='bbox 493 4037 610 4093; x_wconf 84' lang='lat' dir='ltr'><strong>haec</strong></span> <span class='ocrx_word' id='word_1_297' title='bbox 647 4039 802 4096; x_wconf 85' lang='lat' dir='ltr'><strong>vobis</strong></span> <span class='ocrx_word' id='word_1_298' title='bbox 841 4041 965 4096; x_wconf 89' lang='lat' dir='ltr'><strong>licet</strong></span> <span class='ocrx_word' id='word_1_299' title='bbox 996 4042 1082 4096; x_wconf 88' lang='lat' dir='ltr'><strong>hic</strong></span> <span class='ocrx_word' id='word_1_300' title='bbox 1114 4043 1505 4114; x_wconf 88' lang='lat' dir='ltr'><strong>philosophari.</strong></span> <span class='ocrx_word' id='word_1_301' title='bbox 1541 4041 1883 4115; x_wconf 83' lang='lat' dir='ltr'><strong>Voluptatem</strong></span> 
     </span>
    </p>
   </div>
   <div class='ocr_carea' id='block_1_42' title="bbox 313 4130 1885 4206">
    <p class='ocr_par' dir='ltr' id='par_1_42' title="bbox 313 4130 1885 4206">
     <span class='ocr_line' id='line_1_42' title="bbox 313 4130 1885 4206; baseline 0.004 -23"><span class='ocrx_word' id='word_1_302' title='bbox 313 4130 459 4183; x_wconf 88' lang='lat' dir='ltr'><strong>enim</strong></span> <span class='ocrx_word' id='word_1_303' title='bbox 484 4140 752 4199; x_wconf 77' lang='lat' dir='ltr'><strong>quaerunt,</strong></span> <span class='ocrx_word' id='word_1_304' title='bbox 771 4142 824 4187; x_wconf 91' lang='lat' dir='ltr'><strong>et</strong></span> <span class='ocrx_word' id='word_1_305' title='bbox 847 4133 1081 4201; x_wconf 81' lang='lat' dir='ltr'><strong>gaudere</strong></span> <span class='ocrx_word' id='word_1_306' title='bbox 1108 4135 1334 4204; x_wconf 87' lang='lat' dir='ltr'><strong>cupiunt</strong></span> <span class='ocrx_word' id='word_1_307' title='bbox 1359 4150 1568 4203; x_wconf 88' lang='lat' dir='ltr'><strong>omnes,</strong></span> <span class='ocrx_word' id='word_1_308' title='bbox 1591 4144 1644 4191; x_wconf 92' lang='lat' dir='ltr'><strong>et</strong></span> <span class='ocrx_word' id='word_1_309' title='bbox 1665 4146 1885 4206; x_wconf 88' lang='lat' dir='ltr'><strong>propter</strong></span> 
     </span>
    </p>
   </div>
   <div class='ocr_carea' id='block_1_43' title="bbox 314 4219 1885 4294">
    <p class='ocr_par' dir='ltr' id='par_1_43' title="bbox 314 4219 1885 4294">
     <span class='ocr_line' id='line_1_43' title="bbox 314 4219 1885 4294; baseline 0.005 -21"><span class='ocrx_word' id='word_1_310' title='bbox 314 4219 421 4274; x_wconf 92' lang='lat' dir='ltr'><strong>hoc</strong></span> <span class='ocrx_word' id='word_1_311' title='bbox 450 4221 633 4275; x_wconf 87' lang='lat' dir='ltr'><strong>omnia</strong></span> <span class='ocrx_word' id='word_1_312' title='bbox 665 4220 873 4278; x_wconf 90' lang='lat' dir='ltr'><strong>faciunt</strong></span> <span class='ocrx_word' id='word_1_313' title='bbox 896 4231 951 4278; x_wconf 88' lang='lat' dir='ltr'><strong>et</strong></span> <span class='ocrx_word' id='word_1_314' title='bbox 980 4224 1170 4279; x_wconf 91' lang='lat' dir='ltr'><strong>dicunt</strong></span> <span class='ocrx_word' id='word_1_315' title='bbox 1197 4236 1250 4279; x_wconf 90' lang='lat' dir='ltr'><strong>et</strong></span> <span class='ocrx_word' id='word_1_316' title='bbox 1272 4225 1638 4294; x_wconf 74' lang='lat' dir='ltr'><strong>negotiantur.</strong></span> <span class='ocrx_word' id='word_1_317' title='bbox 1671 4227 1885 4282; x_wconf 90' lang='lat' dir='ltr'><strong>Etenim</strong></span> 
     </span>
    </p>
   </div>
   <div class='ocr_carea' id='block_1_44' title="bbox 312 4313 1884 4389">
    <p class='ocr_par' dir='ltr' id='par_1_44' title="bbox 312 4313 1884 4389">
     <span class='ocr_line' id='line_1_44' title="bbox 312 4313 1884 4389; baseline 0.006 -24"><span class='ocrx_word' id='word_1_318' title='bbox 312 4322 586 4368; x_wconf 82' lang='lat' dir='ltr'><strong>mercator</strong></span> <span class='ocrx_word' id='word_1_319' title='bbox 614 4313 735 4369; x_wconf 89' lang='lat' dir='ltr'><strong>ideo</strong></span> <span class='ocrx_word' id='word_1_320' title='bbox 764 4316 1001 4387; x_wconf 80' lang='lat' dir='ltr'><strong>navigat,</strong></span> <span class='ocrx_word' id='word_1_321' title='bbox 1024 4323 1085 4371; x_wconf 90' lang='lat' dir='ltr'><strong>ut</strong></span> <span class='ocrx_word' id='word_1_322' title='bbox 1115 4317 1375 4388; x_wconf 87' lang='lat' dir='ltr'><strong>pecunias</strong></span> <span class='ocrx_word' id='word_1_323' title='bbox 1401 4327 1693 4389; x_wconf 79' lang='lat' dir='ltr'><strong>congreget</strong></span> <span class='ocrx_word' id='word_1_324' title='bbox 1713 4335 1727 4384; x_wconf 89' lang='lat'><strong>;</strong></span> <span class='ocrx_word' id='word_1_325' title='bbox 1750 4335 1884 4375; x_wconf 86' lang='lat' dir='ltr'><strong>con-</strong></span> 
     </span>
    </p>
   </div>
   <div class='ocr_carea' id='block_1_45' title="bbox 304 4406 1881 4479">
    <p class='ocr_par' dir='ltr' id='par_1_45' title="bbox 304 4406 1881 4479">
     <span class='ocr_line' id='line_1_45' title="bbox 304 4406 1881 4479; baseline 0.004 -21"><span class='ocrx_word' id='word_1_326' title='bbox 304 4415 485 4476; x_wconf 85' lang='lat' dir='ltr'><strong>gregat</strong></span> <span class='ocrx_word' id='word_1_327' title='bbox 505 4416 678 4459; x_wconf 89' lang='lat' dir='ltr'><strong>autem</strong></span> <span class='ocrx_word' id='word_1_328' title='bbox 707 4409 975 4477; x_wconf 90' lang='lat' dir='ltr'><strong>pecunias,</strong></span> <span class='ocrx_word' id='word_1_329' title='bbox 1007 4417 1062 4462; x_wconf 90' lang='lat' dir='ltr'><strong>ut</strong></span> <span class='ocrx_word' id='word_1_330' title='bbox 1087 4408 1284 4463; x_wconf 87' lang='lat' dir='ltr'><strong>habens</strong></span> <span class='ocrx_word' id='word_1_331' title='bbox 1326 4408 1587 4478; x_wconf 88' lang='lat' dir='ltr'><strong>repositas</strong></span> <span class='ocrx_word' id='word_1_332' title='bbox 1616 4406 1881 4479; x_wconf 89' lang='lat' dir='ltr'><strong>gaudeat:</strong></span> 
     </span>
    </p>
   </div>
   <div class='ocr_carea' id='block_1_46' title="bbox 305 4498 1880 4569">
    <p class='ocr_par' dir='ltr' id='par_1_46' title="bbox 305 4498 1880 4569">
     <span class='ocr_line' id='line_1_46' title="bbox 305 4498 1880 4569; baseline 0.002 -18"><span class='ocrx_word' id='word_1_333' title='bbox 305 4506 361 4551; x_wconf 86' lang='lat' dir='ltr'><strong>et</strong></span> <span class='ocrx_word' id='word_1_334' title='bbox 381 4498 471 4566; x_wconf 85' lang='lat' dir='ltr'><strong>qui</strong></span> <span class='ocrx_word' id='word_1_335' title='bbox 516 4498 726 4565; x_wconf 90' lang='lat' dir='ltr'><strong>militat,</strong></span> <span class='ocrx_word' id='word_1_336' title='bbox 770 4498 892 4553; x_wconf 90' lang='lat' dir='ltr'><strong>ideo</strong></span> <span class='ocrx_word' id='word_1_337' title='bbox 931 4500 1143 4565; x_wconf 85' lang='lat' dir='ltr'><strong>militat,</strong></span> <span class='ocrx_word' id='word_1_338' title='bbox 1180 4508 1234 4554; x_wconf 91' lang='lat' dir='ltr'><strong>et</strong></span> <span class='ocrx_word' id='word_1_339' title='bbox 1269 4500 1497 4569; x_wconf 83' lang='lat' dir='ltr'><strong>agricola</strong></span> <span class='ocrx_word' id='word_1_340' title='bbox 1527 4499 1647 4554; x_wconf 92' lang='lat' dir='ltr'><strong>ideo</strong></span> <span class='ocrx_word' id='word_1_341' title='bbox 1683 4510 1880 4555; x_wconf 90' lang='lat' dir='ltr'><strong>terram</strong></span> 
     </span>
    </p>
   </div>
   <div class='ocr_carea' id='block_1_47' title="bbox 304 4586 1883 4659">
    <p class='ocr_par' dir='ltr' id='par_1_47' title="bbox 304 4586 1883 4659">
     <span class='ocr_line' id='line_1_47' title="bbox 304 4586 1883 4659; baseline 0.003 -19"><span class='ocrx_word' id='word_1_342' title='bbox 304 4586 451 4652; x_wconf 83' lang='lat' dir='ltr'><strong>colit,</strong></span> <span class='ocrx_word' id='word_1_343' title='bbox 483 4596 538 4642; x_wconf 91' lang='lat' dir='ltr'><strong>ct</strong></span> <span class='ocrx_word' id='word_1_344' title='bbox 579 4598 749 4643; x_wconf 88' lang='lat' dir='ltr'><strong>artem</strong></span> <span class='ocrx_word' id='word_1_345' title='bbox 785 4589 1009 4659; x_wconf 88' lang='lat' dir='ltr'><strong>quisque</strong></span> <span class='ocrx_word' id='word_1_346' title='bbox 1052 4606 1201 4644; x_wconf 90' lang='lat' dir='ltr'><strong>suam</strong></span> <span class='ocrx_word' id='word_1_347' title='bbox 1240 4601 1519 4659; x_wconf 90' lang='lat' dir='ltr'><strong>propterea</strong></span> <span class='ocrx_word' id='word_1_348' title='bbox 1568 4599 1797 4645; x_wconf 87' lang='lat' dir='ltr'><strong>tractat:</strong></span> <span class='ocrx_word' id='word_1_349' title='bbox 1826 4601 1883 4646; x_wconf 91' lang='lat' dir='ltr'><strong>et</strong></span> 
     </span>
    </p>
   </div>
   <div class='ocr_carea' id='block_1_48' title="bbox 305 4677 1877 4751">
    <p class='ocr_par' dir='ltr' id='par_1_48' title="bbox 305 4677 1877 4751">
     <span class='ocr_line' id='line_1_48' title="bbox 305 4677 1877 4751; baseline 0.002 -19"><span class='ocrx_word' id='word_1_350' title='bbox 305 4677 680 4733; x_wconf 86' lang='lat' dir='ltr'><strong>dominationis</strong></span> <span class='ocrx_word' id='word_1_351' title='bbox 708 4679 882 4748; x_wconf 89' lang='lat' dir='ltr'><strong>cupidi</strong></span> <span class='ocrx_word' id='word_1_352' title='bbox 916 4680 1034 4734; x_wconf 90' lang='lat' dir='ltr'><strong>ideo</strong></span> <span class='ocrx_word' id='word_1_353' title='bbox 1058 4682 1295 4751; x_wconf 91' lang='lat' dir='ltr'><strong>cupiunt,</strong></span> <span class='ocrx_word' id='word_1_354' title='bbox 1320 4689 1378 4734; x_wconf 92' lang='lat' dir='ltr'><strong>ut</strong></span> <span class='ocrx_word' id='word_1_355' title='bbox 1406 4681 1569 4750; x_wconf 79' lang='lat' dir='ltr'><strong>gloria</strong></span> <span class='ocrx_word' id='word_1_356' title='bbox 1598 4681 1877 4748; x_wconf 78' lang='lat' dir='ltr'><strong>fruantur;</strong></span> 
     </span>
    </p>
   </div>
   <div class='ocr_carea' id='block_1_49' title="bbox 302 4768 1879 4843">
    <p class='ocr_par' dir='ltr' id='par_1_49' title="bbox 302 4768 1879 4843">
     <span class='ocr_line' id='line_1_49' title="bbox 302 4768 1879 4843; baseline 0.003 -20"><span class='ocrx_word' id='word_1_357' title='bbox 302 4768 472 4840; x_wconf 66' lang='lat' dir='ltr'><strong>gloria</strong></span> <span class='ocrx_word' id='word_1_358' title='bbox 509 4786 634 4826; x_wconf 85' lang='lat' dir='ltr'><strong>vero</strong></span> <span class='ocrx_word' id='word_1_359' title='bbox 696 4770 798 4826; x_wconf 90' lang='lat' dir='ltr'><strong>frui</strong></span> <span class='ocrx_word' id='word_1_360' title='bbox 841 4772 1045 4838; x_wconf 83' lang='lat' dir='ltr'><strong>volunt,</strong></span> <span class='ocrx_word' id='word_1_361' title='bbox 1078 4782 1135 4826; x_wconf 91' lang='lat' dir='ltr'><strong>ut</strong></span> <span class='ocrx_word' id='word_1_362' title='bbox 1157 4772 1424 4842; x_wconf 89' lang='lat' dir='ltr'><strong>gaudeant</strong></span> <span class='ocrx_word' id='word_1_363' title='bbox 1456 4789 1469 4825; x_wconf 88' lang='lat'><strong>:</strong></span> <span class='ocrx_word' id='word_1_364' title='bbox 1509 4780 1563 4828; x_wconf 92' lang='lat' dir='ltr'><strong>et</strong></span> <span class='ocrx_word' id='word_1_365' title='bbox 1611 4774 1879 4843; x_wconf 89' lang='lat' dir='ltr'><strong>negotium</strong></span> 
     </span>
    </p>
   </div>
   <div class='ocr_carea' id='block_1_50' title="bbox 304 4862 1877 4934">
    <p class='ocr_par' dir='ltr' id='par_1_50' title="bbox 304 4862 1877 4934">
     <span class='ocr_line' id='line_1_50' title="bbox 304 4862 1877 4934; baseline 0.001 -16"><span class='ocrx_word' id='word_1_366' title='bbox 304 4862 555 4934; x_wconf 87' lang='lat' dir='ltr'><strong>quodque</strong></span> <span class='ocrx_word' id='word_1_367' title='bbox 594 4865 661 4919; x_wconf 88' lang='lat' dir='ltr'><strong>ad</strong></span> <span class='ocrx_word' id='word_1_368' title='bbox 709 4865 851 4919; x_wconf 90' lang='lat' dir='ltr'><strong>hunc</strong></span> <span class='ocrx_word' id='word_1_369' title='bbox 879 4863 1036 4918; x_wconf 70' lang='lat' dir='ltr'><strong>bilem</strong></span> <span class='ocrx_word' id='word_1_370' title='bbox 1068 4864 1221 4918; x_wconf 89' lang='lat' dir='ltr'><strong>nobis</strong></span> <span class='ocrx_word' id='word_1_371' title='bbox 1252 4864 1468 4919; x_wconf 88' lang='lat' dir='ltr'><strong>tendere</strong></span> <span class='ocrx_word' id='word_1_372' title='bbox 1505 4867 1625 4934; x_wconf 87' lang='lat' dir='ltr'><strong>quis</strong></span> <span class='ocrx_word' id='word_1_373' title='bbox 1649 4864 1837 4920; x_wconf 91' lang='lat' dir='ltr'><strong>viderit</strong></span> <span class='ocrx_word' id='word_1_374' title='bbox 1863 4881 1877 4919; x_wconf 88' lang='lat'><strong>:</strong></span> 
     </span>
    </p>
   </div>
   <div class='ocr_carea' id='block_1_51' title="bbox 305 4955 1883 5027">
    <p class='ocr_par' dir='ltr' id='par_1_51' title="bbox 305 4955 1883 5027">
     <span class='ocr_line' id='line_1_51' title="bbox 305 4955 1883 5027; baseline 0.003 -16"><span class='ocrx_word' id='word_1_375' title='bbox 305 4964 361 5011; x_wconf 91' lang='lat' dir='ltr'><strong>et</strong></span> <span class='ocrx_word' id='word_1_376' title='bbox 387 4957 453 5009; x_wconf 90' lang='lat' dir='ltr'><strong>ad</strong></span> <span class='ocrx_word' id='word_1_377' title='bbox 479 4955 622 5011; x_wconf 86' lang='lat' dir='ltr'><strong>hunc</strong></span> <span class='ocrx_word' id='word_1_378' title='bbox 658 4958 882 5027; x_wconf 88' lang='lat' dir='ltr'><strong>quisque</strong></span> <span class='ocrx_word' id='word_1_379' title='bbox 912 4957 1222 5026; x_wconf 89' lang='lat' dir='ltr'><strong>respiciens,</strong></span> <span class='ocrx_word' id='word_1_380' title='bbox 1254 4971 1348 5026; x_wconf 90' lang='lat' dir='ltr'><strong>per</strong></span> <span class='ocrx_word' id='word_1_381' title='bbox 1394 4956 1556 5011; x_wconf 89' lang='lat' dir='ltr'><strong>multa</strong></span> <span class='ocrx_word' id='word_1_382' title='bbox 1598 4957 1769 5013; x_wconf 85' lang='lat' dir='ltr'><strong>media</strong></span> <span class='ocrx_word' id='word_1_383' title='bbox 1813 4958 1883 5015; x_wconf 69' lang='lat' dir='ltr'><strong>ad</strong></span> 
     </span>
    </p>
   </div>
   <div class='ocr_carea' id='block_1_52' title="bbox 307 5045 1508 5115">
    <p class='ocr_par' dir='ltr' id='par_1_52' title="bbox 307 5045 1508 5115">
     <span class='ocr_line' id='line_1_52' title="bbox 307 5045 1508 5115; baseline 0.002 -15"><span class='ocrx_word' id='word_1_384' title='bbox 307 5046 476 5115; x_wconf 90' lang='lat' dir='ltr'><strong>ipsum</strong></span> <span class='ocrx_word' id='word_1_385' title='bbox 499 5047 575 5102; x_wconf 90' lang='lat' dir='ltr'><strong>ire</strong></span> <span class='ocrx_word' id='word_1_386' title='bbox 604 5045 835 5102; x_wconf 82' lang='lat' dir='ltr'><strong>festinat.</strong></span> <span class='ocrx_word' id='word_1_387' title='bbox 1504 5107 1508 5110; x_wconf 8' lang='grc' dir='ltr'><em>ἠ</em></span> 
     </span>
    </p>
   </div>
   <div class='ocr_carea' id='block_1_53' title="bbox 378 5135 1881 5211">
    <p class='ocr_par' dir='ltr' id='par_1_53' title="bbox 378 5135 1881 5211">
     <span class='ocr_line' id='line_1_53' title="bbox 378 5135 1881 5211; baseline 0.004 -21"><span class='ocrx_word' id='word_1_388' title='bbox 378 5135 575 5193; x_wconf 68' lang='lat' dir='ltr'><strong>Divitiis</strong></span> <span class='ocrx_word' id='word_1_389' title='bbox 616 5137 840 5193; x_wconf 65' lang='lat' dir='ltr'><strong>lmtitiam</strong></span> <span class='ocrx_word' id='word_1_390' title='bbox 868 5155 967 5192; x_wconf 84' lang='lat' dir='ltr'><strong>non</strong></span> <span class='ocrx_word' id='word_1_391' title='bbox 994 5138 1218 5208; x_wconf 84' lang='lat' dir='ltr'><strong>pariunt.</strong></span> <span class='ocrx_word' id='word_1_392' title='bbox 1263 5169 1338 5179; x_wconf 93' lang='lat'><strong><em>—</em></strong></span> <span class='ocrx_word' id='word_1_393' title='bbox 1380 5138 1638 5196; x_wconf 70' lang='lat' dir='ltr'><strong>Lartitiam</strong></span> <span class='ocrx_word' id='word_1_394' title='bbox 1665 5140 1881 5211; x_wconf 87' lang='lat' dir='ltr'><strong>quippe,</strong></span> 
     </span>
    </p>
   </div>
   <div class='ocr_carea' id='block_1_54' title="bbox 307 5229 1883 5303">
    <p class='ocr_par' dir='ltr' id='par_1_54' title="bbox 307 5229 1883 5303">
     <span class='ocr_line' id='line_1_54' title="bbox 307 5229 1883 5303; baseline 0.003 -19"><span class='ocrx_word' id='word_1_395' title='bbox 307 5229 447 5300; x_wconf 87' lang='lat' dir='ltr'><strong>quod</strong></span> <span class='ocrx_word' id='word_1_396' title='bbox 488 5229 642 5297; x_wconf 88' lang='lat' dir='ltr'><strong>dixi,</strong></span> <span class='ocrx_word' id='word_1_397' title='bbox 687 5239 867 5285; x_wconf 91' lang='lat' dir='ltr'><strong>amant</strong></span> <span class='ocrx_word' id='word_1_398' title='bbox 893 5246 1101 5299; x_wconf 87' lang='lat' dir='ltr'><strong>onmes,</strong></span> <span class='ocrx_word' id='word_1_399' title='bbox 1140 5231 1349 5303; x_wconf 89' lang='lat' dir='ltr'><strong>assequi</strong></span> <span class='ocrx_word' id='word_1_400' title='bbox 1389 5248 1519 5287; x_wconf 89' lang='lat' dir='ltr'><strong>vero</strong></span> <span class='ocrx_word' id='word_1_401' title='bbox 1564 5247 1669 5287; x_wconf 90' lang='lat' dir='ltr'><strong>non</strong></span> <span class='ocrx_word' id='word_1_402' title='bbox 1696 5248 1883 5289; x_wconf 89' lang='lat' dir='ltr'><strong>omnes</strong></span> 
     </span>
    </p>
   </div>
   <div class='ocr_carea' id='block_1_55' title="bbox 308 5323 1883 5392">
    <p class='ocr_par' dir='ltr' id='par_1_55' title="bbox 308 5323 1883 5392">
     <span class='ocr_line' id='line_1_55' title="bbox 308 5323 1883 5392; baseline 0.001 -15"><span class='ocrx_word' id='word_1_403' title='bbox 308 5331 577 5391; x_wconf 85' lang='lat' dir='ltr'><strong>possunt:</strong></span> <span class='ocrx_word' id='word_1_404' title='bbox 624 5325 866 5378; x_wconf 89' lang='lat' dir='ltr'><strong>nesciunt</strong></span> <span class='ocrx_word' id='word_1_405' title='bbox 899 5324 1041 5378; x_wconf 89' lang='lat' dir='ltr'><strong>enim</strong></span> <span class='ocrx_word' id='word_1_406' title='bbox 1088 5325 1227 5378; x_wconf 88' lang='lat' dir='ltr'><strong>viam</strong></span> <span class='ocrx_word' id='word_1_407' title='bbox 1270 5338 1336 5380; x_wconf 92' lang='lat' dir='ltr'><strong>eo</strong></span> <span class='ocrx_word' id='word_1_408' title='bbox 1383 5323 1687 5380; x_wconf 89' lang='lat' dir='ltr'><strong>tendentem</strong></span> <span class='ocrx_word' id='word_1_409' title='bbox 1729 5340 1746 5392; x_wconf 90' lang='lat'><strong>;</strong></span> <span class='ocrx_word' id='word_1_410' title='bbox 1788 5325 1883 5381; x_wconf 91' lang='lat' dir='ltr'><strong>sed</strong></span> 
     </span>
    </p>
   </div>
   <div class='ocr_carea' id='block_1_56' title="bbox 309 5413 1881 5485">
    <p class='ocr_par' dir='ltr' id='par_1_56' title="bbox 309 5413 1881 5485">
     <span class='ocr_line' id='line_1_56' title="bbox 309 5413 1881 5485; baseline 0.003 -17"><span class='ocrx_word' id='word_1_411' title='bbox 309 5413 460 5469; x_wconf 87' lang='lat' dir='ltr'><strong>multi</strong></span> <span class='ocrx_word' id='word_1_412' title='bbox 489 5424 677 5483; x_wconf 89' lang='lat' dir='ltr'><strong>putant</strong></span> <span class='ocrx_word' id='word_1_413' title='bbox 703 5415 844 5485; x_wconf 90' lang='lat' dir='ltr'><strong>quod</strong></span> <span class='ocrx_word' id='word_1_414' title='bbox 871 5415 1071 5470; x_wconf 87' lang='lat' dir='ltr'><strong>divitiis</strong></span> <span class='ocrx_word' id='word_1_415' title='bbox 1099 5414 1319 5470; x_wconf 83' lang='lat' dir='ltr'><strong>affluere</strong></span> <span class='ocrx_word' id='word_1_416' title='bbox 1340 5414 1501 5484; x_wconf 84' lang='lat' dir='ltr'><strong>hujus</strong></span> <span class='ocrx_word' id='word_1_417' title='bbox 1529 5415 1600 5471; x_wconf 88' lang='lat' dir='ltr'><strong>sit</strong></span> <span class='ocrx_word' id='word_1_418' title='bbox 1619 5430 1801 5472; x_wconf 90' lang='lat' dir='ltr'><strong>causa.</strong></span> <span class='ocrx_word' id='word_1_419' title='bbox 1824 5417 1881 5472; x_wconf 91' lang='lat' dir='ltr'><strong>Si</strong></span> 
     </span>
    </p>
   </div>
   <div class='ocr_carea' id='block_1_57' title="bbox 308 5505 1882 5576">
    <p class='ocr_par' dir='ltr' id='par_1_57' title="bbox 308 5505 1882 5576">
     <span class='ocr_line' id='line_1_57' title="bbox 308 5505 1882 5576; baseline 0.001 -16"><span class='ocrx_word' id='word_1_420' title='bbox 308 5505 426 5561; x_wconf 77' lang='lat' dir='ltr'><strong>lucc</strong></span> <span class='ocrx_word' id='word_1_421' title='bbox 473 5514 652 5561; x_wconf 83' lang='lat' dir='ltr'><strong>autem</strong></span> <span class='ocrx_word' id='word_1_422' title='bbox 681 5520 839 5561; x_wconf 87' lang='lat' dir='ltr'><strong>causa</strong></span> <span class='ocrx_word' id='word_1_423' title='bbox 883 5505 1088 5569; x_wconf 89' lang='lat' dir='ltr'><strong>fuisset,</strong></span> <span class='ocrx_word' id='word_1_424' title='bbox 1121 5521 1278 5561; x_wconf 90' lang='lat' dir='ltr'><strong>nemo</strong></span> <span class='ocrx_word' id='word_1_425' title='bbox 1307 5508 1558 5576; x_wconf 90' lang='lat' dir='ltr'><strong>pecunias</strong></span> <span class='ocrx_word' id='word_1_426' title='bbox 1603 5509 1882 5576; x_wconf 91' lang='lat' dir='ltr'><strong>possiden-</strong></span> 
     </span>
    </p>
   </div>
   <div class='ocr_carea' id='block_1_58' title="bbox 312 5593 1886 5668">
    <p class='ocr_par' dir='ltr' id='par_1_58' title="bbox 312 5593 1886 5668">
     <span class='ocr_line' id='line_1_58' title="bbox 312 5593 1886 5668; baseline 0.003 -19"><span class='ocrx_word' id='word_1_427' title='bbox 312 5593 439 5650; x_wconf 75' lang='lat' dir='ltr'><strong>t’nm</strong></span> <span class='ocrx_word' id='word_1_428' title='bbox 489 5612 738 5666; x_wconf 89' lang='lat' dir='ltr'><strong>umquam</strong></span> <span class='ocrx_word' id='word_1_429' title='bbox 766 5597 954 5653; x_wconf 81' lang='lat' dir='ltr'><strong>fuisset</strong></span> <span class='ocrx_word' id='word_1_430' title='bbox 986 5598 1171 5653; x_wconf 88' lang='lat' dir='ltr'><strong>dolore</strong></span> <span class='ocrx_word' id='word_1_431' title='bbox 1207 5612 1455 5668; x_wconf 87' lang='lat' dir='ltr'><strong>pressus;</strong></span> <span class='ocrx_word' id='word_1_432' title='bbox 1486 5614 1627 5654; x_wconf 90' lang='lat' dir='ltr'><strong>nunc</strong></span> <span class='ocrx_word' id='word_1_433' title='bbox 1649 5614 1776 5654; x_wconf 90' lang='lat' dir='ltr'><strong>vero</strong></span> <span class='ocrx_word' id='word_1_434' title='bbox 1804 5599 1886 5654; x_wconf 91' lang='lat' dir='ltr'><strong>di-</strong></span> 
     </span>
    </p>
   </div>
   <div class='ocr_carea' id='block_1_59' title="bbox 310 5688 1882 5759">
    <p class='ocr_par' dir='ltr' id='par_1_59' title="bbox 310 5688 1882 5759">
     <span class='ocr_line' id='line_1_59' title="bbox 310 5688 1882 5759; baseline 0.004 -20"><span class='ocrx_word' id='word_1_435' title='bbox 310 5688 472 5743; x_wconf 80' lang='lat' dir='ltr'><strong>vitttm</strong></span> <span class='ocrx_word' id='word_1_436' title='bbox 503 5688 656 5742; x_wconf 91' lang='lat' dir='ltr'><strong>multi</strong></span> <span class='ocrx_word' id='word_1_437' title='bbox 681 5688 841 5742; x_wconf 88' lang='lat' dir='ltr'><strong>vitam</strong></span> <span class='ocrx_word' id='word_1_438' title='bbox 881 5703 989 5743; x_wconf 93' lang='lat' dir='ltr'><strong>non</strong></span> <span class='ocrx_word' id='word_1_439' title='bbox 1024 5689 1238 5743; x_wconf 86' lang='lat' dir='ltr'><strong>vitalem</strong></span> <span class='ocrx_word' id='word_1_440' title='bbox 1271 5703 1392 5744; x_wconf 88' lang='lat' dir='ltr'><strong>esse</strong></span> <span class='ocrx_word' id='word_1_441' title='bbox 1414 5697 1619 5759; x_wconf 86' lang='lat' dir='ltr'><strong>putant,</strong></span> <span class='ocrx_word' id='word_1_442' title='bbox 1645 5697 1700 5746; x_wconf 89' lang='lat' dir='ltr'><strong>et</strong></span> <span class='ocrx_word' id='word_1_443' title='bbox 1724 5691 1882 5745; x_wconf 91' lang='lat' dir='ltr'><strong>innu-</strong></span> 
     </span>
    </p>
   </div>
   <div class='ocr_carea' id='block_1_60' title="bbox 262 5770 1880 5851">
    <p class='ocr_par' dir='ltr' id='par_1_60' title="bbox 262 5770 1880 5851">
     <span class='ocr_line' id='line_1_60' title="bbox 262 5770 1880 5851; baseline 0.003 -21"><span class='ocrx_word' id='word_1_444' title='bbox 262 5770 265 5775; x_wconf 86' lang='grc'><em>’</em></span> <span class='ocrx_word' id='word_1_445' title='bbox 311 5791 485 5835; x_wconf 69' lang='lat' dir='ltr'><strong>nisi-as</strong></span> <span class='ocrx_word' id='word_1_446' title='bbox 529 5786 732 5837; x_wconf 87' lang='lat' dir='ltr'><strong>mortes</strong></span> <span class='ocrx_word' id='word_1_447' title='bbox 753 5788 1027 5851; x_wconf 84' lang='lat' dir='ltr'><strong>exoptant,</strong></span> <span class='ocrx_word' id='word_1_448' title='bbox 1074 5794 1197 5835; x_wconf 88' lang='lat' dir='ltr'><strong>cum</strong></span> <span class='ocrx_word' id='word_1_449' title='bbox 1235 5780 1464 5851; x_wconf 85' lang='lat' dir='ltr'><strong>aliquam</strong></span> <span class='ocrx_word' id='word_1_450' title='bbox 1505 5778 1880 5837; x_wconf 74' lang='lat' dir='ltr'><strong>adversitatcm</strong></span> 
     </span>
    </p>
   </div>
   <div class='ocr_carea' id='block_1_61' title="bbox 1222 364 2711 428">
    <p class='ocr_par' dir='ltr' id='par_1_61' title="bbox 1222 364 2711 428">
     <span class='ocr_line' id='line_1_61' title="bbox 1222 364 2711 428; baseline 0.005 -9"><span class='ocrx_word' id='word_1_451' title='bbox 1222 365 1313 419; x_wconf 80' lang='lat' dir='ltr'><strong>AD</strong></span> <span class='ocrx_word' id='word_1_452' title='bbox 1352 364 1671 424; x_wconf 79' lang='lat' dir='ltr'><strong>POPULUM</strong></span> <span class='ocrx_word' id='word_1_453' title='bbox 1711 365 2199 425; x_wconf 81' lang='lat' dir='ltr'><strong>ANTIOCHENUM</strong></span> <span class='ocrx_word' id='word_1_454' title='bbox 2261 368 2492 426; x_wconf 77' lang='lat' dir='ltr'><strong>HOMIL.</strong></span> <span class='ocrx_word' id='word_1_455' title='bbox 2524 368 2711 428; x_wconf 79' lang='lat' dir='ltr'><strong>XVIII.</strong></span> 
     </span>
    </p>
   </div>
   <div class='ocr_carea' id='block_1_62' title="bbox 3476 380 3572 436">
    <p class='ocr_par' dir='ltr' id='par_1_62' title="bbox 3476 380 3572 436">
     <span class='ocr_line' id='line_1_62' title="bbox 3476 380 3572 436; baseline 0.021 -2"><span class='ocrx_word' id='word_1_456' title='bbox 3476 380 3572 436; x_wconf 64' lang='lat'><strong>18?.</strong></span> 
     </span>
    </p>
   </div>
   <div class='ocr_carea' id='block_1_63' title="bbox 2002 480 3581 549">
    <p class='ocr_par' dir='ltr' id='par_1_63' title="bbox 2002 480 3581 549">
     <span class='ocr_line' id='line_1_63' title="bbox 2002 480 3581 549; baseline 0.004 -13"><span class='ocrx_word' id='word_1_457' title='bbox 2002 480 2288 549; x_wconf 77' lang='lat' dir='ltr'><strong>senserint,</strong></span> <span class='ocrx_word' id='word_1_458' title='bbox 2320 490 2374 536; x_wconf 91' lang='lat' dir='ltr'><strong>et</strong></span> <span class='ocrx_word' id='word_1_459' title='bbox 2409 482 2464 536; x_wconf 90' lang='lat' dir='ltr'><strong>hi</strong></span> <span class='ocrx_word' id='word_1_460' title='bbox 2502 483 2731 540; x_wconf 75' lang='lat' dir='ltr'><strong>maxime</strong></span> <span class='ocrx_word' id='word_1_461' title='bbox 2781 483 3020 539; x_wconf 90' lang='lat' dir='ltr'><strong>omnium</strong></span> <span class='ocrx_word' id='word_1_462' title='bbox 3046 483 3270 541; x_wconf 86' lang='lat' dir='ltr'><strong>dolent.</strong></span> <span class='ocrx_word' id='word_1_463' title='bbox 3319 484 3396 542; x_wconf 78' lang='lat' dir='ltr'><strong>Ne</strong></span> <span class='ocrx_word' id='word_1_464' title='bbox 3451 489 3581 542; x_wconf 89' lang='lat' dir='ltr'><strong>miht</strong></span> 
     </span>
    </p>
   </div>
   <div class='ocr_carea' id='block_1_64' title="bbox 1999 570 3582 642">
    <p class='ocr_par' dir='ltr' id='par_1_64' title="bbox 1999 570 3582 642">
     <span class='ocr_line' id='line_1_64' title="bbox 1999 570 3582 642; baseline 0.006 -20"><span class='ocrx_word' id='word_1_465' title='bbox 1999 570 2194 640; x_wconf 88' lang='lat' dir='ltr'><strong>quippe</strong></span> <span class='ocrx_word' id='word_1_466' title='bbox 2238 585 2452 626; x_wconf 85' lang='lat' dir='ltr'><strong>mensas</strong></span> <span class='ocrx_word' id='word_1_467' title='bbox 2484 571 2718 642; x_wconf 90' lang='lat' dir='ltr'><strong>ipsorum</strong></span> <span class='ocrx_word' id='word_1_468' title='bbox 2748 574 3061 642; x_wconf 86' lang='lat' dir='ltr'><strong>respexeris,</strong></span> <span class='ocrx_word' id='word_1_469' title='bbox 3087 588 3186 629; x_wconf 90' lang='lat' dir='ltr'><strong>nec</strong></span> <span class='ocrx_word' id='word_1_470' title='bbox 3224 585 3582 631; x_wconf 82' lang='lat' dir='ltr'><strong>assentatores</strong></span> 
     </span>
    </p>
   </div>
   <div class='ocr_carea' id='block_1_65' title="bbox 1998 650 3581 731">
    <p class='ocr_par' dir='ltr' id='par_1_65' title="bbox 1998 650 3581 731">
     <span class='ocr_line' id='line_1_65' title="bbox 1998 650 3581 731; baseline 0.003 -19"><span class='ocrx_word' id='word_1_471' title='bbox 1998 667 2052 713; x_wconf 92' lang='lat' dir='ltr'><strong>et</strong></span> <span class='ocrx_word' id='word_1_472' title='bbox 2094 650 2376 728; x_wconf 68' lang='lat' dir='ltr'><strong>parasitos,</strong></span> <span class='ocrx_word' id='word_1_473' title='bbox 2410 661 2504 715; x_wconf 92' lang='lat' dir='ltr'><strong>sed</strong></span> <span class='ocrx_word' id='word_1_474' title='bbox 2537 676 2621 715; x_wconf 89' lang='lat' dir='ltr'><strong>res</strong></span> <span class='ocrx_word' id='word_1_475' title='bbox 2659 676 2724 716; x_wconf 87' lang='lat' dir='ltr'><strong>ex</strong></span> <span class='ocrx_word' id='word_1_476' title='bbox 2760 662 2888 731; x_wconf 90' lang='lat' dir='ltr'><strong>ipsis</strong></span> <span class='ocrx_word' id='word_1_477' title='bbox 2922 664 3177 731; x_wconf 90' lang='lat' dir='ltr'><strong>orientcs,</strong></span> <span class='ocrx_word' id='word_1_478' title='bbox 3210 663 3581 721; x_wconf 74' lang='lat' dir='ltr'><strong>infestationes</strong></span> 
     </span>
    </p>
   </div>
   <div class='ocr_carea' id='block_1_66' title="bbox 1997 753 3583 827">
    <p class='ocr_par' dir='ltr' id='par_1_66' title="bbox 1997 753 3583 827">
     <span class='ocr_line' id='line_1_66' title="bbox 1997 753 3583 827; baseline 0.004 -21"><span class='ocrx_word' id='word_1_479' title='bbox 1997 761 2051 806; x_wconf 92' lang='lat' dir='ltr'><strong>ct</strong></span> <span class='ocrx_word' id='word_1_480' title='bbox 2079 753 2389 818; x_wconf 88' lang='lat' dir='ltr'><strong>calumnias,</strong></span> <span class='ocrx_word' id='word_1_481' title='bbox 2418 753 2677 823; x_wconf 90' lang='lat' dir='ltr'><strong>pericula,</strong></span> <span class='ocrx_word' id='word_1_482' title='bbox 2711 754 3031 821; x_wconf 88' lang='lat' dir='ltr'><strong>anxietales,</strong></span> <span class='ocrx_word' id='word_1_483' title='bbox 3059 764 3115 810; x_wconf 90' lang='lat' dir='ltr'><strong>et</strong></span> <span class='ocrx_word' id='word_1_484' title='bbox 3140 754 3280 824; x_wconf 88' lang='lat' dir='ltr'><strong>quod</strong></span> <span class='ocrx_word' id='word_1_485' title='bbox 3308 756 3396 811; x_wconf 90' lang='lat' dir='ltr'><strong>bis</strong></span> <span class='ocrx_word' id='word_1_486' title='bbox 3427 756 3583 827; x_wconf 84' lang='lat' dir='ltr'><strong>longe</strong></span> 
     </span>
    </p>
   </div>
   <div class='ocr_carea' id='block_1_67' title="bbox 1997 842 3574 915">
    <p class='ocr_par' dir='ltr' id='par_1_67' title="bbox 1997 842 3574 915">
     <span class='ocr_line' id='line_1_67' title="bbox 1997 842 3574 915; baseline 0.004 -20"><span class='ocrx_word' id='word_1_487' title='bbox 1997 842 2274 896; x_wconf 91' lang='lat' dir='ltr'><strong>molestius</strong></span> <span class='ocrx_word' id='word_1_488' title='bbox 2304 851 2405 906; x_wconf 89' lang='lat' dir='ltr'><strong>est,</strong></span> <span class='ocrx_word' id='word_1_489' title='bbox 2437 843 2578 912; x_wconf 89' lang='lat' dir='ltr'><strong>quod</strong></span> <span class='ocrx_word' id='word_1_490' title='bbox 2618 844 3043 915; x_wconf 70' lang='lat' dir='ltr'><strong>imprtcmeditati</strong></span> <span class='ocrx_word' id='word_1_491' title='bbox 3090 846 3156 900; x_wconf 92' lang='lat' dir='ltr'><strong>ad</strong></span> <span class='ocrx_word' id='word_1_492' title='bbox 3205 846 3303 903; x_wconf 89' lang='lat' dir='ltr'><strong>has</strong></span> <span class='ocrx_word' id='word_1_493' title='bbox 3338 847 3574 903; x_wconf 86' lang='lat' dir='ltr'><strong>devoluti</strong></span> 
     </span>
    </p>
   </div>
   <div class='ocr_carea' id='block_1_68' title="bbox 1995 934 3579 1006">
    <p class='ocr_par' dir='ltr' id='par_1_68' title="bbox 1995 934 3579 1006">
     <span class='ocr_line' id='line_1_68' title="bbox 1995 934 3579 1006; baseline 0.003 -19"><span class='ocrx_word' id='word_1_494' title='bbox 1995 935 2342 999; x_wconf 88' lang='lat' dir='ltr'><strong>mutationes,</strong></span> <span class='ocrx_word' id='word_1_495' title='bbox 2374 934 2738 1006; x_wconf 86' lang='lat' dir='ltr'><strong>philosophari</strong></span> <span class='ocrx_word' id='word_1_496' title='bbox 2769 936 3031 999; x_wconf 89' lang='lat' dir='ltr'><strong>nesciant,</strong></span> <span class='ocrx_word' id='word_1_497' title='bbox 3055 945 3110 991; x_wconf 90' lang='lat' dir='ltr'><strong>et</strong></span> <span class='ocrx_word' id='word_1_498' title='bbox 3133 951 3287 992; x_wconf 89' lang='lat' dir='ltr'><strong>casus</strong></span> <span class='ocrx_word' id='word_1_499' title='bbox 3318 953 3579 1005; x_wconf 82' lang='lat' dir='ltr'><strong>generoso</strong></span> 
     </span>
    </p>
   </div>
   <div class='ocr_carea' id='block_1_69' title="bbox 1993 1022 3574 1101">
    <p class='ocr_par' dir='ltr' id='par_1_69' title="bbox 1993 1022 3574 1101">
     <span class='ocr_line' id='line_1_69' title="bbox 1993 1022 3574 1101; baseline 0.004 -24"><span class='ocrx_word' id='word_1_500' title='bbox 1993 1022 2154 1079; x_wconf 90' lang='lat' dir='ltr'><strong>ferre.</strong></span> <span class='ocrx_word' id='word_1_501' title='bbox 2181 1025 2304 1079; x_wconf 89' lang='lat' dir='ltr'><strong>Ideo</strong></span> <span class='ocrx_word' id='word_1_502' title='bbox 2328 1041 2432 1080; x_wconf 94' lang='lat' dir='ltr'><strong>non</strong></span> <span class='ocrx_word' id='word_1_503' title='bbox 2458 1041 2519 1081; x_wconf 85' lang='lat' dir='ltr'><strong>ea</strong></span> <span class='ocrx_word' id='word_1_504' title='bbox 2538 1027 2790 1081; x_wconf 89' lang='lat' dir='ltr'><strong>videntur</strong></span> <span class='ocrx_word' id='word_1_505' title='bbox 2815 1027 2942 1097; x_wconf 92' lang='lat' dir='ltr'><strong>ipsis</strong></span> <span class='ocrx_word' id='word_1_506' title='bbox 2968 1030 3175 1098; x_wconf 85' lang='lat' dir='ltr'><strong>gravia,</strong></span> <span class='ocrx_word' id='word_1_507' title='bbox 3198 1045 3316 1099; x_wconf 67' lang='lat' dir='ltr'><strong>qua:</strong></span> <span class='ocrx_word' id='word_1_508' title='bbox 3347 1030 3471 1086; x_wconf 87' lang='lat' dir='ltr'><strong>talia</strong></span> <span class='ocrx_word' id='word_1_509' title='bbox 3485 1046 3574 1101; x_wconf 90' lang='lat' dir='ltr'><strong>per</strong></span> 
     </span>
    </p>
   </div>
   <div class='ocr_carea' id='block_1_70' title="bbox 1993 1121 3576 1192">
    <p class='ocr_par' dir='ltr' id='par_1_70' title="bbox 1993 1121 3576 1192">
     <span class='ocr_line' id='line_1_70' title="bbox 1993 1121 3576 1192; baseline 0.002 -18"><span class='ocrx_word' id='word_1_510' title='bbox 1993 1128 2237 1175; x_wconf 90' lang='lat' dir='ltr'><strong>naturam</strong></span> <span class='ocrx_word' id='word_1_511' title='bbox 2279 1130 2423 1187; x_wconf 89' lang='lat' dir='ltr'><strong>sunt,</strong></span> <span class='ocrx_word' id='word_1_512' title='bbox 2459 1137 2641 1175; x_wconf 91' lang='lat' dir='ltr'><strong>verum</strong></span> <span class='ocrx_word' id='word_1_513' title='bbox 2666 1131 2719 1176; x_wconf 91' lang='lat' dir='ltr'><strong>et</strong></span> <span class='ocrx_word' id='word_1_514' title='bbox 2746 1121 2881 1176; x_wconf 90' lang='lat' dir='ltr'><strong>levia</strong></span> <span class='ocrx_word' id='word_1_515' title='bbox 2913 1122 3042 1192; x_wconf 89' lang='lat' dir='ltr'><strong>ipsis</strong></span> <span class='ocrx_word' id='word_1_516' title='bbox 3072 1122 3425 1177; x_wconf 89' lang='lat' dir='ltr'><strong>intolerabilia</strong></span> <span class='ocrx_word' id='word_1_517' title='bbox 3455 1138 3576 1178; x_wconf 87' lang='lat' dir='ltr'><strong>esse</strong></span> 
     </span>
    </p>
   </div>
   <div class='ocr_carea' id='block_1_71' title="bbox 1991 1211 3572 1284">
    <p class='ocr_par' dir='ltr' id='par_1_71' title="bbox 1991 1211 3572 1284">
     <span class='ocr_line' id='line_1_71' title="bbox 1991 1211 3572 1284; baseline 0.004 -20"><span class='ocrx_word' id='word_1_518' title='bbox 1991 1211 2289 1268; x_wconf 89' lang='lat' dir='ltr'><strong>videntur:</strong></span> <span class='ocrx_word' id='word_1_519' title='bbox 2332 1213 2470 1267; x_wconf 91' lang='lat' dir='ltr'><strong>sicut</strong></span> <span class='ocrx_word' id='word_1_520' title='bbox 2500 1214 2737 1268; x_wconf 90' lang='lat' dir='ltr'><strong>vicissim</strong></span> <span class='ocrx_word' id='word_1_521' title='bbox 2786 1214 2839 1267; x_wconf 93' lang='lat' dir='ltr'><strong>in</strong></span> <span class='ocrx_word' id='word_1_522' title='bbox 2886 1215 3204 1284; x_wconf 86' lang='lat' dir='ltr'><strong>pauperibus</strong></span> <span class='ocrx_word' id='word_1_523' title='bbox 3248 1218 3572 1271; x_wconf 88' lang='lat' dir='ltr'><strong>contrarium</strong></span> 
     </span>
    </p>
   </div>
   <div class='ocr_carea' id='block_1_72' title="bbox 1991 1303 3578 1377">
    <p class='ocr_par' dir='ltr' id='par_1_72' title="bbox 1991 1303 3578 1377">
     <span class='ocr_line' id='line_1_72' title="bbox 1991 1303 3578 1377; baseline 0.005 -23"><span class='ocrx_word' id='word_1_524' title='bbox 1991 1303 2211 1368; x_wconf 89' lang='lat' dir='ltr'><strong>accidit;</strong></span> <span class='ocrx_word' id='word_1_525' title='bbox 2239 1312 2292 1358; x_wconf 93' lang='lat' dir='ltr'><strong>et</strong></span> <span class='ocrx_word' id='word_1_526' title='bbox 2329 1304 2416 1358; x_wconf 90' lang='lat' dir='ltr'><strong>illa</strong></span> <span class='ocrx_word' id='word_1_527' title='bbox 2461 1304 2672 1359; x_wconf 85' lang='lat' dir='ltr'><strong>tolerari</strong></span> <span class='ocrx_word' id='word_1_528' title='bbox 2715 1320 2870 1375; x_wconf 85' lang='lat' dir='ltr'><strong>posse</strong></span> <span class='ocrx_word' id='word_1_529' title='bbox 2895 1306 3139 1361; x_wconf 89' lang='lat' dir='ltr'><strong>videntur</strong></span> <span class='ocrx_word' id='word_1_530' title='bbox 3167 1323 3286 1377; x_wconf 65' lang='lat' dir='ltr'><strong>quae</strong></span> <span class='ocrx_word' id='word_1_531' title='bbox 3324 1307 3578 1362; x_wconf 83' lang='lat' dir='ltr'><strong>intolera-</strong></span> 
     </span>
    </p>
   </div>
   <div class='ocr_carea' id='block_1_73' title="bbox 1992 1391 3577 1467">
    <p class='ocr_par' dir='ltr' id='par_1_73' title="bbox 1992 1391 3577 1467">
     <span class='ocr_line' id='line_1_73' title="bbox 1992 1391 3577 1467; baseline 0.004 -21"><span class='ocrx_word' id='word_1_532' title='bbox 1992 1391 2115 1446; x_wconf 90' lang='lat' dir='ltr'><strong>bilia</strong></span> <span class='ocrx_word' id='word_1_533' title='bbox 2142 1404 2300 1448; x_wconf 92' lang='lat' dir='ltr'><strong>sunt:</strong></span> <span class='ocrx_word' id='word_1_534' title='bbox 2333 1396 2529 1464; x_wconf 90' lang='lat' dir='ltr'><strong>quippe</strong></span> <span class='ocrx_word' id='word_1_535' title='bbox 2553 1396 2639 1465; x_wconf 90' lang='lat' dir='ltr'><strong>qui</strong></span> <span class='ocrx_word' id='word_1_536' title='bbox 2669 1396 2831 1449; x_wconf 90' lang='lat' dir='ltr'><strong>multa</strong></span> <span class='ocrx_word' id='word_1_537' title='bbox 2864 1397 2987 1450; x_wconf 89' lang='lat' dir='ltr'><strong>talia</strong></span> <span class='ocrx_word' id='word_1_538' title='bbox 3019 1397 3164 1467; x_wconf 89' lang='lat' dir='ltr'><strong>prius</strong></span> <span class='ocrx_word' id='word_1_539' title='bbox 3210 1398 3447 1452; x_wconf 88' lang='lat' dir='ltr'><strong>meditati</strong></span> <span class='ocrx_word' id='word_1_540' title='bbox 3468 1399 3577 1453; x_wconf 61' lang='lat' dir='ltr'><strong>fuec</strong></span> 
     </span>
    </p>
   </div>
   <div class='ocr_carea' id='block_1_74' title="bbox 1992 1484 3568 1560">
    <p class='ocr_par' dir='ltr' id='par_1_74' title="bbox 1992 1484 3568 1560">
     <span class='ocr_line' id='line_1_74' title="bbox 1992 1484 3568 1560; baseline 0.005 -23"><span class='ocrx_word' id='word_1_541' title='bbox 1992 1484 2118 1538; x_wconf 92' lang='lat' dir='ltr'><strong>rinl.</strong></span> <span class='ocrx_word' id='word_1_542' title='bbox 2160 1485 2271 1538; x_wconf 86' lang='lat' dir='ltr'><strong>Non</strong></span> <span class='ocrx_word' id='word_1_543' title='bbox 2301 1486 2440 1540; x_wconf 89' lang='lat' dir='ltr'><strong>enim</strong></span> <span class='ocrx_word' id='word_1_544' title='bbox 2474 1498 2576 1540; x_wconf 89' lang='lat' dir='ltr'><strong>tam</strong></span> <span class='ocrx_word' id='word_1_545' title='bbox 2607 1504 2783 1541; x_wconf 87' lang='lat' dir='ltr'><strong>rerum</strong></span> <span class='ocrx_word' id='word_1_546' title='bbox 2816 1498 3023 1554; x_wconf 87' lang='lat' dir='ltr'><strong>natura,</strong></span> <span class='ocrx_word' id='word_1_547' title='bbox 3055 1504 3214 1559; x_wconf 91' lang='lat' dir='ltr'><strong>quam</strong></span> <span class='ocrx_word' id='word_1_548' title='bbox 3257 1491 3568 1560; x_wconf 83' lang='lat' dir='ltr'><strong>patientium</strong></span> 
     </span>
    </p>
   </div>
   <div class='ocr_carea' id='block_1_75' title="bbox 1991 1573 3576 1647">
    <p class='ocr_par' dir='ltr' id='par_1_75' title="bbox 1991 1573 3576 1647">
     <span class='ocr_line' id='line_1_75' title="bbox 1991 1573 3576 1647; baseline 0.004 -20"><span class='ocrx_word' id='word_1_549' title='bbox 1991 1573 2290 1644; x_wconf 89' lang='lat' dir='ltr'><strong>dispositio,</strong></span> <span class='ocrx_word' id='word_1_550' title='bbox 2339 1592 2525 1645; x_wconf 83' lang='lat' dir='ltr'><strong>magna</strong></span> <span class='ocrx_word' id='word_1_551' title='bbox 2553 1577 2650 1633; x_wconf 85' lang='lat' dir='ltr'><strong>vel</strong></span> <span class='ocrx_word' id='word_1_552' title='bbox 2669 1592 2829 1647; x_wconf 88' lang='lat' dir='ltr'><strong>parva</strong></span> <span class='ocrx_word' id='word_1_553' title='bbox 2853 1578 3022 1633; x_wconf 86' lang='lat' dir='ltr'><strong>videri</strong></span> <span class='ocrx_word' id='word_1_554' title='bbox 3061 1577 3190 1633; x_wconf 80' lang='lat' dir='ltr'><strong>facit</strong></span> <span class='ocrx_word' id='word_1_555' title='bbox 3215 1579 3576 1635; x_wconf 83' lang='lat' dir='ltr'><strong>incumbentia</strong></span> 
     </span>
    </p>
   </div>
   <div class='ocr_carea' id='block_1_76' title="bbox 1992 1664 3579 1740">
    <p class='ocr_par' dir='ltr' id='par_1_76' title="bbox 1992 1664 3579 1740">
     <span class='ocr_line' id='line_1_76' title="bbox 1992 1664 3579 1740; baseline 0.005 -23"><span class='ocrx_word' id='word_1_556' title='bbox 1992 1664 2147 1719; x_wconf 86' lang='lat' dir='ltr'><strong>nobis</strong></span> <span class='ocrx_word' id='word_1_557' title='bbox 2188 1666 2348 1720; x_wconf 89' lang='lat' dir='ltr'><strong>mala.</strong></span> <span class='ocrx_word' id='word_1_558' title='bbox 2384 1665 2453 1720; x_wconf 91' lang='lat' dir='ltr'><strong>Et</strong></span> <span class='ocrx_word' id='word_1_559' title='bbox 2479 1681 2544 1720; x_wconf 90' lang='lat' dir='ltr'><strong>ne</strong></span> <span class='ocrx_word' id='word_1_560' title='bbox 2563 1667 2761 1721; x_wconf 85' lang='lat' dir='ltr'><strong>&#39;borum</strong></span> <span class='ocrx_word' id='word_1_561' title='bbox 2791 1668 3032 1736; x_wconf 82' lang='lat' dir='ltr'><strong>exempla</strong></span> <span class='ocrx_word' id='word_1_562' title='bbox 3062 1669 3340 1724; x_wconf 93' lang='lat' dir='ltr'><strong>amborum</strong></span> <span class='ocrx_word' id='word_1_563' title='bbox 3370 1669 3579 1740; x_wconf 79' lang='lat' dir='ltr'><strong>longius</strong></span> 
     </span>
    </p>
   </div>
   <div class='ocr_carea' id='block_1_77' title="bbox 1991 1756 3578 1829">
    <p class='ocr_par' dir='ltr' id='par_1_77' title="bbox 1991 1756 3578 1829">
     <span class='ocr_line' id='line_1_77' title="bbox 1991 1756 3578 1829; baseline 0.005 -21"><span class='ocrx_word' id='word_1_564' title='bbox 1991 1769 2284 1822; x_wconf 88' lang='lat' dir='ltr'><strong>accersam,</strong></span> <span class='ocrx_word' id='word_1_565' title='bbox 2322 1756 2391 1813; x_wconf 90' lang='lat' dir='ltr'><strong>de</strong></span> <span class='ocrx_word' id='word_1_566' title='bbox 2443 1757 2508 1813; x_wconf 90' lang='lat' dir='ltr'><strong>iis</strong></span> <span class='ocrx_word' id='word_1_567' title='bbox 2554 1774 2672 1829; x_wconf 67' lang='lat' dir='ltr'><strong>qua:</strong></span> <span class='ocrx_word' id='word_1_568' title='bbox 2724 1758 2878 1813; x_wconf 90' lang='lat' dir='ltr'><strong>nobis</strong></span> <span class='ocrx_word' id='word_1_569' title='bbox 2916 1759 3244 1823; x_wconf 91' lang='lat' dir='ltr'><strong>acciderunt,</strong></span> <span class='ocrx_word' id='word_1_570' title='bbox 3296 1759 3578 1817; x_wconf 86' lang='lat' dir='ltr'><strong>disseram.</strong></span> 
     </span>
    </p>
   </div>
   <div class='ocr_carea' id='block_1_78' title="bbox 1992 1849 3580 1921">
    <p class='ocr_par' dir='ltr' id='par_1_78' title="bbox 1992 1849 3580 1921">
     <span class='ocr_line' id='line_1_78' title="bbox 1992 1849 3580 1921; baseline 0.002 -18"><span class='ocrx_word' id='word_1_571' title='bbox 1992 1849 2130 1904; x_wconf 89' lang='lat' dir='ltr'><strong>Ecce</strong></span> <span class='ocrx_word' id='word_1_572' title='bbox 2178 1850 2320 1903; x_wconf 91' lang='lat' dir='ltr'><strong>enim</strong></span> <span class='ocrx_word' id='word_1_573' title='bbox 2362 1865 2623 1919; x_wconf 86' lang='lat' dir='ltr'><strong>pauperes</strong></span> <span class='ocrx_word' id='word_1_574' title='bbox 2659 1850 2872 1921; x_wconf 88' lang='lat' dir='ltr'><strong>quidem</strong></span> <span class='ocrx_word' id='word_1_575' title='bbox 2923 1866 3111 1905; x_wconf 92' lang='lat' dir='ltr'><strong>omnes</strong></span> <span class='ocrx_word' id='word_1_576' title='bbox 3139 1862 3446 1916; x_wconf 88' lang='lat' dir='ltr'><strong>evaserunt,</strong></span> <span class='ocrx_word' id='word_1_577' title='bbox 3479 1866 3580 1921; x_wconf 83' lang='lat' dir='ltr'><strong>po-</strong></span> 
     </span>
    </p>
   </div>
   <div class='ocr_carea' id='block_1_79' title="bbox 1998 1941 3580 2013">
    <p class='ocr_par' dir='ltr' id='par_1_79' title="bbox 1998 1941 3580 2013">
     <span class='ocr_line' id='line_1_79' title="bbox 1998 1941 3580 2013; baseline 0.003 -18"><span class='ocrx_word' id='word_1_578' title='bbox 1998 1941 2154 2011; x_wconf 87' lang='lat' dir='ltr'><strong>polus</strong></span> <span class='ocrx_word' id='word_1_579' title='bbox 2192 1941 2428 2010; x_wconf 90' lang='lat' dir='ltr'><strong>periculo</strong></span> <span class='ocrx_word' id='word_1_580' title='bbox 2472 1943 2727 1997; x_wconf 90' lang='lat' dir='ltr'><strong>liberatus</strong></span> <span class='ocrx_word' id='word_1_581' title='bbox 2760 1951 2860 2008; x_wconf 91' lang='lat' dir='ltr'><strong>est,</strong></span> <span class='ocrx_word' id='word_1_582' title='bbox 2892 1952 2948 1998; x_wconf 90' lang='lat' dir='ltr'><strong>et</strong></span> <span class='ocrx_word' id='word_1_583' title='bbox 2986 1958 3114 2013; x_wconf 89' lang='lat' dir='ltr'><strong>pura</strong></span> <span class='ocrx_word' id='word_1_584' title='bbox 3144 1945 3345 2013; x_wconf 89' lang='lat' dir='ltr'><strong>potitur</strong></span> <span class='ocrx_word' id='word_1_585' title='bbox 3371 1944 3580 1999; x_wconf 60' lang='lat' dir='ltr'><strong>securi-</strong></span> 
     </span>
    </p>
   </div>
   <div class='ocr_carea' id='block_1_80' title="bbox 1995 2032 3579 2102">
    <p class='ocr_par' dir='ltr' id='par_1_80' title="bbox 1995 2032 3579 2102">
     <span class='ocr_line' id='line_1_80' title="bbox 1995 2032 3579 2102; baseline 0.003 -18"><span class='ocrx_word' id='word_1_586' title='bbox 1995 2039 2143 2086; x_wconf 88' lang='lat' dir='ltr'><strong>tate:</strong></span> <span class='ocrx_word' id='word_1_587' title='bbox 2187 2033 2274 2100; x_wconf 88' lang='lat' dir='ltr'><strong>qni</strong></span> <span class='ocrx_word' id='word_1_588' title='bbox 2318 2041 2497 2086; x_wconf 89' lang='lat' dir='ltr'><strong>autem</strong></span> <span class='ocrx_word' id='word_1_589' title='bbox 2541 2032 2926 2102; x_wconf 89' lang='lat' dir='ltr'><strong>rempublicam</strong></span> <span class='ocrx_word' id='word_1_590' title='bbox 2960 2034 3279 2099; x_wconf 90' lang='lat' dir='ltr'><strong>tractabant,</strong></span> <span class='ocrx_word' id='word_1_591' title='bbox 3312 2042 3368 2088; x_wconf 92' lang='lat' dir='ltr'><strong>et</strong></span> <span class='ocrx_word' id='word_1_592' title='bbox 3407 2048 3579 2102; x_wconf 84' lang='lat' dir='ltr'><strong>equos</strong></span> 
     </span>
    </p>
   </div>
   <div class='ocr_carea' id='block_1_81' title="bbox 1994 2121 3571 2192">
    <p class='ocr_par' dir='ltr' id='par_1_81' title="bbox 1994 2121 3571 2192">
     <span class='ocr_line' id='line_1_81' title="bbox 1994 2121 3571 2192; baseline 0 -15"><span class='ocrx_word' id='word_1_593' title='bbox 1994 2123 2139 2177; x_wconf 92' lang='lat' dir='ltr'><strong>domi</strong></span> <span class='ocrx_word' id='word_1_594' title='bbox 2189 2123 2423 2188; x_wconf 90' lang='lat' dir='ltr'><strong>alebant,</strong></span> <span class='ocrx_word' id='word_1_595' title='bbox 2467 2122 2647 2176; x_wconf 89' lang='lat' dir='ltr'><strong>bravia</strong></span> <span class='ocrx_word' id='word_1_596' title='bbox 2683 2123 2735 2176; x_wconf 92' lang='lat' dir='ltr'><strong>in</strong></span> <span class='ocrx_word' id='word_1_597' title='bbox 2774 2122 3158 2178; x_wconf 87' lang='lat' dir='ltr'><strong>certaminibus</strong></span> <span class='ocrx_word' id='word_1_598' title='bbox 3183 2121 3571 2192; x_wconf 88' lang='lat' dir='ltr'><strong>proponebant,</strong></span> 
     </span>
    </p>
   </div>
   <div class='ocr_carea' id='block_1_82' title="bbox 1990 2214 3575 2286">
    <p class='ocr_par' dir='ltr' id='par_1_82' title="bbox 1990 2214 3575 2286">
     <span class='ocr_line' id='line_1_82' title="bbox 1990 2214 3575 2286; baseline 0.002 -19"><span class='ocrx_word' id='word_1_599' title='bbox 1990 2223 2042 2267; x_wconf 93' lang='lat' dir='ltr'><strong>et</strong></span> <span class='ocrx_word' id='word_1_600' title='bbox 2071 2214 2171 2267; x_wconf 90' lang='lat' dir='ltr'><strong>alia</strong></span> <span class='ocrx_word' id='word_1_601' title='bbox 2200 2214 2664 2282; x_wconf 88' lang='lat' dir='ltr'><strong>administrabant,</strong></span> <span class='ocrx_word' id='word_1_602' title='bbox 2697 2215 2796 2286; x_wconf 90' lang='lat' dir='ltr'><strong>ipsi</strong></span> <span class='ocrx_word' id='word_1_603' title='bbox 2832 2230 3106 2270; x_wconf 89' lang='lat' dir='ltr'><strong>carcerem</strong></span> <span class='ocrx_word' id='word_1_604' title='bbox 3140 2230 3280 2270; x_wconf 90' lang='lat' dir='ltr'><strong>nunc</strong></span> <span class='ocrx_word' id='word_1_605' title='bbox 3308 2215 3575 2281; x_wconf 89' lang='lat' dir='ltr'><strong>habitant,</strong></span> 
     </span>
    </p>
   </div>
   <div class='ocr_carea' id='block_1_83' title="bbox 1990 2306 3571 2376">
    <p class='ocr_par' dir='ltr' id='par_1_83' title="bbox 1990 2306 3571 2376">
     <span class='ocr_line' id='line_1_83' title="bbox 1990 2306 3571 2376; baseline 0.001 -15"><span class='ocrx_word' id='word_1_606' title='bbox 1990 2306 2057 2361; x_wconf 92' lang='lat' dir='ltr'><strong>de</strong></span> <span class='ocrx_word' id='word_1_607' title='bbox 2091 2307 2341 2361; x_wconf 77' lang='lat' dir='ltr'><strong>extremis</strong></span> <span class='ocrx_word' id='word_1_608' title='bbox 2373 2307 2580 2373; x_wconf 91' lang='lat' dir='ltr'><strong>timent,</strong></span> <span class='ocrx_word' id='word_1_609' title='bbox 2620 2316 2675 2361; x_wconf 90' lang='lat' dir='ltr'><strong>et</strong></span> <span class='ocrx_word' id='word_1_610' title='bbox 2714 2308 2782 2361; x_wconf 88' lang='lat' dir='ltr'><strong>ab</strong></span> <span class='ocrx_word' id='word_1_611' title='bbox 2820 2307 3067 2361; x_wconf 89' lang='lat' dir='ltr'><strong>omnibus</strong></span> <span class='ocrx_word' id='word_1_612' title='bbox 3115 2315 3442 2376; x_wconf 88' lang='lat' dir='ltr'><strong>patratorum</strong></span> <span class='ocrx_word' id='word_1_613' title='bbox 3469 2308 3571 2363; x_wconf 92' lang='lat' dir='ltr'><strong>soli</strong></span> 
     </span>
    </p>
   </div>
   <div class='ocr_carea' id='block_1_84' title="bbox 1992 2386 3580 2467">
    <p class='ocr_par' dir='ltr' id='par_1_84' title="bbox 1992 2386 3580 2467">
     <span class='ocr_line' id='line_1_84' title="bbox 1992 2386 3580 2467; baseline 0.003 -17"><span class='ocrx_word' id='word_1_614' title='bbox 1992 2395 2123 2450; x_wconf 87' lang='lat' dir='ltr'><strong>dant</strong></span> <span class='ocrx_word' id='word_1_615' title='bbox 2144 2411 2350 2466; x_wconf 57' lang='lat' dir='ltr'><strong>poenas,</strong></span> <span class='ocrx_word' id='word_1_616' title='bbox 2381 2407 2435 2451; x_wconf 90' lang='lat' dir='ltr'><strong>et</strong></span> <span class='ocrx_word' id='word_1_617' title='bbox 2464 2397 2515 2450; x_wconf 89' lang='lat' dir='ltr'><strong>in</strong></span> <span class='ocrx_word' id='word_1_618' title='bbox 2538 2397 2793 2452; x_wconf 88' lang='lat' dir='ltr'><strong>continuo</strong></span> <span class='ocrx_word' id='word_1_619' title='bbox 2822 2406 2965 2451; x_wconf 90' lang='lat' dir='ltr'><strong>metu</strong></span> <span class='ocrx_word' id='word_1_620' title='bbox 2988 2398 3190 2461; x_wconf 91' lang='lat' dir='ltr'><strong>vivunt,</strong></span> <span class='ocrx_word' id='word_1_621' title='bbox 3224 2386 3580 2467; x_wconf 73' lang='lat' dir='ltr'><strong>omnibusque</strong></span> 
     </span>
    </p>
   </div>
   <div class='ocr_carea' id='block_1_85' title="bbox 1991 2487 3572 2559">
    <p class='ocr_par' dir='ltr' id='par_1_85' title="bbox 1991 2487 3572 2559">
     <span class='ocr_line' id='line_1_85' title="bbox 1991 2487 3572 2559; baseline -0.001 -16"><span class='ocrx_word' id='word_1_622' title='bbox 1991 2504 2133 2543; x_wconf 86' lang='lat' dir='ltr'><strong>nunc</strong></span> <span class='ocrx_word' id='word_1_623' title='bbox 2162 2488 2471 2546; x_wconf 89' lang='lat' dir='ltr'><strong>miseriores</strong></span> <span class='ocrx_word' id='word_1_624' title='bbox 2504 2498 2647 2554; x_wconf 92' lang='lat' dir='ltr'><strong>sunt,</strong></span> <span class='ocrx_word' id='word_1_625' title='bbox 2681 2505 2785 2544; x_wconf 86' lang='lat' dir='ltr'><strong>non</strong></span> <span class='ocrx_word' id='word_1_626' title='bbox 2823 2496 3038 2559; x_wconf 89' lang='lat' dir='ltr'><strong>propter</strong></span> <span class='ocrx_word' id='word_1_627' title='bbox 3068 2487 3425 2557; x_wconf 85' lang='lat' dir='ltr'><strong>periculorum</strong></span> <span class='ocrx_word' id='word_1_628' title='bbox 3457 2503 3572 2542; x_wconf 90' lang='lat' dir='ltr'><strong>ma-</strong></span> 
     </span>
    </p>
   </div>
   <div class='ocr_carea' id='block_1_86' title="bbox 1992 2577 3576 2651">
    <p class='ocr_par' dir='ltr' id='par_1_86' title="bbox 1992 2577 3576 2651">
     <span class='ocr_line' id='line_1_86' title="bbox 1992 2577 3576 2651; baseline 0 -18"><span class='ocrx_word' id='word_1_629' title='bbox 1992 2579 2348 2650; x_wconf 90' lang='lat' dir='ltr'><strong>gnitudinem,</strong></span> <span class='ocrx_word' id='word_1_630' title='bbox 2390 2580 2485 2636; x_wconf 91' lang='lat' dir='ltr'><strong>sed</strong></span> <span class='ocrx_word' id='word_1_631' title='bbox 2530 2580 2652 2651; x_wconf 90' lang='lat' dir='ltr'><strong>quia</strong></span> <span class='ocrx_word' id='word_1_632' title='bbox 2691 2579 3017 2650; x_wconf 65' lang='lat' dir='ltr'><strong>praeteritum</strong></span> <span class='ocrx_word' id='word_1_633' title='bbox 3047 2587 3255 2648; x_wconf 89' lang='lat' dir='ltr'><strong>tempus</strong></span> <span class='ocrx_word' id='word_1_634' title='bbox 3284 2577 3338 2632; x_wconf 88' lang='lat' dir='ltr'><strong>in</strong></span> <span class='ocrx_word' id='word_1_635' title='bbox 3367 2577 3576 2633; x_wconf 73' lang='lat' dir='ltr'><strong>deliciis</strong></span> 
     </span>
    </p>
   </div>
   <div class='ocr_carea' id='block_1_87' title="bbox 1988 2680 2230 2739">
    <p class='ocr_par' dir='ltr' id='par_1_87' title="bbox 1988 2680 2230 2739">
     <span class='ocr_line' id='line_1_87' title="bbox 1988 2680 2230 2739; baseline -0.008 -15"><span class='ocrx_word' id='word_1_636' title='bbox 1988 2680 2230 2739; x_wconf 85' lang='lat' dir='ltr'><strong>egerunt.</strong></span> 
     </span>
    </p>
   </div>
   <div class='ocr_carea' id='block_1_88' title="bbox 2058 2760 3577 2831">
    <p class='ocr_par' dir='ltr' id='par_1_88' title="bbox 2058 2760 3577 2831">
     <span class='ocr_line' id='line_1_88' title="bbox 2058 2760 3577 2831; baseline 0.001 -17"><span class='ocrx_word' id='word_1_637' title='bbox 2058 2761 2114 2814; x_wconf 74' lang='lat'><strong>2.</strong></span> <span class='ocrx_word' id='word_1_638' title='bbox 2156 2760 2302 2815; x_wconf 83' lang='lat' dir='ltr'><strong>Multi</strong></span> <span class='ocrx_word' id='word_1_639' title='bbox 2340 2777 2569 2831; x_wconf 86' lang='lat' dir='ltr'><strong>namque</strong></span> <span class='ocrx_word' id='word_1_640' title='bbox 2588 2776 2708 2817; x_wconf 90' lang='lat' dir='ltr'><strong>cum</strong></span> <span class='ocrx_word' id='word_1_641' title='bbox 2740 2775 2834 2816; x_wconf 92' lang='lat' dir='ltr'><strong>eos</strong></span> <span class='ocrx_word' id='word_1_642' title='bbox 2862 2760 3201 2816; x_wconf 88' lang='lat' dir='ltr'><strong>hortaremur</strong></span> <span class='ocrx_word' id='word_1_643' title='bbox 3228 2767 3280 2814; x_wconf 88' lang='lat' dir='ltr'><strong>et</strong></span> <span class='ocrx_word' id='word_1_644' title='bbox 3331 2773 3577 2815; x_wconf 85' lang='lat' dir='ltr'><strong>monere-</strong></span> 
     </span>
    </p>
   </div>
   <div class='ocr_carea' id='block_1_89' title="bbox 1988 2850 3575 2921">
    <p class='ocr_par' dir='ltr' id='par_1_89' title="bbox 1988 2850 3575 2921">
     <span class='ocr_line' id='line_1_89' title="bbox 1988 2850 3575 2921; baseline 0.002 -18"><span class='ocrx_word' id='word_1_645' title='bbox 1988 2864 2129 2913; x_wconf 89' lang='lat' dir='ltr'><strong>mus,</strong></span> <span class='ocrx_word' id='word_1_646' title='bbox 2153 2859 2215 2905; x_wconf 93' lang='lat' dir='ltr'><strong>ut</strong></span> <span class='ocrx_word' id='word_1_647' title='bbox 2240 2866 2501 2921; x_wconf 86' lang='lat' dir='ltr'><strong>generose</strong></span> <span class='ocrx_word' id='word_1_648' title='bbox 2534 2865 2622 2906; x_wconf 90' lang='lat' dir='ltr'><strong>res</strong></span> <span class='ocrx_word' id='word_1_649' title='bbox 2644 2850 2895 2906; x_wconf 89' lang='lat' dir='ltr'><strong>adversas</strong></span> <span class='ocrx_word' id='word_1_650' title='bbox 2916 2850 3139 2918; x_wconf 82' lang='lat' dir='ltr'><strong>ferrent,</strong></span> <span class='ocrx_word' id='word_1_651' title='bbox 3167 2852 3417 2909; x_wconf 89' lang='lat' dir='ltr'><strong>dicebant</strong></span> <span class='ocrx_word' id='word_1_652' title='bbox 3444 2872 3460 2910; x_wconf 88' lang='lat'><strong>:</strong></span> <span class='ocrx_word' id='word_1_653' title='bbox 3489 2851 3575 2906; x_wconf 90' lang='lat' dir='ltr'><strong>Nil</strong></span> 
     </span>
    </p>
   </div>
   <div class='ocr_carea' id='block_1_90' title="bbox 1988 2942 3579 3016">
    <p class='ocr_par' dir='ltr' id='par_1_90' title="bbox 1988 2942 3579 3016">
     <span class='ocr_line' id='line_1_90' title="bbox 1988 2942 3579 3016; baseline 0.001 -20"><span class='ocrx_word' id='word_1_654' title='bbox 1988 2958 2237 3012; x_wconf 91' lang='lat' dir='ltr'><strong>umquam</strong></span> <span class='ocrx_word' id='word_1_655' title='bbox 2280 2944 2386 2999; x_wconf 89' lang='lat' dir='ltr'><strong>tale</strong></span> <span class='ocrx_word' id='word_1_656' title='bbox 2417 2943 2659 2997; x_wconf 88' lang='lat' dir='ltr'><strong>meditati</strong></span> <span class='ocrx_word' id='word_1_657' title='bbox 2689 2958 2894 3010; x_wconf 91' lang='lat' dir='ltr'><strong>sumus,</strong></span> <span class='ocrx_word' id='word_1_658' title='bbox 2921 2959 3020 2999; x_wconf 90' lang='lat' dir='ltr'><strong>nec</strong></span> <span class='ocrx_word' id='word_1_659' title='bbox 3051 2945 3172 2998; x_wconf 90' lang='lat' dir='ltr'><strong>talia</strong></span> <span class='ocrx_word' id='word_1_660' title='bbox 3212 2942 3579 3016; x_wconf 88' lang='lat' dir='ltr'><strong>philosophari</strong></span> 
     </span>
    </p>
   </div>
   <div class='ocr_carea' id='block_1_91' title="bbox 1988 3036 3576 3105">
    <p class='ocr_par' dir='ltr' id='par_1_91' title="bbox 1988 3036 3576 3105">
     <span class='ocr_line' id='line_1_91' title="bbox 1988 3036 3576 3105; baseline 0.002 -19"><span class='ocrx_word' id='word_1_661' title='bbox 1988 3036 2271 3088; x_wconf 89' lang='lat' dir='ltr'><strong>novimus:</strong></span> <span class='ocrx_word' id='word_1_662' title='bbox 2313 3045 2591 3104; x_wconf 89' lang='lat' dir='ltr'><strong>propterea</strong></span> <span class='ocrx_word' id='word_1_663' title='bbox 2635 3051 2824 3105; x_wconf 87' lang='lat' dir='ltr'><strong>magna</strong></span> <span class='ocrx_word' id='word_1_664' title='bbox 2853 3036 3153 3105; x_wconf 87' lang='lat' dir='ltr'><strong>indigemus</strong></span> <span class='ocrx_word' id='word_1_665' title='bbox 3185 3037 3576 3093; x_wconf 88' lang='lat' dir='ltr'><strong>consolatione.</strong></span> 
     </span>
    </p>
   </div>
   <div class='ocr_carea' id='block_1_92' title="bbox 1987 3125 3577 3197">
    <p class='ocr_par' dir='ltr' id='par_1_92' title="bbox 1987 3125 3577 3197">
     <span class='ocr_line' id='line_1_92' title="bbox 1987 3125 3577 3197; baseline 0.001 -18"><span class='ocrx_word' id='word_1_666' title='bbox 1987 3125 2089 3180; x_wconf 81' lang='lat' dir='ltr'><strong>Alii</strong></span> <span class='ocrx_word' id='word_1_667' title='bbox 2132 3142 2341 3180; x_wconf 89' lang='lat' dir='ltr'><strong>rursum</strong></span> <span class='ocrx_word' id='word_1_668' title='bbox 2391 3135 2579 3197; x_wconf 89' lang='lat' dir='ltr'><strong>putant</strong></span> <span class='ocrx_word' id='word_1_669' title='bbox 2617 3127 2809 3181; x_wconf 91' lang='lat' dir='ltr'><strong>bonam</strong></span> <span class='ocrx_word' id='word_1_670' title='bbox 2854 3127 3211 3184; x_wconf 88' lang='lat' dir='ltr'><strong>veletndinem</strong></span> <span class='ocrx_word' id='word_1_671' title='bbox 3258 3143 3378 3183; x_wconf 85' lang='lat' dir='ltr'><strong>esse</strong></span> <span class='ocrx_word' id='word_1_672' title='bbox 3419 3127 3577 3182; x_wconf 82' lang='lat' dir='ltr'><strong>voln-</strong></span> 
     </span>
    </p>
   </div>
   <div class='ocr_carea' id='block_1_93' title="bbox 1986 3217 3576 3287">
    <p class='ocr_par' dir='ltr' id='par_1_93' title="bbox 1986 3217 3576 3287">
     <span class='ocr_line' id='line_1_93' title="bbox 1986 3217 3576 3287; baseline 0.001 -17"><span class='ocrx_word' id='word_1_673' title='bbox 1986 3217 2145 3286; x_wconf 89' lang='lat' dir='ltr'><strong>ptatis</strong></span> <span class='ocrx_word' id='word_1_674' title='bbox 2173 3230 2426 3283; x_wconf 84' lang='lat' dir='ltr'><strong>causam;</strong></span> <span class='ocrx_word' id='word_1_675' title='bbox 2466 3231 2570 3271; x_wconf 91' lang='lat' dir='ltr'><strong>non</strong></span> <span class='ocrx_word' id='word_1_676' title='bbox 2614 3226 2695 3271; x_wconf 90' lang='lat' dir='ltr'><strong>est</strong></span> <span class='ocrx_word' id='word_1_677' title='bbox 2733 3225 2907 3271; x_wconf 90' lang='lat' dir='ltr'><strong>autem</strong></span> <span class='ocrx_word' id='word_1_678' title='bbox 2940 3236 2954 3272; x_wconf 92' lang='lat'>:</span> <span class='ocrx_word' id='word_1_679' title='bbox 2987 3218 3136 3272; x_wconf 91' lang='lat' dir='ltr'><strong>multi</strong></span> <span class='ocrx_word' id='word_1_680' title='bbox 3183 3233 3411 3287; x_wconf 89' lang='lat' dir='ltr'><strong>namque</strong></span> <span class='ocrx_word' id='word_1_681' title='bbox 3437 3218 3576 3272; x_wconf 90' lang='lat' dir='ltr'><strong>bene</strong></span> 
     </span>
    </p>
   </div>
   <div class='ocr_carea' id='block_1_94' title="bbox 1987 3307 3576 3379">
    <p class='ocr_par' dir='ltr' id='par_1_94' title="bbox 1987 3307 3576 3379">
     <span class='ocr_line' id='line_1_94' title="bbox 1987 3307 3576 3379; baseline 0.004 -20"><span class='ocrx_word' id='word_1_682' title='bbox 1987 3307 2221 3362; x_wconf 87' lang='lat' dir='ltr'><strong>valentes</strong></span> <span class='ocrx_word' id='word_1_683' title='bbox 2244 3348 2259 3373; x_wconf 97' lang='lat'><strong>,</strong></span> <span class='ocrx_word' id='word_1_684' title='bbox 2287 3316 2343 3362; x_wconf 91' lang='lat' dir='ltr'><strong>et</strong></span> <span class='ocrx_word' id='word_1_685' title='bbox 2367 3308 2465 3378; x_wconf 93' lang='lat' dir='ltr'><strong>ipsi</strong></span> <span class='ocrx_word' id='word_1_686' title='bbox 2503 3308 2695 3363; x_wconf 88' lang='lat' dir='ltr'><strong>millies</strong></span> <span class='ocrx_word' id='word_1_687' title='bbox 2726 3308 2859 3363; x_wconf 90' lang='lat' dir='ltr'><strong>mori</strong></span> <span class='ocrx_word' id='word_1_688' title='bbox 2896 3317 3248 3379; x_wconf 84' lang='lat' dir='ltr'><strong>Optaverunt,</strong></span> <span class='ocrx_word' id='word_1_689' title='bbox 3279 3310 3451 3364; x_wconf 88' lang='lat' dir='ltr'><strong>illatas</strong></span> <span class='ocrx_word' id='word_1_690' title='bbox 3475 3308 3576 3365; x_wconf 85' lang='lat' dir='ltr'><strong>sibi</strong></span> 
     </span>
    </p>
   </div>
   <div class='ocr_carea' id='block_1_95' title="bbox 1989 3398 3578 3470">
    <p class='ocr_par' dir='ltr' id='par_1_95' title="bbox 1989 3398 3578 3470">
     <span class='ocr_line' id='line_1_95' title="bbox 1989 3398 3578 3470; baseline 0.001 -18"><span class='ocrx_word' id='word_1_691' title='bbox 1989 3414 2092 3453; x_wconf 91' lang='lat' dir='ltr'><strong>non</strong></span> <span class='ocrx_word' id='word_1_692' title='bbox 2122 3398 2351 3454; x_wconf 88' lang='lat' dir='ltr'><strong>ferentes</strong></span> <span class='ocrx_word' id='word_1_693' title='bbox 2377 3400 2617 3470; x_wconf 84' lang='lat' dir='ltr'><strong>injurias.</strong></span> <span class='ocrx_word' id='word_1_694' title='bbox 2642 3401 2745 3454; x_wconf 88' lang='lat' dir='ltr'><strong>Alii</strong></span> <span class='ocrx_word' id='word_1_695' title='bbox 2769 3415 2979 3455; x_wconf 89' lang='lat' dir='ltr'><strong>rursum</strong></span> <span class='ocrx_word' id='word_1_696' title='bbox 3006 3400 3171 3470; x_wconf 87' lang='lat' dir='ltr'><strong>gloria</strong></span> <span class='ocrx_word' id='word_1_697' title='bbox 3203 3400 3379 3470; x_wconf 87' lang='lat' dir='ltr'><strong>potiri,</strong></span> <span class='ocrx_word' id='word_1_698' title='bbox 3408 3409 3462 3454; x_wconf 90' lang='lat' dir='ltr'><strong>et</strong></span> <span class='ocrx_word' id='word_1_699' title='bbox 3488 3399 3578 3453; x_wconf 82' lang='lat' dir='ltr'><strong>im-</strong></span> 
     </span>
    </p>
   </div>
   <div class='ocr_carea' id='block_1_96' title="bbox 1986 3491 3577 3563">
    <p class='ocr_par' dir='ltr' id='par_1_96' title="bbox 1986 3491 3577 3563">
     <span class='ocr_line' id='line_1_96' title="bbox 1986 3491 3577 3563; baseline -0.003 -16"><span class='ocrx_word' id='word_1_700' title='bbox 1986 3492 2136 3561; x_wconf 84' lang='lat' dir='ltr'><strong>peric</strong></span> <span class='ocrx_word' id='word_1_701' title='bbox 2162 3492 2467 3563; x_wconf 85' lang='lat' dir='ltr'><strong>insignitum</strong></span> <span class='ocrx_word' id='word_1_702' title='bbox 2494 3507 2631 3557; x_wconf 90' lang='lat' dir='ltr'><strong>esse,</strong></span> <span class='ocrx_word' id='word_1_703' title='bbox 2658 3501 2712 3547; x_wconf 89' lang='lat' dir='ltr'><strong>et</strong></span> <span class='ocrx_word' id='word_1_704' title='bbox 2736 3493 3074 3563; x_wconf 85' lang='lat' dir='ltr'><strong>magistratus</strong></span> <span class='ocrx_word' id='word_1_705' title='bbox 3098 3491 3493 3556; x_wconf 87' lang='lat' dir='ltr'><strong>administrare,</strong></span> <span class='ocrx_word' id='word_1_706' title='bbox 3520 3498 3577 3545; x_wconf 90' lang='lat' dir='ltr'><strong>et</strong></span> 
     </span>
    </p>
   </div>
   <div class='ocr_carea' id='block_1_97' title="bbox 1984 3571 3577 3653">
    <p class='ocr_par' dir='ltr' id='par_1_97' title="bbox 1984 3571 3577 3653">
     <span class='ocr_line' id='line_1_97' title="bbox 1984 3571 3577 3653; baseline -0.001 -17"><span class='ocrx_word' id='word_1_707' title='bbox 1984 3598 2013 3636; x_wconf 90' lang='lat' dir='ltr'><strong>a</strong></span> <span class='ocrx_word' id='word_1_708' title='bbox 2055 3583 2236 3638; x_wconf 91' lang='lat' dir='ltr'><strong>multis</strong></span> <span class='ocrx_word' id='word_1_709' title='bbox 2275 3571 2667 3639; x_wconf 78' lang='lat' dir='ltr'><strong>adulationibus</strong></span> <span class='ocrx_word' id='word_1_710' title='bbox 2698 3583 2987 3638; x_wconf 91' lang='lat' dir='ltr'><strong>demulceri</strong></span> <span class='ocrx_word' id='word_1_711' title='bbox 3011 3621 3027 3648; x_wconf 93' lang='lat'><strong>,</strong></span> <span class='ocrx_word' id='word_1_712' title='bbox 3068 3591 3341 3653; x_wconf 86' lang='lat' dir='ltr'><strong>perpetuae</strong></span> <span class='ocrx_word' id='word_1_713' title='bbox 3379 3581 3577 3636; x_wconf 61' lang='lat' dir='ltr'><strong>laetitia:</strong></span> 
     </span>
    </p>
   </div>
   <div class='ocr_carea' id='block_1_98' title="bbox 1983 3672 3574 3745">
    <p class='ocr_par' dir='ltr' id='par_1_98' title="bbox 1983 3672 3574 3745">
     <span class='ocr_line' id='line_1_98' title="bbox 1983 3672 3574 3745; baseline -0.002 -16"><span class='ocrx_word' id='word_1_714' title='bbox 1983 3690 2195 3731; x_wconf 90' lang='lat' dir='ltr'><strong>causam</strong></span> <span class='ocrx_word' id='word_1_715' title='bbox 2219 3691 2337 3730; x_wconf 89' lang='lat' dir='ltr'><strong>esse</strong></span> <span class='ocrx_word' id='word_1_716' title='bbox 2364 3676 2578 3742; x_wconf 88' lang='lat' dir='ltr'><strong>dicunt;</strong></span> <span class='ocrx_word' id='word_1_717' title='bbox 2606 3675 2698 3730; x_wconf 88' lang='lat' dir='ltr'><strong>sed</strong></span> <span class='ocrx_word' id='word_1_718' title='bbox 2728 3690 2825 3730; x_wconf 89' lang='lat' dir='ltr'><strong>nec</strong></span> <span class='ocrx_word' id='word_1_719' title='bbox 2855 3674 2992 3729; x_wconf 90' lang='lat' dir='ltr'><strong>istud</strong></span> <span class='ocrx_word' id='word_1_720' title='bbox 3017 3683 3122 3730; x_wconf 91' lang='lat' dir='ltr'><strong>est.</strong></span> <span class='ocrx_word' id='word_1_721' title='bbox 3153 3676 3216 3729; x_wconf 86' lang='lat' dir='ltr'><strong>Et</strong></span> <span class='ocrx_word' id='word_1_722' title='bbox 3238 3673 3363 3745; x_wconf 91' lang='lat' dir='ltr'><strong>quid</strong></span> <span class='ocrx_word' id='word_1_723' title='bbox 3386 3672 3574 3743; x_wconf 92' lang='lat' dir='ltr'><strong>loquor</strong></span> 
     </span>
    </p>
   </div>
   <div class='ocr_carea' id='block_1_99' title="bbox 1982 3763 3575 3837">
    <p class='ocr_par' dir='ltr' id='par_1_99' title="bbox 1982 3763 3575 3837">
     <span class='ocr_line' id='line_1_99' title="bbox 1982 3763 3575 3837; baseline -0.004 -16"><span class='ocrx_word' id='word_1_724' title='bbox 1982 3764 2049 3821; x_wconf 91' lang='lat' dir='ltr'><strong>de</strong></span> <span class='ocrx_word' id='word_1_725' title='bbox 2071 3767 2189 3820; x_wconf 89' lang='lat' dir='ltr'><strong>aliis</strong></span> <span class='ocrx_word' id='word_1_726' title='bbox 2218 3766 2652 3837; x_wconf 82' lang='lat' dir='ltr'><strong>magistratibus?</strong></span> <span class='ocrx_word' id='word_1_727' title='bbox 2681 3765 2794 3820; x_wconf 88' lang='lat' dir='ltr'><strong>Etsi</strong></span> <span class='ocrx_word' id='word_1_728' title='bbox 2824 3767 2967 3821; x_wconf 88' lang='lat' dir='ltr'><strong>enim</strong></span> <span class='ocrx_word' id='word_1_729' title='bbox 2993 3764 3058 3818; x_wconf 92' lang='lat' dir='ltr'><strong>ad</strong></span> <span class='ocrx_word' id='word_1_730' title='bbox 3093 3765 3266 3834; x_wconf 90' lang='lat' dir='ltr'><strong>ipsum</strong></span> <span class='ocrx_word' id='word_1_731' title='bbox 3293 3763 3575 3834; x_wconf 85' lang='lat' dir='ltr'><strong>imperium</strong></span> 
     </span>
    </p>
   </div>
   <div class='ocr_carea' id='block_1_100' title="bbox 1985 3853 3578 3924">
    <p class='ocr_par' dir='ltr' id='par_1_100' title="bbox 1985 3853 3578 3924">
     <span class='ocr_line' id='line_1_100' title="bbox 1985 3853 3578 3924; baseline -0.001 -14"><span class='ocrx_word' id='word_1_732' title='bbox 1985 3864 2162 3910; x_wconf 90' lang='lat' dir='ltr'><strong>mente</strong></span> <span class='ocrx_word' id='word_1_733' title='bbox 2203 3856 2586 3923; x_wconf 86' lang='lat' dir='ltr'><strong>ascendamus,</strong></span> <span class='ocrx_word' id='word_1_734' title='bbox 2630 3856 2683 3910; x_wconf 89' lang='lat' dir='ltr'><strong>in</strong></span> <span class='ocrx_word' id='word_1_735' title='bbox 2727 3857 2820 3910; x_wconf 91' lang='lat' dir='ltr'><strong>illo</strong></span> <span class='ocrx_word' id='word_1_736' title='bbox 2854 3871 3069 3924; x_wconf 90' lang='lat' dir='ltr'><strong>quoque</strong></span> <span class='ocrx_word' id='word_1_737' title='bbox 3103 3856 3368 3910; x_wconf 86' lang='lat' dir='ltr'><strong>viventem</strong></span> <span class='ocrx_word' id='word_1_738' title='bbox 3396 3853 3578 3908; x_wconf 85' lang='lat' dir='ltr'><strong>multis</strong></span> 
     </span>
    </p>
   </div>
   <div class='ocr_carea' id='block_1_101' title="bbox 1982 3944 3578 4014">
    <p class='ocr_par' dir='ltr' id='par_1_101' title="bbox 1982 3944 3578 4014">
     <span class='ocr_line' id='line_1_101' title="bbox 1982 3944 3578 4014; baseline -0.002 -11"><span class='ocrx_word' id='word_1_739' title='bbox 1982 3948 2402 4003; x_wconf 88' lang='lat' dir='ltr'><strong>circumventum</strong></span> <span class='ocrx_word' id='word_1_740' title='bbox 2430 3948 2691 4002; x_wconf 86' lang='lat' dir='ltr'><strong>molestiis</strong></span> <span class='ocrx_word' id='word_1_741' title='bbox 2727 3947 3059 4002; x_wconf 87' lang='lat' dir='ltr'><strong>inveniemus</strong></span> <span class='ocrx_word' id='word_1_742' title='bbox 3088 3963 3104 4001; x_wconf 90' lang='lat'><strong>:</strong></span> <span class='ocrx_word' id='word_1_743' title='bbox 3134 3955 3188 4002; x_wconf 91' lang='lat' dir='ltr'><strong>et</strong></span> <span class='ocrx_word' id='word_1_744' title='bbox 3224 3954 3368 4001; x_wconf 85' lang='lat' dir='ltr'><strong>tanto</strong></span> <span class='ocrx_word' id='word_1_745' title='bbox 3399 3944 3578 4014; x_wconf 75' lang='lat' dir='ltr'><strong>plures</strong></span> 
     </span>
    </p>
   </div>
   <div class='ocr_carea' id='block_1_102' title="bbox 1984 4036 3577 4108">
    <p class='ocr_par' dir='ltr' id='par_1_102' title="bbox 1984 4036 3577 4108">
     <span class='ocr_line' id='line_1_102' title="bbox 1984 4036 3577 4108; baseline -0.003 -14"><span class='ocrx_word' id='word_1_746' title='bbox 1984 4041 2210 4095; x_wconf 78' lang='lat' dir='ltr'><strong>tristitiae</strong></span> <span class='ocrx_word' id='word_1_747' title='bbox 2232 4040 2576 4095; x_wconf 89' lang='lat' dir='ltr'><strong>necessitates</strong></span> <span class='ocrx_word' id='word_1_748' title='bbox 2597 4039 2902 4106; x_wconf 89' lang='lat' dir='ltr'><strong>habentem,</strong></span> <span class='ocrx_word' id='word_1_749' title='bbox 2925 4046 3126 4108; x_wconf 90' lang='lat' dir='ltr'><strong>quanto</strong></span> <span class='ocrx_word' id='word_1_750' title='bbox 3146 4036 3347 4108; x_wconf 86' lang='lat' dir='ltr'><strong>majore</strong></span> <span class='ocrx_word' id='word_1_751' title='bbox 3364 4049 3577 4106; x_wconf 85' lang='lat' dir='ltr'><strong>queque</strong></span> 
     </span>
    </p>
   </div>
   <div class='ocr_carea' id='block_1_103' title="bbox 1984 4126 3572 4200">
    <p class='ocr_par' dir='ltr' id='par_1_103' title="bbox 1984 4126 3572 4200">
     <span class='ocr_line' id='line_1_103' title="bbox 1984 4126 3572 4200; baseline -0.006 -14"><span class='ocrx_word' id='word_1_752' title='bbox 1984 4148 2160 4188; x_wconf 90' lang='lat' dir='ltr'><strong>rerum</strong></span> <span class='ocrx_word' id='word_1_753' title='bbox 2188 4131 2323 4187; x_wconf 90' lang='lat' dir='ltr'><strong>fastu</strong></span> <span class='ocrx_word' id='word_1_754' title='bbox 2352 4131 2711 4187; x_wconf 88' lang='lat' dir='ltr'><strong>circumdatus</strong></span> <span class='ocrx_word' id='word_1_755' title='bbox 2745 4140 2848 4185; x_wconf 90' lang='lat' dir='ltr'><strong>est.</strong></span> <span class='ocrx_word' id='word_1_756' title='bbox 2891 4130 2956 4184; x_wconf 88' lang='lat' dir='ltr'><strong>Et</strong></span> <span class='ocrx_word' id='word_1_757' title='bbox 2995 4129 3121 4200; x_wconf 91' lang='lat' dir='ltr'><strong>quid</strong></span> <span class='ocrx_word' id='word_1_758' title='bbox 3163 4143 3297 4198; x_wconf 91' lang='lat' dir='ltr'><strong>opus</strong></span> <span class='ocrx_word' id='word_1_759' title='bbox 3339 4136 3393 4182; x_wconf 91' lang='lat' dir='ltr'><strong>et</strong></span> <span class='ocrx_word' id='word_1_760' title='bbox 3435 4126 3572 4182; x_wconf 88' lang='lat' dir='ltr'><strong>bella</strong></span> 
     </span>
    </p>
   </div>
   <div class='ocr_carea' id='block_1_104' title="bbox 1986 4216 3574 4295">
    <p class='ocr_par' dir='ltr' id='par_1_104' title="bbox 1986 4216 3574 4295">
     <span class='ocr_line' id='line_1_104' title="bbox 1986 4216 3574 4295; baseline -0.005 -19"><span class='ocrx_word' id='word_1_761' title='bbox 1986 4238 2291 4295; x_wconf 87' lang='lat' dir='ltr'><strong>pugnasque</strong></span> <span class='ocrx_word' id='word_1_762' title='bbox 2327 4236 2783 4286; x_wconf 82' lang='lat' dir='ltr'><strong>commemorare,</strong></span> <span class='ocrx_word' id='word_1_763' title='bbox 2827 4228 2877 4275; x_wconf 90' lang='lat' dir='ltr'><strong>et</strong></span> <span class='ocrx_word' id='word_1_764' title='bbox 2920 4220 3266 4275; x_wconf 89' lang='lat' dir='ltr'><strong>barbarorum</strong></span> <span class='ocrx_word' id='word_1_765' title='bbox 3304 4216 3574 4272; x_wconf 77' lang='lat' dir='ltr'><strong>insultas?</strong></span> 
     </span>
    </p>
   </div>
   <div class='ocr_carea' id='block_1_105' title="bbox 1984 4308 3663 4393">
    <p class='ocr_par' dir='ltr' id='par_1_105' title="bbox 1984 4308 3663 4393">
     <span class='ocr_line' id='line_1_105' title="bbox 1984 4308 3663 4393; baseline -0.006 -21"><span class='ocrx_word' id='word_1_766' title='bbox 1984 4320 2128 4388; x_wconf 91' lang='lat' dir='ltr'><strong>ipsos</strong></span> <span class='ocrx_word' id='word_1_767' title='bbox 2154 4331 2296 4386; x_wconf 85' lang='lat' dir='ltr'><strong>saepe</strong></span> <span class='ocrx_word' id='word_1_768' title='bbox 2322 4316 2506 4382; x_wconf 90' lang='lat' dir='ltr'><strong>timet,</strong></span> <span class='ocrx_word' id='word_1_769' title='bbox 2535 4316 2623 4385; x_wconf 92' lang='lat' dir='ltr'><strong>qui</strong></span> <span class='ocrx_word' id='word_1_770' title='bbox 2650 4329 2830 4368; x_wconf 89' lang='lat' dir='ltr'><strong>secum</strong></span> <span class='ocrx_word' id='word_1_771' title='bbox 2858 4312 3001 4368; x_wconf 90' lang='lat' dir='ltr'><strong>domi</strong></span> <span class='ocrx_word' id='word_1_772' title='bbox 3037 4319 3445 4365; x_wconf 88' lang='lat' dir='ltr'><strong>convcrsantur.</strong></span> <span class='ocrx_word' id='word_1_773' title='bbox 3474 4308 3571 4363; x_wconf 85' lang='lat' dir='ltr'><strong>Et-</strong></span> <span class='ocrx_word' id='word_1_774' title='bbox 3660 4392 3663 4393; x_wconf 12' lang='grc' dir='ltr'><em>ν</em></span> 
     </span>
    </p>
   </div>
   <div class='ocr_carea' id='block_1_106' title="bbox 1985 4400 3575 4477">
    <p class='ocr_par' dir='ltr' id='par_1_106' title="bbox 1985 4400 3575 4477">
     <span class='ocr_line' id='line_1_106' title="bbox 1985 4400 3575 4477; baseline -0.005 -15"><span class='ocrx_word' id='word_1_775' title='bbox 1985 4408 2125 4463; x_wconf 91' lang='lat' dir='ltr'><strong>enim</strong></span> <span class='ocrx_word' id='word_1_776' title='bbox 2163 4422 2343 4477; x_wconf 88' lang='lat' dir='ltr'><strong>regum</strong></span> <span class='ocrx_word' id='word_1_777' title='bbox 2385 4405 2533 4460; x_wconf 91' lang='lat' dir='ltr'><strong>multi</strong></span> <span class='ocrx_word' id='word_1_778' title='bbox 2574 4404 2854 4459; x_wconf 90' lang='lat' dir='ltr'><strong>hostilibus</strong></span> <span class='ocrx_word' id='word_1_779' title='bbox 2887 4403 3051 4472; x_wconf 88' lang='lat' dir='ltr'><strong>elapsi</strong></span> <span class='ocrx_word' id='word_1_780' title='bbox 3081 4400 3324 4455; x_wconf 88' lang='lat' dir='ltr'><strong>manibus</strong></span> <span class='ocrx_word' id='word_1_781' title='bbox 3344 4441 3358 4464; x_wconf 98' lang='lat'><strong>,</strong></span> <span class='ocrx_word' id='word_1_782' title='bbox 3388 4414 3575 4470; x_wconf 79' lang='lat' dir='ltr'><strong>corpo-</strong></span> 
     </span>
    </p>
   </div>
   <div class='ocr_carea' id='block_1_107' title="bbox 1985 4490 3573 4563">
    <p class='ocr_par' dir='ltr' id='par_1_107' title="bbox 1985 4490 3573 4563">
     <span class='ocr_line' id='line_1_107' title="bbox 1985 4490 3573 4563; baseline -0.006 -10"><span class='ocrx_word' id='word_1_783' title='bbox 1985 4499 2059 4553; x_wconf 90' lang='lat' dir='ltr'><strong>ris</strong></span> <span class='ocrx_word' id='word_1_784' title='bbox 2102 4499 2182 4553; x_wconf 91' lang='lat' dir='ltr'><strong>sui</strong></span> <span class='ocrx_word' id='word_1_785' title='bbox 2219 4497 2497 4551; x_wconf 89' lang='lat' dir='ltr'><strong>custodum</strong></span> <span class='ocrx_word' id='word_1_786' title='bbox 2538 4495 2754 4550; x_wconf 88' lang='lat' dir='ltr'><strong>insidias</strong></span> <span class='ocrx_word' id='word_1_787' title='bbox 2792 4509 2901 4549; x_wconf 90' lang='lat' dir='ltr'><strong>non</strong></span> <span class='ocrx_word' id='word_1_788' title='bbox 2941 4493 3256 4563; x_wconf 78' lang='lat' dir='ltr'><strong>effugerunt.</strong></span> <span class='ocrx_word' id='word_1_789' title='bbox 3299 4490 3403 4544; x_wconf 87' lang='lat' dir='ltr'><strong>Tot</strong></span> <span class='ocrx_word' id='word_1_790' title='bbox 3443 4503 3573 4544; x_wconf 90' lang='lat' dir='ltr'><strong>vero</strong></span> 
     </span>
    </p>
   </div>
   <div class='ocr_carea' id='block_1_108' title="bbox 1986 4578 3570 4660">
    <p class='ocr_par' dir='ltr' id='par_1_108' title="bbox 1986 4578 3570 4660">
     <span class='ocr_line' id='line_1_108' title="bbox 1986 4578 3570 4660; baseline -0.007 -16"><span class='ocrx_word' id='word_1_791' title='bbox 1986 4590 2199 4660; x_wconf 84' lang='lat' dir='ltr'><strong>regibus</strong></span> <span class='ocrx_word' id='word_1_792' title='bbox 2228 4588 2455 4643; x_wconf 70' lang='lat' dir='ltr'><strong>tristitia:</strong></span> <span class='ocrx_word' id='word_1_793' title='bbox 2485 4588 2832 4641; x_wconf 86' lang='lat' dir='ltr'><strong>necessitates</strong></span> <span class='ocrx_word' id='word_1_794' title='bbox 2871 4593 3029 4649; x_wconf 90' lang='lat' dir='ltr'><strong>sunt,</strong></span> <span class='ocrx_word' id='word_1_795' title='bbox 3056 4591 3184 4655; x_wconf 90' lang='lat' dir='ltr'><strong>quot</strong></span> <span class='ocrx_word' id='word_1_796' title='bbox 3222 4581 3355 4636; x_wconf 88' lang='lat' dir='ltr'><strong>mari</strong></span> <span class='ocrx_word' id='word_1_797' title='bbox 3393 4578 3570 4634; x_wconf 65' lang='lat' dir='ltr'><strong>undae.</strong></span> 
     </span>
    </p>
   </div>
   <div class='ocr_carea' id='block_1_109' title="bbox 1984 4670 3576 4751">
    <p class='ocr_par' dir='ltr' id='par_1_109' title="bbox 1984 4670 3576 4751">
     <span class='ocr_line' id='line_1_109' title="bbox 1984 4670 3576 4751; baseline -0.006 -16"><span class='ocrx_word' id='word_1_798' title='bbox 1984 4680 2119 4736; x_wconf 91' lang='lat' dir='ltr'><strong>Cum</strong></span> <span class='ocrx_word' id='word_1_799' title='bbox 2158 4680 2315 4751; x_wconf 88' lang='lat' dir='ltr'><strong>igitur</strong></span> <span class='ocrx_word' id='word_1_800' title='bbox 2346 4693 2446 4733; x_wconf 90' lang='lat' dir='ltr'><strong>nec</strong></span> <span class='ocrx_word' id='word_1_801' title='bbox 2483 4692 2705 4748; x_wconf 86' lang='lat' dir='ltr'><strong>regnum</strong></span> <span class='ocrx_word' id='word_1_802' title='bbox 2744 4677 2904 4731; x_wconf 84' lang='lat' dir='ltr'><strong>vitam</strong></span> <span class='ocrx_word' id='word_1_803' title='bbox 2945 4676 3059 4729; x_wconf 89' lang='lat' dir='ltr'><strong>sine</strong></span> <span class='ocrx_word' id='word_1_804' title='bbox 3098 4672 3309 4728; x_wconf 88' lang='lat' dir='ltr'><strong>tristitia</strong></span> <span class='ocrx_word' id='word_1_805' title='bbox 3353 4670 3576 4726; x_wconf 87' lang='lat' dir='ltr'><strong>reddere</strong></span> 
     </span>
    </p>
   </div>
   <div class='ocr_carea' id='block_1_110' title="bbox 1988 4763 3581 4842">
    <p class='ocr_par' dir='ltr' id='par_1_110' title="bbox 1988 4763 3581 4842">
     <span class='ocr_line' id='line_1_110' title="bbox 1988 4763 3581 4842; baseline -0.006 -16"><span class='ocrx_word' id='word_1_806' title='bbox 1988 4771 2183 4842; x_wconf 66' lang='lat' dir='ltr'><strong>possit,</strong></span> <span class='ocrx_word' id='word_1_807' title='bbox 2212 4770 2337 4840; x_wconf 89' lang='lat' dir='ltr'><strong>quid</strong></span> <span class='ocrx_word' id='word_1_808' title='bbox 2360 4769 2501 4825; x_wconf 90' lang='lat' dir='ltr'><strong>aliud</strong></span> <span class='ocrx_word' id='word_1_809' title='bbox 2529 4768 2630 4823; x_wconf 88' lang='lat' dir='ltr'><strong>hoc</strong></span> <span class='ocrx_word' id='word_1_810' title='bbox 2661 4779 2916 4838; x_wconf 81' lang='lat' dir='ltr'><strong>przestare</strong></span> <span class='ocrx_word' id='word_1_811' title='bbox 2954 4766 3188 4837; x_wconf 82' lang='lat' dir='ltr'><strong>poterit?</strong></span> <span class='ocrx_word' id='word_1_812' title='bbox 3213 4763 3581 4817; x_wconf 80' lang='lat' dir='ltr'><strong>Humanarum</strong></span> 
     </span>
    </p>
   </div>
   <div class='ocr_carea' id='block_1_111' title="bbox 1986 4853 3579 4934">
    <p class='ocr_par' dir='ltr' id='par_1_111' title="bbox 1986 4853 3579 4934">
     <span class='ocr_line' id='line_1_111' title="bbox 1986 4853 3579 4934; baseline -0.007 -15"><span class='ocrx_word' id='word_1_813' title='bbox 1986 4863 2199 4934; x_wconf 90' lang='lat' dir='ltr'><strong>quidem</strong></span> <span class='ocrx_word' id='word_1_814' title='bbox 2239 4863 2406 4928; x_wconf 90' lang='lat' dir='ltr'><strong>nihil,</strong></span> <span class='ocrx_word' id='word_1_815' title='bbox 2448 4862 2542 4917; x_wconf 88' lang='lat' dir='ltr'><strong>sed</strong></span> <span class='ocrx_word' id='word_1_816' title='bbox 2580 4862 2751 4917; x_wconf 91' lang='lat' dir='ltr'><strong>solum</strong></span> <span class='ocrx_word' id='word_1_817' title='bbox 2791 4859 2940 4915; x_wconf 88' lang='lat' dir='ltr'><strong>Pauli</strong></span> <span class='ocrx_word' id='word_1_818' title='bbox 2980 4859 3141 4913; x_wconf 89' lang='lat' dir='ltr'><strong>breve</strong></span> <span class='ocrx_word' id='word_1_819' title='bbox 3181 4853 3319 4910; x_wconf 87' lang='lat' dir='ltr'><strong>istud</strong></span> <span class='ocrx_word' id='word_1_820' title='bbox 3351 4862 3407 4909; x_wconf 89' lang='lat' dir='ltr'><strong>et</strong></span> <span class='ocrx_word' id='word_1_821' title='bbox 3434 4853 3579 4909; x_wconf 90' lang='lat' dir='ltr'><strong>exile</strong></span> 
     </span>
    </p>
   </div>
   <div class='ocr_carea' id='block_1_112' title="bbox 1986 4945 3582 5023">
    <p class='ocr_par' dir='ltr' id='par_1_112' title="bbox 1986 4945 3582 5023">
     <span class='ocr_line' id='line_1_112' title="bbox 1986 4945 3582 5023; baseline -0.009 -11"><span class='ocrx_word' id='word_1_822' title='bbox 1986 4958 2207 5014; x_wconf 90' lang='lat' dir='ltr'><strong>verbum</strong></span> <span class='ocrx_word' id='word_1_823' title='bbox 2253 4956 2406 5011; x_wconf 90' lang='lat' dir='ltr'><strong>nobis</strong></span> <span class='ocrx_word' id='word_1_824' title='bbox 2452 4956 2596 5010; x_wconf 88' lang='lat' dir='ltr'><strong>hunc</strong></span> <span class='ocrx_word' id='word_1_825' title='bbox 2638 4953 2843 5023; x_wconf 87' lang='lat' dir='ltr'><strong>aperiet</strong></span> <span class='ocrx_word' id='word_1_826' title='bbox 2890 4951 3219 5006; x_wconf 89' lang='lat' dir='ltr'><strong>thesaurum.</strong></span> <span class='ocrx_word' id='word_1_827' title='bbox 3268 4945 3385 5002; x_wconf 83' lang='lat' dir='ltr'><strong>Non</strong></span> <span class='ocrx_word' id='word_1_828' title='bbox 3429 4947 3582 5022; x_wconf 48' lang='lat' dir='ltr'><strong>enin;</strong></span> 
     </span>
    </p>
   </div>
   <div class='ocr_carea' id='block_1_113' title="bbox 1988 5032 3580 5120">
    <p class='ocr_par' dir='ltr' id='par_1_113' title="bbox 1988 5032 3580 5120">
     <span class='ocr_line' id='line_1_113' title="bbox 1988 5032 3580 5120; baseline -0.011 -13"><span class='ocrx_word' id='word_1_829' title='bbox 1988 5051 2171 5107; x_wconf 85' lang='lat' dir='ltr'><strong>multis</strong></span> <span class='ocrx_word' id='word_1_830' title='bbox 2200 5065 2332 5120; x_wconf 87' lang='lat' dir='ltr'><strong>opus</strong></span> <span class='ocrx_word' id='word_1_831' title='bbox 2359 5057 2442 5104; x_wconf 89' lang='lat' dir='ltr'><strong>est</strong></span> <span class='ocrx_word' id='word_1_832' title='bbox 2466 5046 2801 5102; x_wconf 88' lang='lat' dir='ltr'><strong>sermonibus</strong></span> <span class='ocrx_word' id='word_1_833' title='bbox 2820 5084 2835 5107; x_wconf 89' lang='lat'><strong>,</strong></span> <span class='ocrx_word' id='word_1_834' title='bbox 2864 5058 2965 5098; x_wconf 89' lang='lat' dir='ltr'><strong>nec</strong></span> <span class='ocrx_word' id='word_1_835' title='bbox 3001 5043 3161 5111; x_wconf 92' lang='lat' dir='ltr'><strong>longo</strong></span> <span class='ocrx_word' id='word_1_836' title='bbox 3185 5037 3444 5097; x_wconf 85' lang='lat' dir='ltr'><strong>circuitu:</strong></span> <span class='ocrx_word' id='word_1_837' title='bbox 3480 5032 3580 5092; x_wconf 87' lang='lat' dir='ltr'><strong>sed</strong></span> 
     </span>
    </p>
   </div>
   <div class='ocr_carea' id='block_1_114' title="bbox 1988 5131 3582 5208">
    <p class='ocr_par' dir='ltr' id='par_1_114' title="bbox 1988 5131 3582 5208">
     <span class='ocr_line' id='line_1_114' title="bbox 1988 5131 3582 5208; baseline -0.008 -9"><span class='ocrx_word' id='word_1_838' title='bbox 1988 5145 2034 5199; x_wconf 89' lang='lat' dir='ltr'><strong>si</strong></span> <span class='ocrx_word' id='word_1_839' title='bbox 2078 5144 2249 5201; x_wconf 89' lang='lat' dir='ltr'><strong>solum</strong></span> <span class='ocrx_word' id='word_1_840' title='bbox 2290 5141 2488 5196; x_wconf 91' lang='lat' dir='ltr'><strong>dictum</strong></span> <span class='ocrx_word' id='word_1_841' title='bbox 2533 5138 2826 5208; x_wconf 82' lang='lat' dir='ltr'><strong>cogitemus</strong></span> <span class='ocrx_word' id='word_1_842' title='bbox 2850 5177 2865 5201; x_wconf 88' lang='lat'><strong>,</strong></span> <span class='ocrx_word' id='word_1_843' title='bbox 2896 5137 3036 5189; x_wconf 90' lang='lat' dir='ltr'><strong>viam</strong></span> <span class='ocrx_word' id='word_1_844' title='bbox 3073 5133 3138 5188; x_wconf 93' lang='lat' dir='ltr'><strong>ad</strong></span> <span class='ocrx_word' id='word_1_845' title='bbox 3176 5133 3281 5187; x_wconf 91' lang='lat' dir='ltr'><strong>hoc</strong></span> <span class='ocrx_word' id='word_1_846' title='bbox 3315 5131 3582 5188; x_wconf 87' lang='lat' dir='ltr'><strong>ferentem</strong></span> 
     </span>
    </p>
   </div>
   <div class='ocr_carea' id='block_1_115' title="bbox 1991 5220 3581 5299">
    <p class='ocr_par' dir='ltr' id='par_1_115' title="bbox 1991 5220 3581 5299">
     <span class='ocr_line' id='line_1_115' title="bbox 1991 5220 3581 5299; baseline -0.011 -12"><span class='ocrx_word' id='word_1_847' title='bbox 1991 5233 2320 5288; x_wconf 88' lang='lat' dir='ltr'><strong>inveniemus</strong></span> <span class='ocrx_word' id='word_1_848' title='bbox 2363 5249 2376 5284; x_wconf 88' lang='lat'><strong>:</strong></span> <span class='ocrx_word' id='word_1_849' title='bbox 2419 5244 2517 5284; x_wconf 90' lang='lat' dir='ltr'><strong>nec</strong></span> <span class='ocrx_word' id='word_1_850' title='bbox 2567 5228 2709 5283; x_wconf 89' lang='lat' dir='ltr'><strong>enim</strong></span> <span class='ocrx_word' id='word_1_851' title='bbox 2758 5226 3072 5299; x_wconf 88' lang='lat' dir='ltr'><strong>simpliciter</strong></span> <span class='ocrx_word' id='word_1_852' title='bbox 3111 5224 3245 5280; x_wconf 83' lang='lat' dir='ltr'><strong>dixit</strong></span> <span class='ocrx_word' id='word_1_853' title='bbox 3283 5240 3298 5277; x_wconf 92' lang='lat'><strong>:</strong></span> <span class='ocrx_word' id='word_1_854' title='bbox 3337 5220 3581 5279; x_wconf 81' lang='lat' dir='ltr'><strong>Gaudete</strong></span> 
     </span>
    </p>
   </div>
   <div class='ocr_carea' id='block_1_116' title="bbox 1992 5315 3575 5393">
    <p class='ocr_par' dir='ltr' id='par_1_116' title="bbox 1992 5315 3575 5393">
     <span class='ocr_line' id='line_1_116' title="bbox 1992 5315 3575 5393; baseline -0.009 -16"><span class='ocrx_word' id='word_1_855' title='bbox 1992 5322 2225 5393; x_wconf 76' lang='lat' dir='ltr'><strong>semper.</strong></span> <span class='ocrx_word' id='word_1_856' title='bbox 2248 5319 2341 5376; x_wconf 90' lang='lat' dir='ltr'><strong>sed</strong></span> <span class='ocrx_word' id='word_1_857' title='bbox 2369 5319 2572 5374; x_wconf 89' lang='lat' dir='ltr'><strong>addidit</strong></span> <span class='ocrx_word' id='word_1_858' title='bbox 2595 5317 2861 5373; x_wconf 84' lang='lat' dir='ltr'><strong>continua:</strong></span> <span class='ocrx_word' id='word_1_859' title='bbox 2884 5315 3173 5386; x_wconf 87' lang='lat' dir='ltr'><strong>voluptatis</strong></span> <span class='ocrx_word' id='word_1_860' title='bbox 3192 5328 3428 5377; x_wconf 88' lang='lat' dir='ltr'><strong>causam,</strong></span> <span class='ocrx_word' id='word_1_861' title='bbox 3454 5325 3575 5367; x_wconf 91' lang='lat' dir='ltr'><strong>cum</strong></span> 
     </span>
    </p>
   </div>
   <div class='ocr_carea' id='block_1_117' title="bbox 1989 5399 3574 5480">
    <p class='ocr_par' dir='ltr' id='par_1_117' title="bbox 1989 5399 3574 5480">
     <span class='ocr_line' id='line_1_117' title="bbox 1989 5399 3574 5480; baseline -0.013 -10"><span class='ocrx_word' id='word_1_862' title='bbox 1989 5415 2122 5471; x_wconf 81' lang='lat' dir='ltr'><strong>dixit</strong></span> <span class='ocrx_word' id='word_1_863' title='bbox 2154 5432 2168 5468; x_wconf 89' lang='lat'><strong>:</strong></span> <span class='ocrx_word' id='word_1_864' title='bbox 2196 5412 2423 5469; x_wconf 81' lang='lat' dir='ltr'><strong>Gaudete</strong></span> <span class='ocrx_word' id='word_1_865' title='bbox 2458 5413 2512 5465; x_wconf 85' lang='lat' dir='ltr'><strong>in</strong></span> <span class='ocrx_word' id='word_1_866' title='bbox 2550 5410 2769 5465; x_wconf 83' lang='lat' dir='ltr'><strong>Domino</strong></span> <span class='ocrx_word' id='word_1_867' title='bbox 2792 5424 2987 5480; x_wconf 73' lang='lat' dir='ltr'><strong>semper</strong></span> <span class='ocrx_word' id='word_1_868' title='bbox 3019 5406 3282 5480; x_wconf 81' lang='lat' dir='ltr'><strong>(Philipp.</strong></span> <span class='ocrx_word' id='word_1_869' title='bbox 3316 5402 3368 5455; x_wconf 70' lang='grc'>4.</span> <span class='ocrx_word' id='word_1_870' title='bbox 3398 5401 3487 5466; x_wconf 72' lang='grc' dir='ltr'><strong>ι).</strong></span> <span class='ocrx_word' id='word_1_871' title='bbox 3518 5399 3574 5451; x_wconf 90' lang='lat' dir='ltr'><strong>In</strong></span> 
     </span>
    </p>
   </div>
   <div class='ocr_carea' id='block_1_118' title="bbox 1993 5488 3577 5578">
    <p class='ocr_par' dir='ltr' id='par_1_118' title="bbox 1993 5488 3577 5578">
     <span class='ocr_line' id='line_1_118' title="bbox 1993 5488 3577 5578; baseline -0.013 -15"><span class='ocrx_word' id='word_1_872' title='bbox 1993 5508 2221 5563; x_wconf 90' lang='lat' dir='ltr'><strong>Domino</strong></span> <span class='ocrx_word' id='word_1_873' title='bbox 2261 5504 2495 5578; x_wconf 83' lang='lat' dir='ltr'><strong>gaudens</strong></span> <span class='ocrx_word' id='word_1_874' title='bbox 2520 5544 2533 5568; x_wconf 91' lang='lat'><strong>,</strong></span> <span class='ocrx_word' id='word_1_875' title='bbox 2576 5517 2640 5556; x_wconf 82' lang='lat' dir='ltr'><strong>ex</strong></span> <span class='ocrx_word' id='word_1_876' title='bbox 2681 5501 2957 5556; x_wconf 89' lang='lat' dir='ltr'><strong>accidente</strong></span> <span class='ocrx_word' id='word_1_877' title='bbox 2989 5498 3135 5553; x_wconf 91' lang='lat' dir='ltr'><strong>nullo</strong></span> <span class='ocrx_word' id='word_1_878' title='bbox 3170 5494 3440 5561; x_wconf 86' lang='lat' dir='ltr'><strong>voluptate</strong></span> <span class='ocrx_word' id='word_1_879' title='bbox 3478 5488 3577 5543; x_wconf 88' lang='lat' dir='ltr'><strong>hac</strong></span> 
     </span>
    </p>
   </div>
   <div class='ocr_carea' id='block_1_119' title="bbox 1991 5578 3574 5667">
    <p class='ocr_par' dir='ltr' id='par_1_119' title="bbox 1991 5578 3574 5667">
     <span class='ocr_line' id='line_1_119' title="bbox 1991 5578 3574 5667; baseline -0.015 -13"><span class='ocrx_word' id='word_1_880' title='bbox 1991 5598 2236 5654; x_wconf 79' lang='lat' dir='ltr'><strong>excidere</strong></span> <span class='ocrx_word' id='word_1_881' title='bbox 2261 5603 2452 5667; x_wconf 86' lang='lat' dir='ltr'><strong>potest.</strong></span> <span class='ocrx_word' id='word_1_882' title='bbox 2476 5593 2592 5649; x_wconf 80' lang='lat' dir='ltr'><strong>Alia</strong></span> <span class='ocrx_word' id='word_1_883' title='bbox 2619 5608 2811 5661; x_wconf 90' lang='lat' dir='ltr'><strong>nempe</strong></span> <span class='ocrx_word' id='word_1_884' title='bbox 2839 5599 3048 5655; x_wconf 89' lang='lat' dir='ltr'><strong>cuncta,</strong></span> <span class='ocrx_word' id='word_1_885' title='bbox 3080 5589 3135 5642; x_wconf 91' lang='lat' dir='ltr'><strong>in</strong></span> <span class='ocrx_word' id='word_1_886' title='bbox 3156 5584 3347 5656; x_wconf 86' lang='lat' dir='ltr'><strong>quibus</strong></span> <span class='ocrx_word' id='word_1_887' title='bbox 3373 5578 3574 5646; x_wconf 75' lang='lat' dir='ltr'><strong>gaude-</strong></span> 
     </span>
    </p>
   </div>
   <div class='ocr_carea' id='block_1_120' title="bbox 1992 5676 3575 5754">
    <p class='ocr_par' dir='ltr' id='par_1_120' title="bbox 1992 5676 3575 5754">
     <span class='ocr_line' id='line_1_120' title="bbox 1992 5676 3575 5754; baseline -0.013 -11"><span class='ocrx_word' id='word_1_888' title='bbox 1992 5705 2109 5744; x_wconf 89' lang='lat' dir='ltr'><strong>mus</strong></span> <span class='ocrx_word' id='word_1_889' title='bbox 2129 5729 2145 5754; x_wconf 93' lang='lat'><strong>,</strong></span> <span class='ocrx_word' id='word_1_890' title='bbox 2177 5686 2447 5742; x_wconf 89' lang='lat' dir='ltr'><strong>mutabilia</strong></span> <span class='ocrx_word' id='word_1_891' title='bbox 2476 5692 2634 5749; x_wconf 88' lang='lat' dir='ltr'><strong>sunt,</strong></span> <span class='ocrx_word' id='word_1_892' title='bbox 2664 5681 2913 5737; x_wconf 90' lang='lat' dir='ltr'><strong>volubilia</strong></span> <span class='ocrx_word' id='word_1_893' title='bbox 2935 5720 2951 5745; x_wconf 97' lang='lat'><strong>,</strong></span> <span class='ocrx_word' id='word_1_894' title='bbox 2977 5687 3031 5734; x_wconf 91' lang='lat' dir='ltr'><strong>et</strong></span> <span class='ocrx_word' id='word_1_895' title='bbox 3059 5676 3211 5732; x_wconf 82' lang='lat' dir='ltr'><strong>facile</strong></span> <span class='ocrx_word' id='word_1_896' title='bbox 3249 5677 3525 5726; x_wconf 87' lang='lat' dir='ltr'><strong>vertuntur</strong></span> <span class='ocrx_word' id='word_1_897' title='bbox 3557 5682 3575 5722; x_wconf 85' lang='lat'><strong>:</strong></span> 
     </span>
    </p>
   </div>
   <div class='ocr_carea' id='block_1_121' title="bbox 1993 5759 3585 5837">
    <p class='ocr_par' dir='ltr' id='par_1_121' title="bbox 1993 5759 3585 5837">
     <span class='ocr_line' id='line_1_121' title="bbox 1993 5759 3585 5837; baseline -0.016 0"><span class='ocrx_word' id='word_1_898' title='bbox 1993 5795 2094 5837; x_wconf 87' lang='lat' dir='ltr'><strong>nec</strong></span> <span class='ocrx_word' id='word_1_899' title='bbox 2123 5780 2226 5836; x_wconf 89' lang='lat' dir='ltr'><strong>hoc</strong></span> <span class='ocrx_word' id='word_1_900' title='bbox 2248 5777 2422 5834; x_wconf 86' lang='lat' dir='ltr'><strong>solum</strong></span> <span class='ocrx_word' id='word_1_901' title='bbox 2446 5775 2645 5832; x_wconf 88' lang='lat' dir='ltr'><strong>habent</strong></span> <span class='ocrx_word' id='word_1_902' title='bbox 2672 5771 2976 5837; x_wconf 86' lang='lat' dir='ltr'><strong>molestum,</strong></span> <span class='ocrx_word' id='word_1_903' title='bbox 3000 5766 3094 5824; x_wconf 88' lang='lat' dir='ltr'><strong>sed</strong></span> <span class='ocrx_word' id='word_1_904' title='bbox 3123 5765 3282 5822; x_wconf 85' lang='lat' dir='ltr'><strong>etiam</strong></span> <span class='ocrx_word' id='word_1_905' title='bbox 3306 5759 3448 5832; x_wconf 86' lang='lat' dir='ltr'><strong>quod</strong></span> <span class='ocrx_word' id='word_1_906' title='bbox 3470 5772 3585 5815; x_wconf 92' lang='lat' dir='ltr'><strong>ma-</strong></span> 
     </span>
    </p>
   </div>
  </div>
