4068 6480
487 356 587 413 185

487 470 665 526 nentia
704 485 808 524 non
846 477 1038 523 tantam
1079 467 1230 521 nobis
1257 465 1486 520 afferunt
1513 463 1867 532 voluptatem,
1897 470 1952 513 ut
1991 475 2054 513 es

487 560 606 614 aliis
653 567 961 613 nascentem
1004 557 1268 611 tristitiam
1310 554 1574 624 repellant
1607 561 1661 607 et
1697 551 2012 605 obumbrent
2045 566 2059 600 :

493 648 584 702 Dei
612 662 739 701 vero
769 647 925 700 timor
950 645 1064 699 hare
1088 645 1245 699 habet
1273 653 1513 712 utraque,
1541 641 1744 697 stabilis
1767 649 1848 694 est
1877 640 2064 692 immo-

491 748 698 806 tusque,
731 746 776 791 et
807 745 1004 791 tantam
1031 736 1221 790 emittit
1247 735 1499 798 Iustitiam,
1526 741 1582 786 ut
1609 731 1783 786 nullus
1811 745 1906 784 nos
1931 729 2064 782 alio—

489 842 604 880 rum
643 841 830 880 sensus
873 826 1131 879 malorum
1172 825 1364 892 capiat.
1393 824 1490 889 Qui
1518 824 1684 877 Deum
1725 820 1862 874 enim
1883 859 1898 884 ,
1929 819 2064 874 sicut

488 924 738 984 Oportet,
768 916 916 971 timet
943 925 994 969 et
1022 917 1073 968 in
1102 915 1215 984 ipso
1241 913 1492 976 conlidit,
1523 911 1805 979 voluptatis
1832 909 2061 963 radicem

495 1006 725 1059 lucratus
748 1015 848 1070 est,
874 1015 926 1061 et
947 1021 1156 1060 omnem
1186 1005 1344 1059 habet
1368 1003 1563 1056 laztitize
1589 1001 1786 1055 fontem
1816 1019 1828 1054 :
1853 1009 1904 1054 et
1929 1000 2065 1052 sicut

493 1094 544 1148 in
592 1109 736 1148 mare
780 1095 1030 1149 decidens
1076 1093 1392 1148 immensum
1440 1093 1665 1146 scintilla
1709 1106 1870 1161 parva
1915 1090 2065 1142 facile

490 1181 695 1236 deletur
725 1201 738 1237 :
768 1184 846 1236 sic
883 1194 1306 1253 quantacumque
1349 1183 1512 1236 Deum
1551 1180 1754 1235 timenti
1796 1179 2062 1242 incidant,

489 1272 637 1325 velut
659 1273 712 1325 in
732 1281 936 1327 vastum
966 1274 1159 1327 lmtitia:
1185 1273 1402 1342 pelagus
1429 1271 1708 1325 incidentia
1735 1270 2068 1337 exstinguun-

493 1369 578 1415 tur
601 1371 758 1432 atque
787 1364 1095 1432 perduntur.
1128 1363 1192 1415 Et
1221 1377 1405 1416 revera
1432 1362 1532 1415 hoc
1554 1368 1634 1414 est
1658 1359 2069 1432 maximemira-

492 1447 599 1505 bile
623 1492 638 1519 ,
681 1454 820 1522 quod
865 1468 983 1508 cum
1014 1454 1187 1507 adsint
1224 1469 1340 1522 quae
1377 1453 1691 1506 contristare
1723 1452 1926 1516 solent,
1957 1451 2068 1518 ipse

491 1538 728 1608 gaudens
754 1551 1079 1609 permaneat.
1109 1543 1162 1597 Si
1191 1542 1321 1596 nihil
1350 1542 1491 1595 enim
1531 1541 1680 1599 triste
1705 1540 1932 1604 adesset,
1962 1554 2066 1592 non

499 1638 643 1685 esset
685 1631 783 1699 ipsi
829 1647 1077 1702 magnum
1121 1647 1331 1701 semper
1380 1647 1534 1701 posse
1582 1630 1849 1699 gaudere;
1891 1630 2069 1683 multis

499 1729 674 1775 autem
712 1722 1133 1777 incumbentibus
1158 1763 1172 1788 ,
1209 1737 1326 1791 qua:
1364 1721 1417 1776 in
1455 1721 1718 1775 tristitiam
1757 1720 2066 1788 impellant,

497 1811 741 1864 omnibus
763 1827 885 1867 esse
905 1814 1230 1882 superiorem
1253 1823 1307 1867 et
1332 1812 1384 1866 in
1406 1811 1594 1866 mediis
1623 1811 1859 1866 tristibus
1878 1811 2066 1875 lzctari,

497 1903 598 1956 hoc
626 1912 705 1957 est
733 1903 1063 1959 admirabile.
1101 1905 1168 1958 Et
1204 1904 1339 1958 sicut
1369 1910 1476 1957 tres
1511 1917 1704 1972 pueros
1739 1917 1844 1956 non
1877 1902 2070 1955 arsisse

495 1993 778 2050 miraretur
820 2011 1014 2063 nemo,
1059 1997 1104 2051 si
1148 1997 1329 2065 procul
1369 2011 1398 2048 a
1443 1995 1757 2065 Babylonica
1802 1993 2072 2048 stetissent

495 2084 709 2140 fornace
747 2103 760 2138 :
797 2085 938 2156 quod
975 2086 1116 2140 enim
1157 2101 1344 2140 omnes
1380 2085 1774 2148 consternavit,
1816 2083 1916 2137 hoc
1958 2093 2066 2147 est,

495 2175 634 2244 quod
660 2177 708 2229 in
735 2178 852 2246 igne
877 2186 1078 2231 tantum
1107 2178 1362 2246 temporis
1385 2177 1599 2242 versati,
1626 2177 1797 2232 minus
1817 2177 1926 2231 Lesi
1949 2185 2072 2230 sunt

493 2266 714 2333 egressi,
746 2282 901 2336 quam
931 2267 1016 2336 qui
1048 2269 1245 2320 versati
1274 2283 1376 2321 non
1407 2267 1614 2321 fuerant
1645 2284 1658 2321 :
1684 2268 1760 2320 sic
1791 2267 1921 2321 etin
1949 2281 2072 2320 san-

493 2355 591 2409 ctis
617 2355 795 2411 dicere
827 2358 980 2419 licet,
1009 2357 1148 2426 quod
1184 2358 1228 2410 si
1259 2358 1394 2411 nulla
1428 2359 1554 2427 ipsis
1593 2357 1871 2411 institisset
1898 2366 2069 2410 tenta-

495 2449 601 2515 tio,
635 2449 776 2518 ipsos
820 2459 1074 2520 perpetuo
1111 2452 1321 2520 gavisos
1359 2466 1478 2505 esse
1521 2465 1626 2504 non
1665 2450 2067 2504 admiraremur.

499 2537 726 2608 Stupore
754 2551 929 2594 autem
957 2540 1170 2610 dignum
1194 2582 1207 2604 ,
1241 2549 1294 2594 et
1319 2555 1477 2608 supra
1515 2549 1757 2592 naturam
1785 2537 2068 2592 humanam

496 2628 598 2685 hoc
635 2639 715 2684 est
741 2672 754 2693 ,
797 2631 936 2700 quod
991 2631 1208 2686 infinitis
1253 2632 1485 2701 undique
1529 2630 1682 2685 undis
1719 2630 2068 2697 circumdati,

499 2723 870 2791 tranquillitate
899 2738 1028 2792 pura
1061 2723 1354 2777 fruenlibus
1384 2723 1570 2776 melius
1598 2721 1770 2775 allecti
1803 2721 1928 2774 sint.

575 2811 663 2866 Vir
687 2813 852 2880 ﬁdelis
875 2815 1108 2867 continua
1136 2814 1322 2884 fruitur
1348 2811 1616 2882 voluptate.
1641 2841 1712 2852 -—
1735 2811 1882 2876 Quod
1913 2811 2073 2880 igitur

501 2903 701 2957 nullam
730 2901 1048 2958 exteriorem
1077 2905 1233 2957 vitam
1267 2904 1512 2972 gaudium
1540 2903 1844 2957 continuum
1875 2903 2074 2956 haben-

499 3005 604 3048 tem
629 2993 1053 3059 invenireliceat,
1082 3011 1145 3048 ex
1177 2994 1330 3048 dictis
1361 2985 1539 3062 patet;
1568 2994 1707 3063 quod
1734 3003 1908 3046 autem
1938 2993 2069 3047 fide-

498 3085 562 3138 lis
593 3101 696 3138 non
728 3083 892 3154 possit
919 3101 1021 3140 non
1053 3096 1298 3140 continua
1333 3086 1431 3139 frui
1461 3087 1746 3154 voluptate,
1777 3101 1986 3139 rursum
2019 3093 2072 3139 et

496 3177 594 3232 hoc
635 3178 803 3246 ipsum
835 3175 1200 3232 demonstrare
1229 3179 1480 3241 conabor,
1505 3192 1608 3231 non
1634 3185 1688 3230 ut
1717 3177 1930 3231 discatis
1959 3183 2074 3228 tan-

502 3277 610 3320 tum
631 3309 645 3333 ,
674 3267 767 3322 sed
798 3265 958 3322 etiam
988 3277 1043 3322 ut
1070 3269 1204 3323 hanc
1237 3269 1444 3322 tristitia
1473 3274 1740 3322 carentem
1790 3269 1952 3320 vitam
1984 3281 2072 3320 se-

494 3358 728 3411 ctemini.
760 3357 840 3412 Sit
879 3359 1020 3413 enim
1049 3359 1236 3428 aliquis
1263 3358 1392 3412 nihil
1424 3359 1475 3412 in
1503 3373 1561 3412 se
1588 3357 1942 3412 damnandum
1974 3357 2071 3410 ha-

495 3447 645 3512 bens,
673 3439 769 3501 sed
796 3449 932 3503 bona
963 3449 1124 3503 fretus
1149 3450 1493 3513 conscientia,
1521 3450 1586 3502 ad
1619 3449 1790 3502 futura
1817 3448 2071 3502 anhelans

496 3546 550 3592 et
577 3549 894 3608 exspectans
921 3541 1063 3594 illam
1091 3540 1296 3594 beatam
1327 3555 1474 3610 spem
1497 3558 1510 3594 :
1538 3539 1661 3610 quid
1690 3540 1850 3605 hunc,
1869 3554 2068 3610 qumso,

496 3628 550 3680 in
579 3628 842 3682 tristitiam
874 3631 1067 3698 poterit
1096 3630 1389 3685 inducere?
1416 3630 1601 3684 Nonne
1641 3631 1884 3685 omnibus
1913 3632 2072 3688 rebus

496 3719 877 3774 intolerabilior
907 3735 1049 3774 mors
1079 3735 1196 3775 esse
1221 3721 1575 3776 videtur?scd
1606 3719 1762 3790 hujus
1791 3733 2069 3790 exspecta-

499 3812 570 3865 tio
598 3828 703 3866 non
732 3822 931 3866 tantum
964 3812 1134 3882 ipsum
1172 3829 1276 3868 non
1314 3815 1619 3878 contristat,
1653 3830 1837 3868 verum
1881 3823 1932 3868 et
1972 3831 2069 3883 po-

497 3901 601 3955 tius
629 3902 888 3957 delectat:
919 3905 1063 3956 novit
1088 3903 1229 3957 enim
1262 3905 1445 3959 mortis
1472 3905 1803 3973 praesentiam
1832 3899 2071 3958 laborum

496 4007 616 4046 esse
647 3993 1046 4059 liberationem,
1079 4002 1132 4047 et
1167 4008 1380 4048 cursum
1425 3995 1490 4048 ad
1531 4011 1756 4049 coronas
1797 4001 1853 4048 et
1894 3994 2070 4048 bravia

496 4095 592 4149 pro
617 4082 807 4150 pietate
833 4091 885 4137 et
912 4085 1106 4138 virtute
1137 4084 1485 4154 pugnantibus
1510 4083 1762 4154 reposita.
1792 4085 1893 4139 Sed
1937 4085 2071 4138 filio-

496 4189 612 4226 rum
645 4176 921 4230 immatura
949 4177 1136 4231 mors?
1164 4193 1346 4231 verum
1375 4186 1428 4231 et
1458 4179 1557 4233 hoc
1581 4193 1838 4247 generose
1863 4175 1984 4244 fert,
2018 4187 2072 4234 et

493 4262 636 4318 dicet
664 4263 777 4319 Jobi
810 4267 968 4321 verba
1003 4285 1015 4320 :
1050 4266 1295 4322 Dominus
1332 4269 1502 4334 dedit,
1549 4266 1798 4321 Dominus
1823 4269 2026 4322 abstulit
2053 4285 2071 4322 :

493 4359 618 4408 sicut
646 4354 862 4411 Domino
902 4359 1058 4412 visum
1085 4369 1188 4428 est,
1231 4361 1303 4414 ita
1332 4371 1377 4414 et
1413 4364 1603 4430 factum
1643 4371 1716 4414 est
1743 4378 1761 4415 :
1787 4363 1850 4414 sit
1893 4379 2071 4416 nomen

497 4444 702 4500 Domini
743 4449 1049 4503 benedictum
1088 4452 1138 4504 in
1175 4453 1360 4505 stecula
1400 4449 1544 4524 (Job
1577 4449 1626 4507 ί.
1658 4451 1718 4506 21
1839 4453 1893 4508 Si
1944 4464 2071 4508 vero

497 4550 641 4588 mors
693 4545 746 4590 et
803 4538 1031 4592 filiorum
1074 4541 1280 4609 jactura
1332 4548 1644 4598 contristare
1694 4560 1797 4598 non
1851 4553 2067 4614 potest,

498 4629 665 4680 multo
691 4629 860 4682 minus
892 4632 1230 4698 pecuniarum
1265 4633 1500 4702 jactura,
1527 4643 1580 4688 et
1622 4638 1953 4692 contumelia:
1977 4652 2068 4690 ac-

495 4718 797 4774 cusationes
831 4729 886 4774 et
913 4722 1192 4777 calumnia:
1237 4732 1342 4778 tam
1385 4737 1631 4794 magnum
1662 4737 1713 4780 et
1752 4743 2068 4796 generosum

494 4807 729 4862 animum
759 4819 974 4878 tangere
1003 4824 1235 4881 possent,
1266 4830 1436 4884 neque
1457 4817 1695 4884 corporis
1720 4815 1872 4871 dolor
1897 4837 1910 4872 :
1934 4834 2068 4887 quo-

495 4899 636 4953 niam
662 4910 714 4955 et
741 4905 962 4971 apostoli
987 4903 1384 4973 ﬂagellabantur
1411 4900 1642 4976 quidem,
1674 4908 1765 4961 sed
1793 4923 1895 4962 non
1918 4907 2068 4963 dole-

494 4990 640 5044 bant.
674 4991 858 5064 Magna
887 4995 1098 5066 quidem
1140 5007 1262 5050 sunt
1296 5007 1349 5052 et
1391 4998 1533 5063 haec,
1566 4999 1660 5053 sed
1691 4999 1857 5053 multo
1895 5001 2069 5068 majus

492 5090 605 5147 est,
637 5085 776 5152 quod
818 5102 923 5140 non
966 5097 1165 5142 tantum
1202 5104 1307 5142 non
1337 5087 1585 5143 dolebant
1611 5131 1626 5156 ,
1657 5105 1839 5144 verum
1869 5100 1920 5144 et
1951 5091 2064 5160 ipsa

492 5174 694 5244 ﬂagella
724 5177 937 5245 majoris
966 5183 1238 5236 materiam
1269 5179 1527 5236 faciebant
1550 5182 1859 5251 voluptatis,
1891 5190 1942 5238 et
1983 5199 2068 5237 re-

495 5271 836 5324 vertebantur
877 5287 906 5324 a
943 5272 1076 5328 facie
1120 5274 1327 5328 concilii
1367 5273 1688 5343 gaudentes,
1738 5274 1879 5343 quod
1921 5274 2065 5344 digni

492 5361 699 5414 fuerant
743 5359 905 5414 habiti
947 5378 1042 5431 pro
1087 5365 1300 5418 nomine
1330 5363 1523 5418 Christi
1551 5365 1923 5419 contumeliam
1954 5366 2062 5434 pati

491 5451 636 5519 (Act.
656 5454 708 5509 5.
744 5454 855 5521 Η).
886 5453 1214 5508 Contumelia
1243 5463 1296 5509 et
1324 5455 1562 5510 convicio
1601 5457 1718 5524 quis
1751 5457 1904 5510 talem
1933 5456 2064 5511 all'e-

490 5542 604 5594 eit?
627 5544 718 5596 sed
743 5559 770 5596 a
804 5543 1014 5598 Christo
1037 5545 1268 5614 gaudere
1309 5547 1576 5599 institutus
1599 5555 1678 5600 est
1710 5547 1760 5599 in
1792 5555 2066 5602 contume-

491 5630 597 5684 liis.
629 5632 846 5688 Gaudete
873 5636 1044 5701 enim,
1077 5637 1277 5708 inquit,
1307 5647 1353 5690 et
1384 5637 1658 5700 exsultate,
1692 5655 1804 5691 cum
1849 5639 2065 5694 dixerint

493 5736 639 5774 omne
675 5723 864 5776 malum
908 5728 1105 5780 verbum
1149 5740 1321 5781 contra
1371 5744 1453 5780 vos
1508 5728 1830 5798 mentientes,
1863 5738 2063 5798 propter

1202 353 1258 410 S.
1297 347 1572 408 JOANNIS
1609 343 2073 403 CilliYSOSTOMl
2115 343 2430 400 ARCUIEP.
2468 343 3000 401 CONSTANTINOP.

3619 348 3730 408 i845

2169 461 2521 538 me,’quoniam
2549 477 2731 516 merces
2751 473 2912 518 vestra
2937 465 3095 516 multa
3121 475 3192 519 est
3217 466 3269 517 in
3297 464 3430 518 catis
3447 464 3655 531 (Matth.
3675 465 3744 523 5.

2169 552 2255 605 11.
2289 551 2408 619 12).
2435 551 2538 606 Sed
2565 552 2616 606 in
2643 555 2883 608 morbum
2911 555 3123 609 incidit?
3145 571 3328 610 verum
3355 555 3550 609 audivit
3575 554 3746 608 alium

2167 638 2538 695 admonentem
2565 651 2619 695 et
2641 643 2901 698 dicentem
2931 663 2943 697 :
2978 643 3042 697 In
3073 647 3244 698 morbo
3280 653 3325 697 et
3347 652 3641 714 paupertate
3681 645 3747 696 in

2167 730 2275 798 ipso
2301 730 2526 798 conﬁdas
2555 747 2573 784 :
2597 734 2834 801 quoniam
2875 736 3002 786 sicut
3029 735 3080 787 in
3111 735 3226 803 igne
3251 734 3490 800 probatur
3516 749 3696 785 aurum
3727 773 3748 797 ,

2167 820 2238 872 sic
2267 819 2490 874 homines
2513 824 2838 892 acceptabiles
2863 825 2913 876 in
2943 827 3146 893 fornace
3168 823 3530 878 humiliationis
3551 822 3749 892 (Eccli.

2167 908 2219 962 2.
2246 909 2298 962 4.
2331 911 2406 979 5).
2435 909 2564 965 Cum
2607 914 2761 983 igitur
2805 930 2975 983 neque
3003 929 3166 976 mors.
3200 931 3370 984 neque
3394 916 3750 985 pecuniarum

2163 997 2366 1066 jactura
2386 1041 2401 1066 ,
2431 1016 2600 1070 neque
2644 1003 2881 1072 corporis
2909 1005 3166 1073 aegritudo
3184 1046 3199 1068 ,
3235 1020 3403 1073 neque
3431 1005 3750 1074 ignominia,

2170 1102 2341 1155 neque
2382 1090 2704 1154 convicium,
2735 1107 2906 1161 neque
2945 1093 3213 1162 quidpiam
3255 1094 3396 1148 aliud
3438 1092 3753 1162 hujusmodi

2171 1178 2340 1247 ipsum
2384 1183 2696 1236 contristare
2746 1185 2911 1251 possit
2949 1200 3130 1238 verum
3175 1193 3228 1240 et
3267 1187 3431 1253 magis
3473 1185 3706 1238 delectet
3731 1225 3751 1245 ,

2170 1285 2325 1338 quam
2359 1287 2604 1340 umquam
2636 1274 2858 1328 tristitia:
2890 1277 3163 1329 materiam
3201 1275 3609 1343 habebit?Quid
3647 1276 3753 1346 igi-

2173 1368 2273 1425 tur,
2302 1361 2501 1430 inquit,
2525 1363 2691 1416 sancti
2737 1380 2840 1417 non
2883 1364 3131 1420 dolebant
3155 1365 3178 1418 ?
3208 1379 3312 1419 non
3339 1365 3491 1419 audis
3519 1365 3750 1420 Paulum

2171 1450 2432 1505 dicentem
2465 1471 2476 1505 :
2501 1451 2724 1505 Tristitia
2749 1455 2869 1506 mihi
2891 1471 3070 1524 ntagna
3095 1465 3185 1519 est,
3218 1464 3263 1508 et
3290 1455 3571 1508 indesinens
3598 1454 3755 1508 dolor

2172 1540 2311 1592 cordi
2335 1557 2441 1593 meo
2467 1539 2639 1608 (Rom.
2669 1541 2720 1596 9.
2747 1542 2845 1611 2)?
2875 1542 2986 1596 Hoc
3011 1543 3180 1610 ipsum
3211 1559 3402 1612 nempe
3430 1543 3752 1597 admirabile

2173 1637 2284 1693 est,
2316 1631 2456 1699 quod
2496 1632 2700 1686 tristitia
2733 1633 2934 1688 lucrum
2955 1673 2970 1698 ,
3002 1642 3055 1688 ct
3091 1634 3413 1703 voluptatem
3450 1649 3514 1689 ex
3556 1633 3701 1688 luctu
3730 1634 3746 1666 '

2173 1720 2390 1777 ferebat.
2410 1722 2557 1778 Sicut
2582 1725 2720 1779 enim
2744 1723 2946 1795 ﬂagella
2979 1740 3082 1779 non
3109 1725 3341 1791 dolores,
3369 1725 3461 1780 sed
3483 1725 3749 1788 laetitiam.

2173 1811 2248 1865 sic
2275 1829 2480 1867 rursutn
2507 1823 2557 1868 et
2599 1815 2804 1869 tristitia
2831 1831 3045 1884 magnas
3077 1816 3188 1870 illas
3217 1816 3553 1886 comparabat
3584 1831 3752 1870 coro-

2174 1917 2286 1956 nas.
2318 1902 2383 1957 Et
2414 1903 2513 1959 hoc
2541 1915 2624 1959 est
2649 1905 2988 1972 admirabile,
3019 1907 3158 1976 quod
3188 1907 3368 1962 tnundi
3395 1923 3500 1962 non
3530 1909 3752 1963 tristitia

2174 2000 2403 2060 tantum,
2439 2011 2616 2048 verum
2648 2005 2700 2050 et
2736 1996 2916 2050 Ιευιίιὶει
2946 1997 3196 2051 damnum
3228 1997 3386 2052 habet
3406 2006 3704 2053 extremum
3733 2016 3750 2050 :

2174 2082 2224 2135 in
2269 2083 2632 2151 Spirilualibus
2675 2102 2800 2140 vero
2838 2087 3160 2141 contrarium
3191 2096 3378 2154 totum,
3414 2103 3519 2143 non
3561 2089 3751 2144 laetitia

2176 2182 2396 2239 tantum,
2425 2191 2605 2230 verum
2653 2186 2706 2231 et
2751 2177 2957 2232 tristitia
3000 2178 3220 2232 multum
3270 2178 3429 2232 habet
3483 2178 3754 2233 bonorum

2176 2263 2502 2319 thesaurum.
2532 2267 2688 2322 Verbi
2712 2270 2877 2337 gratia
2908 2286 2920 2322 :
2947 2269 3136 2338 gaudet
3161 2270 3280 2340 quis
3306 2270 3358 2324 in
3376 2269 3572 2324 mundo
3603 2286 3752 2340 smpe

2174 2354 2443 2411 inimicum
2494 2356 2820 2413 laborantem
2860 2359 3073 2424 videns,
3099 2369 3154 2414 et
3193 2376 3285 2430 per
3325 2361 3461 2415 hanc
3509 2361 3752 2415 lmtitiam

2174 2446 2394 2498 multam
2434 2448 2533 2501 sibi
2561 2449 2777 2502 attrahit
2801 2464 3011 2518 paenam
3039 2466 3052 2503 :
3077 2449 3222 2504 dolet
3247 2465 3455 2504 rursum
3476 2451 3593 2520 quis
3612 2450 3752 2505 alius

2177 2533 2393 2589 fratrem
2426 2536 2628 2604 lapsum
2651 2539 2855 2606 videns,
2875 2548 2928 2592 et
2957 2555 3050 2608 per
3079 2539 3214 2594 hanc
3243 2541 3505 2594 tristitiam
3527 2540 3753 2599 multam

2173 2624 2270 2677 sibi
2297 2625 2433 2692 apud
2467 2627 2628 2680 Deum
2665 2628 3081 2683 benevolentiam
3107 2639 3395 2699 comparat.

2249 2715 2473 2769 Tristitia
2490 2719 2760 2771 secundum
2801 2717 2965 2772 Deum
3003 2721 3162 2773 multo
3205 2721 3380 2773 melior
3415 2731 3485 2774 est
3525 2720 3754 2774 humana

2173 2803 2364 2858 lretitia.
2387 2835 2458 2845 —-
2481 2806 2665 2861 Cernis
2694 2809 2958 2876 quomodo
2991 2809 3278 2863 secundum
3328 2809 3492 2864 Deum
3537 2811 3753 2865 tristitia

2174 2899 2356 2952 mundi
2381 2898 2562 2952 laztitia
2592 2901 2780 2954 melior
2819 2901 2889 2955 sit
2916 2911 2969 2955 et
2997 2900 3214 2955 utilior?
3239 2902 3326 2956 Sic
3345 2909 3399 2956 et
3426 2902 3614 2956 Paulus
3652 2902 3753 2955 tri-

2173 2991 2412 3045 stabatur
2434 3000 2648 3060 propter
2676 3007 2789 3059 eos,
2820 2993 2909 3062 qui
2933 3002 3214 3062 peccarent
3256 3001 3309 3048 et
3349 2995 3458 3049 Deo
3484 3009 3588 3049 non
3629 3010 3752 3050 cre-

2174 3080 2391 3146 derent,
2425 3093 2480 3136 et
2526 3098 2590 3135 ex
2647 3081 2746 3137 hac
2793 3083 3002 3137 tristitia
3045 3083 3262 3137 multam
3309 3084 3406 3138 sibi
3462 3087 3753 3154 repositam

2175 3171 2402 3225 habebat
2424 3173 2748 3227 mercedem.
2775 3172 2844 3229 Ut
2870 3184 3046 3228 autem
3082 3174 3408 3230 manifestius
3454 3176 3592 3246 quod
3627 3177 3754 3232 dico

2175 3260 2383 3325 faciam,
2404 3269 2458 3316 et
2483 3262 2718 3330 discatis,
2741 3263 2863 3317 licet
2893 3275 3084 3332 praeter
3106 3265 3408 3334 Opinionem
3433 3268 3501 3322 sit
3525 3267 3750 3334 dictum,

2176 3359 2350 3406 tamen
2385 3368 2567 3407 verum
2610 3369 2730 3409 esse
2753 3395 2767 3418 ,
2795 3363 2848 3409 et
2883 3355 3082 3410 luctum
3122 3371 3263 3426 smpe
3293 3358 3466 3413 solere
3507 3358 3753 3417 dolentes

2174 3442 2376 3496 animas
2403 3458 2670 3511 reparare,
2694 3453 2748 3499 et
2773 3447 3149 3500 conscientiam
3177 3459 3445 3517 gravatam
3473 3449 3712 3506 relevare
3736 3471 3750 3505 :

2175 3533 2353 3585 multa:
2379 3534 2572 3601 szepius
2601 3535 2848 3590 mulieres
2878 3537 3338 3593 desideratissimis
3367 3541 3574 3595 amissis
3602 3541 3750 3609 ﬁliis,

2174 3621 2218 3675 si
2263 3622 2644 3690 prohibeantur
2682 3625 2892 3692 quidem
2940 3625 3104 3692 ﬂere,
3137 3627 3314 3696 lugere
3356 3640 3410 3685 et
3455 3631 3750 3700 conqueri,

2174 3711 2580 3780 disrumpttntur
2601 3723 2650 3768 et
2685 3723 2937 3784 pereunt;
2982 3717 3025 3770 si
3051 3733 3177 3773 vero
3203 3721 3538 3776 mmrcutium
3566 3724 3752 3777 omnia

2179 3801 2424 3872 fecerint,
2469 3805 2774 3860 relevantur
2814 3817 2867 3862 et
2903 3808 3318 3863 consolationem
3355 3812 3635 3880 accipiunt.
3681 3815 3753 3870 Et

2173 3895 2295 3964 quid
2337 3894 2669 3962 mirandum,
2720 3899 2764 3952 si
2813 3898 2863 3952 in
2913 3899 3221 3954 mulieribus
3268 3899 3371 3954 hoc
3415 3900 3501 3966 ﬁt,
3533 3904 3751 3971 quando

2173 3986 2330 4039 etiam
2375 3987 2544 4056 ipsum
2590 3987 2900 4056 prophetam
2947 3989 3046 4044 hoc
3085 3990 3371 4058 patientem
3415 3991 3592 4047 videre
3624 3995 3752 4063 quis

2175 4077 2384 4143 possit?
2413 4076 2533 4130 Ideo
2565 4077 2868 4147 frequenter
2891 4079 3096 4134 dicebat
3125 4098 3138 4136 :
3167 4081 3328 4135 Sinite
3355 4099 3450 4148 me,
3475 4099 3644 4136 amare
3665 4086 3752 4137 lu-

2171 4168 2292 4235 gebo
2315 4185 2334 4220 :
2364 4168 2516 4221 nolite
2558 4169 2851 4223 contendere
2873 4211 2887 4235 ,
2914 4180 2970 4222 ut
3011 4173 3333 4226 consolemini
3380 4190 3528 4241 super
3554 4178 3750 4229 contri-

2174 4257 2306 4309 tione
2342 4258 2462 4325 ﬁlite
2489 4259 2682 4328 generis
2725 4259 2820 4311 mei
2849 4257 3010 4327 (lsai.
3042 4260 3129 4315 22.
3161 4262 3243 4329 4).
3271 4261 3450 4331 Itaque
3479 4279 3617 4333 smpe
3648 4267 3752 4319 tri-

2173 4347 2312 4400 stitia
2353 4347 2507 4402 affert
2549 4349 2994 4416 consolationem;
3027 4351 3069 4402 si
3100 4360 3271 4405 autem
3317 4353 3366 4406 in
3408 4353 3602 4407 mundo
3643 4354 3749 4411 hoc

2174 4439 2233 4492 fit
2262 4439 2429 4494 multo
2455 4440 2622 4509 magis
2651 4441 2702 4494 in
2731 4441 2887 4495 rebus
2928 4442 3306 4510 spiritualibus.
3340 4443 3622 4512 PrOpterea
3663 4445 3750 4498 di-

2171 4529 2278 4583 cit:
2311 4529 2598 4584 Secundum
2624 4529 2787 4584 Deum
2805 4542 2971 4586 autem
2999 4531 3203 4586 tristitia
3231 4534 3572 4602 paenitentiam
3593 4537 3645 4590 in
3663 4553 3751 4590 sa-

2174 4620 2324 4673 lutent
2367 4622 2592 4675 stabilem
2620 4633 2856 4692 operatur
2882 4623 2902 4695 (
2925 4624 2978 4676 2.
3003 4621 3120 4678 Cor.
3149 4621 3201 4678 7.
3233 4625 3352 4696 10).
3385 4627 3452 4680 Ει
3493 4627 3592 4682 hoc
3629 4631 3747 4699 quid

2173 4709 2294 4764 dem
2341 4710 2623 4765 obscurum
2671 4726 2790 4766 esse
2831 4712 3071 4778 videtur;
3103 4714 3241 4782 quod
3288 4725 3464 4770 autem
3509 4717 3635 4771 dicit
3664 4730 3748 4774 est

2174 4801 2472 4870 hujusmodi
2499 4822 2512 4856 :
2543 4802 2597 4857 Si
2627 4803 2693 4858 de
2731 4805 2964 4872 pecuniis
2993 4807 3227 4860 tristatus
3257 4807 3449 4872 fueris,
3482 4807 3609 4869 nihil
3631 4825 3749 4880 pro-

2171 4892 2342 4948 fecisti
2371 4903 2386 4947 :‘
2415 4893 2460 4947 si
2490 4893 2542 4946 in
2573 4893 2909 4962 aegritudine,
2939 4894 3073 4953 nihil
3095 4896 3322 4951 lucratus
3357 4913 3418 4952 es
3437 4940 3452 4964 ,
3480 4914 3663 4954 verum
3691 4907 3749 4956 et

2172 4985 2339 5052 magis
2369 4983 2592 5051 teipsum
2623 4985 2934 5038 contrivisti.

2243 5079 2295 5134 Ξ.
2338 5077 2404 5130 Et
2431 5089 2527 5146 ego
2562 5075 2772 5145 quidem
2815 5077 3010 5131 multos
3052 5077 3225 5131 audivi
3257 5085 3373 5146 post
3401 5078 3558 5134 talem
3585 5094 3746 5150 expe-

2170 5168 2414 5221 rientiam
2457 5181 2514 5221 se
2540 5177 2882 5230 accusantes,
2916 5177 2967 5221 et
2993 5168 3056 5222 ad
3085 5169 3287 5237 seipsos
3313 5169 3547 5226 dicentes
3568 5189 3586 5224 :
3617 5172 3745 5238 Qum

2173 5257 2390 5320 utilitas,
2419 5257 2556 5327 quod
2583 5257 2762 5311 dolui?
2790 5272 2887 5312 nec
2916 5259 3163 5326 pecunias
3191 5261 3517 5327 recuperavi,
3548 5272 3602 5314 et
3627 5277 3742 5314 me-

2170 5350 2340 5416 ipsum
2377 5349 2510 5402 laesi.
2539 5348 2592 5403 Si
2623 5363 2748 5402 vero
2777 5347 2842 5402 de
2865 5352 3081 5417 peccato
3114 5349 3370 5414 tristeris,
3402 5349 3504 5404 hoc
3531 5349 3741 5415 delesti,

2171 5451 2224 5496 et
2262 5443 2540 5495 maximam
2581 5442 2812 5495 lucratus
2851 5457 2909 5496 es
2937 5441 3278 5510 voluptatem.
3307 5441 3361 5497 Si
3389 5441 3455 5496 de
3494 5442 3741 5496 fratribus

2171 5534 2336 5602 lapsis
2356 5532 2708 5595 contristeris,
2737 5533 2961 5599 teipsum
2992 5531 3230 5586 hortatus
3253 5546 3312 5587 es
3335 5541 3389 5586 et
3416 5532 3736 5599 consolatus,

2169 5635 2223 5680 et
2266 5626 2382 5679 illos
2426 5641 2632 5679 rursum
2683 5623 3003 5691 recuperasti
3034 5639 3049 5679 :
3079 5623 3220 5692 quod
3267 5621 3312 5677 si
3355 5621 3484 5677 nihil
3513 5629 3568 5677 et
3613 5621 3737 5691 ipsis

2239 5737 2252 5767 ί
2289 5738 2359 5785 sic
2379 5733 2514 5787 savii.
2534 5743 2581 5784 tn
2605 5743 2674 5794 ἢ,
2696 5731 2842 5796 lucro,
2875 5746 2976 5796 pro,
3010 5731 3159 5783 luctu.
