4068 6490
242 332 347 391 {SS

238 448 557 502 ἀλλοιοῦται
590 450 786 520 ῥαδίως
811 469 822 480 ·
862 452 953 504 καὶ
994 451 1054 502 οὐ
1086 452 1245 505 τοῦτο
1286 452 1447 523 μόνον
1488 451 1602 523 ἔχει
1636 451 1698 505 τὸ
1725 449 1919 512 δεινὸν,

237 534 357 585 ἀλλ’
388 535 474 588 ὅτι
514 536 612 588 xal
648 536 881 605 μένοντα
923 538 985 589 οὐ
1036 538 1269 609 παρέχει
1315 537 1590 610 τοσαύτην
1637 538 1769 608 ἡμῖν
1822 536 1924 607 τὴν

235 621 466 693 ἡδονὴν,
488 622 566 685 ὡς
581 622 679 695 τὴν
696 624 761 677 ἐκ
777 624 885 677 τῶν
909 625 1086 679 ἄλλων
1112 627 1245 697 ήμῖν
1268 626 1658 699 ἐπιγινομένην
1682 625 1923 697 ἀθυμίαν

237 708 683 777 διακρούεσθαιι
726 712 824 765 καλ⁵
862 711 1214 776 συσκιάζεινο
1250 715 1278 766 ὀ
1318 714 1375 766 δέ
1418 712 1515 767 τοῦ
1564 713 1700 766 Θεοῦ
1758 712 1924 782 φόϐος

237 795 534 866 ἀμφότερα
555 796 728 851 ταῦτα
751 797 886 867 ἔχει,
923 798 1140 868 βέϐαιός
1176 800 1237 852 τέ
1272 800 1390 852 ἐστι
1414 801 1510 853 καὶ
1530 800 1808 870 ἀκίνητος,
1826 800 1924 854 καὶ

235 882 515 953 τοσαύτην
546 882 697 955 βρύει
719 886 912 956 χαράν,
939 885 1016 949 ὡς
1050 886 1321 958 μηδεμίαν
1353 889 1501 958 ἡμᾶς
1532 887 1784 957 αἴσθησιν
1813 887 1922 940 τῶν

237 968 421 1021 ἄλλων
470 969 769 1040 λαμϐάνειν
828 972 1039 1027 δεινῶν.
1087 974 1147 1026 '0
1194 974 1305 1046 γάρ
1356 975 1450 1028 τὸν
1482 974 1637 1038 Θεὸν,
1676 975 1752 1038 ὡς
1792 974 1919 1045 χρὴ.

239 1055 601 1126 φοϐούμενος,
636 1059 732 1111 καὶ
762 1060 849 1112 ἐπ’
879 1060 1030 1131 αὐτῷ
1062 1060 1304 1133 θαρρῶν,
1345 1062 1446 1132 τὴν
1481 1063 1640 1132 ῥίζαν
1666 1062 1923 1131 ἐκαρπώ-

239 1157 375 1193 σατο
420 1143 523 1211 τῆς
562 1143 793 1214 ἡδονῆς,
844 1147 940 1200 καὶ
980 1149 1159 1200 πᾶσαν
1201 1147 1304 1217 τῆς
1349 1148 1614 1218 εὐθυμίας
1661 1148 1773 1218 ἔχει
1821 1148 1920 1219 τὴν

238 1230 452 1300 πηγήν.
505 1230 618 1283 Kal
677 1231 931 1307 καθάπερ
973 1237 1055 1298 είς
1106 1236 1343 1305 πέλαγος
1403 1237 1633 1309 ἄπειρον
1685 1238 1920 1312 σπινθὴρ

242 1317 446 1386 μικρὸς
478 1316 738 1388 ἐμπεσὼν
779 1321 1100 1390 ἀφανίζεται
1134 1323 1358 1393 ῥᾳδίως,
1396 1323 1571 1389 οὕτως
1612 1327 1823 1396 ὅσαπερ
1854 1326 1921 1380 ἂν

239 1404 532 1477 προσπέσῃ
555 1406 633 1477 τῷ
652 1407 975 1480 φοϐουμένῳ
995 1410 1087 1462 τὸν
1116 1411 1271 1475 Θεὸν,
1302 1412 1556 1483 καθάπερ
1579 1413 1660 1475 είς
1685 1414 1923 1482 πέλαγος

238 1490 441 1560 ἀχανὲς
472 1491 738 1563 εὐθυμίας
769 1494 1117 1564 ἐμπίπτοντα
1150 1498 1587 1552 κατασϐέννυται
1617 1500 1710 1553 καὶ
1753 1500 1921 1554 άπόλ-

239 1577 422 1631 λυται.
465 1577 572 1632 Kal
594 1581 656 1634 τὸ
702 1581 766 1653 δὴ
818 1582 1135 1654 θαυμαστὸν
1177 1585 1415 1655 μάλιστα
1442 1586 1604 1640 τοῦτό
1631 1589 1799 1651 ἐστιν,
1835 1589 1917 1642 ὅτι

238 1659 347 1714 τῶν
373 1661 693 1718 λυπούντων
728 1666 1013 1737 παρόντων
1050 1667 1202 1737 μένει
1241 1670 1449 1741 χαίρων
1497 1670 1681 1734 αὐτός.
1716 1672 1779 1724 Ei
1817 1673 1919 1742 μὲν

238 1748 349 1819 γὰρ
373 1750 545 1821 μηδὲν
572 1746 641 1822 ἦν
667 1753 728 1805 τὸ
746 1752 972 1820 λυποῦν,
999 1755 1099 1808 οὐκ
1119 1751 1188 1827 ἦν
1222 1757 1370 1828 αὐτῷ
1403 1759 1545 1829 μέγα
1578 1760 1637 1813 τὸ
1658 1758 1917 1815 δύνασθαι

236 1835 507 1905 διηνεκῶς
551 1838 795 1910 χαίρειν’
844 1841 907 1894 τὸ
956 1841 1014 1894 δὲ
1046 1842 1260 1897 πολλῶν
1293 1845 1658 1917 ἐπικειμένων
1701 1845 1808 1899 τῶν
1834 1847 1918 1910 είς

241 1922 485 1992 ἀθυμίαν
523 1925 979 1996 ἐμϐιϐαζόντωνδ
1013 1930 1288 2002 ἀνώτερον
1332 1927 1472 1985 εἶναι
1515 1934 1793 2001 ἀπάντων,
1824 1933 1918 1988 καὶ

243 2008 301 2061 ἐν
342 2008 534 2078 μέσοις
574 2015 688 2075 τοῖς
734 2012 1001 2086 λυπηροῖς
1046 2016 1461 2088 εὐφραίνεσθαι,
1497 2018 1655 2074 τοῦτό
1687 2020 1806 2075 ἐστι
1854 2019 1917 2074 τὸ

243 2095 569 2165 παράδοξον.
600 2100 709 2152 Kal
738 2101 989 2174 καθάπερ
1020 2105 1148 2167 τοὺς
1180 2106 1375 2169 παῖδας
1403 2108 1530 2171 τοὺς
1557 2110 1707 2179 τρεῖς
1740 2107 1916 2174 οὐδεὶς

242 2184 309 2238 ἂν
334 2185 614 2257 ἐθαύμασε
640 2187 715 2260 μὴ
732 2191 1132 2255 κατακαέντας,
1151 2194 1199 2246 εί
1226 2194 1415 2265 πόρρω
1440 2195 1540 2264 τ’ής
1566 2195 1916 2260 Βαϐυλωνίας

238 2270 380 2345 ἦσαν
406 2275 637 2346 καμίνου
671 2277 761 2348 (τὸ
791 2277 900 2349 γὰρ
936 2280 1214 2350 ἐκπλῆξαν
1254 2281 1503 2347 ἅπαντας
1540 2283 1698 2337 τοῦτὸ
1743 2286 1912 2352 ἐστιν,

240 2363 320 2417 ὅτι
368 2364 449 2433 τῷ
489 2365 624 2435 πυρὶ
678 2365 932 2419 τοσοῦτον
987 2368 1352 2440 ὁμιλήσαντες
1389 2371 1603 2442 χρόνον,
1657 2372 1767 2425 τῶν
1816 2373 1915 2445 οὐχ

239 2450 595 2521 ὡμιληκότων
640 2452 907 2525 ἐξέϐησαν
940 2455 1263 2527 ἀλυπότεροι
1282 2457 1323 2526 )·
1386 2458 1530 2513 οὓτω
1558 2459 1654 2513 καὶ
1684 2459 1778 2513 ἐπὶ
1805 2460 1915 2513 τῶν

240 2538 413 2605 ἁγίων
436 2538 581 2593 ἐστιν
623 2542 819 2605 εἰπεῖν,
856 2541 938 2595 ὃτι
976 2545 1024 2595 εί
1058 2543 1251 2613 μηδεὶς
1296 2545 1481 2610 αὐτοῖς
1522 2547 1760 2618 ἐπήγετο
1794 2565 1916 2602 πει-

242 2625 471 2696 ρασμὸς,
489 2626 590 2680 οὐκ
606 2625 673 2680 ἂν
691 2628 887 2692 αὐτοὺς
909 2630 1300 2702 ἐθαυμάσαμεν
1315 2632 1579 2703 διηνεκῶς
1598 2636 1911 2708 χαίροντας.

240 2711 300 2765 τὸ
323 2710 383 2764 δέ
414 2711 731 2783 ἐκπλήξεως
763 2714 911 2779 ἀξιον
946 2717 1044 2772 καὶ
1076 2716 1237 2786 φύσιν
1270 2719 1620 2792 ἀνθρωπίνην
1648 2723 1914 2793 ὑπερϐαῖ-

238 2812 330 2853 νον
381 2798 541 2852 τοῦτό
568 2802 738 2868 ἐστιν,
760 2802 842 2856 ὃτι
864 2804 1080 2874 μυρίοις
1097 2805 1458 2877 κυκλούμενοι
1486 2808 1693 2881 κύμασι
1717 2811 1915 2864 πάντο-

234 2885 353 2953 θεν,
386 2888 496 2942 τῶν
520 2888 758 2962 γαλήνης
800 2891 1047 2963 καθαρᾶς
1079 2894 1470 2951 ἀπολαυόντων
1512 2899 1643 2970 ῥᾷον
1673 2897 1913 2952 διάκειν-

231 2991 348 3031 ται.

307 3064 432 3119 ὀτι
468 3067 569 3138 μὲν
594 3062 687 3123 οῦν
716 3068 904 3123 οὐδένα
935 3070 1049 3142 βίον
1078 3073 1189 3127 τῶν
1235 3073 1434 3140 ἔξωθεν
1470 3076 1651 3147 εὑρεῖν
1688 3076 1912 3131 δυνατὸν

233 3150 475 3226 εὐθυμία
518 3158 1042 3229 συγκεκληρωμένον
1091 3161 1355 3231 διηνεκῶς
1390 3174 1438 3227 ε,
1483 3164 1640 3234 δῆλον
1685 3166 1751 3217 ἐκ
1803 3164 1911 3219 τῶν

235 3239 548 3310 εἰρημένων
570 3259 583 3273 ·
636 3245 721 3298 ὅτι
766 3245 823 3298 δέ
852 3246 944 3300 τὸν
983 3249 1173 3303 πιστὸν
1207 3252 1489 3322 ἀμήχανον
1524 3252 1599 3323 μὴ
1628 3252 1912 3325 διηνεκοῦς

233 3326 533 3380 ἀπολαύειν
560 3330 778 3402 ἡδονῆς,
810 3334 905 3387 καὶ
932 3335 1092 3389 τοῦτο
1117 3338 1249 3391 αὐτὸ
1288 3340 1450 3392 πάλιν
1492 3340 1771 3407 ἀποδεῖξαι
1791 3358 1911 3395 πει-

237 3413 497 3485 ράσομαι,
520 3418 617 3488 οὐχ
648 3418 735 3472 ἵνα
762 3421 969 3493 μάθητε
998 3424 1179 3494 μόνον,
1210 3426 1325 3479 ἀλλ’
1355 3428 1441 3480 ἵνα
1498 3429 1595 3482 καὶ
1628 3427 1910 3501 ζηλώσητε

234 3502 329 3554 τὸν
352 3503 559 3557 ἄλυπον
587 3506 774 3559 τοῦτον
815 3507 949 3578 βίον.
993 3513 1174 3565 Ἔστω
1214 3515 1323 3585 γάρ
1361 3532 1445 3577 τις
1499 3516 1666 3587 μηδὲν
1713 3516 1908 3570 ἐαυτοῦ

234 3590 619 3658 κατεγνωκὼς,
646 3594 761 3648 ἀλλ’
790 3597 982 3668 ἀγαθῴ
1012 3601 1273 3654 συνειδότι
1307 3604 1769 3674 συντρεφόμενος,
1816 3606 1911 3658 καὶ

235 3677 377 3748 πρὸς
409 3679 480 3733 τά
521 3681 791 3752 μέλλοντα
834 3685 1101 3756 κεχηνὼς,
1142 3688 1238 3741 καὶ
1289 3690 1386 3753 τάς
1439 3691 1651 3755 ἀγαθάς
1695 3693 1911 3758 ὲκείνας

232 3765 525 3838 ἀναμένων
558 3769 805 3836 ἐλπίδας,
844 3773 897 3825 τί
925 3773 1136 3841 τοῦτον,
1190 3776 1312 3828 είπέ
1372 3794 1486 3847 μοι,
1541 3779 1622 3841 είς
1669 3777 1909 3848 ἀθυμίαν

233 3852 495 3936 ἐμϐαλεῖν
523 3855 813 3928 δυνήσεται
833 3876 849 3924 ;
868 3861 942 3914 Οὐ
970 3861 1187 3915 πάντων
1208 3862 1613 3936 άφορητότατον
1632 3866 1661 3917 ὀ
1681 3864 1910 3931 θάνατος

234 3933 378 3993 εἶναι
413 3940 584 4010 δοκεῖς
618 3944 737 3998 ἀλλ’
762 3946 796 4017 ή
822 3946 1015 4000 τούτου
1043 3949 1339 4019 προσδοκία
1363 3933 1423 4003 οὐ
1461 3951 1622 4022 μόνον
1650 3952 1813 4006 αὐτὸν
1846 3955 1908 4007 οὐ

234 4027 417 4093 λυπεῖ,
474 4030 611 4086 ἀλλά
657 4032 750 4085 καὶ
797 4035 1085 4106 εὐφραίνει
1123 4035 1424 4106 μειζόνως’
1460 4036 1567 4092 οἶδε
1606 4039 1713 4112 γάρ
1755 4040 1837 4094 ὅτι
1876 4043 1909 4113 ἠ

234 4116 329 4170 τοῦ
355 4115 587 4172 θανάτου
614 4122 885 4191 παρουσία
905 4123 1083 4177 πόνων
1111 4125 1258 4178 ἐστὶν
1275 4124 1583 4198 ἀπαλλαγή,
1599 4128 1693 4181 καὶ
1712 4127 1909 4199 δρόμος

236 4207 330 4259 ἐπὶ
358 4210 485 4271 τοὺς
523 4211 822 4279 στεφάνους
856 4212 951 4265 καί
980 4212 1051 4266 τά
1082 4212 1311 4284 βραϐεῖα
1339 4212 1408 4266 τά
1432 4213 1770 4284 ἀποκείμενα
1798 4215 1911 4278 τοῖς

237 4294 380 4367 ὑπὲρ
400 4296 682 4362 εὐσεϐείας
708 4300 803 4353 καὶ
824 4300 1025 4371 ἀρετῆς
1043 4299 1497 4371 ἀγωνισαμένοις.
1526 4300 1684 4353 Ἀλλᾶ
1702 4301 1910 4354 παίδων

232 4381 415 4453 ἄωρος
462 4383 728 4455 τελευτῆς
774 4386 912 4439 ἀλλὰ
944 4386 1039 4440 καὶ
1080 4387 1241 4441 τοῦτο
1291 4386 1447 4457 φέρει
1498 4386 1782 4456 γενναίως,
1814 4387 1910 4440 καὶ

234 4470 357 4540 ἐρεῖ
379 4471 447 4523 τά
477 4471 569 4525 τοῦ
613 4472 733 4526 Ἰὼϐ
763 4475 1019 4545 ῥήματα*
1062 4475 1127 4529 '0
1165 4474 1382 4543 Κύριος
1418 4474 1659 4541 ἔδωκεν,
1713 4477 1747 4528 ό
1790 4476 1907 4529 Κύ-

226 4572 365 4623 ριος
384 4547 674 4626 ἀφείλατο
696 4576 708 4591 ³
750 4562 832 4627 ὡς
860 4560 941 4627 τῷ
969 4564 1161 4631 Κυρίῳ
1187 4561 1425 4627 ἔδοξεν,
1461 4561 1615 4616 οὕτω
1656 4562 1755 4616 καί
1787 4558 1908 4634 ἐγέ-

235 4660 411 4697 νετο*
453 4645 546 4713 εἴη
582 4646 650 4700 τὸ
686 4647 875 4717 ὄνομα
913 4651 1138 4718 Κυρίου
1166 4649 1579 4721 εὐλογημένον
1628 4652 1716 4715 εὶς
1764 4650 1908 4718 τοὺς

234 4728 480 4797 αίῶνας.
527 4733 590 4786 Εἰ
618 4734 674 4787 δὲ
710 4734 940 4800 θάνατος
981 4738 1076 4790 καὶ⁵
1121 4737 1327 4792 παίδων
1354 4734 1597 4806 ἀποϐολὴ
1628 4735 1816 4790 λυπεῖν
1845 4739 1906 4791 οὐ

233 4817 512 4884 δύνανται,
540 4821 720 4893 πολλῷ
757 4823 959 4893 μᾶλλον
994 4824 1169 4895 ζημία
1188 4826 1506 4898 χρημάτων,
1539 4824 1634 4879 καὶ
1665 4824 1905 4894 ἀτιμίαι,

235 4903 333 4957 καὶ
367 4908 714 4979 κατηγορίαι,
749 4909 843 4963 καὶ
892 4910 1138 4964 διαϐολαὶ
1168 4912 1268 4982 τῆς
1315 4910 1457 4965 οὓτω
1515 4911 1760 4983 μεγάλης
1810 4913 1908 4965 καὶ

236 4996 491 5064 γενναίας
526 4998 703 5073 ψυχῆς
735 5002 838 5056 οὐκ
875 5002 941 5057 ἄν
990 5021 1123 5057 ποτε
1159 5004 1407 5074 ἅψαιντο,
1443 5004 1566 5057 οὐδὲ
1602 5005 1764 5077 ὀδύνη
1798 5005 1907 5058 σώ-

239 5099 444 5153 ματος·
492 5086 616 5139 ἐπεί
665 5088 762 5142 καὶ
800 5091 851 5143 οί
881 5091 1173 5145 ἀπόστολοι
1201 5092 1599 5162 ὲμαστιγοῦντο
1625 5094 1757 5164 μὲν,
1806 5095 1906 5147 οὐκ

235 5169 482 5242 ἠθύμουν
511 5174 588 5227 δέ.
615 5173 769 5249 [184]
787 5178 948 5247 Μέγα
971 5178 1070 5249 μὲν
1096 5175 1189 5233 οὖν
1220 5180 1316 5234 καὶ
1339 5180 1521 5234 τοῦτο·
1555 5182 1616 5235 τὸ
1648 5181 1704 5234 δὲ
1726 5181 1902 5252 πολλῷ

236 5259 445 5331 μεῖξον,
485 5264 564 5317 ὅτι
605 5265 667 5317 οὐ
701 5266 861 5336 μόνον
892 5266 995 5319 οὐκ
1020 5267 1285 5339 ἠθύμουν,
1317 5268 1453 5323 ἀλλά
1480 5271 1572 5323 καὶ
1605 5269 1776 5334 αὐτάς
1806 5272 1906 5335 τάς

234 5347 509 5417 μάστιγας
538 5351 796 5406 ὑπόθεσιν
829 5354 1110 5409 ἐποιοῦντο
1148 5354 1393 5426 μείζονος
1416 5356 1629 5428 ἡδονῆς,
1664 5358 1756 5411 καὶ
1799 5359 1903 5412 ὐπ-

235 5436 508 5507 έστρεφον
527 5438 636 5492 ἀπὸ
683 5440 977 5515 προσώπου
1009 5440 1104 5496 τοῦ
1140 5445 1417 5515 συνεδρίου
1455 5445 1769 5515 χαίροντες,
1823 5447 1903 5500 ὅτι

233 5523 655 5597 κατηξιώθησαν
689 5529 829 5602 ὺπέρ
857 5530 949 5584 τοῦ
997 5532 1264 5603 ὀνόματος
1291 5531 1386 5586 τοῦ
1432 5534 1672 5604 Χριστοῦ
1703 5537 1902 5605 ἀτιμα-

233 5612 449 5682 σθῆναι.
475 5612 707 5686 ’Υϐρισέ
744 5633 829 5680 τις
862 5619 957 5673 καὶ
987 5618 1296 5691 ἐλοιδόρησε
1333 5620 1425 5675 τὸν
1461 5620 1739 5686 τοιοῦτον;
1785 5622 1901 5677 ἀλλ’

230 5699 527 5771 ἐπαιδεύθη
559 5703 709 5774 παρᾶ
736 5703 831 5756 τοῦ
866 5705 1105 5776 Χριστοῦ
1142 5708 1356 5779 χαίρειν
1390 5707 1483 5761 ἐπὶ
1511 5711 1632 5772 ταῖς
1689 5709 1898 5781 ὕϐρεσι.

298 5792 548 5865 ξιᾼξίηιιοι
567 5810 681 5865 φρει.
704 5799 902 5863 ἀθυμίαν
922 5801 1286 5865 ἀποκρούεσθαι.

290 5852 325 5920 ιθ
344 5852 800 5920 ᾼ-ιὶίῖμϐαλλόντωνξ

289 5919 323 5983 ,⁸
344 5917 518 5970 More].
544 5926 598 5970 ει
618 5920 817 5985 quidam
838 5935 958 5975 mss.
985 5924 1230 5990 διηνεκῶς,
1252 5925 1335 5981 alii
1359 5925 1579 5987 διηνεκεῖ.

1204 284 1297 391 .δο
1336 334 1664 394 POPLLIJM
1702 328 2202 388 ANTIOCIIENUM
2268 331 2498 388 IIOMIL.
2540 326 2726 388 XVIII.

3600 332 3706 390 ιει

2033 447 2275 516 Χαίρετε
2296 449 2425 520 γάρ,
2456 449 2613 518 φησὶ,
2637 445 2737 501 καὶ
2764 446 3155 518 ἀγαλλιᾶσθε,
3186 445 3333 501 ὅταν
3352 442 3565 502 suam
3595 448 3720 506 πᾶν

2032 535 2303 602 πονηρὸν
2335 534 2501 603 ῥῆμα
2531 533 2661 588 καθ’
2685 532 2853 604 ὑμῶν
2879 534 3244 605 ψευδόμενοι
3288 533 3501 589 ἕνεκεν
3535 528 3707 604 ἐμοῢ.

2031 621 2120 674 ὅτι
2149 625 2180 676 ό
2213 622 2433 691 μισθὸς
2477 622 2647 691 ὑμῶν
2678 621 2873 688 πολὺς
2915 622 2987 676 ἐν
3015 621 3143 689 τοῖς
3194 621 3499 691 οὐρανοῖς.
3543 621 3709 676 Ἀλλά

2029 707 2170 777 νόσῳ
2201 707 2528 778 περιέπεσεν
2551 725 2565 769 ;
2591 708 2707 761 ἀλλ’
2736 708 2968 778 ἥκουσεν
2988 709 3179 780 ἐτέρου
3203 707 3599 781 παραινοῦντος
3613 704 3709 762 καὶ

2028 792 2312 862 λέγοντος⁹
2368 794 2465 846 Ἐν
2498 794 2665 860 νόσῳ
2719 794 2819 847 καὶ
2850 795 3029 863 πενίᾳ
3071 794 3166 848 ἐπ’
3206 793 3368 861 αὐτῷ
3408 793 3708 862 πεποιθὼς

1966 919 1989 933 ..
2027 881 2223 950 γίνου,
2247 881 2337 935 ὅτι
2367 880 2571 949 ὥσπερ
2607 881 2678 935 ἐν
2693 881 2833 951 πυρὶ
2857 878 3223 951 δοκιμάζεται
3242 881 3495 953 χρυσὸς,
3514 882 3703 949 οὕτως

2028 966 2326 1036 ἄνθρωποι
2357 967 2557 1023 δεκτοί
2584 968 2653 1021 ἐν
2685 968 2913 1037 καμίνῳ
2933 968 3373 1037 ταπεινώσεως.
3407 964 3580 1024 Ὅταν
3610 965 3706 1024 οῦν

2033 1056 2178 1127 μήτε
2200 1054 2449 1119 θάνατος,
2483 1056 2621 1127 μήτε
2651 1055 2826 1127 ζημία
2858 1054 3186 1129 χρημάτων,
3236 1054 3374 1129 μήτε
3415 1057 3572 1121 νόσος
3598 1052 3705 1110 σώ-

2030 1158 2220 1211 ματος,
2258 1143 2395 1215 μήτε
2434 1144 2625 1213 ἀτιμία
2646 1183 2660 1208 ,
2697 1144 2833 1215 μήτε
2866 1139 3136 1215 λοιδορία,
3169 1142 3308 1215 μήτε
3348 1137 3477 1197 ἄλλο
3508 1161 3562 1197 τι
3589 1142 3701 1198 τῶν

2026 1230 2287 1284 τοιούτων
2325 1232 2493 1304 μηδὲν
2521 1233 2762 1303 λυπῆσαι
2809 1232 2971 1287 αὐτὸν
3026 1233 3273 1304 δύνηται,
3309 1232 3448 1287 ἀλλά
3484 1231 3580 1287 καὶ
3613 1232 3704 1286 εὐ-

2027 1318 2228 1390 φραίνῃ
2266 1318 2487 1390 μᾶλλον,
2528 1319 2689 1373 ποίαν
2727 1319 2963 1390 ἀθυμίας
2991 1320 3247 1374 ὑπόθεσιν
3296 1320 3408 1388 ἐξει
3435 1314 3598 1389 ποτέ;
3634 1319 3703 1374 Τί

2025 1402 2139 1468 οῦν,
2174 1406 2273 1459 οὐκ
2304 1405 2551 1477 ἠθύμουν
2592 1408 2641 1460 οί
2681 1405 2847 1475 ἅγιοι,
2896 1408 3094 1478 φησίν;
3118 1408 3219 1461 οὐκ
3241 1404 3461 1472 ἀκούεις
3486 1407 3700 1462 Παύλου

2025 1491 2297 1561 λέγοντος,
2334 1493 2507 1561 Λύπη
2547 1494 2654 1563 μοί
2695 1494 2826 1547 ἐστι
2867 1493 3127 1564 μεγάλη,
3178 1494 3278 1549 καί
3322 1494 3704 1562 ἀδιάλειπτος

2026 1580 2213 1648 ὀδύνη
2266 1578 2345 1649 τῇ
2392 1580 2609 1649 καρδίᾳ
2635 1599 2796 1651 μου;
2852 1580 2996 1635 Αὐτὸ
3047 1578 3147 1653 μὲν
3174 1575 3266 1636 οῦν
3316 1576 3475 1637 τοῦτό
3500 1583 3617 1636 ἐστι
3641 1581 3705 1636 τὸ

2026 1665 2366 1737 θαυμαστὸν,
2396 1667 2478 1719 ὅτι
2509 1668 2542 1738 ή
2590 1667 2736 1739 λύπη
2769 1667 2962 1740 κέρδος
3006 1669 3100 1723 καὶ
3138 1670 3333 1741 ἡδονὴν
3364 1668 3466 1741 τὴν
3504 1669 3570 1722 ἐκ
3608 1667 3704 1723 τοῦ

2022 1754 2253 1819 πένθους
2287 1753 2314 1793 ἀ
2368 1754 2585 1826 ἔφερεν.
2625 1755 2836 1827 Ὠσπερ
2857 1756 2965 1827 γὰρ
2987 1757 3043 1809 αἱ
3071 1756 3336 1827 μάστιγες
3363 1756 3464 1811 οὐκ
3490 1753 3704 1821 ὀδύνας,

2023 1841 2158 1896 ἀλλά
2196 1841 2394 1913 χαρὰν,
2433 1840 2574 1897 οῦτω
2623 1846 2719 1897 καὶ
2764 1845 2798 1915 ή
2842 1843 2987 1915 λύπη
3037 1844 3201 1898 πάλιν
3261 1843 3389 1909 τούς
3421 1842 3696 1916 μεγάλους

2022 1927 2263 2005 ἐκείνους
2294 1927 2574 1999 προεξενει
2618 1928 2939 1998 στεφάνους.
2972 1930 3084 1984 Kal
3131 1929 3194 1983 τὸ
3216 1928 3517 2002 παράδοξον
3543 1930 3703 1984 τοῦτό

2023 2016 2289 2080 ἐστιν,ὄτι
2308 2015 2400 2070 τοῦ
2442 2016 2646 2089 κόσμου
2680 2017 2777 2088 μέν
2808 2018 2964 2090 οὐχή
2996 2017 3203 2089 ἀθυμία
3245 2018 3426 2090 μόνον,
3447 2017 3583 2073 ἀλλά
3605 2017 3702 2074 καὶ

2022 2103 2214 2174 ήχαρά
2235 2101 2437 2176 ζημίαν
2452 2103 2564 2175 ἔχει
2594 2104 2692 2176 τὴν
2714 2105 2969 2176 ἐσχάτηνο
2995 2105 3087 2158 ἐπὶ
3106 2105 3163 2159 δὲ
3182 2104 3292 2159 τῶν
3310 2105 3701 2177 πνευματικῶν

2020 2189 2329 2243 τούναντίον
2361 2188 2529 2258 ἀπαν,
2573 2191 2671 2261 οὐχ
2698 2193 2732 2262 ἡ
2756 2192 2902 2263 χαρά
2930 2192 3113 2263 μόνον,
3150 2191 3285 2246 ἀλλά
3303 2191 3396 2247 καὶ
3423 2193 3457 2264 ή
3482 2192 3696 2263 ἀθυμία

2022 2278 2189 2332 πολὺν
2219 2278 2331 2349 ἔχει
2379 2279 2489 2334 τῶν
2531 2280 2753 2349 ἀγαθῶν
2784 2280 2876 2333 τὸν
2916 2280 3225 2352 θησαυρόν·
3263 2280 3359 2334 καὶ
3398 2279 3536 2346 πῶς,
3583 2277 3694 2350 ἐγὼ

2020 2362 2184 2444 λέγω.
2235 2364 2431 2436 Χαίρει
2462 2383 2547 2429 τις
2591 2368 2649 2418 ἐν
2689 2366 2768 2437 τῷ
2802 2368 2992 2437 κόσμῳ
3032 2367 3295 2430 πολλάκις
3334 2366 3529 2439 ἐχθρὸν
3570 2366 3698 2420 δυσ-

2020 2453 2332 2525 ημεροῦντα
2391 2453 2545 2519 ἰδὼν,
2596 2457 2691 2508 καὶ
2724 2455 2812 2509 διά
2858 2456 2959 2526 τῆς
3017 2458 3193 2528 χαρᾶς
3244 2456 3450 2527 ταύτης
3492 2456 3700 2530 πολλὴν

2020 2539 2326 2593 ἐπισπᾶται
2360 2539 2540 2612 ἐαυτῷ
2575 2539 2674 2613 τὴν
2707 2541 2932 2595 κόλασιν
2955 2559 2969 2573 ο
3003 2543 3162 2610 ἀλγεῖ
3188 2559 3273 2606 τις
3316 2543 3479 2596 πάλιν
3512 2542 3701 2615 ἐτερος

2019 2626 2110 2680 τὸν
2135 2627 2365 2698 ἀδελφὸν
2395 2629 2631 2683 πεσόντα
2676 2628 2821 2696 ἰδὼν,
2862 2630 2957 2683 καὶ
2983 2629 3072 2684 διὰ
3098 2630 3199 2702 τῆς
3229 2629 3469 2700 ἀθυμίας
3493 2629 3703 2702 ταύτης

2020 2713 2221 2785 πολλὴν
2252 2714 2431 2786 ἐαυτῷ
2467 2714 2620 2787 παρὰ
2657 2715 2734 2786 τῷ
2756 2715 2876 2787 Θεῷ
2895 2716 3148 2787 προξενεῖ
3167 2714 3269 2787 τὴν
3294 2715 3531 2770 εὔνοιαν.

2101 2801 2262 2873 Ὁρᾷς
2298 2802 2470 2873 πῶςή
2508 2803 2647 2856 κατά
2683 2802 2813 2857 Θεὸν
2841 2803 2987 2874 λύπη
3014 2804 3112 2874 τῆς
3150 2804 3247 2857 τοῦ
3284 2804 3492 2875 κόσμου
3523 2804 3701 2875 χαρᾶς

2020 2884 2245 2955 βελτίων
2278 2886 2372 2938 καὶ⁵
2409 2886 2839 2957 χρησιμωτέρα;
2884 2887 3038 2941 Οὕτω
3070 2889 3164 2940 καὶ
3198 2885 3411 2951 Παῦλος
3451 2887 3703 2941 ἐλυπεῖτο

2017 2972 2256 3036 διά’τούς
2288 2972 2727 3044 ἁμαρτάνοντας,
2755 2971 2844 3026 διά
2873 2974 3001 3038 τοὺς
3050 2971 3418 3038 ἀπιστοῦντας
3446 2973 3525 3046 τῷ
3556 2974 3697 3045 Θεῷ,

2018 3061 2237 3132 καὶτῆς
2281 3058 2459 3131 λύπης
2490 3060 2695 3130 ταύτης
2730 3060 2897 3115 πολὺν
2943 3054 3084 3132 εἶχεν
3143 3060 3506 3130 ἀποκείμενον
3550 3061 3704 3134 αὐτῷ

2017 3148 2108 3204 τὸν
2147 3149 2360 3221 μισθόν.
2395 3150 2511 3203 Ἵνα
2565 3148 2622 3202 δὲ
2672 3150 3006 3222 σαφέστερον
3053 3149 3081 3202 ὅ
3131 3148 3276 3218 λέγω
3328 3151 3559 3221 ποιήσω,
3604 3151 3702 3203 καὶ

2018 3233 2250 3309 μάθητε,
2277 3235 2374 3300 ὡς,
2406 3238 2454 3289 εί
2493 3236 2586 3289 καὶ
2621 3236 2927 3307 παράδοξον
2966 3236 3026 3289 τὸ
3066 3236 3376 3307 εἰρημένον,
3407 3236 3521 3290 ἀλλ’
3546 3238 3700 3308 ὅμως

2017 3325 2164 3376 ἐστὶν
2194 3321 2413 3393 ἀληθὲς,
2442 3322 2537 3377 καὶ
2578 3318 2719 3375 οἶδεν
2746 3324 2775 3376 ὀ
2804 3322 3003 3393 θρῆνος
3043 3323 3304 3387 πολλάκις
3353 3323 3699 3377 ἀνακτᾶσθαι

2015 3410 2113 3473 τὰς
2143 3409 2487 3479 ὀδυνωμένας
2519 3408 2719 3479 ψυχάς,
2747 3409 2843 3462 καὶ
2871 3408 3151 3478 κουφίζειν
3183 3409 3424 3474 συνειδὸς
3464 3409 3697 3482 βεϐαρη-

2019 3497 2201 3565 μένον,
2249 3495 2444 3549 πολλαὶ
2492 3496 2752 3560 πολλάκις
2780 3498 3038 3565 γυναῖκες
3087 3495 3461 3550 ἀποϐαλοῦσαι
3508 3498 3702 3563 παῖδας

2018 3584 2455 3648 ποθεινοτάτους,
2508 3582 2576 3637 ἂν
2618 3583 2717 3655 μὲν
2773 3582 3057 3637 κωλυθῶσι
3101 3582 3370 3656 δακρῦσαι
3412 3585 3509 3638 καὶ
3562 3588 3698 3658 θρηη

2016 3671 2177 3741 νῆσαι
2225 3672 2319 3725 καὶ
2372 3669 2775 3742 ὀλοφύρασθαι,
2821 3670 3247 3743 διαρρήγνυνται
3294 3672 3392 3726 καὶ
3426 3672 3696 3728 ἀπόλλυν-

2015 3773 2136 3812 ται·
2188 3760 2253 3813 ἂν
2292 3760 2348 3813 δέ
2382 3759 2451 3812 τά
2486 3759 2596 3813 τῶν
2658 3758 3017 3831 ἀθυμούντων
3072 3763 3372 3832 ποιήσωσιν
3441 3761 3695 3830 ἅπαντα,

2018 3846 2366 3915 κουφίζονται
2406 3848 2502 3900 καὶ
2541 3846 2899 3918 παραμυθίαν
2931 3846 3295 3917 λαμϐάνουσι.
3324 3848 3435 3902 Καὶ
3476 3849 3530 3902 τί
3562 3849 3697 3903 θαυ-

2020 3933 2243 4004 μαστὸν,
2288 3935 2337 3987 εί
2370 3934 2462 3986 ἐπὶ
2507 3933 2781 4003 γυναικῶν
2808 3932 2969 3987 τοῦτο
2998 3934 3304 4005 συμϐαίνει,
3336 3935 3489 3991 ιδπου
3510 3950 3573 4003 γε
3601 3937 3696 3990 καὶ

2016 4020 2180 4073 αὐτὸν
2221 4021 2312 4073 τὸν
2358 4021 2647 4092 προφήτην
2691 4020 2789 4073 ῖδοι
2818 4037 2900 4084 τις
2947 4018 3013 4073 ἀν
3048 4019 3210 4074 τοῦτο
3242 4020 3557 4090 πάσχοντας
3594 4022 3696 4077 Διά

2016 4106 2173 4161 τοῦτο
2202 4109 2443 4180 συνεχῶς
2471 4108 2657 4177 ἔλεγεν
2675 4123 2690 4139 °
2714 4107 2921 4177 Ἄφετε
2941 4124 3038 4177 με,
3067 4108 3288 4177 πικρῶς
3316 4109 3689 4179 κλαύσομαιο

2010 4194 2096 4265 μὴ
2132 4198 2541 4266 κατισχύσητε
2587 4194 3075 4266 παρακαλοῦντες
3104 4196 3202 4251 ἐπὶ
3246 4195 3313 4249 τὸ
3353 4196 3694 4267 σύντριμμα

2014 4283 2127 4353 τῆς
2163 4287 2455 4356 θυγατρός
2489 4285 2597 4340 τοῦ
2632 4285 2848 4356 γένους
2895 4302 3038 4355 μου.
3068 4285 3231 4338 Ὥστε
3281 4286 3398 4338 ἐστὶ
3433 4286 3691 4347 πολλάκις

2014 4372 2161 4445 λύπη
2186 4373 2542 4444 παραμυθίαν
2564 4374 2804 4444 φέρουσα
2818 4387 2833 4401 ·
2856 4374 2903 4424 εί
2923 4371 2981 4424 δὲ
3012 4372 3106 4424 ἐπὶ
3121 4370 3217 4425 τοῦ
3237 4371 3447 4443 κόσμου
3466 4371 3626 4427 τοῦτο
3641 4384 3688 4436 ο,

2016 4459 2198 4531 πολλῷ
2237 4459 2437 4531 μᾶλλον
2484 4459 2713 4514 ἐπὶτῶν
2744 4457 3132 4529 πνευματικῶν
3181 4458 3546 4531 πραγμάτων.
3587 4460 3691 4515 Διά

2014 4546 2170 4600 τοῦτό
2210 4564 2407 4618 φησιν*
2451 4547 2514 4605 Ἡ
2545 4544 2615 4601 δὲ
2659 4547 2812 4600 κατά
2852 4545 3001 4601 Θεὸν
3031 4546 3199 4614 λύπη
3244 4543 3572 4616 μετάνοια-ν
3600 4548 3690 4614 εις

2013 4636 2320 4705 σωτηρίαν
2371 4634 2783 4704 ἀμετάϐλητον
2813 4634 2835 4673 ί
2890 4632 3323 4704 κατεργάζεται.
3373 4633 3485 4690 Kal
3542 4634 3690 4688 δοκεῖ

2018 4722 2116 4794 μὲν
2170 4721 2327 4775 τοῦτο
2387 4722 2597 4792 ἀσαφὲς
2651 4719 2827 4775 εἶναι·
2883 4721 3037 4794 [185]
3077 4722 3107 4774 ὃ
3143 4721 3201 4775 δὲ
3248 4720 3397 4791 λέγει
3447 4722 3689 4777 τοιοῦτόν

2014 4813 2164 4863 ἐστιν
2183 4827 2196 4841 ⁸
2232 4812 2330 4864 Ἂν
2365 4809 2615 4883 λυπηθῇς
2645 4810 2739 4864 ἐπὶ
2758 4812 3059 4883 χρήμασιν,
3090 4809 3244 4864 οὐδὲν
3274 4808 3596 4881 ὠφέλησαςο
3621 4810 3691 4864 ἂν

2012 4897 2262 4970 λυπηθῇς
2306 4899 2399 4952 ἐπὶ
2463 4900 2768 4969 νοσήματι,
2811 4898 2965 4952 οὐδὲν
3029 4897 3366 4969 ἐκέρδανας,
3412 4897 3553 4953 ἀλλά
3592 4900 3690 4953 καὶ

2013 4985 2309 5058 ἐπέτριψας
2337 4986 2531 5040 σαυτὸν
2562 4988 2586 5027 ⁸
2617 4985 2835 5056 μᾶλλον.

2081 5082 2151 5144 γ’.
2174 5077 2285 5129 Kal
2331 5074 2543 5129 πολλῶν
2594 5074 2770 5143 ἔγωγε
2824 5073 3035 5144 ἥκουσα
3088 5071 3227 5144 μετά
3278 5071 3379 5145 τὴν
3428 5072 3686 5146 τοιαύτην

2012 5165 2210 5235 πεῖραν
2252 5160 2593 5232 αἰτιωμένων
2622 5160 2715 5214 καὶ⁸
2748 5160 2885 5230 πρὸς
2917 5159 3143 5222 ἑαυτοὺς
3178 5156 3447 5228 λεγόντων
3469 5177 3483 5191 ⁸
3516 5161 3581 5214 Τί
3620 5160 3683 5215 τὸ

2011 5249 2221 5319 ὄφελος,
2253 5250 2334 5302 δτι
2382 5248 2632 5319 ήλγησα;
2670 5245 2795 5299 οὐτε
2836 5246 3096 5317 χρήματα
3127 5246 3533 5319 ἀνεκτησάμην,
3584 5250 3681 5301 καὶ

2014 5337 2248 5410 ἐμαυτὸν
2293 5335 2521 5407 ἔϐλαψα.
2558 5337 2655 5390 Ἂν
2687 5336 2744 5389 δέ
2770 5335 3018 5409 λυπηθῇς
3052 5335 3137 5406 ἐφ’
3166 5336 3433 5407 ἁμαρτίᾳ,
3474 5333 3682 5406 ταύτην

2011 5439 2070 5477 τε
2106 5422 2396 5495 ἐξήλειψας
2435 5423 2528 5476 καὶ
2567 5421 2878 5494 ἐκαρπώσω
2912 5422 3175 5495 μεγίστην
3218 5423 3415 5493 ἡδονήν
3436 5438 3451 5454 ·
3484 5422 3554 5475 ἀν
3589 5421 3683 5477 λυο

2013 5509 2193 5581 πηθῇς
2242 5511 2334 5563 ἐπὶ
2385 5512 2497 5573 τοῖς
2542 5509 2792 5580 ἀδελφοῖς
2840 5513 2957 5575 τοῖς
3005 5509 3336 5573 πεπτωκόσι,
3370 5509 3565 5563 σαυτόν
3617 5528 3682 5568 τι

2011 5599 2397 5673 παρεκάλεσας
2450 5600 2544 5655 καὶ
2598 5602 3003 5673 παρεμυθήσω,
3050 5599 3342 5663 κάκείνους
3394 5598 3681 5675 ἀνεκτήτω

2073 5686 2207 5760 ξ
2226 5687 2608 5760 ξενίιιενῠμιεᾍέκ
2626 5685 2713 5760 τοῦ
2955 5687 3106 5760 Ευιτκ
3194 5744 3209 5760 ’

2077 5752 2104 5817 ξ
2129 5749 2212 5817 ξίε
2231 5748 2387 5817 _S_aviI.
2414 5745 2583 5817 θίξιιιί,
2607 5745 2970 5817 τεσιε.1ξόὶιυω
2993 5752 3114 5817 _eraI
3128 5745 3503 5817 $06100..qu1'..

2083 5808 2109 5872 ί,
2132 5811 2284 5859 Savil.
2318 5814 2373 5872 ej
2411 5808 2495 5859 alii
2517 5804 2755 5872 σώτηρίαν
2781 5810 3175 5872 ἀμεταμέλητον,
3214 5817 3270 5858 ει
3299 5805 3372 5859 sic
3406 5807 3589 5871 legitur
3621 5810 3676 5860 in
3696 5804 3723 5835 ⁷

2015 5871 2301 5939 ιιηίὶδρεόεω
2311 5869 2665 5939 ,Εριειοιιι-υαι
2676 5870 2813 5939 [fault
2830 5869 3219 5939 gummi-mg.

2078 5938 2107 5977 ⁸
2132 5931 2286 5984 Recte
2309 5930 2460 5985 Sa‘vil.
2490 5931 2679 5983 σαυτόν.
2697 5930 3131 5995 ιτερὸλὶυτ⁷αὐτό.
3160 5932 3292 5983 lion.
