4068 6426
427 316 527 371 185

429 434 611 489 πάλιν·
678 430 783 486 κᾶν
821 430 984 502 μηδὲν
1036 425 1328 501 ώφελὴσῃς
1372 428 1594 493 αὐτοὺς,
1639 428 1904 500 μεγίστην
1956 427 2099 500 ἔχεις

427 518 715 577 ἀντίδοσιν.
743 513 855 571 Καὶ
894 518 980 571 ἵνα
1027 516 1226 587 μάθῃς,
1270 517 1354 570 δτι
1395 515 1556 570 τοῦτο
1596 516 1658 570 τὸ
1688 516 1975 572 λυπεῖσθαι
2009 516 2101 571 ἐπὶ

428 611 541 672 τοῖς
584 606 921 670 πεπτωκόσι,
949 606 1052 660 κᾶν
1094 606 1262 677 μηδὲν
1310 605 1634 677 ώφελῶμεν,
1669 606 1931 678 μεγίστην
1969 608 2102 678 ἡμῖν

428 697 527 767 τὴν
570 694 804 766 ἀμοιϐὴν
854 694 1043 765 φέρει,
1100 693 1333 747 ἄκουσον
1385 692 1482 746 τοῦ
1518 693 1782 766 Ἰεζεκιὴλ
1828 694 2095 763 λέγοντος,

432 782 633 854 μᾶλλον
667 781 723 836 δέ
757 780 849 834 τοῦ
883 781 1019 835 Θεοῦ
1062 781 1131 835 δι’
1162 780 1372 835 ἐκείνου
1420 780 1740 846 λαλοῦντος·
1774 781 1961 854 ἐπειδὴ
1992 782 2103 855 γάρ

426 870 639 940 ἔπεμψέ
676 886 828 935 τινας
876 868 1229 940 κατασκάψαι
1268 868 1366 941 τὴν
1413 867 1589 931 πόλιν,
1621 870 1718 922 καὶ
1768 869 1973 941 σιδήρῳ
2007 870 2103 922 καὶ

427 959 559 1029 πυρὶ
587 957 897 1029 δαπανῆσαι
952 958 1024 1012 τά
1075 957 1485 1030 οἰκοδομήματα
1541 957 1759 1011 ἅπαντα
1804 957 1946 1029 μετά
1991 957 2102 1011 τῶν

425 1044 777 1099 ἐνοικούντων
816 1044 1014 1107 αὐτῶν,
1052 1044 1263 1098 κελεύει
1295 1046 1404 1099 τινὶ
1437 1044 1613 1114 λέγων
1649 1043 1852 1109 οὕτως·
1885 1042 2000 1111 Δὸς
2030 1043 2099 1098 τὸ

422 1132 679 1203 σημεῖον
707 1132 806 1185 ἐπὶ
844 1131 912 1185 τὸ
944 1132 1269 1203 πρόσωπον
1296 1131 1417 1185 τῶν
1448 1130 1687 1199 ἀνδρῶν
1727 1129 1849 1185 τῶν
1879 1146 2100 1188 στεναα

422 1220 643 1281 ζόντων
680 1220 778 1274 καί
813 1219 1338 1292 κατοδυνωμένων.
1374 1220 1485 1274 Kal
1517 1223 1631 1285 τοῖς
1666 1220 1874 1293 ἑτέροις
1912 1220 2101 1274 κελεύ·

424 1324 544 1371 σας,
592 1308 687 1361 καὶ
736 1306 937 1373 εἰπὼν,
983 1309 1066 1362 δτι
1103 1306 1237 1363 Ἀπὸ
1286 1306 1407 1361 τῶν
1437 1307 1622 1377 ἁγίων
1663 1325 1782 1377 μου
1812 1307 2099 1376 ἆρξασθε,

422 1397 672 1464 ἐπήγαγε
724 1394 923 1463 λέγων,
960 1394 1086 1448 Ἐπί
1127 1394 1197 1448 δὲ
1243 1394 1349 1461 οὓς
1400 1395 1535 1448 ἐστι
1580 1394 1648 1448 τὸ
1698 1394 1971 1464 σημεῖον,
2010 1395 2099 1465 μὴ

420 1481 663 1552 ἇψησθε
705 1483 923 1538 αὐτῶν.
973 1483 1130 1546 Τίνος
1162 1482 1371 1549 ἕνεκεν,
1417 1484 1540 1537 εἰπέ
1576 1499 1702 1555 μοι;
1753 1483 1877 1538 Ὀτι
1906 1486 1955 1537 εί
2004 1484 2100 1538 καὶ

424 1570 594 1641 μηδὲν
630 1570 952 1640 ὠφελοῦσιν,
981 1570 1096 1624 ἀλλ’
1125 1573 1275 1643 ὅμως
1308 1572 1555 1625 στένουσι
1596 1571 1667 1625 τά
1700 1572 1960 1644 γινόμενα
2006 1573 2101 1627 καὶ

418 1656 792 1730 ὀλοφύρονται.
827 1658 938 1712 Kal
968 1658 1176 1729 ἑτέροις
1202 1658 1259 1712 δὲ
1282 1658 1544 1728 ἐγκαλεῖο
1593 1658 1771 1728 λέγων
1798 1660 1983 1728 πάλιν,
2015 1661 2097 1714 ὅτι

418 1744 739 1816 τρυφῶντες
773 1746 866 1799 καί⁵
897 1746 1342 1819 γαστριζόμενοι,
1372 1748 1468 1801 καὶ
1502 1746 1703 1819 πολλῆς
1730 1746 2101 1814 ἀπολαύοντες

419 1837 627 1902 ἀδείας,
660 1836 859 1901 ἰδόντες
886 1838 1011 1901 τούς
1050 1837 1337 1903 Ἰουδαίους
1368 1840 1448 1904 εἰς
1482 1837 1863 1908 αἰχμαλωσίαν
1895 1839 2102 1907 ἀπαγο-

421 1924 637 1995 μένους,
680 1926 781 1980 οὐκ
811 1924 1078 1997 ἡλγησαν,
1108 1926 1209 1979 οὐκ
1258 1925 1626 1997 ἐκοινώνησαν
1673 1926 1772 1995 τῆς
1821 1925 2094 1998 ἀθυμίας·

417 2014 515 2068 καὶ
546 2012 797 2084 ἐγκαλῶν
846 2015 1033 2078 αὐτοῖς
1068 2032 1257 2087 φησιν,
1291 2017 1413 2070 Οὐκ
1457 2015 1735 2085 ἔπασχον
1769 2014 1952 2070 οὐδὲν
1997 2016 2097 2071 ἐπὶ

417 2100 492 2170 τῇ
549 2101 843 2172 συντριϐῇ
888 2100 993 2157 τοῦ
1035 2100 1270 2172 Ἰωσὴφ,
1327 2103 1527 2175 Ἰωσὴφ
1578 2102 1671 2155 τὸν
1731 2101 1862 2157 λαὸν
1919 2101 2098 2157 καλῶν

417 2189 665 2244 ἅπαντα·
704 2190 799 2244 καὶ
832 2190 1014 2255 πάλιν,
1052 2193 1175 2245 Οὐκ
1217 2189 1439 2259 ἐξῆλθε
1477 2190 1846 2245 κατοικοῦσα
1887 2190 2096 2255 Αίνὰν,

417 2279 725 2347 κόψασθαι
758 2274 927 2332 οἶκον
956 2278 1250 2349 ἐχόμενον
1302 2276 1514 2346 αὐτῆς.
1555 2276 1676 2331 Κᾶν
1722 2277 1835 2350 γὰρ
1875 2276 2100 2342 δικαίως

414 2364 776 2431 κολάζωνται,
815 2364 1065 2436 βούλεται
1095 2365 1383 2434 συναλγεῖν
1409 2366 1579 2437 ἡμᾶς,
1603 2366 1743 2420 ἀλλά
1777 2365 1854 2438 μὴ
1884 2364 2099 2436 χαίρειν

417 2453 555 2525 μηδὲ
601 2453 913 2524 ἐφήδεσθαι.
978 2455 1042 2508 El
1088 2454 1201 2526 γὰρ
1247 2453 1382 2523 ἐγὼ,
1438 2456 1626 2527 φησὶν,
1676 2457 1704 2508 6
1751 2454 1994 2519 κολάζων
2035 2454 2096 2508 οὐ

419 2539 626 2614 χαίρων
644 2540 809 2594 τοῦτο
838 2540 979 2595 ποιῶ
997 2541 1056 2607 ι’,
1075 2542 1195 2597 οὐδὲ
1218 2542 1418 2614 ἥδομαι
1449 2541 1630 2595 αὐτῶν
1659 2543 1753 2596 ἐπὶ
1765 2545 1831 2614 τῇ
1858 2541 2099 2616 τιμωρίᾳ

415 2629 527 2698 (Ob
565 2628 673 2701 γὰρ
712 2629 959 2697 θελήσει
1014 2629 1167 2704 θέλω
1210 2628 1319 2683 τὸν
1371 2628 1633 2685 θάνατον
1673 2629 1781 2684 τοῦ
1831 2630 2098 2699 ἁμαρτω-

412 2714 575 2785 λοῦ),
603 2715 682 2768 δεῖ
718 2716 812 2769 καὶ
844 2716 904 2769 σὲ
937 2715 1049 2783 ζτὸν
1076 2716 1355 2788 Δεσπότην
1403 2715 1716 2787 μιμεῖσθαι,
1753 2716 1850 2771 καὶ
1873 2717 1943 2770 δι’
1967 2717 2099 2771 αὐτὸ

419 2804 519 2874 μὲν
556 2798 650 2857 οὖν
677 2803 835 2857 τοῦτο
881 2803 1090 2873 ἀλγεῖν,
1132 2806 1217 2859 ὃτι
1261 2804 1479 2868 δικαίας
1534 2805 1810 2870 κολάσεως
1840 2804 2098 2860 ὑπόθεσιν

416 2892 661 2963 παρέσχε
695 2892 1119 2964 καῖ’πρόφασιν.
1153 2892 1320 2946 Ὥστε
1366 2892 1474 2947 κᾶν
1525 2891 1764 2963 λυπῆταί
1819 2909 1903 2956 τις
1956 2893 2099 2948 κατὰ

413 2981 571 3047 Θεὸν,
633 2982 876 3054 μεγάλην
932 2980 1185 3035 ἐντεῦθεν
1234 2979 1548 3055 καρποῦται
1594 2980 1886 3049 ὠφέλειαν.
1928 2982 2098 3037 Ὀταν

413 3064 509 3125 οῦν
543 3072 595 3125 οἱ
629 3069 1019 3142 μαστιζόμενοι
1047 3069 1157 3123 τῶν
1190 3069 1566 3141 μαστιζόντων
1609 3068 1718 3122 εἰσὶ
1750 3070 2098 3142 μακαριώτε-

416 3176 523 3230 ροι,
564 3160 658 3212 καί
696 3159 746 3212 οί
786 3158 1095 3230 θλιϐόμενοι
1135 3159 1267 3231 παρ’
1302 3158 1433 3229 ἡμῖν
1480 3155 1589 3210 τῶν
1621 3157 1680 3211 ἐν
1724 3157 1906 3212 ἀνέσει
1948 3159 2099 3229 παρὰ

412 3250 525 3313 τοῖς
572 3245 796 3313 ἔξωθεν,
850 3248 946 3301 καὶ
997 3248 1047 3300 οἱ
1112 3244 1455 3317 ἀθυμοῦντες
1500 3244 1610 3298 τῶν
1659 3244 1957 3316 ἡδομένων,
2014 3247 2100 3312 τίς

413 3334 568 3389 ἔσται
600 3335 787 3388 λοιπὸν
818 3334 1050 3403 θλίψεως
1094 3335 1225 3405 ἡμῖν
1253 3333 1517 3404 ἀφορμῆς
1564 3331 1664 3386 Διά
1706 3332 1864 3387 τοῦτο
1906 3333 2099 3388 οὐδένα

411 3424 520 3495 χρὴ
570 3422 916 3494 μακαρίζειν,
949 3421 1064 3475 ἀλλ’
1099 3421 1133 3493 ἢ
1172 3420 1267 3474 τὸν
1312 3420 1456 3474 κατά
1502 3419 1637 3473 Θεὸν
1688 3420 1869 3485 ζῶντα
1914 3421 2095 3491 μόνον.

415 3509 648 3574 Τούτους
692 3510 788 3562 καὶ
843 3511 877 3580 ἡ
920 3507 1112 3580 Γραφὴ
1164 3505 1463 3578 μακαρίζει
1514 3506 1741 3578 μόνους·
1794 3507 2099 3576 Μακάριος

414 3598 545 3670 γάρ,
573 3596 758 3668 φησὶν,
776 3595 952 3663 ἀνὴρ,
974 3595 1043 3661 ὃς
1068 3596 1179 3649 οὐκ
1205 3594 1498 3662 ἐπορεύθη
1521 3592 1810 3663 ὲνβουλῇ
1830 3593 2092 3649 ἀσεϐῶν·

415 3683 718 3753 Μακάριος
741 3682 815 3737 ὃν
839 3682 916 3737 ἂν
942 3681 1303 3749 παιδεύσῃς,
1332 3682 1527 3751 Κύριε,
1552 3681 1652 3736 καὶ
1673 3682 1742 3736 ἐκ
1769 3682 1876 3737 τοῦ
1907 3683 2096 3751 νόμου

413 3786 533 3826 σου
576 3770 821 3839 διδάξῃς
872 3772 1091 3824 αὐτόν·
1123 3768 1413 3837 Μακάριοι
1459 3771 1513 3823 οἱ
1545 3770 1771 3840 ἄμωμοι
1824 3770 1896 3825 ἐν
1941 3770 2092 3837 ὀδῷ·

414 3857 703 3927 Μακάριοι
735 3858 957 3924 πάντες
989 3858 1043 3912 οί
1069 3857 1421 3923 πεποιθότες
1452 3857 1544 3910 ἐπ’
1574 3857 1764 3924 αὐτῷ·
1795 3858 2098 3928 Μακάριος

415 3949 451 4001 ὀ
472 3947 644 4014 λαὸς,
672 3942 743 4002 οὗ
778 3948 993 4013 Κύριος
1022 3948 1056 4000 ό
1092 3944 1235 4011 Θεὸς
1260 3944 1449 4000 αὐτοῦ
1482 3956 1503 3985 ο
1524 3961 1538 3975 ·
1568 3946 1886 4017 Μακάριος,
1924 3943 1997 4004 οὗ
2023 3951 2097 4003 οὐ

415 4036 682 4106 κατέγνω
722 4036 762 4104 ἡ
804 4035 975 4105 ψυχὴ
1008 4035 1196 4089 αὐτοῦ
1219 4052 1233 4068 ·
1267 4035 1570 4104 Μακάριος
1604 4035 1783 4105 ἀνὴρ,
1811 4039 1845 4091 ὁ
1877 4038 2096 4107 φοϐού-

410 4141 598 4194 μενος
623 4123 731 4177 τὸν
753 4124 992 4191 Κύριον.
1022 4122 1135 4177 Καὶ
1157 4123 1185 4176 6
1212 4122 1448 4193 Χριστὸς
1474 4122 1637 4177 πάλιν
1662 4123 1862 4188 οὕτως·
1895 4123 2097 4180 Μακά-

411 4230 531 4283 ριοι
574 4217 629 4268 οι
674 4213 1059 4279 πενθοῦντες,
1098 4210 1377 4282 μακάριοι
1405 4214 1459 4267 οὶ
1488 4211 1777 4278 ταπεινοί,
1813 4213 2095 4283 μακάριοι

416 4304 471 4355 οἱ
495 4301 723 4369 πραεῖς,
746 4296 895 4372 [I86]
918 4299 1195 4371 μακάριοι
1216 4302 1271 4355 οἱ
1309 4298 1696 4368 είρηνοποιοί,
1731 4300 2011 4369 μακάριοι
2041 4302 2095 4354 οἱ

415 4386 796 4456 δεδιωγμένοι
830 4386 1041 4441 ἕνεκεν
1084 4386 1496 4455 δικαιοσύνης.
1538 4386 1700 4459 Ὁρᾷς
1734 4386 1851 4452 πῶς
1891 4404 2096 4440 παντα-

417 4474 516 4544 χοῦ
546 4474 740 4528 οὐδένα
778 4472 886 4527 τῶν
935 4472 1331 4535 πλουτούντων,
1356 4474 1418 4527 οὐ
1459 4472 1566 4527 τῶν
1606 4476 1664 4527 ἐν
1714 4474 1985 4546 εὐγενείᾳ,
2031 4476 2093 4528 οὐ

415 4558 529 4612 τῶν
566 4559 725 4630 δόξης
778 4558 1162 4614 ἀπολαυόντων
1214 4559 1609 4631 μακαρίζουσιν
1643 4562 1694 4615 οί
1736 4560 1869 4615 θεῖοι
1913 4563 2090 4633 νόμοι,

419 4646 559 4701 ἀλλά
601 4647 693 4701 τὸν
737 4647 941 4719 ἀρετῆς
994 4646 1432 4718 ἐπειλημμένον;
1476 4648 1550 4702 Τὸ
1584 4649 1693 4721 γὰρ
1738 4648 2092 4721 ζητούμενον,

419 4736 639 4791 πάντων
671 4728 747 4789 ὧν
773 4734 839 4789 ἀν
868 4734 1169 4806 ποιῶμενῆ
1202 4734 1523 4807 πάσχωμεν,
1554 4736 1813 4792 ὑπόθεσιν
1839 4733 1977 4792 εῖναι
2003 4739 2094 4793 τὸν

415 4822 509 4878 τοῦ
542 4822 678 4878 Θεοῦ
726 4822 913 4892 φόϐον,
943 4821 1047 4876 κᾶν
1075 4821 1281 4893 ταύτην
1308 4823 1734 4896 προκαταϐάλῃς
1768 4823 1866 4897 τὴν
1915 4826 2091 4896 ῥίζαν,

416 4913 518 4967 οὐκ
560 4913 743 4975 ἄνεσις
783 4911 964 4983 μόνον,
1011 4911 1132 4965 οὐδὲ
1180 4911 1368 4984 τιμαὶ,
1417 4914 1513 4966 καὶ
1568 4912 1752 4978 δόξαι,
1798 4914 1893 4968 καὶ
1931 4916 2094 4987 θερα-

419 5003 591 5065 πεῖαι,
621 5000 760 5056 ἀλλά
789 5000 886 5055 καὶ
912 4999 1188 5072 έπήρειαι,
1219 5002 1315 5054 καλ.
1344 5001 1721 5069 συκοφαντίαι,
1758 5003 1851 5056 καὶ
1881 5002 2090 5075 ὕϐρεις,

416 5087 517 5142 καὶ
562 5087 814 5158 ἀτιμίαι,
859 5088 958 5143 καὶ
996 5086 1254 5157 βάσανοι,
1298 5088 1393 5142 καὶ
1431 5087 1611 5143 πάντα
1659 5088 1848 5153 ἁπλῶς
1902 5091 2091 5163 ἡδονῆς

419 5191 504 5229 σοι
538 5174 832 5246 βλαστήσει
880 5175 1150 5247 καρπούς.
1180 5175 1292 5230 Kal
1322 5176 1578 5249 καθάπερ
1616 5176 1726 5231 τῶν
1764 5178 2006 5252 δένδρων
2035 5180 2093 5233 αἱ

421 5261 569 5330 ῥίζαι
615 5261 781 5316 αὐταὶ
833 5260 931 5333 μέν
972 5264 1078 5316 εἰσι
1128 5264 1347 5335 πικραὶ,
1389 5263 1639 5335 ἠδίστους
1684 5264 1742 5318 δὲ
1782 5267 1914 5335 ἡμῖν
1964 5267 2094 5331 τοὺς

419 5349 669 5421 καρποὺς
719 5347 998 5420 φέρουσιν,
1048 5348 1193 5403 οῦτω
1235 5350 1300 5421 δὴ
1350 5352 1446 5405 καὶ
1492 5354 1526 5422 ἡ
1564 5351 1707 5406 κατά
1756 5351 1890 5406 Θεὸν
1947 5353 2091 5428 λύπη

417 5436 621 5508 πολλὴ)
657 5439 792 5508 ἡμῖν
833 5436 972 5491 οῖσει
1014 5436 1111 5508 τὴν
1151 5437 1368 5510 ἡδονήν.
1396 5440 1625 5505 Ἰσασιν,
1672 5439 1787 5494 ὅσοι
1833 5440 2094 5508 πολλάκις

421 5524 540 5594 μετ’
563 5524 757 5596 ὀδύνης
795 5523 1031 5597 ηὔξαντο
1073 5525 1168 5578 καὶ
1200 5524 1411 5597 δάκρυα
1445 5526 1688 5598 ἐξέχεαν,
1722 5528 1897 5601 πόσην
1930 5530 2095 5601 ὲκαρ-

479 5646 512 5711 ‘_
531 5645 682 5695 Savn.
707 5653 759 5711 et
779 5646 976 5711 quidam
1003 5647 1086 5697 alii
1108 5647 1251 5711 μηδὲν
1274 5648 1505 5711 ὠφέλουν,
1526 5648 1628 5711 mi
1651 5648 1780 5711 ὅμως
1808 5649 1995 5700 ἔστενον
2032 5653 2095 5703 τὰ

414 5707 633 5782 γινριξεχα
652 5710 732 5782 καὶ
756 5707 1070 5782 ἆξλοφύροντο.
1107 5707 1200 5782 καὶ
1222 5707 1395 5773 ἑτέροις
1419 5711 1469 5758 δὲ
1491 5707 1717 5759 ἐνεκάλει.

394 5776 399 5783 ·
426 5764 436 5768 ⁷
649 5769 703 5833 οὐ
724 5764 875 5833 χαίρω
896 5764 1039 5817 ⁴ιίοῦτο
1062 5771 1230 5833 ποιῶν.

477 5830 500 5857 ο
531 5827 762 5887 [Ἴθι-ἰηιιέ
801 5827 916 5878 ὴιςε.
940 5839 995 5878 ιιι
1014 5831 1225 5880 edimus.
1251 5830 1402 5882 Savil.
1427 5836 1592 5881 autem
1620 5837 1674 5881 et
1711 5832 1881 5883 Morel.
1907 5835 1963 5883 οὗ
1990 5835 2090 5887 Κύ-

416 5899 515 5943 pm;
540 5893 568 5938 ὁ
589 5887 706 5941 Θεὸς
730 5891 893 5949 βοηθὸς
914 5890 1077 5939 αὐτοῦ.

1237 312 1295 368 S.
1336 310 1621 370 JOANNIS
1657 308 2141 368 CHRYSOSTOMI
2179 308 2501 374 ARCIIILP.
2540 306 3097 370 CONSTANTINOP:

3778 300 3887 358 185

2217 428 2470 483 πώσαντο
2517 432 2617 502 τὴν
2666 431 3029 503 εὐφροσύνην,
3069 429 3188 494 πῶς
3235 426 3577 502 ἐξεκάθηραν
3606 432 3671 486 τὸ
3701 446 3890 487 συνει-

2205 517 2314 581 δὸς,
2363 518 2481 582 πῶς
2513 519 2654 590 μετὰ
2701 520 2945 591 χρηστῆς
2971 519 3274 589 ἀνέστησαν
3300 517 3534 582 ἐλπίδος.
3561 519 3741 591 Ὅπερ
3770 521 3887 594 γὰρ

2206 605 2293 659 ἀεὶ
2322 605 2487 676 λέγω,
2525 608 2624 678 οὐχ
2651 610 2685 678 ἡ
2717 607 2825 661 τῶν
2856 607 3201 680 πραγμάτων
3234 606 3417 677 φύσις,
3447 605 3562 660 ἀλλ’
3587 607 3623 678 ἡ
3667 606 3891 663 διάνοια

2206 693 2239 763 ἡ
2295 693 2541 765 ἡμετέρα
2596 694 2787 748 λυπεῖν
2832 695 2981 766 ἡμᾶς
3039 694 3199 748 εἴωθε
3255 694 3351 748 καὶ
3408 694 3742 765 εὐφραίνειν.
3781 697 3888 751 “Av

2205 780 2387 834 τοίνυν
2417 782 2623 853 ταύτην
2661 783 3186 853 κατασκευάσωμεν,
3214 784 3333 837 οἵαν
3365 778 3506 837 εἷναι
3536 784 3665 856 χρὴ,
3696 784 3888 857 πάσης

2206 868 2474 939 εὐθυμίας
2495 867 2523 908 ά
2552 872 2805 944 ἐνέχυρον
2834 869 3063 941 ἕξομεν·
3089 870 3185 924 καὶ⁸
3205 870 3458 943 καθάπερ
3489 871 3550 926 τὸ
3588 872 3753 943 σῶμα
3779 873 3888 944 οὐχ

2205 953 2378 1021 οὕτως
2427 960 2460 1028 ἡ
2504 957 2613 1012 τῶν
2657 960 2837 1031 ἀέρων
2868 958 3029 1028 φύσις
3058 959 3181 1014 οὐδέ
3221 960 3277 1011 al
3309 958 3508 1024 ἔξωθεν
3549 959 3886 1030 προσϐολαὶ,

2204 1040 2341 1115 ὡςὴ
2380 1044 2556 1098 οἰκεία
2609 1045 2921 1117 κατασκευὴ
2949 1047 3044 1099 καὶ
3085 1045 3311 1116 βλάπτει
3350 1047 3446 1100 καὶ
3482 1046 3709 1116 ὠφελεῖ,
3735 1045 3889 1103 οὕτω

2207 1131 2303 1184 καί⁹
2333 1133 2426 1184 ἐπὶ
2468 1132 2572 1201 τῆς
2608 1132 2819 1204 ψυχῆς·
2870 1133 2966 1187 καὶ
3016 1133 3198 1203 πολλῷ
3249 1132 3430 1187 πλέον.
3466 1132 3733 1188 Ἐνταῦθα
3781 1135 3889 1205 μὲν

2206 1217 2315 1288 γάρ
2357 1218 2573 1288 φύσεώς
2606 1222 2755 1274 ἐστιν
2779 1221 3016 1293 ἀνάγκη,
3060 1223 3178 1275 ἐκεῖ
3208 1220 3264 1274 δὲ
3293 1221 3355 1274 τὸ
3381 1223 3490 1275 πάν
3519 1222 3614 1275 ἐπὶ
3640 1224 3708 1293 τῇ
3741 1239 3887 1295 προ-

2207 1306 2421 1378 αιρέσει
2460 1312 2658 1363 κεῖται.
2690 1309 2791 1363 Διά
2820 1309 2982 1363 τοῦτο
3022 1310 3052 1362 6
3100 1308 3313 1374 Παῦλος
3365 1309 3539 1381 μυρία
3576 1309 3887 1380 ὑπομείνας

2203 1394 2374 1460 δεινὰ,
2426 1397 2684 1466 ναυάγια,
2743 1397 3035 1469 πολέμους,
3087 1398 3507 1463 ἐπαναστάσεις,
3559 1397 3884 1462 ἐπιϐουλάς,

2203 1482 2418 1555 λῃστῶν
2456 1486 2702 1555 ἐφόδους,
2732 1486 2828 1540 καὶ
2864 1488 2967 1540 ὅσα
3002 1486 3126 1541 οὐδὲ
3160 1485 3653 1559 ἀπαριθμήσασθαι
3692 1485 3776 1540 ενι
3801 1485 3889 1556 τῷ

2204 1569 2368 1645 λόγῳ,
2422 1573 2519 1628 καὶ
2577 1573 2984 1646 καθημερινοῦς
3053 1574 3319 1638 θανάτους
3383 1573 3768 1644 ἀποθνήσκων,
3817 1574 3888 1626 οὐ

2207 1660 2369 1731 μόνον
2398 1662 2500 1715 οὐκ
2528 1661 2685 1734 ἡλγει
2720 1662 2843 1716 οὐδέ
2886 1660 3284 1732 ἐδυσχέραινεν,
3315 1660 3454 1714 ἀλλά
3481 1661 3576 1715 καὶ
3607 1663 3888 1731 ἐκαυχᾶτο

2215 1748 2312 1804 καὶ
2339 1748 2546 1821 ἔχαιρε,
2579 1750 2673 1804 καὶ
2706 1749 2888 1819 λέγει·
2919 1749 3049 1804 Νῦν
3079 1750 3265 1819 χαίρω
3299 1748 3371 1802 ἐν
3402 1748 3530 1814 τοῖς
3562 1748 3889 1817 παθήμασι

2197 1858 2340 1910 μου,
2382 1842 2479 1895 καί
2543 1840 2986 1911 ἀνταναπληρῶ
3031 1844 3104 1896 τὰ
3143 1839 3530 1910 ὑστερήματα
3586 1838 3709 1894 τῶν
3751 1840 3890 1895 θλί-

2203 1932 2369 1998 ψεων
2404 1929 2511 1985 τοῦ
2552 1928 2811 1999 Χριστοῦ
2839 1930 2909 1984 ἐν
2945 1927 3020 1998 τῇ
3048 1930 3230 1997 σαρκί
3261 1944 3410 1998 μου·
3447 1928 3542 1982 xal
3572 1927 3766 1982 πάλιν·
3796 1925 3889 1983 οὐ

2197 2017 2393 2085 μόνον
2421 2016 2509 2083 δὲ,
2544 2016 2708 2071 ἀλλὰ
2753 2016 2851 2071 καὶ
2889 2014 3244 2085 καυχώμεθα
3275 2016 3347 2069 ἐν
3384 2010 3518 2081 ταῖς
3553 2014 3883 2084 θλίψεσιν·

2201 2105 2233 2173 ἡ
2267 2103 2323 2157 δὲ
2353 2103 2623 2175 καύχησις
2652 2103 2848 2177 ἡδονῆς
2879 2106 3027 2157 ἐστιν
3059 2102 3329 2167 ἐπίτασις.

2272 2190 2335 2246 δ’.
2368 2191 2466 2244 “Av
2498 2190 2680 2244 τοίνυν
2716 2190 2983 2261 εὐθυμίας
3015 2189 3321 2262 ἐπιθυμῇς,
3361 2190 3436 2262 μὴ
3463 2192 3758 2264 χρήματα,
3805 2190 3890 2267 μὴ

2203 2276 2458 2349 σώματος
2502 2278 2737 2348 ὑγίειαν,
2776 2278 2851 2349 μὴ
2902 2277 3080 2342 δόξαν,
3129 2277 3204 2349 μὴ
3237 2277 3575 2344 δυναστείαν,
3629 2278 3705 2349 μὴ
3741 2295 3887 2351 τρυ-

2204 2366 2332 2436 φὴν,
2374 2364 2449 2437 μὴ
2493 2366 2777 2437 τραπέζας
2832 2365 3173 2432 πολυτελεῖς,
3212 2365 3288 2439 μὴ
3343 2366 3586 2439 σηρικῶν
3645 2367 3888 2438 ἱματίων

2204 2452 2520 2524 περιϐολὰς,
2564 2454 2639 2525 μὴ
2668 2453 2981 2517 πολυτελεῖς
3013 2454 3247 2524 ἀγροὺς,
3293 2452 3369 2525 μὴ
3406 2454 3586 2518 οἰκίας
3615 2452 3886 2529 λαμπρὰς

2202 2541 2298 2595 καὶ
2350 2545 2701 2615 περιφανεῖς,
2751 2542 2885 2614 μηδὲ
2927 2541 3057 2597 ἄλλο
3111 2559 3165 2596 τι
3215 2541 3324 2595 τῶν
3398 2540 3659 2595 τοιούτων
3709 2542 3887 2597 δίωκε

2207 2628 2375 2701 μηδέν
2397 2646 2412 2661 ·
2457 2629 2597 2684 ἀλλά
2641 2628 2963 2700 φιλοσοφίαν
3003 2629 3228 2700 μέτελθε
3262 2627 3363 2702 τὴν
3408 2630 3552 2684 κατὰ
3585 2627 3743 2695 Θεὸν,
3779 2630 3888 2684 καὶ

2201 2717 2407 2789 ἀρετῆς
2445 2716 2707 2771 ἐπιλαϐοῦ
2727 2733 2740 2748 ·
2780 2718 2874 2772 καὶ
2910 2717 3066 2771 οὐδέν
3109 2733 3169 2770 σε
3210 2717 3271 2770 οὐ
3305 2715 3420 2770 τῶν
3451 2716 3640 2781 δντων,
3671 2716 3738 2771 οὐ
3768 2716 3887 2772 τῶν

2199 2804 2575 2877 ἐλπιζομένων
2624 2804 2865 2875 λυπῆσαι
2931 2804 3256 2877 δυνήσεται·
3293 2803 3347 2857 τί
3394 2804 3538 2874 λέγω
3587 2804 3884 2875 λυπῆσαι;

2202 2894 2493 2968 προσθήκη
2543 2894 2644 2965 μὲν
2679 2890 2773 2948 οῦν
2818 2893 3012 2966 ἡδονῆς
3047 2910 3130 2948 σοι
3173 2894 3468 2964 γενήσεται
3506 2891 3576 2947 τά
3621 2892 3753 2957 τοὺς
3783 2892 3888 2948 άλ-

2199 2982 2325 3048 λους
2368 2982 2677 3037 λυποῦντα·
2714 2982 2806 3035 καί
2858 2981 2968 3055 γὰρ
3012 2980 3312 3053 μάστιγες,
3344 2980 3441 3035 καὶ
3486 2979 3747 3047 θάνατος,
3781 2980 3885 3035 καὶ

2201 3068 2433 3141 ζημίαι,
2465 3069 2563 3122 καὶ
2610 3068 2977 3141 κακηγορίαι,
3024 3069 3210 3122 καὶτὸ
3241 3068 3432 3132 κακῶς
3490 3068 3743 3139 πάσχειν,
3780 3069 3882 3122 καὶ

2201 3158 2382 3212 πάντα
2424 3158 2494 3211 τά
2531 3156 2779 3224 τοιαῦτα,
2817 3158 2946 3210 ὅταν
2977 3156 3065 3211 διὰ
3090 3156 3184 3211 τὸν
3210 3157 3344 3211 Θεὸν
3389 3158 3522 3228 ἡμῖν
3558 3156 3880 3233 έπάγηται,

2200 3249 2294 3301 καὶ
2319 3245 2525 3318 ταύτην
2556 3246 2653 3317 ἔχῃ
2683 3245 2779 3317 τὴν
2825 3244 3001 3317 ῥίζαν,
3031 3243 3232 3315 πολλὴν
3268 3246 3400 3316 ἡμῖν
3438 3246 3516 3307 εἰς
3551 3242 3651 3315 τὴν
3694 3243 3883 3316 ψυχὴν

2200 3336 2411 3404 εἰσάγει
2436 3333 2537 3405 τὴν
2562 3334 2775 3404 ἡδονήν.

2272 3422 2462 3485 Οὐδεὶς
2515 3421 2626 3492 γάρ
2677 3421 2826 3491 ἡμᾶς
2858 3420 3078 3484 ἀθλίους
3131 3419 3357 3491 ποιῆσαι
3407 3420 3737 3493 δυνήσεται,
3780 3423 3882 3475 ἐὰν

2204 3511 2279 3583 μὴ
2323 3511 2549 3573 ἑαυτοὺς
2594 3511 2944 3579 ποιήσωμεν·
2980 3507 3171 3579 ῶσπερ
3219 3503 3311 3562 οὖν
3361 3508 3487 3562 οὐδὲ
3533 3509 3873 3581 μακαρίους,

2202 3598 2295 3652 ἐὰν
2346 3597 2420 3670 μὴ
2472 3597 2697 3661 ἑαυτοὺς
2759 3594 3163 3668 ἐργασώμεθά,
3224 3594 3363 3667 μετὰ
3418 3597 3520 3668 τὴν
3590 3595 3685 3650 τοῦ
3737 3596 3877 3653 Θεοῦ

2200 3686 2378 3756 χάριν.
2430 3683 2540 3739 Kal
2587 3684 2675 3736 ἵνα
2716 3683 2943 3754 μάθητε,
2994 3683 3076 3735 δτι
3115 3677 3270 3747 οὗτος
3310 3683 3471 3754 μόνος
3519 3684 3639 3737 ἐστὶ
3690 3684 3877 3754 μακάο

2204 3791 2337 3845 ριος,
2374 3775 2402 3828 6
2447 3770 2784 3842 φοϐούμενος
2829 3772 2923 3825 τὸν
2957 3771 3184 3842 Κύριον,
3227 3770 3329 3824 οὐκ
3377 3771 3485 3828 ἀπὸ
3525 3771 3636 3824 τῶν
3671 3771 3880 3844 παρελ-

2200 3862 2421 3926 θόντων,
2453 3860 2566 3914 ἀλλ’
2591 3859 2700 3913 ἀπὸ
2729 3859 2838 3913 τῶν
2865 3861 2999 3930 ἡμῖν
3026 3858 3355 3930 συμϐάντων
3380 3857 3532 3932 [I87]
3559 3857 3720 3913 τοῦτο
3742 3860 3879 3931 ὑμῖν

2199 3949 2467 4016 ἀποδείξω
2495 3948 2609 4003 νῦν.
2669 3942 3072 4003 ’Βκινδύνευσεν
3097 3948 3229 4017 ἡμῖν
3262 3949 3297 4018 ἡ
3322 3947 3479 4011 πόλις
3504 3947 3879 4019 ἀφανισθῆναι

2200 4039 2350 4090 πᾶσα
2371 4076 2386 4103 ,
2432 4037 2529 4091 καὶ
2568 4035 2677 4089 τῶν
2713 4035 2812 4106 μὲν
2856 4033 3233 4089 πλουτούντων
3277 4034 3371 4089 καὶ
3422 4034 3739 4106 περιφανῶν
3775 4039 3874 4091 καὶ

2199 4127 2487 4195 ἐπισήμων
2524 4123 2733 4195 ἀνδρῶν
2764 4122 2938 4186 οὐδεὶς
2974 4121 3278 4193 ἐτόλμησεν
3306 4123 3365 4175 ἐν
3395 4120 3475 4196 τῷ
3514 4122 3667 4193 μέσῳ
3697 4123 3880 4194 φανῆ-

2199 4230 2307 4278 ναι,
2332 4210 2468 4266 ἀλλά
2500 4212 2703 4273 πάντες
2732 4209 2934 4279 ἔφυγον
2964 4210 3059 4263 καὶ
3090 4209 3417 4282 ἀπεπήδων·
3451 4210 3501 4262 οἰ
3527 4209 3585 4263 δὲ
3609 4209 3705 4264 τὸν
3734 4209 3876 4265 Θεὸν

2200 4299 2559 4371 φοϐούμενοι,
2617 4299 2666 4351 οί
2719 4299 2777 4350 ἐν
2841 4297 3224 4369 μοναστηρίοις
3282 4296 3684 4367 διατρίϐοντες,
3721 4291 3875 4351 οῦτοι

2202 4388 2343 4461 μετά
2397 4386 2601 4458 πολλῆς
2654 4386 2753 4458 τῆς
2809 4385 3125 4459 παρρησίας
3191 4384 3635 4456 καταδραμόντες
3686 4386 3875 4441 πάντα

2199 4478 2414 4542 ἔλυσαν,
2446 4477 2540 4530 καὶ
2564 4474 2820 4529 τοσοῦτον
2847 4476 3085 4545 ἀπέσχον
3117 4475 3317 4537 αὐτοὺς
3353 4474 3586 4544 φοϐῆσαι
3642 4473 3739 4526 καὶ
3787 4475 3874 4538 είς

2198 4565 2439 4633 ἀγωνίαν
2486 4564 2741 4636 ἐμϐαλεῖν
2777 4564 2847 4617 τὰ
2895 4564 3177 4634 συμϐάντα
3212 4561 3361 4615 δεινά
3405 4562 3497 4615 καὶ
3534 4562 3591 4614 αί
3639 4561 3873 4631 προσδο-

2199 4652 2442 4724 κώμεναι
2475 4651 2726 4719 ἀπειλαὶ,
2757 4652 2841 4705 ὅτι
2883 4651 3072 4723 πόρρω
3111 4649 3409 4721 καθήμενοι
3439 4649 3538 4720 τῆς
3580 4648 3873 4719 συμφορᾶς

2199 4739 2294 4795 καὶ
2332 4740 2486 4794 οὐδὲν
2526 4740 2703 4794 κοινὸν
2730 4738 2967 4810 ἔχοντες,
2999 4736 3219 4800 ἐκόντες
3259 4737 3488 4799 ἑαυτοὺς
3517 4735 3750 4807 ἔρριψαν
3789 4736 3871 4797 είς

2204 4829 2377 4902 μέσην
2422 4830 2523 4901 τὴν
2572 4826 2771 4898 πυρὰν,
2815 4827 2909 4881 καὶ
2956 4826 3164 4889 πάντας
3224 4824 3507 4891 ἐξείλοντο,
3535 4822 3631 4877 καὶ
3662 4822 3692 4875 δ
3734 4824 3871 4876 πᾶσι

2198 4919 2349 4974 δοκεῖ
2383 4915 2612 4988 φοϐερὸν
2648 4911 2788 4969 εἶναι
2824 4915 2920 4968 καὶ
2969 4913 3238 4985 φρικῶδες
3261 4952 3276 4977 ,
3322 4913 3350 4965 6
3399 4912 3659 4975 θάνατος,
3707 4910 3871 4964 τοῦτο

2198 5001 2345 5062 οῦτοι
2376 5004 2515 5076 μετά
2543 5004 2725 5073 πάσης
2752 5002 3067 5069 ἀνεδέξαντο
3097 5002 3197 5071 τῆς
3235 4999 3542 5072 προθυμίας
3566 5017 3579 5030 ·
3610 4998 3707 5052 καὶ
3730 4999 3869 5069 μετά

2130 5138 2166 5161 Α
2201 5095 2451 5158 πλείονος
2514 5093 2737 5163 ἔτρεχον
2775 5091 2868 5144 ἐπὶ
2895 5090 2957 5143 τὸ
2991 5090 3226 5160 πρᾶγμα
3266 5088 3483 5159 ἡδονῆς,
3512 5086 3545 5157 ἡ
3577 5086 3663 5139 ἐπ’
3692 5086 3868 5157 ἀρχὰς

2199 5183 2377 5254 ἓτεροι
2409 5183 2504 5236 καὶ
2530 5181 2723 5251 τιμάς·
2778 5178 2974 5250 ⁴ξιδεσαν
3010 5176 3121 5247 γάρ
3150 5177 3233 5230 δτι
3267 5175 3504 5247 μεγίστη
3530 5173 3691 5228 τοῦτο
3723 5174 3870 5245 ἀρχὴ

2200 5272 2295 5325 καὶ
2323 5270 2478 5341 τιμὴ,
2506 5270 2601 5324 καὶ
2632 5268 2701 5322 δι’
2740 5266 2921 5321 αὐτῶν
2957 5264 3069 5318 τῶν
3108 5263 3288 5337 έργων
3326 5263 3555 5329 ἔδειξαν,
3593 5264 3677 5317 δτι
3713 5257 3870 5326 οὗτος

2203 5361 2363 5431 μόνος
2402 5356 2672 5431 μακάριός
2704 5358 2854 5411 ἐστιν
2878 5358 2908 5411 6
2951 5354 3275 5426 φιλοσοφίας
3318 5351 3725 5424 ἐπειλημμένος
3768 5350 3869 5419 τῆς

2199 5450 2333 5514 ἀνω,
2370 5449 2464 5503 καὶ
2518 5446 2821 5520 μεταϐολὴν
2864 5446 2984 5500 οὐδε
2993 5444 3124 5517 μίαν
3167 5444 3406 5515 δέχεται,
3452 5442 3577 5496 οὐδὲ
3617 5441 3860 5512 δυσημεο

2202 5538 2325 5611 ρίαν
2357 5536 2614 5608 ὑπομένει
2662 5534 2819 5600 τινὰ,
2866 5534 3003 5589 ἀλλὰ
3053 5532 3334 5605 διηνεκοῦς
3381 5530 3680 5604 εὑημερίας
3731 5530 3866 5584 ἀπο-

2200 5624 2376 5687 λαύει,
2414 5623 2509 5677 καὶ
2541 5623 2761 5677 πάντων
2799 5620 3075 5692 καταγελᾷ
3106 5620 3214 5675 τῶν
3257 5619 3561 5674 δοκούντων
3589 5613 3730 5672 εἶναι
3773 5615 3867 5669 λυ-

2204 5710 2415 5784 πηρῶν.
2455 5709 2571 5764 Νῦν
2602 5708 2734 5778 γοῦν
2762 5711 2813 5763 οἰ
2858 5710 2956 5781 μὲν
2989 5711 3046 5767 ἐν
3083 5707 3423 5773 δυναστείαις
3456 5706 3664 5779 ἀθυμίᾳ
3698 5700 3865 5779 πολλῆ

2261 5895 2286 5936 δ
2302 5895 2401 5949 Alii
2419 5895 2576 5954 πάσης
2598 5894 2749 5947 εὐνοία
2759 5913 2798 5953 ς.
