4068 6432
284 206 386 261 185

282 321 547 391 profueris
567 361 583 386 ,
622 321 905 375 maximam
927 320 1094 375 habes
1120 320 1441 375 mercedem.
1478 317 1546 373 Et
1574 328 1630 373 ut
1654 318 1827 372 discas
1849 360 1865 385 ,

277 414 423 484 quod
453 413 522 468 de
567 413 729 483 lapsis
766 413 995 477 tristari,
1025 414 1124 467 etsi
1155 412 1287 466 nihil
1337 426 1617 482 prosumns
1638 454 1652 478 ,
1695 412 1867 466 maxi-

278 520 425 559 mam
482 503 635 558 nobis
686 503 1091 557 retributionem
1135 502 1319 566 aliert,
1353 502 1477 556 audi
1532 502 1865 557 Ezechielem

276 594 579 658 dicentem,
624 595 733 646 imo
785 608 911 646 vere
957 592 1125 647 Deum
1182 608 1278 662 per
1316 593 1487 662 ipsum
1538 592 1865 663 loquentem.

278 685 568 753 Postquam
621 683 762 738 enim
813 683 959 737 misit
999 683 1255 753 quosdam
1319 684 1387 738 ad
1451 684 1864 738 subvertenduin

275 776 464 830 urbem
484 818 499 839 ,
528 783 582 830 et
606 775 750 830 ferro
777 784 831 829 et
855 776 960 844 igni
990 775 1411 830 consumendum
1442 774 1662 830 aedilicia
1688 775 1866 828 omnia

275 882 400 920 cum
430 866 813 921 habitatoribus
842 866 968 935 ipsis
993 907 1007 929 ,
1031 866 1257 935 imperat
1288 859 1502 920 cuidam
1525 865 1603 920 sic
1639 865 1863 920 dicens:

279 957 359 1009 Da
398 959 598 1028 signum
638 958 693 1010 in
733 958 863 1027 facie
899 958 1121 1010 virorum
1164 958 1469 1027 gementium
1503 965 1549 1010 et
1592 957 1866 1011 dolentium

279 1047 492 1118 (Ezech.
526 1049 580 1103 9.
610 1047 687 1118 ι).
720 1049 930 1102 Etcum
973 1047 1090 1101 aliis
1129 1049 1473 1116 imperasset,
1502 1057 1556 1102 et
1598 1048 1864 1103 dixisset:

273 1139 321 1192 Λ
362 1140 550 1193 sanctis
592 1142 712 1193 meis
758 1140 966 1209 incipite
992 1154 1012 1192 :
1039 1139 1214 1193 intulit
1256 1139 1481 1193 dicens:
1522 1140 1695 1209 Supra
1743 1155 1867 1209 quos

274 1240 442 1284 autem
469 1241 538 1284 est
564 1231 783 1300 signum,
816 1247 879 1283 ne
916 1231 1051 1301 ipsos
1079 1231 1269 1301 tangite
1300 1231 1404 1300 (Ib.
1436 1246 1485 1284 υ.
1508 1230 1585 1302 6).
1618 1232 1751 1299 Qua,
1779 1232 1867 1286 dic

274 1322 408 1375 mihi
437 1363 452 1385 ,
477 1322 673 1375 causa?
697 1320 955 1387 Quoniam
987 1322 1086 1375 etsi
1118 1321 1246 1375 nihil
1278 1331 1536 1390 prosunt,
1568 1330 1744 1376 tamen
1774 1337 1867 1391 ge-

277 1423 432 1467 nmnt
460 1429 577 1481 quae
602 1422 858 1482 geruntur
886 1421 940 1467 et
964 1413 1262 1481 deplorant.
1297 1413 1363 1467 Et
1392 1413 1523 1467 alios
1556 1428 1741 1466 rursus
1770 1428 1864 1465 ac-

273 1513 426 1558 cusat
453 1545 468 1567 ,
497 1504 716 1560 dicens:
750 1503 935 1558 Ventri
978 1512 1033 1558 et
1077 1503 1285 1558 deliciis
1324 1513 1593 1569 vacantes,
1623 1513 1677 1557 et
1702 1504 1865 1557 multa

276 1598 543 1665 patientes
581 1598 859 1663 libertate,
885 1596 1128 1651 videntes
1153 1596 1367 1650 Judteos
1417 1596 1467 1649 in
1500 1595 1862 1665 captivitatem

274 1689 490 1753 deduci,
520 1702 624 1741 nou
655 1688 954 1750 doluerunt,
980 1703 1085 1741 non
1115 1687 1400 1756 participes
1429 1687 1575 1741 fuere
1597 1688 1822 1741 tristitia:
1849 1705 1863 1742 :

275 1791 329 1835 et
355 1781 499 1849 ipsos
526 1795 783 1835 accusans
828 1781 939 1835 ait:
974 1779 1125 1834 Nihil
1148 1781 1287 1851 passi
1313 1790 1430 1835 sunt
1472 1781 1525 1834 in
1565 1782 1862 1836 contritione

274 1870 471 1940 Ioseph
515 1871 736 1939 (Amos.
769 1870 823 1925 6.
867 1869 972 1941 6),
1032 1871 1230 1940 Joscph
1279 1869 1554 1940 appellans
1607 1871 1863 1938 populum

273 1976 511 2015 omnem.
541 1961 607 2015 Et
645 1977 855 2015 rursum
890 1978 904 2014 :
946 1961 1067 2015 Non
1102 1961 1221 2015 exiit
1268 1976 1381 2026 quae
1422 1962 1611 2014 habitat
1641 1959 1821 2015 Euan
1844 2002 1860 2029 ,

279 2055 517 2122 plangere
545 2053 746 2105 domum
773 2068 879 2105 sua:
898 2054 1221 2122 conjunctam
1247 2051 1429 2123 (Mich.
1457 2053 1545 2105 1.1
1565 2048 1633 2122 l).
1663 2052 1862 2119 Quam-

276 2144 358 2196 vis
397 2142 538 2197 enim
584 2143 725 2210 juste
756 2142 1038 2210 puniantur
1062 2182 1075 2204 ,
1106 2142 1220 2194 vult
1247 2141 1383 2195 Deus
1414 2156 1510 2195 nos
1539 2141 1824 2195 condolere
1843 2183 1859 2208 ,

279 2248 384 2286 non
434 2241 609 2286 autem
639 2232 869 2301 gaudere
918 2240 972 2285 et
1014 2231 1291 2286 insultare.
1321 2230 1374 2285 Si
1420 2231 1594 2297 enim,
1626 2232 1730 2297 ait,
1763 2246 1863 2302 ego

278 2326 505 2395 puniens
534 2340 636 2377 llOtt
670 2325 822 2378 lattus
852 2323 951 2378 hoc
979 2322 1140 2391 facio,
1169 2340 1268 2377 nec
1298 2325 1348 2377 in
1381 2324 1615 2393 ipsorum
1656 2325 1860 2379 ultione

277 2418 518 2471 delector
561 2415 706 2485 (Non
751 2419 890 2471 enim
917 2418 1170 2471 voluntate
1198 2418 1309 2473 volo
1336 2428 1543 2472 mortem
1590 2419 1865 2488 peccatoris

279 2507 596 2579 [Ezcclt.18.
625 2508 745 2581 25])
770 2527 785 2574 ;
815 2519 1024 2578 oportet
1052 2519 1105 2564 et
1134 2519 1187 2565 te
1228 2511 1507 2564 Dominum
1551 2511 1744 2565 imitari
1768 2552 1782 2576 ,
1810 2519 1865 2566 et

278 2611 561 2670 propterea
609 2602 791 2671 lugere
815 2642 829 2667 ,
859 2602 1107 2672 quoniam
1162 2612 1409 2673 peccator
1449 2603 1605 2673 justte
1647 2604 1863 2660 ultionis

279 2703 437 2746 mater
454 2693 554 2746 iam
578 2694 803 2762 prtcbuit
827 2702 880 2747 et
901 2695 1255 2748 occasionem.
1284 2694 1462 2763 Itaque
1487 2695 1531 2749 si
1554 2695 1673 2764 quis
1700 2696 1859 2749 etiam

276 2786 570 2840 secundum
616 2787 780 2841 Deum
809 2787 1046 2841 tristetur
1070 2827 1086 2852 ,
1115 2803 1357 2857 magnam
1383 2787 1505 2843 inde
1537 2788 1698 2842 sumit
1724 2788 1865 2843 utili-

280 2888 465 2934 tatem.
488 2877 620 2931 Cum
658 2877 816 2947 igitur
841 2878 1103 2933 beatiores
1139 2880 1244 2933 sint
1273 2879 1518 2948 ﬂagellati
1546 2878 1863 2949 ﬂagellanti-

286 2971 422 3037 hus,
449 2979 501 3023 et
526 2971 617 3040 qui
656 2969 794 3039 apud
838 2985 935 3023 nos
976 2970 1300 3039 afﬂiguntur,
1334 2972 1533 3025 exteris
1586 2971 1773 3040 positis
1809 2971 1861 3024 in

278 3063 626 3125 milllSSiOIle,
655 3072 706 3115 et
732 3062 969 3117 dolentes
994 3063 1343 3132 gaudentibus
1375 3081 1389 3116 :
1420 3079 1538 3132 qua:
1570 3064 1725 3117 nobis
1750 3079 1863 3117 am-

280 3154 420 3221 plius
463 3152 566 3207 erit
626 3153 975 3206 tribulationis
1019 3155 1270 3207 occasio?
1315 3154 1601 3222 PrOpterca
1649 3154 1860 3209 beatum

281 3243 465 3297 haberi
504 3243 754 3298 convenit
791 3245 1091 3310 nominent,
1121 3245 1219 3298 nisi
1258 3245 1550 3299 secundum
1581 3247 1744 3299 Deum
1782 3248 1861 3299 vi-

280 3346 493 3388 ventem
526 3335 718 3388 solum.
745 3334 851 3388 Hos
869 3352 1078 3406 quoque
1107 3336 1250 3389 solos
1281 3337 1553 3405 Scriptura
1571 3339 1751 3391 beatos
1774 3353 1865 3390 vo-

281 3436 368 3479 eat
390 3444 403 3477 :
429 3425 597 3495 inquit
630 3426 770 3479 enim
796 3443 809 3479 :
838 3425 1023 3480 Beatus
1054 3428 1144 3493 vir,
1177 3429 1261 3497 qui
1287 3444 1386 3481 non
1416 3427 1533 3480 abiit
1578 3430 1629 3481 in
1656 3428 1865 3481 consilio

280 3518 553 3585 impiorum
581 3516 750 3590 (Psal.
780 3519 830 3572 l.
866 3519 916 3586 l)
948 3537 958 3571 :
992 3517 1173 3571 Beatus
1199 3536 1345 3589 quem
1372 3530 1425 3572 tu
1458 3522 1718 3584 crudieris,
1757 3521 1862 3574 Do-

280 3609 437 3667 mine,
468 3619 513 3661 et
540 3611 601 3662 de
624 3610 730 3677 lege
756 3620 843 3661 tua
865 3611 1095 3662 docueris
1125 3627 1233 3662 eum
1254 3626 1272 3663 :
1292 3609 1434 3662 Beati
1472 3612 1786 3664 immaculali
1811 3613 1865 3665 in

280 3700 363 3751 eia
382 3714 400 3751 :
434 3697 575 3751 Beati
603 3716 773 3752 omnes
802 3701 887 3768 qui
920 3701 1179 3768 conﬁdunt
1214 3703 1264 3754 in
1306 3718 1361 3752 eo
1386 3717 1405 3754 :
1435 3700 1619 3754 Beatus
1650 3703 1865 3771 populus

281 3791 431 3861 cujus
459 3790 704 3844 Dominus
731 3790 867 3844 Deus
897 3795 1005 3860 ejus
1036 3793 1050 3823 ¹
1078 3793 1245 3863 (Psal.
1277 3795 1364 3847 95.
1390 3794 1473 3846 19..
1507 3804 1552 3846 et
1589 3796 1710 3848 “8.
1740 3794 1789 3848 1.
1817 3804 1865 3846 et

281 3882 339 3933 2.
392 3883 477 3934 15.
520 3893 565 3935 et
606 3882 693 3935 52.
746 3883 851 3951 12)
884 3901 896 3936 :
931 3882 1113 3936 Beatus
1164 3901 1309 3947 quem
1365 3901 1464 3936 non
1517 3884 1865 3937 condemnavit

280 3972 454 4023 aninta
484 3974 590 4040 ejus
621 3972 804 4042 (Eccli.
838 3974 923 4027 id.
942 3973 996 4043 $2)
1030 3973 1251 4027 :Bcatus
1281 3976 1374 4038 vir,
1404 3974 1489 4042 qui
1526 3976 1660 4028 timet
1689 3974 1866 4027 Domi-

281 4079 405 4114 num
438 4061 603 4129 (Psal.
626 4065 644 4115 l
664 4065 743 4116 ll.
772 4064 839 4133 l).
873 4064 936 4117 Et
966 4081 1171 4117 rursum
1195 4066 1272 4119 sic
1295 4064 1537 4118 Christus
1562 4084 1573 4118 :
1611 4065 1753 4118 Beati
1780 4066 1866 4133 aui

280 4155 491 4223 lugent,
521 4155 648 4207 beati
682 4154 892 4208 humiles
912 4196 923 4218 ,
956 4156 1082 4208 beati
1106 4157 1247 4208 mites
1266 4196 1281 4222 ,
1315 4157 1444 4209 beati
1473 4158 1673 4226 paci/iri
1692 4200 1704 4219 ,
1738 4158 1865 4210 beati

280 4244 371 4311 qui
398 4246 824 4312 persequutionem
855 4247 1115 4314 patiuntur
1141 4259 1344 4316 propter
1358 4249 1613 4318 justitiam
1642 4248 1862 4318 (Matth.

281 4334 341 4385 5.
366 4333 541 4403 5-10).
577 4333 737 4389 Vides
762 4337 1026 4405 quomodo
1055 4338 1239 4391 nullibi
1267 4338 1485 4391 divitum
1516 4355 1864 4409 quemquam,

284 4438 393 4478 non
416 4438 755 4493 generosum,
778 4443 881 4480 non
905 4428 1070 4496 gloria
1101 4430 1324 4497 potitum
1350 4430 1648 4484 beatiﬁcant
1676 4430 1866 4487 divina:

284 4515 432 4583 leges
451 4554 466 4577 ,
493 4513 586 4569 sed
616 4515 864 4569 virtutem
896 4526 1097 4571 tantum
1140 4531 1483 4587 assequutum
1509 4520 1533 4572 ?
1559 4518 1708 4585 Quod
1732 4537 1869 4590 qna:-

282 4606 421 4659 ritur
460 4606 601 4659 enim
626 4648 640 4670 ,
684 4607 734 4660 in
762 4607 1008 4661 omnibus
1031 4648 1046 4673 ,
1080 4624 1197 4678 qua:
1239 4608 1460 4664 facimus
1490 4610 1573 4665 vel
1603 4612 1828 4678 patimur
1848 4653 1862 4675 ,

282 4696 381 4750 Dei
410 4695 651 4750 timorem
678 4714 798 4751 esse
822 4700 1071 4751 convenit
1093 4739 1107 4761 ,
1133 4712 1185 4754 et
1214 4701 1258 4753 si
1302 4702 1437 4754 hanc
1467 4705 1762 4771 prmmittns
1792 4718 1869 4756 ra-

283 4790 459 4842 dicem
490 4830 505 4857 ,
535 4804 638 4843 non
684 4792 930 4844 remissio
981 4801 1182 4846 tantum
1209 4836 1222 4857 ,
1256 4810 1355 4848 nec
1402 4796 1632 4871 honores
1656 4836 1669 4859 ,
1699 4811 1869 4864 neque

283 4883 453 4953 gloria
502 4894 661 4954 atque
714 4886 1044 4952 ministeria,
1088 4904 1271 4942 verum
1318 4898 1373 4942 et
1415 4887 1777 4942 infestatioues
1819 4901 1871 4942 et

284 4977 588 5040 calumnite,
608 4985 663 5030 et
685 4978 1043 5043 contumelia},
1068 4988 1121 5032 et
1143 4979 1465 5047 ignominiaa,
1495 4988 1549 5032 ct
1581 4990 1866 5042 tormenta,

284 5076 341 5119 ct
368 5069 541 5120 omnia
574 5069 893 5138 generaliter
917 5071 1200 5139 voluptatis
1229 5071 1429 5125 fructus
1469 5073 1559 5125 tibi
1605 5073 1871 5141 germina-

285 5159 439 5214 hnnt.
474 5160 539 5214 Et
583 5163 719 5216 sicut
758 5164 1006 5217 arborum
1058 5164 1295 5229 radices,
1328 5166 1455 5234 ipsa;
1507 5167 1718 5236 quidem
1749 5174 1871 5220 sunt

284 5268 514 5315 amarm,
541 5254 955 5323 jucundissimos
997 5267 1175 5310 autem
1209 5257 1361 5310 nobis
1402 5259 1602 5313 fructus
1648 5259 1869 5315 ferunt:

285 5344 364 5397 sic
388 5343 622 5413 profecto
648 5355 700 5400 et
718 5346 1008 5401 secundum
1041 5348 1203 5402 Deum
1235 5348 1443 5402 tristitia
1476 5348 1694 5403 multum
1720 5351 1870 5408 nobis

284 5433 480 5490 afferet
505 5435 848 5505 voluptatem.
872 5436 1072 5493 Norunt
1111 5438 1428 5509 quicumque
1458 5453 1599 5509 srepe
1624 5457 1744 5496 cum
1775 5442 1870 5497 do-

348 5570 371 5638 f
408 5568 481 5617 sic
503 5580 712 5640 maxims
723 5581 840 5640 pars
860 5577 967 5618 Mss.
993 5570 1132 5621 savii.
1157 5580 1323 5622 autem
1340 5580 1393 5621 et
1415 5570 1560 5622 Morel
1584 5612 1597 5634 ,
1618 5578 1760 5635 cuius
1780 5582 1868 5626 Do-

287 5631 448 5680 minus
470 5631 663 5689 adiutor
685 5631 806 5688 eius.

624 5716 893 5777 ΡΑτηοι..
943 5717 1057 5778 Gn.
1103 5714 1334 5777 XLIX.

1208 206 1296 261 Αι)
1334 204 1656 261 POPUI.U.\l
1698 204 2185 261 ANTIOCIIENUM
2248 206 2477 263 HOMIL.
2521 205 2703 262 XVlll.

3458 216 3555 270 186

1984 319 2096 373 lore
2121 330 2407 376 oravcrunt
2431 329 2485 376 et
2504 320 2765 393 laerymas
2797 319 3131 388 effuderunt,
3159 334 3408 394 quantam
3450 331 3557 383 sint

1975 409 2161 464 lucrati
2193 410 2448 475 laetitiam,
2472 409 2742 477 quomodo
2775 412 3158 467 conscientiam
3190 417 3554 486 expurgarint,

1970 499 2240 569 quomodo
2284 501 2686 556 exsurrexerint
2733 516 2853 556 cum
2886 502 3020 557 bona
3052 518 3147 573 Spe
3180 521 3193 534 ·
3226 506 3365 573 quod
3410 509 3553 563 cuitu

1969 606 2182 662 semper
2205 591 2345 658 dico,
2375 608 2481 647 non
2510 609 2688 648 rerum
2713 603 2923 661 natura,
2951 596 3044 649 sed
3071 611 3222 650 meas
3249 608 3429 654 nostra
3458 615 3556 655 nos

1967 685 2289 739 contristare
2344 685 2427 739 vel
2465 684 2738 743 lattilicare
2770 689 3067 742 consuevit.
3099 688 3155 744 Si
3202 690 3365 758 igitur
3415 694 3551 745 hanc

1969 774 2130 828 talem
2179 774 2484 840 reddamus,
2514 777 2723 845 qualem
2772 792 2891 832 esse
2928 778 3099 846 decet,
3141 782 3314 835 omnis
3358 782 3557 837 laetitia:

1968 864 2160 934 pignus
2187 864 2500 921 habebimus
2530 884 2546 921 :
2589 875 2643 921 et
2664 867 2803 922 sicut
2826 883 3023 939 corpus
3051 887 3158 925 non
3188 880 3388 925 tantum
3413 874 3555 927 aeris

1970 967 2160 1010 natura
2190 966 2281 1012 aut
2301 959 2591 1013 exteriores
2622 958 2888 1027 incursus,
2921 974 3176 1031 quantum
3206 964 3417 1034 proiiria
3440 965 3554 1019 dis-

1969 1050 2163 1119 positio
2187 1059 2242 1104 et
2271 1050 2418 1105 laedit
2442 1059 2496 1105 et
2526 1051 2740 1121 adjuvat
2770 1071 2784 1106 :
2814 1054 2891 1108 sic
2914 1064 2970 1108 et
2998 1056 3047 1108 iu
3076 1056 3273 1120 anima,
3301 1066 3355 1111 et
3382 1057 3554 1111 multo

1969 1141 2154 1210 magis.
2189 1140 2286 1196 Hic
2324 1145 2521 1197 etenim
2564 1154 2767 1200 naturae
2806 1155 2889 1200 est
2918 1148 3206 1203 necessitas
3231 1189 3246 1211 ,
3278 1149 3383 1203 illic
3426 1166 3553 1203 vero

1971 1239 2138 1285 totum
2186 1233 2237 1285 in
2268 1232 2538 1288 voluntate
2574 1234 2735 1289 situm
2784 1247 2885 1290 est.
2919 1237 3205 1306 Propterea
3237 1240 3427 1295 Paulus
3474 1241 3557 1294 in-

1969 1334 2189 1373 numera
2221 1337 2408 1389 passus
2436 1325 2571 1378 mala
2591 1365 2607 1390 ,
2642 1324 2910 1396 naufragia
2934 1369 2946 1390 ,
2979 1329 3115 1383 bella
3136 1371 3151 1396 ,
3183 1333 3547 1401 persequutio—

1970 1425 2065 1465 nes
2084 1452 2098 1473 ,
2128 1412 2343 1466 insidias
2362 1456 2377 1479 ,
2410 1414 2673 1469 latronum
2712 1418 2973 1486 incursus,
3008 1428 3061 1474 et
3082 1437 3426 1494 quaecumque
3456 1440 3554 1479 nec

1968 1502 2210 1557 oratione
2257 1519 2540 1561 numerare
2586 1506 2742 1573 licet,
2774 1520 2826 1563 et
2859 1510 3097 1580 quotidie
3140 1514 3375 1567 moriens
3399 1556 3414 1580 ,
3447 1530 3553 1569 non

1968 1599 2173 1645 tantum
2206 1608 2311 1646 non
2336 1594 2551 1650 dolebat
2576 1611 2676 1651 nec
2703 1598 3073 1669 indignabatur
3096 1641 3111 1665 ,
3141 1617 3323 1656 verum
3359 1612 3414 1658 et
3450 1604 3557 1669 glo.

1968 1683 2207 1737 riabatur
2251 1694 2306 1739 et
2352 1686 2657 1755 gaudebat,
2686 1689 3002 1760 dicebatque
3033 1709 3047 1745 :
3080 1690 3234 1746 Nunc
3275 1694 3473 1763 gaudeo
3503 1695 3557 1747 in

1968 1773 2283 1843 passionibus
2299 1777 2440 1841 meis,
2463 1786 2508 1831 et
2526 1779 2736 1848 suppleo
2757 1780 2979 1851 defectus
2999 1781 3379 1837 tribulationum
3402 1783 3553 1839 Chri-

1968 1864 2032 1919 sti
2058 1866 2112 1919 in
2138 1881 2292 1919 carne
2317 1884 2427 1921 mea
2457 1867 2673 1940 (Coloss.
2704 1871 2756 1924 l.
2779 1870 2894 1940 24).
2933 1872 2999 1925 Et
3019 1872 3209 1928 iterum
3244 1893 3258 1928 :
3289 1872 3409 1929 Non
3436 1885 3554 1928 tan-

1969 1967 2076 2011 tum
2096 1970 2281 2025 autem,
2305 1975 2476 2015 verum
2499 1972 2546 2016 et
2570 1963 2852 2033 gloriamur
2868 1965 2922 2018 in
2942 1965 3347 2021 tribulationibus
3372 1966 3553 2036 (Rom.

1967 2051 2021 2106 5.
2055 2052 2090 2106 5
2109 2049 2147 2123 ).
2173 2051 2432 2107 Gloriatio
2457 2068 2582 2107 vero
2612 2055 2896 2124 voluptatis
2918 2063 3001 2109 est
3021 2056 3265 2111 intentio.

2038 2142 2092 2195 tl.
2132 2141 2185 2196 Si
2203 2142 2436 2197 lzrtitiam
2459 2143 2635 2212 itaque
2659 2145 2827 2212 cupis,
2848 2159 2953 2199 non
2987 2147 3257 2214 pecunias,
3287 2161 3391 2200 non
3414 2161 3540 2200 cor-

1970 2231 2117 2301 poris
2145 2233 2423 2288 sanitatem
2446 2275 2460 2298 ,
2486 2249 2591 2287 non
2626 2235 2852 2304 gloriam
2873 2277 2888 2301 ,
2927 2250 3032 2290 non
3072 2238 3358 2304 potentiam
3380 2278 3395 2302 ,
3445 2254 3551 2291 non

1967 2322 2208 2390 delicias,
2238 2339 2343 2378 non
2380 2325 2552 2379 lautas
2577 2340 2788 2380 mensas
2809 2366 2823 2389 ,
2852 2341 2957 2380 non
2990 2327 3280 2382 sericarum
3326 2328 3552 2382 vestium

1968 2415 2196 2470 amictus
2260 2432 2471 2487 quaeras
2521 2435 2534 2470 :
2584 2433 2691 2472 non
2758 2418 3019 2488 pretiosos
3075 2434 3232 2489 agros
3296 2419 3549 2473 domosve

1968 2507 2272 2576 splendidas
2295 2517 2347 2563 et
2377 2508 2630 2574 illustres,
2653 2517 2745 2564 aut
2772 2510 2915 2565 aliud
2945 2510 3247 2580 hujusmodi
3264 2510 3552 2581 quidquam

1967 2608 2209 2665 sectare;
2242 2600 2337 2654 sed
2364 2600 2750 2669 philosophiam
2771 2643 2784 2667 ,
2814 2616 2931 2671 qua:
2955 2612 3037 2657 est
3054 2602 3342 2656 secundum
3367 2602 3553 2670 Deum,

1968 2704 2180 2757 exerce,
2208 2692 2549 2761 apprehende
2580 2693 2825 2748 virtutem
2847 2734 2862 2758 ,
2903 2702 2957 2748 et
2986 2694 3057 2747 nil
3080 2710 3261 2747 eorum
3290 2710 3408 2763 qua:
3434 2706 3558 2748 sunt

1968 2790 2059 2835 aut
2099 2793 2509 2851 exspectantur,
2540 2792 2595 2839 te
2637 2786 2834 2854 poterit
2874 2786 3195 2840 contristare
3226 2804 3238 2839 :
3268 2785 3392 2855 quid
3436 2787 3555 2841 dico

1968 2873 2333 2928 contristare?
2370 2876 2476 2929 imo
2508 2877 2748 2930 accessio
2779 2877 2869 2930 tibi
2901 2878 3188 2948 voluptatis
3235 2888 3392 2932 crunt
3435 2894 3554 2948 qua:

1968 2964 2101 3017 alios
2130 2966 2449 3020 contristant
2481 2986 2495 3019 :
2524 2967 2722 3020 etenim
2752 2967 2953 3037 ﬂagella
2977 3007 2992 3031 ,
3025 2977 3225 3022 mortes
3252 3009 3265 3031 ,
3299 2969 3513 3023 mulcta:
3533 3007 3551 3034 ,

1967 3057 2370 3121 accusationes,
2417 3071 2689 3122 terumnze,
2724 3058 2773 3110 et
2803 3057 2980 3111 omnia
3015 3059 3158 3124 talia,
3189 3074 3309 3112 cum
3338 3070 3557 3128 propter

1971 3146 2137 3198 Deum
2185 3144 2338 3198 nobis
2389 3145 2702 3211 inferantur,
2746 3155 2798 3199 et
2847 3146 2982 3199 hanc
3028 3148 3254 3202 habeant
3296 3149 3551 3211 radicem,

1968 3236 2189 3289 multam
2222 3236 2375 3290 nobis
2402 3237 2453 3289 in
2480 3237 2709 3289 animam
2739 3236 2997 3291 inducunt
3020 3239 3363 3306 voluptatem.

2042 3327 2206 3381 Nemo
2227 3346 2317 3383 nos
2334 3330 2538 3383 miseros
2556 3333 2677 3400 facit
2704 3331 2799 3382 nisi
2811 3346 2900 3383 nos
2917 3331 3217 3398 iiut—Nos
3235 3332 3373 3385 enim
3396 3331 3556 3385 mise-

1969 3435 2058 3474 ros
2078 3422 2249 3475 facere
2268 3422 2455 3489 poterit
2480 3437 2656 3486 nemo,
2681 3424 2777 3476 nisi
2812 3438 2908 3477 nos
2934 3426 3075 3491 ipsos
3106 3423 3393 3477 faciamus:
3417 3425 3556 3479 sicut

1969 3512 2173 3565 scilicet
2214 3529 2384 3582 neque
2421 3514 2624 3580 beatos,
2669 3516 2769 3568 nisi
2812 3532 2909 3570 nos
2937 3517 3259 3584 efﬁciamus,
3299 3529 3415 3586 post
3453 3520 3548 3572 Dei

1970 3605 2213 3672 gratiam.
2247 3604 2421 3674 thue
2450 3607 2666 3660 discatis
2696 3623 2816 3662 eum
2839 3609 3011 3664 solum
3038 3624 3157 3664 esse
3188 3608 3400 3663 beatum
3420 3651 3435 3675 ,
3465 3611 3555 3679 qui

1973 3698 2123 3751 timet
2158 3699 2437 3753 Dominum
2473 3716 2486 3750 :
2519 3717 2622 3753 non
2669 3716 2733 3754 ex
2781 3703 3085 3770 pra'teritis,
3122 3718 3302 3756 verum
3355 3719 3420 3756 ex
3468 3703 3551 3764 i:s,

1971 3806 2090 3857 quae
2110 3790 2445 3860 contigerunt
2472 3793 2644 3852 nobis,
2673 3792 2774 3845 hoc
2796 3794 2947 3846 vobis
2977 3809 3116 3847 nunc
3147 3794 3546 3847 demonstrabo.

1972 3879 2273 3934 Periculum
2299 3880 2414 3943 fuit,
2444 3898 2512 3935 ne
2542 3882 2668 3935 urbs
2700 3882 2979 3936 nobistota
3010 3884 3299 3945 deleretur,
3328 3892 3381 3937 ct
3414 3883 3554 3936 divi-

1971 3978 2081 4023 tum
2107 3971 2343 4040 quidem,
2368 3973 2650 4026 illustrium
2682 3974 3071 4043 insigniumque
3101 3976 3329 4027 virorum
3362 3976 3412 4027 in
3442 3992 3546 4028 me-

1970 4061 2058 4116 dio
2085 4077 2345 4130 apparere
2368 4078 2527 4117 ausus
2548 4074 2625 4117 est
2660 4078 2817 4117 nemo
2837 4106 2853 4130 ,
2890 4064 2983 4117 sed
3012 4064 3258 4133 fugerunt
3285 4080 3473 4117 oumes
3495 4077 3549 4118 et

1972 4165 2349 4209 recesserunt:
2381 4156 2469 4225 qui
2501 4170 2628 4211 vero
2675 4157 2839 4209 Deum
2880 4156 3169 4220 timebant,
3208 4171 3552 4209 commoran-

1976 4256 2054 4300 tes
2083 4247 2132 4299 in
2163 4246 2518 4311 monasteriis,
2550 4247 2599 4299 hi
2632 4247 2795 4299 multa
2818 4262 2938 4300 cum
2958 4245 3147 4300 ﬁducia
3184 4257 3547 4309 accurrentes,

1971 4338 2148 4391 omnia
2174 4338 2447 4392 solverunt
2470 4356 2483 4391 :
2511 4347 2564 4392 et
2590 4347 2791 4390 tantum
2814 4337 2980 4390 abfuit
3002 4347 3058 4391 ut
3096 4336 3386 4391 accidentia
3418 4340 3552 4389 mala

1972 4440 2027 4484 et
2067 4439 2388 4499 exspectata:
2428 4429 2870 4485 comminationes
2924 4429 3070 4498 ipsos
3102 4437 3363 4482 terrerent
3406 4438 3455 4482 et
3503 4429 3555 4483 in

1972 4523 2296 4576 anxietatem
2330 4522 2608 4591 injicerent
2630 4562 2644 4583 ,
2678 4531 2735 4575 tit
2760 4521 2914 4590 longe
2935 4537 2964 4575 a
2990 4522 3287 4575 calamitate
3310 4522 3559 4575 sedentes

1970 4625 2024 4670 et
2045 4613 2175 4669 nihil
2195 4613 2447 4668 habentes
2476 4628 2778 4677 commune,
2809 4624 2997 4683 sponte
3023 4614 3225 4681 seipso<
3250 4615 3299 4670 in
3326 4616 3556 4669 medium

1972 4706 2246 4759 mitterent
2289 4704 2622 4768 iucendimn,
2667 4712 2720 4757 et
2747 4720 2933 4758 omnes
2981 4705 3287 4771 eriperent:
3320 4715 3374 4757 et
3416 4707 3557 4773 quod

1973 4797 2218 4849 omnibus
2240 4797 2473 4849 terribile
2503 4805 2558 4850 et
2590 4795 2915 4849 horrendum
2939 4810 3057 4849 esse
3076 4796 3298 4861 videtur,
3330 4811 3557 4850 mortem

1974 4889 2072 4957 ipsi
2102 4903 2225 4941 cum
2242 4887 2386 4941 omni
2428 4888 2699 4940 alacritate
2725 4896 3185 4954 exspectaverunt,
3215 4895 3268 4937 et
3296 4902 3414 4939 cum
3444 4903 3556 4940 ma-

1968 4980 2071 5049 jori
2101 4980 2167 5032 ad
2198 4995 2315 5034 eam
2346 4980 2613 5046 voluptate
2645 4986 3027 5039 cucurrerunt,
3065 4993 3222 5046 quam
3274 4978 3339 5029 ad
3386 4980 3553 5046 magi-

1974 5081 2177 5125 stratus
2215 5070 2304 5123 alii
2341 5077 2395 5122 et
2435 5069 2686 5121 honores.
2724 5066 2925 5119 Norant
2959 5067 3123 5130 enim,
3156 5083 3405 5132 magnum
3436 5085 3556 5124 esse

1974 5165 2114 5217 hunc
2141 5163 2501 5232 magistratum
2528 5171 2580 5214 et
2598 5161 2871 5224 honorem,
2899 5168 2953 5214 et
2975 5175 3066 5227 per
3085 5159 3195 5229 ipsa
3216 5161 3553 5216 (lelllmtsll‘a-

1973 5264 2097 5309 runt
2124 5267 2307 5324 opera,
2338 5252 2478 5322 quod
2520 5252 2605 5305 hic
2642 5250 2785 5304 solus
2826 5259 2910 5305 est
2950 5251 3153 5313 beatus,
3195 5253 3282 5322 qui
3318 5254 3552 5323 philoso-

1973 5346 2152 5416 phiam
2178 5343 2531 5415 apprehendit
2558 5359 2622 5397 ex
2644 5357 2875 5407 sursum,
2900 5351 2955 5398 et
2982 5346 3327 5400 mutationem
3349 5347 3553 5401 nullam

1974 5438 2216 5507 suscipit,
2243 5451 2344 5491 nec
2370 5435 2529 5489 ullam
2562 5434 2785 5490 sustinet
2807 5435 3180 5491 adversitatem
3202 5477 3217 5499 ,
3253 5436 3343 5489 sed
3375 5437 3547 5489 contio

1973 5545 2077 5585 nua
2109 5526 2487 5596 tranquillitate
2516 5526 2728 5590 fruitur,
2759 5536 2811 5580 et
2836 5526 3010 5580 omnia
3048 5526 3273 5591 deridet,
3314 5541 3434 5594 qua:
3466 5527 3548 5578 vi-

1972 5624 2165 5681 dentur
2192 5636 2308 5677 esse
2335 5619 2523 5676 tristia.
2549 5619 2696 5676 Nunc
2724 5620 2861 5675 cnim
2884 5620 2969 5689 qui
2997 5627 3117 5674 sunt
3146 5620 3197 5671 iu
3229 5619 3410 5686 primis
3437 5634 3545 5676 ma-

3188 5709 3262 5769 12
