4068 6426
517 253 614 309 187

509 368 816 437 gistratibus
836 409 850 435 ,
883 368 1105 441 tristitia
1136 369 1300 422 multa
1331 378 1597 432 tenentur,
1642 386 1910 426 carcerem
1937 371 2089 425 habi-

515 470 705 527 tantes,
733 461 935 516 catenis
964 460 1225 525 obstricti,
1253 462 1487 531 quotidie
1516 463 1649 517 mori
1681 474 2087 535 exspectantes;

510 547 567 602 hi
590 566 716 605 vero
760 550 1038 619 purissima
1068 549 1313 606 fruuntur
1358 554 1646 624 voluptate,
1687 556 1844 610 etiam
1875 557 1919 612 si
1965 558 2090 627 quid

512 655 670 709 grave
702 641 807 709 pati
832 638 1037 695 accidat
1070 660 1082 694 :
1115 650 1301 713 etquae
1329 644 1446 699 aliis
1473 646 1722 701 terribilia
1753 662 1871 702 esse
1899 648 2089 703 viden-

516 739 636 797 tur,
679 730 792 785 haec
841 731 969 802 ipsis
1004 740 1128 786 sunt
1164 732 1573 789 desiderabilia:
1605 748 1800 791 norunt
1843 738 1984 793 enim
2025 741 2088 794 ad

515 819 640 888 quid
668 828 909 883 currunt,
939 830 996 876 et
1024 823 1143 891 quis
1170 823 1308 889 finis,
1352 835 1630 895 postquam
1676 826 1798 882 hinc
1825 829 2087 884 discesse-

513 913 639 977 rint,
694 914 944 981 suscipiet
979 931 992 969 :
1026 922 1081 968 et
1125 930 1244 969 cum
1299 924 1444 971 tanto
1493 919 1727 975 viventes
1778 921 1989 988 studio,
2036 934 2092 979 et

513 1012 737 1056 mortem
766 1004 1090 1075 deridentes,
1117 1022 1211 1075 pro
1234 1008 1354 1062 aliis
1377 1018 1553 1066 tamen
1576 1011 1790 1079 dolent,
1816 1024 1870 1069 et
1893 1031 1959 1070 ex
1992 1018 2091 1072 hoc

514 1094 748 1148 vicissim
779 1111 1022 1164 magnam
1054 1098 1268 1166 capiunt
1304 1101 1609 1157 utilitatem.
1647 1104 1963 1162 Studeamus
1989 1109 2089 1178 igi-

515 1194 600 1236 tur
623 1184 814 1239 anima:
844 1195 1038 1241 nostra
1067 1202 1246 1242 curam
1274 1189 1489 1256 habere,
1521 1202 1576 1247 et
1610 1194 2087 1265 inexspectatorum

514 1274 643 1327 nihil
675 1290 770 1327 nos
805 1276 997 1343 poterit
1027 1280 1374 1346 contristare;
1406 1291 1458 1336 et
1485 1297 1583 1352 pro
1607 1287 1894 1341 carceratis
1924 1288 2087 1343 Deum

513 1380 756 1430 oremus,
783 1378 840 1421 ut
864 1382 957 1423 eos
987 1369 1055 1423 ab
1080 1371 1373 1426 imminenti
1406 1374 1532 1442 ipsis
1559 1375 1749 1432 liberet
1766 1378 2085 1435 calamitate.

514 1456 729 1512 Poterat
776 1475 966 1529 nempe
1014 1470 1179 1516 totum
1207 1465 1360 1519 simul
1409 1466 1615 1522 solvere
1662 1469 1879 1536 malum,
1925 1481 1979 1525 et
2020 1488 2088 1528 ne

516 1558 701 1603 tenues
725 1550 936 1619 quidem
967 1552 1235 1609 dimittere
1276 1557 1556 1626 reliquias;
1600 1560 1691 1613 sed
1724 1576 1788 1616 ne
1815 1579 1998 1617 rursus
2020 1564 2087 1618 ad

515 1640 741 1706 priorem
787 1649 1115 1696 revertamur
1160 1652 1462 1713 torporem,
1498 1648 1695 1702 sensim
1735 1659 1790 1705 et
1833 1652 2085 1721 paulatim

519 1726 705 1780 horum
747 1736 1036 1785 torrentem
1077 1732 1334 1788 tnalorum
1365 1737 1631 1791 remittere
1658 1743 1888 1806 curavit,
1919 1743 1972 1797 in
2000 1759 2090 1798 ea-

513 1816 634 1870 dem
677 1832 775 1872 nos
813 1822 1045 1875 retinens
1089 1823 1303 1892 pietate.
1358 1827 1418 1879 Et
1449 1828 1587 1897 quod
1615 1829 1716 1884 hoc
1758 1832 1828 1886 sit
1875 1848 2080 1900 verum,

511 1909 755 1979 quodque
806 1911 953 1966 multi
997 1913 1061 1967 ad
1096 1915 1324 1983 priorem
1380 1919 1660 1975 rediissem
1711 1932 1997 1993 torporem,
2041 1928 2085 1982 si

512 1997 659 2053 brevi
703 2011 890 2056 cuncta
918 2004 1088 2059 soluta
1130 2005 1389 2074 biissent,
1436 2011 1556 2066 inde
1598 2014 1933 2070 manifestum
1963 2028 2081 2072 est:
2138 2024 2147 2033 ‘

511 2089 685 2144 adhuc
726 2092 1040 2148 calamitatis
1085 2097 1320 2167 reliquiae
1351 2112 1659 2168 remanent,
1697 2113 1750 2158 et
1777 2106 1950 2162 adhuc
1980 2108 2085 2161 lm-

508 2179 765 2247 peratoris
787 2192 866 2236 Gal
890 2183 1088 2239 incerta
1117 2189 1399 2254 sententia,
1423 2200 1476 2246 et
1495 2208 1684 2248 omnes
1723 2197 1810 2265 qui
1853 2198 2083 2253 civitatis

509 2275 719 2341 negotia
744 2274 1183 2334 administrabant
1207 2290 1331 2336 sunt
1358 2284 1408 2336 in
1445 2284 1699 2353 vinculis;
1729 2288 1876 2343 multi
1906 2298 2083 2345 tamen

508 2364 776 2421 civitatem
803 2369 1075 2426 nobiscum
1103 2374 1447 2432 habitantium
1474 2380 1679 2435 lavandi
1708 2383 1993 2452 cupiditate
2017 2385 2084 2440 ad

508 2456 724 2513 ﬂuvium
746 2472 984 2530 currunt,
1013 2466 1308 2524 innumeris
1342 2473 1448 2527 illic
1472 2489 1531 2529 se
1551 2478 1802 2531 conviciis
1831 2481 2084 2535 morden-

512 2561 612 2614 tes,
642 2552 992 2624 luxuriantes,
1024 2558 1381 2631 lascivientes,
1411 2566 1680 2629 saltantes,
1718 2570 1940 2625 feminas
1967 2589 2083 2641 per-

510 2643 798 2699 traheutes.
841 2646 952 2713 Qua
1000 2651 1155 2719 igitur
1199 2654 1270 2706 illi
1301 2657 1450 2711 venia
1497 2657 1682 2729 digni?
1717 2677 1816 2732 qua
1861 2679 2082 2719 excusa«

508 2734 692 2788 tione?
718 2736 823 2790 imo
846 2754 970 2792 vero
990 2756 1089 2810 qua
1119 2758 1223 2797 non
1253 2756 1376 2800 sunt
1405 2762 1558 2815 pmna
1589 2761 1641 2804 et
1669 2752 1867 2808 ultione
1893 2755 2035 2824 digni
2059 2757 2082 2809 ?

505 2822 747 2880 Civitatis
767 2838 925 2896 caput
954 2830 1003 2883 in
1026 2845 1259 2899 carcere,
1310 2837 1544 2892 membra
1578 2850 1757 2896 nostra
1785 2844 1836 2896 in
1866 2845 2076 2911 exsilio,

507 2913 704 2968 incerta
732 2915 799 2970 de
830 2917 909 2971 his
941 2925 1200 2975 sententia
1238 2941 1250 2977 :
1280 2935 1332 2978 et
1360 2937 1412 2980 tu
1441 2928 1525 2982 dic
1548 2970 1562 2993 ,
1593 2947 1791 2999 quaeso,
1823 2933 1986 2987 saltas
2026 2944 2079 2990 et

504 3002 640 3058 ludis
665 3015 720 3060 et
745 3007 928 3062 rides?
960 3011 1092 3066 Dicit
1128 3014 1317 3083 aliquis
1344 3035 1354 3069 :
1379 3018 1492 3072 Non
1536 3021 1665 3076 illoti
1712 3040 1927 3082 manere
1952 3026 2079 3081 feri-

503 3110 642 3152 mus.
674 3098 723 3153 0
765 3098 1120 3167 impudentem
1165 3109 1514 3173 sententiam,
1559 3127 1592 3165 o
1637 3115 1998 3171 mccbanicam
2025 3129 2081 3173 et

504 3188 795 3255 perditam!
840 3201 972 3261 quot
1018 3209 1247 3257 menses,
1297 3198 1401 3265 dic,
1449 3216 1608 3271 rogo,
1664 3202 1908 3260 fuerunt?
1949 3218 2078 3278 quot

500 3278 660 3331 anni?
709 3282 944 3337 nondum
972 3284 1152 3353 viginti
1178 3287 1291 3342 dies
1321 3289 1520 3347 balneis
1547 3296 1792 3350 exclusus
1821 3300 1992 3369 egisti,
2023 3311 2078 3356 et

499 3376 765 3438 tamquam
796 3382 963 3428 totum
990 3374 1165 3431 illotus
1192 3383 1508 3451 transegeris
1528 3400 1742 3452 ammm,
1777 3390 1855 3444 sic
1880 3408 2076 3448 maeres

501 3465 554 3510 et
581 3458 912 3530 indignaris?
933 3464 1164 3530 Siccine,
1195 3484 1395 3538 quzeso,
1422 3473 1560 3529 fuisti
1588 3492 1708 3532 cum
1738 3481 1961 3537 militum
1994 3486 2073 3538 in-

1232 258 1289 311 S.
1330 257 1606 314 JOANNIS
1644 258 2117 316 CHllYSOSTOMl
2160 259 2477 319 ARCHIEP.
2519 265 3051 327 CONSTANTINOP.

3680 284 3789 340 18’!

2205 387 2440 441 cursum,
2490 392 2609 431 cum
2655 394 2751 450 per
2788 383 3021 453 singulos
3067 385 3201 439 mori
3253 386 3366 442 dies
3410 397 3787 462 exspectabas.

2201 466 2411 532 quando
2440 469 2493 521 in
2534 468 2745 526 deserta
2773 472 3013 544 fugiebas
3049 485 3103 532 et
3137 477 3204 532 ad
3243 481 3502 536 montium
3528 489 3789 543 currebas

2201 559 2463 615 vertices?
2506 562 2561 617 Si
2582 564 2700 633 quis
2730 565 2819 620 tibi
2850 576 2976 621 tunc
3004 575 3170 624 totum
3193 587 3391 627 annum
3419 575 3626 631 illotum
3660 596 3788 635 ma-

2201 662 2327 703 nere
2358 653 2735 720 proposuisset,
2762 665 2817 709 ut
2842 657 3461 718 abinstantilibetareris
3488 668 3784 736 anxietate,

2200 754 2376 794 nonne
2402 755 2646 814 prompte
2674 749 2998 817 suscepisses
3016 761 3175 821 atque
3198 755 3411 810 tulisses
3427 758 3450 810 ἲ
3464 757 3597 813 Cum
3623 764 3788 832 igitur

2199 829 2296 896 illi,
2320 832 2407 901 qui
2434 834 2632 904 absque
2653 839 2797 891 omni
2826 839 3023 894 damno
3054 842 3166 897 haec
3203 846 3391 912 solvit,
3443 848 3554 904 Deo
3578 829 3785 921 gratias

2199 938 2355 992 agere
2396 929 2695 995 conveniat,
2731 930 2941 1007 lascivis
2971 950 3179 989 rursum
3210 947 3263 992 et
3288 944 3663 998 contumeliam
3694 944 3784 1000 fa-

2197 1014 2274 1066 cis
2294 1055 2309 1080 ,
2337 1025 2393 1069 et
2419 1020 2667 1086 quoniam
2698 1031 2871 1078 metus
2901 1026 3163 1093 transivit,
3195 1028 3261 1082 ad
3299 1033 3552 1099 majorem
3583 1037 3782 1092 iterum

2199 1115 2466 1174 torporem
2500 1110 2737 1167 rediisti?
2759 1113 2848 1169 Sic
2877 1124 2930 1169 te
2957 1118 3248 1187 tetigerunt
3276 1123 3445 1190 mala,
3476 1136 3533 1180 ut
3555 1139 3783 1196 appetas

2196 1205 2250 1249 et
2280 1195 2467 1251 balnea
2492 1199 2515 1251 ?
2546 1200 2669 1255 licet
2688 1203 2829 1257 enim
2852 1205 3038 1262 balnea
3070 1210 3520 1281 permitterentur,
3539 1195 3646 1271 non
3676 1236 3782 1288 po-

2199 1294 2334 1340 terat
2360 1288 2697 1346 morientium
2715 1293 3011 1362 calamitas,
3044 1298 3203 1352 etiam
3241 1301 3319 1354 eis
3347 1304 3435 1371 qui
3472 1306 3521 1357 in
3555 1307 3638 1361 his
3664 1325 3777 1362 nou

2195 1389 2374 1434 essent
2399 1381 2644 1445 miseriis,
2680 1387 3018 1453 persuadere,
3043 1400 3099 1442 ut
3128 1394 3365 1446 omnium
3392 1395 3778 1455 obliviscereno

2197 1476 2283 1523 tur
2319 1470 2667 1527 deliciarum?
2696 1474 2770 1530 De
2798 1476 2972 1531 anima
3023 1479 3311 1547 periculum
3336 1493 3436 1548 est,
3477 1496 3529 1540 et
3569 1496 3621 1540 ttt
3653 1490 3780 1543 bal'

2195 1574 2416 1615 neorum
2444 1564 2759 1630 recordaris,
2787 1574 2842 1618 et
2869 1566 3076 1623 deliciis
3098 1570 3175 1624 vis
3202 1575 3434 1628 vacare?
3463 1575 3779 1633 Contemnis

2194 1649 2283 1717 qui
2309 1666 2448 1705 nunc
2474 1652 2740 1723 effugisti?
2769 1655 2899 1711 Vide
2918 1673 2995 1721 ne
3024 1659 3238 1729 majoris
3263 1676 3435 1731 pcenze
3464 1665 3554 1718 tibi
3586 1683 3780 1723 neces-

2196 1742 2405 1799 sitatem
2442 1747 2833 1816 circumponas,
2880 1760 2935 1803 et
2975 1750 3180 1805 ablatas
3208 1768 3421 1809 rursum
3456 1759 3626 1813 minas
3647 1776 3775 1814 cum

2196 1834 2381 1902 majori
2406 1835 2639 1890 attrahas
2667 1838 2993 1905 discrimine,
3023 1851 3076 1895 et
3104 1841 3242 1897 idem
3274 1845 3511 1913 patiaris,
3538 1850 3677 1918 quod
3702 1852 3779 1906 de

2193 1926 2521 1983 (immunibus
2545 1930 2559 1960 ¹
2583 1931 2751 2001 inquit
2769 1930 3030 1987 Christus.
3054 1933 3339 2005 Postquam
3361 1939 3501 1992 enim
3522 1956 3779 2011 egressus

2193 2018 2350 2073 fuerit
2378 2022 2594 2089 Spiritus
2625 2022 2927 2078 immundus
2947 2064 2963 2088 ,
2991 2024 3191 2095 inquit,
3222 2036 3276 2081 et
3300 2024 3481 2096 postea
3510 2031 3779 2089 invenerit

2192 2112 2406 2166 domum
2437 2124 2708 2168 vacantem
2753 2126 2807 2169 et
2850 2118 3028 2187 scopis
3053 2119 3380 2184 mundatam,
3406 2133 3609 2192 septem
3637 2126 3778 2181 alios

2192 2204 2408 2270 Spiritus
2437 2206 2717 2272 nequiores
2745 2221 2804 2260 se
2830 2207 3026 2261 iterum
3057 2224 3355 2274 assumens,
3401 2216 3686 2269 revertitur
3713 2218 3775 2270 in

2192 2297 2456 2361 animam,
2503 2309 2556 2352 et
2602 2297 2734 2351 fiunt
2779 2301 3073 2368 posteriora
3124 2301 3238 2370 ejus
3279 2302 3456 2372 pejora
3510 2306 3776 2371 prioribus

2192 2386 2345 2455 (Luc.
2376 2390 2459 2442 Η.
2480 2388 2550 2442 ‘24
2577 2388 2712 2460 36).
2732 2389 3036 2444 Timeamus
3058 2391 3276 2459 igituret
3299 2408 3417 2457 nos,
3449 2410 3557 2448 nea
3577 2397 3774 2463 priori-

2192 2478 2291 2532 hns
2343 2479 2587 2545 liberati,
2642 2480 2830 2536 inertia
2875 2481 3230 2549 subrepente,
3281 2484 3548 2553 prioribus
3587 2488 3772 2555 pejora

2191 2571 2493 2624 subeamus.
2526 2570 2657 2625 Novi
2691 2587 2786 2625 vos
2812 2571 2879 2626 ab
2923 2571 3020 2626 hac
3054 2573 3257 2628 alienos
3301 2576 3556 2642 stultitia;
3582 2594 3767 2633 verum

2190 2673 2242 2715 et
2292 2663 2641 2732 iarcomposite
2687 2663 3021 2718 ambulantes
3066 2664 3326 2731 cohibete,
3362 2668 3560 2733 punite,
3608 2676 3772 2722 casti-

2187 2767 2338 2823 gate;
2369 2763 2427 2808 ut
2453 2769 2664 2823 semper
2688 2754 3021 2824 gaudeatis’,
3050 2756 3185 2809 sicut
3229 2756 3427 2811 Paulus
3466 2758 3769 2827 imperavit,

2190 2855 2247 2899 ιιι
2289 2854 2345 2899 et
2389 2846 2724 2914 propriorum
2776 2846 2860 2900 hic
2903 2848 3214 2901 meritorum
3261 2856 3316 2901 et
3361 2847 3585 2902 aliorum
3622 2865 3770 2905 cum:

2187 2937 2406 2991 multum
2434 2945 2487 2990 et
2517 2935 2605 2991 hic
2630 2945 2683 2991 et
2705 2937 2757 2989 in
2789 2936 2964 2990 futura
2987 2936 3091 2989 vita
3114 2938 3386 3005 capiamus
3426 2939 3727 2994 mercedem
3744 2982 3765 3003 ,

2186 3030 2352 3100 gratia
2392 3038 2449 3085 et
2487 3030 2809 3099 benignitate
2828 3030 3034 3084 Domini
3068 3030 3235 3085 nostri
3271 3030 3397 3085 Jesu
3422 3029 3637 3099 Christi,
3671 3047 3769 3101 per

2185 3136 2343 3189 quem
2373 3130 2567 3174 etcum
2595 3135 2701 3190 quo
2727 3120 2866 3174 Patri
2890 3121 3047 3175 simul
3069 3131 3323 3176 etsancto
3338 3120 3551 3193 Spiritui
3572 3123 3767 3192 gloria,

2187 3210 2360 3265 honor
2379 3220 2433 3266 et
2458 3211 2698 3267 adoratio
2721 3253 2736 3278 ,
2771 3229 2911 3268 nunc
2939 3221 2995 3268 et
3020 3227 3251 3284 semper,
3275 3223 3329 3268 et
3358 3215 3409 3269 in
3430 3216 3623 3271 saecula
3656 3231 3766 3270 sa:-

2184 3303 2446 3357 culorum.
2475 3304 2664 3358 Amen.

2249 3439 2263 3470 ¹
2301 3437 2443 3486 Savll.
2460 3445 2510 3487 et
2529 3438 2722 3498 quidam
2745 3443 2873 3495 Mss,
2900 3437 2962 3487 de
2981 3436 3305 3488 demoniact's.

2247 3502 2266 3530 ²
2302 3501 2433 3561 Apud
2452 3500 2572 3548 alios
2596 3513 2609 3547 :
2637 3506 2694 3549 (Et
2712 3512 2899 3561 semper
2921 3503 3219 3561 gaudeamus

503 3578 3738 3637 NW

693 3683 1000 3732 nommca
1040 3691 1341 3737 saevum:
1387 3679 1468 3759 (α)
1515 3700 1598 3744 an
1641 3702 1919 3750 HOMINES
1964 3709 2162 3753 sonos
2206 3711 2542 3767 commas,
2589 3716 2669 3756 ET
2711 3715 2793 3756 ne
2840 3713 3118 3759 vn‘mno
3159 3714 3560 3759 JURAIIBNTO.

1090 3926 1303 3966 IIOMILIA
1342 3929 1455 3969 XIX.

566 4034 615 4086 Ι.
657 4035 835 4104 Epulis
878 4049 1180 4096 sanctorum
1222 4053 1523 4121 martyrum.
1557 4051 1766 4118 excepti
1812 4054 1942 4108 estis
1983 4054 2064 4111 his

492 4127 770 4192 prteteritis
795 4128 984 4183 diebus
1010 4149 1023 4185 :
1052 4133 1308 4201 spirituali
1335 4135 1646 4193 celebritate
1672 4142 1857 4207 repleti
1883 4146 2065 4199 exsul-

491 4216 638 4269 tastis
667 4216 904 4273 honestis
930 4223 1374 4281 exsultationibus
1406 4244 1420 4279 :
1454 4228 1659 4285 vidistis
1686 4242 1867 4301 aperta
1896 4235 2062 4291 latera

487 4318 539 4360 et
566 4309 651 4362 ilia
682 4312 914 4379 concisa,
935 4329 1176 4371 cruorem
1199 4318 1431 4390 undique
1458 4321 1801 4392 deﬂuentem,
1827 4326 2062 4385 infinitas

489 4411 873 4459 tormentorum
915 4408 1121 4475 species
1161 4429 1177 4466 :
1222 4409 1503 4468 humanam
1562 4415 1769 4471 vidistis
1815 4427 2059 4476 naturam

483 4497 902 4560 supernaturalia
931 4509 1291 4566 praestantem,
1319 4514 1372 4559 et
1391 4521 1616 4563 coronas
1644 4511 1900 4580 sanguine
1926 4527 2059 4568 cou-

489 4590 659 4637 testas
688 4601 701 4635 :
734 4586 1002 4652 pulchram
1027 4590 1258 4646 saltastis
1283 4595 1564 4662 choream,
1591 4599 1643 4653 in
1687 4615 1900 4657 omnem
1932 4619 2059 4673 par-

486 4681 591 4726 tem
635 4674 861 4729 civitatis
905 4677 1007 4733 hoc
1064 4679 1291 4736 honesto
1335 4684 1468 4740 duce
1511 4703 1606 4743 vos
1644 4691 2055 4763 circumagente.

482 4764 584 4818 Sed
625 4780 724 4821 nos
752 4778 804 4821 et
850 4769 1040 4825 invitos
1085 4772 1360 4830 infirmitas
1387 4777 1528 4832 domi
1560 4795 1776 4838 manere
1813 4786 2055 4853 cogebat.

483 4857 682 4912 Tamen
707 4861 804 4914 etsi
836 4861 1156 4918 solemnitati
1187 4880 1290 4919 non
1322 4867 1674 4935 interfuimus,
1701 4873 1767 4929 de
1789 4875 2059 4945 voluptate

478 4950 902 5020 participavimus
928 4974 941 5010 :
971 4957 1068 5012 etsi
1109 4958 1176 5012 de
1218 4962 1472 5015 concione
1518 4962 1744 5020 fructum
1772 4984 1876 5023 non
1900 4971 2049 5040 cepi-

482 5055 621 5104 mus,
668 5044 940 5101 vobiscum
986 5057 1162 5103 tamen
1204 5050 1436 5107 laetitiam
1480 5069 1818 5112 communem
1873 5059 2057 5117 habui-

478 5147 618 5186 mus.
647 5134 789 5190 Talis
817 5146 899 5191 est
924 5140 1065 5194 enim
1096 5144 1331 5197 caritatis
1358 5147 1437 5199 vis
1465 5164 1477 5200 :
1503 5163 1606 5200 non
1648 5146 1882 5206 fruentes
1913 5155 2055 5220 pari-

481 5233 564 5278 ter
590 5240 708 5278 cum
759 5227 1050 5287 fruentibus
1076 5234 1308 5302 gaudere
1336 5235 1487 5304 facit,
1526 5242 1827 5295 communia
1870 5246 2057 5312 proxi-

643 5383 749 5427 Erat
779 5386 939 5447 autem
983 5392 1177 5434 Servata
1210 5387 1318 5437 dies
1355 5391 1676 5447 ascensionis,
1702 5401 1756 5444 ut
1775 5394 1843 5443 ait
1865 5396 2055 5445 simeon

474 5435 697 5516 allatiuns;
729 5442 973 5516 Igmniniqq
996 5457 1113 5516 vero
1136 5435 1341 5516 serratis
1364 5435 2056 5516 miniiiiéﬁiuidd"pBEi'i;

475 5498 760 5575 setiaaouod'
784 5516 906 5574 vero
928 5506 981 5575 id
997 5506 1277 5575 ditiicultate
1302 5498 1599 5575 nonvacet:
1627 5498 1947 5575 pur—ibus};
1973 5498 2053 5568 de

475 5559 873 5636 regisseruinms
898 5568 945 5616 in
977 5570 1164 5618 Monito.
1200 5578 1344 5622 Certe
1364 5573 1442 5622 hic
1464 5559 1784 5636 ambage;

476 5617 674 5669 IndiCal'i
698 5625 904 5674 videtur.

2178 3943 2383 3981 morum
2414 3928 2547 3981 bona
2581 3937 2766 3994 putare
2792 3924 3137 3995 persuadens.
3182 3924 3470 3993 Propterea
3508 3936 3562 3981 et
3609 3926 3757 3982 domi

2176 4019 2369 4071 sedens
2394 4017 2687 4087 gaudebam
2714 4017 2987 4071 vobiscum
3006 4057 3020 4080 ,
3053 4025 3107 4071 et
3136 4016 3323 4069 morbo
3343 4015 3577 4069 nondum
3604 4018 3756 4071 solu-

2174 4119 2256 4163 tus
2286 4110 2490 4164 surrexi
2516 4120 2570 4163 et
2595 4110 2804 4163 cucurri
2836 4109 2901 4163 ad
2927 4125 3041 4171 vos,
3075 4117 3135 4162 ut
3167 4108 3547 4163 desiderabiles
3586 4108 3757 4166 facies

2172 4208 2376 4254 vestras
2416 4200 2675 4263 intuerer,
2717 4208 2772 4255 et
2823 4200 3104 4269 praesentis
3150 4198 3450 4254 festivitatis
3492 4201 3756 4283 particeps

2172 4292 2376 4346 ﬁerem.
2427 4291 2791 4347 Festivitatem
2819 4291 2959 4346 enim
2992 4290 3275 4345 maximam
3306 4304 3429 4345 esse
3458 4302 3583 4359 puto
3611 4305 3754 4359 pra:-

2169 4395 2372 4439 sentem
2398 4384 2560 4449 diem,
2590 4395 2805 4453 pr0pter
2819 4382 3038 4436 fratrum
3070 4380 3400 4449 prmsentiam
3428 4391 3750 4435 nostrorum.

2169 4476 2256 4543 qui
2285 4476 2467 4530 urbem
2516 4475 2673 4530 nobis
2716 4474 2875 4529 hodie
2918 4473 3318 4526 adornaverant
3369 4480 3422 4525 et
3466 4472 3752 4526 ecclesiam

2168 4566 2536 4621 honestarunt.
2588 4566 2820 4636 Populus
2863 4564 3039 4633 lingua
3071 4564 3088 4595 ³
3125 4562 3337 4633 quidem
3377 4562 3531 4616 nobis
3569 4562 3750 4616 diver-

2167 4672 2259 4712 sus
2289 4657 2391 4729 (b),
2424 4657 2527 4712 fide
2554 4672 2681 4712 vero
2706 4670 2975 4713 consonus
3009 4672 3022 4708 :
3047 4654 3270 4723 pepulus
3296 4653 3346 4706 in
3371 4651 3753 4722 tranquillitate

2166 4748 2384 4814 vivens,
2430 4750 2591 4802 vitam
2648 4746 2853 4801 habens
2908 4744 3203 4798 modestam
3254 4754 3308 4797 et
3368 4741 3749 4796 venerabilem.

2168 4841 2319 4910 Apud
2347 4841 2446 4895 hos
2473 4841 2612 4895 enim
2644 4840 2788 4895 viros
2814 4855 2923 4893 non
2951 4838 3243 4907 iniquitatis
3269 4835 3592 4905 spectacula,
3641 4852 3749 4890 non

2167 4949 2422 5001 equorum
2453 4934 2744 4988 certamina
2769 4974 2782 4995 ,
2819 4947 2995 5001 neque
3026 4927 3313 4983 meritoria:
3338 4929 3610 4992 mulieres,
3642 4944 3745 4983 nec

2166 5025 2401 5094 reliquus
2431 5022 2576 5077 urbis
2601 5023 2856 5076 tumultus
2882 5021 2973 5076 sed
3006 5035 3167 5075 omne
3208 5020 3431 5073 luxuriae
3451 5033 3618 5088 genus
3647 5020 3749 5074 eli-

2166 5115 2421 5169 tninatum
2451 5123 2565 5177 est;
2597 5113 2756 5167 multa
2786 5128 2912 5167 vero
2954 5113 3151 5181 ubique
3194 5110 3453 5165 modestia
3482 5109 3659 5164 floret.
3691 5110 3748 5164 Id

2168 5222 2293 5260 vero
2340 5214 2425 5261 est
2461 5206 2514 5260 in
2557 5220 2738 5269 causa,
2763 5204 2904 5275 quod
2949 5205 3209 5258 laboriosa
3250 5203 3319 5257 sit
3365 5202 3492 5274 ipsis
3525 5203 3661 5266 vita,
3695 5211 3749 5257 et

2123 5355 2130 5362 _
2168 5298 2372 5350 virtutis
2401 5296 2637 5352 scholam
2667 5306 2824 5365 atque
2854 5294 3128 5349 modestiae
3160 5293 3391 5348 habeant
3433 5302 3591 5348 teme
3628 5292 3745 5346 cnl-

2168 5399 2358 5449 turam,
2388 5397 2554 5441 artem
2586 5395 2890 5449 tractantes,
2925 5400 3080 5454 quam
3123 5392 3245 5439 ante
3288 5383 3518 5453 reliquas
3559 5396 3751 5438 omnes

2230 5526 2246 5583 _*
2283 5528 2386 5569 Sav.
2414 5520 2714 5583 et_alii_voei,
2741 5518 2936 5583 lingua,
2962 5518 3159 5578 addunt,
3185 5515 3401 5581 propria.
3420 5514 3641 5575 —tufra.
3659 5530 3748 5570 nec

2163 5581 2355 5652 reliqua
2377 5580 2509 5652 urbis
2532 5580 2796 5652 dissolutio.
2824 5580 2840 5583 '
2869 5642 2897 5652 Α
2933 5642 2943 5652 υ
2972 5648 2991 5652 Α
3054 5643 3063 5652 _

2232 5643 2305 5706 (b)
2344 5643 2449 5705 Agri
2475 5643 2757 5692 Antiocheni
2778 5642 2945 5692 rustici
2968 5643 3157 5705 Syriace
3181 5641 3522 5703 loquebantur.
