4068 6424
358 412 457 469 189

353 546 407 583 m
436 528 594 580 vitam
627 525 762 581 Deus
792 533 1024 579 nostram
1055 524 1248 577 intulit.
1273 521 1481 577 Etenim
1509 527 1632 573 ante
1652 523 1928 587 peccatum

353 618 522 673 Adam
569 616 780 684 quando
826 615 986 669 multa
1040 614 1309 668 fruebatur
1345 612 1607 673 libertate,
1644 605 1932 677 agricultu-

1169 409 1258 464 AD
1298 404 1616 465 POPULUM
1656 398 2143 459 ANTIOCHENUM
2208 401 2433 457 HOMIL.
2475 403 2619 458 XIX.

3524 405 3622 460 tao

2042 513 2523 579 demonstraverit,
2578 524 2774 586 quanto
2826 516 3000 585 parvis
3051 516 3285 585 puerulis
3336 516 3627 586 prudentes

2045 605 2183 659 viros
2222 613 2538 675 przcstantes
2576 622 2796 662 cernere
2833 607 2959 662 est?
2995 608 3144 673 Quod
3189 609 3329 663 enim
3361 608 3490 678 ipsis
3528 612 3625 664 da-

350 726 465 768 ram
489 708 772 778 quamdam
801 707 949 761 obire
985 707 1165 776 jussus
1189 713 1301 769 est,
1333 719 1438 758 non
1470 700 1789 771 laboriosam
1817 697 1934 767 qui-
1956 741 2022 811 Θ
2041 714 2221 752 mnum
2244 714 2312 753 ex
2338 699 2601 754 sermonis
2627 699 2888 769 imperitia
2917 714 3034 754 esse
3067 701 3250 769 possit,
3275 717 3394 755 cum
3418 713 3626 758 mentes

371 806 381 811 -
949 797 961 811 ι
1020 797 1031 811 ι
1128 804 1138 811 .
1292 808 1305 811 -
1328 810 1335 811 ,
1367 795 1378 811 I
1410 792 1624 811 ,-__-!.____
1677 789 1772 811 -ﬂL!
1799 803 1907 811 ...υ-..ι
2043 789 2201 811 ..,...1.Δ
2242 789 2344 811 -2...
2390 790 2515 811 ε-,..2-
2548 789 2651 811 _l-_
2679 805 2716 811 ,Α
2761 791 2869 811 ,Αμε
2892 807 2923 811 ._
2949 791 3011 811 ιε-
3040 792 3062 811 ι
3099 807 3157 811 ..η
3190 808 3203 811 -
3248 807 3358 811 ,,-_-
3434 810 3439 811 ,
3467 804 3527 811 ,η
3585 796 3624 811 *κ

348 806 498 864 ιιυιη,
528 814 629 854 nec
657 813 921 851 arrunmas
948 797 1254 859 habentem,
1286 795 1380 849 sed
1409 792 1630 847 multam
1675 789 1774 844 sibi
1799 803 1934 857 prm-

350 894 564 946 bcntem
614 888 1022 959 philosophiam.
1086 887 1264 941 Posuit
1320 885 1463 939 enim
1510 884 1697 953 ipsum,
1734 881 1828 945 ait,
1876 886 1933 931 ut

348 990 648 1052 operaretur
673 990 718 1035 et
752 979 1024 1033 custodiret
1048 978 1345 1049 paradisum
1379 974 1542 1047 (Gen.
1581 973 1637 1027 2.
1662 973 1729 1027 15
1750 971 1790 1042 ).
1824 968 1933 1023 Ho-

349 1089 467 1127 rmn
495 1086 760 1142 quemque
780 1084 1028 1124 cerneres
1063 1083 1205 1124 nunc
1231 1068 1444 1138 quidem
1475 1067 1637 1120 boves
1658 1065 1929 1133 jugautem

348 1164 611 1220 oratorios
639 1172 693 1217 et
737 1172 971 1216 aratrum
1002 1164 1296 1215 trahentem
1339 1168 1395 1214 et
1437 1157 1754 1227 profundum
1793 1155 1935 1208 scin-

351 1259 567 1311 dentem
616 1254 845 1318 sulcum,
892 1268 1033 1307 nunc
1080 1260 1257 1306 autem
1304 1264 1514 1305 sacrum
1558 1246 1931 1302 ascendentem

355 1358 658 1421 suggestum
715 1358 771 1403 et
823 1347 1157 1402 subditorum
1207 1346 1414 1400 animas
1462 1352 1703 1396 arantem
1738 1357 1751 1392 :
1793 1353 1933 1392 nunc

349 1441 562 1512 quidem
592 1440 702 1509 agri
732 1439 911 1509 spinas
937 1438 1272 1492 excidentem
1306 1436 1456 1496 falce,
1488 1447 1628 1487 nunc
1659 1445 1788 1484 vero
1814 1444 1931 1482 ser-

349 1548 511 1587 mone
562 1546 627 1585 es
670 1529 862 1584 animis
925 1537 1141 1598 peccata
1191 1537 1577 1595 extergentem.
1635 1522 1751 1575 Non
1791 1521 1929 1574 enim

350 1622 671 1677 erubescunt
690 1621 947 1684 culturas,
980 1620 1117 1672 sicut
1146 1617 1295 1671 urbis
1341 1626 1536 1670 nostra
1582 1612 1788 1676 incolae,
1839 1608 1931 1663 sed

349 1714 669 1769 erubescunt
694 1712 994 1781 segnitiem,
1032 1710 1280 1779 quoniam
1312 1707 1615 1763 didicerunt
1644 1705 1784 1757 illam
1817 1717 1933 1754 om-

351 1820 475 1860 nem
505 1803 754 1858 docuisse
775 1801 1029 1855 malitiam
1066 1818 1079 1853 :
1113 1807 1169 1854 et
1206 1798 1275 1852 ab
1314 1798 1467 1851 initio
1496 1811 1556 1849 se
1584 1793 1931 1864 diligentibus

351 1895 600 1966 nequitia:
627 1894 788 1949 fuisse
817 1893 1143 1963 magistram.
1177 1890 1237 1944 Hi
1267 1900 1390 1943 sunt
1411 1889 1648 1942 maxime
1668 1886 1753 1955 qui
1776 1884 1931 1938 nobis

350 1988 603 2057 optimam
632 1984 993 2055 pltilnSOphari
1024 1983 1273 2037 videntur
1299 1978 1715 2049 philosophiam,
1745 1990 1849 2030 non
1868 1989 1930 2027 cx

349 2078 554 2143 habitu,
584 2076 678 2131 sed
709 2091 775 2131 ex
819 2074 1083 2130 sententia
1123 2074 1372 2126 virtutem
1420 2085 1569 2125 suam
1598 2067 1930 2123 exhibentes.

349 2169 533 2241 itaque
561 2179 906 2225 externorum
934 2166 1258 2235 phi1050phi,
1300 2164 1526 2220 scenicis
1554 2171 1609 2218 et
1647 2162 1932 2217 mimorum

350 2264 493 2318 ludis
539 2263 849 2317 vacantibus
893 2261 1061 2315 nihilo
1090 2260 1278 2313 melius
1324 2273 1381 2311 se
1428 2257 1643 2320 habent,
1694 2253 1852 2324 pallio
1881 2260 1936 2307 et

350 2357 512 2410 barba
556 2365 610 2409 et
651 2355 785 2412 Stola
813 2356 942 2408 nihil
997 2354 1225 2422 amplius
1266 2351 1520 2406 exhibere
1568 2350 1805 2404 valentes
1837 2364 1851 2401 :
1881 2345 1932 2400 hi

348 2465 476 2504 vero
500 2458 708 2513 contra,
753 2447 941 2502 baculo
995 2455 1048 2502 et
1104 2446 1266 2500 barba
1312 2454 1366 2499 et
1416 2443 1625 2512 reliquo
1677 2447 1933 2511 apparatu

348 2542 560 2612 longum
592 2542 768 2597 valere
784 2542 965 2610 jussis,
996 2540 1228 2594 animam
1251 2553 1400 2592 suam
1423 2552 1563 2591 verm
1585 2532 1933 2604 phiIOSOphia:

350 2633 629 2700 praeceptis
658 2645 1008 2695 exornavere,
1043 2645 1144 2684 nec
1169 2628 1455 2698 prmceptis
1496 2636 1723 2691 tantum,
1746 2638 1931 2679 verum

348 2732 401 2776 et
443 2724 701 2792 operibus
732 2721 879 2789 ipsis.
912 2722 979 2775 Et
1014 2721 1058 2775 si
1088 2720 1280 2773 horum
1305 2718 1606 2787 quempiam
1638 2717 1934 2781 interroges

349 2814 401 2867 in
433 2813 761 2883 agricultura
783 2812 1073 2865 viventium
1100 2851 1115 2875 ,
1151 2819 1205 2863 et
1233 2810 1411 2877 ligone
1453 2815 1509 2860 et
1542 2813 1720 2858 aratro
1763 2804 1936 2858 confe-

347 2914 578 2958 ctorum.
616 2902 684 2955 de
726 2900 1011 2969 dogmatis,
1051 2899 1118 2953 de
1156 2898 1346 2967 quibus
1393 2895 1596 2950 infinita
1632 2904 1935 2963 qua-rentes

348 2996 558 3051 externi
607 2989 929 3060 philosophi,
976 2998 1031 3043 et
1071 3001 1348 3043 sermones
1388 2986 1584 3040 multos
1628 2983 1932 3046 fundentes,

351 3087 480 3141 nihil
511 3098 699 3140 sanum
729 3081 907 3135 dicere
931 3088 1241 3151 potuerunt,
1271 3077 1460 3132 sedqu
1480 3083 1667 3130 cuneta
1696 3074 1787 3127 tibi
1811 3088 1932 3128 cum

351 3178 514 3232 multa
546 3172 891 3244 respondebit
937 3171 1216 3239 sapientia.
1249 3169 1358 3223 Nec
1383 3169 1484 3222 hoc
1511 3178 1710 3220 tantum
1736 3175 1816 3219 est
1841 3164 1936 3219 ad-

349 3267 613 3331 mirabile,
664 3279 849 3319 verum
899 3270 954 3317 et
991 3262 1242 3333 quoniam
1284 3275 1380 3330 per
1423 3272 1584 3329 opera
1627 3257 1934 3327 dogmatum

350 3359 509 3415 fidem
541 3360 770 3411 firmant.
819 3354 1031 3410 Etenim
1073 3352 1214 3422 quod
1257 3352 1488 3405 animam
1520 3349 1809 3403 habeamus
1839 3348 1940 3401 im-

351 3451 668 3512 mortalem,
719 3456 773 3503 et
816 3447 1054 3501 omnium
1106 3459 1225 3515 qua:
1275 3442 1361 3497 hic
1402 3450 1659 3512 geruntur
1706 3440 1938 3494 rationes

352 3541 574 3596 reddere
593 3540 903 3604 debeamus,
933 3546 985 3592 et
1009 3534 1287 3590 tremendo
1314 3535 1566 3589 assistere
1592 3531 1858 3593 tribunali,
1884 3543 1938 3585 et

351 3634 402 3688 in
434 3639 612 3686 mente
633 3630 732 3683 sibi
759 3635 1136 3699 persuaserunt
1156 3667 1169 3689 ,
1199 3634 1253 3679 et
1280 3625 1441 3678 vitam
1466 3638 1680 3678 omnem
1712 3622 1777 3675 ad
1801 3622 1937 3675 hanc

330 3737 500 3791 _Spem
533 3719 895 3781 instituerunt,
948 3724 1004 3771 et
1042 3713 1188 3769 omni
1216 3714 1456 3768 smculari
1490 3727 1680 3781 pompa
1705 3711 1940 3779 superioo

353 3813 673 3877 resredditi,
716 3820 876 3880 atque
925 3823 955 3863 a
1004 3808 1181 3862 divina
1235 3805 1427 3861 eruditi
1466 3804 1760 3873 Scriptura,
1798 3803 1936 3871 quod

366 3904 573 3959 Vanitas
600 3905 901 3965 vanitatum,
943 3910 991 3955 et
1019 3901 1189 3954 omnia
1213 3900 1411 3953 vanitas
1436 3897 1631 3970 (Eccle.
1666 3898 1719 3950 1.
1745 3897 1804 3966 2)
1829 3914 1844 3950 :
1871 3895 1938 3949 ad

354 3999 429 4052 nil
455 4012 639 4052 eorum
670 4011 788 4065 quae
820 3994 1066 4048 videntur
1095 4006 1214 4047 esse
1234 3992 1399 4056 clara,
1428 3989 1699 4045 anhelant.

426 4090 624 4145 Rustici
651 4088 980 4158 sapientiores
1005 4085 1226 4155 antiquis
1253 4082 1588 4154 philosophis.
1614 4111 1686 4122 —
1712 4081 1774 4135 lli
1798 4090 1847 4135 et
1870 4078 1938 4133 de

358 4184 470 4238 Deo
500 4183 614 4236 hrcc
644 4178 1006 4250 philosophari
1049 4185 1284 4241 norunt,
1312 4192 1431 4245 qua:
1476 4176 1614 4229 Deus
1646 4173 1932 4228 mandavit.

358 4277 439 4329 Ac
465 4272 507 4327 si
563 4285 841 4327 assumens
870 4284 1056 4324 eorum
1088 4283 1271 4327 unum.
1303 4265 1676 4335 philosophum
1709 4264 1937 4333 aliquem

355 4376 699 4418 externorum
726 4375 866 4415 nunc
894 4362 947 4413 in
975 4358 1208 4414 medium
1235 4356 1487 4421 adducas,
1519 4357 1627 4410 imo
1644 4371 1774 4410 vero
1800 4369 1941 4409 nunc

355 4453 566 4523 quidem
613 4452 788 4506 nullus
830 4458 1002 4519 potest
1030 4448 1292 4513 inveniri;
1324 4449 1368 4502 si
1404 4461 1533 4501 vero
1569 4446 1757 4500 horum
1786 4460 1939 4499 assu-

357 4558 472 4597 mas
513 4556 716 4605 unum,
756 4539 1115 4608 evolvensqne
1159 4538 1454 4606 priscorum
1498 4535 1938 4606 philosophorum

357 4635 521 4690 libros
545 4650 823 4704 percurras
846 4653 862 4689 :
883 4633 1083 4702 etquid
1111 4634 1163 4687 hi
1189 4632 1400 4702 quidem
1424 4645 1564 4685 nunc
1589 4629 1937 4699 respondent,

357 4725 482 4793 quid
511 4734 686 4780 autem
715 4726 949 4803 illitunc
976 4723 1338 4793 philosophati
1382 4731 1543 4788 sunt,
1577 4722 1628 4776 in
1663 4736 1940 4791 compara-

358 4819 501 4873 tione
528 4832 733 4889 ponens
761 4815 1015 4871 discutias
1038 4856 1054 4881 ,
1082 4814 1285 4869 videbis
1312 4824 1507 4884 quanta
1534 4815 1604 4869 sit
1636 4813 1824 4868 horum
1851 4828 1940 4865 sa-

356 4907 593 4977 pientia,
624 4917 825 4978 quanta
861 4919 992 4961 vero
1035 4905 1244 4960 illorum
1290 4904 1580 4959 dementia.
1621 4904 1754 4960 Cum
1796 4903 1939 4959 enim

358 5000 594 5067 ipsorum
622 4997 837 5068 quidam
874 4997 1073 5052 nullam
1112 4997 1165 5050 in
1205 4995 1364 5051 rebus
1398 5010 1520 5050 esse
1560 4995 1941 5066 providentiam

358 5089 538 5143 dicant
555 5130 570 5153 ,
598 5103 698 5144 nec
719 5104 749 5143 a
777 5090 884 5144 Deo
908 5098 1143 5143 creatum
1169 5100 1289 5141 esse
1319 5086 1572 5140 mundum
1593 5127 1607 5150 ,
1641 5101 1813 5157 neque
1831 5086 1941 5139 vir-

360 5190 524 5236 tntem
545 5181 645 5236 sibi
673 5181 774 5251 ipsi
801 5180 1151 5236 sufficientem
1183 5193 1323 5242 esse,
1353 5178 1445 5231 sed
1474 5192 1607 5247 Opus
1635 5192 1756 5233 esse
1785 5192 1945 5247 pecu-

359 5272 461 5326 niis
487 5280 541 5326 et
570 5272 850 5327 nobilitate
887 5280 942 5325 et
969 5271 1223 5325 exteriori
1260 5268 1499 5323 claritate
1520 5311 1533 5335 ,
1564 5279 1616 5323 et
1647 5270 1811 5324 multa
1840 5269 1941 5323 alia

360 5361 444 5416 his
474 5362 642 5432 magis
668 5361 888 5416 ridicula
914 5379 928 5416 :
950 5361 1002 5415 hi
1034 5370 1211 5415 autem
1243 5369 1296 5414 et
1321 5360 1388 5415 de
1420 5360 1769 5428 providentia,
1799 5368 1852 5415 et
1876 5360 1943 5414 de

357 5452 572 5523 iudiciis
592 5453 956 5524 sequentibus,
980 5462 1033 5506 et
1052 5454 1119 5506 dc
1147 5452 1240 5507 Dei
1265 5451 1554 5518 creatione,
1581 5452 1669 5522 qui
1691 5467 1757 5507 ex
1779 5451 1944 5505 nihilo

359 5545 536 5599 omnia
567 5543 842 5614 produxit,
869 5553 924 5598 et
948 5543 1015 5598 de
1043 5543 1162 5598 aliis
1189 5543 1435 5597 omnibus
1462 5542 1904 5612 philosotihentur
1927 5584 1941 5608 ,

361 5635 489 5690 nihil
522 5636 740 5691 omnino
764 5636 832 5690 dc.
857 5645 1074 5689 externa
1101 5636 1330 5689 scientes
1356 5633 1658 5704 disciplina,
1689 5634 1808 5705 quis
1838 5649 1945 5687 non

363 5729 488 5784 hinc
511 5726 706 5784 Christi
735 5728 1021 5799 potentiam
1054 5726 1241 5793 discat,
1269 5743 1390 5795 qua:
1420 5726 1700 5783 illiteratos
1724 5735 1778 5781 et
1804 5724 1944 5781 idio-

365 5830 448 5877 tas
472 5820 691 5875 multum
708 5820 761 5876 in
778 5819 1029 5892 sapientia
1048 5817 1392 5890 gloriantibus
1419 5826 1571 5875 tanto,
1594 5816 1942 5889 Sapientiores

2042 789 2205 844 multa
2241 789 2346 844 sint
2390 790 2518 859 ipsis
2548 789 2721 860 plena).
2757 791 3062 859 sapientia?
3092 807 3209 861 qum
3238 807 3368 847 vero
3395 796 3628 848 externis

2041 898 2107 937 ex
2132 897 2441 937 sermonum
2470 881 2749 952 disciplina
2780 884 2981 938 utilitas
3006 925 3018 946 ,
3043 898 3162 942 cum
3197 899 3347 939 mens
3376 900 3533 939 sensu
3561 886 3631 940 sit

2038 974 2241 1028 vacua?
2276 974 2345 1029 Ut
2375 975 2417 1029 si
2456 975 2577 1044 quis
2623 989 2806 1029 ensem
2850 986 3098 1044 gereret,
3129 977 3374 1044 capnlmn
3411 978 3627 1047 quidem

2040 1075 2350 1135 argenteum
2396 1066 2677 1121 Labentem
2700 1107 2714 1130 ,
2746 1066 2940 1121 ferrum
2971 1083 3096 1121 vero
3135 1068 3371 1137 quolibet
3414 1070 3628 1137 plumbo

2042 1159 2358 1214 imbecillius
2390 1177 2404 1211 :
2436 1168 2490 1214 et
2520 1159 2601 1214 his
2627 1175 2768 1213 enim
2798 1159 2974 1228 lingua
3008 1160 3221 1230 quidem
3252 1160 3429 1216 verbis
3453 1171 3507 1215 et
3534 1179 3629 1214 no.

2040 1250 2271 1304 minibus
2296 1258 2377 1305 est
2404 1259 2606 1315 ornata,
2636 1264 2787 1305 mens
2810 1265 2939 1304 vero
2965 1253 3125 1304 multa
3154 1252 3354 1320 repleta
3381 1261 3462 1307 est
3484 1254 3630 1307 inﬁr-

2041 1345 2223 1398 mitate
2244 1385 2259 1409 ,
2284 1355 2337 1399 et
2373 1346 2501 1412 ipsis
2526 1346 2592 1398 ad
2623 1345 2798 1400 omnia
2832 1355 2911 1400 est
2942 1346 3142 1400 inutilis
3175 1364 3187 1401 :
3217 1354 3273 1400 at
3297 1362 3400 1401 non
3429 1347 3506 1403 sic
3535 1347 3634 1401 ho-

2041 1452 2157 1489 rum
2189 1436 2626 1507 phiIOSOphorum
2650 1480 2663 1504 ,
2699 1439 2793 1493 sed
2833 1439 3044 1508 penitus
3073 1439 3419 1508 contrarium,
3454 1443 3633 1496 multa:

2042 1541 2194 1580 mens
2235 1527 2360 1597 ipsis
2392 1526 2743 1597 philosophiae
2781 1529 3071 1597 spiritualis
3100 1539 3180 1584 est
3223 1530 3380 1600 plena
3405 1574 3418 1593 ,
3449 1539 3503 1585 et
3533 1532 3633 1586 do-

2041 1626 2217 1685 gmata
2239 1617 2344 1671 vita
2366 1627 2617 1672 sectatur.
2643 1620 2796 1688 Apud
2820 1618 2918 1673 hos
2940 1635 3043 1674 non
3066 1630 3190 1676 sunt
3211 1622 3461 1677 mulieres
3483 1624 3635 1678 luxu-

2043 1710 2241 1765 riantes
2264 1753 2278 1776 ,
2323 1727 2420 1766 nec
2450 1712 2883 1767 vestimentorum
2926 1723 3146 1768 ornatus
3169 1754 3182 1779 ,
3219 1730 3317 1771 nec
3343 1716 3553 1771 colores
3580 1730 3635 1772 et

2044 1801 2167 1867 fuci,
2195 1802 2289 1856 sed
2315 1802 2488 1857 omnis
2508 1802 2811 1873 hujusmodi
2840 1819 3046 1858 morum
3071 1806 3341 1874 corruptio
3363 1808 3509 1877 pulsa
3528 1820 3632 1863 est.

2045 1893 2196 1948 Unde
2223 1893 2430 1948 facilius
2451 1910 2661 1965 quoque
2685 1894 2954 1950 subditum
2980 1896 3079 1951 sibi
3106 1899 3357 1967 pepulum
3385 1900 3434 1953 in
3458 1900 3634 1956 mode-

2043 1987 2199 2039 stiam
2227 1984 2514 2052 deducunt,
2544 1997 2597 2042 et
2624 1987 2772 2041 Pauli
2802 1986 2971 2057 legem
3001 1987 3262 2043 velamina
3285 1998 3334 2043 ct
3363 2005 3514 2045 escas
3535 1991 3632 2044 ha-

2036 2077 2187 2143 bere,
2212 2086 2266 2132 et
2289 2079 2362 2134 nil
2383 2079 2616 2148 amplius
2641 2093 2885 2148 quaerere
2910 2079 3190 2146 iubentem
3212 2082 3284 2150 (ι,
3313 2082 3445 2138 Tim.
3471 2084 3524 2140 6.
3547 2084 3624 2154 8),

2037 2170 2209 2225 multa
2261 2186 2384 2226 cum
2434 2170 2714 2242 diligentia
2764 2171 3098 2226 custodiunt.
3156 2174 3315 2244 Apud
3363 2176 3463 2230 hos
3515 2194 3625 2230 non

2043 2268 2124 2313 est
2156 2269 2544 2326 unguentorum
2589 2272 2716 2311 usus
2759 2268 2993 2314 mentem
3038 2258 3328 2321 allectans.
3359 2261 3451 2316 sed
3495 2271 3631 2318 terra

2044 2348 2237 2405 herbas
2276 2350 2550 2419 proferens
2587 2354 2732 2408 omni
2778 2355 3129 2423 unguentario
3172 2357 3462 2425 sapientius
3499 2357 3630 2427 ipsis

2043 2444 2241 2497 variam
2287 2444 2474 2499 florum
2517 2455 2668 2515 parat
2708 2446 3042 2501 suavitatem.
3076 2448 3365 2518 Propterea
3406 2458 3459 2504 et
3504 2451 3632 2520 ipsis

2043 2549 2266 2604 corpora
2288 2550 2407 2590 cmn
2435 2537 2628 2591 animis
2654 2552 2782 2605 pura
2813 2538 3036 2592 sanitate
3064 2539 3359 2607 potiuntur,
3383 2542 3633 2609 quoniam

2043 2640 2228 2681 omnes
2258 2626 2474 2681 delicias
2514 2627 2871 2696 expulerunt,
2904 2635 2959 2681 et
2997 2628 3321 2697 nequissima
3360 2630 3635 2687 ebrietatis

2044 2718 2237 2773 ﬂuenta
2268 2718 2598 2789 fugaverunt,
2631 2730 2683 2775 et
2712 2730 2912 2775 tantum
2946 2723 3254 2800 comedunt,
3286 2734 3540 2795 quantum
3567 2726 3634 2780 ad

2045 2810 2326 2865 vivendum
2354 2813 2566 2865 sufficit.
2592 2812 2667 2868 Ne
2690 2813 2833 2880 ipsos
2855 2813 3013 2883 igitur
3032 2829 3095 2869 ex
3116 2814 3298 2870 habitu
3319 2824 3635 2872 contemna—

2044 2916 2186 2965 mus,
2216 2902 2313 2957 sed
2343 2903 2576 2972 ipsorum
2610 2914 2841 2959 mentem
2872 2906 3214 2962 admiremur.
3247 2908 3377 2975 Qua:
3408 2924 3639 2979 namque

2044 2993 2321 3048 exterioris
2359 2994 2582 3047 amictus
2623 2996 2856 3059 utilitas,
2898 3012 3018 3051 cum
3064 2999 3239 3052 anima
3284 3001 3530 3057 mendico
3568 3003 3638 3057 sit

2045 3085 2189 3139 omni
2219 3085 2464 3139 miserius
2493 3086 2715 3140 induta?
2752 3086 2929 3141 Virum
2959 3103 3064 3143 non
3095 3105 3125 3143 a
3152 3092 3500 3155 vestimentis,
3526 3093 3635 3148 imo

2046 3190 2146 3229 nec
2174 3173 2241 3228 ah
2269 3175 2383 3243 ipso
2412 3190 2636 3243 corpore
2657 3218 2670 3241 ,
2706 3178 2797 3231 sed
2837 3179 2905 3233 ab
2942 3181 3116 3234 anima
3150 3181 3363 3237 laudare
3397 3177 3556 3238 ddecet
3582 3195 3639 3241 et

2045 3265 2319 3320 admirari.
2353 3266 2551 3320 Horum
2579 3268 2810 3325 animam
2850 3285 2984 3327 exue
3010 3311 3023 3334 ,
3055 3279 3108 3325 ct
3139 3271 3304 3340 ipsius
3335 3273 3645 3342 pulchritu.

2046 3357 2223 3412 dinem
2251 3357 2454 3412 videbis
2481 3368 2638 3427 atque
2665 3360 2874 3415 divitias
2916 3376 3011 3430 per
3039 3362 3199 3416 verba
3220 3404 3234 3427 ,
3265 3379 3362 3433 per
3391 3365 3639 3435 dogmata

2045 3458 2099 3505 et
2124 3465 2219 3519 per
2239 3465 2450 3504 omnem
2480 3466 2686 3506 morum
2715 3453 3187 3511 constitutionem-

2115 3541 2171 3596 2.
2214 3541 2543 3597 Erubescant
2576 3544 2733 3612 igitur
2758 3545 2987 3615 gentiles
3009 3586 3026 3611 ,
3053 3546 3306 3601 secedant
3331 3558 3385 3602 et
3406 3549 3651 3604 abscon-

2045 3632 2255 3698 dantur,
2281 3633 2347 3688 de
2363 3635 2473 3688 suis
2493 3634 2843 3704 philosophis,
2869 3636 2935 3695 de
2952 3652 3047 3691 sua
3067 3639 3322 3706 sapientia
3345 3640 3488 3694 omni
3508 3643 3637 3695 stul-

2048 3728 2159 3782 titia
2192 3729 2491 3784 miseriore.
2523 3730 2676 3800 Apud
2705 3732 2847 3800 ipsos
2892 3733 3036 3787 enim
3068 3732 3364 3802 philosophi
3397 3751 3491 3803 per
3517 3736 3637 3790 \‘iL'c

2047 3832 2157 3872 sna:
2184 3825 2391 3887 tempus
2415 3819 2500 3874 vix
2530 3836 2728 3888 paucos
2750 3831 2803 3875 et
2830 3821 2983 3877 facile
3010 3825 3365 3879 numerabiles
3389 3825 3634 3895 dogmata

2046 3924 2139 3963 sua
2169 3909 2364 3964 docere
2395 3921 2682 3978 potuerunt
2710 3914 2749 3978 ',
2788 3922 2843 3967 et
2869 3915 2949 3968 vel
2979 3915 3170 3985 exiguo
3199 3917 3635 3986 appreltendente

2048 4001 2288 4071 periculo
2316 4001 2416 4057 hos
2454 4002 2613 4056 etiam
2660 4004 3044 4075 perdiderunt;
3091 4005 3285 4061 Christi
3314 4022 3443 4062 vero
3471 4007 3636 4062 disci-

2048 4092 2179 4161 puli,
2208 4093 2519 4162 piscatores,
2550 4101 2605 4147 et
2632 4094 2917 4169 publicani,
2945 4103 2999 4149 et
3026 4095 3376 4152 tentoriorum
3398 4108 3631 4167 sutores,

2048 4182 2229 4254 paucis
2257 4184 2412 4238 annis
2454 4193 2622 4239 totum
2650 4185 2906 4240 mundum
2936 4187 3003 4241 ad
3030 4190 3308 4243 veritatem
3347 4199 3632 4249 converte.

2046 4285 2173 4330 runt
2202 4292 2215 4329 :
2245 4284 2300 4330 et
2337 4276 2631 4330 innumeris
2668 4287 2841 4332 tamen
2873 4279 3213 4334 nascentibus
3251 4281 3502 4349 periculis
3528 4299 3633 4338 non

2049 4377 2251 4424 tantum
2276 4384 2380 4424 non
2416 4378 2498 4423 est
2524 4369 2782 4424 exstincta
2809 4370 3147 4440 praedicatio,
3181 4388 3366 4427 verum
3405 4381 3459 4428 et
3480 4373 3636 4429 floret

2048 4476 2111 4517 ac
2140 4460 2191 4514 in
2221 4461 2395 4529 majus
2435 4468 2658 4531 augetur
2682 4502 2696 4523 ,
2730 4469 2785 4516 et
2814 4461 3178 4531 philosophari
3209 4463 3506 4521 docuerunt
3534 4465 3634 4519 ho-

2049 4551 2221 4606 mines
2250 4550 2409 4605 rudes
2434 4562 2487 4605 et
2514 4550 2774 4620 agricolas
2804 4560 2859 4606 et
2901 4552 3039 4608 inter
3066 4562 3633 4612 armentaversantes.

2050 4643 2111 4697 lli
2136 4652 2328 4711 praatcr
2346 4651 2536 4697 caetera
2558 4642 2757 4704 omnia,
2781 4650 2837 4697 et
2856 4644 3091 4717 omnium
3116 4646 3375 4700 bonorum
3393 4661 3629 4711 causam,

2051 4733 2327 4789 caritatem
2355 4733 2642 4789 radicatam
2669 4733 2928 4790 habentes
2954 4736 2997 4800 ⁸,
3028 4735 3222 4792 adnos
3249 4736 3634 4793 festinaverunt

2052 4835 2247 4881 tantam
2270 4834 2550 4883 currentes
2568 4827 2729 4894 viam,
2750 4835 2811 4882 ut
2829 4827 3072 4883 venirent
3091 4836 3146 4883 et
3168 4828 3380 4899 propria
3400 4829 3635 4884 circum-

2050 4918 2408 4988 plecterentur
2436 4918 2696 4974 membra.

2122 5007 2344 5063 Rursum
2364 5008 2427 5063 de
2438 5008 2848 5081 juramcntis.——
2863 5008 2958 5063 Eia
2982 5009 3141 5078 igitur
3160 5017 3215 5064 et
3242 5025 3338 5063 nos
3365 5024 3462 5080 pro
3482 5009 3639 5065 donis

2053 5100 2188 5165 istis,
2216 5101 2436 5154 caritate
2460 5099 2581 5154 dico
2609 5108 2664 5154 et
2690 5098 2903 5162 atfectu,
2930 5099 3119 5154 viatica
3148 5099 3357 5165 dantes,
3390 5100 3467 5154 sic
3493 5101 3638 5171 ipsos

2052 5191 2406 5257 remittamus,
2435 5201 2488 5245 et
2515 5206 2727 5246 cursum
2756 5190 2824 5245 de
2844 5190 3162 5258 iuramentis
3191 5205 3495 5247 sermonem
3517 5206 3637 5246 mo-

2051 5296 2294 5345 veamus,
2320 5289 2379 5338 ut.
2407 5281 2659 5335 radicitus
2684 5295 2749 5334 ex
2779 5281 3017 5335 omnium
3048 5291 3229 5336 mente
3255 5280 3494 5353 improba
3525 5280 3639 5339 hare

2053 5372 2385 5427 consuetudo
2408 5372 2714 5427 revellatur.
2744 5372 2895 5427 Prius
2919 5380 3098 5427 autem
3123 5372 3245 5427 volo
3270 5388 3435 5445 pauca
3458 5372 3525 5426 de
3551 5372 3635 5425 di-

2055 5465 2155 5520 ctis
2184 5480 2214 5518 a
2244 5463 2396 5518 nobis
2416 5460 2670 5532 superius
2699 5462 2857 5519 hodie
2880 5477 3322 5519 commemorare.
3351 5462 3636 5530 Postquam

2119 5641 2135 5672 ¹
2172 5636 2429 5702 SicMot‘ei.
2453 5634 2593 5687 savii.
2620 5643 2805 5699 autem,
2830 5637 3062 5702 dogmata
3082 5648 3171 5687 sua
3192 5641 3243 5684 ut
3277 5632 3639 5685 observarentur

2053 5701 2351 5767 persuadere
2381 5705 2655 5763 potuerunt.
2900 5701 2906 5702 ⁷
3437 5751 3449 5761 ε

2118 5764 2138 5794 ³
2171 5770 2277 5813 Sav.
2304 5761 2569 5825 etquidam
2606 5766 2712 5825 Mss.
2737 5771 2751 5809 :
2777 5759 2855 5810 sic
2884 5764 3071 5825 prwter
3103 5764 3280 5811 cratera
3317 5751 3653 5809 ominalem,

2063 5837 2257 5876 causam
2279 5820 2561 5876 chafitatem
2584 5821 2853 5873 radicatam
2878 5820 3117 5871 (tabentes.
