  <div class='ocr_page' id='page_1' title='image "/cluster/home/n/w/nwhite01/storage/ocr_20150623/49:no.2:pt.1/coo.31924054869486/193.png"; bbox 0 0 4068 6428; ppageno 0'>
   <div class='ocr_carea' id='block_1_1' title="bbox 549 341 646 397">
    <p class='ocr_par' dir='ltr' id='par_1_1' title="bbox 549 341 646 397">
     <span class='ocr_line' id='line_1_1' title="bbox 549 341 646 397; baseline 0.01 -1"><span class='ocrx_word' id='word_1_1' title='bbox 549 341 646 397; x_wconf 73' lang='grc' dir='ltr'><strong>ἰοί</strong></span> 
     </span>
    </p>
   </div>
   <div class='ocr_carea' id='block_1_2' title="bbox 537 453 2122 544">
    <p class='ocr_par' dir='ltr' id='par_1_2' title="bbox 537 453 2122 544">
     <span class='ocr_line' id='line_1_2' title="bbox 537 453 2122 544; baseline 0.014 -36"><span class='ocrx_word' id='word_1_2' title='bbox 537 456 684 508; x_wconf 88' lang='lat' dir='ltr'><strong>enim</strong></span> <span class='ocrx_word' id='word_1_3' title='bbox 704 470 733 507; x_wconf 83' lang='lat' dir='ltr'><strong>a</strong></span> <span class='ocrx_word' id='word_1_4' title='bbox 758 453 973 511; x_wconf 78' lang='lat' dir='ltr'><strong>Perside</strong></span> <span class='ocrx_word' id='word_1_5' title='bbox 994 456 1197 512; x_wconf 83' lang='lat' dir='ltr'><strong>dimissi</strong></span> <span class='ocrx_word' id='word_1_6' title='bbox 1217 459 1386 515; x_wconf 74' lang='lat' dir='ltr'><strong>Judaei</strong></span> <span class='ocrx_word' id='word_1_7' title='bbox 1412 475 1467 518; x_wconf 86' lang='lat' dir='ltr'><strong>et</strong></span> <span class='ocrx_word' id='word_1_8' title='bbox 1492 465 1558 521; x_wconf 86' lang='lat' dir='ltr'><strong>ab</strong></span> <span class='ocrx_word' id='word_1_9' title='bbox 1582 466 1668 520; x_wconf 84' lang='lat' dir='ltr'><strong>illa</strong></span> <span class='ocrx_word' id='word_1_10' title='bbox 1698 468 1903 526; x_wconf 86' lang='lat' dir='ltr'><strong>liberati</strong></span> <span class='ocrx_word' id='word_1_11' title='bbox 1935 484 2122 544; x_wconf 79' lang='lat' dir='ltr'><strong>tyran-</strong></span> 
     </span>
    </p>
   </div>
   <div class='ocr_carea' id='block_1_3' title="bbox 539 544 2129 635">
    <p class='ocr_par' dir='ltr' id='par_1_3' title="bbox 539 544 2129 635">
     <span class='ocr_line' id='line_1_3' title="bbox 539 544 2129 635; baseline 0.018 -38"><span class='ocrx_word' id='word_1_12' title='bbox 539 544 663 599; x_wconf 87' lang='lat' dir='ltr'><strong>nide</strong></span> <span class='ocrx_word' id='word_1_13' title='bbox 684 585 702 611; x_wconf 91' lang='lat'><strong>,</strong></span> <span class='ocrx_word' id='word_1_14' title='bbox 734 545 787 600; x_wconf 88' lang='lat' dir='ltr'><strong>in</strong></span> <span class='ocrx_word' id='word_1_15' title='bbox 815 549 1081 618; x_wconf 83' lang='lat' dir='ltr'><strong>propriam</strong></span> <span class='ocrx_word' id='word_1_16' title='bbox 1109 550 1317 607; x_wconf 89' lang='lat' dir='ltr'><strong>rediere</strong></span> <span class='ocrx_word' id='word_1_17' title='bbox 1347 556 1567 623; x_wconf 86' lang='lat' dir='ltr'><strong>patriam</strong></span> <span class='ocrx_word' id='word_1_18' title='bbox 1598 574 1613 613; x_wconf 92' lang='lat'><strong>:</strong></span> <span class='ocrx_word' id='word_1_19' title='bbox 1656 558 1771 615; x_wconf 82' lang='lat' dir='ltr'><strong>Vidi</strong></span> <span class='ocrx_word' id='word_1_20' title='bbox 1809 565 2022 635; x_wconf 77' lang='lat' dir='ltr'><strong>falcem,</strong></span> <span class='ocrx_word' id='word_1_21' title='bbox 2046 569 2129 624; x_wconf 51' lang='lat' dir='ltr'><strong>in-</strong></span> 
     </span>
    </p>
   </div>
   <div class='ocr_carea' id='block_1_4' title="bbox 538 727 2123 819">
    <p class='ocr_par' dir='ltr' id='par_1_4' title="bbox 538 727 2123 819">
     <span class='ocr_line' id='line_1_4' title="bbox 538 727 2123 819; baseline 0.02 -41"><span class='ocrx_word' id='word_1_22' title='bbox 538 727 656 783; x_wconf 84' lang='lat' dir='ltr'><strong>dine</strong></span> <span class='ocrx_word' id='word_1_23' title='bbox 670 729 950 785; x_wconf 80' lang='lat' dir='ltr'><strong>cubitorum</strong></span> <span class='ocrx_word' id='word_1_24' title='bbox 966 734 1134 789; x_wconf 85' lang='lat' dir='ltr'><strong>decent</strong></span> <span class='ocrx_word' id='word_1_25' title='bbox 1158 736 1351 807; x_wconf 76' lang='lat' dir='ltr'><strong>(Zach.</strong></span> <span class='ocrx_word' id='word_1_26' title='bbox 1379 740 1432 795; x_wconf 86' lang='lat'><strong>5.</strong></span> <span class='ocrx_word' id='word_1_27' title='bbox 1458 743 1508 797; x_wconf 78' lang='grc'><strong>1.</strong></span> <span class='ocrx_word' id='word_1_28' title='bbox 1528 744 1563 797; x_wconf 75' lang='grc'><strong>2</strong></span> <span class='ocrx_word' id='word_1_29' title='bbox 1582 745 1602 815; x_wconf 81' lang='grc'>&gt;</span> <span class='ocrx_word' id='word_1_30' title='bbox 1623 761 1635 798; x_wconf 88' lang='grc'>;</span> <span class='ocrx_word' id='word_1_31' title='bbox 1656 756 1710 801; x_wconf 91' lang='lat' dir='ltr'><strong>et</strong></span> <span class='ocrx_word' id='word_1_32' title='bbox 1738 750 2046 819; x_wconf 86' lang='lat' dir='ltr'><strong>prophetam</strong></span> <span class='ocrx_word' id='word_1_33' title='bbox 2064 768 2123 809; x_wconf 88' lang='lat' dir='ltr'><strong>se</strong></span> 
     </span>
    </p>
   </div>
   <div class='ocr_carea' id='block_1_5' title="bbox 532 815 2121 909">
    <p class='ocr_par' dir='ltr' id='par_1_5' title="bbox 532 815 2121 909">
     <span class='ocr_line' id='line_1_5' title="bbox 532 815 2121 909; baseline 0.019 -41"><span class='ocrx_word' id='word_1_34' title='bbox 532 815 813 873; x_wconf 86' lang='lat' dir='ltr'><strong>docentem</strong></span> <span class='ocrx_word' id='word_1_35' title='bbox 835 821 1122 879; x_wconf 89' lang='lat' dir='ltr'><strong>audierunt</strong></span> <span class='ocrx_word' id='word_1_36' title='bbox 1152 844 1165 880; x_wconf 92' lang='lat'><strong>:</strong></span> <span class='ocrx_word' id='word_1_37' title='bbox 1198 827 1322 882; x_wconf 64' lang='lat' dir='ltr'><strong>Haec</strong></span> <span class='ocrx_word' id='word_1_38' title='bbox 1349 839 1418 884; x_wconf 83' lang='lat' dir='ltr'><strong>est</strong></span> <span class='ocrx_word' id='word_1_39' title='bbox 1449 835 1733 891; x_wconf 72' lang='lat' dir='ltr'><strong>maledictio</strong></span> <span class='ocrx_word' id='word_1_40' title='bbox 1757 841 2013 909; x_wconf 83' lang='lat' dir='ltr'><strong>egrediens</strong></span> <span class='ocrx_word' id='word_1_41' title='bbox 2035 859 2121 897; x_wconf 85' lang='lat' dir='ltr'><strong>su-</strong></span> 
     </span>
    </p>
   </div>
   <div class='ocr_carea' id='block_1_6' title="bbox 527 911 2119 1001">
    <p class='ocr_par' dir='ltr' id='par_1_6' title="bbox 527 911 2119 1001">
     <span class='ocr_line' id='line_1_6' title="bbox 527 911 2119 1001; baseline 0.019 -42"><span class='ocrx_word' id='word_1_42' title='bbox 527 926 621 979; x_wconf 78' lang='lat' dir='ltr'><strong>pra</strong></span> <span class='ocrx_word' id='word_1_43' title='bbox 647 911 828 980; x_wconf 81' lang='lat' dir='ltr'><strong>facient</strong></span> <span class='ocrx_word' id='word_1_44' title='bbox 876 922 1024 968; x_wconf 77' lang='lat' dir='ltr'><strong>terra:</strong></span> <span class='ocrx_word' id='word_1_45' title='bbox 1044 956 1060 977; x_wconf 85' lang='lat'><strong>,</strong></span> <span class='ocrx_word' id='word_1_46' title='bbox 1092 927 1137 970; x_wconf 85' lang='lat' dir='ltr'><strong>et</strong></span> <span class='ocrx_word' id='word_1_47' title='bbox 1182 918 1470 989; x_wconf 71' lang='lat' dir='ltr'><strong>ingrediens</strong></span> <span class='ocrx_word' id='word_1_48' title='bbox 1517 925 1721 981; x_wconf 86' lang='lat' dir='ltr'><strong>domum</strong></span> <span class='ocrx_word' id='word_1_49' title='bbox 1749 930 2038 1001; x_wconf 82' lang='lat' dir='ltr'><strong>pejerantis,</strong></span> <span class='ocrx_word' id='word_1_50' title='bbox 2069 944 2119 989; x_wconf 90' lang='lat' dir='ltr'><strong>et</strong></span> 
     </span>
    </p>
   </div>
   <div class='ocr_carea' id='block_1_7' title="bbox 525 1000 2117 1086">
    <p class='ocr_par' dir='ltr' id='par_1_7' title="bbox 525 1000 2117 1086">
     <span class='ocr_line' id='line_1_7' title="bbox 525 1000 2117 1086; baseline 0.016 -33"><span class='ocrx_word' id='word_1_51' title='bbox 525 1000 760 1056; x_wconf 82' lang='lat' dir='ltr'><strong>dissolvet</strong></span> <span class='ocrx_word' id='word_1_52' title='bbox 783 1004 838 1057; x_wconf 90' lang='lat' dir='ltr'><strong>in</strong></span> <span class='ocrx_word' id='word_1_53' title='bbox 877 1007 1041 1060; x_wconf 81' lang='lat' dir='ltr'><strong>medio</strong></span> <span class='ocrx_word' id='word_1_54' title='bbox 1067 1049 1081 1072; x_wconf 91' lang='lat'><strong>,</strong></span> <span class='ocrx_word' id='word_1_55' title='bbox 1111 1016 1158 1061; x_wconf 89' lang='lat' dir='ltr'><strong>et</strong></span> <span class='ocrx_word' id='word_1_56' title='bbox 1202 1011 1342 1082; x_wconf 84' lang='lat' dir='ltr'><strong>ligna</strong></span> <span class='ocrx_word' id='word_1_57' title='bbox 1378 1022 1425 1067; x_wconf 90' lang='lat' dir='ltr'><strong>et</strong></span> <span class='ocrx_word' id='word_1_58' title='bbox 1469 1014 1663 1086; x_wconf 87' lang='lat' dir='ltr'><strong>lapides</strong></span> <span class='ocrx_word' id='word_1_59' title='bbox 1701 1000 1920 1075; x_wconf 83' lang='lat' dir='ltr'><strong>destruet</strong></span> <span class='ocrx_word' id='word_1_60' title='bbox 1947 1038 2117 1079; x_wconf 87' lang='lat' dir='ltr'><strong>omnes</strong></span> 
     </span>
    </p>
   </div>
   <div class='ocr_carea' id='block_1_8' title="bbox 523 1091 2114 1185">
    <p class='ocr_par' dir='ltr' id='par_1_8' title="bbox 523 1091 2114 1185">
     <span class='ocr_line' id='line_1_8' title="bbox 523 1091 2114 1185; baseline 0.018 -41"><span class='ocrx_word' id='word_1_61' title='bbox 523 1091 644 1163; x_wconf 85' lang='lat' dir='ltr'><strong>(Ib.</strong></span> <span class='ocrx_word' id='word_1_62' title='bbox 674 1111 722 1148; x_wconf 77' lang='grc' dir='ltr'><strong>υ.</strong></span> <span class='ocrx_word' id='word_1_63' title='bbox 755 1096 809 1152; x_wconf 79' lang='lat'><strong>3.</strong></span> <span class='ocrx_word' id='word_1_64' title='bbox 840 1097 929 1168; x_wconf 68' lang='grc'><strong>4).</strong></span> <span class='ocrx_word' id='word_1_65' title='bbox 961 1100 1027 1154; x_wconf 92' lang='lat' dir='ltr'><strong>Et</strong></span> <span class='ocrx_word' id='word_1_66' title='bbox 1068 1099 1150 1156; x_wconf 89' lang='lat' dir='ltr'><strong>his</strong></span> <span class='ocrx_word' id='word_1_67' title='bbox 1178 1110 1303 1158; x_wconf 92' lang='lat' dir='ltr'><strong>tunc</strong></span> <span class='ocrx_word' id='word_1_68' title='bbox 1334 1105 1486 1162; x_wconf 86' lang='lat' dir='ltr'><strong>lectis</strong></span> <span class='ocrx_word' id='word_1_69' title='bbox 1508 1150 1522 1174; x_wconf 93' lang='lat'><strong>,</strong></span> <span class='ocrx_word' id='word_1_70' title='bbox 1553 1112 1920 1180; x_wconf 71' lang='lat' dir='ltr'><strong>qumrebamus</strong></span> <span class='ocrx_word' id='word_1_71' title='bbox 1949 1132 2114 1185; x_wconf 87' lang='lat' dir='ltr'><strong>quare</strong></span> 
     </span>
    </p>
   </div>
   <div class='ocr_carea' id='block_1_9' title="bbox 520 1184 2108 1267">
    <p class='ocr_par' dir='ltr' id='par_1_9' title="bbox 520 1184 2108 1267">
     <span class='ocr_line' id='line_1_9' title="bbox 520 1184 2108 1267; baseline 0.018 -32"><span class='ocrx_word' id='word_1_72' title='bbox 520 1198 628 1236; x_wconf 82' lang='lat' dir='ltr'><strong>non</strong></span> <span class='ocrx_word' id='word_1_73' title='bbox 645 1184 883 1254; x_wconf 69' lang='lat' dir='ltr'><strong>iuratum</strong></span> <span class='ocrx_word' id='word_1_74' title='bbox 904 1189 1096 1253; x_wconf 84' lang='lat' dir='ltr'><strong>solum,</strong></span> <span class='ocrx_word' id='word_1_75' title='bbox 1120 1192 1214 1246; x_wconf 92' lang='lat' dir='ltr'><strong>sed</strong></span> <span class='ocrx_word' id='word_1_76' title='bbox 1238 1195 1398 1251; x_wconf 89' lang='lat' dir='ltr'><strong>etiam</strong></span> <span class='ocrx_word' id='word_1_77' title='bbox 1420 1198 1584 1267; x_wconf 89' lang='lat' dir='ltr'><strong>ipsius</strong></span> <span class='ocrx_word' id='word_1_78' title='bbox 1601 1201 1815 1258; x_wconf 90' lang='lat' dir='ltr'><strong>domum</strong></span> <span class='ocrx_word' id='word_1_79' title='bbox 1834 1184 2108 1264; x_wconf 88' lang='lat' dir='ltr'><strong>dissolvit:</strong></span> 
     </span>
    </p>
   </div>
   <div class='ocr_carea' id='block_1_10' title="bbox 519 1276 2113 1366">
    <p class='ocr_par' dir='ltr' id='par_1_10' title="bbox 519 1276 2113 1366">
     <span class='ocr_line' id='line_1_10' title="bbox 519 1276 2113 1366; baseline 0.018 -37"><span class='ocrx_word' id='word_1_80' title='bbox 519 1284 574 1330; x_wconf 88' lang='lat' dir='ltr'><strong>et</strong></span> <span class='ocrx_word' id='word_1_81' title='bbox 600 1276 736 1334; x_wconf 88' lang='lat' dir='ltr'><strong>hanc</strong></span> <span class='ocrx_word' id='word_1_82' title='bbox 757 1293 974 1335; x_wconf 80' lang='lat' dir='ltr'><strong>causam</strong></span> <span class='ocrx_word' id='word_1_83' title='bbox 998 1298 1117 1339; x_wconf 88' lang='lat' dir='ltr'><strong>esse</strong></span> <span class='ocrx_word' id='word_1_84' title='bbox 1142 1285 1470 1357; x_wconf 83' lang='lat' dir='ltr'><strong>dicebamus,</strong></span> <span class='ocrx_word' id='word_1_85' title='bbox 1492 1295 1745 1362; x_wconf 89' lang='lat' dir='ltr'><strong>quoniam</strong></span> <span class='ocrx_word' id='word_1_86' title='bbox 1770 1300 2113 1366; x_wconf 88' lang='lat' dir='ltr'><strong>gravissimo-</strong></span> 
     </span>
    </p>
   </div>
   <div class='ocr_carea' id='block_1_11' title="bbox 520 1466 2108 1547">
    <p class='ocr_par' dir='ltr' id='par_1_11' title="bbox 520 1466 2108 1547">
     <span class='ocr_line' id='line_1_11' title="bbox 520 1466 2108 1547; baseline 0.017 -38"><span class='ocrx_word' id='word_1_87' title='bbox 520 1472 670 1523; x_wconf 88' lang='lat' dir='ltr'><strong>nere,</strong></span> <span class='ocrx_word' id='word_1_88' title='bbox 699 1469 754 1514; x_wconf 91' lang='lat' dir='ltr'><strong>ut</strong></span> <span class='ocrx_word' id='word_1_89' title='bbox 776 1476 965 1517; x_wconf 89' lang='lat' dir='ltr'><strong>omnes</strong></span> <span class='ocrx_word' id='word_1_90' title='bbox 991 1477 1109 1534; x_wconf 89' lang='lat' dir='ltr'><strong>post</strong></span> <span class='ocrx_word' id='word_1_91' title='bbox 1137 1466 1251 1523; x_wconf 81' lang='lat' dir='ltr'><strong>hu-c</strong></span> <span class='ocrx_word' id='word_1_92' title='bbox 1280 1472 1634 1541; x_wconf 77' lang='lat' dir='ltr'><strong>corrigantur.</strong></span> <span class='ocrx_word' id='word_1_93' title='bbox 1662 1476 1920 1543; x_wconf 80' lang='lat' dir='ltr'><strong>Quoniam</strong></span> <span class='ocrx_word' id='word_1_94' title='bbox 1950 1481 2108 1547; x_wconf 74' lang='lat' dir='ltr'><strong>igitur</strong></span> 
     </span>
    </p>
   </div>
   <div class='ocr_carea' id='block_1_12' title="bbox 518 1550 2103 1635">
    <p class='ocr_par' dir='ltr' id='par_1_12' title="bbox 518 1550 2103 1635">
     <span class='ocr_line' id='line_1_12' title="bbox 518 1550 2103 1635; baseline 0.022 -34"><span class='ocrx_word' id='word_1_95' title='bbox 518 1550 787 1621; x_wconf 87' lang='lat' dir='ltr'><strong>perjurum</strong></span> <span class='ocrx_word' id='word_1_96' title='bbox 816 1570 1037 1613; x_wconf 88' lang='lat' dir='ltr'><strong>necesse</strong></span> <span class='ocrx_word' id='word_1_97' title='bbox 1063 1570 1145 1615; x_wconf 88' lang='lat' dir='ltr'><strong>est</strong></span> <span class='ocrx_word' id='word_1_98' title='bbox 1173 1571 1441 1621; x_wconf 89' lang='lat' dir='ltr'><strong>mortuum</strong></span> <span class='ocrx_word' id='word_1_99' title='bbox 1470 1568 1684 1635; x_wconf 79' lang='lat' dir='ltr'><strong>sepeliri</strong></span> <span class='ocrx_word' id='word_1_100' title='bbox 1710 1578 1762 1624; x_wconf 91' lang='lat' dir='ltr'><strong>et</strong></span> <span class='ocrx_word' id='word_1_101' title='bbox 1787 1579 1945 1628; x_wconf 66' lang='lat' dir='ltr'><strong>terra:</strong></span> <span class='ocrx_word' id='word_1_102' title='bbox 1968 1576 2103 1635; x_wconf 83' lang='lat' dir='ltr'><strong>sini-</strong></span> 
     </span>
    </p>
   </div>
   <div class='ocr_carea' id='block_1_13' title="bbox 520 1639 2101 1734">
    <p class='ocr_par' dir='ltr' id='par_1_13' title="bbox 520 1639 2101 1734">
     <span class='ocr_line' id='line_1_13' title="bbox 520 1639 2101 1734; baseline 0.022 -43"><span class='ocrx_word' id='word_1_103' title='bbox 520 1639 619 1693; x_wconf 86' lang='lat' dir='ltr'><strong>bus</strong></span> <span class='ocrx_word' id='word_1_104' title='bbox 647 1641 780 1696; x_wconf 90' lang='lat' dir='ltr'><strong>tradi</strong></span> <span class='ocrx_word' id='word_1_105' title='bbox 805 1685 819 1707; x_wconf 87' lang='lat'><strong>,</strong></span> <span class='ocrx_word' id='word_1_106' title='bbox 853 1660 921 1701; x_wconf 88' lang='lat' dir='ltr'><strong>ne</strong></span> <span class='ocrx_word' id='word_1_107' title='bbox 948 1661 1069 1702; x_wconf 90' lang='lat' dir='ltr'><strong>eum</strong></span> <span class='ocrx_word' id='word_1_108' title='bbox 1098 1647 1260 1718; x_wconf 66' lang='lat' dir='ltr'><strong>ipsius</strong></span> <span class='ocrx_word' id='word_1_109' title='bbox 1291 1668 1518 1726; x_wconf 85' lang='lat' dir='ltr'><strong>corpore</strong></span> <span class='ocrx_word' id='word_1_110' title='bbox 1542 1666 1599 1713; x_wconf 91' lang='lat' dir='ltr'><strong>et</strong></span> <span class='ocrx_word' id='word_1_111' title='bbox 1636 1656 1884 1734; x_wconf 80' lang='lat' dir='ltr'><strong>iniquitas</strong></span> <span class='ocrx_word' id='word_1_112' title='bbox 1907 1681 2101 1725; x_wconf 77' lang='lat' dir='ltr'><strong>conse-</strong></span> 
     </span>
    </p>
   </div>
   <div class='ocr_carea' id='block_1_14' title="bbox 514 1731 2099 1825">
    <p class='ocr_par' dir='ltr' id='par_1_14' title="bbox 514 1731 2099 1825">
     <span class='ocr_line' id='line_1_14' title="bbox 514 1731 2099 1825; baseline 0.021 -42"><span class='ocrx_word' id='word_1_113' title='bbox 514 1731 760 1799; x_wconf 89' lang='lat' dir='ltr'><strong>peliatur,</strong></span> <span class='ocrx_word' id='word_1_114' title='bbox 802 1736 1019 1794; x_wconf 90' lang='lat' dir='ltr'><strong>domum</strong></span> <span class='ocrx_word' id='word_1_115' title='bbox 1060 1739 1348 1799; x_wconf 87' lang='lat' dir='ltr'><strong>maceriem</strong></span> <span class='ocrx_word' id='word_1_116' title='bbox 1400 1747 1558 1816; x_wconf 80' lang='lat' dir='ltr'><strong>fecit,</strong></span> <span class='ocrx_word' id='word_1_117' title='bbox 1611 1762 1669 1808; x_wconf 88' lang='lat' dir='ltr'><strong>ut</strong></span> <span class='ocrx_word' id='word_1_118' title='bbox 1717 1766 2099 1825; x_wconf 64' lang='lat' dir='ltr'><strong>prietereuntes</strong></span> 
     </span>
    </p>
   </div>
   <div class='ocr_carea' id='block_1_15' title="bbox 510 1819 2093 1906">
    <p class='ocr_par' dir='ltr' id='par_1_15' title="bbox 510 1819 2093 1906">
     <span class='ocr_line' id='line_1_15' title="bbox 510 1819 2093 1906; baseline 0.025 -38"><span class='ocrx_word' id='word_1_119' title='bbox 510 1819 685 1872; x_wconf 81' lang='lat' dir='ltr'><strong>cuncti</strong></span> <span class='ocrx_word' id='word_1_120' title='bbox 708 1819 881 1889; x_wconf 84' lang='lat' dir='ltr'><strong>ipsam</strong></span> <span class='ocrx_word' id='word_1_121' title='bbox 905 1838 1185 1885; x_wconf 85' lang='lat' dir='ltr'><strong>cernentes</strong></span> <span class='ocrx_word' id='word_1_122' title='bbox 1208 1842 1261 1889; x_wconf 90' lang='lat' dir='ltr'><strong>et</strong></span> <span class='ocrx_word' id='word_1_123' title='bbox 1292 1835 1624 1895; x_wconf 81' lang='lat' dir='ltr'><strong>suffossionis</strong></span> <span class='ocrx_word' id='word_1_124' title='bbox 1643 1858 1853 1899; x_wconf 83' lang='lat' dir='ltr'><strong>causam</strong></span> <span class='ocrx_word' id='word_1_125' title='bbox 1881 1848 2093 1906; x_wconf 80' lang='lat' dir='ltr'><strong>discen-</strong></span> 
     </span>
    </p>
   </div>
   <div class='ocr_carea' id='block_1_16' title="bbox 508 1918 2095 1998">
    <p class='ocr_par' dir='ltr' id='par_1_16' title="bbox 508 1918 2095 1998">
     <span class='ocr_line' id='line_1_16' title="bbox 508 1918 2095 1998; baseline 0.021 -34"><span class='ocrx_word' id='word_1_126' title='bbox 508 1919 610 1979; x_wconf 89' lang='lat' dir='ltr'><strong>tes,</strong></span> <span class='ocrx_word' id='word_1_127' title='bbox 640 1918 840 1982; x_wconf 79' lang='lat' dir='ltr'><strong>peccati</strong></span> <span class='ocrx_word' id='word_1_128' title='bbox 872 1919 1224 1977; x_wconf 86' lang='lat' dir='ltr'><strong>imitationem</strong></span> <span class='ocrx_word' id='word_1_129' title='bbox 1267 1923 1489 1995; x_wconf 78' lang='lat' dir='ltr'><strong>fugiant.</strong></span> <span class='ocrx_word' id='word_1_130' title='bbox 1531 1932 1642 1987; x_wconf 88' lang='lat' dir='ltr'><strong>Hoc</strong></span> <span class='ocrx_word' id='word_1_131' title='bbox 1681 1943 1734 1988; x_wconf 91' lang='lat' dir='ltr'><strong>et</strong></span> <span class='ocrx_word' id='word_1_132' title='bbox 1759 1935 1811 1989; x_wconf 90' lang='lat' dir='ltr'><strong>in</strong></span> <span class='ocrx_word' id='word_1_133' title='bbox 1847 1937 2095 1998; x_wconf 87' lang='lat' dir='ltr'><strong>Sodomis</strong></span> 
     </span>
    </p>
   </div>
   <div class='ocr_carea' id='block_1_17' title="bbox 504 2001 2093 2089">
    <p class='ocr_par' dir='ltr' id='par_1_17' title="bbox 504 2001 2093 2089">
     <span class='ocr_line' id='line_1_17' title="bbox 504 2001 2093 2089; baseline 0.021 -33"><span class='ocrx_word' id='word_1_134' title='bbox 504 2001 700 2059; x_wconf 71' lang='lat' dir='ltr'><strong>factum</strong></span> <span class='ocrx_word' id='word_1_135' title='bbox 730 2016 833 2063; x_wconf 90' lang='lat' dir='ltr'><strong>est.</strong></span> <span class='ocrx_word' id='word_1_136' title='bbox 866 2009 1152 2082; x_wconf 82' lang='lat' dir='ltr'><strong>Postquam</strong></span> <span class='ocrx_word' id='word_1_137' title='bbox 1181 2016 1323 2071; x_wconf 88' lang='lat' dir='ltr'><strong>enim</strong></span> <span class='ocrx_word' id='word_1_138' title='bbox 1352 2035 1665 2079; x_wconf 82' lang='lat' dir='ltr'><strong>exarserunt</strong></span> <span class='ocrx_word' id='word_1_139' title='bbox 1691 2026 1746 2082; x_wconf 90' lang='lat' dir='ltr'><strong>in</strong></span> <span class='ocrx_word' id='word_1_140' title='bbox 1778 2031 1860 2083; x_wconf 88' lang='lat' dir='ltr'><strong>sui</strong></span> <span class='ocrx_word' id='word_1_141' title='bbox 1889 2047 2093 2089; x_wconf 86' lang='lat' dir='ltr'><strong>concu-</strong></span> 
     </span>
    </p>
   </div>
   <div class='ocr_carea' id='block_1_18' title="bbox 505 2093 2089 2187">
    <p class='ocr_par' dir='ltr' id='par_1_18' title="bbox 505 2093 2089 2187">
     <span class='ocr_line' id='line_1_18' title="bbox 505 2093 2089 2187; baseline 0.022 -42"><span class='ocrx_word' id='word_1_142' title='bbox 505 2093 816 2160; x_wconf 84' lang='lat' dir='ltr'><strong>piscentiam</strong></span> <span class='ocrx_word' id='word_1_143' title='bbox 857 2110 1095 2157; x_wconf 90' lang='lat' dir='ltr'><strong>mutuam</strong></span> <span class='ocrx_word' id='word_1_144' title='bbox 1119 2146 1134 2171; x_wconf 92' lang='lat'><strong>,</strong></span> <span class='ocrx_word' id='word_1_145' title='bbox 1164 2107 1323 2161; x_wconf 90' lang='lat' dir='ltr'><strong>etiam</strong></span> <span class='ocrx_word' id='word_1_146' title='bbox 1359 2120 1513 2165; x_wconf 72' lang='lat' dir='ltr'><strong>terra:</strong></span> <span class='ocrx_word' id='word_1_147' title='bbox 1542 2124 1727 2171; x_wconf 87' lang='lat' dir='ltr'><strong>natura</strong></span> <span class='ocrx_word' id='word_1_148' title='bbox 1754 2120 1821 2172; x_wconf 87' lang='lat' dir='ltr'><strong>ab</strong></span> <span class='ocrx_word' id='word_1_149' title='bbox 1850 2121 1969 2187; x_wconf 69' lang='lat' dir='ltr'><strong>igne</strong></span> <span class='ocrx_word' id='word_1_150' title='bbox 1994 2141 2089 2179; x_wconf 90' lang='lat' dir='ltr'><strong>su-</strong></span> 
     </span>
    </p>
   </div>
   <div class='ocr_carea' id='block_1_19' title="bbox 502 2186 2085 2274">
    <p class='ocr_par' dir='ltr' id='par_1_19' title="bbox 502 2186 2085 2274">
     <span class='ocr_line' id='line_1_19' title="bbox 502 2186 2085 2274; baseline 0.021 -38"><span class='ocrx_word' id='word_1_151' title='bbox 502 2199 665 2251; x_wconf 86' lang='lat' dir='ltr'><strong>perne</strong></span> <span class='ocrx_word' id='word_1_152' title='bbox 691 2186 870 2243; x_wconf 90' lang='lat' dir='ltr'><strong>delato</strong></span> <span class='ocrx_word' id='word_1_153' title='bbox 895 2205 1152 2250; x_wconf 89' lang='lat' dir='ltr'><strong>succensa</strong></span> <span class='ocrx_word' id='word_1_154' title='bbox 1194 2196 1289 2252; x_wconf 90' lang='lat' dir='ltr'><strong>fuit</strong></span> <span class='ocrx_word' id='word_1_155' title='bbox 1318 2197 1484 2271; x_wconf 79' lang='lat' dir='ltr'><strong>(Gen.</strong></span> <span class='ocrx_word' id='word_1_156' title='bbox 1524 2203 1592 2258; x_wconf 84' lang='lat' dir='ltr'><strong>l9</strong></span> <span class='ocrx_word' id='word_1_157' title='bbox 1617 2206 1633 2274; x_wconf 89' lang='lat'><strong>)</strong></span> <span class='ocrx_word' id='word_1_158' title='bbox 1668 2223 1679 2258; x_wconf 92' lang='lat'>:</span> <span class='ocrx_word' id='word_1_159' title='bbox 1709 2186 1920 2265; x_wconf 82' lang='lat' dir='ltr'><strong>volebat</strong></span> <span class='ocrx_word' id='word_1_160' title='bbox 1943 2214 2085 2269; x_wconf 86' lang='lat' dir='ltr'><strong>enim</strong></span> 
     </span>
    </p>
   </div>
   <div class='ocr_carea' id='block_1_20' title="bbox 501 2272 2085 2365">
    <p class='ocr_par' dir='ltr' id='par_1_20' title="bbox 501 2272 2085 2365">
     <span class='ocr_line' id='line_1_20' title="bbox 501 2272 2085 2365; baseline 0.021 -38"><span class='ocrx_word' id='word_1_161' title='bbox 501 2272 657 2344; x_wconf 83' lang='lat' dir='ltr'><strong>hujus</strong></span> <span class='ocrx_word' id='word_1_162' title='bbox 684 2280 888 2347; x_wconf 86' lang='lat' dir='ltr'><strong>peccati</strong></span> <span class='ocrx_word' id='word_1_163' title='bbox 929 2282 1187 2340; x_wconf 90' lang='lat' dir='ltr'><strong>ultionem</strong></span> <span class='ocrx_word' id='word_1_164' title='bbox 1237 2304 1457 2347; x_wconf 86' lang='lat' dir='ltr'><strong>manere</strong></span> <span class='ocrx_word' id='word_1_165' title='bbox 1500 2272 1829 2365; x_wconf 83' lang='lat' dir='ltr'><strong>perpetuam.</strong></span> <span class='ocrx_word' id='word_1_166' title='bbox 1860 2302 1925 2357; x_wconf 79' lang='lat' dir='ltr'><strong>Et</strong></span> <span class='ocrx_word' id='word_1_167' title='bbox 1960 2315 2085 2361; x_wconf 88' lang='lat' dir='ltr'><strong>nota</strong></span> 
     </span>
    </p>
   </div>
   <div class='ocr_carea' id='block_1_21' title="bbox 499 2363 2085 2465">
    <p class='ocr_par' dir='ltr' id='par_1_21' title="bbox 499 2363 2085 2465">
     <span class='ocr_line' id='line_1_21' title="bbox 499 2363 2085 2465; baseline 0.02 -46"><span class='ocrx_word' id='word_1_168' title='bbox 499 2363 592 2420; x_wconf 77' lang='lat' dir='ltr'><strong>Dei</strong></span> <span class='ocrx_word' id='word_1_169' title='bbox 613 2367 949 2426; x_wconf 86' lang='lat' dir='ltr'><strong>clementiam</strong></span> <span class='ocrx_word' id='word_1_170' title='bbox 978 2391 991 2426; x_wconf 94' lang='lat'><strong>:</strong></span> <span class='ocrx_word' id='word_1_171' title='bbox 1017 2391 1121 2431; x_wconf 91' lang='lat' dir='ltr'><strong>non</strong></span> <span class='ocrx_word' id='word_1_172' title='bbox 1149 2377 1291 2447; x_wconf 88' lang='lat' dir='ltr'><strong>ipsos</strong></span> <span class='ocrx_word' id='word_1_173' title='bbox 1315 2363 1620 2450; x_wconf 80' lang='lat' dir='ltr'><strong>peccatores</strong></span> <span class='ocrx_word' id='word_1_174' title='bbox 1641 2400 1896 2457; x_wconf 87' lang='lat' dir='ltr'><strong>perpetuo</strong></span> <span class='ocrx_word' id='word_1_175' title='bbox 1916 2409 2085 2465; x_wconf 88' lang='lat' dir='ltr'><strong>usque</strong></span> 
     </span>
    </p>
   </div>
   <div class='ocr_carea' id='block_1_22' title="bbox 493 2454 2083 2538">
    <p class='ocr_par' dir='ltr' id='par_1_22' title="bbox 493 2454 2083 2538">
     <span class='ocr_line' id='line_1_22' title="bbox 493 2454 2083 2538; baseline 0.019 -31"><span class='ocrx_word' id='word_1_176' title='bbox 493 2454 551 2508; x_wconf 89' lang='lat' dir='ltr'><strong>in</strong></span> <span class='ocrx_word' id='word_1_177' title='bbox 572 2468 886 2525; x_wconf 73' lang='lat' dir='ltr'><strong>prmsentem</strong></span> <span class='ocrx_word' id='word_1_178' title='bbox 906 2462 1048 2518; x_wconf 91' lang='lat' dir='ltr'><strong>diem</strong></span> <span class='ocrx_word' id='word_1_179' title='bbox 1071 2467 1261 2523; x_wconf 89' lang='lat' dir='ltr'><strong>ardere</strong></span> <span class='ocrx_word' id='word_1_180' title='bbox 1287 2469 1430 2537; x_wconf 86' lang='lat' dir='ltr'><strong>fecit,</strong></span> <span class='ocrx_word' id='word_1_181' title='bbox 1457 2473 1550 2528; x_wconf 88' lang='lat' dir='ltr'><strong>sed</strong></span> <span class='ocrx_word' id='word_1_182' title='bbox 1576 2477 1691 2529; x_wconf 89' lang='lat' dir='ltr'><strong>illos</strong></span> <span class='ocrx_word' id='word_1_183' title='bbox 1711 2481 1876 2535; x_wconf 89' lang='lat' dir='ltr'><strong>semel</strong></span> <span class='ocrx_word' id='word_1_184' title='bbox 1902 2481 2083 2538; x_wconf 88' lang='lat' dir='ltr'><strong>incen-</strong></span> 
     </span>
    </p>
   </div>
   <div class='ocr_carea' id='block_1_23' title="bbox 492 2550 2078 2629">
    <p class='ocr_par' dir='ltr' id='par_1_23' title="bbox 492 2550 2078 2629">
     <span class='ocr_line' id='line_1_23' title="bbox 492 2550 2078 2629; baseline 0.018 -29"><span class='ocrx_word' id='word_1_185' title='bbox 492 2559 583 2601; x_wconf 84' lang='lat' dir='ltr'><strong>sos</strong></span> <span class='ocrx_word' id='word_1_186' title='bbox 612 2550 930 2620; x_wconf 82' lang='lat' dir='ltr'><strong>occultavit;</strong></span> <span class='ocrx_word' id='word_1_187' title='bbox 962 2563 1120 2610; x_wconf 60' lang='lat' dir='ltr'><strong>terra:</strong></span> <span class='ocrx_word' id='word_1_188' title='bbox 1147 2573 1275 2613; x_wconf 89' lang='lat' dir='ltr'><strong>vero</strong></span> <span class='ocrx_word' id='word_1_189' title='bbox 1316 2560 1504 2616; x_wconf 86' lang='lat' dir='ltr'><strong>faciem</strong></span> <span class='ocrx_word' id='word_1_190' title='bbox 1532 2580 1843 2623; x_wconf 87' lang='lat' dir='ltr'><strong>succensam</strong></span> <span class='ocrx_word' id='word_1_191' title='bbox 1874 2571 1927 2625; x_wconf 90' lang='lat' dir='ltr'><strong>in</strong></span> <span class='ocrx_word' id='word_1_192' title='bbox 1958 2589 2078 2629; x_wconf 83' lang='lat' dir='ltr'><strong>me—</strong></span> 
     </span>
    </p>
   </div>
   <div class='ocr_carea' id='block_1_24' title="bbox 494 2636 2073 2734">
    <p class='ocr_par' dir='ltr' id='par_1_24' title="bbox 494 2636 2073 2734">
     <span class='ocr_line' id='line_1_24' title="bbox 494 2636 2073 2734; baseline 0.02 -44"><span class='ocrx_word' id='word_1_193' title='bbox 494 2636 641 2692; x_wconf 78' lang='lat' dir='ltr'><strong>dium</strong></span> <span class='ocrx_word' id='word_1_194' title='bbox 664 2641 909 2699; x_wconf 87' lang='lat' dir='ltr'><strong>omnibus</strong></span> <span class='ocrx_word' id='word_1_195' title='bbox 935 2650 1210 2717; x_wconf 84' lang='lat' dir='ltr'><strong>proposuit</strong></span> <span class='ocrx_word' id='word_1_196' title='bbox 1237 2663 1354 2719; x_wconf 91' lang='lat' dir='ltr'><strong>post</strong></span> <span class='ocrx_word' id='word_1_197' title='bbox 1376 2652 1491 2709; x_wconf 59' lang='lat' dir='ltr'><strong>haec</strong></span> <span class='ocrx_word' id='word_1_198' title='bbox 1515 2672 1734 2714; x_wconf 88' lang='lat' dir='ltr'><strong>cernere</strong></span> <span class='ocrx_word' id='word_1_199' title='bbox 1757 2661 2073 2734; x_wconf 90' lang='lat' dir='ltr'><strong>volentibus,</strong></span> 
     </span>
    </p>
   </div>
   <div class='ocr_carea' id='block_1_25' title="bbox 489 2733 2075 2820">
    <p class='ocr_par' dir='ltr' id='par_1_25' title="bbox 489 2733 2075 2820">
     <span class='ocr_line' id='line_1_25' title="bbox 489 2733 2075 2820; baseline 0.018 -40"><span class='ocrx_word' id='word_1_200' title='bbox 489 2735 544 2781; x_wconf 90' lang='lat' dir='ltr'><strong>et</strong></span> <span class='ocrx_word' id='word_1_201' title='bbox 559 2743 701 2784; x_wconf 86' lang='lat' dir='ltr'><strong>nunc</strong></span> <span class='ocrx_word' id='word_1_202' title='bbox 715 2733 860 2788; x_wconf 90' lang='lat' dir='ltr'><strong>omni</strong></span> <span class='ocrx_word' id='word_1_203' title='bbox 881 2733 1058 2805; x_wconf 83' lang='lat' dir='ltr'><strong>lingua</strong></span> <span class='ocrx_word' id='word_1_204' title='bbox 1083 2739 1277 2794; x_wconf 89' lang='lat' dir='ltr'><strong>clarius</strong></span> <span class='ocrx_word' id='word_1_205' title='bbox 1304 2756 1491 2797; x_wconf 89' lang='lat' dir='ltr'><strong>omnes</strong></span> <span class='ocrx_word' id='word_1_206' title='bbox 1514 2756 1751 2815; x_wconf 76' lang='lat' dir='ltr'><strong>posteros</strong></span> <span class='ocrx_word' id='word_1_207' title='bbox 1775 2755 2075 2820; x_wconf 63' lang='lat' dir='ltr'><strong>generatio.</strong></span> 
     </span>
    </p>
   </div>
   <div class='ocr_carea' id='block_1_26' title="bbox 485 2829 2073 2901">
    <p class='ocr_par' dir='ltr' id='par_1_26' title="bbox 485 2829 2073 2901">
     <span class='ocr_line' id='line_1_26' title="bbox 485 2829 2073 2901; baseline 0.018 -30"><span class='ocrx_word' id='word_1_208' title='bbox 485 2832 583 2873; x_wconf 79' lang='lat' dir='ltr'><strong>nes</strong></span> <span class='ocrx_word' id='word_1_209' title='bbox 609 2829 765 2877; x_wconf 80' lang='lat' dir='ltr'><strong>teme</strong></span> <span class='ocrx_word' id='word_1_210' title='bbox 800 2836 1104 2883; x_wconf 88' lang='lat' dir='ltr'><strong>commonet</strong></span> <span class='ocrx_word' id='word_1_211' title='bbox 1142 2841 1425 2901; x_wconf 89' lang='lat' dir='ltr'><strong>aspectus,</strong></span> <span class='ocrx_word' id='word_1_212' title='bbox 1457 2844 1659 2892; x_wconf 89' lang='lat' dir='ltr'><strong>tantum</strong></span> <span class='ocrx_word' id='word_1_213' title='bbox 1702 2855 1808 2896; x_wconf 89' lang='lat' dir='ltr'><strong>non</strong></span> <span class='ocrx_word' id='word_1_214' title='bbox 1837 2843 2073 2900; x_wconf 88' lang='lat' dir='ltr'><strong>clamans</strong></span> 
     </span>
    </p>
   </div>
   <div class='ocr_carea' id='block_1_27' title="bbox 485 2910 2071 3006">
    <p class='ocr_par' dir='ltr' id='par_1_27' title="bbox 485 2910 2071 3006">
     <span class='ocr_line' id='line_1_27' title="bbox 485 2910 2071 3006; baseline 0.02 -41"><span class='ocrx_word' id='word_1_215' title='bbox 485 2919 541 2966; x_wconf 85' lang='lat' dir='ltr'><strong>et</strong></span> <span class='ocrx_word' id='word_1_216' title='bbox 566 2910 770 2981; x_wconf 89' lang='lat' dir='ltr'><strong>dicens,</strong></span> <span class='ocrx_word' id='word_1_217' title='bbox 801 2914 884 2973; x_wconf 89' lang='lat' dir='ltr'><strong>Ne</strong></span> <span class='ocrx_word' id='word_1_218' title='bbox 909 2923 1130 2988; x_wconf 86' lang='lat' dir='ltr'><strong>patretis</strong></span> <span class='ocrx_word' id='word_1_219' title='bbox 1155 2923 1510 2981; x_wconf 90' lang='lat' dir='ltr'><strong>Sodomorum</strong></span> <span class='ocrx_word' id='word_1_220' title='bbox 1541 2929 1763 2998; x_wconf 89' lang='lat' dir='ltr'><strong>scelera,</strong></span> <span class='ocrx_word' id='word_1_221' title='bbox 1792 2949 1859 2988; x_wconf 92' lang='lat' dir='ltr'><strong>ne</strong></span> <span class='ocrx_word' id='word_1_222' title='bbox 1886 2951 2071 3006; x_wconf 67' lang='lat' dir='ltr'><strong>poenas</strong></span> 
     </span>
    </p>
   </div>
   <div class='ocr_carea' id='block_1_28' title="bbox 484 3003 2069 3085">
    <p class='ocr_par' dir='ltr' id='par_1_28' title="bbox 484 3003 2069 3085">
     <span class='ocr_line' id='line_1_28' title="bbox 484 3003 2069 3085; baseline 0.02 -31"><span class='ocrx_word' id='word_1_223' title='bbox 484 3003 760 3070; x_wconf 84' lang='lat' dir='ltr'><strong>patiamini</strong></span> <span class='ocrx_word' id='word_1_224' title='bbox 787 3006 1164 3067; x_wconf 88' lang='lat' dir='ltr'><strong>Sodomorum.</strong></span> <span class='ocrx_word' id='word_1_225' title='bbox 1185 3013 1295 3070; x_wconf 86' lang='lat' dir='ltr'><strong>Nec</strong></span> <span class='ocrx_word' id='word_1_226' title='bbox 1320 3018 1460 3072; x_wconf 88' lang='lat' dir='ltr'><strong>enim</strong></span> <span class='ocrx_word' id='word_1_227' title='bbox 1483 3020 1634 3077; x_wconf 90' lang='lat' dir='ltr'><strong>sicin</strong></span> <span class='ocrx_word' id='word_1_228' title='bbox 1659 3034 1866 3080; x_wconf 89' lang='lat' dir='ltr'><strong>mentes</strong></span> <span class='ocrx_word' id='word_1_229' title='bbox 1890 3044 2069 3085; x_wconf 89' lang='lat' dir='ltr'><strong>sermo</strong></span> 
     </span>
    </p>
   </div>
   <div class='ocr_carea' id='block_1_29' title="bbox 482 3097 2068 3186">
    <p class='ocr_par' dir='ltr' id='par_1_29' title="bbox 482 3097 2068 3186">
     <span class='ocr_line' id='line_1_29' title="bbox 482 3097 2068 3186; baseline 0.02 -41"><span class='ocrx_word' id='word_1_230' title='bbox 482 3097 761 3160; x_wconf 82' lang='lat' dir='ltr'><strong>pervenire</strong></span> <span class='ocrx_word' id='word_1_231' title='bbox 800 3100 967 3165; x_wconf 88' lang='lat' dir='ltr'><strong>solet,</strong></span> <span class='ocrx_word' id='word_1_232' title='bbox 1009 3112 1067 3158; x_wconf 92' lang='lat' dir='ltr'><strong>ut</strong></span> <span class='ocrx_word' id='word_1_233' title='bbox 1095 3116 1344 3175; x_wconf 58' lang='lat' dir='ltr'><strong>asttectus</strong></span> <span class='ocrx_word' id='word_1_234' title='bbox 1403 3111 1654 3167; x_wconf 88' lang='lat' dir='ltr'><strong>terribilis</strong></span> <span class='ocrx_word' id='word_1_235' title='bbox 1693 3124 1747 3170; x_wconf 92' lang='lat' dir='ltr'><strong>et</strong></span> <span class='ocrx_word' id='word_1_236' title='bbox 1786 3133 1880 3186; x_wconf 90' lang='lat' dir='ltr'><strong>per</strong></span> <span class='ocrx_word' id='word_1_237' title='bbox 1908 3134 2068 3176; x_wconf 91' lang='lat' dir='ltr'><strong>omne</strong></span> 
     </span>
    </p>
   </div>
   <div class='ocr_carea' id='block_1_30' title="bbox 481 3188 2066 3281">
    <p class='ocr_par' dir='ltr' id='par_1_30' title="bbox 481 3188 2066 3281">
     <span class='ocr_line' id='line_1_30' title="bbox 481 3188 2066 3281; baseline 0.018 -43"><span class='ocrx_word' id='word_1_238' title='bbox 481 3197 690 3256; x_wconf 86' lang='lat' dir='ltr'><strong>tempus</strong></span> <span class='ocrx_word' id='word_1_239' title='bbox 712 3188 1034 3247; x_wconf 82' lang='lat' dir='ltr'><strong>calamitatis</strong></span> <span class='ocrx_word' id='word_1_240' title='bbox 1059 3209 1251 3264; x_wconf 89' lang='lat' dir='ltr'><strong>gerens</strong></span> <span class='ocrx_word' id='word_1_241' title='bbox 1277 3199 1523 3269; x_wconf 84' lang='lat' dir='ltr'><strong>vestigia.</strong></span> <span class='ocrx_word' id='word_1_242' title='bbox 1551 3202 1617 3256; x_wconf 90' lang='lat' dir='ltr'><strong>Et</strong></span> <span class='ocrx_word' id='word_1_243' title='bbox 1640 3214 1957 3263; x_wconf 88' lang='lat' dir='ltr'><strong>attestantur</strong></span> <span class='ocrx_word' id='word_1_244' title='bbox 1976 3213 2066 3281; x_wconf 91' lang='lat' dir='ltr'><strong>qui</strong></span> 
     </span>
    </p>
   </div>
   <div class='ocr_carea' id='block_1_31' title="bbox 474 3274 2064 3362">
    <p class='ocr_par' dir='ltr' id='par_1_31' title="bbox 474 3274 2064 3362">
     <span class='ocr_line' id='line_1_31' title="bbox 474 3274 2064 3362; baseline 0.017 -35"><span class='ocrx_word' id='word_1_245' title='bbox 474 3274 542 3328; x_wconf 86' lang='lat' dir='ltr'><strong>ad</strong></span> <span class='ocrx_word' id='word_1_246' title='bbox 568 3275 655 3330; x_wconf 88' lang='lat' dir='ltr'><strong>illa</strong></span> <span class='ocrx_word' id='word_1_247' title='bbox 694 3277 809 3334; x_wconf 81' lang='lat' dir='ltr'><strong>loca</strong></span> <span class='ocrx_word' id='word_1_248' title='bbox 854 3281 1074 3350; x_wconf 83' lang='lat' dir='ltr'><strong>profecti</strong></span> <span class='ocrx_word' id='word_1_249' title='bbox 1103 3294 1263 3352; x_wconf 90' lang='lat' dir='ltr'><strong>sunt,</strong></span> <span class='ocrx_word' id='word_1_250' title='bbox 1301 3288 1393 3356; x_wconf 91' lang='lat' dir='ltr'><strong>qui</strong></span> <span class='ocrx_word' id='word_1_251' title='bbox 1422 3292 1617 3359; x_wconf 83' lang='lat' dir='ltr'><strong>saepius</strong></span> <span class='ocrx_word' id='word_1_252' title='bbox 1642 3291 1970 3362; x_wconf 86' lang='lat' dir='ltr'><strong>Scripturam</strong></span> <span class='ocrx_word' id='word_1_253' title='bbox 1993 3274 2064 3355; x_wconf 78' lang='lat' dir='ltr'><strong>de</strong></span> 
     </span>
    </p>
   </div>
   <div class='ocr_carea' id='block_1_32' title="bbox 474 3363 2065 3459">
    <p class='ocr_par' dir='ltr' id='par_1_32' title="bbox 474 3363 2065 3459">
     <span class='ocr_line' id='line_1_32' title="bbox 474 3363 2065 3459; baseline 0.018 -43"><span class='ocrx_word' id='word_1_254' title='bbox 474 3363 559 3418; x_wconf 75' lang='lat' dir='ltr'><strong>bis</strong></span> <span class='ocrx_word' id='word_1_255' title='bbox 578 3364 883 3436; x_wconf 84' lang='lat' dir='ltr'><strong>loquentem</strong></span> <span class='ocrx_word' id='word_1_256' title='bbox 901 3371 1200 3437; x_wconf 87' lang='lat' dir='ltr'><strong>audientes,</strong></span> <span class='ocrx_word' id='word_1_257' title='bbox 1221 3390 1325 3429; x_wconf 90' lang='lat' dir='ltr'><strong>non</strong></span> <span class='ocrx_word' id='word_1_258' title='bbox 1350 3379 1576 3433; x_wconf 80' lang='lat' dir='ltr'><strong>multant</strong></span> <span class='ocrx_word' id='word_1_259' title='bbox 1601 3381 1887 3450; x_wconf 80' lang='lat' dir='ltr'><strong>timebant;</strong></span> <span class='ocrx_word' id='word_1_260' title='bbox 1916 3399 2065 3459; x_wconf 89' lang='lat' dir='ltr'><strong>post-</strong></span> 
     </span>
    </p>
   </div>
   <div class='ocr_carea' id='block_1_33' title="bbox 474 3467 2060 3546">
    <p class='ocr_par' dir='ltr' id='par_1_33' title="bbox 474 3467 2060 3546">
     <span class='ocr_line' id='line_1_33' title="bbox 474 3467 2060 3546; baseline 0.017 -39"><span class='ocrx_word' id='word_1_261' title='bbox 474 3468 630 3521; x_wconf 76' lang='lat' dir='ltr'><strong>quam</strong></span> <span class='ocrx_word' id='word_1_262' title='bbox 681 3471 805 3510; x_wconf 84' lang='lat' dir='ltr'><strong>vero</strong></span> <span class='ocrx_word' id='word_1_263' title='bbox 847 3469 1106 3515; x_wconf 88' lang='lat' dir='ltr'><strong>venerunt</strong></span> <span class='ocrx_word' id='word_1_264' title='bbox 1146 3474 1201 3518; x_wconf 91' lang='lat' dir='ltr'><strong>et</strong></span> <span class='ocrx_word' id='word_1_265' title='bbox 1250 3467 1524 3534; x_wconf 87' lang='lat' dir='ltr'><strong>regionem</strong></span> <span class='ocrx_word' id='word_1_266' title='bbox 1573 3474 1964 3546; x_wconf 86' lang='lat' dir='ltr'><strong>ascenderunt,</strong></span> <span class='ocrx_word' id='word_1_267' title='bbox 2006 3489 2060 3535; x_wconf 91' lang='lat' dir='ltr'><strong>et</strong></span> 
     </span>
    </p>
   </div>
   <div class='ocr_carea' id='block_1_34' title="bbox 475 3543 2062 3631">
    <p class='ocr_par' dir='ltr' id='par_1_34' title="bbox 475 3543 2062 3631">
     <span class='ocr_line' id='line_1_34' title="bbox 475 3543 2062 3631; baseline 0.019 -36"><span class='ocrx_word' id='word_1_268' title='bbox 475 3543 644 3611; x_wconf 86' lang='lat' dir='ltr'><strong>ipsius</strong></span> <span class='ocrx_word' id='word_1_269' title='bbox 663 3560 876 3602; x_wconf 85' lang='lat' dir='ltr'><strong>omnem</strong></span> <span class='ocrx_word' id='word_1_270' title='bbox 899 3552 1234 3619; x_wconf 81' lang='lat' dir='ltr'><strong>superﬁciem</strong></span> <span class='ocrx_word' id='word_1_271' title='bbox 1257 3555 1504 3614; x_wconf 89' lang='lat' dir='ltr'><strong>viderunt</strong></span> <span class='ocrx_word' id='word_1_272' title='bbox 1528 3560 1780 3631; x_wconf 88' lang='lat' dir='ltr'><strong>deletam,</strong></span> <span class='ocrx_word' id='word_1_273' title='bbox 1804 3578 1858 3623; x_wconf 90' lang='lat' dir='ltr'><strong>et</strong></span> <span class='ocrx_word' id='word_1_274' title='bbox 1879 3569 2062 3626; x_wconf 90' lang='lat' dir='ltr'><strong>incen-</strong></span> 
     </span>
    </p>
   </div>
   <div class='ocr_carea' id='block_1_35' title="bbox 471 3635 2059 3734">
    <p class='ocr_par' dir='ltr' id='par_1_35' title="bbox 471 3635 2059 3734">
     <span class='ocr_line' id='line_1_35' title="bbox 471 3635 2059 3734; baseline 0.018 -46"><span class='ocrx_word' id='word_1_275' title='bbox 471 3635 617 3690; x_wconf 87' lang='lat' dir='ltr'><strong>dium</strong></span> <span class='ocrx_word' id='word_1_276' title='bbox 642 3647 766 3693; x_wconf 89' lang='lat' dir='ltr'><strong>sunt</strong></span> <span class='ocrx_word' id='word_1_277' title='bbox 789 3642 1101 3711; x_wconf 88' lang='lat' dir='ltr'><strong>conspicati,</strong></span> <span class='ocrx_word' id='word_1_278' title='bbox 1129 3655 1184 3700; x_wconf 90' lang='lat' dir='ltr'><strong>et</strong></span> <span class='ocrx_word' id='word_1_279' title='bbox 1210 3656 1408 3704; x_wconf 90' lang='lat' dir='ltr'><strong>terram</strong></span> <span class='ocrx_word' id='word_1_280' title='bbox 1436 3653 1647 3721; x_wconf 87' lang='lat' dir='ltr'><strong>quidem</strong></span> <span class='ocrx_word' id='word_1_281' title='bbox 1676 3672 1935 3729; x_wconf 84' lang='lat' dir='ltr'><strong>nusquam</strong></span> <span class='ocrx_word' id='word_1_282' title='bbox 1964 3678 2059 3734; x_wconf 63' lang='lat' dir='ltr'><strong>apo</strong></span> 
     </span>
    </p>
   </div>
   <div class='ocr_carea' id='block_1_36' title="bbox 471 3731 2057 3823">
    <p class='ocr_par' dir='ltr' id='par_1_36' title="bbox 471 3731 2057 3823">
     <span class='ocr_line' id='line_1_36' title="bbox 471 3731 2057 3823; baseline 0.02 -46"><span class='ocrx_word' id='word_1_283' title='bbox 471 3736 745 3794; x_wconf 88' lang='lat' dir='ltr'><strong>parentem</strong></span> <span class='ocrx_word' id='word_1_284' title='bbox 769 3770 786 3796; x_wconf 91' lang='lat'><strong>,</strong></span> <span class='ocrx_word' id='word_1_285' title='bbox 813 3731 1048 3787; x_wconf 89' lang='lat' dir='ltr'><strong>cinerem</strong></span> <span class='ocrx_word' id='word_1_286' title='bbox 1080 3750 1206 3791; x_wconf 87' lang='lat' dir='ltr'><strong>vero</strong></span> <span class='ocrx_word' id='word_1_287' title='bbox 1233 3749 1423 3795; x_wconf 88' lang='lat' dir='ltr'><strong>cuncta</strong></span> <span class='ocrx_word' id='word_1_288' title='bbox 1453 3755 1612 3813; x_wconf 76' lang='lat' dir='ltr'><strong>atque</strong></span> <span class='ocrx_word' id='word_1_289' title='bbox 1637 3745 1871 3805; x_wconf 80' lang='lat' dir='ltr'><strong>favillam</strong></span> <span class='ocrx_word' id='word_1_290' title='bbox 1893 3796 1905 3819; x_wconf 91' lang='lat'><strong>,</strong></span> <span class='ocrx_word' id='word_1_291' title='bbox 1936 3769 2057 3823; x_wconf 85' lang='lat' dir='ltr'><strong>per-</strong></span> 
     </span>
    </p>
   </div>
   <div class='ocr_carea' id='block_1_37' title="bbox 469 3816 2055 3911">
    <p class='ocr_par' dir='ltr' id='par_1_37' title="bbox 469 3816 2055 3911">
     <span class='ocr_line' id='line_1_37' title="bbox 469 3816 2055 3911; baseline 0.021 -43"><span class='ocrx_word' id='word_1_292' title='bbox 469 3816 602 3871; x_wconf 83' lang='lat' dir='ltr'><strong>eulsi</strong></span> <span class='ocrx_word' id='word_1_293' title='bbox 624 3827 678 3872; x_wconf 91' lang='lat' dir='ltr'><strong>et</strong></span> <span class='ocrx_word' id='word_1_294' title='bbox 704 3821 926 3876; x_wconf 89' lang='lat' dir='ltr'><strong>multam</strong></span> <span class='ocrx_word' id='word_1_295' title='bbox 949 3838 1015 3878; x_wconf 80' lang='lat' dir='ltr'><strong>ex</strong></span> <span class='ocrx_word' id='word_1_296' title='bbox 1043 3837 1260 3896; x_wconf 89' lang='lat' dir='ltr'><strong>aspectu</strong></span> <span class='ocrx_word' id='word_1_297' title='bbox 1287 3831 1375 3887; x_wconf 90' lang='lat' dir='ltr'><strong>illo</strong></span> <span class='ocrx_word' id='word_1_298' title='bbox 1400 3837 1670 3904; x_wconf 85' lang='lat' dir='ltr'><strong>capientes</strong></span> <span class='ocrx_word' id='word_1_299' title='bbox 1693 3847 2055 3911; x_wconf 62' lang='lat' dir='ltr'><strong>temperantiae</strong></span> 
     </span>
    </p>
   </div>
   <div class='ocr_carea' id='block_1_38' title="bbox 472 3906 2049 3996">
    <p class='ocr_par' dir='ltr' id='par_1_38' title="bbox 472 3906 2049 3996">
     <span class='ocr_line' id='line_1_38' title="bbox 472 3906 2049 3996; baseline 0.02 -36"><span class='ocrx_word' id='word_1_300' title='bbox 472 3906 805 3978; x_wconf 85' lang='lat' dir='ltr'><strong>disciplinam</strong></span> <span class='ocrx_word' id='word_1_301' title='bbox 831 3952 848 3979; x_wconf 92' lang='lat'><strong>,</strong></span> <span class='ocrx_word' id='word_1_302' title='bbox 876 3918 955 3969; x_wconf 92' lang='lat' dir='ltr'><strong>slc</strong></span> <span class='ocrx_word' id='word_1_303' title='bbox 981 3917 1226 3974; x_wconf 88' lang='lat' dir='ltr'><strong>abierunt</strong></span> <span class='ocrx_word' id='word_1_304' title='bbox 1255 3939 1268 3975; x_wconf 91' lang='lat'><strong>:</strong></span> <span class='ocrx_word' id='word_1_305' title='bbox 1299 3938 1422 3979; x_wconf 77' lang='lat' dir='ltr'><strong>nam</strong></span> <span class='ocrx_word' id='word_1_306' title='bbox 1470 3926 1584 3996; x_wconf 91' lang='lat' dir='ltr'><strong>ipse</strong></span> <span class='ocrx_word' id='word_1_307' title='bbox 1613 3929 1830 3986; x_wconf 87' lang='lat' dir='ltr'><strong>ultionis</strong></span> <span class='ocrx_word' id='word_1_308' title='bbox 1860 3935 2049 3991; x_wconf 90' lang='lat' dir='ltr'><strong>modus</strong></span> 
     </span>
    </p>
   </div>
   <div class='ocr_carea' id='block_1_39' title="bbox 470 4002 2048 4093">
    <p class='ocr_par' dir='ltr' id='par_1_39' title="bbox 470 4002 2048 4093">
     <span class='ocr_line' id='line_1_39' title="bbox 470 4002 2048 4093; baseline 0.021 -42"><span class='ocrx_word' id='word_1_309' title='bbox 470 4002 671 4066; x_wconf 86' lang='lat' dir='ltr'><strong>peccati</strong></span> <span class='ocrx_word' id='word_1_310' title='bbox 698 4002 910 4058; x_wconf 89' lang='lat' dir='ltr'><strong>modum</strong></span> <span class='ocrx_word' id='word_1_311' title='bbox 957 4006 1213 4064; x_wconf 87' lang='lat' dir='ltr'><strong>imitatur.</strong></span> <span class='ocrx_word' id='word_1_312' title='bbox 1252 4011 1402 4068; x_wconf 89' lang='lat' dir='ltr'><strong>Sicut</strong></span> <span class='ocrx_word' id='word_1_313' title='bbox 1431 4017 1574 4071; x_wconf 89' lang='lat' dir='ltr'><strong>enim</strong></span> <span class='ocrx_word' id='word_1_314' title='bbox 1606 4019 1678 4073; x_wconf 91' lang='lat' dir='ltr'><strong>illi</strong></span> <span class='ocrx_word' id='word_1_315' title='bbox 1705 4037 2048 4093; x_wconf 87' lang='lat' dir='ltr'><strong>congressum</strong></span> 
     </span>
    </p>
   </div>
   <div class='ocr_carea' id='block_1_40' title="bbox 469 4089 2048 4178">
    <p class='ocr_par' dir='ltr' id='par_1_40' title="bbox 469 4089 2048 4178">
     <span class='ocr_line' id='line_1_40' title="bbox 469 4089 2048 4178; baseline 0.021 -37"><span class='ocrx_word' id='word_1_316' title='bbox 469 4089 808 4147; x_wconf 82' lang='lat' dir='ltr'><strong>infecundum</strong></span> <span class='ocrx_word' id='word_1_317' title='bbox 833 4095 1238 4163; x_wconf 88' lang='lat' dir='ltr'><strong>adinvenerunt,</strong></span> <span class='ocrx_word' id='word_1_318' title='bbox 1271 4103 1337 4156; x_wconf 86' lang='lat' dir='ltr'><strong>ad</strong></span> <span class='ocrx_word' id='word_1_319' title='bbox 1364 4104 1592 4162; x_wconf 82' lang='lat' dir='ltr'><strong>ﬁliorum</strong></span> <span class='ocrx_word' id='word_1_320' title='bbox 1626 4117 2048 4178; x_wconf 87' lang='lat' dir='ltr'><strong>procreationem</strong></span> 
     </span>
    </p>
   </div>
   <div class='ocr_carea' id='block_1_41' title="bbox 466 4182 2048 4276">
    <p class='ocr_par' dir='ltr' id='par_1_41' title="bbox 466 4182 2048 4276">
     <span class='ocr_line' id='line_1_41' title="bbox 466 4182 2048 4276; baseline 0.019 -44"><span class='ocrx_word' id='word_1_321' title='bbox 466 4193 573 4234; x_wconf 86' lang='lat' dir='ltr'><strong>non</strong></span> <span class='ocrx_word' id='word_1_322' title='bbox 609 4182 975 4242; x_wconf 80' lang='lat' dir='ltr'><strong>conferentem</strong></span> <span class='ocrx_word' id='word_1_323' title='bbox 1007 4206 1021 4243; x_wconf 91' lang='lat'>:</span> <span class='ocrx_word' id='word_1_324' title='bbox 1049 4190 1128 4245; x_wconf 90' lang='lat' dir='ltr'><strong>sic</strong></span> <span class='ocrx_word' id='word_1_325' title='bbox 1177 4192 1417 4260; x_wconf 90' lang='lat' dir='ltr'><strong>profecto</strong></span> <span class='ocrx_word' id='word_1_326' title='bbox 1454 4206 1509 4250; x_wconf 92' lang='lat' dir='ltr'><strong>et</strong></span> <span class='ocrx_word' id='word_1_327' title='bbox 1552 4198 1690 4254; x_wconf 88' lang='lat' dir='ltr'><strong>Deus</strong></span> <span class='ocrx_word' id='word_1_328' title='bbox 1718 4203 1891 4259; x_wconf 88' lang='lat' dir='ltr'><strong>intulit</strong></span> <span class='ocrx_word' id='word_1_329' title='bbox 1931 4222 2048 4276; x_wconf 72' lang='lat' dir='ltr'><strong>pce-</strong></span> 
     </span>
    </p>
   </div>
   <div class='ocr_carea' id='block_1_42' title="bbox 467 4283 2049 4355">
    <p class='ocr_par' dir='ltr' id='par_1_42' title="bbox 467 4283 2049 4355">
     <span class='ocr_line' id='line_1_42' title="bbox 467 4283 2049 4355; baseline 0.019 -30"><span class='ocrx_word' id='word_1_330' title='bbox 467 4284 628 4334; x_wconf 89' lang='lat' dir='ltr'><strong>nam,</strong></span> <span class='ocrx_word' id='word_1_331' title='bbox 658 4287 780 4342; x_wconf 69' lang='lat' dir='ltr'><strong>quae</strong></span> <span class='ocrx_word' id='word_1_332' title='bbox 822 4283 979 4332; x_wconf 75' lang='lat' dir='ltr'><strong>terra:</strong></span> <span class='ocrx_word' id='word_1_333' title='bbox 1009 4289 1247 4337; x_wconf 86' lang='lat' dir='ltr'><strong>ventrem</strong></span> <span class='ocrx_word' id='word_1_334' title='bbox 1291 4287 1503 4354; x_wconf 90' lang='lat' dir='ltr'><strong>penitus</strong></span> <span class='ocrx_word' id='word_1_335' title='bbox 1540 4292 1778 4348; x_wconf 90' lang='lat' dir='ltr'><strong>sterilem</strong></span> <span class='ocrx_word' id='word_1_336' title='bbox 1821 4298 2049 4355; x_wconf 87' lang='lat' dir='ltr'><strong>reddidit</strong></span> 
     </span>
    </p>
   </div>
   <div class='ocr_carea' id='block_1_43' title="bbox 463 4364 2044 4455">
    <p class='ocr_par' dir='ltr' id='par_1_43' title="bbox 463 4364 2044 4455">
     <span class='ocr_line' id='line_1_43' title="bbox 463 4364 2044 4455; baseline 0.02 -42"><span class='ocrx_word' id='word_1_337' title='bbox 463 4370 519 4415; x_wconf 83' lang='lat' dir='ltr'><strong>et</strong></span> <span class='ocrx_word' id='word_1_338' title='bbox 546 4364 793 4419; x_wconf 85' lang='lat' dir='ltr'><strong>omnibus</strong></span> <span class='ocrx_word' id='word_1_339' title='bbox 830 4381 1055 4424; x_wconf 87' lang='lat' dir='ltr'><strong>vacuum</strong></span> <span class='ocrx_word' id='word_1_340' title='bbox 1100 4371 1380 4430; x_wconf 79' lang='lat' dir='ltr'><strong>fructibus.</strong></span> <span class='ocrx_word' id='word_1_341' title='bbox 1425 4377 1628 4435; x_wconf 85' lang='lat' dir='ltr'><strong>Idcirco</strong></span> <span class='ocrx_word' id='word_1_342' title='bbox 1666 4395 1718 4437; x_wconf 88' lang='lat' dir='ltr'><strong>et</strong></span> <span class='ocrx_word' id='word_1_343' title='bbox 1753 4383 2044 4455; x_wconf 85' lang='lat' dir='ltr'><strong>jurantium</strong></span> 
     </span>
    </p>
   </div>
   <div class='ocr_carea' id='block_1_44' title="bbox 462 4451 2046 4551">
    <p class='ocr_par' dir='ltr' id='par_1_44' title="bbox 462 4451 2046 4551">
     <span class='ocr_line' id='line_1_44' title="bbox 462 4451 2046 4551; baseline 0.024 -47"><span class='ocrx_word' id='word_1_344' title='bbox 462 4451 653 4506; x_wconf 83' lang='lat' dir='ltr'><strong>domos</strong></span> <span class='ocrx_word' id='word_1_345' title='bbox 671 4469 732 4510; x_wconf 89' lang='lat' dir='ltr'><strong>se</strong></span> <span class='ocrx_word' id='word_1_346' title='bbox 751 4455 1052 4513; x_wconf 80' lang='lat' dir='ltr'><strong>deletorum</strong></span> <span class='ocrx_word' id='word_1_347' title='bbox 1080 4463 1310 4521; x_wconf 87' lang='lat' dir='ltr'><strong>minatus</strong></span> <span class='ocrx_word' id='word_1_348' title='bbox 1333 4477 1437 4537; x_wconf 91' lang='lat' dir='ltr'><strong>est,</strong></span> <span class='ocrx_word' id='word_1_349' title='bbox 1466 4480 1522 4525; x_wconf 91' lang='lat' dir='ltr'><strong>ut</strong></span> <span class='ocrx_word' id='word_1_350' title='bbox 1540 4473 1672 4529; x_wconf 90' lang='lat' dir='ltr'><strong>alios</strong></span> <span class='ocrx_word' id='word_1_351' title='bbox 1695 4451 1904 4533; x_wconf 84' lang='lat' dir='ltr'><strong>illorum</strong></span> <span class='ocrx_word' id='word_1_352' title='bbox 1932 4496 2046 4551; x_wconf 71' lang='lat' dir='ltr'><strong>pm-</strong></span> 
     </span>
    </p>
   </div>
   <div class='ocr_carea' id='block_1_45' title="bbox 463 4542 1172 4608">
    <p class='ocr_par' dir='ltr' id='par_1_45' title="bbox 463 4542 1172 4608">
     <span class='ocr_line' id='line_1_45' title="bbox 463 4542 1172 4608; baseline 0.021 -15"><span class='ocrx_word' id='word_1_353' title='bbox 463 4542 548 4596; x_wconf 89' lang='lat' dir='ltr'><strong>nis</strong></span> <span class='ocrx_word' id='word_1_354' title='bbox 574 4544 927 4602; x_wconf 86' lang='lat' dir='ltr'><strong>modestiores</strong></span> <span class='ocrx_word' id='word_1_355' title='bbox 955 4549 1172 4608; x_wconf 88' lang='lat' dir='ltr'><strong>faceret.</strong></span> 
     </span>
    </p>
   </div>
   <div class='ocr_carea' id='block_1_46' title="bbox 530 4630 2042 4721">
    <p class='ocr_par' dir='ltr' id='par_1_46' title="bbox 530 4630 2042 4721">
     <span class='ocr_line' id='line_1_46' title="bbox 530 4630 2042 4721; baseline 0.024 -38"><span class='ocrx_word' id='word_1_356' title='bbox 530 4632 584 4685; x_wconf 77' lang='lat'><strong>3.</strong></span> <span class='ocrx_word' id='word_1_357' title='bbox 623 4630 1035 4691; x_wconf 81' lang='lat' dir='ltr'><strong>Juramentorum</strong></span> <span class='ocrx_word' id='word_1_358' title='bbox 1081 4643 1345 4709; x_wconf 74' lang='lat' dir='ltr'><strong>pernicies.</strong></span> <span class='ocrx_word' id='word_1_359' title='bbox 1383 4676 1458 4688; x_wconf 96' lang='lat'><em>—</em></span> <span class='ocrx_word' id='word_1_360' title='bbox 1501 4650 1613 4721; x_wconf 88' lang='lat' dir='ltr'><strong>Ego</strong></span> <span class='ocrx_word' id='word_1_361' title='bbox 1654 4665 1830 4712; x_wconf 91' lang='lat' dir='ltr'><strong>autem</strong></span> <span class='ocrx_word' id='word_1_362' title='bbox 1883 4661 2042 4720; x_wconf 83' lang='lat' dir='ltr'><strong>hodie</strong></span> 
     </span>
    </p>
   </div>
   <div class='ocr_carea' id='block_1_47' title="bbox 456 4720 2042 4818">
    <p class='ocr_par' dir='ltr' id='par_1_47' title="bbox 456 4720 2042 4818">
     <span class='ocr_line' id='line_1_47' title="bbox 456 4720 2042 4818; baseline 0.023 -45"><span class='ocrx_word' id='word_1_363' title='bbox 456 4720 764 4778; x_wconf 87' lang='lat' dir='ltr'><strong>demonstro</strong></span> <span class='ocrx_word' id='word_1_364' title='bbox 785 4740 891 4780; x_wconf 90' lang='lat' dir='ltr'><strong>non</strong></span> <span class='ocrx_word' id='word_1_365' title='bbox 916 4742 1075 4783; x_wconf 89' lang='lat' dir='ltr'><strong>unam</strong></span> <span class='ocrx_word' id='word_1_366' title='bbox 1102 4739 1158 4785; x_wconf 92' lang='lat' dir='ltr'><strong>et</strong></span> <span class='ocrx_word' id='word_1_367' title='bbox 1183 4732 1316 4787; x_wconf 85' lang='lat' dir='ltr'><strong>duas</strong></span> <span class='ocrx_word' id='word_1_368' title='bbox 1345 4746 1399 4790; x_wconf 90' lang='lat' dir='ltr'><strong>et</strong></span> <span class='ocrx_word' id='word_1_369' title='bbox 1428 4746 1536 4795; x_wconf 90' lang='lat' dir='ltr'><strong>tres</strong></span> <span class='ocrx_word' id='word_1_370' title='bbox 1552 4720 1751 4801; x_wconf 79' lang='lat' dir='ltr'><strong>domos</strong></span> <span class='ocrx_word' id='word_1_371' title='bbox 1767 4748 2042 4818; x_wconf 89' lang='lat' dir='ltr'><strong>juramen-</strong></span> 
     </span>
    </p>
   </div>
   <div class='ocr_carea' id='block_1_48' title="bbox 457 4812 2039 4908">
    <p class='ocr_par' dir='ltr' id='par_1_48' title="bbox 457 4812 2039 4908">
     <span class='ocr_line' id='line_1_48' title="bbox 457 4812 2039 4908; baseline 0.022 -42"><span class='ocrx_word' id='word_1_372' title='bbox 457 4812 525 4868; x_wconf 90' lang='lat' dir='ltr'><strong>tis</strong></span> <span class='ocrx_word' id='word_1_373' title='bbox 560 4813 859 4872; x_wconf 79' lang='lat' dir='ltr'><strong>destructas</strong></span> <span class='ocrx_word' id='word_1_374' title='bbox 881 4858 894 4883; x_wconf 85' lang='lat'><strong>,</strong></span> <span class='ocrx_word' id='word_1_375' title='bbox 927 4819 1024 4875; x_wconf 89' lang='lat' dir='ltr'><strong>sed</strong></span> <span class='ocrx_word' id='word_1_376' title='bbox 1052 4822 1322 4880; x_wconf 88' lang='lat' dir='ltr'><strong>civitatem</strong></span> <span class='ocrx_word' id='word_1_377' title='bbox 1356 4837 1520 4886; x_wconf 85' lang='lat' dir='ltr'><strong>totam</strong></span> <span class='ocrx_word' id='word_1_378' title='bbox 1546 4843 1599 4888; x_wconf 90' lang='lat' dir='ltr'><strong>et</strong></span> <span class='ocrx_word' id='word_1_379' title='bbox 1631 4812 1881 4908; x_wconf 80' lang='lat' dir='ltr'><strong>populum</strong></span> <span class='ocrx_word' id='word_1_380' title='bbox 1912 4848 2039 4902; x_wconf 88' lang='lat' dir='ltr'><strong>reli-</strong></span> 
     </span>
    </p>
   </div>
   <div class='ocr_carea' id='block_1_49' title="bbox 457 4903 2040 4992">
    <p class='ocr_par' dir='ltr' id='par_1_49' title="bbox 457 4903 2040 4992">
     <span class='ocr_line' id='line_1_49' title="bbox 457 4903 2040 4992; baseline 0.023 -37"><span class='ocrx_word' id='word_1_381' title='bbox 457 4903 663 4973; x_wconf 88' lang='lat' dir='ltr'><strong>giosum</strong></span> <span class='ocrx_word' id='word_1_382' title='bbox 685 4943 704 4971; x_wconf 89' lang='lat'><strong>,</strong></span> <span class='ocrx_word' id='word_1_383' title='bbox 733 4915 787 4961; x_wconf 91' lang='lat' dir='ltr'><strong>et</strong></span> <span class='ocrx_word' id='word_1_384' title='bbox 809 4919 1023 4977; x_wconf 81' lang='lat' dir='ltr'><strong>gentem</strong></span> <span class='ocrx_word' id='word_1_385' title='bbox 1053 4914 1218 4968; x_wconf 89' lang='lat' dir='ltr'><strong>multa</strong></span> <span class='ocrx_word' id='word_1_386' title='bbox 1245 4930 1459 4987; x_wconf 87' lang='lat' dir='ltr'><strong>semper</strong></span> <span class='ocrx_word' id='word_1_387' title='bbox 1484 4903 1818 4990; x_wconf 73' lang='lat' dir='ltr'><strong>providentia</strong></span> <span class='ocrx_word' id='word_1_388' title='bbox 1849 4934 1922 4988; x_wconf 92' lang='lat' dir='ltr'><strong>uti</strong></span> <span class='ocrx_word' id='word_1_389' title='bbox 1951 4951 2040 4992; x_wconf 83' lang='lat' dir='ltr'><strong>so-</strong></span> 
     </span>
    </p>
   </div>
   <div class='ocr_carea' id='block_1_50' title="bbox 458 4992 2034 5083">
    <p class='ocr_par' dir='ltr' id='par_1_50' title="bbox 458 4992 2034 5083">
     <span class='ocr_line' id='line_1_50' title="bbox 458 4992 2034 5083; baseline 0.023 -38"><span class='ocrx_word' id='word_1_390' title='bbox 458 4992 605 5048; x_wconf 89' lang='lat' dir='ltr'><strong>litam</strong></span> <span class='ocrx_word' id='word_1_391' title='bbox 627 5034 643 5062; x_wconf 93' lang='lat'><strong>,</strong></span> <span class='ocrx_word' id='word_1_392' title='bbox 675 5004 731 5051; x_wconf 89' lang='lat' dir='ltr'><strong>et</strong></span> <span class='ocrx_word' id='word_1_393' title='bbox 767 4999 962 5055; x_wconf 87' lang='lat' dir='ltr'><strong>tribum</strong></span> <span class='ocrx_word' id='word_1_394' title='bbox 1005 5004 1187 5061; x_wconf 88' lang='lat' dir='ltr'><strong>multis</strong></span> <span class='ocrx_word' id='word_1_395' title='bbox 1224 5006 1458 5078; x_wconf 87' lang='lat' dir='ltr'><strong>elapsam</strong></span> <span class='ocrx_word' id='word_1_396' title='bbox 1506 5016 1776 5083; x_wconf 89' lang='lat' dir='ltr'><strong>periculis.</strong></span> <span class='ocrx_word' id='word_1_397' title='bbox 1826 5022 2034 5083; x_wconf 81' lang='lat' dir='ltr'><strong>Etenim</strong></span> 
     </span>
    </p>
   </div>
   <div class='ocr_carea' id='block_1_51' title="bbox 454 5080 2038 5185">
    <p class='ocr_par' dir='ltr' id='par_1_51' title="bbox 454 5080 2038 5185">
     <span class='ocr_line' id='line_1_51' title="bbox 454 5080 2038 5185; baseline 0.024 -49"><span class='ocrx_word' id='word_1_398' title='bbox 454 5080 784 5153; x_wconf 79' lang='lat' dir='ltr'><strong>Jerusalem,</strong></span> <span class='ocrx_word' id='word_1_399' title='bbox 814 5089 1003 5145; x_wconf 83' lang='lat' dir='ltr'><strong>civitas</strong></span> <span class='ocrx_word' id='word_1_400' title='bbox 1044 5092 1174 5161; x_wconf 88' lang='lat' dir='ltr'><strong>Dei,</strong></span> <span class='ocrx_word' id='word_1_401' title='bbox 1208 5108 1446 5154; x_wconf 87' lang='lat' dir='ltr'><strong>sanctam</strong></span> <span class='ocrx_word' id='word_1_402' title='bbox 1491 5080 1670 5161; x_wconf 84' lang='lat' dir='ltr'><strong>arcam</strong></span> <span class='ocrx_word' id='word_1_403' title='bbox 1710 5109 1913 5169; x_wconf 83' lang='lat' dir='ltr'><strong>habens</strong></span> <span class='ocrx_word' id='word_1_404' title='bbox 1935 5158 1952 5185; x_wconf 95' lang='lat'><strong>,</strong></span> 
     </span>
    </p>
   </div>
   <div class='ocr_carea' id='block_1_52' title="bbox 452 5177 2031 5279">
    <p class='ocr_par' dir='ltr' id='par_1_52' title="bbox 452 5177 2031 5279">
     <span class='ocr_line' id='line_1_52' title="bbox 452 5177 2031 5279; baseline 0.025 -52"><span class='ocrx_word' id='word_1_405' title='bbox 452 5187 668 5231; x_wconf 88' lang='lat' dir='ltr'><strong>omnem</strong></span> <span class='ocrx_word' id='word_1_406' title='bbox 696 5177 845 5233; x_wconf 90' lang='lat' dir='ltr'><strong>illum</strong></span> <span class='ocrx_word' id='word_1_407' title='bbox 869 5183 1070 5239; x_wconf 87' lang='lat' dir='ltr'><strong>cultum</strong></span> <span class='ocrx_word' id='word_1_408' title='bbox 1095 5226 1112 5253; x_wconf 93' lang='lat'><strong>,</strong></span> <span class='ocrx_word' id='word_1_409' title='bbox 1144 5188 1232 5242; x_wconf 90' lang='lat' dir='ltr'><strong>ubi</strong></span> <span class='ocrx_word' id='word_1_410' title='bbox 1268 5193 1540 5262; x_wconf 82' lang='lat' dir='ltr'><strong>prephetse</strong></span> <span class='ocrx_word' id='word_1_411' title='bbox 1569 5198 1810 5269; x_wconf 82' lang='lat' dir='ltr'><strong>fuerunt,</strong></span> <span class='ocrx_word' id='word_1_412' title='bbox 1839 5216 1887 5264; x_wconf 89' lang='lat' dir='ltr'><strong>et</strong></span> <span class='ocrx_word' id='word_1_413' title='bbox 1910 5177 2031 5279; x_wconf 69' lang='lat' dir='ltr'><strong>Spi-</strong></span> 
     </span>
    </p>
   </div>
   <div class='ocr_carea' id='block_1_53' title="bbox 454 5264 2031 5362">
    <p class='ocr_par' dir='ltr' id='par_1_53' title="bbox 454 5264 2031 5362">
     <span class='ocr_line' id='line_1_53' title="bbox 454 5264 2031 5362; baseline 0.026 -45"><span class='ocrx_word' id='word_1_414' title='bbox 454 5264 591 5321; x_wconf 75' lang='lat' dir='ltr'><strong>ritus</strong></span> <span class='ocrx_word' id='word_1_415' title='bbox 617 5269 782 5336; x_wconf 86' lang='lat' dir='ltr'><strong>gratia</strong></span> <span class='ocrx_word' id='word_1_416' title='bbox 804 5311 819 5337; x_wconf 87' lang='lat'><strong>,</strong></span> <span class='ocrx_word' id='word_1_417' title='bbox 849 5281 905 5325; x_wconf 91' lang='lat' dir='ltr'><strong>et</strong></span> <span class='ocrx_word' id='word_1_418' title='bbox 929 5289 1056 5330; x_wconf 86' lang='lat' dir='ltr'><strong>arca</strong></span> <span class='ocrx_word' id='word_1_419' title='bbox 1078 5317 1094 5343; x_wconf 92' lang='lat'><strong>,</strong></span> <span class='ocrx_word' id='word_1_420' title='bbox 1124 5287 1182 5332; x_wconf 87' lang='lat' dir='ltr'><strong>et</strong></span> <span class='ocrx_word' id='word_1_421' title='bbox 1212 5282 1404 5339; x_wconf 70' lang='lat' dir='ltr'><strong>tabulae</strong></span> <span class='ocrx_word' id='word_1_422' title='bbox 1426 5284 1745 5350; x_wconf 83' lang='lat' dir='ltr'><strong>Testamenti</strong></span> <span class='ocrx_word' id='word_1_423' title='bbox 1769 5264 1869 5362; x_wconf 38' lang='lat' dir='ltr'><strong>,-et</strong></span> <span class='ocrx_word' id='word_1_424' title='bbox 1901 5264 2031 5358; x_wconf 66' lang='lat' dir='ltr'><strong>urna</strong></span> 
     </span>
    </p>
   </div>
   <div class='ocr_carea' id='block_1_54' title="bbox 455 5361 2034 5455">
    <p class='ocr_par' dir='ltr' id='par_1_54' title="bbox 455 5361 2034 5455">
     <span class='ocr_line' id='line_1_54' title="bbox 455 5361 2034 5455; baseline 0.022 -40"><span class='ocrx_word' id='word_1_425' title='bbox 455 5361 736 5425; x_wconf 81' lang='lat' dir='ltr'><strong>aurea,ubi</strong></span> <span class='ocrx_word' id='word_1_426' title='bbox 762 5367 933 5434; x_wconf 87' lang='lat' dir='ltr'><strong>angeli</strong></span> <span class='ocrx_word' id='word_1_427' title='bbox 950 5380 1095 5438; x_wconf 76' lang='lat' dir='ltr'><strong>saepe</strong></span> <span class='ocrx_word' id='word_1_428' title='bbox 1119 5370 1434 5431; x_wconf 84' lang='lat' dir='ltr'><strong>incedebant</strong></span> <span class='ocrx_word' id='word_1_429' title='bbox 1460 5394 1476 5432; x_wconf 86' lang='lat'><strong>:</strong></span> <span class='ocrx_word' id='word_1_430' title='bbox 1507 5379 1621 5437; x_wconf 73' lang='lat' dir='ltr'><strong>hmo</strong></span> <span class='ocrx_word' id='word_1_431' title='bbox 1646 5387 1853 5455; x_wconf 88' lang='lat' dir='ltr'><strong>civitas,</strong></span> <span class='ocrx_word' id='word_1_432' title='bbox 1878 5391 2034 5449; x_wconf 86' lang='lat' dir='ltr'><strong>innu-</strong></span> 
     </span>
    </p>
   </div>
   <div class='ocr_carea' id='block_1_55' title="bbox 458 5456 2029 5541">
    <p class='ocr_par' dir='ltr' id='par_1_55' title="bbox 458 5456 2029 5541">
     <span class='ocr_line' id='line_1_55' title="bbox 458 5456 2029 5541; baseline 0.024 -37"><span class='ocrx_word' id='word_1_433' title='bbox 458 5456 624 5509; x_wconf 83' lang='lat' dir='ltr'><strong>meris</strong></span> <span class='ocrx_word' id='word_1_434' title='bbox 638 5458 978 5514; x_wconf 88' lang='lat' dir='ltr'><strong>nascentibus</strong></span> <span class='ocrx_word' id='word_1_435' title='bbox 994 5461 1150 5517; x_wconf 88' lang='lat' dir='ltr'><strong>bellis</strong></span> <span class='ocrx_word' id='word_1_436' title='bbox 1165 5473 1220 5518; x_wconf 89' lang='lat' dir='ltr'><strong>et</strong></span> <span class='ocrx_word' id='word_1_437' title='bbox 1235 5468 1417 5524; x_wconf 89' lang='lat' dir='ltr'><strong>multis</strong></span> <span class='ocrx_word' id='word_1_438' title='bbox 1441 5470 1609 5541; x_wconf 88' lang='lat' dir='ltr'><strong>ipsam</strong></span> <span class='ocrx_word' id='word_1_439' title='bbox 1637 5477 2029 5541; x_wconf 86' lang='lat' dir='ltr'><strong>incursantibus</strong></span> 
     </span>
    </p>
   </div>
   <div class='ocr_carea' id='block_1_56' title="bbox 451 5539 2026 5643">
    <p class='ocr_par' dir='ltr' id='par_1_56' title="bbox 451 5539 2026 5643">
     <span class='ocr_line' id='line_1_56' title="bbox 451 5539 2026 5643; baseline 0.022 -48"><span class='ocrx_word' id='word_1_440' title='bbox 451 5539 693 5599; x_wconf 84' lang='lat' dir='ltr'><strong>barbaris</strong></span> <span class='ocrx_word' id='word_1_441' title='bbox 713 5587 730 5613; x_wconf 96' lang='lat'><strong>,</strong></span> <span class='ocrx_word' id='word_1_442' title='bbox 761 5556 1028 5618; x_wconf 86' lang='lat' dir='ltr'><strong>tamquam</strong></span> <span class='ocrx_word' id='word_1_443' title='bbox 1067 5568 1225 5608; x_wconf 89' lang='lat' dir='ltr'><strong>muro</strong></span> <span class='ocrx_word' id='word_1_444' title='bbox 1252 5571 1317 5611; x_wconf 81' lang='lat' dir='ltr'><strong>ex</strong></span> <span class='ocrx_word' id='word_1_445' title='bbox 1356 5558 1638 5620; x_wconf 86' lang='lat' dir='ltr'><strong>adamante</strong></span> <span class='ocrx_word' id='word_1_446' title='bbox 1662 5567 1989 5637; x_wconf 83' lang='lat' dir='ltr'><strong>circumdata</strong></span> <span class='ocrx_word' id='word_1_447' title='bbox 2011 5617 2026 5643; x_wconf 93' lang='lat'><strong>,</strong></span> 
     </span>
    </p>
   </div>
   <div class='ocr_carea' id='block_1_57' title="bbox 449 5631 2026 5735">
    <p class='ocr_par' dir='ltr' id='par_1_57' title="bbox 449 5631 2026 5735">
     <span class='ocr_line' id='line_1_57' title="bbox 449 5631 2026 5735; baseline 0.023 -50"><span class='ocrx_word' id='word_1_448' title='bbox 449 5631 529 5686; x_wconf 83' lang='lat' dir='ltr'><strong>sic</strong></span> <span class='ocrx_word' id='word_1_449' title='bbox 550 5646 735 5692; x_wconf 85' lang='lat' dir='ltr'><strong>omnes</strong></span> <span class='ocrx_word' id='word_1_450' title='bbox 763 5639 880 5696; x_wconf 91' lang='lat' dir='ltr'><strong>illos</strong></span> <span class='ocrx_word' id='word_1_451' title='bbox 904 5655 1118 5712; x_wconf 90' lang='lat' dir='ltr'><strong>semper</strong></span> <span class='ocrx_word' id='word_1_452' title='bbox 1141 5645 1348 5711; x_wconf 88' lang='lat' dir='ltr'><strong>derisit,</strong></span> <span class='ocrx_word' id='word_1_453' title='bbox 1376 5659 1430 5705; x_wconf 90' lang='lat' dir='ltr'><strong>et</strong></span> <span class='ocrx_word' id='word_1_454' title='bbox 1454 5654 1674 5723; x_wconf 69' lang='lat' dir='ltr'><strong>regione</strong></span> <span class='ocrx_word' id='word_1_455' title='bbox 1701 5667 1808 5713; x_wconf 88' lang='lat' dir='ltr'><strong>tota</strong></span> <span class='ocrx_word' id='word_1_456' title='bbox 1828 5631 2026 5735; x_wconf 72' lang='lat' dir='ltr'><strong>deleta,</strong></span> 
     </span>
    </p>
   </div>
   <div class='ocr_carea' id='block_1_58' title="bbox 453 5721 2024 5828">
    <p class='ocr_par' dir='ltr' id='par_1_58' title="bbox 453 5721 2024 5828">
     <span class='ocr_line' id='line_1_58' title="bbox 453 5721 2024 5828; baseline 0.03 -59"><span class='ocrx_word' id='word_1_457' title='bbox 453 5721 583 5776; x_wconf 83' lang='lat' dir='ltr'><strong>nihil</strong></span> <span class='ocrx_word' id='word_1_458' title='bbox 611 5741 770 5795; x_wconf 76' lang='lat' dir='ltr'><strong>grave</strong></span> <span class='ocrx_word' id='word_1_459' title='bbox 798 5747 957 5803; x_wconf 85' lang='lat' dir='ltr'><strong>passa</strong></span> <span class='ocrx_word' id='word_1_460' title='bbox 984 5743 1086 5792; x_wconf 74' lang='lat' dir='ltr'><strong>est.</strong></span> <span class='ocrx_word' id='word_1_461' title='bbox 1114 5735 1223 5795; x_wconf 83' lang='lat' dir='ltr'><strong>Nec</strong></span> <span class='ocrx_word' id='word_1_462' title='bbox 1249 5738 1352 5797; x_wconf 88' lang='lat' dir='ltr'><strong>hoc</strong></span> <span class='ocrx_word' id='word_1_463' title='bbox 1375 5721 1547 5800; x_wconf 79' lang='lat' dir='ltr'><strong>solum</strong></span> <span class='ocrx_word' id='word_1_464' title='bbox 1574 5759 1655 5805; x_wconf 85' lang='lat' dir='ltr'><strong>est</strong></span> <span class='ocrx_word' id='word_1_465' title='bbox 1673 5721 2024 5828; x_wconf 62' lang='lat' dir='ltr'><strong>admirabile;</strong></span> 
     </span>
    </p>
   </div>
   <div class='ocr_carea' id='block_1_59' title="bbox 1293 348 3104 444">
    <p class='ocr_par' dir='ltr' id='par_1_59' title="bbox 1293 348 3104 444">
     <span class='ocr_line' id='line_1_59' title="bbox 1293 348 3104 444; baseline 0.021 -40"><span class='ocrx_word' id='word_1_466' title='bbox 1293 348 1349 404; x_wconf 90' lang='lat' dir='ltr'><strong>S.</strong></span> <span class='ocrx_word' id='word_1_467' title='bbox 1391 348 1669 408; x_wconf 78' lang='lat' dir='ltr'><strong>JOANNIS</strong></span> <span class='ocrx_word' id='word_1_468' title='bbox 1705 356 2180 419; x_wconf 75' lang='lat' dir='ltr'><strong>CHRYSOSTOMI</strong></span> <span class='ocrx_word' id='word_1_469' title='bbox 2217 364 2531 426; x_wconf 73' lang='lat' dir='ltr'><strong>AllCHlEP.</strong></span> <span class='ocrx_word' id='word_1_470' title='bbox 2572 376 3104 444; x_wconf 76' lang='lat' dir='ltr'><strong>CONSTANTINOP.</strong></span> 
     </span>
    </p>
   </div>
   <div class='ocr_carea' id='block_1_60' title="bbox 2222 758 3809 867">
    <p class='ocr_par' dir='ltr' id='par_1_60' title="bbox 2222 758 3809 867">
     <span class='ocr_line' id='line_1_60' title="bbox 2222 758 3809 867; baseline 0.032 -62"><span class='ocrx_word' id='word_1_471' title='bbox 2222 765 2353 807; x_wconf 78' lang='lat' dir='ltr'><strong>serto</strong></span> <span class='ocrx_word' id='word_1_472' title='bbox 2394 758 2559 814; x_wconf 69' lang='lat' dir='ltr'><strong>inveni</strong></span> <span class='ocrx_word' id='word_1_473' title='bbox 2602 762 2804 834; x_wconf 87' lang='lat' dir='ltr'><strong>Israel,</strong></span> <span class='ocrx_word' id='word_1_474' title='bbox 2834 781 2881 823; x_wconf 92' lang='lat' dir='ltr'><strong>et</strong></span> <span class='ocrx_word' id='word_1_475' title='bbox 2928 775 3056 828; x_wconf 84' lang='lat' dir='ltr'><strong>velut</strong></span> <span class='ocrx_word' id='word_1_476' title='bbox 3097 778 3299 849; x_wconf 83' lang='lat' dir='ltr'><strong>signum</strong></span> <span class='ocrx_word' id='word_1_477' title='bbox 3320 786 3337 816; x_wconf 78' lang='lat'>‘</span> <span class='ocrx_word' id='word_1_478' title='bbox 3367 786 3421 841; x_wconf 84' lang='lat' dir='ltr'><strong>in</strong></span> <span class='ocrx_word' id='word_1_479' title='bbox 3462 791 3565 858; x_wconf 76' lang='lat' dir='ltr'><strong>ﬁcu</strong></span> <span class='ocrx_word' id='word_1_480' title='bbox 3610 804 3809 867; x_wconf 72' lang='lat' dir='ltr'><strong>tmpo-</strong></span> 
     </span>
    </p>
   </div>
   <div class='ocr_carea' id='block_1_61' title="bbox 2219 852 3810 954">
    <p class='ocr_par' dir='ltr' id='par_1_61' title="bbox 2219 852 3810 954">
     <span class='ocr_line' id='line_1_61' title="bbox 2219 852 3810 954; baseline 0.033 -58"><span class='ocrx_word' id='word_1_481' title='bbox 2219 860 2430 903; x_wconf 83' lang='lat' dir='ltr'><strong>raneuut</strong></span> <span class='ocrx_word' id='word_1_482' title='bbox 2478 852 2581 908; x_wconf 77' lang='lat' dir='ltr'><strong>vidi</strong></span> <span class='ocrx_word' id='word_1_483' title='bbox 2619 868 2785 927; x_wconf 80' lang='lat' dir='ltr'><strong>patres</strong></span> <span class='ocrx_word' id='word_1_484' title='bbox 2822 863 3049 930; x_wconf 86' lang='lat' dir='ltr'><strong>ipsorum</strong></span> <span class='ocrx_word' id='word_1_485' title='bbox 3091 870 3257 942; x_wconf 82' lang='lat' dir='ltr'><strong>(Osee</strong></span> <span class='ocrx_word' id='word_1_486' title='bbox 3316 877 3370 935; x_wconf 86' lang='lat'><strong>9.</strong></span> <span class='ocrx_word' id='word_1_487' title='bbox 3419 852 3544 954; x_wconf 67' lang='lat' dir='ltr'><strong>ill).</strong></span> <span class='ocrx_word' id='word_1_488' title='bbox 3601 887 3669 943; x_wconf 88' lang='lat' dir='ltr'><strong>Et</strong></span> <span class='ocrx_word' id='word_1_489' title='bbox 3706 852 3810 948; x_wconf 76' lang='lat' dir='ltr'><strong>ite-</strong></span> 
     </span>
    </p>
   </div>
   <div class='ocr_carea' id='block_1_62' title="bbox 2220 940 3808 1038">
    <p class='ocr_par' dir='ltr' id='par_1_62' title="bbox 2220 940 3808 1038">
     <span class='ocr_line' id='line_1_62' title="bbox 2220 940 3808 1038; baseline 0.031 -49"><span class='ocrx_word' id='word_1_490' title='bbox 2220 951 2339 991; x_wconf 90' lang='lat' dir='ltr'><strong>rum</strong></span> <span class='ocrx_word' id='word_1_491' title='bbox 2382 940 2448 996; x_wconf 86' lang='lat' dir='ltr'><strong>de</strong></span> <span class='ocrx_word' id='word_1_492' title='bbox 2492 943 2604 1013; x_wconf 86' lang='lat' dir='ltr'><strong>ipsa</strong></span> <span class='ocrx_word' id='word_1_493' title='bbox 2651 949 2863 1007; x_wconf 77' lang='lat' dir='ltr'><strong>civitate</strong></span> <span class='ocrx_word' id='word_1_494' title='bbox 2895 970 2911 1008; x_wconf 89' lang='lat'><strong>:</strong></span> <span class='ocrx_word' id='word_1_495' title='bbox 2944 940 3109 1013; x_wconf 14' lang='lat' dir='ltr'><strong>Veluti</strong></span> <span class='ocrx_word' id='word_1_496' title='bbox 3128 979 3291 1033; x_wconf 85' lang='lat' dir='ltr'><strong>grana</strong></span> <span class='ocrx_word' id='word_1_497' title='bbox 3338 940 3575 1029; x_wconf 52' lang='lat' dir='ltr'><strong>alime&#39;in</strong></span> <span class='ocrx_word' id='word_1_498' title='bbox 3610 995 3808 1038; x_wconf 76' lang='lat' dir='ltr'><strong>summa</strong></span> 
     </span>
    </p>
   </div>
   <div class='ocr_carea' id='block_1_63' title="bbox 2217 1030 3805 1146">
    <p class='ocr_par' dir='ltr' id='par_1_63' title="bbox 2217 1030 3805 1146">
     <span class='ocr_line' id='line_1_63' title="bbox 2217 1030 3805 1146; baseline 0.016 -66"><span class='ocrx_word' id='word_1_499' title='bbox 2217 1030 2433 1097; x_wconf 68' lang='lat' dir='ltr'><strong>excelsi,</strong></span> <span class='ocrx_word' id='word_1_500' title='bbox 2475 1045 2521 1088; x_wconf 89' lang='lat' dir='ltr'><strong>et</strong></span> <span class='ocrx_word' id='word_1_501' title='bbox 2568 1037 2769 1107; x_wconf 80' lang='lat' dir='ltr'><strong>dicent,</strong></span> <span class='ocrx_word' id='word_1_502' title='bbox 2826 1044 2908 1100; x_wconf 86' lang='lat' dir='ltr'><strong>Ne</strong></span> <span class='ocrx_word' id='word_1_503' title='bbox 2933 1030 3145 1106; x_wconf 23' lang='lat' dir='ltr'><strong>noceas:</strong></span> <span class='ocrx_word' id='word_1_504' title='bbox 3168 1056 3293 1129; x_wconf 70' lang='lat' dir='ltr'><strong>ipsis</strong></span> <span class='ocrx_word' id='word_1_505' title='bbox 3344 1060 3366 1134; x_wconf 85' lang='lat'><strong>(</strong></span> <span class='ocrx_word' id='word_1_506' title='bbox 3385 1061 3515 1120; x_wconf 56' lang='grc' dir='ltr'><strong>καί,</strong></span> 
     </span>
     <span class='ocr_line' id='line_1_64' title="bbox 2217 1117 2865 1146; baseline 0 0"><span class='ocrx_word' id='word_1_507' title='bbox 2217 1117 2583 1146; x_wconf 39' lang='grc' dir='ltr'><strong>ν..........,μ,η</strong></span> <span class='ocrx_word' id='word_1_508' title='bbox 2632 1132 2663 1146; x_wconf 19' lang='grc' dir='ltr'><strong>ξ.</strong></span> <span class='ocrx_word' id='word_1_509' title='bbox 2707 1132 2738 1146; x_wconf 84' lang='lat'><strong>._</strong></span> <span class='ocrx_word' id='word_1_510' title='bbox 2832 1137 2865 1146; x_wconf 63' lang='grc' dir='ltr'><strong>λ</strong></span> 
     </span>
    </p>
   </div>
   <div class='ocr_carea' id='block_1_64' title="bbox 2217 1117 3800 1229">
    <p class='ocr_par' dir='ltr' id='par_1_64' title="bbox 2217 1117 3800 1229">
     <span class='ocr_line' id='line_1_65' title="bbox 2217 1117 3800 1229; baseline 0.033 -58"><span class='ocrx_word' id='word_1_511' title='bbox 2217 1117 2593 1183; x_wconf 77' lang='lat' dir='ltr'><strong>Verumtamen</strong></span> <span class='ocrx_word' id='word_1_512' title='bbox 2617 1132 2806 1189; x_wconf 86' lang='lat' dir='ltr'><strong>civitas</strong></span> <span class='ocrx_word' id='word_1_513' title='bbox 2831 1137 2940 1193; x_wconf 88' lang='lat' dir='ltr'><strong>Deo</strong></span> <span class='ocrx_word' id='word_1_514' title='bbox 2962 1155 3106 1208; x_wconf 80' lang='lat' dir='ltr'><strong>cara,</strong></span> <span class='ocrx_word' id='word_1_515' title='bbox 3123 1117 3201 1202; x_wconf 68' lang='lat' dir='ltr'><strong>tol</strong></span> <span class='ocrx_word' id='word_1_516' title='bbox 3226 1117 3402 1221; x_wconf 71' lang='lat' dir='ltr'><strong>elapsa</strong></span> <span class='ocrx_word' id='word_1_517' title='bbox 3431 1160 3679 1226; x_wconf 87' lang='lat' dir='ltr'><strong>periculis</strong></span> <span class='ocrx_word' id='word_1_518' title='bbox 3697 1206 3711 1229; x_wconf 92' lang='lat'><strong>,</strong></span> <span class='ocrx_word' id='word_1_519' title='bbox 3744 1117 3800 1223; x_wconf 64' lang='grc' dir='ltr'><strong>εἶ.</strong></span> 
     </span>
    </p>
   </div>
   <div class='ocr_carea' id='block_1_65' title="bbox 2210 1388 3793 1508">
    <p class='ocr_par' dir='ltr' id='par_1_65' title="bbox 2210 1388 3793 1508">
     <span class='ocr_line' id='line_1_66' title="bbox 2210 1388 3793 1508; baseline 0.03 -59"><span class='ocrx_word' id='word_1_520' title='bbox 2210 1394 2293 1450; x_wconf 86' lang='lat' dir='ltr'><strong>his</strong></span> <span class='ocrx_word' id='word_1_521' title='bbox 2315 1438 2331 1459; x_wconf 84' lang='lat'><strong>.</strong></span> <span class='ocrx_word' id='word_1_522' title='bbox 2365 1409 2420 1455; x_wconf 91' lang='lat' dir='ltr'><strong>et</strong></span> <span class='ocrx_word' id='word_1_523' title='bbox 2442 1405 2638 1473; x_wconf 70' lang='lat' dir='ltr'><strong>smpius</strong></span> <span class='ocrx_word' id='word_1_524' title='bbox 2666 1410 2781 1463; x_wconf 82' lang='lat' dir='ltr'><strong>solo</strong></span> <span class='ocrx_word' id='word_1_525' title='bbox 2803 1410 3109 1486; x_wconf 89' lang='lat' dir='ltr'><strong>juramento</strong></span> <span class='ocrx_word' id='word_1_526' title='bbox 3136 1388 3397 1496; x_wconf 72' lang='lat' dir='ltr'><strong>prostrata</strong></span> <span class='ocrx_word' id='word_1_527' title='bbox 3425 1441 3508 1487; x_wconf 81' lang='lat' dir='ltr'><strong>est</strong></span> <span class='ocrx_word' id='word_1_528' title='bbox 3533 1451 3549 1489; x_wconf 88' lang='lat'><strong>:</strong></span> <span class='ocrx_word' id='word_1_529' title='bbox 3577 1446 3631 1490; x_wconf 92' lang='lat' dir='ltr'><strong>et</strong></span> <span class='ocrx_word' id='word_1_530' title='bbox 3656 1388 3793 1508; x_wconf 67' lang='lat' dir='ltr'><strong>quo:</strong></span> 
     </span>
    </p>
   </div>
   <div class='ocr_carea' id='block_1_66' title="bbox 2215 1491 3792 1601">
    <p class='ocr_par' dir='ltr' id='par_1_66' title="bbox 2215 1491 3792 1601">
     <span class='ocr_line' id='line_1_67' title="bbox 2215 1491 3792 1601; baseline 0.03 -59"><span class='ocrx_word' id='word_1_531' title='bbox 2215 1491 2378 1589; x_wconf 77' lang='lat' dir='ltr'><strong>modo</strong></span> <span class='ocrx_word' id='word_1_532' title='bbox 2410 1494 2462 1549; x_wconf 92' lang='lat' dir='ltr'><strong>id</strong></span> <span class='ocrx_word' id='word_1_533' title='bbox 2493 1495 2697 1601; x_wconf 72' lang='lat' dir='ltr'><strong>fuerit,</strong></span> <span class='ocrx_word' id='word_1_534' title='bbox 2728 1504 2922 1562; x_wconf 88' lang='lat' dir='ltr'><strong>dicam.</strong></span> <span class='ocrx_word' id='word_1_535' title='bbox 2965 1510 3087 1568; x_wconf 85' lang='lat' dir='ltr'><strong>Fuit</strong></span> <span class='ocrx_word' id='word_1_536' title='bbox 3112 1491 3325 1586; x_wconf 83' lang='lat' dir='ltr'><strong>quidam</strong></span> <span class='ocrx_word' id='word_1_537' title='bbox 3363 1520 3619 1586; x_wconf 87' lang='lat' dir='ltr'><strong>Sedecias</strong></span> <span class='ocrx_word' id='word_1_538' title='bbox 3647 1491 3792 1601; x_wconf 55' lang='lat' dir='ltr'><strong>{ptio</strong></span> 
     </span>
    </p>
   </div>
   <div class='ocr_carea' id='block_1_67' title="bbox 2209 1577 3785 1677">
    <p class='ocr_par' dir='ltr' id='par_1_67' title="bbox 2209 1577 3785 1677">
     <span class='ocr_line' id='line_1_68' title="bbox 2209 1577 3785 1677; baseline 0.031 -47"><span class='ocrx_word' id='word_1_539' title='bbox 2209 1577 2351 1647; x_wconf 83' lang='lat' dir='ltr'><strong>ipsos</strong></span> <span class='ocrx_word' id='word_1_540' title='bbox 2391 1598 2483 1639; x_wconf 77' lang='lat' dir='ltr'><strong>rex</strong></span> <span class='ocrx_word' id='word_1_541' title='bbox 2515 1603 2530 1639; x_wconf 89' lang='lat'>:</span> <span class='ocrx_word' id='word_1_542' title='bbox 2562 1587 2649 1644; x_wconf 89' lang='lat' dir='ltr'><strong>hic</strong></span> <span class='ocrx_word' id='word_1_543' title='bbox 2691 1593 2941 1653; x_wconf 89' lang='lat' dir='ltr'><strong>Sedecias</strong></span> <span class='ocrx_word' id='word_1_544' title='bbox 2969 1577 3325 1671; x_wconf 69' lang='lat' dir='ltr'><strong>juranientum</strong></span> <span class='ocrx_word' id='word_1_545' title='bbox 3350 1614 3498 1670; x_wconf 83' lang='lat' dir='ltr'><strong>dedit</strong></span> <span class='ocrx_word' id='word_1_546' title='bbox 3525 1577 3785 1677; x_wconf 58' lang='lat' dir='ltr'><strong>barbaro-</strong></span> 
     </span>
    </p>
   </div>
   <div class='ocr_carea' id='block_1_68' title="bbox 2204 1678 3787 1774">
    <p class='ocr_par' dir='ltr' id='par_1_68' title="bbox 2204 1678 3787 1774">
     <span class='ocr_line' id='line_1_69' title="bbox 2204 1678 3787 1774; baseline 0.032 -52"><span class='ocrx_word' id='word_1_547' title='bbox 2204 1685 2320 1727; x_wconf 91' lang='lat' dir='ltr'><strong>rum</strong></span> <span class='ocrx_word' id='word_1_548' title='bbox 2364 1678 2474 1746; x_wconf 84' lang='lat' dir='ltr'><strong>regi</strong></span> <span class='ocrx_word' id='word_1_549' title='bbox 2510 1678 3030 1761; x_wconf 74' lang='lat' dir='ltr'><strong>Nabuchodonosor,</strong></span> <span class='ocrx_word' id='word_1_550' title='bbox 3078 1711 3138 1753; x_wconf 90' lang='lat' dir='ltr'><strong>se</strong></span> <span class='ocrx_word' id='word_1_551' title='bbox 3180 1700 3232 1753; x_wconf 91' lang='lat' dir='ltr'><strong>in</strong></span> <span class='ocrx_word' id='word_1_552' title='bbox 3272 1703 3434 1771; x_wconf 88' lang='lat' dir='ltr'><strong>ipsius</strong></span> <span class='ocrx_word' id='word_1_553' title='bbox 3473 1715 3787 1774; x_wconf 88' lang='lat' dir='ltr'><strong>commilitio</strong></span> 
     </span>
    </p>
   </div>
   <div class='ocr_carea' id='block_1_69' title="bbox 2204 1778 3783 1876">
    <p class='ocr_par' dir='ltr' id='par_1_69' title="bbox 2204 1778 3783 1876">
     <span class='ocr_line' id='line_1_70' title="bbox 2204 1778 3783 1876; baseline 0.032 -63"><span class='ocrx_word' id='word_1_554' title='bbox 2204 1778 2607 1876; x_wconf 59' lang='lat' dir='ltr'><strong>permpnsurum</strong></span> <span class='ocrx_word' id='word_1_555' title='bbox 2635 1790 2649 1826; x_wconf 88' lang='lat'><strong><em>:</em></strong></span> <span class='ocrx_word' id='word_1_556' title='bbox 2682 1790 2865 1845; x_wconf 88' lang='lat' dir='ltr'><strong>postea</strong></span> <span class='ocrx_word' id='word_1_557' title='bbox 2907 1783 3100 1843; x_wconf 83' lang='lat' dir='ltr'><strong>defecit</strong></span> <span class='ocrx_word' id='word_1_558' title='bbox 3144 1800 3199 1845; x_wconf 90' lang='lat' dir='ltr'><strong>et</strong></span> <span class='ocrx_word' id='word_1_559' title='bbox 3233 1793 3301 1847; x_wconf 86' lang='lat' dir='ltr'><strong>ad</strong></span> <span class='ocrx_word' id='word_1_560' title='bbox 3348 1796 3562 1871; x_wconf 71' lang='lat' dir='ltr'><strong>IEgypti</strong></span> <span class='ocrx_word' id='word_1_561' title='bbox 3603 1820 3783 1876; x_wconf 83' lang='lat' dir='ltr'><strong>regem</strong></span> 
     </span>
    </p>
   </div>
   <div class='ocr_carea' id='block_1_70' title="bbox 2200 1853 3783 1962">
    <p class='ocr_par' dir='ltr' id='par_1_70' title="bbox 2200 1853 3783 1962">
     <span class='ocr_line' id='line_1_71' title="bbox 2200 1853 3783 1962; baseline 0.032 -59"><span class='ocrx_word' id='word_1_562' title='bbox 2200 1853 2507 1926; x_wconf 79' lang='lat' dir='ltr'><strong>transfugit,</strong></span> <span class='ocrx_word' id='word_1_563' title='bbox 2535 1860 2836 1928; x_wconf 86' lang='lat' dir='ltr'><strong>juramenta</strong></span> <span class='ocrx_word' id='word_1_564' title='bbox 2867 1873 3015 1939; x_wconf 90' lang='lat' dir='ltr'><strong>parvi</strong></span> <span class='ocrx_word' id='word_1_565' title='bbox 3038 1879 3278 1946; x_wconf 84' lang='lat' dir='ltr'><strong>pendens</strong></span> <span class='ocrx_word' id='word_1_566' title='bbox 3302 1923 3317 1949; x_wconf 91' lang='lat'><strong>,</strong></span> <span class='ocrx_word' id='word_1_567' title='bbox 3346 1896 3403 1939; x_wconf 89' lang='lat' dir='ltr'><strong>et</strong></span> <span class='ocrx_word' id='word_1_568' title='bbox 3418 1853 3567 1945; x_wconf 53' lang='lat' dir='ltr'><strong>Errata</strong></span> <span class='ocrx_word' id='word_1_569' title='bbox 3595 1853 3783 1962; x_wconf 55' lang='lat' dir='ltr'><strong>passus</strong></span> 
     </span>
    </p>
   </div>
   <div class='ocr_carea' id='block_1_71' title="bbox 2197 1952 3781 2045">
    <p class='ocr_par' dir='ltr' id='par_1_71' title="bbox 2197 1952 3781 2045">
     <span class='ocr_line' id='line_1_72' title="bbox 2197 1952 3781 2045; baseline 0.032 -51"><span class='ocrx_word' id='word_1_570' title='bbox 2197 1952 2276 1996; x_wconf 83' lang='lat' dir='ltr'><strong>est</strong></span> <span class='ocrx_word' id='word_1_571' title='bbox 2302 1984 2319 2011; x_wconf 92' lang='lat'><strong>,</strong></span> <span class='ocrx_word' id='word_1_572' title='bbox 2361 1958 2557 2016; x_wconf 84' lang='lat' dir='ltr'><strong>quanta</strong></span> <span class='ocrx_word' id='word_1_573' title='bbox 2596 1957 2774 2011; x_wconf 87' lang='lat' dir='ltr'><strong>statim</strong></span> <span class='ocrx_word' id='word_1_574' title='bbox 2808 1962 3054 2020; x_wconf 89' lang='lat' dir='ltr'><strong>audietis.</strong></span> <span class='ocrx_word' id='word_1_575' title='bbox 3085 1967 3238 2024; x_wconf 89' lang='lat' dir='ltr'><strong>Prius</strong></span> <span class='ocrx_word' id='word_1_576' title='bbox 3264 1987 3391 2029; x_wconf 89' lang='lat' dir='ltr'><strong>vero</strong></span> <span class='ocrx_word' id='word_1_577' title='bbox 3419 1987 3781 2045; x_wconf 86' lang='lat' dir='ltr'><strong>necessarium</strong></span> 
     </span>
    </p>
   </div>
   <div class='ocr_carea' id='block_1_72' title="bbox 2194 2040 3780 2137">
    <p class='ocr_par' dir='ltr' id='par_1_72' title="bbox 2194 2040 3780 2137">
     <span class='ocr_line' id='line_1_73' title="bbox 2194 2040 3780 2137; baseline 0.031 -51"><span class='ocrx_word' id='word_1_578' title='bbox 2194 2047 2277 2087; x_wconf 87' lang='lat' dir='ltr'><strong>est</strong></span> <span class='ocrx_word' id='word_1_579' title='bbox 2308 2040 2579 2108; x_wconf 66' lang='lat' dir='ltr'><strong>prophetae</strong></span> <span class='ocrx_word' id='word_1_580' title='bbox 2607 2049 2908 2114; x_wconf 87' lang='lat' dir='ltr'><strong>parabolam</strong></span> <span class='ocrx_word' id='word_1_581' title='bbox 2935 2054 3133 2127; x_wconf 90' lang='lat' dir='ltr'><strong>dicere,</strong></span> <span class='ocrx_word' id='word_1_582' title='bbox 3164 2076 3260 2131; x_wconf 88' lang='lat' dir='ltr'><strong>per</strong></span> <span class='ocrx_word' id='word_1_583' title='bbox 3278 2081 3434 2134; x_wconf 86' lang='lat' dir='ltr'><strong>quam</strong></span> <span class='ocrx_word' id='word_1_584' title='bbox 3462 2071 3578 2128; x_wconf 49' lang='lat' dir='ltr'><strong>base</strong></span> <span class='ocrx_word' id='word_1_585' title='bbox 3601 2040 3780 2137; x_wconf 64' lang='lat' dir='ltr'><strong>omnia</strong></span> 
     </span>
    </p>
   </div>
   <div class='ocr_carea' id='block_1_73' title="bbox 2191 2126 3779 2225">
    <p class='ocr_par' dir='ltr' id='par_1_73' title="bbox 2191 2126 3779 2225">
     <span class='ocr_line' id='line_1_74' title="bbox 2191 2126 3779 2225; baseline 0.028 -45"><span class='ocrx_word' id='word_1_586' title='bbox 2191 2126 2529 2196; x_wconf 76' lang='lat' dir='ltr'><strong>signiﬁcavit.</strong></span> <span class='ocrx_word' id='word_1_587' title='bbox 2562 2135 2779 2193; x_wconf 84' lang='lat' dir='ltr'><strong>Factum</strong></span> <span class='ocrx_word' id='word_1_588' title='bbox 2806 2152 2878 2196; x_wconf 88' lang='lat' dir='ltr'><strong>est</strong></span> <span class='ocrx_word' id='word_1_589' title='bbox 2902 2126 3123 2215; x_wconf 77' lang='lat' dir='ltr'><strong>verbum,</strong></span> <span class='ocrx_word' id='word_1_590' title='bbox 3156 2126 3345 2223; x_wconf 72' lang='lat' dir='ltr'><strong>inquit,</strong></span> <span class='ocrx_word' id='word_1_591' title='bbox 3376 2126 3586 2218; x_wconf 70' lang='lat' dir='ltr'><strong>Domni</strong></span> <span class='ocrx_word' id='word_1_592' title='bbox 3608 2168 3678 2220; x_wconf 87' lang='lat' dir='ltr'><strong>ad</strong></span> <span class='ocrx_word' id='word_1_593' title='bbox 3699 2187 3779 2225; x_wconf 80' lang='lat' dir='ltr'><strong>me</strong></span> 
     </span>
    </p>
   </div>
   <div class='ocr_carea' id='block_1_74' title="bbox 2193 2218 3776 2328">
    <p class='ocr_par' dir='ltr' id='par_1_74' title="bbox 2193 2218 3776 2328">
     <span class='ocr_line' id='line_1_75' title="bbox 2193 2218 3776 2328; baseline 0.03 -60"><span class='ocrx_word' id='word_1_594' title='bbox 2193 2218 2366 2275; x_wconf 84' lang='lat' dir='ltr'><strong>dicens</strong></span> <span class='ocrx_word' id='word_1_595' title='bbox 2394 2238 2413 2277; x_wconf 88' lang='lat'><strong><em>:</em></strong></span> <span class='ocrx_word' id='word_1_596' title='bbox 2437 2223 2546 2279; x_wconf 85' lang='lat' dir='ltr'><strong>Fili</strong></span> <span class='ocrx_word' id='word_1_597' title='bbox 2566 2228 2783 2286; x_wconf 76' lang='lat' dir='ltr'><strong>hominis</strong></span> <span class='ocrx_word' id='word_1_598' title='bbox 2800 2274 2814 2297; x_wconf 93' lang='lat'><strong>,</strong></span> <span class='ocrx_word' id='word_1_599' title='bbox 2844 2251 2999 2292; x_wconf 87' lang='lat' dir='ltr'><strong>narra</strong></span> <span class='ocrx_word' id='word_1_600' title='bbox 3030 2248 3368 2302; x_wconf 87' lang='lat' dir='ltr'><strong>narrationem</strong></span> <span class='ocrx_word' id='word_1_601' title='bbox 3390 2290 3406 2317; x_wconf 92' lang='lat'><strong>,</strong></span> <span class='ocrx_word' id='word_1_602' title='bbox 3438 2262 3485 2306; x_wconf 90' lang='lat' dir='ltr'><strong>et</strong></span> <span class='ocrx_word' id='word_1_603' title='bbox 3513 2255 3596 2310; x_wconf 84' lang='lat' dir='ltr'><strong>dic</strong></span> <span class='ocrx_word' id='word_1_604' title='bbox 3623 2276 3776 2328; x_wconf 84' lang='lat' dir='ltr'><strong>para-</strong></span> 
     </span>
     <span class='ocr_line' id='line_1_76' title="bbox 2193 2308 2774 2328; baseline 0.029 0"><span class='ocrx_word' id='word_1_605' title='bbox 2193 2308 2272 2328; x_wconf 75' lang='grc' dir='ltr'><strong>ι-ι</strong></span> <span class='ocrx_word' id='word_1_606' title='bbox 2473 2326 2479 2328; x_wconf 97' lang='grc'><strong>-</strong></span> <span class='ocrx_word' id='word_1_607' title='bbox 2532 2318 2560 2328; x_wconf 93' lang='lat'><strong>--</strong></span> <span class='ocrx_word' id='word_1_608' title='bbox 2733 2322 2774 2328; x_wconf 76' lang='grc'><strong>’-</strong></span> 
     </span>
    </p>
   </div>
   <div class='ocr_carea' id='block_1_75' title="bbox 2187 2308 3774 2419">
    <p class='ocr_par' dir='ltr' id='par_1_75' title="bbox 2187 2308 3774 2419">
     <span class='ocr_line' id='line_1_77' title="bbox 2187 2308 3774 2419; baseline 0.029 -59"><span class='ocrx_word' id='word_1_609' title='bbox 2187 2308 2354 2365; x_wconf 85' lang='lat' dir='ltr'><strong>belam</strong></span> <span class='ocrx_word' id='word_1_610' title='bbox 2375 2353 2389 2375; x_wconf 91' lang='lat'><strong>,</strong></span> <span class='ocrx_word' id='word_1_611' title='bbox 2431 2326 2479 2368; x_wconf 87' lang='lat' dir='ltr'><strong>et</strong></span> <span class='ocrx_word' id='word_1_612' title='bbox 2506 2318 2640 2374; x_wconf 80' lang='lat' dir='ltr'><strong>dices</strong></span> <span class='ocrx_word' id='word_1_613' title='bbox 2664 2340 2679 2376; x_wconf 85' lang='lat'><strong>:</strong></span> <span class='ocrx_word' id='word_1_614' title='bbox 2721 2322 2848 2378; x_wconf 82' lang='lat' dir='ltr'><strong>Ha&#39;c</strong></span> <span class='ocrx_word' id='word_1_615' title='bbox 2887 2328 3009 2383; x_wconf 82' lang='lat' dir='ltr'><strong>dicit</strong></span> <span class='ocrx_word' id='word_1_616' title='bbox 3039 2333 3242 2390; x_wconf 78' lang='grc' dir='ltr'><strong>Δάοηαὶ</strong></span> <span class='ocrx_word' id='word_1_617' title='bbox 3271 2308 3517 2399; x_wconf 62' lang='lat' dir='ltr'><strong>Dominus</strong></span> <span class='ocrx_word' id='word_1_618' title='bbox 3543 2308 3774 2419; x_wconf 21' lang='lat' dir='ltr'><strong>:vArqu-ila</strong></span> 
     </span>
    </p>
   </div>
   <div class='ocr_carea' id='block_1_76' title="bbox 2183 2405 3771 2507">
    <p class='ocr_par' dir='ltr' id='par_1_76' title="bbox 2183 2405 3771 2507">
     <span class='ocr_line' id='line_1_78' title="bbox 2183 2405 3771 2507; baseline 0.028 -55"><span class='ocrx_word' id='word_1_619' title='bbox 2183 2405 2409 2471; x_wconf 85' lang='lat' dir='ltr'><strong>grandis,</strong></span> <span class='ocrx_word' id='word_1_620' title='bbox 2436 2424 2733 2479; x_wconf 83' lang='lat' dir='ltr'><strong>magnarum</strong></span> <span class='ocrx_word' id='word_1_621' title='bbox 2753 2417 2973 2486; x_wconf 82' lang='lat' dir='ltr'><strong>alarum,</strong></span> <span class='ocrx_word' id='word_1_622' title='bbox 2995 2423 3146 2492; x_wconf 74' lang='lat' dir='ltr'><strong>longa</strong></span> <span class='ocrx_word' id='word_1_623' title='bbox 3170 2434 3476 2502; x_wconf 70' lang='lat' dir='ltr'><strong>extensione,</strong></span> <span class='ocrx_word' id='word_1_624' title='bbox 3504 2439 3653 2507; x_wconf 71' lang='lat' dir='ltr'><strong>piena</strong></span> <span class='ocrx_word' id='word_1_625' title='bbox 3676 2459 3771 2496; x_wconf 81' lang='lat' dir='ltr'><strong>un-</strong></span> 
     </span>
    </p>
   </div>
   <div class='ocr_carea' id='block_1_77' title="bbox 2181 2493 3767 2597">
    <p class='ocr_par' dir='ltr' id='par_1_77' title="bbox 2181 2493 3767 2597">
     <span class='ocr_line' id='line_1_79' title="bbox 2181 2493 3767 2597; baseline 0.028 -54"><span class='ocrx_word' id='word_1_626' title='bbox 2181 2493 2363 2561; x_wconf 85' lang='lat' dir='ltr'><strong>guibus</strong></span> <span class='ocrx_word' id='word_1_627' title='bbox 2394 2499 2616 2569; x_wconf 76' lang='lat' dir='ltr'><strong>(Ezech.</strong></span> <span class='ocrx_word' id='word_1_628' title='bbox 2648 2506 2734 2560; x_wconf 84' lang='grc'><strong>17.</strong></span> <span class='ocrx_word' id='word_1_629' title='bbox 2768 2510 2864 2563; x_wconf 78' lang='grc'><strong>1-5</strong></span> <span class='ocrx_word' id='word_1_630' title='bbox 2887 2510 2932 2579; x_wconf 92' lang='grc'><strong>).</strong></span> <span class='ocrx_word' id='word_1_631' title='bbox 2964 2516 3206 2582; x_wconf 80' lang='lat' dir='ltr'><strong>Aquilam</strong></span> <span class='ocrx_word' id='word_1_632' title='bbox 3240 2520 3326 2577; x_wconf 91' lang='lat' dir='ltr'><strong>hic</strong></span> <span class='ocrx_word' id='word_1_633' title='bbox 3354 2493 3767 2597; x_wconf 65' lang='lat' dir='ltr'><strong>Babyloniorum</strong></span> 
     </span>
    </p>
   </div>
   <div class='ocr_carea' id='block_1_78' title="bbox 2182 2593 3766 2689">
    <p class='ocr_par' dir='ltr' id='par_1_78' title="bbox 2182 2593 3766 2689">
     <span class='ocr_line' id='line_1_80' title="bbox 2182 2593 3766 2689; baseline 0.027 -53"><span class='ocrx_word' id='word_1_634' title='bbox 2182 2598 2363 2653; x_wconf 83' lang='lat' dir='ltr'><strong>regem</strong></span> <span class='ocrx_word' id='word_1_635' title='bbox 2394 2593 2601 2649; x_wconf 84' lang='lat' dir='ltr'><strong>vocavit</strong></span> <span class='ocrx_word' id='word_1_636' title='bbox 2630 2611 2642 2646; x_wconf 93' lang='lat'>:</span> <span class='ocrx_word' id='word_1_637' title='bbox 2670 2611 2915 2667; x_wconf 82' lang='lat' dir='ltr'><strong>magnam</strong></span> <span class='ocrx_word' id='word_1_638' title='bbox 2953 2613 3131 2660; x_wconf 86' lang='lat' dir='ltr'><strong>autem</strong></span> <span class='ocrx_word' id='word_1_639' title='bbox 3173 2609 3341 2678; x_wconf 87' lang='lat' dir='ltr'><strong>ipsam</strong></span> <span class='ocrx_word' id='word_1_640' title='bbox 3368 2623 3424 2669; x_wconf 88' lang='lat' dir='ltr'><strong>et</strong></span> <span class='ocrx_word' id='word_1_641' title='bbox 3450 2593 3766 2689; x_wconf 81' lang='lat' dir='ltr'><strong>magnarum</strong></span> 
     </span>
    </p>
   </div>
   <div class='ocr_carea' id='block_1_79' title="bbox 2179 2676 3765 2780">
    <p class='ocr_par' dir='ltr' id='par_1_79' title="bbox 2179 2676 3765 2780">
     <span class='ocr_line' id='line_1_81' title="bbox 2179 2676 3765 2780; baseline 0.028 -54"><span class='ocrx_word' id='word_1_642' title='bbox 2179 2676 2381 2733; x_wconf 87' lang='lat' dir='ltr'><strong>alarum</strong></span> <span class='ocrx_word' id='word_1_643' title='bbox 2410 2680 2581 2753; x_wconf 81' lang='lat' dir='ltr'><strong>dixit,</strong></span> <span class='ocrx_word' id='word_1_644' title='bbox 2612 2696 2668 2742; x_wconf 90' lang='lat' dir='ltr'><strong>et</strong></span> <span class='ocrx_word' id='word_1_645' title='bbox 2702 2689 2913 2763; x_wconf 84' lang='lat' dir='ltr'><strong>longam</strong></span> <span class='ocrx_word' id='word_1_646' title='bbox 2948 2676 3265 2758; x_wconf 81' lang='lat' dir='ltr'><strong>extensione</strong></span> <span class='ocrx_word' id='word_1_647' title='bbox 3306 2676 3624 2780; x_wconf 67' lang='lat' dir='ltr'><strong>plenamque</strong></span> <span class='ocrx_word' id='word_1_648' title='bbox 3663 2732 3765 2770; x_wconf 81' lang='lat' dir='ltr'><strong>un-</strong></span> 
     </span>
    </p>
   </div>
   <div class='ocr_carea' id='block_1_80' title="bbox 2175 2768 3764 2862">
    <p class='ocr_par' dir='ltr' id='par_1_80' title="bbox 2175 2768 3764 2862">
     <span class='ocr_line' id='line_1_82' title="bbox 2175 2768 3764 2862; baseline 0.029 -47"><span class='ocrx_word' id='word_1_649' title='bbox 2175 2768 2367 2835; x_wconf 81' lang='lat' dir='ltr'><strong>guibus</strong></span> <span class='ocrx_word' id='word_1_650' title='bbox 2398 2775 2725 2847; x_wconf 82' lang='lat' dir='ltr'><strong>nominavit,</strong></span> <span class='ocrx_word' id='word_1_651' title='bbox 2753 2793 2970 2856; x_wconf 85' lang='lat' dir='ltr'><strong>propter</strong></span> <span class='ocrx_word' id='word_1_652' title='bbox 2996 2792 3264 2848; x_wconf 83' lang='lat' dir='ltr'><strong>exercitus</strong></span> <span class='ocrx_word' id='word_1_653' title='bbox 3292 2768 3683 2858; x_wconf 76' lang='lat' dir='ltr'><strong>multitudinem</strong></span> <span class='ocrx_word' id='word_1_654' title='bbox 3711 2817 3764 2862; x_wconf 77' lang='lat' dir='ltr'><strong>et</strong></span> 
     </span>
    </p>
   </div>
   <div class='ocr_carea' id='block_1_81' title="bbox 2174 2860 3757 2962">
    <p class='ocr_par' dir='ltr' id='par_1_81' title="bbox 2174 2860 3757 2962">
     <span class='ocr_line' id='line_1_83' title="bbox 2174 2860 3757 2962; baseline 0.026 -52"><span class='ocrx_word' id='word_1_655' title='bbox 2174 2860 2593 2928; x_wconf 86' lang='lat' dir='ltr'><strong>magnitudinem</strong></span> <span class='ocrx_word' id='word_1_656' title='bbox 2630 2874 2880 2938; x_wconf 73' lang='lat' dir='ltr'><strong>potentiae</strong></span> <span class='ocrx_word' id='word_1_657' title='bbox 2917 2885 2974 2931; x_wconf 88' lang='lat' dir='ltr'><strong>et</strong></span> <span class='ocrx_word' id='word_1_658' title='bbox 3013 2879 3333 2940; x_wconf 87' lang='lat' dir='ltr'><strong>incursionis</strong></span> <span class='ocrx_word' id='word_1_659' title='bbox 3373 2890 3757 2962; x_wconf 75' lang='lat' dir='ltr'><strong>Velocitatem;</strong></span> 
     </span>
    </p>
   </div>
   <div class='ocr_carea' id='block_1_82' title="bbox 2173 2947 3761 3049">
    <p class='ocr_par' dir='ltr' id='par_1_82' title="bbox 2173 2947 3761 3049">
     <span class='ocr_line' id='line_1_84' title="bbox 2173 2947 3761 3049; baseline 0.026 -48"><span class='ocrx_word' id='word_1_660' title='bbox 2173 2947 2313 3004; x_wconf 85' lang='lat' dir='ltr'><strong>sicut</strong></span> <span class='ocrx_word' id='word_1_661' title='bbox 2355 2955 2495 3009; x_wconf 89' lang='lat' dir='ltr'><strong>enim</strong></span> <span class='ocrx_word' id='word_1_662' title='bbox 2538 2959 2730 3028; x_wconf 83' lang='lat' dir='ltr'><strong>aquilis</strong></span> <span class='ocrx_word' id='word_1_663' title='bbox 2785 2975 2911 3020; x_wconf 85' lang='lat' dir='ltr'><strong>sunt</strong></span> <span class='ocrx_word' id='word_1_664' title='bbox 2960 2967 3061 3023; x_wconf 76' lang='lat' dir='ltr'><strong>ala:</strong></span> <span class='ocrx_word' id='word_1_665' title='bbox 3112 2981 3167 3026; x_wconf 93' lang='lat' dir='ltr'><strong>et</strong></span> <span class='ocrx_word' id='word_1_666' title='bbox 3213 2990 3413 3047; x_wconf 81' lang='lat' dir='ltr'><strong>ungues</strong></span> <span class='ocrx_word' id='word_1_667' title='bbox 3453 2995 3639 3049; x_wconf 82' lang='lat' dir='ltr'><strong>arma,</strong></span> <span class='ocrx_word' id='word_1_668' title='bbox 3678 2986 3761 3042; x_wconf 87' lang='lat' dir='ltr'><strong>sio</strong></span> 
     </span>
    </p>
   </div>
   <div class='ocr_carea' id='block_1_83' title="bbox 2172 3038 3747 3138">
    <p class='ocr_par' dir='ltr' id='par_1_83' title="bbox 2172 3038 3747 3138">
     <span class='ocr_line' id='line_1_85' title="bbox 2172 3038 3747 3138; baseline 0.024 -48"><span class='ocrx_word' id='word_1_669' title='bbox 2172 3038 2368 3094; x_wconf 87' lang='lat' dir='ltr'><strong>milites</strong></span> <span class='ocrx_word' id='word_1_670' title='bbox 2394 3044 2606 3115; x_wconf 84' lang='lat' dir='ltr'><strong>regibus</strong></span> <span class='ocrx_word' id='word_1_671' title='bbox 2631 3057 2686 3104; x_wconf 91' lang='lat' dir='ltr'><strong>et</strong></span> <span class='ocrx_word' id='word_1_672' title='bbox 2711 3052 2853 3121; x_wconf 87' lang='lat' dir='ltr'><strong>equi.</strong></span> <span class='ocrx_word' id='word_1_673' title='bbox 2883 3053 3010 3111; x_wconf 65' lang='lat' dir='ltr'><strong>Haec</strong></span> <span class='ocrx_word' id='word_1_674' title='bbox 3036 3058 3196 3128; x_wconf 84' lang='lat' dir='ltr'><strong>igitur</strong></span> <span class='ocrx_word' id='word_1_675' title='bbox 3218 3038 3394 3133; x_wconf 72' lang='lat' dir='ltr'><strong>aquila</strong></span> <span class='ocrx_word' id='word_1_676' title='bbox 3429 3066 3591 3124; x_wconf 83' lang='lat' dir='ltr'><strong>Habet</strong></span> <span class='ocrx_word' id='word_1_677' title='bbox 3612 3038 3638 3138; x_wconf 43' lang='lat'><strong>,&#39;</strong></span> <span class='ocrx_word' id='word_1_678' title='bbox 3663 3038 3747 3127; x_wconf 46' lang='lat' dir='ltr'><strong>in:</strong></span> 
     </span>
    </p>
   </div>
   <div class='ocr_carea' id='block_1_84' title="bbox 2170 3131 3752 3233">
    <p class='ocr_par' dir='ltr' id='par_1_84' title="bbox 2170 3131 3752 3233">
     <span class='ocr_line' id='line_1_86' title="bbox 2170 3131 3752 3233; baseline 0.025 -50"><span class='ocrx_word' id='word_1_679' title='bbox 2170 3131 2321 3199; x_wconf 91' lang='lat' dir='ltr'><strong>quit,</strong></span> <span class='ocrx_word' id='word_1_680' title='bbox 2352 3135 2559 3191; x_wconf 86' lang='lat' dir='ltr'><strong>ductum</strong></span> <span class='ocrx_word' id='word_1_681' title='bbox 2582 3142 2809 3198; x_wconf 86' lang='lat' dir='ltr'><strong>intrandi</strong></span> <span class='ocrx_word' id='word_1_682' title='bbox 2844 3146 2897 3200; x_wconf 86' lang='lat' dir='ltr'><strong>in</strong></span> <span class='ocrx_word' id='word_1_683' title='bbox 2930 3146 3179 3206; x_wconf 82' lang='lat' dir='ltr'><strong>Libanum</strong></span> <span class='ocrx_word' id='word_1_684' title='bbox 3208 3131 3370 3223; x_wconf 81' lang='lat' dir='ltr'><strong>(Ibid.</strong></span> <span class='ocrx_word' id='word_1_685' title='bbox 3424 3174 3472 3214; x_wconf 80' lang='grc' dir='ltr'><strong>υ.</strong></span> <span class='ocrx_word' id='word_1_686' title='bbox 3504 3161 3582 3233; x_wconf 77' lang='lat'><strong>3).</strong></span> <span class='ocrx_word' id='word_1_687' title='bbox 3611 3131 3752 3232; x_wconf 54' lang='lat' dir='ltr'><strong>Quid</strong></span> 
     </span>
    </p>
   </div>
   <div class='ocr_carea' id='block_1_85' title="bbox 2167 3223 3751 3314">
    <p class='ocr_par' dir='ltr' id='par_1_85' title="bbox 2167 3223 3751 3314">
     <span class='ocr_line' id='line_1_87' title="bbox 2167 3223 3751 3314; baseline 0.023 -37"><span class='ocrx_word' id='word_1_688' title='bbox 2167 3232 2269 3291; x_wconf 89' lang='lat' dir='ltr'><strong>est,</strong></span> <span class='ocrx_word' id='word_1_689' title='bbox 2301 3223 2520 3282; x_wconf 85' lang='lat' dir='ltr'><strong>Ductum</strong></span> <span class='ocrx_word' id='word_1_690' title='bbox 2544 3230 2570 3283; x_wconf 83' lang='lat'><strong><em>?</em></strong></span> <span class='ocrx_word' id='word_1_691' title='bbox 2599 3230 2912 3303; x_wconf 88' lang='lat' dir='ltr'><strong>Consilium,</strong></span> <span class='ocrx_word' id='word_1_692' title='bbox 2940 3246 3258 3300; x_wconf 83' lang='lat' dir='ltr'><strong>sententiam</strong></span> <span class='ocrx_word' id='word_1_693' title='bbox 3286 3265 3301 3313; x_wconf 88' lang='lat'><strong>;</strong></span> <span class='ocrx_word' id='word_1_694' title='bbox 3332 3223 3591 3311; x_wconf 79' lang='lat' dir='ltr'><strong>Libanum</strong></span> <span class='ocrx_word' id='word_1_695' title='bbox 3620 3273 3751 3314; x_wconf 85' lang='lat' dir='ltr'><strong>vero</strong></span> 
     </span>
    </p>
   </div>
   <div class='ocr_carea' id='block_1_86' title="bbox 2165 3311 3749 3405">
    <p class='ocr_par' dir='ltr' id='par_1_86' title="bbox 2165 3311 3749 3405">
     <span class='ocr_line' id='line_1_88' title="bbox 2165 3311 3749 3405; baseline 0.025 -39"><span class='ocrx_word' id='word_1_696' title='bbox 2165 3311 2402 3370; x_wconf 70' lang='lat' dir='ltr'><strong>Judteam</strong></span> <span class='ocrx_word' id='word_1_697' title='bbox 2436 3322 2677 3388; x_wconf 84' lang='lat' dir='ltr'><strong>vocavit,</strong></span> <span class='ocrx_word' id='word_1_698' title='bbox 2717 3326 2838 3394; x_wconf 88' lang='lat' dir='ltr'><strong>quia</strong></span> <span class='ocrx_word' id='word_1_699' title='bbox 2884 3345 3050 3399; x_wconf 90' lang='lat' dir='ltr'><strong>prope</strong></span> <span class='ocrx_word' id='word_1_700' title='bbox 3079 3311 3309 3392; x_wconf 85' lang='lat' dir='ltr'><strong>montem</strong></span> <span class='ocrx_word' id='word_1_701' title='bbox 3342 3342 3487 3397; x_wconf 66' lang='lat' dir='ltr'><strong>illum</strong></span> <span class='ocrx_word' id='word_1_702' title='bbox 3513 3349 3613 3401; x_wconf 88' lang='lat' dir='ltr'><strong>sita</strong></span> <span class='ocrx_word' id='word_1_703' title='bbox 3643 3358 3749 3405; x_wconf 88' lang='lat' dir='ltr'><strong>est.</strong></span> 
     </span>
    </p>
   </div>
   <div class='ocr_carea' id='block_1_87' title="bbox 2168 3404 3746 3504">
    <p class='ocr_par' dir='ltr' id='par_1_87' title="bbox 2168 3404 3746 3504">
     <span class='ocr_line' id='line_1_89' title="bbox 2168 3404 3746 3504; baseline 0.025 -48"><span class='ocrx_word' id='word_1_704' title='bbox 2168 3404 2356 3461; x_wconf 85' lang='lat' dir='ltr'><strong>Postea</strong></span> <span class='ocrx_word' id='word_1_705' title='bbox 2383 3408 2682 3476; x_wconf 71' lang='lat' dir='ltr'><strong>iuramenta</strong></span> <span class='ocrx_word' id='word_1_706' title='bbox 2712 3418 2897 3475; x_wconf 90' lang='lat' dir='ltr'><strong>volens</strong></span> <span class='ocrx_word' id='word_1_707' title='bbox 2922 3431 2976 3476; x_wconf 91' lang='lat' dir='ltr'><strong>et</strong></span> <span class='ocrx_word' id='word_1_708' title='bbox 3001 3423 3203 3482; x_wconf 59' lang='lat' dir='ltr'><strong>foedera</strong></span> <span class='ocrx_word' id='word_1_709' title='bbox 3235 3430 3412 3488; x_wconf 90' lang='lat' dir='ltr'><strong>dicere</strong></span> <span class='ocrx_word' id='word_1_710' title='bbox 3431 3475 3447 3499; x_wconf 93' lang='lat'><strong>,</strong></span> <span class='ocrx_word' id='word_1_711' title='bbox 3469 3420 3637 3504; x_wconf 57' lang='lat' dir='ltr'><strong>&#39;Tulit,</strong></span> <span class='ocrx_word' id='word_1_712' title='bbox 3667 3442 3746 3496; x_wconf 87' lang='lat' dir='ltr'><strong>in-</strong></span> 
     </span>
    </p>
   </div>
   <div class='ocr_carea' id='block_1_88' title="bbox 2163 3496 3744 3593">
    <p class='ocr_par' dir='ltr' id='par_1_88' title="bbox 2163 3496 3744 3593">
     <span class='ocr_line' id='line_1_90' title="bbox 2163 3496 3744 3593; baseline 0.025 -46"><span class='ocrx_word' id='word_1_713' title='bbox 2163 3496 2297 3564; x_wconf 88' lang='lat' dir='ltr'><strong>quit,</strong></span> <span class='ocrx_word' id='word_1_714' title='bbox 2325 3498 2388 3552; x_wconf 87' lang='lat' dir='ltr'><strong>de</strong></span> <span class='ocrx_word' id='word_1_715' title='bbox 2410 3505 2599 3559; x_wconf 79' lang='lat' dir='ltr'><strong>sentiae</strong></span> <span class='ocrx_word' id='word_1_716' title='bbox 2612 3517 2762 3563; x_wconf 72' lang='lat' dir='ltr'><strong>terra:</strong></span> <span class='ocrx_word' id='word_1_717' title='bbox 2778 3550 2794 3575; x_wconf 91' lang='lat'><strong>,</strong></span> <span class='ocrx_word' id='word_1_718' title='bbox 2823 3521 2869 3565; x_wconf 88' lang='lat' dir='ltr'><strong>et</strong></span> <span class='ocrx_word' id='word_1_719' title='bbox 2893 3513 3031 3569; x_wconf 86' lang='lat' dir='ltr'><strong>dedit</strong></span> <span class='ocrx_word' id='word_1_720' title='bbox 3055 3518 3108 3572; x_wconf 91' lang='lat' dir='ltr'><strong>in</strong></span> <span class='ocrx_word' id='word_1_721' title='bbox 3128 3535 3306 3593; x_wconf 86' lang='lat' dir='ltr'><strong>campo</strong></span> <span class='ocrx_word' id='word_1_722' title='bbox 3328 3528 3506 3592; x_wconf 84' lang='lat' dir='ltr'><strong>sativa,</strong></span> <span class='ocrx_word' id='word_1_723' title='bbox 3530 3540 3585 3584; x_wconf 90' lang='lat' dir='ltr'><strong>ut</strong></span> <span class='ocrx_word' id='word_1_724' title='bbox 3607 3534 3744 3586; x_wconf 80' lang='lat' dir='ltr'><strong>acci-</strong></span> 
     </span>
    </p>
   </div>
   <div class='ocr_carea' id='block_1_89' title="bbox 2163 3592 3746 3689">
    <p class='ocr_par' dir='ltr' id='par_1_89' title="bbox 2163 3592 3746 3689">
     <span class='ocr_line' id='line_1_91' title="bbox 2163 3592 3746 3689; baseline 0.025 -50"><span class='ocrx_word' id='word_1_725' title='bbox 2163 3597 2297 3654; x_wconf 87' lang='lat' dir='ltr'><strong>peret</strong></span> <span class='ocrx_word' id='word_1_726' title='bbox 2325 3592 2686 3651; x_wconf 85' lang='lat' dir='ltr'><strong>radicationem</strong></span> <span class='ocrx_word' id='word_1_727' title='bbox 2721 3616 2873 3671; x_wconf 84' lang='lat' dir='ltr'><strong>super</strong></span> <span class='ocrx_word' id='word_1_728' title='bbox 2897 3622 3081 3675; x_wconf 84' lang='lat' dir='ltr'><strong>aquam</strong></span> <span class='ocrx_word' id='word_1_729' title='bbox 3115 3592 3325 3666; x_wconf 79' lang='lat' dir='ltr'><strong>multant</strong></span> <span class='ocrx_word' id='word_1_730' title='bbox 3350 3631 3370 3669; x_wconf 88' lang='lat'><strong><em>:</em></strong></span> <span class='ocrx_word' id='word_1_731' title='bbox 3396 3627 3451 3670; x_wconf 89' lang='lat' dir='ltr'><strong>ut</strong></span> <span class='ocrx_word' id='word_1_732' title='bbox 3477 3622 3746 3689; x_wconf 83' lang='lat' dir='ltr'><strong>respicere-</strong></span> 
     </span>
    </p>
   </div>
   <div class='ocr_carea' id='block_1_90' title="bbox 2161 3685 3742 3769">
    <p class='ocr_par' dir='ltr' id='par_1_90' title="bbox 2161 3685 3742 3769">
     <span class='ocr_line' id='line_1_92' title="bbox 2161 3685 3742 3769; baseline 0.024 -38"><span class='ocrx_word' id='word_1_733' title='bbox 2161 3688 2243 3732; x_wconf 85' lang='lat' dir='ltr'><strong>tur</strong></span> <span class='ocrx_word' id='word_1_734' title='bbox 2267 3685 2436 3752; x_wconf 84' lang='lat' dir='ltr'><strong>posuit</strong></span> <span class='ocrx_word' id='word_1_735' title='bbox 2457 3685 2591 3741; x_wconf 86' lang='lat' dir='ltr'><strong>illud</strong></span> <span class='ocrx_word' id='word_1_736' title='bbox 2613 3704 2632 3744; x_wconf 91' lang='lat'><strong><em>:</em></strong></span> <span class='ocrx_word' id='word_1_737' title='bbox 2651 3706 2862 3762; x_wconf 83' lang='lat' dir='ltr'><strong>cumque</strong></span> <span class='ocrx_word' id='word_1_738' title='bbox 2880 3698 3223 3767; x_wconf 76' lang='lat' dir='ltr'><strong>germinasset,</strong></span> <span class='ocrx_word' id='word_1_739' title='bbox 3247 3708 3396 3760; x_wconf 83' lang='lat' dir='ltr'><strong>erevit</strong></span> <span class='ocrx_word' id='word_1_740' title='bbox 3415 3708 3468 3762; x_wconf 86' lang='lat' dir='ltr'><strong>in</strong></span> <span class='ocrx_word' id='word_1_741' title='bbox 3494 3685 3638 3766; x_wconf 77' lang='lat' dir='ltr'><strong>vitem</strong></span> <span class='ocrx_word' id='word_1_742' title='bbox 3659 3715 3742 3769; x_wconf 83' lang='lat' dir='ltr'><strong>in-</strong></span> 
     </span>
    </p>
   </div>
   <div class='ocr_carea' id='block_1_91' title="bbox 2158 3771 3742 3859">
    <p class='ocr_par' dir='ltr' id='par_1_91' title="bbox 2158 3771 3742 3859">
     <span class='ocr_line' id='line_1_93' title="bbox 2158 3771 3742 3859; baseline 0.022 -36"><span class='ocrx_word' id='word_1_743' title='bbox 2158 3771 2360 3840; x_wconf 71' lang='lat' dir='ltr'><strong>firmam</strong></span> <span class='ocrx_word' id='word_1_744' title='bbox 2384 3785 2430 3829; x_wconf 89' lang='lat' dir='ltr'><strong>et</strong></span> <span class='ocrx_word' id='word_1_745' title='bbox 2454 3794 2664 3846; x_wconf 80' lang='lat' dir='ltr'><strong>parvam</strong></span> <span class='ocrx_word' id='word_1_746' title='bbox 2693 3786 3040 3854; x_wconf 88' lang='lat' dir='ltr'><strong>magnitudine</strong></span> <span class='ocrx_word' id='word_1_747' title='bbox 3065 3830 3079 3855; x_wconf 92' lang='lat'><strong>,</strong></span> <span class='ocrx_word' id='word_1_748' title='bbox 3106 3801 3153 3844; x_wconf 91' lang='lat' dir='ltr'><strong>et</strong></span> <span class='ocrx_word' id='word_1_749' title='bbox 3179 3797 3400 3849; x_wconf 66' lang='lat' dir='ltr'><strong>extendit</strong></span> <span class='ocrx_word' id='word_1_750' title='bbox 3427 3815 3595 3855; x_wconf 89' lang='lat' dir='ltr'><strong>ramos</strong></span> <span class='ocrx_word' id='word_1_751' title='bbox 3621 3819 3742 3859; x_wconf 83' lang='lat' dir='ltr'><strong>suos</strong></span> 
     </span>
    </p>
   </div>
   <div class='ocr_carea' id='block_1_92' title="bbox 2157 3867 3740 3965">
    <p class='ocr_par' dir='ltr' id='par_1_92' title="bbox 2157 3867 3740 3965">
     <span class='ocr_line' id='line_1_94' title="bbox 2157 3867 3740 3965; baseline 0.023 -49"><span class='ocrx_word' id='word_1_752' title='bbox 2157 3867 2225 3918; x_wconf 89' lang='lat' dir='ltr'><strong>ad</strong></span> <span class='ocrx_word' id='word_1_753' title='bbox 2247 3868 2387 3922; x_wconf 86' lang='lat' dir='ltr'><strong>illam</strong></span> <span class='ocrx_word' id='word_1_754' title='bbox 2408 3911 2422 3934; x_wconf 93' lang='lat'><strong>,</strong></span> <span class='ocrx_word' id='word_1_755' title='bbox 2445 3882 2491 3924; x_wconf 87' lang='lat' dir='ltr'><strong>et</strong></span> <span class='ocrx_word' id='word_1_756' title='bbox 2520 3875 2715 3930; x_wconf 85' lang='lat' dir='ltr'><strong>radices</strong></span> <span class='ocrx_word' id='word_1_757' title='bbox 2738 3879 2848 3943; x_wconf 84' lang='lat' dir='ltr'><strong>eius</strong></span> <span class='ocrx_word' id='word_1_758' title='bbox 2873 3881 2963 3934; x_wconf 87' lang='lat' dir='ltr'><strong>sub</strong></span> <span class='ocrx_word' id='word_1_759' title='bbox 2986 3883 3077 3936; x_wconf 85' lang='lat' dir='ltr'><strong>illa</strong></span> <span class='ocrx_word' id='word_1_760' title='bbox 3099 3896 3244 3940; x_wconf 90' lang='lat' dir='ltr'><strong>erant</strong></span> <span class='ocrx_word' id='word_1_761' title='bbox 3269 3887 3442 3956; x_wconf 88' lang='lat' dir='ltr'><strong>(Ibid.</strong></span> <span class='ocrx_word' id='word_1_762' title='bbox 3463 3908 3511 3944; x_wconf 78' lang='grc' dir='ltr'><strong><em>υ.</em></strong></span> <span class='ocrx_word' id='word_1_763' title='bbox 3539 3895 3598 3965; x_wconf 77' lang='grc'><strong>5)</strong></span> <span class='ocrx_word' id='word_1_764' title='bbox 3613 3937 3629 3956; x_wconf 91' lang='grc'>.</span> <span class='ocrx_word' id='word_1_765' title='bbox 3647 3897 3740 3951; x_wconf 79' lang='lat' dir='ltr'><strong>Ci-</strong></span> 
     </span>
    </p>
   </div>
   <div class='ocr_carea' id='block_1_93' title="bbox 2157 3959 3740 4047">
    <p class='ocr_par' dir='ltr' id='par_1_93' title="bbox 2157 3959 3740 4047">
     <span class='ocr_line' id='line_1_95' title="bbox 2157 3959 3740 4047; baseline 0.023 -40"><span class='ocrx_word' id='word_1_766' title='bbox 2157 3959 2372 4013; x_wconf 84' lang='lat' dir='ltr'><strong>vitalem</strong></span> <span class='ocrx_word' id='word_1_767' title='bbox 2396 3978 2525 4018; x_wconf 88' lang='lat' dir='ltr'><strong>vero</strong></span> <span class='ocrx_word' id='word_1_768' title='bbox 2543 3964 2838 4022; x_wconf 78' lang='lat' dir='ltr'><strong>Jerusalem</strong></span> <span class='ocrx_word' id='word_1_769' title='bbox 2866 3973 3026 4026; x_wconf 78' lang='lat' dir='ltr'><strong>vitem</strong></span> <span class='ocrx_word' id='word_1_770' title='bbox 3054 3974 3140 4029; x_wconf 91' lang='lat' dir='ltr'><strong>hic</strong></span> <span class='ocrx_word' id='word_1_771' title='bbox 3163 3980 3485 4047; x_wconf 88' lang='lat' dir='ltr'><strong>appellavit;</strong></span> <span class='ocrx_word' id='word_1_772' title='bbox 3508 3959 3740 4042; x_wconf 77' lang='lat' dir='ltr'><strong>dicendo</strong></span> 
     </span>
    </p>
   </div>
   <div class='ocr_carea' id='block_1_94' title="bbox 2154 4054 3736 4141">
    <p class='ocr_par' dir='ltr' id='par_1_94' title="bbox 2154 4054 3736 4141">
     <span class='ocr_line' id='line_1_96' title="bbox 2154 4054 3736 4141; baseline 0.021 -41"><span class='ocrx_word' id='word_1_773' title='bbox 2154 4059 2330 4104; x_wconf 90' lang='lat' dir='ltr'><strong>autem</strong></span> <span class='ocrx_word' id='word_1_774' title='bbox 2357 4054 2499 4121; x_wconf 85' lang='lat' dir='ltr'><strong>quod</strong></span> <span class='ocrx_word' id='word_1_775' title='bbox 2528 4071 2706 4111; x_wconf 87' lang='lat' dir='ltr'><strong>ramos</strong></span> <span class='ocrx_word' id='word_1_776' title='bbox 2731 4073 2858 4114; x_wconf 90' lang='lat' dir='ltr'><strong>suos</strong></span> <span class='ocrx_word' id='word_1_777' title='bbox 2884 4061 2952 4116; x_wconf 86' lang='lat' dir='ltr'><strong>ad</strong></span> <span class='ocrx_word' id='word_1_778' title='bbox 2985 4065 3151 4132; x_wconf 88' lang='lat' dir='ltr'><strong>ipsam</strong></span> <span class='ocrx_word' id='word_1_779' title='bbox 3181 4070 3361 4123; x_wconf 80' lang='lat' dir='ltr'><strong>cittisit</strong></span> <span class='ocrx_word' id='word_1_780' title='bbox 3383 4073 3612 4140; x_wconf 81' lang='lat' dir='ltr'><strong>aquilam</strong></span> <span class='ocrx_word' id='word_1_781' title='bbox 3631 4117 3647 4141; x_wconf 91' lang='lat'><strong>,</strong></span> <span class='ocrx_word' id='word_1_782' title='bbox 3679 4087 3736 4133; x_wconf 86' lang='lat' dir='ltr'><strong>et</strong></span> 
     </span>
    </p>
   </div>
   <div class='ocr_carea' id='block_1_95' title="bbox 2154 4138 3729 4228">
    <p class='ocr_par' dir='ltr' id='par_1_95' title="bbox 2154 4138 3729 4228">
     <span class='ocr_line' id='line_1_97' title="bbox 2154 4138 3729 4228; baseline 0.02 -38"><span class='ocrx_word' id='word_1_783' title='bbox 2154 4138 2360 4195; x_wconf 83' lang='lat' dir='ltr'><strong>radices</strong></span> <span class='ocrx_word' id='word_1_784' title='bbox 2382 4142 2497 4210; x_wconf 88' lang='lat' dir='ltr'><strong>ejus</strong></span> <span class='ocrx_word' id='word_1_785' title='bbox 2525 4145 2625 4200; x_wconf 91' lang='lat' dir='ltr'><strong>sub</strong></span> <span class='ocrx_word' id='word_1_786' title='bbox 2656 4146 2747 4201; x_wconf 88' lang='lat' dir='ltr'><strong>illa</strong></span> <span class='ocrx_word' id='word_1_787' title='bbox 2776 4158 2964 4218; x_wconf 89' lang='lat' dir='ltr'><strong>erant,</strong></span> <span class='ocrx_word' id='word_1_788' title='bbox 2998 4152 3201 4210; x_wconf 72' lang='lat' dir='ltr'><strong>findere</strong></span> <span class='ocrx_word' id='word_1_789' title='bbox 3226 4138 3538 4228; x_wconf 81' lang='lat' dir='ltr'><strong>signiﬁcavit</strong></span> <span class='ocrx_word' id='word_1_790' title='bbox 3563 4174 3618 4219; x_wconf 91' lang='lat' dir='ltr'><strong>et</strong></span> <span class='ocrx_word' id='word_1_791' title='bbox 3634 4138 3729 4221; x_wconf 19' lang='lat' dir='ltr'><strong>vso-</strong></span> 
     </span>
    </p>
   </div>
   <div class='ocr_carea' id='block_1_96' title="bbox 2151 4229 3731 4320">
    <p class='ocr_par' dir='ltr' id='par_1_96' title="bbox 2151 4229 3731 4320">
     <span class='ocr_line' id='line_1_98' title="bbox 2151 4229 3731 4320; baseline 0.019 -38"><span class='ocrx_word' id='word_1_792' title='bbox 2151 4229 2394 4285; x_wconf 84' lang='lat' dir='ltr'><strong>cietatem</strong></span> <span class='ocrx_word' id='word_1_793' title='bbox 2420 4248 2540 4288; x_wconf 89' lang='lat' dir='ltr'><strong>cum</strong></span> <span class='ocrx_word' id='word_1_794' title='bbox 2572 4238 2689 4306; x_wconf 89' lang='lat' dir='ltr'><strong>ipso</strong></span> <span class='ocrx_word' id='word_1_795' title='bbox 2724 4238 2943 4307; x_wconf 87' lang='lat' dir='ltr'><strong>initam,</strong></span> <span class='ocrx_word' id='word_1_796' title='bbox 2971 4254 3026 4297; x_wconf 88' lang='lat' dir='ltr'><strong>et</strong></span> <span class='ocrx_word' id='word_1_797' title='bbox 3062 4247 3203 4313; x_wconf 86' lang='lat' dir='ltr'><strong>quod</strong></span> <span class='ocrx_word' id='word_1_798' title='bbox 3244 4251 3475 4320; x_wconf 79' lang='lat' dir='ltr'><strong>seipsam</strong></span> <span class='ocrx_word' id='word_1_799' title='bbox 3502 4254 3554 4311; x_wconf 87' lang='lat' dir='ltr'><strong>in</strong></span> <span class='ocrx_word' id='word_1_800' title='bbox 3584 4257 3731 4312; x_wconf 88' lang='lat' dir='ltr'><strong>illum</strong></span> 
     </span>
    </p>
   </div>
   <div class='ocr_carea' id='block_1_97' title="bbox 2152 4320 3733 4420">
    <p class='ocr_par' dir='ltr' id='par_1_97' title="bbox 2152 4320 3733 4420">
     <span class='ocr_line' id='line_1_99' title="bbox 2152 4320 3733 4420; baseline 0.02 -49"><span class='ocrx_word' id='word_1_801' title='bbox 2152 4320 2355 4388; x_wconf 72' lang='lat' dir='ltr'><strong>reiecit.</strong></span> <span class='ocrx_word' id='word_1_802' title='bbox 2375 4322 2500 4379; x_wconf 83' lang='lat' dir='ltr'><strong>Mox</strong></span> <span class='ocrx_word' id='word_1_803' title='bbox 2522 4325 2852 4397; x_wconf 82' lang='lat' dir='ltr'><strong>iniquitatem</strong></span> <span class='ocrx_word' id='word_1_804' title='bbox 2883 4334 3168 4393; x_wconf 84' lang='lat' dir='ltr'><strong>ostendere</strong></span> <span class='ocrx_word' id='word_1_805' title='bbox 3186 4340 3390 4407; x_wconf 83' lang='lat' dir='ltr'><strong>volens,</strong></span> <span class='ocrx_word' id='word_1_806' title='bbox 3411 4344 3485 4397; x_wconf 86' lang='lat' dir='ltr'><strong>ait</strong></span> <span class='ocrx_word' id='word_1_807' title='bbox 3512 4362 3525 4398; x_wconf 92' lang='lat'><strong>:</strong></span> <span class='ocrx_word' id='word_1_808' title='bbox 3549 4345 3615 4400; x_wconf 80' lang='lat' dir='ltr'><strong>Et</strong></span> <span class='ocrx_word' id='word_1_809' title='bbox 3633 4349 3733 4420; x_wconf 79' lang='lat' dir='ltr'><strong>fuit</strong></span> 
     </span>
    </p>
   </div>
   <div class='ocr_carea' id='block_1_98' title="bbox 2149 4410 3731 4499">
    <p class='ocr_par' dir='ltr' id='par_1_98' title="bbox 2149 4410 3731 4499">
     <span class='ocr_line' id='line_1_100' title="bbox 2149 4410 3731 4499; baseline 0.017 -39"><span class='ocrx_word' id='word_1_810' title='bbox 2149 4410 2319 4477; x_wconf 84' lang='lat' dir='ltr'><strong>aquila</strong></span> <span class='ocrx_word' id='word_1_811' title='bbox 2339 4413 2520 4479; x_wconf 85' lang='lat' dir='ltr'><strong>altera,</strong></span> <span class='ocrx_word' id='word_1_812' title='bbox 2543 4416 2614 4471; x_wconf 90' lang='lat' dir='ltr'><strong>de</strong></span> <span class='ocrx_word' id='word_1_813' title='bbox 2631 4434 2756 4488; x_wconf 89' lang='lat' dir='ltr'><strong>rege</strong></span> <span class='ocrx_word' id='word_1_814' title='bbox 2782 4421 3004 4491; x_wconf 76' lang='lat' dir='ltr'><strong>loquens</strong></span> <span class='ocrx_word' id='word_1_815' title='bbox 3024 4422 3293 4495; x_wconf 56' lang='lat' dir='ltr'><strong>Mittin,</strong></span> <span class='ocrx_word' id='word_1_816' title='bbox 3319 4431 3527 4499; x_wconf 78' lang='lat' dir='ltr'><strong>grandis</strong></span> <span class='ocrx_word' id='word_1_817' title='bbox 3545 4443 3595 4485; x_wconf 89' lang='lat' dir='ltr'><strong>et</strong></span> <span class='ocrx_word' id='word_1_818' title='bbox 3619 4410 3731 4487; x_wconf 74' lang='lat' dir='ltr'><strong>nia—</strong></span> 
     </span>
    </p>
   </div>
   <div class='ocr_carea' id='block_1_99' title="bbox 2147 4502 3727 4591">
    <p class='ocr_par' dir='ltr' id='par_1_99' title="bbox 2147 4502 3727 4591">
     <span class='ocr_line' id='line_1_101' title="bbox 2147 4502 3727 4591; baseline 0.018 -41"><span class='ocrx_word' id='word_1_819' title='bbox 2147 4502 2261 4569; x_wconf 84' lang='lat' dir='ltr'><strong>guis</strong></span> <span class='ocrx_word' id='word_1_820' title='bbox 2289 4502 2385 4557; x_wconf 86' lang='lat' dir='ltr'><strong>alis</strong></span> <span class='ocrx_word' id='word_1_821' title='bbox 2414 4506 2680 4578; x_wconf 82' lang='lat' dir='ltr'><strong>multisque</strong></span> <span class='ocrx_word' id='word_1_822' title='bbox 2704 4513 2979 4581; x_wconf 81' lang='lat' dir='ltr'><strong>unguibus;</strong></span> <span class='ocrx_word' id='word_1_823' title='bbox 3005 4524 3052 4568; x_wconf 84' lang='lat' dir='ltr'><strong>et</strong></span> <span class='ocrx_word' id='word_1_824' title='bbox 3074 4531 3187 4571; x_wconf 78' lang='lat' dir='ltr'><strong>eccs</strong></span> <span class='ocrx_word' id='word_1_825' title='bbox 3216 4517 3328 4572; x_wconf 70' lang='lat' dir='ltr'><strong>citis</strong></span> <span class='ocrx_word' id='word_1_826' title='bbox 3353 4519 3450 4572; x_wconf 87' lang='lat' dir='ltr'><strong>ista</strong></span> <span class='ocrx_word' id='word_1_827' title='bbox 3468 4521 3727 4591; x_wconf 83' lang='lat' dir='ltr'><strong>implicata</strong></span> 
     </span>
    </p>
   </div>
   <div class='ocr_carea' id='block_1_100' title="bbox 2150 4593 3725 4679">
    <p class='ocr_par' dir='ltr' id='par_1_100' title="bbox 2150 4593 3725 4679">
     <span class='ocr_line' id='line_1_102' title="bbox 2150 4593 3725 4679; baseline 0.017 -37"><span class='ocrx_word' id='word_1_828' title='bbox 2150 4603 2254 4644; x_wconf 82' lang='lat' dir='ltr'><strong>erat</strong></span> <span class='ocrx_word' id='word_1_829' title='bbox 2281 4593 2349 4647; x_wconf 90' lang='lat' dir='ltr'><strong>ad</strong></span> <span class='ocrx_word' id='word_1_830' title='bbox 2373 4612 2484 4648; x_wconf 84' lang='lat' dir='ltr'><strong>eam</strong></span> <span class='ocrx_word' id='word_1_831' title='bbox 2506 4637 2523 4659; x_wconf 87' lang='lat'><strong>,</strong></span> <span class='ocrx_word' id='word_1_832' title='bbox 2554 4610 2602 4652; x_wconf 88' lang='lat' dir='ltr'><strong>et</strong></span> <span class='ocrx_word' id='word_1_833' title='bbox 2626 4603 2897 4671; x_wconf 82' lang='lat' dir='ltr'><strong>pampinus</strong></span> <span class='ocrx_word' id='word_1_834' title='bbox 2921 4604 3031 4673; x_wconf 77' lang='lat' dir='ltr'><strong>ejus</strong></span> <span class='ocrx_word' id='word_1_835' title='bbox 3059 4607 3113 4659; x_wconf 81' lang='lat' dir='ltr'><strong>in</strong></span> <span class='ocrx_word' id='word_1_836' title='bbox 3140 4624 3200 4661; x_wconf 87' lang='lat' dir='ltr'><strong>ea</strong></span> <span class='ocrx_word' id='word_1_837' title='bbox 3225 4648 3241 4674; x_wconf 94' lang='lat'><strong>,</strong></span> <span class='ocrx_word' id='word_1_838' title='bbox 3277 4623 3323 4661; x_wconf 86' lang='lat' dir='ltr'><strong>et</strong></span> <span class='ocrx_word' id='word_1_839' title='bbox 3349 4611 3580 4679; x_wconf 84' lang='lat' dir='ltr'><strong>palmites</strong></span> <span class='ocrx_word' id='word_1_840' title='bbox 3606 4631 3725 4670; x_wconf 85' lang='lat' dir='ltr'><strong>suos</strong></span> 
     </span>
    </p>
   </div>
   <div class='ocr_carea' id='block_1_101' title="bbox 2144 4685 3728 4768">
    <p class='ocr_par' dir='ltr' id='par_1_101' title="bbox 2144 4685 3728 4768">
     <span class='ocr_line' id='line_1_103' title="bbox 2144 4685 3728 4768; baseline 0.016 -34"><span class='ocrx_word' id='word_1_841' title='bbox 2144 4685 2403 4751; x_wconf 77' lang='lat' dir='ltr'><strong>extendit,</strong></span> <span class='ocrx_word' id='word_1_842' title='bbox 2435 4697 2490 4741; x_wconf 88' lang='lat' dir='ltr'><strong>ut</strong></span> <span class='ocrx_word' id='word_1_843' title='bbox 2527 4691 2759 4762; x_wconf 81' lang='lat' dir='ltr'><strong>irrigaret</strong></span> <span class='ocrx_word' id='word_1_844' title='bbox 2782 4709 2896 4749; x_wconf 87' lang='lat' dir='ltr'><strong>eam</strong></span> <span class='ocrx_word' id='word_1_845' title='bbox 2916 4712 2940 4753; x_wconf 70' lang='grc' dir='ltr'><em>ε</em></span> <span class='ocrx_word' id='word_1_846' title='bbox 2968 4707 3231 4768; x_wconf 82' lang='lat' dir='ltr'><strong>propterea</strong></span> <span class='ocrx_word' id='word_1_847' title='bbox 3255 4701 3359 4755; x_wconf 72' lang='lat' dir='ltr'><strong>dixi</strong></span> <span class='ocrx_word' id='word_1_848' title='bbox 3384 4743 3399 4768; x_wconf 91' lang='lat'><strong>,</strong></span> <span class='ocrx_word' id='word_1_849' title='bbox 3445 4702 3568 4758; x_wconf 78' lang='lat' dir='ltr'><strong>Htec</strong></span> <span class='ocrx_word' id='word_1_850' title='bbox 3605 4706 3728 4759; x_wconf 89' lang='lat' dir='ltr'><strong>dicit</strong></span> 
     </span>
    </p>
   </div>
   <div class='ocr_carea' id='block_1_102' title="bbox 2144 4772 3726 4862">
    <p class='ocr_par' dir='ltr' id='par_1_102' title="bbox 2144 4772 3726 4862">
     <span class='ocr_line' id='line_1_104' title="bbox 2144 4772 3726 4862; baseline 0.016 -36"><span class='ocrx_word' id='word_1_851' title='bbox 2144 4772 2281 4829; x_wconf 84' lang='lat' dir='ltr'><strong>Deus</strong></span> <span class='ocrx_word' id='word_1_852' title='bbox 2306 4792 2326 4830; x_wconf 89' lang='lat'><strong><em>:</em></strong></span> <span class='ocrx_word' id='word_1_853' title='bbox 2353 4778 2415 4832; x_wconf 90' lang='lat' dir='ltr'><strong>Si</strong></span> <span class='ocrx_word' id='word_1_854' title='bbox 2433 4784 2769 4851; x_wconf 82' lang='lat' dir='ltr'><strong>prosperabit,</strong></span> <span class='ocrx_word' id='word_1_855' title='bbox 2806 4786 2909 4843; x_wconf 88' lang='lat' dir='ltr'><strong>hoc</strong></span> <span class='ocrx_word' id='word_1_856' title='bbox 2932 4797 3017 4844; x_wconf 83' lang='lat' dir='ltr'><strong>est</strong></span> <span class='ocrx_word' id='word_1_857' title='bbox 3040 4832 3056 4857; x_wconf 87' lang='lat'><strong>,</strong></span> <span class='ocrx_word' id='word_1_858' title='bbox 3086 4807 3205 4861; x_wconf 71' lang='lat' dir='ltr'><strong>quas</strong></span> <span class='ocrx_word' id='word_1_859' title='bbox 3227 4792 3587 4862; x_wconf 87' lang='lat' dir='ltr'><strong>juramentum</strong></span> <span class='ocrx_word' id='word_1_860' title='bbox 3620 4814 3726 4853; x_wconf 88' lang='lat' dir='ltr'><strong>non</strong></span> 
     </span>
    </p>
   </div>
   <div class='ocr_carea' id='block_1_103' title="bbox 2142 4872 3727 4953">
    <p class='ocr_par' dir='ltr' id='par_1_103' title="bbox 2142 4872 3727 4953">
     <span class='ocr_line' id='line_1_105' title="bbox 2142 4872 3727 4953; baseline 0.014 -31"><span class='ocrx_word' id='word_1_861' title='bbox 2142 4872 2434 4929; x_wconf 88' lang='lat' dir='ltr'><strong>servaverit</strong></span> <span class='ocrx_word' id='word_1_862' title='bbox 2462 4881 2517 4927; x_wconf 90' lang='lat' dir='ltr'><strong>et</strong></span> <span class='ocrx_word' id='word_1_863' title='bbox 2552 4875 2753 4932; x_wconf 73' lang='lat' dir='ltr'><strong>fmdera</strong></span> <span class='ocrx_word' id='word_1_864' title='bbox 2774 4918 2788 4943; x_wconf 87' lang='lat'><strong>,</strong></span> <span class='ocrx_word' id='word_1_865' title='bbox 2828 4880 2875 4933; x_wconf 83' lang='lat' dir='ltr'><strong>si</strong></span> <span class='ocrx_word' id='word_1_866' title='bbox 2911 4884 3095 4952; x_wconf 85' lang='lat' dir='ltr'><strong>poterit</strong></span> <span class='ocrx_word' id='word_1_867' title='bbox 3126 4901 3329 4951; x_wconf 78' lang='lat' dir='ltr'><strong>manere</strong></span> <span class='ocrx_word' id='word_1_868' title='bbox 3354 4895 3402 4947; x_wconf 77' lang='lat' dir='ltr'><strong>et</strong></span> <span class='ocrx_word' id='word_1_869' title='bbox 3428 4888 3617 4949; x_wconf 77' lang='lat' dir='ltr'><strong>saluari</strong></span> <span class='ocrx_word' id='word_1_870' title='bbox 3638 4931 3652 4953; x_wconf 89' lang='lat'><strong>,</strong></span> <span class='ocrx_word' id='word_1_871' title='bbox 3680 4900 3727 4944; x_wconf 87' lang='lat' dir='ltr'><strong>et</strong></span> 
     </span>
    </p>
   </div>
   <div class='ocr_carea' id='block_1_104' title="bbox 2142 4963 3725 5043">
    <p class='ocr_par' dir='ltr' id='par_1_104' title="bbox 2142 4963 3725 5043">
     <span class='ocr_line' id='line_1_106' title="bbox 2142 4963 3725 5043; baseline 0.015 -30"><span class='ocrx_word' id='word_1_872' title='bbox 2142 4977 2243 5016; x_wconf 86' lang='lat' dir='ltr'><strong>non</strong></span> <span class='ocrx_word' id='word_1_873' title='bbox 2280 4963 2458 5018; x_wconf 81' lang='lat' dir='ltr'><strong>cadere</strong></span> <span class='ocrx_word' id='word_1_874' title='bbox 2483 4965 2503 5033; x_wconf 87' lang='lat'><strong>(</strong></span> <span class='ocrx_word' id='word_1_875' title='bbox 2522 4965 2660 5024; x_wconf 85' lang='lat' dir='ltr'><strong>Ibid.</strong></span> <span class='ocrx_word' id='word_1_876' title='bbox 2688 4984 2735 5025; x_wconf 80' lang='grc' dir='ltr'><strong>υ.</strong></span> <span class='ocrx_word' id='word_1_877' title='bbox 2768 4971 2931 5043; x_wconf 87' lang='lat'><strong>7-9).</strong></span> <span class='ocrx_word' id='word_1_878' title='bbox 2970 4974 3092 5030; x_wconf 70' lang='lat' dir='ltr'><strong>Mox</strong></span> <span class='ocrx_word' id='word_1_879' title='bbox 3116 4975 3491 5041; x_wconf 74' lang='lat' dir='ltr'><strong>demonstrans</strong></span> <span class='ocrx_word' id='word_1_880' title='bbox 3515 4996 3627 5039; x_wconf 84' lang='lat' dir='ltr'><strong>non</strong></span> <span class='ocrx_word' id='word_1_881' title='bbox 3654 4982 3725 5037; x_wconf 84' lang='lat' dir='ltr'><strong>ita</strong></span> 
     </span>
    </p>
   </div>
   <div class='ocr_carea' id='block_1_105' title="bbox 2142 5051 3719 5140">
    <p class='ocr_par' dir='ltr' id='par_1_105' title="bbox 2142 5051 3719 5140">
     <span class='ocr_line' id='line_1_107' title="bbox 2142 5051 3719 5140; baseline 0.015 -36"><span class='ocrx_word' id='word_1_882' title='bbox 2142 5051 2376 5109; x_wconf 88' lang='lat' dir='ltr'><strong>futurmn</strong></span> <span class='ocrx_word' id='word_1_883' title='bbox 2418 5071 2537 5110; x_wconf 88' lang='lat' dir='ltr'><strong>esse</strong></span> <span class='ocrx_word' id='word_1_884' title='bbox 2557 5098 2572 5123; x_wconf 93' lang='lat'><strong>,</strong></span> <span class='ocrx_word' id='word_1_885' title='bbox 2600 5060 2695 5117; x_wconf 85' lang='lat' dir='ltr'><strong>sed</strong></span> <span class='ocrx_word' id='word_1_886' title='bbox 2719 5063 2940 5118; x_wconf 86' lang='lat' dir='ltr'><strong>omnino</strong></span> <span class='ocrx_word' id='word_1_887' title='bbox 2972 5073 3190 5135; x_wconf 75' lang='lat' dir='ltr'><strong>propter</strong></span> <span class='ocrx_word' id='word_1_888' title='bbox 3209 5066 3569 5136; x_wconf 87' lang='lat' dir='ltr'><strong>juramentnm</strong></span> <span class='ocrx_word' id='word_1_889' title='bbox 3600 5087 3719 5140; x_wconf 78' lang='lat' dir='ltr'><strong>per-</strong></span> 
     </span>
    </p>
   </div>
   <div class='ocr_carea' id='block_1_106' title="bbox 2140 5143 3716 5230">
    <p class='ocr_par' dir='ltr' id='par_1_106' title="bbox 2140 5143 3716 5230">
     <span class='ocr_line' id='line_1_108' title="bbox 2140 5143 3716 5230; baseline 0.014 -33"><span class='ocrx_word' id='word_1_890' title='bbox 2140 5143 2352 5208; x_wconf 73' lang='lat' dir='ltr'><strong>ituram,</strong></span> <span class='ocrx_word' id='word_1_891' title='bbox 2381 5144 2449 5202; x_wconf 87' lang='lat' dir='ltr'><strong>de</strong></span> <span class='ocrx_word' id='word_1_892' title='bbox 2475 5164 2627 5216; x_wconf 75' lang='lat' dir='ltr'><strong>poena</strong></span> <span class='ocrx_word' id='word_1_893' title='bbox 2657 5151 2769 5220; x_wconf 59' lang='lat' dir='ltr'><strong>ipsa</strong></span> <span class='ocrx_word' id='word_1_894' title='bbox 2796 5153 3010 5213; x_wconf 82' lang='lat' dir='ltr'><strong>disserit</strong></span> <span class='ocrx_word' id='word_1_895' title='bbox 3028 5164 3121 5222; x_wconf 84' lang='lat' dir='ltr'><strong>,ct</strong></span> <span class='ocrx_word' id='word_1_896' title='bbox 3145 5171 3360 5215; x_wconf 80' lang='lat' dir='ltr'><strong>causam</strong></span> <span class='ocrx_word' id='word_1_897' title='bbox 3388 5163 3539 5230; x_wconf 89' lang='lat' dir='ltr'><strong>ponit</strong></span> <span class='ocrx_word' id='word_1_898' title='bbox 3569 5180 3582 5216; x_wconf 93' lang='lat'>:</span> <span class='ocrx_word' id='word_1_899' title='bbox 3614 5165 3716 5219; x_wconf 82' lang='lat' dir='ltr'><strong>Ra-</strong></span> 
     </span>
    </p>
   </div>
   <div class='ocr_carea' id='block_1_107' title="bbox 2138 5234 3720 5321">
    <p class='ocr_par' dir='ltr' id='par_1_107' title="bbox 2138 5234 3720 5321">
     <span class='ocr_line' id='line_1_109' title="bbox 2138 5234 3720 5321; baseline 0.016 -33"><span class='ocrx_word' id='word_1_900' title='bbox 2138 5234 2273 5290; x_wconf 85' lang='lat' dir='ltr'><strong>dices</strong></span> <span class='ocrx_word' id='word_1_901' title='bbox 2298 5238 2430 5292; x_wconf 87' lang='lat' dir='ltr'><strong>enim</strong></span> <span class='ocrx_word' id='word_1_902' title='bbox 2463 5242 2574 5311; x_wconf 84' lang='lat' dir='ltr'><strong>ejus</strong></span> <span class='ocrx_word' id='word_1_903' title='bbox 2600 5246 2989 5314; x_wconf 71' lang='lat' dir='ltr'><strong>teneritudinis,</strong></span> <span class='ocrx_word' id='word_1_904' title='bbox 3025 5256 3074 5301; x_wconf 83' lang='lat' dir='ltr'><strong>et</strong></span> <span class='ocrx_word' id='word_1_905' title='bbox 3110 5253 3306 5318; x_wconf 78' lang='lat' dir='ltr'><strong>fructus</strong></span> <span class='ocrx_word' id='word_1_906' title='bbox 3347 5264 3596 5321; x_wconf 86' lang='lat' dir='ltr'><strong>putrescet</strong></span> <span class='ocrx_word' id='word_1_907' title='bbox 3620 5298 3634 5321; x_wconf 89' lang='lat'><strong>,</strong></span> <span class='ocrx_word' id='word_1_908' title='bbox 3672 5267 3720 5312; x_wconf 82' lang='lat' dir='ltr'><strong>ct</strong></span> 
     </span>
    </p>
   </div>
   <div class='ocr_carea' id='block_1_108' title="bbox 2136 5335 3724 5415">
    <p class='ocr_par' dir='ltr' id='par_1_108' title="bbox 2136 5335 3724 5415">
     <span class='ocr_line' id='line_1_110' title="bbox 2136 5335 3724 5415; baseline 0.015 -36"><span class='ocrx_word' id='word_1_909' title='bbox 2136 5338 2358 5382; x_wconf 78' lang='lat' dir='ltr'><strong>arescent</strong></span> <span class='ocrx_word' id='word_1_910' title='bbox 2377 5346 2492 5400; x_wconf 77' lang='lat' dir='ltr'><strong>qua:</strong></span> <span class='ocrx_word' id='word_1_911' title='bbox 2515 5349 2579 5388; x_wconf 77' lang='lat' dir='ltr'><strong>ea:</strong></span> <span class='ocrx_word' id='word_1_912' title='bbox 2599 5350 2660 5390; x_wconf 87' lang='lat' dir='ltr'><strong>ea</strong></span> <span class='ocrx_word' id='word_1_913' title='bbox 2682 5337 2967 5406; x_wconf 67' lang='lat' dir='ltr'><strong>germinant</strong></span> <span class='ocrx_word' id='word_1_914' title='bbox 2990 5335 3013 5408; x_wconf 91' lang='lat'><strong>(</strong></span> <span class='ocrx_word' id='word_1_915' title='bbox 3032 5335 3170 5393; x_wconf 88' lang='lat' dir='ltr'><strong>Ibid.</strong></span> <span class='ocrx_word' id='word_1_916' title='bbox 3199 5356 3252 5397; x_wconf 76' lang='grc' dir='ltr'><strong>υ,</strong></span> <span class='ocrx_word' id='word_1_917' title='bbox 3282 5340 3378 5415; x_wconf 90' lang='lat'><strong>9).</strong></span> <span class='ocrx_word' id='word_1_918' title='bbox 3410 5344 3477 5398; x_wconf 87' lang='lat' dir='ltr'><strong>Et</strong></span> <span class='ocrx_word' id='word_1_919' title='bbox 3502 5345 3724 5404; x_wconf 64' lang='lat' dir='ltr'><strong>demono</strong></span> 
     </span>
    </p>
   </div>
   <div class='ocr_carea' id='block_1_109' title="bbox 2135 5422 3716 5509">
    <p class='ocr_par' dir='ltr' id='par_1_109' title="bbox 2135 5422 3716 5509">
     <span class='ocr_line' id='line_1_111' title="bbox 2135 5422 3716 5509; baseline 0.015 -38"><span class='ocrx_word' id='word_1_920' title='bbox 2135 5428 2308 5474; x_wconf 87' lang='lat' dir='ltr'><strong>strare</strong></span> <span class='ocrx_word' id='word_1_921' title='bbox 2334 5422 2518 5479; x_wconf 88' lang='lat' dir='ltr'><strong>volens</strong></span> <span class='ocrx_word' id='word_1_922' title='bbox 2557 5425 2699 5494; x_wconf 87' lang='lat' dir='ltr'><strong>quod</strong></span> <span class='ocrx_word' id='word_1_923' title='bbox 2745 5442 2853 5482; x_wconf 81' lang='lat' dir='ltr'><strong>non</strong></span> <span class='ocrx_word' id='word_1_924' title='bbox 2892 5426 3125 5485; x_wconf 84' lang='lat' dir='ltr'><strong>humana</strong></span> <span class='ocrx_word' id='word_1_925' title='bbox 3160 5432 3213 5486; x_wconf 87' lang='lat' dir='ltr'><strong>vi</strong></span> <span class='ocrx_word' id='word_1_926' title='bbox 3250 5432 3589 5509; x_wconf 86' lang='lat' dir='ltr'><strong>destruetur,</strong></span> <span class='ocrx_word' id='word_1_927' title='bbox 3622 5440 3716 5497; x_wconf 87' lang='lat' dir='ltr'><strong>sed</strong></span> 
     </span>
    </p>
   </div>
   <div class='ocr_carea' id='block_1_110' title="bbox 2133 5510 3717 5597">
    <p class='ocr_par' dir='ltr' id='par_1_110' title="bbox 2133 5510 3717 5597">
     <span class='ocr_line' id='line_1_112' title="bbox 2133 5510 3717 5597; baseline 0.015 -37"><span class='ocrx_word' id='word_1_928' title='bbox 2133 5510 2383 5578; x_wconf 89' lang='lat' dir='ltr'><strong>quoniam</strong></span> <span class='ocrx_word' id='word_1_929' title='bbox 2410 5528 2507 5582; x_wconf 74' lang='lat' dir='ltr'><strong>per</strong></span> <span class='ocrx_word' id='word_1_930' title='bbox 2526 5514 2617 5569; x_wconf 75' lang='lat' dir='ltr'><strong>illa</strong></span> <span class='ocrx_word' id='word_1_931' title='bbox 2634 5515 2938 5585; x_wconf 65' lang='lat' dir='ltr'><strong>iuramenta</strong></span> <span class='ocrx_word' id='word_1_932' title='bbox 2964 5519 3130 5575; x_wconf 91' lang='lat' dir='ltr'><strong>Deum</strong></span> <span class='ocrx_word' id='word_1_933' title='bbox 3151 5523 3252 5579; x_wconf 87' lang='lat' dir='ltr'><strong>sibi</strong></span> <span class='ocrx_word' id='word_1_934' title='bbox 3275 5524 3400 5581; x_wconf 81' lang='lat' dir='ltr'><strong>fecit</strong></span> <span class='ocrx_word' id='word_1_935' title='bbox 3419 5527 3717 5597; x_wconf 88' lang='lat' dir='ltr'><strong>inimicum,</strong></span> 
     </span>
    </p>
   </div>
   <div class='ocr_carea' id='block_1_111' title="bbox 2133 5601 3721 5689">
    <p class='ocr_par' dir='ltr' id='par_1_111' title="bbox 2133 5601 3721 5689">
     <span class='ocr_line' id='line_1_113' title="bbox 2133 5601 3721 5689; baseline 0.014 -36"><span class='ocrx_word' id='word_1_936' title='bbox 2133 5601 2405 5672; x_wconf 67' lang='lat' dir='ltr'><strong>subiunxit</strong></span> <span class='ocrx_word' id='word_1_937' title='bbox 2433 5622 2448 5658; x_wconf 93' lang='lat'><strong>:</strong></span> <span class='ocrx_word' id='word_1_938' title='bbox 2479 5603 2605 5669; x_wconf 72' lang='lat' dir='ltr'><strong>Non</strong></span> <span class='ocrx_word' id='word_1_939' title='bbox 2640 5607 2696 5663; x_wconf 85' lang='lat' dir='ltr'><strong>in</strong></span> <span class='ocrx_word' id='word_1_940' title='bbox 2738 5608 2945 5665; x_wconf 79' lang='lat' dir='ltr'><strong>brachio</strong></span> <span class='ocrx_word' id='word_1_941' title='bbox 2974 5613 3197 5683; x_wconf 84' lang='lat' dir='ltr'><strong>grandi,</strong></span> <span class='ocrx_word' id='word_1_942' title='bbox 3239 5632 3397 5687; x_wconf 80' lang='lat' dir='ltr'><strong>neque</strong></span> <span class='ocrx_word' id='word_1_943' title='bbox 3434 5617 3489 5672; x_wconf 88' lang='lat' dir='ltr'><strong>in</strong></span> <span class='ocrx_word' id='word_1_944' title='bbox 3530 5628 3721 5689; x_wconf 81' lang='lat' dir='ltr'><strong>papula</strong></span> 
     </span>
    </p>
   </div>
   <div class='ocr_carea' id='block_1_112' title="bbox 2195 5712 3716 5793">
    <p class='ocr_par' dir='ltr' id='par_1_112' title="bbox 2195 5712 3716 5793">
     <span class='ocr_line' id='line_1_114' title="bbox 2195 5712 3716 5793; baseline 0.016 -30"><span class='ocrx_word' id='word_1_945' title='bbox 2195 5712 2214 5793; x_wconf 61' lang='grc' dir='ltr'><strong>ξ</strong></span> <span class='ocrx_word' id='word_1_946' title='bbox 2245 5712 2789 5793; x_wconf 20' lang='lat' dir='ltr'><strong>sic&#39;tt‘oreulgetquldsm</strong></span> <span class='ocrx_word' id='word_1_947' title='bbox 2961 5724 3102 5777; x_wconf 78' lang='lat' dir='ltr'><strong>savii.</strong></span> <span class='ocrx_word' id='word_1_948' title='bbox 3125 5733 3178 5777; x_wconf 86' lang='lat' dir='ltr'><strong>et</strong></span> <span class='ocrx_word' id='word_1_949' title='bbox 3205 5725 3305 5788; x_wconf 76' lang='lat' dir='ltr'><strong>alii,</strong></span> <span class='ocrx_word' id='word_1_950' title='bbox 3342 5725 3468 5781; x_wconf 68' lang='lat' dir='ltr'><strong>velut</strong></span> <span class='ocrx_word' id='word_1_951' title='bbox 3484 5729 3716 5793; x_wconf 69' lang='lat' dir='ltr'><strong>fratem.</strong></span> 
     </span>
    </p>
   </div>
   <div class='ocr_carea' id='block_1_113' title="bbox 2129 5774 2611 5842">
    <p class='ocr_par' dir='ltr' id='par_1_113' title="bbox 2129 5774 2611 5842">
     <span class='ocr_line' id='line_1_115' title="bbox 2129 5774 2611 5842; baseline 0.01 -18"><span class='ocrx_word' id='word_1_952' title='bbox 2129 5783 2239 5834; x_wconf 78' lang='lat' dir='ltr'><strong>pro.</strong></span> <span class='ocrx_word' id='word_1_953' title='bbox 2257 5774 2382 5829; x_wconf 75' lang='lat' dir='ltr'><strong>velut</strong></span> <span class='ocrx_word' id='word_1_954' title='bbox 2404 5774 2611 5842; x_wconf 74' lang='lat' dir='ltr'><strong>sigmtm.</strong></span> 
     </span>
    </p>
   </div>
  </div>
