4068 6500
1167 397 1195 409 «-

543 466 639 527 193

531 581 710 644 multo,
738 588 792 631 ut
822 574 1044 630 evelleret
1063 592 1171 630 eam
1200 577 1443 629 radicitus
1466 575 1686 649 (Ezech.
1715 579 1799 632 Π.
1824 577 1900 647 9).
1933 577 2000 631 Et
2022 591 2111 646 pa-

533 670 711 725 raboia
750 668 958 737 quidem
1004 666 1156 732 haec;
1190 684 1401 722 rursum
1443 684 1568 723 vero
1593 669 1827 723 declarat
1852 684 1966 723 eam
1988 709 2003 733 ,
2036 669 2114 724 sic

530 760 773 828 inquiens
800 777 812 812 :
842 757 969 811 Ecce
990 758 1143 811 veniet
1166 775 1255 812 rex
1276 758 1550 829 Babylonis
1570 760 1622 812 in
1641 759 1927 813 Jerusalem
1947 757 2111 830 (Ibid.

529 869 582 905 ν.
614 848 739 918 12).
773 849 962 903 Postea
988 864 1106 903 cum
1137 849 1187 901 in
1219 849 1393 903 medio
1418 850 1659 917 qua-dam
1703 850 1806 903 alia
1845 848 2067 903 dixisset
2093 889 2109 913 ,

525 942 826 1011 juramenta
865 939 992 993 dicit
1033 948 1085 993 et
1129 938 1367 994 hedera:
1402 937 1668 1008 Ferietque
1710 955 1822 990 cum
1863 953 1918 990 eo
1949 937 2115 1005 {tedas

530 1034 549 1091 (
568 1031 704 1085 lbid.
731 1047 777 1085 v.
811 1032 921 1102 £3).
947 1031 1068 1084 Mox
1098 1040 1150 1085 et
1179 1032 1524 1085 rebellionem
1551 1031 1734 1085 dicens
1758 1049 1770 1082 :
1804 1029 1871 1083 Et
1899 1030 2110 1094 recedet,

529 1125 732 1194 inquit,
770 1124 833 1177 ab
872 1140 929 1176 eo
969 1125 1209 1177 mittendo
1247 1127 1451 1177 nuntios
1475 1124 1529 1176 in
1558 1122 1865 1193 zEgyptum,
1892 1132 1946 1174 ut
1973 1123 2115 1174 daret

528 1217 620 1271 sibi
660 1233 809 1281 equos
835 1226 883 1270 et
914 1217 1153 1286 populum
1195 1217 1408 1269 multum
1449 1215 1467 1288 (
1494 1214 1630 1270 Ibid.
1656 1232 1703 1269 υ.
1741 1217 1807 1270 15
1836 1218 1874 1282 ).
1904 1215 1969 1268 Ει
1996 1224 2116 1283 post

462 1362 466 1377 1
530 1306 643 1360 ll'J‘C
671 1306 865 1370 infert,
898 1306 1268 1359 demonstrans
1298 1315 1515 1374 propter
1538 1306 1901 1375 juramenlum
1931 1306 2113 1374 perni-

442 1384 466 1410 “’
527 1396 663 1449 ciem
705 1405 866 1450 totum
908 1397 1184 1461 accidisse,
1222 1396 1338 1451 Nisi
1366 1398 1381 1428 ¹
1412 1398 1463 1450 in
1503 1397 1614 1451 loco
1641 1399 1791 1467 regis,
1820 1400 1902 1464 qui
1924 1398 2111 1450 consti-

528 1486 621 1538 tuit
641 1502 753 1539 eum
779 1502 966 1556 regem,
992 1487 1079 1556 qui
1107 1488 1289 1555 sprevit
1315 1487 1715 1540 ntaledictionem
1745 1505 1926 1553 meum,
1956 1497 2001 1540 et
2026 1487 2113 1557 qui

529 1586 868 1647 transgressus
896 1586 965 1631 est
993 1587 1342 1631 testamentum
1367 1594 1558 1644 meum,
1580 1580 1632 1631 in
1658 1580 1821 1632 medio
1842 1578 2114 1648 Babylonis

529 1667 787 1733 morietur,
811 1677 857 1720 et
877 1684 977 1720 non
1002 1667 1054 1720 in
1072 1669 1289 1721 exercitu
1304 1668 1509 1738 grandi,
1540 1684 1630 1721 nec
1650 1668 1701 1720 in
1728 1670 1914 1738 populo
1932 1668 2108 1730 multo,

527 1759 645 1828 quia
677 1761 862 1829 sprevit
900 1759 1243 1828 juramentum
1272 1759 1649 1828 prwvaricando
1680 1769 1883 1829 pactum
1910 1776 2112 1825 meum;

529 1850 865 1922 juramentum
894 1865 1055 1902 meum
1077 1850 1195 1920 quia
1220 1851 1427 1919 sprevit,
1447 1860 1492 1903 et
1517 1850 1681 1920 fwdus
1706 1851 1842 1917 quod
1868 1854 2112 1921 prevari-

527 1950 667 1994 catas
697 1950 806 2004 est,
839 1940 967 1994 dabo
1001 1944 1054 1995 in
1083 1952 1235 2007 caput
1265 1945 1393 2012 ejus,
1425 1953 1473 1996 et
1502 1944 1787 2012 expandam
1825 1961 1977 2013 super
2000 1961 2112 1997 eum

528 2043 628 2086 rete
649 2049 811 2085 meum
840 2032 1061 2102 (Ibid.v.
1092 2032 1300 2103 16-20).
1320 2033 1482 2088 Vides
1505 2035 1770 2104 quomodo
1798 2052 1901 2089 non
1925 2038 2111 2101 semel,

528 2138 627 2177 nec
666 2123 745 2176 bis
769 2164 783 2186 ,
811 2138 994 2177 verum
1021 2135 1073 2177 et
1098 2124 1292 2193 smpius
1321 2123 1491 2189 dixit,
1531 2124 1678 2178 illum
1713 2135 1930 2194 propter
1961 2127 2110 2191 jura-

528 2225 765 2269 mentum
798 2215 911 2268 haec
936 2216 1111 2269 omnia
1137 2232 1351 2285 passum
1380 2232 1498 2270 esse
1526 2216 1550 2270 ?
1586 2218 1943 2286 implacabilis
1969 2220 2110 2272 enim

527 2318 609 2361 est
642 2308 806 2367 Deus.
833 2307 1150 2377 contemptis
1171 2308 1507 2377 juramentis.
1541 2308 1726 2378 Neque
1750 2325 1879 2363 vero
1908 2319 2110 2363 tantum

527 2415 591 2453 ex
620 2398 819 2453 ultione
861 2399 1059 2453 civitati
1090 2400 1230 2453 illata
1269 2409 1486 2468 propter
1510 2400 1869 2469 juramentum
1902 2401 2111 2454 hocin-

529 2490 763 2560 tclligere
806 2490 928 2545 licet
947 2532 961 2554 ,
993 2506 1175 2543 verum
1204 2498 1258 2545 et
1281 2505 1344 2544 ex
1374 2491 1711 2545 cunctatione
1739 2500 1793 2544 et
1819 2491 2071 2544 dilatione
2094 2531 2108 2554 ,

526 2590 779 2648 quantum
813 2582 951 2636 Deus
988 2581 1219 2635 studium
1250 2581 1443 2635 habeat
1467 2623 1481 2643 ,
1528 2597 1595 2636 ne
1631 2583 1934 2649 iuramenta
1978 2598 2112 2636 con-

526 2672 824 2725 culcentur.
858 2671 1069 2726 Factum
1099 2683 1171 2726 est
1200 2673 1374 2739 enim,
1405 2673 1603 2741 inquit,
1631 2674 1681 2726 in
1712 2690 1846 2726 anno
1877 2691 2008 2727 nono
2035 2691 2115 2726 re-

525 2766 611 2833 gni
627 2763 755 2832 ejus,
775 2764 825 2815 in
845 2779 1007 2815 mense
1022 2762 1259 2826 secundo,
1279 2764 1330 2816 in
1352 2762 1543 2815 decima
1560 2764 1760 2826 mensis,
1785 2765 1914 2816 venit
1928 2764 2113 2817 Nabu-

533 2852 871 2916 cltodonosor,
893 2867 981 2904 rea:
1000 2850 1296 2920 Babylonis,
1325 2861 1371 2905 et
1391 2853 1551 2905 omnis
1576 2855 1820 2906 exercitus
1836 2855 1944 2923 ejus
1963 2871 2115 2922 super

525 2939 829 3005 Jerusalem,
849 2949 894 2993 et
908 2939 1225 2992 circumsedit
1242 2955 1372 3005 eam,
1389 2949 1434 2992 et
1449 2941 1691 2993 exstruxit
1711 2941 1764 2993 in
1778 2942 1989 2994 circuitu
2007 2944 2114 3012 ejus

528 3031 847 3093 munitiones,
865 3041 910 3083 et
925 3029 1099 3082 clausa
1117 3037 1187 3082 est
1200 3030 1392 3095 civitas,
1411 3039 1557 3099 atque
1572 3030 1759 3083 vallata
1780 3046 1933 3096 usque
1947 3030 2014 3083 ad
2028 3047 2130 3084 un—

527 3121 775 3172 decimum
786 3136 972 3172 annum
988 3120 1117 3189 regis
1138 3118 1380 3183 Sedecitc,
1401 3136 1533 3172 nona
1546 3120 1626 3172 die
1646 3122 1911 3182 mensis,et
1928 3135 2115 3189 praeva-

527 3212 621 3264 luit
641 3211 798 3279 [alites
818 3211 869 3263 in
889 3211 999 3280 ipsa
1022 3211 1236 3275 civitate,
1261 3227 1350 3264 nec
1371 3220 1478 3264 erat
1509 3212 1654 3280 panis
1677 3213 1863 3281 popqu
1887 3212 1954 3264 ad
1976 3228 2111 3264 com-

526 3302 789 3365 edendum,
822 3311 865 3354 et
886 3301 1042 3354 scissa
1061 3310 1130 3355 est
1150 3301 1323 3355 civitas
1342 3301 1418 3370 (4.
1446 3302 1570 3371 Reg.
1603 3303 1811 3357 25.1-4
1834 3305 1871 3371 ).
1896 3303 2112 3356 Poterat

527 3407 716 3459 nempe
735 3393 911 3445 statim
933 3406 963 3445 a
983 3392 1148 3460 prima
1168 3392 1257 3447 die
1281 3392 1423 3461 ipsos
1446 3393 1673 3459 tradere,
1692 3404 1746 3448 et
1761 3394 1933 3449 facere
1953 3395 2112 3448 hosti-

526 3480 621 3534 bus
651 3480 887 3535 subditos
918 3496 933 3546 ;
966 3481 1058 3537 sed
1096 3490 1371 3551 propterea
1404 3483 1612 3538 interim
1651 3484 1807 3538 trium
1850 3500 2110 3540 annorum

526 3580 732 3637 tempus
747 3572 947 3626 conteri
981 3574 1238 3640 permisit,
1258 3582 1310 3627 et
1334 3575 1476 3642 ipsos
1501 3574 1776 3629 obsidione
1796 3575 1962 3644 premi
1985 3591 2107 3646 gra-

525 3661 760 3722 vissima,
778 3673 831 3713 ut
845 3669 897 3713 et
910 3663 1239 3716 extrinsecus
1256 3664 1480 3716 militum
1498 3663 1706 3728 timore,
1723 3672 1777 3718 et
1794 3666 2108 3720 intrinsecus

524 3749 659 3801 l'aine
682 3748 947 3802 civitatein
978 3761 1250 3817 premente
1275 3751 1537 3820 castigati,
1567 3755 1648 3807 vel
1675 3754 1900 3808 invitum
1925 3769 2108 3825 regem

517 3832 760 3889 barbaris
782 3831 937 3886 subdi
959 3839 1232 3903 cogerent,
1255 3839 1310 3885 et
1332 3828 1543 3901 aliquod
1566 3837 1783 3899 peccato
1811 3830 2111 3885 remedium

517 3924 654 3978 ﬁeri.
684 3923 751 3977 Et
775 3923 918 3992 quod
960 3922 1065 3978 hoc
1105 3923 1174 3977 sit
1210 3937 1391 3978 verum
1413 3963 1428 3987 ,
1459 3937 1633 3992 neque
1675 3936 1791 3976 mea
1827 3923 1898 3976 sit
1924 3922 2110 3994 conje-

517 4023 665 4068 ctura
685 4054 701 4079 ,
734 4013 860 4068 audi
889 4013 1015 4084 quid
1046 4029 1142 4083 per
1167 4015 1483 4084 prophetam
1520 4014 1588 4067 ad
1627 4014 1802 4083 ipsum
1834 4013 1977 4069 dicat
2005 4033 2018 4069 :
2049 4014 2111 4069 Si

519 4105 700 4158 exieris
723 4103 791 4156 ad
818 4104 969 4158 duces
1001 4103 1134 4174 regis
1171 4103 1449 4174 Babylonis
1474 4145 1490 4170 ,
1533 4104 1660 4157 vivet
1696 4104 1869 4157 anima
1907 4113 1994 4157 tua
2017 4146 2033 4171 ,
2062 4114 2110 4157 et

518 4196 694 4249 civitas
724 4196 831 4249 haec
868 4213 970 4249 non
1004 4197 1331 4249 succendetur
1362 4196 1467 4265 igni
1494 4237 1507 4259 ,
1548 4206 1596 4249 et
1625 4197 1756 4251 vives
1782 4207 1835 4249 tu
1859 4205 1905 4250 et
1928 4196 2110 4251 domus

518 4297 624 4340 tua.
652 4286 713 4342 Si
735 4296 903 4340 autem
927 4304 1027 4342 non
1050 4289 1229 4342 exieris
1253 4287 1321 4341 ad
1338 4289 1591 4357 principes
1610 4291 1631 4320 ’
1655 4289 1787 4360 regis
1806 4288 2106 4361 Babylonis,

519 4378 744 4430 tradetur
762 4378 936 4431 civitas
952 4379 1058 4430 hate
1073 4379 1127 4431 in
1141 4394 1322 4432 manus
1345 4378 1721 4446 Chaldaeorum,
1747 4389 1794 4433 et
1810 4382 2111 4435 succendent

519 4484 629 4521 eam
653 4468 798 4538 igni,
841 4477 887 4522 et
924 4484 1027 4522 non
1065 4467 1273 4539 e/fugies
1303 4469 1366 4523 de
1391 4469 1622 4524 manibus
1650 4487 1843 4526 eorum.
1889 4471 1954 4525 Et
1979 4473 2109 4527 dixit

516 4573 607 4612 rea:
625 4556 866 4612 Sedeeias
885 4559 953 4612 ad
972 4559 1246 4614 Jeremiam
1268 4575 1288 4613 :
1313 4559 1580 4614 Rationem
1607 4561 1764 4616 habeo
1782 4561 2106 4628 Iudaeorum,

515 4651 601 4721 qui
636 4652 871 4722 fugerunt
899 4652 967 4704 ad
995 4652 1260 4707 Chaldwos
1284 4693 1295 4714 ,
1335 4670 1398 4707 ne
1435 4658 1565 4725 forte
1589 4654 1792 4708 tradant
1821 4671 1900 4708 me
1920 4656 1974 4709 in
2003 4673 2111 4711 ma-

517 4760 611 4797 nus
638 4760 828 4808 eorum,
854 4754 903 4798 et
926 4744 1146 4798 illudant
1167 4746 1311 4798 mihi.
1341 4746 1619 4816 Respondit
1648 4756 1817 4799 autem
1837 4746 2106 4811 Jeremias,

516 4846 564 4888 et
589 4834 718 4889 dixit
746 4835 793 4888 ei
811 4876 828 4902 ,
857 4833 979 4888 Non
1002 4845 1050 4889 te
1068 4837 1268 4889 tradent
1295 4851 1316 4890 :
1340 4838 1464 4891 audi
1491 4853 1659 4891 vocem
1687 4836 1926 4904 Domini,
1957 4855 2111 4907 quam

517 4943 610 4999 ego
639 4928 818 4996 loquor
840 4927 908 4980 ad
933 4936 1007 4990 te,
1030 4940 1079 4980 et
1107 4927 1287 4981 melius
1308 4928 1397 4981 tibi
1424 4929 1546 4995 erit,
1575 4938 1622 4982 et
1646 4930 1771 4985 vivet
1796 4932 1969 4984 anima
1997 4941 2105 4984 tua.

521 5018 670 5083 Quod
704 5019 748 5072 si
782 5019 1005 5071 nolueris
1033 5017 1239 5088 egredi,
1279 5020 1374 5072 iste
1414 5030 1486 5073 est
1518 5037 1679 5074 sermo
1713 5038 1860 5091 quem
1895 5023 2109 5076 ostendit

520 5109 645 5164 mihi
669 5108 920 5164 Dominus
950 5125 969 5162 :
1001 5110 1135 5163 Ecce
1161 5125 1332 5163 omnes
1363 5111 1595 5165 mulieres
1621 5129 1735 5184 qua:
1759 5125 2108 5170 remanserunt

517 5204 572 5258 in
597 5202 747 5257 domo
771 5202 907 5273 regis
927 5200 961 5254 J
968 5201 1069 5255 uda
1092 5242 1108 5269 ,
1149 5201 1424 5255 educentur
1447 5202 1514 5255 ad
1547 5205 1801 5275 principes
1842 5206 1973 5275 regis
2001 5205 2109 5259 Ba-

518 5295 737 5366 bylonis,
763 5304 812 5349 et
846 5295 925 5348 ha:
950 5294 1158 5348 dicent:
1186 5292 1511 5349 Seduscerunt
1549 5304 1625 5359 te,
1662 5305 1706 5349 et
1736 5297 2109 5364 prcevaluerunt

518 5386 782 5439 adversum
816 5394 862 5440 te
886 5386 977 5439 viri
1005 5386 1205 5455 paciﬁci
1235 5385 1308 5438 tui
1332 5427 1347 5449 ,
1377 5394 1424 5439 et
1449 5386 1791 5453 pratvalebunt
1818 5390 1871 5442 in
1901 5388 2108 5443 lubricis

518 5485 695 5528 contra
725 5476 874 5544 pedes
899 5486 1009 5530 tuos
1040 5491 1059 5530 :
1085 5487 1401 5530 recesserunt
1431 5494 1461 5530 a
1492 5486 1540 5531 te
1565 5518 1582 5543 ,
1610 5488 1657 5532 et
1677 5478 1699 5509 ³
1728 5496 1898 5534 omnes
1925 5496 2105 5534 uxores

517 5578 566 5622 et
592 5568 725 5636 ﬁlios
747 5577 857 5619 tuos
877 5566 1083 5620 educent
1102 5568 1169 5620 ad
1189 5565 1479 5635 Chaldazos,
1498 5577 1545 5622 et
1570 5585 1671 5623 non
1697 5568 1905 5641 eﬁ'ugies
1928 5587 2107 5626 manus

585 5684 599 5746 ξ
638 5680 775 5746 Legit
794 5678 956 5736 Savil.,
981 5686 1134 5729 Certe.
1160 5688 1209 5729 tn
1226 5680 1354 5746 Bibl.
1371 5695 1491 5746 vero
1511 5695 1525 5731 :
1548 5681 1680 5746 rivo
1694 5696 1780 5746 ego
1803 5684 1845 5735 si
1868 5696 1980 5734 non.

581 5744 602 5774 ³
638 5737 785 5812 Εόῇἱο
805 5748 1003 5798 Veneta,
1026 5754 1137 5849 quae
1159 5756 1271 5792 cum
1294 5742 1412 5792 Bibl.
1428 5744 1651 5815 quadrat,
1673 5737 1812 5809 legit,
1831 5745 2109 5809 principes;

591 5805 814 5849 omnibus
830 5810 993 5849 autem
1014 5815 1042 5849 a
1064 5817 1122 5849 ns
1142 5802 1337 5849 legitur-
1358 5818 1644 5849 nrmcmem.

522 5804 569 5853 in
585 5805 814 5868 Δοηιμῇιηιῃε
830 5810 993 5868 autem
1014 5802 1122 5852 aliis
1142 5802 1338 5866 legitur,
1358 5802 1644 5868 principem.

580 5865 607 5915 ἓ
635 5864 722 5915 λιιι
744 5866 815 5914 sic
835 5864 1050 5914 iubent:
1079 5872 1179 5916 Non
1196 5864 1599 5927 revertenttu','et,
1625 5875 1723 5920 etc.

1378 465 1470 521 AD
1508 465 1825 524 POPULUM
1867 458 2349 519 ANTIOCIIENUM
2412 463 2642 520 IIOMIL.
2681 459 2802 520 XIX

3700 461 3801 517 1N

2223 592 2414 643 eorum,
2442 578 2561 647 quia
2580 580 2631 631 in
2660 595 2811 632 manu
2840 578 2972 649 regis
2997 578 3271 648 Babylonis
3294 578 3529 649 capieris,
3557 590 3606 633 et
3629 581 3801 633 civitas

2218 668 2326 722 haec
2368 667 2685 725 comburetur
2724 671 2831 740 igni
2864 669 3074 739 (Jerem.
3101 672 3189 726 58.
3220 672 3285 725 Π
3335 670 3406 727 25
3434 671 3474 740 ).
3517 672 3623 727 Sed
3656 682 3798 743 post-

2217 774 2375 830 quam
2424 774 2528 813 non
2555 762 2819 831 persuasit
2846 760 2960 814 haec
2988 761 3171 816 dicens
3195 803 3209 827 ,
3252 761 3346 817 sed
3373 764 3567 819 mansit
3594 765 3643 816 in
3674 781 3801 832 pec—

2219 859 2337 904 cato
2362 859 2417 906 et
2446 851 2723 919 iniquitate
2750 892 2765 918 ,
2809 862 2929 922 post
2964 862 3071 907 tres
3096 869 3264 907 annos
3287 854 3557 909 civitatem
3591 855 3809 912 tradidit

2220 940 2361 995 Deus
2383 982 2399 1007 ,
2427 950 2480 996 et
2508 942 2846 996 clementiam
2876 958 3026 996 suam
3056 943 3428 999 demonstrans
3456 955 3511 1000 et
3552 947 3692 1001 illius
3721 947 3805 1001 in-

2216 1040 2423 1099 gratum
2458 1031 2713 1084 animum.
2760 1032 2823 1085 Et
2863 1032 3085 1101 ingressi
3118 1048 3238 1087 cum
3283 1037 3801 1105 magna~tacilitatc,

2219 1120 2310 1174 Dei
2341 1130 2393 1174 et
2418 1121 2558 1191 regis
2583 1121 2798 1175 domum
2824 1123 3171 1177 incenderunt
3195 1132 3248 1178 et
3274 1125 3463 1179 domos
3491 1126 3802 1192 Jerusalem,

2218 1218 2272 1264 et
2297 1226 2508 1266 omnem
2535 1228 2778 1283 magnam
2806 1213 3020 1268 domum
3052 1216 3283 1271 incendit
3328 1218 3576 1287 princeps
3605 1233 3798 1288 coquov

2216 1306 2334 1356 ium
2363 1311 2418 1357 et
2446 1319 2655 1358 murum
2680 1303 2978 1360 Jerusalem
3006 1306 3304 1374 subvertit,
3346 1319 3398 1363 et
3437 1310 3631 1380 ubique
3669 1310 3808 1379 ignis

2216 1393 2561 1460 grassabatur
2588 1395 2920 1460 barbaricus,
2941 1396 3248 1464 juramento
3285 1399 3458 1467 ignem
3497 1401 3724 1455 ducente
3752 1412 3807 1455 et

2217 1480 2483 1537 ﬂammam
2514 1485 2707 1551 passim
2734 1488 3129 1556 circumagente
3158 1505 3171 1541 :
3200 1498 3251 1541 et
3299 1491 3549 1557 populum
3592 1493 3641 1544 in
3679 1492 3804 1545 civi-

2218 1583 2326 1628 tate
2346 1576 2587 1629 relictum
2610 1584 2665 1629 et
2685 1578 2772 1645 qui
2797 1579 3116 1633 transierant
3137 1579 3203 1632 ad
3225 1595 3403 1649 regem
3427 1585 3803 1650 transportavit

2219 1664 2463 1735 princeps
2492 1680 2779 1735 coquorum
2812 1668 2897 1738 (4.
2927 1668 3050 1738 Reg.
3080 1668 3204 1738 25).
3234 1669 3301 1723 Et
3330 1671 3589 1727 columnas
3612 1688 3770 1728 cereas
3790 1714 3807 1739 ,

2215 1773 2328 1827 qua:
2355 1768 2496 1811 erant
2524 1759 2575 1811 in
2602 1759 2749 1811 domo
2788 1758 2997 1813 Domini
3021 1801 3036 1825 ,
3077 1770 3122 1815 et
3156 1760 3318 1827 bases,
3351 1773 3395 1815 et
3423 1780 3562 1816 mare
3589 1780 3806 1831 laneum,

2216 1850 2352 1920 quod
2380 1859 2486 1902 erat
2503 1851 2557 1904 in
2579 1852 2729 1904 domo
2752 1850 2976 1916 Domini,
3000 1857 3350 1923 confregerunt
3381 1852 3611 1909 Chaldazi
3640 1873 3658 1910 :
3681 1856 3811 1910 ollas

2217 1955 2411 2009 quoque
2432 1955 2608 2006 cereas,
2634 1950 2678 1993 et
2704 1941 3004 2012 fuscinulas,
3029 1952 3073 1995 et
3100 1942 3319 2012 phialas,
3339 1952 3387 1997 et
3416 1946 3728 2009 mortariola,
3761 1956 3811 2001 et

2217 2030 2386 2083 omnia
2424 2046 2542 2083 vasa
2580 2047 2712 2084 terea
2752 2032 3003 2101 inquibus
3040 2033 3431 2098 ministrabant,
3475 2035 3692 2088 tulerunt
3719 2052 3737 2089 .'
3767 2044 3812 2088 et

2218 2124 2492 2188 thuribula,
2514 2132 2559 2176 et
2585 2123 2784 2192 phialas
2802 2140 2980 2177 aureas
3011 2134 3057 2176 et
3077 2134 3339 2192 argenteas
3367 2127 3585 2179 tulerunt
3618 2142 3635 2179 :
3656 2136 3701 2180 et
3720 2144 3810 2180 ro-

2219 2215 2417 2268 lumnas
2433 2215 2558 2266 duas
2575 2224 2619 2265 et
2635 2214 2793 2274 bases.
2809 2223 2854 2266 et
2868 2231 3007 2269 mare
3022 2215 3157 2284 quod
3174 2217 3291 2282 fecit
3317 2216 3562 2270 Salomon
3582 2219 3634 2271 in
3658 2219 3807 2272 domo

2219 2304 2442 2367 Domini,
2473 2307 2584 2358 tulit
2617 2304 2981 2371 Nabuzardan,
3014 2305 3247 2373 princeps
3272 2323 3545 2377 coquorum
3568 2325 3586 2362 :
3613 2320 3658 2361 et
3684 2310 3805 2362 tule-

2216 2405 2335 2448 runt
2357 2411 2552 2465 quoque
2573 2394 2785 2448 Saream
2813 2396 3031 2464 primum
3054 2395 3380 2461 sacerdotem,
3412 2406 3458 2448 et
3486 2397 3698 2466 Saphan
3724 2416 3810 2452 sa-

2218 2487 2465 2541 cerdotem
2494 2487 2788 2552 secundum,
2813 2496 2856 2540 et
2884 2496 2980 2540 tres
3003 2486 3087 2556 qui
3113 2487 3455 2540 custodiebant
3481 2487 3653 2553 limen,
3678 2499 3725 2543 et
3748 2490 3813 2544 de

2218 2580 2416 2633 civitate
2440 2580 2721 2632 eunuchum
2747 2595 2924 2653 unum,
2943 2579 3028 2646 qui
3054 2586 3159 2630 erat
3194 2580 3462 2649 praefectus
3486 2595 3636 2649 super
3653 2580 3813 2635 bella-

2218 2678 2349 2722 tores
2373 2670 2523 2732 viros,
2551 2677 2596 2721 et
2616 2669 2831 2739 quinque
2849 2668 2981 2722 viros
3001 2667 3063 2721 de
3088 2668 3164 2720 his
3179 2667 3263 2735 qui
3286 2668 3516 2721 videbant
3535 2670 3714 2739 faciem
3731 2687 3813 2725 re-

2217 2761 2314 2831 gis,
2329 2770 2374 2813 et
2394 2759 2606 2829 Saphan
2624 2759 2901 2829 principem
2916 2759 3234 2823 eaercitus,et
3247 2758 3533 2823 scribam,et
3550 2759 3814 2830 sexaginta

2218 2852 2347 2903 viros
2366 2891 2379 2912 ,
2403 2858 2447 2903 et
2466 2849 2577 2901 tulit
2594 2865 2695 2915 eos,
2724 2858 2770 2902 et
2794 2848 3006 2901 abduxit
3023 2848 3090 2900 ad
3109 2864 3274 2917 regem
3294 2847 3589 2917 Babylonis,
3612 2865 3811 2917 percus-

2216 2941 2378 3008 sitque
2393 2955 2472 2992 eos
2489 2955 2578 2991 rex
2602 2937 2874 3008 Babylonis
2889 2946 2936 2991 et
2956 2938 3203 3007 interfecit
3216 2954 3301 2991 eos
3317 2936 3481 3007 (Ibid.
3512 2955 3561 2992 v.
3592 2938 3810 3007 15-21).

2217 3028 2399 3097 Itaque
2425 3030 2709 3083 recordare
2724 3029 2849 3082 mihi
2880 3028 3028 3082 falcis
3046 3029 3270 3083 volantis
3286 3038 3335 3082 et
3355 3030 3739 3099 requiescentis
3758 3032 3810 3086 in

2218 3120 2380 3173 domo
2403 3120 2630 3188 jurantis
2652 3161 2667 3183 ,
2707 3128 2760 3172 et
2791 3119 3025 3188 parietes
3049 3119 3372 3173 destruentis
3397 3128 3454 3173 ut
3497 3120 3637 3189 ligna
3659 3131 3713 3176 et
3737 3121 3814 3175 la-

2217 3210 2370 3279 pides
2399 3228 2413 3264 :
2441 3211 2722 3264 recordare
2749 3210 2877 3264 mihi
2902 3210 3169 3279 quomodo
3190 3211 3552 3279 juramentum
3584 3212 3686 3266 hoc
3713 3228 3804 3267 nr-

2218 3302 2337 3356 bcm
2368 3302 2658 3371 ingressum
2682 3344 2696 3366 ,
2742 3310 2902 3369 atque
2940 3301 3129 3354 domos
3159 3312 3211 3354 et
3233 3302 3488 3370 templum
3520 3312 3573 3356 et
3612 3305 3807 3360 muenia

2217 3393 2544 3458 aiditiciaque
2573 3391 2846 3459 splendida
2877 3391 3155 3455 destruxit,
3187 3400 3241 3444 et
3267 3393 3549 3446 maccriem
3581 3392 3707 3448 fecit
3730 3395 3807 3449 ci-

2217 3488 2451 3549 vitatem,
2475 3494 2526 3537 et
2548 3498 2716 3551 neque
2739 3492 2920 3536 sancta
2945 3492 3269 3547 sanctorum,
3295 3498 3463 3551 neque
3485 3499 3634 3538 sacra
3658 3500 3806 3550 vasa,

2216 3591 2315 3629 nec
2341 3574 2479 3627 aliud
2498 3575 2782 3644 quidquam
2808 3590 3017 3643 ptenam
3040 3583 3094 3628 et
3120 3574 3376 3628 ultionem
3412 3574 3558 3629 illam
3588 3579 3803 3640 avertit,

2214 3666 2336 3734 quia
2365 3665 2615 3719 violatum
2654 3663 2827 3718 fuerat
2862 3665 3242 3733 jurameutum.
3280 3665 3347 3717 Et
3369 3666 3552 3719 civitas
3583 3667 3800 3735 quidem

2211 3762 2320 3808 tam
2350 3753 2723 3808 miserabiliter
2744 3753 3068 3817 solvebatur,
3095 3769 3187 3807 rex
3213 3761 3390 3808 autem
3420 3754 3501 3807 liis
3524 3755 3805 3811 miserabi~

2188 3829 2349 3888 lliora
2377 3839 2428 3885 et
2458 3833 2687 3885 tristiora
2717 3831 3051 3901 patiebatur:
3081 3840 3132 3886 et
3162 3833 3299 3886 sicut
3324 3833 3542 3887 aedilicia
3575 3834 3676 3888 falx
3706 3837 3804 3888 ista

2215 3925 2403 3979 volans
2435 3922 2734 3986 destruxit,
2780 3923 2855 3976 sic
2890 3931 2945 3976 et
2988 3921 3129 3976 hunc
3168 3922 3454 3992 fugientem
3494 3924 3806 3993 absumpsit.

2215 4012 2463 4082 Egressus
2509 4011 2652 4065 enim
2696 4018 2766 4063 est
2803 4027 2891 4064 rex
2914 4051 2927 4071 .
2973 4010 3184 4080 inquit,
3230 4021 3372 4064 nocte
3403 4013 3465 4065 de
3493 4014 3691 4066 civitate
3719 4031 3810 4084 per

2215 4103 2347 4155 viam
2388 4110 2550 4171 portat
2575 4139 2591 4165 ,
2625 4110 2671 4154 et
2711 4099 2940 4154 Chalda'i
2982 4101 3419 4155 circumdederunt
3448 4103 3695 4156 civitatem
3718 4145 3733 4170 ,
3763 4114 3809 4158 et

2215 4202 2540 4263 persequutus
2560 4202 2631 4246 est
2657 4193 2903 4246 exercitus
2924 4191 3279 4246 Chaldaeorum
3307 4204 3419 4262 post
3445 4211 3631 4265 regem,
3654 4202 3699 4247 et
3725 4213 3810 4250 ce-

2215 4296 2395 4355 perunt
2425 4302 2535 4339 eum
2561 4326 2576 4350 ,
2621 4295 2669 4338 et
2705 4284 3185 4353 comprehenderunt
3231 4302 3432 4356 regem,
3472 4295 3515 4339 et
3557 4287 3809 4341 duxerunt

2213 4378 2382 4448 ipsum
2405 4377 2472 4430 ad
2497 4393 2665 4446 regem
2691 4375 2988 4446 Babylonis.
3022 4375 3088 4429 Et
3110 4376 3345 4443 loquutus
3373 4387 3446 4431 est
3472 4394 3561 4432 rea:
3591 4377 3810 4448 Babylo-

2214 4469 2293 4522 nis
2321 4484 2435 4521 cum
2462 4467 2677 4521 Sedecia
2693 4467 2971 4537 judicium,
2991 4476 3037 4520 et
3058 4467 3239 4521 occidit
3267 4468 3401 4536 ﬁlios
3427 4469 3583 4540 ipsius
3608 4471 3661 4522 in
3683 4484 3807 4522 ocu-

2215 4558 2278 4613 lis
2303 4563 2435 4630 ejus,
2462 4567 2511 4613 et
2537 4559 2707 4612 oculos
2733 4560 2960 4613 Sedecia:
2978 4561 3267 4625 excwcavit,
3291 4571 3337 4614 et
3357 4562 3512 4615 vinxit
3531 4578 3645 4615 eum
3666 4579 3805 4616 com-

2214 4651 2420 4723 pedibus
2441 4692 2457 4717 ,
2489 4660 2535 4704 et
2566 4650 2775 4704 abduxit
2797 4650 2850 4704 in
2879 4649 3187 4721 Babylonem
3223 4649 3243 4722 (
3267 4652 3319 4705 4.
3352 4651 3481 4722 Reg.
3511 4652 3602 4706 25.
3630 4653 3730 4707 4-7
3753 4652 3796 4722 ).

2214 4741 2351 4809 Quid
2374 4750 2477 4806 est,
2501 4741 2763 4811 Loquatus
2787 4750 2861 4795 est
2887 4757 3001 4794 cum
3029 4743 3139 4812 ipso
3158 4742 3458 4811 judicium?
3478 4743 3560 4796 Ab
3587 4744 3701 4812 ipso
3722 4759 3808 4797 ra-

2213 4839 2386 4888 tiones
2413 4832 2677 4901 repetivit,
2706 4832 2963 4886 rationem
2991 4832 3168 4900 posuit
3187 4847 3306 4886 cum
3336 4832 3471 4900 ipso,
3498 4843 3553 4887 et
3575 4833 3805 4902 primum

2216 4926 2380 4996 ipsius
2406 4924 2547 4979 ﬁlios
2571 4923 2867 4994 iugulavit,
2896 4933 2953 4977 ut
2990 4925 3217 4993 propriae
3246 4923 3562 4977 calamitatis
3589 4933 3805 4993 specta-

2215 5026 2298 5070 tor
2323 5016 2469 5069 lierct
2499 5032 2512 5068 :
2540 5026 2594 5067 et
2626 5025 2903 5082 postquam
2929 5014 3239 5079 tragmdiam
3270 5014 3414 5068 illam
3443 5015 3802 5071 miserabilem

2210 5103 2362 5169 vidit,
2383 5113 2512 5157 tunc
2531 5103 2678 5157 illum
2698 5106 3006 5161 excaecavit.
3026 5104 3143 5172 Qua
3162 5106 3228 5161 de
3249 5123 3411 5179 causa
3435 5125 3653 5164 rursum
3674 5110 3785 5166 hoc

2212 5191 2422 5263 agitur?
2449 5191 2516 5246 Ut
2541 5195 2800 5262 magister
2825 5194 3075 5250 barbaris
3103 5197 3281 5264 abeat,
3312 5206 3367 5252 et
3396 5198 3506 5254 illic
3535 5200 3782 5255 habitan-

2212 5286 2356 5339 tibus
2385 5283 2589 5339 Judaeis
2609 5325 2625 5350 ,
2651 5294 2710 5339 ut
2737 5297 3024 5342 cernentes
3049 5303 3145 5358 per
3168 5301 3499 5346 excascatum
3532 5293 3778 5360 discant,

2210 5384 2475 5446 quantum
2502 5376 2628 5429 mali
2658 5377 3145 5448 sitjuramentum;
3168 5398 3268 5437 nec
3290 5383 3366 5437 illi
3391 5398 3518 5436 vero
3543 5391 3778 5447 tantum,

2210 5483 2399 5521 verum
2419 5477 2471 5522 et
2488 5482 2644 5523 secus
2658 5469 2801 5521 viam
2820 5484 3009 5526 omnes
3027 5472 3601 5538 babitantes,vinctum
3616 5486 3668 5530 et
3683 5492 3781 5531 ca:-

2212 5568 2393 5612 catum
2417 5558 2706 5626 intuentes,
2724 5575 2820 5629 per
2841 5563 3169 5620 calamitatis
3196 5566 3621 5637 magnitudinem
3652 5585 3779 5638 pec-

2211 5651 2316 5704 cati
2333 5652 2542 5720 pondus
2556 5653 2786 5708 discant.
2800 5654 3088 5725 Propterea
3108 5657 3492 5726 prophetarum
3511 5660 3645 5715 alter
3658 5663 3779 5730 qui-

2212 5744 2336 5796 dam
2354 5745 2433 5798 sic
2451 5745 2645 5813 inquit,
2664 5744 2787 5799 Non
2800 5747 2992 5801 videbit
3009 5746 3328 5817 Babylonem
3346 5746 3561 5817 (Ezech.
3576 5752 3656 5807 l2.
3672 5754 3776 5813 15,:

2229 5836 2365 5893 alter
2387 5850 2533 5905 vero,
2558 5835 2623 5891 In
2649 5835 2961 5906 Babylonem
2986 5831 3261 5889 abducetur
3287 5833 3498 5907 (Jerem.
3529 5841 3620 5897 52.
3648 5844 3723 5915 ii).
3740 5847 3810 5902 Et
