4068 6464
357 397 461 457 195

350 500 610 557 contraria
630 500 839 571 quidem
864 499 1138 569 prophetia
1158 514 1277 554 esse
1299 499 1525 564 videtur,
1553 499 1648 554 sed
1676 514 1779 554 non
1805 509 1887 554 est
1912 519 1926 554 ε

349 596 466 648 haec
487 594 641 647 ambo
658 607 808 646 vera:
830 591 1025 645 etenim
1051 589 1371 657 Babylonem
1390 606 1495 643 non
1513 590 1664 653 vidit,
1680 598 1734 644 et
1751 591 1799 644 in
1824 590 1930 643 Ba-
1972 650 1976 652 γ

348 682 597 756 hylonem
615 684 875 737 abductus
891 691 992 734 est.
1007 680 1282 746 Quomodo
1300 681 1458 750 igitur
1477 681 1801 751 Babylonem
1823 697 1925 735 non

345 775 519 828 vidit?
545 772 803 840 Quoniam
833 772 883 824 in
902 771 1086 826 Judzea
1109 783 1404 825 excaecatus
1429 780 1529 826 est.
1568 771 1664 827 Ubi
1696 787 1924 840 namque

343 865 698 934 juramentum
725 872 961 930 spretum
985 869 1087 925 est,
1108 862 1175 916 ibi
1207 869 1261 916 et
1286 861 1607 915 vindicatum
1637 869 1735 922 est,
1758 870 1813 913 et
1840 862 1923 912 ιιι·-

346 954 541 1010 tionem
571 953 683 1021 ipse
708 953 977 1006 sustinuit.
1006 951 1283 1017 Quomodo
1309 951 1567 1005 abductus
1585 960 1669 1004 est
1691 949 1922 1021 Babylo-

341 1045 500 1103 nem?
523 1044 774 1115 Captivos
797 1045 987 1100 factus.
1015 1045 1274 1110 Quoniam
1302 1045 1445 1098 enim
1480 1044 1598 1097 dua:
1625 1053 1777 1098 erant
1807 1059 1924 1112 pte-

341 1152 455 1202 nat,
487 1137 774 1192 excaecatio
798 1145 850 1189 et
877 1136 1156 1202 captivitas
1175 1176 1190 1200 ,
1221 1134 1607 1189 distribuerunt
1633 1134 1774 1204 ipsas
1803 1150 1924 1203 pro-

341 1226 543 1297 pltclt‘B:
563 1236 616 1281 et
642 1227 727 1281 hic
745 1226 981 1295 quidem,
1004 1224 1124 1279 Non
1144 1225 1347 1291 videbit,
1374 1225 1561 1294 inquit,
1586 1223 1918 1294 Babylonem,

339 1319 506 1387 ipsius
532 1320 946 1373 exemeationem
974 1318 1157 1372 dicens
1182 1335 1195 1372 :
1227 1317 1318 1373 ille
1344 1332 1471 1371 vero
1490 1317 1582 1382 ait,
1609 1313 1676 1370 In
1694 1315 1916 1386 Babylo—

339 1425 452 1462 nem
486 1408 780 1470 abducetur,
811 1408 975 1477 ipsius
1002 1407 1310 1478 signiﬁcans
1333 1407 1716 1476 captivitatem.

404 1503 462 1559 4.
502 1500 715 1555 Moralis
752 1501 1052 1555 exhortatio.
1076 1528 1149 1540 —-
1171 1499 1296 1553 Haec
1327 1498 1482 1567 igitur
1514 1498 1774 1562 scientes,
1808 1497 1916 1550 fra-

335 1603 478 1658 tres,
505 1602 559 1648 et
586 1608 726 1647 nunc
760 1595 898 1646 dicta
923 1602 977 1646 et
1010 1601 1135 1646 ante
1172 1590 1287 1644 huic
1323 1600 1735 1644 commemorata
1763 1590 1918 1643 colli-

333 1694 538 1752 gentes,
559 1684 627 1736 ab
652 1683 750 1736 hac
776 1682 989 1736 tandem
1004 1681 1172 1735 stulta
1200 1694 1471 1734 cessemus
1496 1678 1914 1733 consuetudine:

332 1776 410 1830 sic
436 1791 564 1845 rogo
600 1784 654 1830 et
677 1789 774 1829 oro
802 1789 894 1828 vos
921 1787 1129 1827 omnes.
1162 1771 1218 1827 Si
1258 1771 1400 1826 enim
1442 1770 1760 1840 antiquitus,
1792 1786 1913 1824 cum

330 1868 499 1922 Judmi
526 1867 593 1922 ad
619 1867 904 1937 perfectam
926 1865 1257 1933 disciplinam
1291 1880 1395 1917 non
1422 1862 1786 1933 exigebantur,
1819 1862 1912 1916 sed

328 1959 492 2012 multa
522 1965 638 2014 erat
666 1957 1008 2026 indulgentia,
1034 1965 1174 2009 tanta
1205 1963 1423 2024 propter
1452 1967 1613 2006 unum
1637 1953 1911 2021 juramen-

330 2059 438 2100 tmn
467 2048 562 2108 ira,
589 2056 789 2100 tantum
815 2045 1100 2108 excidium,
1136 2052 1276 2097 tanta
1307 2042 1585 2110 captivitas
1613 2041 1744 2094 fuit:
1778 2040 1905 2109 quid

326 2152 617 2205 congruum
638 2146 717 2189 est
744 2150 882 2190 nunc
908 2149 1155 2203 passuros
1175 2147 1293 2187 esse
1307 2132 1565 2201 jurantcs,
1592 2140 1709 2200 post
1738 2130 1907 2200 legem

328 2225 427 2285 hoc
462 2226 637 2282 facere
677 2225 1042 2294 prohibentem
1073 2236 1127 2279 et
1150 2232 1351 2277 tantum
1383 2222 1748 2276 mandatorum
1777 2238 1909 2292 ang-

326 2318 601 2373 mentum?
644 2316 781 2372 Num
823 2317 965 2371 enim
1010 2314 1111 2370 hoc
1151 2324 1229 2370 cst
1265 2314 1406 2383 quod
1443 2313 1715 2381 qua-ritur,
1749 2322 1803 2366 ut
1843 2312 1909 2367 ad

323 2408 563 2478 synaxim
593 2408 867 2460 veniamus
901 2414 957 2460 et
993 2403 1268 2459 audiamus
1305 2418 1423 2472 qua:
1462 2402 1751 2456 dicuntur?
1796 2402 1907 2457 Hoc

323 2497 536 2568 quidem
564 2508 618 2551 et
652 2495 907 2566 judicium
937 2495 1106 2564 majus
1129 2503 1244 2560 est,
1274 2503 1327 2549 et
1352 2509 1506 2563 parua
1551 2494 1869 2548 inevitabilis
1888 2534 1903 2558 ,

321 2588 534 2659 quando
558 2598 814 2658 perpetuo
841 2587 1116 2642 audientes
1142 2603 1245 2641 non
1272 2586 1555 2655 implemus
1579 2601 1697 2655 qua:
1718 2585 1904 2639 dicun-

319 2689 425 2735 tur.
453 2680 622 2748 Quam
651 2678 793 2734 enim
819 2678 1131 2732 habebimus
1157 2676 1559 2731 defensionem?
1585 2691 1742 2744 quant
1774 2689 1903 2728 vero

321 2777 525 2828 veniam
549 2814 565 2839 ,
598 2788 719 2828 cum
743 2787 775 2826 a
802 2771 968 2841 prima
1008 2786 1104 2825 nos
1130 2779 1285 2825 tctate
1315 2784 1479 2839 usque
1518 2768 1569 2822 in
1604 2778 1899 2822 extremam

319 2865 565 2920 canitiem
591 2865 694 2918 huc
711 2862 1087 2917 convenientes
1104 2869 1160 2915 et
1181 2868 1321 2914 tanta
1344 2859 1582 2913 fruentes
1601 2857 1900 2925 disciplina,

318 2956 519 3011 situiles
544 2956 643 3009 illis
678 2969 1046 3009 remaneamus
1069 2993 1085 3019 ,
1109 2963 1165 3007 et
1193 2952 1392 3005 nullum
1418 2951 1722 3005 studeamus
1750 2950 1902 3003 defe-

316 3056 460 3103 ctum
485 3047 788 3118 corrigere?
823 3046 901 3101 Ne
931 3047 1057 3100 mihi
1084 3047 1194 3114 jam
1235 3045 1426 3114 aliquis
1463 3043 1900 3099 consuetudinem

320 3138 648 3208 pnetendat:
695 3147 912 3208 propter
956 3136 1058 3191 hoc
1101 3136 1244 3190 enim
1289 3135 1535 3204 indignor
1577 3145 1631 3189 et
1677 3135 1897 3198 irascor,

316 3232 560 3300 quoniam
606 3230 1046 3285 consuetudinem
1083 3228 1299 3281 vincere
1337 3241 1442 3280 non
1486 3240 1788 3296 possumus.
1832 3225 1903 3277 Et

314 3324 412 3377 nisi
440 3322 872 3377 consuetudinem
902 3322 1197 3384 vincamus,
1223 3317 1489 3387 quomodo
1514 3318 1899 3386 concupiscen-

313 3413 441 3467 tiam
462 3414 754 3478 vincemus,
781 3412 932 3483 cujus
952 3412 1103 3466 radix
1126 3410 1285 3465 habet
1302 3425 1332 3463 a
1350 3419 1534 3464 natura
1550 3408 1901 3479 principium?

311 3506 702 3576 Concupiscere
731 3505 870 3559 enim
902 3503 1141 3558 naturale
1160 3544 1174 3567 ,
1203 3502 1342 3556 male
1367 3516 1495 3555 vero
1523 3500 1901 3567 concupiscere

310 3599 419 3666 jam
445 3606 529 3650 est
561 3596 867 3649 voluntatis.
896 3594 1082 3649 Jurare
1120 3607 1312 3661 nempe
1352 3606 1450 3646 nec
1474 3592 1613 3660 cepit
1640 3605 1671 3644 a
1709 3589 1898 3643 volun-

312 3699 421 3746 tate
449 3690 465 3720 ¹
496 3688 832 3759 principium,
860 3685 955 3741 sed
980 3701 1048 3740 ex
1068 3684 1381 3754 negligentia
1411 3682 1546 3736 sola.

392 3780 536 3833 Mira:
583 3779 937 3832 circulatorum
984 3776 1318 3831 artes.—-Et
1344 3784 1400 3829 ut
1442 3774 1637 3838 discas,
1687 3789 1792 3827 non
1830 3787 1896 3828 ex

278 3856 281 3859 ’
313 3871 391 3925 rei
419 3870 760 3935 difﬁcultate,
806 3868 901 3924 sed
932 3878 1148 3937 propter
1175 3867 1472 3937 neglectum
1513 3877 1749 3919 nostrum
1780 3875 1898 3918 tan—

313 3971 422 4015 tum
452 3960 554 4013 hoc
592 3969 868 4030 peccatum
901 3958 1222 4028 processisse
1241 3997 1254 4018 ,
1282 3958 1573 4025 cogitemus
1604 3957 1771 4009 multo
1818 3953 1900 4009 his

311 4042 609 4105 difficiliora
641 4049 885 4103 homines
912 4048 1169 4117 exsequi,
1199 4055 1253 4101 et
1281 4047 1382 4100 hoc
1420 4047 1619 4100 nullam
1652 4047 1774 4101 inde
1812 4061 1899 4099 re-

313 4141 651 4194 tributionem
696 4146 1100 4208 exspectantes:
1147 4137 1438 4206 cogitemus
1482 4152 1602 4205 quze
1655 4136 1898 4190 diabolus

313 4230 593 4297 imperavit
616 4271 629 4294 ,
663 4244 818 4299 quam
846 4228 1104 4282 laboriosa
1131 4269 1146 4294 ,
1171 4242 1328 4296 quam
1367 4228 1583 4295 gravia:
1632 4240 1730 4280 nec
1753 4224 1898 4278 diffi-

312 4325 481 4378 cultas
513 4322 610 4378 fuit
636 4323 750 4390 ejus
777 4320 1036 4375 mandatis
1063 4319 1516 4388 impedimentum.
1552 4316 1687 4383 Quid
1713 4317 1854 4371 enim
1880 4356 1895 4381 ,

313 4427 513 4483 qua-so,
560 4412 824 4466 difﬁcilius
867 4410 955 4475 sit,
1012 4424 1169 4478 quam
1216 4423 1338 4462 cum
1380 4405 1641 4476 quispiam
1685 4405 1897 4475 juvenis

312 4504 612 4558 volentibus
628 4516 685 4555 se
701 4501 940 4554 emollire
961 4508 1014 4553 et
1031 4499 1264 4553 membra
1284 4513 1375 4551 sua
1396 4506 1642 4566 torquere
1663 4497 1895 4566 scipsum

212 4606 225 4621 ‘
311 4597 556 4656 tradens,
585 4594 769 4648 sedqu
798 4591 1085 4646 contendat
1123 4600 1254 4643 rot.e
1294 4605 1443 4644 more
1485 4598 1651 4643 totum
1680 4589 1897 4644 ﬂectere

313 4705 511 4760 corpus
533 4730 548 4756 ,
581 4697 633 4744 et
659 4687 709 4742 in
742 4687 1041 4757 pavimento
1068 4683 1286 4747 versari,
1317 4691 1372 4735 et
1399 4696 1490 4750 per
1514 4682 1697 4737 oculos
1725 4691 1779 4735 et
1804 4696 1897 4749 per

314 4797 565 4837 manuum
590 4777 1094 4835 circmnductionem
1138 4782 1192 4827 et
1223 4772 1381 4824 aliam
1426 4772 1808 4826 revolutionem
1841 4772 1893 4825 in

315 4874 602 4928 femineum
644 4885 810 4940 genus
854 4866 1081 4921 transire
1120 4871 1363 4925 conetur,
1413 4877 1509 4915 nec
1546 4865 1730 4915 eorum
1777 4852 1896 4929 qua:

317 4961 844 5025 liuutdifﬁcultatem,
868 4972 966 5011 nec
981 4971 1048 5010 ex
1069 4955 1133 5009 iis
1149 4953 1487 5023 ignominiam
1513 4951 1896 5006 ratiocinetur?

314 5055 368 5111 in
394 5052 666 5108 orchestra
706 5065 913 5104 rursum
944 5062 1037 5102 eos
1060 5089 1075 5112 ,
1105 5047 1193 5115 qui
1234 5046 1610 5114 pertrahuntur
1630 5086 1643 5104 ,
1671 5052 1725 5097 ct
1754 5043 1896 5097 velut

312 5144 414 5198 alis
441 5141 693 5195 membris
710 5149 925 5193 utuntur
945 5135 1236 5203 corporeis,
1259 5135 1376 5203 quis
1397 5134 1580 5187 videns
1600 5149 1701 5185 non
1729 5132 1895 5186 admi-

312 5233 499 5290 retur?
529 5231 730 5301 gladios
759 5236 933 5282 autem
962 5228 1261 5280 alternatim
1294 5225 1345 5277 iu
1368 5238 1547 5278 aerem
1573 5222 1891 5289 jaculantcs,

310 5336 367 5378 et
389 5338 576 5378 omnes
600 5335 809 5374 rursum
833 5334 925 5386 per
947 5316 1277 5370 manubrium
1301 5315 1590 5383 capientes,
1613 5328 1768 5382 quem
1788 5328 1893 5365 non

310 5412 633 5468 confundant
664 5408 867 5462 nullum
899 5420 996 5474 pro
1022 5406 1217 5458 virtute
1244 5403 1476 5457 laborem
1503 5403 1771 5468 suscipere
1800 5417 1895 5453 vo-

310 5502 577 5557 leutium?
603 5501 682 5554 vel
711 5496 835 5565 quid
865 5498 932 5551 de
960 5498 1022 5549 iis
1042 5495 1248 5549 dicatur
1276 5493 1421 5558 viris,
1448 5494 1535 5562 qui
1565 5493 1814 5561 perticam
1840 5491 1894 5545 in

312 5591 487 5646 fronte
509 5594 782 5658 gestantes
804 5626 819 5649 ,
851 5588 993 5640 velut
1021 5586 1266 5638 arborem
1297 5582 1348 5635 in
1381 5591 1517 5637 terra
1562 5582 1849 5636 radicatam
1876 5622 1891 5645 ,

314 5677 387 5729 sic
414 5682 683 5731 immotam
717 5677 1077 5730 conservant?
1107 5675 1223 5730 Non
1269 5674 1368 5726 hoc
1411 5674 1582 5727 solum
1611 5685 1693 5727 est
1720 5673 1891 5727 admi-

369 5784 381 5816 '
417 5785 575 5835 Morel.
605 5791 657 5833 et
686 5779 878 5843 aliquot
898 5794 1027 5848 Mss,
1051 5802 1082 5837 a
1104 5786 1369 5846 voluntate;
1387 5784 1486 5847 alii,
1502 5798 1532 5836 a
1558 5791 1751 5837 natura.

1092 386 1148 443 8.
1187 384 1464 442 JOANNIS
1499 384 1973 443 CHRYSOSTOM!
2013 388 2329 445 ARCHIEP.
2370 389 2899 448 CONSTANTINOP.

3514 397 3615 454 I97

2037 502 2202 556 rabile
2227 546 2240 566 ,
2272 520 2454 559 verum
2483 515 2537 561 et
2566 507 2615 561 id
2643 509 2783 577 quod
2817 509 3063 577 puerulos
3089 524 3282 579 parvos
3321 511 3371 563 i'l
3402 527 3614 566 summo

2036 591 2177 661 ligno
2210 594 2226 625 ί
2266 593 2405 649 inter
2431 611 2487 650 se
2530 597 2715 651 luctari
2750 599 2977 663 faciunt,
3012 609 3065 654 et
3096 617 3266 670 neque
3291 617 3478 657 manus
3514 618 3611 657 nec

2031 686 2131 739 alia
2158 688 2397 755 corporis
2419 704 2557 756 pars,
2580 690 2673 744 sed
2705 690 2849 744 frons
2872 693 2983 746 sola
3011 694 3154 746 omni
3178 694 3386 747 vinculo
3408 694 3611 748 ﬁrmius

2031 776 2171 829 illam
2195 778 2448 846 perticam
2469 780 2605 849 gerit
2632 780 3018 835 inconcussam.
3043 783 3194 838 Alter
3211 800 3420 838 rursum
3446 801 3609 854 supra

2030 865 2206 920 funem
2243 869 2676 936 angustissimum
2718 886 2837 926 cum
2870 881 3014 927 tanta
3039 873 3271 928 ambulat
3302 875 3615 942 securitate,

2027 968 2147 1008 cum
2179 967 2373 1026 quanta
2416 960 2506 1029 qui
2535 960 2719 1029 planos
2756 976 2972 1033 campos
3018 974 3350 1033 percurrunt.
3382 966 3606 1021 Verum-

2026 1051 2203 1098 tamen
2245 1046 2357 1102 [nec
2382 1065 2500 1118 qua:
2529 1059 2584 1104 et
2622 1052 2851 1119 cogitatu
2893 1053 3240 1108 intolerabilia
3270 1070 3389 1110 esse
3415 1057 3611 1111 viden-

2028 1143 2114 1189 tur
2136 1177 2150 1199 ,
2178 1135 2314 1191 facta
2352 1147 2475 1193 sunt.
2510 1148 2625 1194 arte
2652 1142 2941 1209 possibilia.
2976 1143 3114 1208 Quid
3154 1143 3342 1197 horum
3382 1146 3432 1199 in
3456 1146 3606 1213 jura-

2025 1229 2220 1282 mentis
2246 1271 2260 1293 ,
2305 1246 2516 1299 qumso,
2569 1233 2899 1302 praetendere
2944 1236 3266 1303 possumus?
3302 1251 3458 1306 quam
3502 1236 3604 1291 dif-

2025 1319 2358 1376 ﬁcultatem?
2410 1339 2567 1393 quem
2612 1325 2916 1381 sudorem?
2969 1342 3125 1395 quam
3184 1327 3402 1388 artem?
3457 1327 3607 1397 quod

2025 1413 2355 1480 periculum?
2381 1415 2584 1485 Exiguo
2620 1424 2823 1470 tantum
2851 1416 3024 1471 studio
3056 1416 3207 1470 nobis
3239 1427 3319 1470 est
3343 1432 3476 1486 opus
3498 1458 3514 1482 ,
3546 1428 3602 1472 et

2024 1503 2167 1556 brevi
2212 1505 2364 1559 nobis
2393 1515 2559 1560 totum
2589 1507 2893 1576 expeditum
2924 1507 3099 1561 fuerit.
3124 1507 3233 1562 Nec
3262 1509 3388 1562 mihi
3414 1509 3559 1564 dicas
3582 1551 3602 1575 ,

2020 1592 2269 1661 Majorem
2296 1605 2499 1664 partem
2527 1598 2769 1666 expedivi
2794 1616 2806 1651 :
2852 1598 2945 1653 sed
2978 1609 3033 1653 tu
3061 1600 3158 1654 nisi
3188 1608 3355 1655 totum
3381 1600 3601 1670 expedi-

2019 1684 2179 1749 veris,
2211 1686 2445 1741 nondum
2475 1697 2526 1743 te
2560 1689 2849 1760 quidquam
2890 1690 3081 1747 fecisse
3124 1700 3285 1761 puta:
3333 1694 3433 1748 hoc
3456 1694 3607 1748 eninr

2019 1777 2268 1845 exiguum
2298 1780 2593 1850 neglectum
2632 1789 2688 1836 et
2727 1797 2886 1838 omne
2913 1770 3450 1853 reliqumndestruit.
3481 1785 3596 1841 Stc-

2017 1866 2135 1935 pius
2163 1883 2389 1938 namque
2432 1870 2619 1925 domos
2647 1871 2972 1927 mdiﬁcantes
3000 1873 3242 1928 homines
3261 1916 3276 1940 ,
3324 1884 3378 1929 et
3403 1886 3597 1932 tectum

2018 1957 2348 2029 imponentes
2370 2003 2386 2029 ,
2416 1962 2572 2017 unius
2596 1964 2788 2033 tegula:
2808 1979 3047 2020 excussa:
3073 1980 3254 2019 curam
3285 1984 3386 2020 non
3408 1983 3603 2037 gereno

2019 2061 2119 2116 tes,
2148 2060 2313 2107 totam
2336 2054 2552 2110 domum
2582 2056 2943 2125 perdiderunt.
2976 2057 3042 2111 Et
3068 2059 3118 2111 in
3148 2060 3474 2113 vestimentis
3494 2059 3597 2114 hoc

2016 2141 2188 2210 ipsum
2216 2146 2434 2202 evenire
2473 2148 2593 2216 quis
2626 2162 2850 2203 cernere
2875 2150 3076 2218 possit:
3105 2150 3300 2204 etenim
3336 2166 3497 2219 parva
3541 2152 3594 2207 in

2014 2231 2121 2286 illis
2146 2232 2280 2287 facta
2311 2236 2572 2301 scissura,
2600 2252 2700 2292 nec
2728 2238 3011 2298 resarcita.
3040 2254 3285 2308 magnam
3315 2239 3439 2297 fecit
3464 2241 3608 2295 scis‘

2012 2335 2213 2377 suram.
2247 2323 2357 2379 Hoc
2380 2334 2432 2379 ct
2459 2324 2511 2379 in
2536 2326 2856 2381 torrentibus
2876 2327 3142 2383 multoties
3166 2329 3340 2382 evenit
3364 2348 3377 2382 :
3399 2330 3594 2384 ctenim

2010 2423 2064 2466 et
2111 2413 2206 2480 illi,
2254 2416 2299 2468 si
2342 2415 2427 2469 vel
2469 2416 2745 2471 minimum
2789 2419 3030 2486 ceperint
3076 2420 3395 2487 ingressum,
3428 2430 3607 2474 totum

2012 2502 2352 2558 introducunt
2388 2504 2667 2559 ﬂuentum.
2701 2506 2880 2575 Itaque
2920 2517 2973 2561 et
2998 2516 3052 2560 tu
3076 2548 3090 2571 ,
3124 2510 3251 2564 licet
3286 2519 3338 2563 te
3363 2510 3594 2577 undique

2010 2595 2319 2662 muniveris,
2369 2597 2414 2649 si
2454 2602 2630 2652 tamen
2675 2597 2849 2666 aliqua
2894 2611 3017 2665 pars
3062 2598 3335 2652 immunita
3375 2599 3604 2653 dimissa

2010 2692 2113 2750 est,
2142 2686 2301 2739 etiam
2330 2685 2465 2740 hanc
2491 2686 2703 2740 diabolo
2729 2686 2965 2753 ohstrue,
2999 2696 3054 2741 ut
3080 2689 3153 2741 sis
3175 2688 3243 2739 ab
3268 2687 3412 2741 omni
3444 2700 3594 2756 parte

2010 2775 2271 2830 ﬁrmatus.
2306 2776 2496 2831 Vidisti
2535 2777 2770 2832 falcem?
2801 2778 2976 2832 vidisti
3023 2788 3182 2846 caput
3210 2778 3471 2833 Joannis?
3499 2794 3594 2833 au-

2009 2868 2131 2924 disti
2159 2869 2436 2925 historiam
2472 2871 2539 2926 de
2564 2871 2723 2927 Same
2742 2873 2766 2924 ’ἰ
2792 2872 2984 2925 audisti
3012 2872 3334 2941 captivitatis
3359 2871 3592 2927 Judaicae

2008 2963 2270 3017 modum?
2298 2977 2419 3016 cum
2442 2961 2527 3015 his
2551 2972 2730 3016 autem
2760 2962 3008 3017 omnibus
3037 2962 3225 3015 audisti
3249 2960 3443 3015 Christi
3471 2977 3594 3016 sen-

2012 3057 2231 3111 tentiam
2251 3095 2265 3120 ,
2293 3054 2559 3109 dicentem
2585 3052 2726 3122 quod
2749 3068 2853 3105 non
2884 3053 3119 3121 pejerarc
3147 3061 3345 3105 tantum
3366 3092 3381 3116 ,
3409 3068 3592 3109 verum

2008 3159 2059 3202 et
2096 3148 2281 3213 jttrare
2326 3146 2824 3215 quomodocumque
2872 3144 3187 3197 diabolieum
3235 3155 3337 3209 est,
3387 3154 3441 3198 et
3484 3153 3589 3200 tota

2007 3238 2221 3307 maligni
2254 3236 2573 3290 machinatio
2627 3234 2837 3303 (Matth.
2870 3234 2924 3288 5.
2958 3235 3045 3287 55.
3075 3235 3163 3301 54)
3186 3233 3208 3287 ?
3235 3234 3428 3287 audisti
3473 3234 3591 3287 ubi-

2007 3342 2110 3396 que
2129 3327 2433 3394 juramenta
2463 3324 2610 3393 sequi
2639 3321 2915 3393 perjuria?
2942 3322 3065 3377 Πιυο
3084 3362 3099 3386 ,
3135 3324 3345 3392 inquam
3364 3364 3379 3386 ,
3413 3325 3589 3377 omnia

2006 3430 2355 3484 congregans,
2404 3414 2631 3468 inscribe
2677 3413 2826 3467 cordi
2877 3423 2987 3466 tuo.
3021 3413 3136 3466 Non
3176 3413 3352 3469 cernis
3379 3422 3436 3467 ut
3476 3431 3591 3469 mu-

2007 3507 2164 3560 lieres
2189 3515 2244 3560 et
2281 3506 2426 3573 parvi
2457 3506 2602 3574 pueri
2632 3518 2727 3573 pro
2764 3519 2954 3573 magna
2995 3504 3231 3559 custodia
3263 3505 3400 3558 collo
3425 3521 3591 3560 evan-

2005 3600 2139 3668 gelia
2169 3599 2520 3669 suspendunt,
2552 3609 2607 3654 et
2632 3600 2826 3669 ubique
2852 3599 3236 3653 circumferunt
3260 3614 3593 3670 quocumque

2006 3690 2233 3743 abierint
2261 3689 2379 3761 (a)?
2424 3690 2505 3744 Tu
2544 3690 2799 3760 evangelii
2831 3690 3075 3745 mandata
3116 3700 3170 3744 et
3199 3692 3341 3760 leges
3361 3691 3382 3722 ³
3411 3700 3591 3745 mente

2007 3780 2277 3834 describas
2316 3797 2330 3833 :
2378 3795 2483 3834 non
2529 3795 2659 3833 auro
2697 3794 2796 3834 nec
2830 3788 3050 3849 argento
3094 3780 3182 3833 hic
3225 3787 3308 3834 est
3347 3794 3483 3849 opus
3536 3789 3591 3837 et

2009 3871 2266 3939 pecuniis,
2298 3885 2397 3924 nec
2425 3872 2617 3924 librum
2641 3886 2821 3924 emere
2846 3888 2859 3924 :
2895 3871 3164 3925 voluntate
3194 3872 3306 3925 sola
3338 3871 3489 3925 vobis
3509 3880 3590 3925 est

2006 3977 2140 4029 opus
2167 3969 2224 4015 et
2248 3961 2437 4016 aﬁ'ectu
2479 3961 2669 4015 animae
2696 3960 3077 4030 expergefacta:
3101 4002 3116 4027 ,
3147 3970 3202 4015 et
3224 3962 3462 4015 securius
3491 3962 3586 4014 ha-

2006 4054 2156 4109 bebis
2178 4055 2530 4124 evangelium,
2559 4069 2662 4108 non
2691 4053 3073 4109 circumferens
3094 4054 3425 4109 extrinsecus
3444 4094 3461 4119 ,
3492 4054 3586 4108 sed

2006 4146 2058 4200 in
2102 4146 2294 4199 animae
2325 4145 2687 4213 penetralibus
2726 4145 2903 4213 ipsum
2946 4160 3232 4214 reponens.
3285 4146 3588 4214 Exsurgens

2004 4238 2166 4308 igitur
2184 4253 2216 4293 e
2245 4237 2405 4303 lecto,
2432 4247 2487 4291 et
2508 4237 2723 4291 domum
2753 4248 2895 4291 tuam
2921 4239 3221 4306 egrediens,
3251 4243 3387 4292 lianc
3414 4238 3587 4307 legem

2003 4338 2208 4400 repete,
2249 4330 2530 4391 videlicet,
2575 4328 2687 4396 Ego
2726 4339 2891 4382 autem
2928 4330 3041 4383 dico
3083 4329 3248 4394 vobis,
3279 4345 3381 4382 non
3406 4330 3590 4398 jurare

2004 4426 2210 4475 omnino
2237 4420 2449 4495 (Matth.
2480 4421 2533 4476 5.
2565 4423 2657 4489 54)
2683 4437 2697 4474 :
2744 4429 2797 4474 ct
2827 4422 2928 4474 erit
2958 4421 3144 4474 idonea
3173 4419 3265 4472 tibi
3308 4418 3586 4486 disciplina

2006 4514 2227 4569 verbum
2258 4513 2388 4567 illud
2414 4531 2428 4567 :
2473 4529 2573 4568 nec
2601 4514 2743 4567 enim
2787 4514 2954 4567 multo
2979 4511 3163 4566 labore
3200 4526 3332 4579 opus
3361 4518 3462 4575 est,
3491 4510 3584 4563 sed

2007 4607 2213 4662 modica
2242 4616 2444 4661 tantum
2487 4607 2801 4660 attentione.
2836 4606 2901 4660 Et
2926 4603 3064 4673 quod
3112 4602 3213 4656 hoc
3256 4602 3327 4655 sit
3363 4617 3581 4664 verum,

2004 4699 2126 4753 inde
2154 4699 2668 4753 manifestissimum.
2695 4697 2890 4751 Filium
2919 4707 3065 4750 tuum
3093 4708 3293 4749 vocans
3320 4704 3459 4749 terre
3485 4734 3501 4760 ,
3532 4702 3586 4748 et

2002 4793 2207 4847 minare
2244 4800 2294 4845 te
2333 4791 2431 4860 ipsi
2477 4791 2659 4859 plagas
2700 4788 3020 4843 inflicturum
3045 4826 3062 4853 ,
3093 4788 3197 4842 nisi
3233 4787 3405 4857 legem
3451 4786 3589 4841 hanc

2002 4892 2321 4952 exsequatur
2346 4923 2362 4947 ,
2393 4891 2446 4937 et
2472 4881 2675 4936 videbis
2700 4879 2970 4949 quomodo
2997 4896 3028 4934 a
3055 4879 3445 4934 consuetudine
3481 4885 3592 4932 sta-

2005 4976 2098 5029 tim
2122 4974 2362 5029 desistet.
2387 4972 2664 5039 Quomodo
2686 4974 2844 5042 igitur
2861 4989 2966 5027 non
2985 4970 3295 5035 absurdum,
3313 4984 3358 5023 sn
3381 4967 3588 5038 pueruli

2001 5067 2152 5135 parvi
2182 5066 2371 5119 timore
2401 5064 2568 5118 nostri
2613 5074 2867 5131 paventes
2889 5103 2906 5130 ,
2930 5061 3237 5119 mandatum
3266 5060 3545 5128 perﬁciant
3563 5097 3581 5124 ,

2002 5172 2100 5210 nos
2125 5171 2251 5211 vero
2282 5171 2453 5224 neque
2476 5156 2555 5209 sic
2591 5156 2756 5209 Deum
2785 5155 3068 5208 timeamus
3088 5191 3105 5216 ,
3138 5160 3198 5205 ut
3224 5166 3322 5206 nos
3352 5151 3444 5206 filii
3474 5167 3585 5207 me-

2003 5248 2194 5301 tuunt?
2222 5246 2374 5313 Quod
2398 5255 2574 5300 autem
2605 5246 2850 5313 superius
2875 5243 3016 5308 dixi,
3049 5240 3152 5295 hoc
3179 5249 3235 5294 et
3274 5255 3415 5296 nunc
3444 5241 3582 5295 dico.

2002 5338 2197 5408 Legem
2224 5336 2380 5391 nobis
2405 5338 2532 5406 ipsis
2561 5350 2815 5405 ponamus
2840 5373 2854 5397 ,
2882 5349 2986 5387 non
3014 5333 3161 5403 prius
3192 5331 3397 5400 publica
3423 5372 3438 5396 ,
3478 5345 3585 5386 non

2066 5541 2082 5572 ι
2121 5538 2222 5597 Alii,
2245 5537 2301 5589 in
2345 5535 2504 5586 medio
2544 5534 2691 5599 ligno.
2726 5531 2869 5582 Paulo
2892 5538 2994 5594 post
3022 5532 3189 5592 iidem,
3214 5528 3348 5581 aliud
3373 5527 3587 5593 corporis

2000 5600 2287 5650 membrum.

2066 5666 2086 5727 2
2121 5656 2308 5727 Aliquot
2328 5665 2457 5713 Mss,
2481 5663 2534 5707 tu
2553 5653 2795 5727 Evangelii
2807 5654 2996 5727 _l_iter_tts.

2065 5726 2137 5786 (a)
2172 5708 2395 5786 Mulieres
2434 5708 2485 5768 et
2519 5708 2703 5786 parvuii
2747 5715 2871 5765 collo
2911 5713 3163 5778 Evangelia
3202 5710 3589 5777 suspendebant.

2001 5780 2097 5837 Hac
2111 5780 2173 5836 de
2192 5798 2248 5836 re
2269 5785 2319 5833 in
2341 5780 2663 5844 sequentibus
2685 5786 2879 5843 agetur.
