4068 6440
298 503 571 580 ἁμαρτίας
594 500 658 555 τὸ
699 497 948 571 μέγεθος.
1001 494 1097 547 Διά
1124 496 1284 548 τοῦτο
1318 498 1347 549 6
1387 496 1485 566 μὲν
1514 495 1622 549 τῶν
1668 495 1967 566 προφητῶν

298 611 487 667 φησιν,
515 592 638 645 οὐκ
668 588 877 657 ὄψεται
903 583 1244 639 Βαϐυλῶνα·
1281 586 1309 637 6
1339 582 1396 635 δὲ
1422 582 1591 651 λέγει,
1619 583 1698 636 ὅτι
1719 584 1822 646 Εἰς
1857 584 1976 635 Βα-

300 664 542 739 ϐυλῶνα
578 674 1009 745 ἀσταχθήσεται.
1044 671 1155 725 Καὶ
1189 672 1337 725 δοκεῖ
1380 670 1480 740 μὲν
1513 670 1730 723 ἐναντία
1769 664 1912 721 εἶναι
1942 668 1976 738 ή

301 754 629 843 προφητεία·
681 766 783 818 οῦκ
819 762 937 815 ἐστι
979 761 1069 824 δὲ,
1108 759 1225 813 ἀλλ’
1260 758 1547 830 ἀμφότερα
1578 757 1749 810 ταῦτα
1774 754 1974 825 ἀληθῆ.

300 842 413 914 rm
438 856 549 927 γὰρ
574 851 867 907 Βαϐυλῶνα
896 851 994 903 ούκ
1019 845 1149 913 εῖδε,
1166 847 1259 902 καὶ
1289 848 1369 909 εἰς
1404 844 1700 899 Βαϐυλῶνα
1726 842 1973 913 ἀπήχθη.

301 945 429 1010 Πῶς
459 940 552 997 οὖν
583 939 879 994 Βαϐυλῶνα
900 938 1002 991 ούκ
1032 932 1200 1002 εἷδεν;
1244 936 1366 987 Ὀτι
1395 935 1452 987 ἐν
1489 934 1555 1003 τῇ
1616 929 1848 1001 Ἰουδαίᾳ
1879 928 1979 999 τὴν

303 1036 553 1105 πήρωσιν
581 1030 810 1099 ὑπέστη
851 1025 980 1080 ἔνθα
1017 1024 1127 1097 γὰρ
1158 1026 1186 1076 6
1230 1023 1395 1094 ὅρκος
1425 1019 1689 1091 ὴθετήθη,
1736 1019 1856 1105 ἐκεῖ
1884 1015 1981 1105 καί

304 1103 593 1188 ἐξεδιγεῖτο
635 1117 731 1172 κα)⁸
769 1114 869 1186 τὴν
914 1111 1186 1184 τιμωρίαν
1222 1109 1387 1173 αὐτὸς
1444 1107 1726 1177 ὑπέμεινε.
1765 1104 1890 1167 Πῶς
1922 1103 1980 1157 δὲ

307 1206 526 1279 ἀπήχθη
552 1206 630 1269 εἰς
662 1200 991 1267 Βαϐυλῶνα;
1020 1196 1379 1270 Αἰχμάλωτος
1404 1194 1717 1265 γενόμενος.
1760 1190 1980 1279 Ἐπειδὴ

306 1277 417 1367 γάρ
448 1293 541 1345 δύο
571 1287 712 1363 ἦσαν
758 1290 816 1342 αἰ
875 1287 1159 1358 τιμωρίαι,
1200 1287 1450 1355 πήρωσις
1478 1282 1573 1335 καὶ
1596 1277 1945 1350 αἰχμαλωσία
1964 1316 1980 1341 ,

308 1366 645 1452 διενείμαντο
670 1376 843 1440 αύτάς
869 1378 918 1430 οί
950 1375 1246 1444 προφῆται,
1272 1370 1367 1425 καὶ
1395 1373 1424 1424 ὀ
1451 1370 1572 1440 μὲν,
1597 1370 1717 1422 Οὐκ
1750 1366 1981 1433 ὄψεται,

310 1471 466 1541 φησὶ,
483 1465 835 1524 Βαϐυλῶνα,
854 1463 957 1536 τὴν
986 1464 1235 1535 πήρωσιν
1252 1458 1419 1514 αὑτοῦ
1442 1458 1637 1524 λέγων·
1663 1459 1692 1510 6
1711 1456 1767 1509 δέ
1794 1470 1979 1541 φησινξ

309 1540 414 1624 Εἰς
439 1551 770 1610 Βαϐυλῶνα
800 1548 1216 1627 ἀπαχθήσεται
1234 1561 1250 1578 ο
1278 1545 1377 1618 τὴν
1406 1543 1783 1616 αἰχμαλωσίαν
1814 1540 1980 1595 αὑτοῦ

310 1643 702 1712 αἰνιττόμενος.

378 1731 441 1788 δ’.
461 1728 644 1783 Ταῦτα
668 1721 760 1782 οῦν
778 1726 1001 1790 εἰδότες,
1014 1722 1256 1794 ἀδελφοὶ,
1286 1720 1384 1775 καὶ
1404 1718 1474 1774 τά
1501 1717 1767 1791 εἰρημένα
1790 1716 1885 1770 καὶ
1910 1715 1983 1770 τὰ

312 1816 418 1890 πρὸ
446 1818 651 1870 τούτων
680 1814 943 1885 λεχθέντα
978 1810 1347 1880 συλλέγοντες,
1368 1806 1707 1878 παυσώμεθά
1734 1821 1864 1858 ποτε
1887 1802 1989 1873 τῆς

313 1887 554 1977 πονηρᾶς
586 1901 794 1973 ταύτης
843 1898 1163 1970 συνηθείας,
1206 1896 1297 1951 ναὶ
1343 1895 1534 1965 δέομαι
1580 1893 1674 1946 καὶ
1724 1887 1988 1977 ἀντιϐολῶ

315 1976 533 2046 πάντων
564 1990 739 2061 ὑμῶν.
775 1989 838 2042 Εἰ
871 1986 982 2058 γὰρ
1016 1988 1073 2040 ἐν
1096 1987 1163 2056 τῇ
1199 1984 1432 2054 Παλαιᾷ,
1461 1983 1549 2035 ὅτε
1575 1981 1635 2033 ού
1662 1979 1760 2051 τὴν
1783 1976 1989 2048 ἀκριϐῆ

315 2078 631 2146 φιλοσοφίαν
663 2074 971 2148 ἀπῃτοῦντο
992 2077 1040 2127 οί
1066 2073 1331 2135 Ἰουδαῖοι,
1350 2071 1486 2124 ἀλλὰ
1516 2069 1683 2139 πολλὴ
1717 2065 1991 2137 συγκατά-

315 2168 472 2230 ϐασις
497 2161 566 2236 ἦν
584 2204 601 2228 ,
635 2163 877 2232 τοσαύτη
926 2162 1065 2233 ὀργὴ
1102 2160 1293 2229 γέγονε
1322 2160 1389 2213 δι’
1419 2160 1581 2231 ὅρκον
1610 2158 1727 2222 ἕνα,
1752 2153 1991 2224 τοσαύτη

315 2256 520 2319 ἅλωσις
548 2256 644 2308 καὶ
675 2252 1045 2325 αἰχμαλωσίαο
1063 2251 1116 2304 τί
1144 2250 1292 2312 εἰκὸς
1319 2246 1721 2318 ὑποστήσεσθαι
1743 2244 1839 2298 νῦν
1868 2243 1994 2307 τοὺς

315 2342 609 2414 ὀμνύοντας
624 2341 761 2413 μετά
772 2341 935 2412 νόμον
954 2338 1233 2393 κωλύοντα
1248 2338 1406 2391 τοῦτο
1422 2339 1594 2390 ποιεῖν
1609 2334 1703 2388 κα)⁸
1722 2351 1781 2387 το
1788 2332 1993 2403 σαύτην

317 2431 543 2487 ἐντολῶν
570 2431 920 2504 προσθήκην;
955 2429 1047 2501 Μή
1068 2428 1178 2499 γὰρ
1201 2428 1360 2481 τοῦτό
1395 2429 1512 2479 ἐστι
1541 2425 1602 2478 τὸ
1630 2423 1985 2495 ζητούμενον,

317 2522 465 2583 ὅπως
481 2521 563 2583 εἰς
581 2519 801 2586 σύναξιν
822 2517 1067 2588 ἔλθωμεν
1082 2517 1177 2568 καὶ
1192 2514 1326 2569 ἀκού
1334 2532 1410 2567 σω
1418 2530 1515 2584 μεν
1533 2513 1643 2565 τῶν
1659 2511 1992 2581 λεγομένων;

317 2607 487 2660 Τοῦτο
513 2606 610 2677 μὲν
637 2602 729 2659 οὖν
749 2607 843 2659 καὶ
864 2606 1040 2675 κρῖμα
1071 2602 1253 2674 μεῖζόν
1279 2603 1395 2654 ἐστι
1431 2601 1525 2654 κα)⁴
1563 2600 1786 2661 κόλασις
1811 2598 1994 2667 ἀπαρ-

316 2695 554 2765 αίτητος,
588 2694 716 2746 ὅταν
748 2692 988 2762 συνεχῶς
1021 2690 1315 2751 ἀκούοντες
1358 2688 1431 2758 μὴ
1464 2686 1708 2756 ποιῶμεν
1754 2685 1823 2738 τὰ
1844 2684 1997 2753 λεγό-

321 2798 477 2850 μενα.
503 2780 638 2832 Τίνα
667 2778 777 2849 γὰρ
801 2778 998 2847 ἐξομεν
1027 2777 1348 2843 ἀπολογίαν,
1390 2775 1514 2827 τίνα
1541 2774 1599 2827 δέ
1624 2772 1959 2843 συγγνώμην
1978 2812 1993 2835 ,

317 2869 449 2920 ὅταν
471 2869 536 2920 ἐκ
558 2864 784 2935 πρώτης
806 2862 1025 2934 ήλικίας
1053 2862 1214 2931 ἡμεῖς
1241 2861 1403 2930 ἄχρις
1432 2860 1670 2929 ἐσχάτης
1694 2859 1885 2920 πολιᾶς
1913 2861 1999 2910 ἐν·

318 2952 495 3006 ταῦθα
522 2950 879 3019 συναγόμενοι
908 2949 1005 3001 καὶ
1039 2946 1308 3017 τοσαύτης
1354 2945 1722 3007 ἀπολαύοντες
1748 2943 2001 2996 διδασκα-

319 3041 464 3103 λίας,
515 3040 692 3109 ὅμοιοι
744 3037 993 3109 μένωμεν
1036 3037 1288 3098 ἐκείνοις,
1342 3035 1435 3089 καὶ
1471 3035 1605 3105 μηδέ
1633 3033 1691 3088 ἓν
1714 3034 2002 3104 ἐλάττωμα

322 3124 719 3197 διορθώσασθαι
766 3123 1191 3195 σπουδάζωμενς
1252 3124 1342 3193 Μή
1389 3121 1478 3194 μοί
1517 3139 1600 3184 τις
1643 3120 1830 3174 λοιπὸν
1879 3138 2003 3173 συν-

323 3214 515 3286 ήθειαν
546 3211 950 3285 προϐαλλέσθω·
975 3210 1064 3265 διὰ
1092 3211 1202 3282 γάρ
1230 3210 1387 3263 τοῦτο
1408 3207 1703 3279 ἀγανακτῶ
1734 3209 1828 3261 καὶ
1854 3206 2004 3279 ὀργί-

326 3301 514 3373 ζομαι,
537 3302 619 3355 ὅτι
643 3299 931 3371 συνηθείας
961 3298 1350 3370 περιγενέσθαι
1378 3298 1440 3350 ού
1477 3296 1788 3367 δυνάμεθα,
1831 3296 1926 3348 καὶ
1954 3297 2002 3349 εί

326 3389 620 3462 συνηθείας
658 3389 733 3460 μὴ
770 3387 1213 3460 περιγενώμεθα,
1260 3385 1381 3448 πῶς
1412 3384 1783 3457 περιεσόμεθα
1810 3386 2002 3437 ἐπιθυ-

329 3478 488 3551 μίας;
536 3477 783 3547 Ἐκείνης
808 3478 842 3547 ή
877 3475 1003 3546 ῥίζα
1031 3474 1139 3529 ἀπὸ
1171 3474 1273 3544 τῆς
1301 3475 1515 3543 φύσεως
1539 3473 1652 3545 ἔχει
1679 3472 1779 3545 τὴν
1806 3474 2002 3544 ἀρχήνο

324 3566 388 3620 τὸ
424 3565 523 3637 μὲν
542 3566 650 3638 γὰρ
678 3563 988 3633 ἐπιθυμεῖν,
1024 3562 1274 3631 φυσικόνο
1297 3562 1357 3614 τὸ
1378 3562 1436 3615 δὲ
1467 3561 1653 3625 κακῶς
1682 3560 2003 3632 ἐπιθυμεῖν,

325 3654 430 3723 τῆς
451 3652 830 3725 προαιρέσεως
859 3651 1069 3703 λοιπόν·
1106 3651 1167 3704 τὸ
1192 3651 1376 3719 μέντοι
1398 3649 1628 3719 ὀμνύναι
1647 3648 1766 3702 οὐδὲ
1786 3649 1885 3721 τὴν
1916 3651 2010 3719 ἀρ-

327 3740 431 3813 χὴν
448 3740 623 3810 ἐκτῆς
641 3738 1018 3811 προαιρέσεως
1032 3749 1057 3777 ι
1083 3736 1297 3803 ἔλαϐεν,
1316 3734 1432 3789 ἀλλ’
1447 3737 1512 3788 ἐκ
1526 3734 1797 3806 ῥᾳθυμίας
1819 3738 2005 3805 μόνης.

402 3827 516 3887 Καὶ
546 3827 635 3881 ἵνα
659 3825 858 3897 μάθῃς,
886 3826 969 3879 ὄτι
985 3825 1085 3877 οὐκ
1104 3825 1168 3876 ἐκ
1188 3823 1287 3893 τῆς
1306 3822 1593 3885 δυσκολίας
1621 3822 1715 3875 τοῦ
1749 3824 2010 3893 πράγμα-

327 3932 442 3979 τος,
475 3913 612 3968 ἀλλά
646 3913 801 3986 παρά
831 3914 931 3984 τὴν
954 3912 1248 3983 ὀλιγωρίαν
1286 3911 1385 3983 τὴν
1420 3911 1700 3982 ἡμετέραν
1734 3909 1895 3981 μέχρι
1922 3928 2011 3964 το-

330 4001 521 4056 σούτου
547 4001 608 4055 τὸ
642 4001 948 4072 ἁμάρτημα
1002 3998 1214 4072 προῦϐη
1248 3999 1430 4066 τοῦτο,
1474 3999 1822 4069 ἐννοήσωμεν
1866 3998 2011 4051 πόσα

328 4088 514 4161 πολλῷ
540 4088 746 4143 τούτων
772 4085 1157 4158 δυσκολώτερα
1197 4084 1559 4158 κατορθοῦσιν
1585 4085 1888 4157 ἄνθρωποι,
1916 4087 2012 4139 καὶ

326 4176 506 4233 ταῦτα
562 4175 832 4247 μηδεμίαν
873 4173 1108 4245 ἀμοιϐήν
1168 4174 1576 4243 προσδοκῶντες
1628 4173 1873 4227 ἐκεῖθεν·
1925 4176 2009 4228 ὲν-

328 4266 617 4336 νοήσωμεν
642 4264 764 4318 τίνα
801 4264 829 4316 6
856 4262 1103 4326 διάϐολος
1142 4263 1397 4329 ἐπέταξε,
1435 4262 1553 4326 πῶς
1590 4262 1851 4327 ἐπίπονα,
1893 4262 2011 4326 πῶς

329 4350 626 4422 ἐπίμοχθα,
652 4349 747 4402 καὶ
780 4349 880 4402 οὐκ
905 4350 1123 4418 ἐγένετο
1152 4349 1381 4419 κώλυμα
1406 4352 1439 4421 ή
1471 4349 1727 4403 δυσκολία
1755 4351 1866 4414 τοῖς
1892 4350 2013 4402 ἐπι-

329 4437 593 4507 τάγμασι.
630 4435 695 4489 Τί
719 4436 829 4508 γὰρ
862 4435 929 4490 ἂν
982 4437 1193 4505 γένοιτο
1240 4435 1667 4507 δυσκολώτερον,
1713 4437 1836 4489 εἰπέ
1894 4453 2009 4507 μοι,

330 4522 451 4584 ἀλλ’
490 4524 680 4595 ῆόταν
720 4540 806 4588 τις
852 4524 973 4587 νέος
1020 4526 1130 4587 τοῖς
1180 4523 1526 4595 βουλομένοις
1571 4524 2012 4594 καταμαλάττειν

330 4609 495 4666 αὐτὸν
517 4610 611 4663 καὶ
638 4609 882 4680 λυγίςειν
903 4610 1071 4665 αὐτοῦ
1103 4610 1171 4665 τά
1206 4611 1342 4682 μέλη
1372 4612 1649 4683 παραδοὺς
1681 4612 1892 4675 ἐαυτὸν,
1926 4628 2015 4680 φι-

331 4697 601 4771 λονεικοίη
655 4699 793 4769 πρὸς
828 4699 1119 4770 ἀκρίϐειαν
1149 4698 1346 4770 τροχοῦ
1377 4699 1536 4771 δίκην
1574 4700 1637 4753 τὸ
1678 4698 1837 4769 σῶμα
1864 4700 2012 4754 ἅπαν

333 4785 614 4856 κάμπτειν
647 4787 744 4839 καὶ
771 4787 1099 4857 στρέφεσθαι
1134 4788 1227 4840 ἐπὶ
1269 4785 1365 4839 τοῦ
1394 4786 1646 4857 ἐδάφους,
1674 4786 1771 4840 καὶ
1796 4785 1885 4839 διά
1904 4786 2013 4839 τῶν

333 4873 630 4945 ὀφθαλμῶν
659 4873 756 4926 κα)⁵
773 4872 864 4925 διὰ
880 4873 983 4943 τῆς
1010 4873 1118 4927 τῶν
1145 4874 1345 4945 χειρῶν
1366 4875 1723 4947 περιαγωγῆς
1747 4872 1899 4946 [197]
1918 4875 2015 4930 καὶ

330 4962 434 5031 τῆς
464 4959 632 5032 ἄλλης
652 4960 919 5031 δινήσεως
947 4962 1027 5023 εἰς
1046 4962 1106 5014 τὸ
1124 4961 1259 5031 θῆλυ
1292 4963 1449 5029 γένος
1472 4963 1701 5034 ἐκϐῆναι
1734 4962 2010 5035 βιάζηται,

334 5051 432 5105 καὶ
486 5051 625 5120 μήτε
673 5049 773 5121 τὴν
824 5049 1112 5113 δυσκολίαν
1173 5050 1283 5103 τῶν
1336 5051 1670 5122 γινομένων,
1726 5052 1865 5122 μήτε
1911 5052 2012 5123 τὴν

332 5134 599 5205 αἰσχύνην
624 5134 726 5201 τὴν
761 5134 869 5189 ἀπὸ
921 5135 1126 5188 τούτων
1172 5133 1491 5203 λογίζηταις
1524 5137 1652 5198 τοὺς
1704 5136 1761 5188 δὲ
1793 5135 1885 5187 ἐπὶ
1913 5137 2013 5205 τῆς

333 5217 645 5287 ὀρχήστρας
675 5217 838 5270 πάλιν
869 5216 1322 5288 ἐπισυρομένους,
1354 5219 1447 5270 καὶ
1503 5217 1755 5288 καθάπερ
1793 5221 2013 5289 πτεροῖς

339 5301 446 5361 τοῖς
475 5300 671 5363 κώλοις
700 5302 1076 5373 κεχρημένους
1103 5298 1196 5355 τοῦ
1225 5300 1499 5370 σώματος,
1525 5301 1609 5364 τίς
1643 5303 1742 5354 οὐκ
1771 5301 1836 5355 ἂν
1870 5303 2013 5373 ὀρῶν

337 5381 635 5453 ἐκπλαγείη
655 5401 669 5449 ;
691 5386 740 5437 οί
761 5385 818 5437 δέ
850 5384 1127 5455 μαχαίρας
1153 5382 1382 5449 ἐναλλὰξ
1403 5386 1483 5447 εἰς
1502 5385 1595 5437 τὸν
1624 5385 1761 5456 ἀέρα
1795 5386 2013 5438 ἀκοντί-

337 5462 541 5529 ζοντες,
571 5467 664 5519 καὶ
691 5467 875 5529 πάσας
902 5468 1013 5520 ἀπὸ
1031 5468 1131 5538 τῆς
1153 5466 1329 5537 λαϐῆς
1354 5467 1636 5537 δεχόμενοι
1666 5468 1847 5533 πάλιν,
1889 5469 2011 5523 τίνα

337 5548 437 5602 οὐκ
458 5549 525 5603 ἂν
548 5550 962 5619 καταισχύνοιεν
993 5552 1102 5603 τῶν
1136 5552 1274 5622 ὑπὲρ
1307 5551 1409 5620 τῆς
1436 5552 1637 5622 άρετῆς
1665 5552 1854 5605 ούδένα
1891 5552 2014 5622 βου-

337 5624 576 5701 λομένων
605 5632 968 5699 ἀναδέξασθαι
993 5634 1153 5687 πόνον
1173 5634 1239 5706 ;ἢ
1262 5635 1315 5689 τί
1343 5635 1408 5690 ἄν
1430 5652 1515 5697 τις
1544 5635 1691 5687 εἴποι
1721 5637 1850 5707 περὶ
1871 5637 2015 5690 ἐκεί-

306 5744 319 5753 ’
401 5736 430 5766 ⁸
453 5736 625 5810 Πίος-εί.
655 5745 712 5810 εξ
728 5740 916 5810 aliquo:
935 5753 1052 5810 m_s_s.
1092 5742 1147 5810 ἐκ
1166 5748 1250 5800 τῆς
1278 5742 1619 5810 προαιρέσεως,
1639 5741 1721 5791 alii
1747 5742 1801 5810 ἐκ
1825 5742 2016 5810 τῆς-φεύ-

339 5810 488 5863 πεωις.Δ
528 5798 655 5847 Infra
671 5798 831 5863 _Suvi_l;
856 5807 909 5849 et
946 5802 1135 5863 a_liquol.
1168 5798 1291 5863 mss.
1318 5798 1495 5863 ’πολλῷ
1540 5798 1721 5851 τούτων
1765 5798 2014 5852 amem-

340 5871 451 5926 τερα
472 5859 526 5921 (α
550 5861 679 5923 quod
712 5861 848 5926 nobis
878 5859 1096 5926 fecipg'rc
1128 5862 1283 5926 visum
1314 5859 1608 5926 est-‘prbpler
1643 5877 1804 5913 vocem
1835 5866 2012 5913 δυσκοο

340 5916 441 5996 ζέας
463 5916 574 5979 ἀίετέ
605 5934 755 5996 sypra
790 5916 990 5996 {egigni
1011 5923 1061 5996 ξη
1083 5925 1291 5996 protasi.
1324 5943 1340 5975 ι
1374 5916 1511 5976 Εὶητῖ
1526 5925 1542 5985 )
1585 5925 1709 5976 infra
1738 5926 1883 5975 iidem
1912 5929 2012 5983 πῶς

342 5986 553 6044 ἐπίπονα,
577 5986 676 6041 πῶς
697 5986 925 6049 μοχθηρὰ,
950 5986 1028 6036 καὶ
1049 5988 1149 6037 οὐκ.

1270 383 1362 435 AD
1400 380 1727 438 POPULUM
1766 379 2267 439 ANTIOCHENL'M
2337 386 2564 444 HOMIL.
2600 387 2742 444 XIX.

3645 372 3746 429 196

2077 515 2184 551 νων
2208 499 2317 553 τῶν
2352 502 2579 573 ἀνδρῶν,
2606 504 2656 557 οἳ
2691 503 2878 558 κοντὸν
2911 504 3003 556 ἐπὶ
3035 503 3125 556 τοῦ
3160 501 3410 573 μετώπου
3447 501 3748 573 βαστάζον-

2074 602 2187 647 τες,
2222 587 2474 659 καθάπερ
2504 590 2717 663 δένδρον
2762 590 3133 662 ἐῤῥιζωμένον
3156 591 3248 643 ἐπὶ
3275 590 3375 659 τῆς
3410 591 3536 660 γῆς,
3574 589 3748 651 οὕτως

2078 672 2336 742 ἀκίνητον
2354 675 2509 746 διατη
2519 677 2703 748 ροῦσι;
2736 677 2845 732 Καὶ
2865 679 2925 731 οὐ
2959 677 3118 730 τοῦτο
3143 678 3302 748 μόνον
3326 678 3442 729 ἐστ)⁵
3461 678 3523 730 τὸ
3544 677 3752 746 θαυμα-

2080 758 2224 825 στὸν,
2255 761 2370 815 ἀλλ’
2401 763 2483 816 ὅτι
2514 765 2609 817 καὶ
2634 765 2822 819 παιδία
2860 765 3033 836 μικρά
3063 767 3152 817 ἐπ’
3186 766 3358 836 ἄκρου
3392 763 3485 816 τοῦ
3523 763 3682 827 ξύλου
3715 764 3743 802 ιι

2080 846 2335 904 παλαίειν
2382 849 2633 920 ἀλλήλοις
2694 850 3210 922 παρασκευάζουσι,
3262 852 3357 904 καὶ
3390 848 3515 903 οὔτε
3569 850 3751 921 χεῖρες

2079 933 2203 987 οῦτε
2223 936 2351 990 ἄλλο
2375 954 2428 989 τι
2449 937 2545 992 τοῦ
2577 938 2825 1010 σώματος
2856 938 3038 1010 μέρος,
3062 940 3199 993 ἀλλὰ
3218 938 3279 992 τὸ
3303 939 3552 1009 μέτωπον
3591 936 3752 1006 μόνον

2079 1019 2280 1091 δεσμοῦ
2320 1023 2522 1087 παντὸς
2570 1024 2976 1095 ἀσφαλέστερον
3021 1025 3179 1095 φέρει
3208 1025 3299 1076 τὸν
3328 1023 3519 1076 κοντὸν
3543 1022 3752 1074 ἐκεῖνον

2081 1108 2354 1164 ἄσειστον.
2385 1111 2615 1183 Ἕτερος
2648 1111 2813 1165 πάλιν
2854 1113 2946 1165 ἐπὶ
2981 1113 3194 1181 σχοίνου
3242 1109 3581 1178 στενωτάτης
3615 1105 3754 1175 μετὰ

2079 1196 2350 1269 τοσαύτης
2377 1199 2564 1263 ἀδείας
2596 1199 2823 1269 βαδίζει,
2864 1200 2980 1271 μεθ’
3005 1201 3139 1271 ὅσης
3191 1200 3241 1252 οἰ
3282 1198 3352 1251 τά
3396 1196 3564 1249 ὕπτια
3595 1193 3758 1246 πεδία

2083 1287 2534 1357 κατατρέχοντες.
2572 1287 2713 1341 Ἀλλ’
2732 1289 2885 1358 ὅμως
2907 1287 3079 1341 ταῦτα
3109 1287 3179 1339 τά
3223 1286 3318 1339 καὶ
3357 1287 3477 1347 ταῖς
3523 1281 3757 1342 ἐννοίαις

2082 1369 2336 1441 ἀφόρητα
2368 1368 2508 1427 εἶναι
2540 1372 2833 1439 δοκοῦντα,
2884 1375 2951 1443 τῇ
2988 1374 3153 1442 τέχνη
3195 1370 3387 1439 γέγονε
3437 1366 3659 1422 δυνατά.
3692 1365 3758 1418 Τί

2082 1455 2289 1511 τούτων
2318 1458 2513 1531 ἔχομεν
2542 1462 2715 1514 εἰπεῖν
2765 1461 2857 1514 ἐπὶ
2885 1460 2992 1512 τῶν
3039 1462 3239 1529 ὅρκων,
3283 1456 3405 1509 εἰπέ
3439 1472 3565 1526 μοι;
3596 1451 3762 1506 ποίαν

2083 1541 2402 1613 δυσκολίαν;
2435 1551 2588 1602 ποῖον
2621 1548 2850 1619 ίδρῶτα;
2874 1548 3037 1600 ποίαν
3066 1547 3262 1617 τέχνην
3283 1562 3298 1611 ;
3321 1545 3471 1596 ποῖον
3495 1542 3760 1601 κίνδυνον;

2099 1632 2319 1705 ὐλίγης
2346 1636 2506 1706 χρεία
2536 1637 2772 1707 σπουδῆς
2808 1636 2968 1706 μόνον
2999 1636 3151 1705 ἡμῖν,
3193 1634 3289 1687 καὶ
3319 1631 3529 1701 ταχέως
3555 1629 3617 1683 τὸ
3654 1628 3762 1680 πᾶν

2086 1725 2216 1795 ἡμῖν
2242 1726 2624 1797 ἀνυσθήσεται.
2660 1727 2771 1780 Καὶ
2811 1727 2884 1796 μή
2924 1743 3014 1796 μοι
3049 1725 3196 1793 λέγε,
3233 1723 3314 1776 ὅτι
3352 1721 3414 1775 τὸ
3436 1720 3597 1772 πλέον
3632 1733 3767 1770 κατ-

2086 1810 2341 1882 ώρθωσα,
2366 1813 2477 1867 ἀλλ’
2515 1816 2564 1867 εί
2588 1814 2664 1883 μὴ
2691 1814 2752 1866 τὸ
2782 1816 2886 1867 πᾶν
2913 1810 3305 1883 κατώρθωσας,
3342 1807 3510 1879 μηδὲν
3539 1804 3767 1877 μηδέπω

2090 1903 2448 1974 πεποιηκέναι
2473 1902 2682 1974 νόμιζε·
2713 1903 2776 1956 τὸ
2806 1903 2915 1973 γάρ
2961 1902 3143 1970 ὀλίγον
3174 1898 3339 1954 τοῦτο
3373 1895 3644 1967 ἀμεληθὲν
3670 1892 3768 1947 καὶ

2089 1991 2149 2043 τὸ
2177 1991 2363 2044 λοιπὸν
2386 1991 2532 2045 ἅπαν
2566 1992 2838 2062 καθαιρεῖ.
2884 1990 3154 2053 Πολλάκις
3188 1987 3320 2056 γοῦν
3343 1985 3522 2047 οἰκίας
3560 1981 3768 2036 οίκοδο-

2095 2083 2369 2150 μήσαντες
2409 2079 2706 2150 ἄνθρωποι,
2770 2081 2865 2133 καὶ
2916 2078 3010 2131 τὸν
3055 2078 3251 2149 ὄροφον
3289 2073 3597 2136 ἐπιθέντες,
3639 2070 3771 2139 μιᾶς

2092 2167 2386 2237 κεραμίδος
2417 2166 2905 2238 ἀποτιναχθείσης,
2964 2166 3038 2236 μὴ
3090 2162 3451 2234 ποιησάμενοι
3496 2156 3770 2226 σπουδὴν,

2092 2254 2388 2326 ὁλόκληρον
2425 2254 2517 2307 τὸν
2553 2250 2700 2307 οἶκον
2730 2253 3044 2307 ἀπώλεσαν.
3091 2252 3203 2305 Καὶ
3245 2250 3337 2303 ἐπὶ
3369 2246 3602 2319 ἱματίων
3624 2245 3680 2298 δέ
3711 2242 3772 2296 τὸ

2095 2342 2225 2395 αὐτὸ
2244 2341 2403 2394 τοῦτο
2438 2340 2732 2411 συμϐαῖνον
2769 2341 2867 2394 ίδοι
2899 2358 2984 2403 τις
3025 2338 3112 2391 ἄν’
3146 2340 3242 2390 καὶ
3279 2336 3388 2405 γὰρ
3412 2335 3507 2387 καὶ
3536 2333 3655 2384 ἐκεῖ
3686 2347 3775 2401 μι-

2066 2431 2227 2502 .κρὸν
2258 2431 2442 2500 ῥῆγμα
2463 2430 2755 2500 γενόμενον
2786 2430 2881 2481 καὶ
2932 2428 3007 2498 μὴ
3045 2425 3247 2496 ῥαφέν,
3287 2422 3420 2475 πολὺ
3466 2419 3527 2472 τὸ
3566 2418 3773 2502 σχίσμα

2096 2500 2341 2587 ἐποίησε.
2377 2516 2549 2569 Τοῦτο
2581 2517 2674 2569 καὶ
2706 2515 2799 2568 ἐπὶ
2841 2514 2951 2566 τῶν
2983 2513 3299 2583 χειμάρῥων
3333 2505 3621 2577 συμϐαίνει
3646 2500 3777 2555 πολ-

2097 2606 2275 2669 λάκις·
2302 2604 2532 2674 καὶγὰρ
2582 2605 2780 2655 ἐκεῖνοι
2829 2602 3034 2673 μικρᾶς
3089 2598 3154 2653 ἂν
3213 2596 3580 2650 ἐπιλάϐωνται
3615 2591 3777 2661 μόνον

2099 2695 2327 2756 εἰσόδου,
2362 2692 2656 2762 ὀλόκληρον
2687 2690 2750 2743 τὸ
2797 2690 2976 2762 ῥεῦμα
3010 2689 3313 2756 εἰσάγουσι,
3349 2684 3457 2738 Καὶ
3492 2684 3557 2735 σὺ
3595 2680 3775 2733 τοίνυν

2100 2785 2149 2836 εἰ
2182 2783 2276 2836 καὶ
2299 2780 2565 2834 πάντοθεν
2594 2779 2791 2832 σαυτὸν
2818 2779 3113 2847 ἐτείχισας,
3137 2774 3331 2847 μικρὸν
3348 2773 3404 2825 δὲ
3429 2768 3779 2825 ὑπολείπεται

2106 2871 2269 2941 μέρος
2289 2869 2496 2933 λοιπὸν,
2512 2866 2778 2921 καὶτοῦτο
2799 2866 3114 2938 ἀπόφραξον
3136 2863 3213 2934 τῷ
3242 2861 3495 2931 διαϐόλῳ,
3518 2860 3605 2911 ἵνα
3628 2860 3781 2926 ἐστη-

2106 2958 2361 3029 ριγμένος
2396 2953 2461 3026 ᾗς
2490 2955 2775 3008 πάντοθεν.
2818 2951 2972 3016 Είδες
3011 2953 3108 3023 τὴν
3151 2950 3465 3022 δρεπάνην;
3505 2942 3647 3007 εἶδες
3682 2944 3784 3014 τὴν

2103 3043 2345 3113 κεφαλὴν
2384 3044 2664 3109 Ίωάννου;
2699 3042 2941 3112 ἤκουσας
2979 3040 3079 3110 τῆς
3115 3038 3358 3107 ἱστορίας
3387 3035 3486 3105 τῆς
3515 3032 3655 3086 κατὰ
3692 3030 3786 3081 τὸν

2103 3130 2312 3194 Σαούλ;
2353 3129 2593 3200 ἤκουσας
2639 3129 2738 3196 τῆς
2782 3126 3161 3197 αἰχμαλωσίας
3210 3126 3309 3195 τῆς
3358 3121 3654 3189 Ἰουδαϊκῆς
3691 3118 3783 3170 τὸν

2105 3216 2335 3288 τρόπον;
2363 3213 2500 3285 μετὰ
2521 3213 2578 3267 δέ
2598 3212 2804 3266 τούτων
2825 3212 3043 3265 πάντων
3063 3212 3303 3281 ἤκουσας
3326 3208 3425 3278 τῆς
3452 3207 3785 3274 ἀποφάσεως

2104 3303 2199 3355 τοῦ
2230 3300 2470 3373 Χριστοῦ
2490 3299 2777 3371 λεγούσης,
2806 3299 2889 3353 ὃτι
2921 3299 2981 3351 ού
3022 3298 3084 3350 τὸ
3123 3297 3402 3368 ἐπιορκεῖν
3435 3294 3615 3365 μόνον,
3650 3289 3786 3344 ἀλλὰ

2108 3392 2203 3444 καὶ
2234 3390 2295 3442 τὸ
2331 3387 2553 3459 ὀμνύειν
2602 3387 2853 3441 ὀπωσοῦν
2884 3386 3189 3440 διαϐολικόν
3240 3385 3377 3448 ἐστι,
3414 3383 3510 3435 καὶ
3536 3380 3655 3433 ὅλον
3691 3376 3787 3430 τοῦ

2110 3478 2351 3550 πονηροῦ
2382 3479 2446 3531 τὸ
2492 3475 2967 3546 κατασκεύασμα;
3010 3472 3214 3545 ἔμαθες
3248 3474 3331 3525 ὅτι
3368 3467 3650 3540 πανταχοῦ
3677 3469 3790 3530 τοῖς

2109 3568 2294 3636 ὅρκοις
2326 3564 2550 3618 ’ἐπονται
2577 3563 2886 3635 ἐπιορκίαι;
2930 3561 3117 3614 Ταῦτα
3147 3560 3210 3631 δὴ
3255 3558 3435 3619 πάντα
3466 3552 3791 3626 συναγαγὼν

2111 3652 2388 3723 ἔγγραψον
2425 3654 2492 3723 τῇ
2535 3652 2743 3723 διανοίᾳ
2775 3669 2888 3706 σου.
2942 3651 3054 3721 Οὐχ
3084 3650 3235 3720 ὁρᾷς,
3270 3646 3388 3711 πῶς
3430 3646 3488 3699 αἱ
3534 3647 3793 3716 γυναῖκες

2111 3740 2207 3792 καὶ
2256 3739 2327 3792 τὰ
2372 3739 2548 3811 μικρά
2606 3738 2794 3792 παιδία
2843 3739 2965 3792 ἀντὶ
3024 3735 3273 3807 φυλακῆς
3326 3733 3569 3805 μεγάλης
3611 3731 3793 3797 Εὑαγτ

2112 3828 2270 3897 γέλια
2298 3827 2569 3901 ἐξαρτῶσι
2610 3828 2705 3880 τοῦ
2734 3827 3008 3897 τραχήλου
3033 3865 3047 3889 ,
3097 3826 3192 3878 καὶ
3237 3821 3519 3893 πανταχοῦ
3567 3820 3803 3891 περιφέν-η.

2116 3934 2337 3989 ρουσιν,
2387 3918 2635 3988 ὅπουπερ
2678 3917 2743 3972 ἂν
2795 3917 3066 3982 ἀπίωσιν;
3128 3915 3200 3966 Σὺ
3250 3913 3317 3966 τὰ
3358 3910 3805 3982 παραγγέλματα⁴

2109 4004 2205 4057 τοῦ
2242 4014 2266 4043 ο
2320 4004 2656 4073 Εὐαγγελίου
2708 4004 2803 4057 καὶ
2854 4004 2983 4066 τοὺς
3029 4001 3228 4070 νόμους
3271 3997 3550 4071 ἐγγραψόν
3603 4014 3695 4049 σου
3726 3998 3807 4074 ﬁt

2109 4091 2339 4161 διανοίᾳ.
2367 4091 2442 4144 υύ
2477 4091 2637 4163 χρεία
2663 4090 2889 4163 χρυσίου
2926 4089 3019 4142 καὶ
3049 4087 3346 4159 κτημάτων
3378 4082 3637 4146 ἐνταῦθα,
3665 4081 3803 4145 οὔτε

2117 4178 2318 4249 βιϐλίον
2345 4179 2633 4251 πρίασθαι,
2664 4178 3038 4250 προαιρέσεως
3063 4176 3121 4229 δὲ
3155 4175 3324 4245 μόνης
3364 4174 3459 4227 καὶ
3490 4169 3803 4234 διαθέσεως

2114 4269 2294 4339 ψυχῆς
2329 4265 2782 4337 διεγηγερμένης,
2811 4267 2905 4318 καὶ
2932 4263 3338 4333 ἀσφαλέστερον
3358 4260 3501 4325 ἕξεις
3525 4258 3587 4311 τὸ
3612 4257 3796 4324 Εὐαγ-

2115 4356 2317 4426 γέλιον,
2352 4353 2501 4427 [198]
2530 4357 2633 4407 οὐκ
2678 4353 2879 4421 ἔξωθεν
2925 4352 3263 4423 περιφέρων,
3312 4349 3425 4404 ἀλλ’
3464 4347 3612 4401 ἔνδον
3665 4343 3811 4403 αὐτὸ.

2116 4448 2227 4508 τοῖς
2259 4445 2371 4514 ,τῆς
2428 4443 2610 4513 ψυχῆς
2648 4441 3043 4513 ἀποτιθέμενος
3095 4439 3362 4510 ταμείοις.
3416 4435 3799 4506 Ἀνιστάμενος

2114 4533 2293 4585 τοίνυν
2337 4531 2445 4586 άπὸ
2492 4531 2593 4600 τῆς
2651 4529 2863 4599 κλίνης,
2911 4529 3006 4583 καὶ
3039 4528 3138 4599 τὴν
3177 4526 3356 4581 οἰκίαν
3396 4523 3665 4578 ἐκϐαίνων
3699 4518 3804 4589 τὴν

2116 4619 2365 4682 σεαυτοῦ,
2397 4620 2489 4673 τὸν
2517 4618 2681 4689 νόμον
2701 4618 2921 4685 ἐπίλεγε
2952 4617 3163 4681 τοῦτον,
3195 4615 3335 4685 Ἐγὼ
3363 4612 3431 4666 δὲ
3458 4610 3612 4681 λέγω
3633 4607 3797 4677 ὑμῖν,

2110 4708 2197 4779 μὴ
2240 4709 2459 4778 ὀμόσαι
2495 4706 2671 4771 ὅλως,
2702 4707 2797 4759 καὶ
2826 4706 2981 4760 ἔσται
3022 4722 3104 4759 σοι
3148 4700 3467 4758 διδασκαλία
3508 4700 3570 4751 τὸ
3613 4701 3799 4769 ῥῆμαι

2113 4797 2236 4850 ούδέ
2268 4797 2377 4867 γάρ
2405 4793 2603 4848 πολλοῦ
2634 4794 2717 4846 δεῖ
2738 4794 2923 4857 πόνου,
2958 4793 3094 4846 ἀλλὰ
3135 4791 3340 4862 μικρᾶς
3373 4786 3650 4858 προσοχῆς
3690 4784 3787 4854 μό·-

2113 4904 2225 4941 νον.
2256 4885 2361 4939 Καὶ
2402 4884 2483 4938 ὅτι
2517 4883 2678 4937 τοῦτό
2713 4885 2862 4936 ἐστιν
2900 4880 3120 4952 ἀληθὲς,
3152 4876 3376 4948 εὔδηλον
3412 4874 3623 4927 ἐκεῖθεν
3644 4890 3658 4903 ο
3696 4873 3802 4926 Τὸν

2115 4975 2232 5030 υίόν
2262 4992 2354 5027 σου
2386 4971 2625 5035 καλέσας
2656 4971 2916 5041 φόϐησον,
2954 4969 3049 5022 καὶ
3083 4967 3378 5037 ἀπείλησον
3420 4961 3569 5034 αὐτῷ
3607 4960 3795 5031 ἐπιθή-

2116 5080 2230 5115 σειν
2260 5061 2473 5131 πληγάς
2509 5059 2719 5127 ὀλίγας,
2753 5060 2802 5110 εἰ
2845 5058 2921 5131 μὴ
2951 5053 3322 5126 κατορθώσειε
3362 5051 3454 5106 τὸν
3488 5052 3651 5122 νόμον
3680 5048 3802 5105 τοῦο

2114 5169 2227 5214 τον,
2267 5151 2363 5203 καὶ
2403 5149 2523 5218 ὄψει
2563 5148 2640 5209 ώς
2678 5145 2884 5208 εὐθέως
2918 5148 3291 5216 ἀποστήσεται
3336 5141 3436 5212 τῆς
3485 5138 3797 5211 συνηθείας.

2118 5240 2244 5302 Πῶς
2272 5233 2365 5292 οῦν
2393 5238 2494 5289 οὐκ
2528 5235 2749 5298 ἄτοπον,
2780 5236 2831 5287 εἰ
2874 5233 2944 5287 τά
2991 5232 3090 5303 μὲν
3131 5230 3301 5304 μικρά
3335 5228 3522 5284 παιδία
3548 5227 3638 5282 τὸν
3672 5229 3799 5298 παρ’

2113 5326 2274 5397 ἡμῶν
2303 5323 2580 5377 δεδοικότα
2627 5321 2796 5391 φόϐον
2834 5320 3175 5393 περιγένοιτο
3227 5319 3326 5389 τῆς
3376 5315 3618 5385 ἐντολῆς,
3643 5316 3803 5384 ἡμεῖς

2112 5415 2170 5467 δὲ
2199 5413 2334 5485 μηδέ
2369 5411 2511 5464 οὕτω
2536 5410 2858 5479 φοϐούμεθα
2892 5410 2985 5463 τὸν
3016 5408 3170 5472 Θεὸν,
3203 5407 3277 5469 ώς
3304 5407 3453 5476 ἡμᾶς
3477 5406 3525 5456 οί
3567 5402 3674 5455 υἱοί
3713 5401 3800 5454 δε-

2115 5500 2395 5565 δοίκασιν;
2428 5500 2607 5569 Ὅπερ
2656 5497 2753 5555 οὖν
2801 5500 2896 5552 καὶ
2940 5496 3133 5567 πρώην
3183 5490 3360 5555 εἷπον,
3392 5490 3553 5545 τοῦτο
3577 5489 3674 5543 καὶ
3705 5490 3800 5543 νῦν

2114 5590 2281 5658 λέγω.
2318 5588 2502 5659 Νόμον
2527 5588 2739 5651 ἐαυτοῖς
2774 5586 2979 5657 θῶμεν,
3011 5585 3086 5655 μὴ
3113 5581 3377 5651 πρότερον
3404 5578 3479 5649 μὴ
3502 5576 3797 5648 δημοσίων,

2123 5679 2200 5750 μὴ
2243 5675 2531 5731 ἰδιωτικῶν
2560 5674 2811 5745 ἅψασθαι
2858 5672 3223 5742 πραγμάτων.
3259 5668 3365 5730 ἓως
3404 5666 3471 5719 ἂν
3502 5666 3689 5720 τοῦτον
3712 5668 3803 5719 ἐκ.

2184 5808 2214 5849 ι)
2234 5810 2333 5859 Alii
2354 5807 2520 5857 παιδία
2544 5815 2694 5872 μιν.ρά
2719 5808 2767 5855 ἐν
2789 5806 2923 5869 μέσῳ
2944 5801 3032 5852 τοῦ
3050 5802 3204 5859 ξύλου.
3227 5801 3383 5851 Paulo
3406 5805 3520 5863 post
3540 5801 3688 5853 iidem
3702 5801 3804 5849 σώ⁴

2119 5888 2265 5934 ματος
2280 5872 2438 5980 μελος.

2183 5936 2206 5964 ⁸
2233 5936 2269 5981 Α
2299 5935 2435 5993 iquol
2452 5944 2567 5979 mss.
2594 5940 2661 5993 em
2682 5928 3006 5993 τάγρείμματα
3028 5923 3270 5993 τοῦηΜοι
3293 5925 3383 5993 Δειῐῇ
3410 5925 3505 5993 τῶν
3525 5923 3796 5979 κτημάτων,

2120 5996 2202 6045 alii
2221 5995 2315 6043 τῶν
2335 5987 2617 6057 χρημάτων.
2652 5987 2832 6041 Ibidéin
2855 5993 2936 6039 alii
2955 5990 3274 6053 προαιρέσεως
3290 5987 3358 6045 δεῖ
3383 5987 3438 6047 μί
3454 6003 3541 6045 ρης,
3581 5993 3673 6035 Nc.
