4068 6440
1295 374 1389 431 AD
1427 366 1746 429 POPULUM
1785 356 2270 420 ANTIOCHENUM
2337 353 2560 413 llOMlL.
2605 350 2723 406 XX.
3647 337 3750 393 I98

2162 481 2400 529 mentum
2429 471 2695 526 emittere.
2720 466 2831 521 Hoc
2849 463 3063 535 quidem
3086 459 3238 517 vobis
3257 456 3750 514 critornamentum

2165 572 2219 618 et
2262 562 2577 623 munimen;
2618 571 2718 612 nec
2756 556 2809 609 id
2857 562 3082 614 tantum,
3116 563 3302 604 verum
3343 556 3398 600 et
3447 543 3751 600 mercedem

463 398 565 454 197

464 512 610 581 prius
633 505 837 578 privata
867 506 1093 556 tractare
1121 493 1327 563 negotia
1352 531 1368 556 ,
1399 488 1571 542 donec
1592 486 1728 539 hanc
1753 483 1921 551 legem
1951 481 2055 533 im-

467 574 727 670 pleam—us,
753 603 808 648 et
833 589 1048 645 omnino
1075 582 1394 640 necessitate
1417 574 1697 645 compulsi,
1724 574 1873 626 facile
1897 582 2055 637 supe-

471 690 708 745 rabimus
728 725 743 750 ,
776 691 829 738 et
854 678 1161 736 ornabimus
1203 687 1300 728 nos
1338 671 1481 739 ipsos
1505 708 1520 733 ,
1551 664 1858 719 ornabimus
1883 668 2059 713 autem

470 791 522 837 et
549 792 759 834 omnem
784 775 1073 830 civitatem.
1099 765 1282 837 Cogita
1310 774 1539 830 namque
1559 757 1717 828 quale
1737 763 1839 821 est,
1865 752 2062 821 ubique

476 886 740 929 terrarum
772 868 887 921 haec
911 864 1095 919 audire
1115 903 1128 926 ,
1164 852 1459 912 Antiochiae
1485 848 1828 922 praevaluisse
1856 857 2064 899 morem

472 959 787 1017 Christianis
827 962 1205 1024 congruentem
1243 965 1257 1003 ε
1307 954 1361 999 et
1404 944 1476 997 ibi
1529 941 1798 996 neminem
1858 933 2064 999 audies,

478 1054 603 1106 licet
631 1048 863 1104 maxima
889 1042 1177 1100 necessitas
1199 1040 1360 1092 instet
1383 1079 1397 1103 ,
1423 1036 1782 1103 juramentum
1803 1026 2066 1082 emittere.

481 1146 705 1199 Prorsus
750 1140 865 1194 haec
893 1136 1108 1191 audient
1147 1133 1333 1186 vicin:e
1375 1127 1652 1182 civitates:
1686 1120 1923 1191 quinimo
1965 1131 2070 1171 non

482 1246 687 1292 tantum
714 1233 902 1287 vicin:e
927 1229 1189 1289 civitates,
1219 1236 1401 1277 verum
1428 1227 1481 1272 et
1503 1218 1567 1271 ad
1596 1217 1739 1286 ipsos
1767 1223 1921 1267 terra:
1940 1210 2075 1263 ﬁnes

482 1330 704 1384 verbum
733 1323 1008 1396 perveniet
1049 1316 1290 1374 :etenim
1325 1310 1620 1367 verisimile
1663 1316 1744 1362 est
1785 1303 1934 1357 vobis
1979 1300 2074 1355 ad-

487 1423 680 1475 mixtos
720 1423 1074 1476 mercatores,
1107 1418 1162 1465 et
1203 1408 1326 1462 hinc
1351 1405 1458 1458 alio
1498 1400 1929 1471 proﬁciscentes,
1961 1392 2079 1445 aliis

490 1525 701 1582 quoque
733 1508 848 1561 [nec
876 1505 1052 1557 omnia
1080 1500 1415 1555 nuntiaturos
1440 1508 1578 1549 esse.
1607 1490 1737 1545 Cum
1767 1487 1925 1557 igitur
1951 1483 2082 1536 alias

493 1604 733 1658 civitates
753 1598 1030 1655 laudantes
1051 1592 1224 1658 multi,
1254 1598 1439 1660 portus
1466 1589 1781 1645 memorant,
1807 1589 1859 1630 et
1887 1577 2080 1639 forum,

494 1703 548 1751 et
577 1693 839 1750 venalium
871 1688 1110 1757 copiam,
1143 1683 1268 1737 hinc
1310 1673 1767 1749 proficiscentibus
1802 1664 2083 1722 dicendum

499 1784 731 1845 tradite,
785 1755 1051 1849 quodest
1100 1770 1435 1833 Antiochiae,
1489 1767 1540 1820 id
1593 1764 1645 1818 in
1698 1760 1817 1815 aliis
1870 1755 2088 1811 urbibus

500 1889 758 1945 nusquam
796 1883 1017 1924 cernere
1055 1867 1216 1920 licere
1250 1883 1263 1917 :
1309 1861 1527 1915 mallent
1565 1856 1708 1911 enim
1752 1850 1898 1905 urbis
1947 1846 2091 1900 illius

501 1968 826 2024 habitatores
855 1963 1000 2032 prius
1025 1959 1258 2027 linguam
1286 1951 1544 2016 abscindi,
1564 1962 1719 2019 quam
1735 1960 1799 1998 ex
1827 1955 1921 1997 ore
1941 1938 2093 2009 jura—

2167 652 2354 708 aﬁ'eret
2382 664 2625 720 magnam
2655 648 2673 680 ί
2701 664 2715 701 :
2741 645 2939 701 etenim
2970 656 3157 697 omnes
3203 653 3300 693 vos
3338 636 3426 690 alii
3453 633 3751 690 mmulatnri

2169 752 2297 799 sunt
2328 752 2488 812 atque
2523 737 2797 794 imitaturi.
2843 735 2899 790 Si
2945 733 3064 803 quis
3109 730 3251 787 enim
3294 743 3453 781 unum
3495 727 3576 781 vel
3623 725 3760 778 duos

2172 837 2426 897 lucratus,
2477 847 2508 885 a
2553 830 2664 885 Deo
2709 825 2972 881 mercedis
3013 833 3214 878 tantum
3269 819 3486 889 capiet:
3541 831 3758 871 omnem

2180 926 2438 983 mundum
2468 923 2774 978 erudientes
2795 960 2811 986 ,
2840 926 3063 989 quantas
3091 913 3312 984 capietis
3340 910 3764 967 retributiones?

2175 1018 2399 1087 Oportet
2442 1015 2602 1085 igitur
2647 1010 2863 1068 studere
2908 1017 2964 1063 et
3003 1006 3222 1075 vigilare
3268 1013 3321 1058 et
3363 1004 3570 1058 sobrios
3615 1016 3758 1066 esse,

2177 1108 2406 1163 scientes
2435 1119 2541 1159 non
2586 1101 2917 1173 propriorum
2956 1107 3158 1153 tantum
3205 1096 3764 1165 profectuum,verum

2178 1208 2235 1255 et
2256 1198 2552 1252 alienorum
2579 1193 2864 1248 maximam
2895 1192 3206 1245 meritorum
3237 1186 3638 1240 retributionem
3678 1195 3768 1236 ac-

2181 1298 2430 1359 cepturos
2455 1302 2555 1341 nos
2582 1300 2722 1347 esse,
2751 1292 2805 1336 et
2833 1282 3053 1335 multam
3080 1279 3219 1348 apud
3249 1279 3413 1331 Deum
3445 1274 3767 1330 benevolen-

2185 1383 2312 1435 tiam
2335 1386 2731 1447 assequuturos.
2754 1374 2923 1440 Quam
2946 1371 3099 1425 nobis
3115 1368 3361 1422 omnibus
3382 1367 3432 1420 in
3457 1373 3770 1434 perpetuum

2186 1473 2392 1542 adeptis
2429 1472 2585 1527 detur
2629 1468 2727 1522 frui
2769 1481 2933 1535 regno
2973 1463 3225 1518 caelorum
3249 1502 3264 1526 ,
3293 1460 3347 1513 in
3381 1457 3595 1511 Christo
3645 1454 3772 1509 Jesu

2188 1565 2413 1620 Domino
2439 1569 2623 1617 nostro
2644 1601 2658 1625 ,
2687 1558 2773 1613 cui
2802 1557 2966 1626 gloria
2998 1562 3053 1608 et
3082 1551 3358 1621 imperium
3389 1563 3508 1602 cum
3540 1547 3696 1601 Patre
3722 1551 3780 1598 et

2190 1664 2376 1711 sancto
2400 1652 2620 1722 Spiritu,
2654 1664 2795 1703 nunc
2828 1659 2879 1702 et
2905 1659 3117 1715 semper
3138 1685 3151 1708 ,
3178 1652 3233 1697 et
3255 1642 3309 1696 in
3334 1640 3527 1695 sazcula
3553 1636 3778 1693 saeculo-

2191 1764 2330 1804 rum.
2360 1748 2549 1801 Amen.

2260 1884 2279 1913 ι
2315 1887 2416 1930 Hoc
2444 1875 2571 1928 vobis
2601 1888 2695 1925 non
2709 1874 2868 1924 solum
2888 1867 2981 1919 erit
3001 1870 3329 1919 ornamentum
3347 1868 3394 1915 et
3415 1860 3677 1919 munimen,
3704 1871 3780 1909 ve-

2197 1955 2310 1994 rum
2332 1942 2477 1991 etiam
2496 1936 2790 2000 mercedem,
2815 1939 2924 1987 etc.

515 2041 3778 2109 _________________________———..—————--_,_____________.

515 2189 684 2243 QUOD
727 2183 880 2229 εοιο
950 2172 1502 2234 QUADRAGESIMALI
1570 2164 1832 2212 JEJUNIO
1900 2160 2026 2206 NON
2071 2158 2243 2202 SATIS
2289 2151 2735 2197 PREPAREMUR
2776 2149 2861 2191 AD
2904 2141 3400 2195 COMMUNIONEM,
3458 2139 3573 2182 SED
3633 2133 3794 2179 OPUS

589 2288 683 2330 SIT
728 2282 910 2328 ANIMI
950 2277 1275 2330 VIRTUTE;
1321 2274 1402 2316 ET
1444 2270 1552 2323 QUI
1595 2266 1769 2311 FIERI
1822 2261 2057 2312 POSSII‘,
2096 2258 2181 2301 UT
2223 2251 2616 2297 INJURIARUM
2661 2245 3004 2292 MEMORIA“
3050 2239 3449 2292 DEPONAMUS,
3493 2233 3793 2289 QUODQUE

597 2386 756 2431 DEUS
802 2381 998 2426 HUJUS
1040 2376 1215 2421 LEGIS
1276 2370 1548 2417 MAGNAM
1607 2363 1861 2410 HABEAT
1921 2355 2249 2402 RATIONEM
2298 2355 2312 2394 ε

1822 2459 2115 2506 POSTREM‘

2230 2455 2277 2495 Ἐ
2320 2450 2613 2495 νιΤΑΝῐιις
2665 2442 3076 2496 ιοηΑΜΕΝτιε,
3109 2441 3190 2483 ΕΤ
3233 2440 3316 2482 DE
3360 2438 3462 2487 IIS,
3495 2436 3602 2488 QUI
3629 2434 3802 2477 NON-

598 2488 798 2535 ETIAM
840 2485 1005 2529 ANTE
1048 2474 1401 2525 GEHENNAM
1443 2467 1714 2515 CBUCIET
1761 2468 1775 2507 2

2360 2353 2440 2394 ΕΤ
2482 2349 2652 2402 QUOD
2704 2342 3095 2388 INJURIARUM
3157 2337 3457 2383 MEMORIA
3516 2333 3798 2377 HOMINES

600 2592 737 2637 DUM
778 2590 853 2633 SE
896 2587 998 2628 ITA
1044 2573 1516 2627 CORREXERINT,
1562 2569 1646 2612 UT
1688 2565 1812 2609 NON
1855 2557 2128 2606 AMPLIUS
2179 2551 2445 2597 JURENT.

2048 2699 2145 2750 ιθζθ
2152 2694 2308 2746 θοῇ

1086 2852 1304 2894 ῐιοκιιιλ
1342 2849 1418 2888 xx
1446 2830 1546 2901 (a).

602 2947 652 3000 ι.
693 2938 775 2996 Ad
805 2937 966 2991 ﬁnem
987 2930 1176 3002 jejunii
1198 2930 1304 2997 jam
1335 2935 1543 2992 tempus
1568 2919 1926 2986 deproperat:
1951 2923 2117 2980 quare

531 3049 585 3095 et
611 3049 708 3091 nos
734 3028 921 3099 majori
950 3024 1126 3080 studio
1146 3018 1334 3076 virtuti
1360 3028 1577 3085 Operam
1605 3010 1793 3065 demus
1820 3008 1871 3070 ις
1896 3013 1955 3058 ut
1975 3001 2116 3056 enim

533 3092 870 3184 currentibus
911 3116 1078 3173 multa
1121 3110 1290 3168 stadia
1331 3105 1566 3162 emensis
1615 3100 1746 3155 nihil
1795 3096 1951 3160 lucri,
1996 3092 2043 3147 si
2091 3107 2118 3144 a

536 3216 758 3289 praemio
787 3209 1035 3267 excidant
1066 3224 1079 3258 :
1125 3204 1195 3256 ita
1224 3199 1352 3255 nihil
1383 3196 1536 3249 nobis
1561 3190 1693 3246 lucri
1720 3186 1822 3243 erit
1850 3202 1912 3241 ex
1946 3182 2125 3237 multis

539 3274 811 3363 laboribus
850 3308 905 3354 et
945 3293 1229 3353 sudoribus
1270 3286 1474 3359 jejunio
1511 3279 1813 3349 insumptis,
1857 3274 1956 3329 nisi
2004 3287 2122 3327 cum

543 3411 671 3468 pura
695 3387 1023 3449 conscientia
1069 3398 1217 3438 sacra
1250 3392 1433 3434 mensa
1464 3374 1564 3428 frui
1594 3372 1874 3441 possimus.
1908 3365 1989 3418 0b
2028 3362 2129 3414 hoc

544 3488 685 3543 enim
710 3482 966 3554 jejunium
984 3469 1457 3542 etQuadragesima
1482 3474 1537 3518 et
1558 3472 1634 3517 tot
1652 3460 1855 3514 dierum
1880 3467 2129 3527 synaxes,

546 3574 861 3637 auditiones,
893 3583 1079 3640 preces
1107 3575 1161 3619 et
1184 3560 1441 3616 doctrina:
1471 3560 1736 3620 susceptre
1767 3558 1910 3613 sunt,
1932 3554 1988 3598 ut
2009 3544 2126 3596 abs.

550 3665 711 3722 tersis
748 3659 1037 3717 sceleribus
1074 3669 1170 3722 per
1193 3646 1487 3704 istiusmodi
1514 3644 1741 3698 studium
1769 3643 1789 3671 '
1809 3681 1824 3705 ,
1846 3652 1962 3706 quae
1985 3636 2138 3688 nobis

554 3761 657 3813 hoc
700 3768 840 3808 anno
869 3758 1204 3820 quocumque
1235 3739 1393 3794 modo
1446 3736 1589 3789 allita
1626 3734 1984 3788 inhaeserunt,
2017 3740 2136 3778 cum

556 3844 819 3917 spirituali
864 3815 1054 3894 ﬁducia
1094 3835 1235 3888 illius
1279 3827 1535 3883 incruenti
1583 3821 1824 3877 sacriﬁcii
1855 3815 2143 3886 participes

560 3938 917 3995 efﬁcerentur.
945 3930 1077 3995 Quia
1104 3924 1205 3979 nisi
1230 3921 1281 3975 id
1309 3928 1673 3984 assequamur,
1704 3922 1902 3963 temere
1929 3906 2147 3959 frustra-

561 4044 665 4098 qne
708 4033 762 4081 et
787 4037 907 4077 cum
938 4019 1079 4072 nulla
1107 4014 1330 4068 utilitate
1362 4007 1492 4061 tanti
1529 4004 1739 4058 labores
1769 3996 1975 4053 tolerati
2004 4003 2145 4048 sunt.

565 4089 800 4189 deisque
833 4113 991 4183 igitur
1029 4120 1209 4162 secum
1250 4108 1480 4170 reputet,
1526 4110 1680 4164 quem
1725 4089 1990 4144 defectum
2030 4099 2151 4139 cor-

570 4174 745 4271 ;exitl,
777 4174 936 4275 quam
961 4200 1208 4252 virtutem
1240 4188 1554 4259 acquisivit,
1586 4182 1725 4253 quod
1754 4187 2027 4248 peccatum
2059 4174 2155 4227 de-

2226 2818 2475 2867 excusata
2498 2807 2745 2862 nimirum
2781 2803 3025 2873 corporis
3054 2798 3419 2855 imbecillitate
3441 2814 3453 2848 :
3475 2795 3520 2850 is
3545 2808 3690 2855 vero,
3719 2791 3807 2858 qui

2231 2918 2336 2956 non
2373 2900 2710 2969 castigaverit
2752 2896 2947 2951 delicta
2973 2936 2989 2962 ,
3042 2890 3370 2963 impossibile
3398 2898 3517 2954 est,
3564 2897 3619 2941 ut
3651 2885 3809 2940 ullam

2232 2993 2627 3047 excusationem
2656 2989 2924 3042 instituat.‘

2307 3083 2349 3136 A
2382 3084 2558 3148 quibus
2585 3080 2849 3151 prwccptis
2896 3074 3157 3130 servandis
3182 3080 3385 3127 excusat
3419 3068 3641 3140 corporis
3668 3066 3818 3136 inﬁr-

2235 3177 2478 3227 mitas.—
2499 3171 2609 3225 Non
2624 3168 2872 3239 jejunasti
2900 3168 2966 3220 ob
2986 3165 3228 3234 corporis
3254 3163 3613 3231 inﬁrmitatem
3642 3161 3654 3190 ¹
3680 3175 3693 3225 ;
3722 3157 3814 3212 sed

2236 3267 2321 3321 die
2349 3264 2476 3318 mihi
2499 3306 2512 3327 ,
2539 3279 2632 3317 cur
2663 3259 2892 3314 inimicis
2929 3258 3033 3312 tuis
3077 3254 3451 3310 reconciliatus
3482 3267 3586 3305 non
3614 3249 3714 3304 es?
3754 3265 3821 3303 an

2239 3359 2328 3412 hic
2380 3356 2543 3410 habes
2595 3353 2735 3408 unde
2783 3349 3085 3422 praetendas
3126 3346 3367 3417 corporis
3423 3343 3824 3397 inﬁrmitatem?

2240 3450 2472 3504 Rursum
2503 3449 2546 3501 si
2590 3446 2771 3501 odium
2818 3443 3175 3511 invidiamque
3203 3439 3433 3494 retineas
3458 3478 3474 3503 ,
3501 3435 3626 3505 quid
3658 3436 3829 3504 possis

2242 3541 2598 3598 excusationis
2647 3535 2916 3608 allegare?
2969 3547 3228 3604 nusquam
3258 3530 3398 3585 enim
3431 3529 3482 3583 in
3531 3526 3827 3582 istiusmodi

2245 3635 2481 3696 delictis,
2511 3632 2576 3686 ad
2611 3630 2851 3699 corporis
2894 3626 3310 3681 imbecillitatem
3351 3624 3638 3692 confugere
3678 3621 3821 3674 licet.

2250 3731 2424 3799 Atque
2445 3726 2496 3781 id
2519 3724 2719 3781 Christi
2750 3720 3097 3776 humanitatis
3121 3734 3255 3786 opus
3273 3726 3377 3780 est,
3408 3714 3549 3785 quod
3572 3715 3834 3783 praecipua

2252 3831 2305 3875 et
2334 3820 2492 3873 vitam
2522 3825 2763 3870 nostram
2813 3810 3138 3867 continentia
3187 3818 3452 3876 prsecepta
3500 3804 3629 3858 nihil
3658 3820 3685 3855 a
3714 3819 3836 3856 cor-

2259 3912 2405 3981 poris
2430 3908 2740 3961 inﬁrmitate
2785 3902 3062 3957 laudantur.
3104 3896 3368 3952 Caeterum
3401 3897 3648 3965 quoniam
3690 3907 3840 3962 a‘que

2258 4001 2509 4057 omnibus
2535 3997 2703 4051 sacris
2735 3993 2938 4063 legibus
2979 3988 3308 4059 indigemus,
3336 4001 3399 4039 ac
3427 3987 3477 4039 in
3506 3984 3690 4053 primis
3712 3972 3798 4035 illa
3824 4022 3839 4047 ,

2261 4110 2381 4164 qua:
2428 4088 2700 4145 interdicit
2729 4085 3033 4141 inimicitias
3064 4083 3366 4148 irarumque
3393 4078 3803 4149 perpetuitatem
3827 4115 3841 4138 ,

2263 4183 2354 4237 sed
2390 4179 2879 4236 reconciliationem
2923 4174 3100 4228 statim
3135 4172 3249 4226 ﬁeri
3274 4170 3447 4240 jubet,
3480 4184 3605 4238 age,
3639 4167 3706 4221 de
3747 4167 3845 4221 hoc

571 4300 783 4371 posuit,
832 4307 987 4364 quem
1024 4300 1236 4342 naevum
1276 4281 1440 4345 eluit,
1491 4274 1784 4330 secundum
1813 4268 1940 4340 quid
1974 4266 2162 4321 melior

576 4357 744 4446 iactus
769 4389 876 4443 sit:
905 4382 1045 4453 quod
1068 4381 1112 4435 si
1136 4375 1395 4433 invenerit
1422 4368 1665 4439 pulchras
1687 4365 1812 4419 istas
1836 4375 2039 4414 merces
2065 4357 2162 4411 sibi

2273 4283 2539 4345 prreccpto
2574 4285 2714 4326 nunc
2758 4269 2809 4323 in
2857 4265 3139 4337 praesentia
3194 4264 3542 4331 disputemus.
3588 4259 3660 4314 Ut
3697 4260 3843 4313 enim

2275 4367 2620 4421 fornicantem
2648 4362 3205 4430 blasphemantemqne
3232 4353 3555 4423 impossibile,
3583 4360 3666 4406 est
3684 4365 3851 4404 sacra:

2277 4476 2478 4516 mensae
2507 4457 2815 4527 participem
2850 4453 2983 4511 ﬁeri,
3013 4451 3084 4503 ita
3112 4462 3320 4516 quoque
3346 4446 3433 4515 qui
3460 4443 3760 4497 inimicitias
3777 4441 3855 4495 fo-

2268 4562 2378 4615 vet,
2420 4559 2515 4605 aut
2548 4549 2605 4602 in
2644 4548 2723 4602 ira
2756 4543 3005 4616 pertinax
3036 4548 3141 4603 est,
3166 4554 3277 4593 non
3322 4542 3503 4607 potest
3536 4532 3643 4586 frui
3673 4537 3864 4585 sancta

2272 4643 2694 4705 communione;
2733 4653 2912 4708 neque
2948 4636 3001 4690 id
3042 4631 3336 4688 immerito.
3365 4628 3470 4695 Qui
3511 4626 3656 4681 enim
3693 4637 3867 4677 mere—

2273 4740 2504 4794 tricatus
2534 4743 2645 4797 est,
2672 4741 2765 4788 aut
2789 4728 3120 4791 adulterium
3143 4723 3441 4787 commisit,
3468 4720 3631 4774 simul
3659 4726 3718 4770 ut
3749 4716 3870 4770 ani-

591 4853 718 4908 loris
740 4854 967 4909 maneat,
991 4857 1054 4897 ac
1074 4852 1182 4895 tum
1206 4839 1452 4898 introeat,
1475 4846 1594 4886 cum
1622 4842 1679 4882 se
1700 4826 1765 4879 ab
1788 4823 2035 4878 omnibus
2058 4831 2185 4909 pec-
2276 4846 2429 4888 mum
2455 4828 2713 4899 explevit,
2735 4825 2894 4878 ﬁnem
2928 4830 3149 4891 peccato
3180 4815 3436 4885 imposuit
3466 4830 3478 4864 ε
3506 4810 3649 4879 quod
3670 4812 3716 4864 si
3735 4809 3874 4863 resin

597 4944 732 4997 θειιίε
756 4935 1078 5008 εκρυτεθτῑιο
1112 4928 1337 5001 (Νυιιίιδ
1366 4926 1416 4977 in
1446 4924 1560 4976 ⁵0Ῑο
1583 4917 1785 5008 Ῑθεὶυηξθ
1814 4912 2058 5008 “fi”???
2081 4908 2179 5008 Ea‘
2276 4929 2496 4998 piscens
2515 4939 2572 4977 se
2590 4938 2619 4975 a
2637 4921 2791 4988 lapsu
2812 4917 3050 4971 excitare
3064 4911 3291 4965 voluerit
3309 4919 3671 4976 magnamque
3689 4913 3876 4961 σειρη-

604 5037 757 5099 beat,
788 4994 878 5100 qui
910 4994 1052 5079 vitiis
1097 4994 1211 5074 sine
1252 5014 1628 5072 emendatione
1674 5005 1901 5061 inhazsit.
1930 5003 1950 5072 )
1980 5001 2050 5071 (b)
2081 4999 2115 5054 F

2279 5020 2423 5075 derit
2459 5012 2859 5088 paenitentiam,
2893 5013 3222 5075 assequelur
3250 5000 3487 5069 aliquam
3531 4994 3874 5051 consolatio-

605 5126 747 5181 enim
775 5128 858 5177 est
878 5132 998 5173 eum
1016 5155 1033 5182 ,
1054 5111 1145 5182 qui
1184 5124 1286 5163 non
1310 5102 1652 5175 jejunaverit,
1695 5097 1901 5152 veniam
1931 5106 2115 5147 consrc

2283 5124 2407 5167 nem
2429 5085 2555 5177 ;qui
2583 5114 2765 5158 autem
2787 5096 3087 5155 simultatis
3108 5102 3270 5147 tenax
3297 5099 3403 5151 est.
3430 5089 3662 5158 singulis
3680 5085 3876 5138 diebus

2283 5206 2568 5272 peccatum
2588 5193 2736 5256 facit,
2757 5205 2858 5244 nec
2874 5201 3132 5257 umquam
3153 5183 3284 5238 illud
3301 5182 3553 5238 absolvit.
3576 5179 3694 5234 lllic
3714 5177 3879 5230 simul

2301 5257 2422 5337 cum
2469 5274 2668 5345 ﬂagitio
2696 5269 2966 5341 expletum
3014 5277 3096 5320 est
3148 5271 3421 5334 peccatum
3445 5259 3601 5322 ',hic
3643 5257 3883 5326 quotidie

2304 5376 2446 5431 idem
2477 5368 2653 5426 scelus
2699 5373 2933 5418 tentatur
2966 5376 2980 5413 :
3013 5373 3169 5428 quam
3212 5356 3368 5426 igitur
3406 5352 3613 5404 veniam
3647 5347 3881 5416 sperabi-

2314 5479 2452 5532 mus,
2480 5462 2697 5532 quinos
2738 5454 2830 5510 tali
2857 5452 3046 5508 belline
3086 5449 3227 5504 ultro
3273 5440 3562 5500 dedimus?
3608 5437 3885 5508 Quomodo

583 4667 876 4736 negligens,
898 4660 1067 4716 solum
1085 4654 1343 4725 jejunium
1361 4656 1625 4704 ostentare
1643 4642 1857 4712 poterit,
1870 4652 1969 4693 nec
1985 4637 2037 4689 in
2053 4633 2171 4687 ullis

586 4763 702 4816 aliis
729 4757 889 4812 rebus
926 4768 985 4807 se
1025 4745 1414 4817 castigatiorem
1464 4739 1658 4793 factum
1701 4731 1927 4802 probare
1956 4726 2172 4797 poterit,

670 5303 689 5334 ί
724 5307 829 5349 Sav.
855 5296 903 5345 in
925 5290 1145 5353 margine
1171 5290 1224 5334 et
1243 5281 1428 5353 aliquot
1446 5283 1576 5353 iussn
1602 5268 1941 5335 compellamus
1964 5274 2064 5321 nou,
2093 5259 2191 5319 vel,

610 5342 903 5415 manus;
918 5354 982 5403 ad
998 5342 1239 5415 viliore"!
1255 5342 1506 5415 timum.
1517 5395 1683 5415 -.μμ
1713 5391 1809 5415 ﬁ-.-

675 5383 1686 5477 3‘11??éi?22‘&§i&§hi’ii§§l,’i€iauaium
1708 5391 1982 5443 diuinorum
1997 5383 2201 5436 manda-

615 5492 791 5535 ιστωο
1052 5532 1062 5535 _
1197 5530 1226 5535 -_
1404 5529 1415 5535 ,
1538 5533 1559 5535 Α
1598 5516 1841 5535 Α,,ιε,ει..--,
1876 5512 1990 5535 ηιμ-..2

683 5507 904 5606 Esther;
921 5532 1117 5587 homilia
1139 5530 1310 5582 collata
1346 5529 1423 5574 est
1459 5533 1570 5606 cum
1594 5516 1845 5591 codicibus
1876 5507 2200 5606 Regiisisﬂti,

825 5601 898 5606 “‘
943 5596 1062 5606 ""“
1104 5593 1218 5606 ἰλ-³·
1277 5597 1314 5606 --
1345 5599 1448 5606 ----
1473 5591 1532 5606 rm
1555 5575 1853 5606 tvm-omnem
1912 5586 1938 5606 ει
1971 5572 2200 5606 διειρων-

621 5572 763 5663 ιςὲὶἒί
783 5572 1321 5663 ἐὶῖἷξὲῖᾥζξδόὖῐζῐι
1340 5572 1450 5637 eam
1471 5572 1748 5633 Colbertino
1762 5575 1874 5635 an,
1911 5572 2084 5622 additis
2099 5579 2203 5618 δαν.

624 5652 879 5719 ἓῖθίὀνεῑὶὶ
904 5652 1208 5709 lectionibus.

687 5691 1882 5791 (3”3;;intra:'p‘aruentheSim-Iclaudgn-tuﬁnsavil
1943 5701 1995 5746 et
2030 5691 2212 5760 aliun

632 5760 1103 5851 neii’pois'déﬁiﬁ't‘ad
1110 5760 1277 5837 ξ
1339 5770 1429 5821 sed
1450 5767 1612 5818 omisit
1629 5760 1793 5813 Morel.

2379 5623 2397 5654 ι
2431 5616 2570 5669 sat-il.
2598 5621 2649 5666 et
2664 5612 2848 5675 aliquot
2859 5606 3023 5659 Codd..
3043 5602 3105 5674 ob
3120 5598 3337 5675 carperis
3352 5593 3690 5675 tui-nugarum“.

2384 5685 2405 5715 ε
2432 5651 2575 5730 sa:
2598 5651 3287 5736 ausaaé'sa‘mna
3310 5656 3699 5736 αμυιςετίοιριυη
3717 5651 3897 5714 πσσίιιο

2672 5716 2939 5802 Tch'Fdiiliuf.
2958 5716 3018 5777 iEt
3038 5716 3109 5777 sic
3130 5723 3318 5773 videtur
3342 5718 3528 5782 legisse
3550 5716 3773 5767 Nannius.
