4068 6508
232 429 326 485 θεῖς)

232 542 525 615 postulabis
558 542 722 598 Deum
755 539 845 595 tibi
871 548 1206 594 mansuetum
1236 546 1291 592 et
1318 536 1500 592 mitem
1525 535 1662 601 fieri,
1694 551 1817 593 cum

235 647 293 690 tu
322 648 586 690 conservo
614 641 704 686 tuo
732 640 836 685 tam
860 630 1037 700 gravis
1071 629 1146 684 sis
1175 638 1233 684 et
1257 627 1640 683 inexorabilis?
1664 626 1816 695 Esto,

235 726 560 783 contumelia
594 734 644 779 te
674 721 851 778 affecit
887 736 1182 777 conservus
1209 737 1226 775 :
1253 734 1433 774 nonne
1459 726 1512 773 tu
1539 734 1684 787 stepe
1710 719 1820 772 Deo

232 818 585 877 contumelias
612 815 768 870 facis?
779 814 913 883 Quid
929 814 1131 885 :cquale
1151 814 1292 867 inter
1316 812 1592 866 dominum
1618 818 1675 863 et
1700 823 1818 863 ser-

235 913 385 967 vum?
403 909 559 980 Atqui
583 908 668 963 hic
690 906 956 962 interdum
982 906 1368 961 contumeliose
1394 903 1821 970 babitus,contn-

234 1005 445 1059 meliam
478 1000 617 1057 forte
644 999 903 1070 reposuit,
932 1006 1347 1067 etexasperatus
1363 1010 1455 1062 es;
1483 1004 1538 1049 tu
1565 995 1821 1049 adversus

238 1096 518 1152 Dominum
544 1092 933 1150 cantumeliose
959 1092 1094 1161 agis,
1118 1092 1246 1145 nihil
1269 1090 1480 1159 quidem
1510 1089 1578 1144 ab
1608 1089 1700 1143 illo
1730 1089 1824 1142 ια’-

232 1205 325 1244 sus
347 1230 362 1254 ,
393 1188 486 1244 sed
515 1187 784 1257 perpetuis
805 1185 1046 1255 quotidie
1075 1183 1346 1239 beneficiis
1374 1181 1616 1237 affectus.
1639 1181 1823 1252 Cogita

234 1296 361 1349 ergo
374 1278 514 1349 quod
536 1278 580 1332 si
596 1278 759 1333 vellet
772 1277 912 1331 Deus
929 1275 1187 1330 adversus
1202 1289 1262 1329 se
1286 1274 1569 1328 commissa
1594 1274 1823 1343 diligen-

236 1381 319 1424 ter
346 1371 628 1439 exquirere
651 1409 667 1435 ,
698 1383 764 1421 ne
791 1367 857 1420 ad
877 1382 1039 1419 unum
1069 1366 1283 1435 quidem
1310 1366 1451 1418 diem
1500 1366 1822 1419 viveremus.

238 1461 470 1527 Peccata,
501 1460 667 1525 enim,
691 1459 939 1528 inquit,si
965 1456 1568 1523 observaveris,Domiue,
1592 1456 1822 1522 Domine,

236 1556 349 1626 quis
398 1554 661 1610 sustinebit
707 1552 725 1624 (
767 1551 910 1606 Psal.
939 1551 1062 1607 19.9.
1092 1549 1206 1621 5)?
1248 1551 1314 1605 Et
1349 1561 1403 1602 ut
1452 1551 1694 1609 omittam
1723 1549 1823 1602 alia

237 1647 417 1702 omnia
465 1654 717 1716 peccata,
750 1660 871 1713 qua:
915 1644 1029 1697 Sola
1072 1642 1331 1712 cujusque
1378 1641 1673 1709 peccatoris
1700 1655 1827 1694 con-

241 1739 459 1793 scientia
490 1736 702 1806 cognita
736 1735 926 1797 habet,
958 1744 1010 1788 et
1040 1734 1128 1787 ubi
1176 1742 1374 1802 prmter
1421 1734 1586 1788 Deum
1623 1733 1824 1786 nullum

236 1840 429 1886 testem
457 1826 796 1892 reformidat,
821 1825 865 1879 si
892 1824 960 1881 de
984 1824 1248 1880 confessis
1292 1824 1409 1878 istis
1434 1833 1488 1878 et
1516 1823 1718 1893 apertis
1744 1838 1829 1876 ra-

242 1923 444 1977 tionem
470 1932 899 1989 reposceremur,
922 1932 1080 1987 quam
1102 1916 1311 1971 veniam
1338 1956 1355 1980 ,
1377 1930 1580 1986 quaeso,
1610 1929 1830 1984 sperare

238 2026 451 2083 possem
461 2011 591 2078 us,si
611 2019 845 2063 nostram
861 2008 912 2061 in
928 2007 1175 2077 precibus
1202 2006 1445 2061 inertiam
1474 2014 1528 2061 et
1553 2005 1823 2075 negligen-

240 2105 367 2159 tiam
396 2099 907 2171 expenderet:quod
934 2113 1114 2154 coram
1144 2113 1210 2153 eo
1240 2096 1598 2153 consistentes
1622 2096 1828 2164 ipsum—

239 2211 345 2267 que
371 2197 698 2258 invocantes,
715 2207 784 2246 ne
809 2201 1010 2245 tantum
1030 2190 1242 2260 quidem
1259 2188 1479 2259 pudoris
1505 2197 1560 2243 et
1578 2202 1833 2243 reveren-

238 2287 327 2340 tia:
347 2284 677 2349 exhibemus,
702 2291 954 2352 quantum
970 2281 1109 2336 servi
1127 2280 1357 2335 dominis
1370 2282 1502 2346 suis,
1524 2288 1617 2334 aut
1634 2279 1832 2333 milites

239 2377 484 2442 ducibus,
499 2384 591 2430 aut
611 2375 766 2430 amici
784 2374 1004 2427 amicis?
1020 2388 1141 2427 cum
1153 2372 1326 2427 amico
1338 2371 1480 2426 enim
1495 2370 1830 2440 colloquens,

241 2484 363 2523 cum
391 2466 683 2521 attentione
709 2464 835 2519 illud
858 2462 1011 2529 facis;
1033 2477 1153 2517 cum
1175 2462 1286 2517 Deo
1313 2471 1491 2517 autem
1508 2460 1577 2517 de
1596 2456 1833 2531 peccatis

244 2559 349 2612 tuis
360 2572 543 2628 agens,
554 2555 1061 2612 etcondonationem
1077 2555 1349 2624 postulans
1364 2564 1418 2607 et
1429 2554 1636 2609 veniam
1651 2568 1832 2620 orans,

246 2648 475 2702 subinde
505 2646 1133 2715 torpescis,genibusque
1159 2645 1306 2699 humi
1338 2646 1542 2714 positis,
1572 2660 1713 2715 smpe
1742 2661 1836 2714 per

252 2739 447 2804 forum,
479 2750 624 2806 sa'pe
653 2752 746 2806 per
774 2735 919 2789 mdes
946 2744 1180 2790 mentem
1213 2744 1357 2789 tuam
1395 2735 1629 2804 divagari
1658 2735 1791 2789 sinis
1816 2775 1832 2799 ,

247 2846 344 2887 ore
373 2842 464 2885 tuo
493 2829 705 2884 interim
736 2838 940 2884 temere
969 2828 1304 2898 iuauiterque
1339 2830 1607 2899 garriente
1633 2846 1647 2884 :
1677 2828 1836 2898 idque

245 2940 354 2980 non
379 2923 541 2979 semel
566 2932 656 2977 aut
680 2923 784 2989 bis,
812 2922 905 2978 sed
936 2922 1240 2993 frequenter
1259 2924 1417 2979 nobis
1437 2924 1664 2980 accidit:
1684 2929 1830 2995 quod

247 3018 293 3071 si
335 3017 420 3073 vel
474 3016 599 3070 illud
647 3016 819 3069 solum
855 3016 1154 3085 ponderare
1186 3015 1318 3071 velit
1341 3015 1511 3083 Deus,
1538 3032 1605 3071 an
1627 3018 1835 3072 veniam

248 3119 403 3179 putas
428 3107 836 3164 obtinebimus?
880 3123 948 3162 an
993 3110 1361 3178 purgationem
1404 3109 1635 3181 aliquam
1680 3110 1840 3165 ador-

250 3217 380 3257 nare
401 3202 694 3271 poterimus
712 3199 874 3254 'lMihi
896 3210 1040 3254 certe
1060 3199 1111 3255 id
1142 3200 1257 3255 ﬁeri
1289 3214 1394 3255 non
1422 3217 1579 3269 posse
1605 3201 1836 3258 videtur.

324 3293 382 3347 2.
412 3292 549 3360 Quid
596 3292 640 3345 si
670 3291 781 3361 jam
811 3293 1048 3346 convicia
1093 3292 1287 3361 quibus
1321 3292 1555 3362 quotidie
1584 3292 1674 3348 alii
1707 3295 1841 3350 alios

248 3386 586 3447 incessimus,
621 3384 674 3437 in
704 3383 940 3438 medium
982 3381 1318 3452 produxerit,
1345 3382 1650 3455 judiciaque
1680 3384 1838 3453 inop-

246 3484 472 3546 portuna
504 3515 519 3539 ,
574 3474 767 3544 quibus
825 3474 1131 3542 proximum
1176 3473 1637 3543 condemnemus,
1682 3474 1840 3545 idque

248 3567 399 3622 nulla
425 3565 526 3620 alia
548 3564 617 3621 de
637 3579 823 3631 causa,
844 3579 1002 3634 quam
1028 3563 1168 3634 quod
1197 3564 1444 3621 maledici
1468 3581 1688 3632 sumus;
1713 3565 1840 3635 quid

254 3659 547 3730 poterimus
572 3695 591 3724 ,
617 3668 835 3726 qumso,
882 3671 978 3724 pro
1023 3654 1338 3711 defensione
1380 3665 1561 3712 nostra
1605 3656 1841 3719 ali'erre?

256 3750 485 3803 ltursum
538 3746 584 3801 si
632 3746 905 3801 examinet
967 3745 1210 3800 curiosos
1260 3758 1474 3803 nostros
1523 3748 1744 3803 intuitus
1787 3754 1844 3803 et

253 3838 417 3895 animi
445 3851 640 3908 pravas
662 3835 998 3906 cupiditates,
1021 3837 1246 3893 subinde
1273 3838 1514 3909 turpibus
1536 3850 1588 3895 et
1614 3838 1843 3893 immun-

254 3933 339 3989 dis
366 3929 773 4003 cogitationibus
800 3929 1029 3985 imbutas
1051 3971 1067 3998 ,
1094 3929 1219 3985 dum
1250 3931 1438 3987 oculos
1461 3931 1698 4002 quolibet
1724 3931 1841 3989 sine

255 4026 359 4081 ulla
407 4023 780 4080 observatione
832 4024 1086 4081 obcrrare
1134 4026 1396 4109 sinimus,
1425 4041 1584 4096 quam
1629 4041 1843 4096 pinnam

260 4116 492 4174 luemus?
511 4116 662 4184 Quod
684 4116 728 4170 si
758 4116 967 4172 ineatur
989 4117 1126 4172 ratio
1149 4126 1452 4172 nostrorum
1473 4118 1841 4173 conviciorum

256 4209 418 4277 (nam
451 4206 553 4275 Qui
578 4208 724 4278 fratri
742 4224 835 4261 suo
860 4207 1043 4263 dixerit
1066 4250 1083 4276 ,
1116 4206 1305 4273 Fatue,
1329 4224 1447 4264 reus
1470 4208 1568 4263 erit
1603 4209 1846 4281 gehennw

256 4300 390 4370 ignis
410 4296 622 4372 [Mutila
650 4300 703 4355 5.
735 4297 876 4373 22]),
902 4316 1027 4355 num
1054 4300 1138 4356 vel
1160 4315 1221 4356 os
1248 4299 1503 4358 diducere
1528 4301 1609 4356 vel
1638 4301 1845 4357 hiscere

260 4389 457 4454 licebit,
486 4397 580 4444 aut
622 4404 849 4461 parvum
897 4401 989 4446 aut
1034 4408 1283 4463 magnum
1331 4393 1843 4462 respoudereiJam

264 4481 451 4535 inanes
467 4489 679 4535 nostras
701 4481 1046 4552 gioriationes
1066 4482 1134 4538 de
1160 4482 1404 4554 precibus
1423 4483 1502 4538 vel
1521 4482 1739 4554 jejuniis
1759 4485 1846 4540 vel

262 4571 624 4642 eleemosynis
650 4572 872 4640 nostris,
901 4572 946 4627 si
976 4573 1028 4628 in
1056 4573 1477 4644 disquisitionem
1508 4584 1842 4641 revocentur,

262 4679 371 4718 non
399 4679 429 4717 a
458 4663 589 4729 Deo,
620 4663 715 4719 sed
743 4680 772 4717 a
805 4666 960 4720 nobis
989 4665 1119 4737 ipsis
1142 4668 1230 4736 qui
1256 4668 1596 4734 peccavimus
1627 4685 1640 4723 :
1666 4685 1731 4725 an
1753 4685 1848 4725 au-

263 4754 508 4810 debimus
536 4754 621 4809 vel
646 4754 834 4810 cadum
863 4757 1167 4825 respicere?
1201 4758 1364 4812 Porro
1387 4759 1428 4812 si
1452 4759 1520 4814 de
1545 4760 1684 4814 dolis
1707 4761 1849 4830 judiv

262 4849 402 4903 cium
434 4847 543 4915 fiat,
575 4863 710 4918 quos
743 4849 832 4904 alii
882 4849 935 4903 in
966 4849 1101 4903 alios
1128 4850 1472 4913 consuimus,
1523 4868 1662 4906 nunc
1706 4868 1847 4922 prae-

263 4955 469 4996 sentem
496 4940 772 4997 laudantes
787 4941 1027 5006 fratrem,
1043 4958 1105 4997 ac
1118 4958 1239 4997 cum
1263 4960 1328 4998 eo
1356 4944 1506 5014 quasi
1533 4960 1653 4999 cum
1675 4947 1848 5002 amico

263 5033 530 5105 colloquia
562 5035 874 5101 miscentes,
897 5051 1040 5091 nunc
1068 5036 1343 5091 absentem
1374 5038 1755 5094 criminantes:
1778 5054 1847 5094 an

266 5139 422 5194 pares
447 5122 648 5179 erimus
677 5124 979 5182 istiusmodi
1014 5126 1224 5197 prensa?
1248 5127 1385 5197 Quid
1413 5129 1586 5185 dicam
1610 5129 1678 5186 de
1699 5129 1847 5201 jura-

264 5213 486 5281 mentis,
520 5214 832 5282 mendaciis,
861 5218 1151 5290 perjuriis,
1182 5222 1381 5290 injusto
1408 5223 1608 5290 furore,
1640 5225 1843 5288 livore.

268 5327 369 5381 quo
402 5326 547 5381 saepe
586 5310 896 5367 invidemus
934 5311 1070 5368 viris
1106 5311 1425 5382 conspicuis
1458 5330 1564 5369 non
1610 5314 1855 5371 inimicis

264 5404 449 5468 modo,
482 5403 576 5458 sed
601 5403 829 5457 amicis?
850 5403 981 5473 quid
1000 5403 1144 5472 quod
1171 5402 1719 5461 oblectamuralienis
1740 5424 1856 5461 ma-

264 5494 352 5561 lis,
375 5495 825 5563 arbitramurque
848 5496 1085 5551 alienam
1106 5496 1474 5552 infelicitatem
1498 5502 1665 5555 nostri
1689 5501 1857 5555 infor-

263 5586 402 5639 tunii
432 5584 690 5639 solatium
713 5588 872 5641 esse?

329 5672 810 5734 Confabulatianes
842 5681 898 5733 in
921 5678 1145 5735 ecclesia
1185 5680 1482 5750 prohibita.
1517 5713 1586 5724 —
1609 5683 1764 5751 Quod
1806 5685 1851 5739 si

258 5761 709 5849 torporisnostri
735 5764 789 5818 in
819 5785 976 5826 sacra
1002 5772 1227 5828 collecta
1252 5773 1393 5829 ratio
1407 5776 1678 5847 exigatur,
1698 5779 1855 5849 quid-

254 5861 374 5901 nam
394 5846 715 5916 patiemur?
740 5849 878 5911 lllud
902 5862 1105 5931 quippe
1128 5878 1235 5918 non
1254 5846 1538 5935 ignoratis,
1565 5846 1853 5939 quod-ipso

978 421 1036 478 s.
1075 418 1354 478 .lOANNlS
1391 417 1861 477 cnnvsosroui
1906 419 2221 479 ARClilEP.
2262 421 2797 482 CONSTANTINOP.
2842 402 2859 421 ί

3412 431 3519 489 (100

1926 537 2038 592 Deo
2063 551 2206 607 smpe
2232 554 2329 610 per
2359 540 2672 610 prophetam
2698 558 2817 597 cum
2863 543 3109 600 omnibus
3154 544 3309 605 nobis
3349 549 3519 606 collo-

1924 639 2139 697 quentc,
2173 633 2367 684 multas
2394 647 2722 703 magnasque
2747 632 3100 690 fabulationes
3115 651 3236 692 cum
3259 641 3518 707 proximis

1926 718 2238 783 habeamus,
2283 720 2350 777 de
2390 723 2549 778 rebus
2591 723 2657 777 ad
2699 741 2797 778 nos
2844 726 3065 782 minime
3106 729 3516 798 pertinentibus.

1925 809 2076 877 Quod
2126 811 2169 866 si
2212 812 2392 881 igitur,
2426 815 2649 871 omissis
2689 816 2898 870 (ueteris
2944 818 3232 885 omnibus,
3282 836 3379 890 par
3430 822 3520 876 isti

1924 901 2120 957 delicto
2168 905 2483 974 supplicium
2526 908 2826 976 postuletur
2860 949 2875 972 ,
2909 908 3036 977 quid
3086 910 3350 980 reliquum
3393 914 3520 976 erit,

1928 993 2066 1062 quod
2111 994 2179 1048 de
2218 995 2390 1050 salute
2437 998 2714 1065 speretur?
2753 997 2831 1053 Ne
2880 999 3159 1055 existimes
3203 1000 3255 1056 id
3300 1017 3521 1072 parvum

1927 1085 2128 1139 crimen
2160 1099 2279 1141 esse
2307 1105 2318 1139 :
2349 1088 2463 1157 ejus
2499 1089 2641 1144 enim
2690 1092 3107 1161 magnitudinem
3135 1094 3180 1148 si
3212 1095 3521 1168 perspicere

1928 1177 2198 1245 cupias,in
2226 1178 2384 1234 rebus
2416 1181 2658 1235 humanis
2685 1182 3112 1253 perspiciendum
3139 1194 3241 1239 est.
3272 1187 3420 1240 Aude
3446 1187 3523 1241 sis

1931 1278 2158 1336 praetore
2179 1279 2351 1325 tecum
2376 1271 2533 1325 verba
2558 1271 2807 1339 habente,
2828 1273 2936 1327 imo
2958 1275 3039 1329 vel
3054 1275 3228 1329 amico
3247 1276 3522 1347 aliquanto

1931 1358 2260 1427 honestiore,
2306 1376 2373 1416 eo
2413 1362 2617 1417 omisso
2655 1378 2960 1419 sermonem
3005 1371 3151 1419 tuum
3199 1365 3266 1421 ad
3307 1381 3521 1423 servum

1930 1451 2240 1518 transferre,
2274 1467 2336 1506 ae
2375 1461 2487 1507 tum
2532 1452 2740 1509 videbis
2778 1463 3034 1526 quantum
3078 1457 3253 1512 scelus
3295 1459 3518 1524 audeas,

1930 1562 2050 1601 cum
2095 1546 2323 1617 idipsum
2355 1549 2406 1601 in
2436 1547 2602 1603 Deum
2647 1547 2795 1602 facis.
2845 1549 2996 1616 Quod
3027 1550 3070 1604 si
3102 1549 3379 1605 honestior
3423 1553 3524 1605 ali-

1931 1638 2049 1707 quis
2063 1637 2363 1706 hujusmodi
2382 1638 2757 1692 contumeliam
2777 1640 3114 1708 neglecturus
3140 1656 3244 1694 non
3261 1651 3365 1709 est,
3384 1642 3525 1698 Deus

1935 1738 2111 1782 tamen
2166 1727 2354 1782 iisdem
2409 1729 2802 1799 majoribusque
2852 1730 3059 1799 injuriis
3107 1731 3349 1802 pulsatus
3392 1747 3524 1802 quo.

1936 1820 2082 1884 tidie,
2112 1835 2211 1874 nec
2240 1820 2307 1874 ab
2336 1836 2443 1874 uno
2470 1829 2560 1874 aut
2587 1822 2756 1875 altero
2774 1820 2853 1874 vel
2874 1840 2903 1874 a
2934 1823 3105 1876 tribus
3141 1823 3336 1890 solum,
3368 1825 3461 1879 sed
3494 1840 3522 1877 a

1887 1934 1891 1941 ε
1934 1910 2090 1965 nobis
2114 1908 2283 1965 ferme
2303 1910 2641 1979 omnibus,in
2664 1912 3072 1967 mansuetudine
3095 1929 3189 1967 sua
3214 1923 3268 1968 et
3295 1913 3525 1969 toleran-

1937 2001 2006 2056 tia
2033 2010 2371 2073 perseverat,
2400 2018 2559 2072 quam
2591 2019 2696 2057 non
2724 2005 2897 2058 solum
2924 2004 3180 2059 adversus
3205 2006 3524 2073 istiusmodi,

1934 2096 2031 2151 sed
2060 2104 2116 2151 et
2141 2095 2242 2149 alia
2272 2096 2439 2150 multo
2471 2095 2716 2167 graviora
2746 2106 3048 2152 conservat.
3078 2096 3203 2152 [ire
3231 2098 3372 2153 enim
3398 2113 3527 2152 con-

1935 2188 2077 2244 fessa
2104 2198 2160 2244 et
2185 2188 2473 2245 manifesta
2500 2198 2626 2245 sunt
2652 2190 2847 2245 delicta
2891 2207 3009 2261 qua!
3047 2193 3432 2263 propemodum
3460 2195 3528 2250 ab

1937 2282 2187 2336 omnibus
2224 2282 2602 2351 designantur;
2632 2293 2757 2337 sunt
2798 2295 2976 2338 autem
3025 2295 3080 2338 et
3129 2285 3254 2352 alia,
3300 2301 3527 2355 quorum

1937 2377 2193 2446 cujusque
2218 2376 2515 2446 peccatoris
2540 2377 2749 2430 animus
2773 2385 2855 2430 est
2878 2379 3144 2432 conscius.
3169 2378 3320 2444 Quod
3346 2380 3390 2433 si
3415 2379 3527 2434 haec

1936 2469 2114 2525 omnia
2142 2479 2320 2523 mente
2342 2469 2750 2534 revolverimus,
2769 2469 2979 2523 etiamsi
2998 2471 3231 2542 omnium
3271 2470 3529 2526 crudelis-

1940 2562 2064 2617 simi
2091 2577 2155 2617 ac
2180 2561 2551 2616 immanissimi
2579 2562 2767 2629 simus,
2796 2562 2956 2616 modo
2983 2561 3375 2618 multitudinem
3409 2579 3531 2632 pec-

1937 2663 2176 2707 catorum
2199 2660 2504 2707 nostrorum
2526 2651 2943 2721 consideremus,
2978 2667 3086 2721 pra:
3107 2663 3249 2706 metu
3274 2661 3328 2706 et
3349 2654 3531 2708 anxie-

1942 2755 2051 2797 tate
2076 2758 2143 2798 ne
2170 2742 2476 2797 meminisse
2502 2741 2719 2812 quidem
2748 2720 2959 2795 vacabit
2997 2753 3340 2808 acceptarum
3387 2742 3496 2810 inju
3515 2772 3530 2784 -

1940 2836 2161 2889 riarum.
2183 2832 2488 2888 Recordare
2524 2833 2662 2903 ignei
2690 2831 2857 2899 ﬂuvii,
2880 2834 3076 2888 vermis
3106 2834 3374 2895 venenati,
3407 2835 3531 2888 hor-

1942 2926 2093 2982 rendi
2138 2926 2343 2996 judicii,
2377 2926 2431 2980 in
2479 2941 2586 2997 quo
2623 2927 2800 2981 omnia
2829 2926 2967 2981 nuda
3017 2936 3070 2980 et
3098 2934 3278 2995 aperta
3324 2936 3482 2980 erunt
3513 2944 3528 2981 :

1943 3019 2117 3090 cogita
2144 3018 2286 3088 quod
2312 3035 2429 3086 quin
2455 3034 2596 3073 nunc
2622 3020 2675 3073 in
2705 3018 2884 3073 abdito
2914 3019 3099 3084 latent,
3126 3025 3252 3073 tunc
3276 3019 3327 3073 in
3355 3019 3528 3073 iurent

1945 3109 2303 3181 proferentur.
2348 3110 2499 3177 Quod
2529 3111 2574 3165 si
2603 3113 2842 3180 proximo
2884 3110 3153 3165 remiseris
3199 3122 3436 3179 peccata,
3467 3126 3528 3165 ea

1942 3216 2062 3269 qua:
2089 3209 2200 3255 tum
2229 3200 2515 3272 retegenda
2540 3210 2719 3263 erunt.
2747 3216 2889 3255 nunc
2918 3201 2969 3253 in
3003 3202 3106 3255 hoc
3132 3201 3330 3255 Saecqu
3354 3203 3534 3255 abole-

1942 3290 2166 3356 buntur,
2194 3291 2474 3360 exibisque
2504 3291 2637 3345 nihil
2666 3300 2840 3344 tecum
2873 3289 3093 3346 trahens
3118 3305 3184 3346 ex
3217 3293 3322 3345 tuis
3346 3308 3534 3362 pecea-

1945 3384 2031 3449 tis,
2061 3383 2198 3438 adeo
2229 3389 2289 3437 ιιι
2315 3382 2483 3436 multo
2514 3382 2630 3451 plus
2659 3381 2909 3449 recipias,
2941 3398 3097 3450 quam
3124 3381 3338 3437 dedisti.
3367 3383 3531 3439 Multa

1944 3489 2089 3544 saepe
2113 3473 2415 3529 istiusmodi
2447 3472 2789 3543 deliquimus,
2821 3488 3047 3543 quorum
3090 3475 3357 3529 nemiuem
3398 3488 3535 3529 con-

1943 3564 2115 3621 scium
2162 3564 2425 3621 habemus
2456 3581 2469 3617 :
2499 3563 2695 3618 deinde
2718 3578 2837 3618 cum
2866 3566 3161 3635 cogitainus
3184 3566 3326 3636 quod
3355 3582 3423 3622 eo
3445 3568 3535 3623 die

1945 3664 2070 3709 ante
2110 3654 2297 3709 oculos
2349 3655 2587 3709 omnium
2628 3664 2849 3724 peccatu
2897 3667 3079 3710 nostra
3122 3668 3457 3725 exponentur
3481 3659 3535 3713 in

1948 3747 2156 3817 publico
2177 3746 2324 3801 orbis
2347 3754 2613 3801 terrarum
2635 3746 2865 3815 theatro,
2891 3748 3094 3803 tristius
3110 3750 3159 3805 id
3177 3765 3334 3820 quam
3362 3752 3535 3821 ipsum

1947 3840 2522 3910 supplicium,augente
2551 3855 2650 3896 nos
2674 3848 2731 3896 et
2755 3842 2989 3897 elidente
3013 3844 3367 3911 conscientia,
3385 3844 3535 3899 arbi-

1950 3942 2174 3987 tramur.
2187 3930 2412 3986 Tantum
2458 3932 2700 4002 pudoris,
2729 3942 2807 3987 tot
2837 3942 3076 4002 peccata,
3107 3941 3251 3988 tanta
3279 3934 3537 4001 supplicia

1949 4025 2136 4080 eluere
2165 4024 2292 4079 licet
2322 4039 2418 4094 per
2461 4024 2906 4078 condonationem
2948 4023 3166 4076 oli‘ensie
3198 4039 3212 4075 :
3243 4022 3375 4077 nihil
3394 4024 3539 4080 enim

1946 4126 2031 4172 est
2056 4118 2180 4173 huic
2206 4117 2388 4171 virtuti
2417 4117 2641 4187 atqu-ale.
2678 4116 2766 4169 \‘is
2794 4130 3119 4186 cognoscere
3158 4117 3314 4186 hujus
3356 4117 3540 4174 vires?

1949 4210 2012 4266 Si
2039 4211 2227 4265 steterit
2256 4209 2479 4280 Moyses,
2506 4218 2554 4263 et
2576 4208 2787 4265 Samuel
2814 4218 2931 4262 ante
2949 4208 3132 4279 faciem
3151 4209 3536 4281 nteam,inquit,

1947 4319 2051 4356 non
2070 4312 2141 4357 est
2160 4302 2332 4355 anima
2354 4317 2466 4355 mea
2490 4300 2558 4354 ad
2585 4317 2671 4356 eos
2695 4298 2909 4372 (larem.
2929 4300 3017 4356 15.
3038 4300 3113 4372 1).
3131 4303 3375 4357 Attamen
3406 4316 3543 4371 quos

1949 4410 2056 4448 non
2086 4402 2371 4464 potuerunt
2395 4393 2605 4467 Moyses
2628 4405 2684 4448 et
2714 4390 2929 4449 Samuel
2967 4394 3180 4463 eripere
3204 4395 3271 4449 ab
3299 4395 3377 4447 ira
3408 4396 3498 4448 Dei
3518 4433 3535 4458 ,

1953 4486 2110 4556 hujus
2135 4487 2387 4558 prazcepti
2414 4486 2717 4541 observatio
2744 4488 2953 4554 eripere
2992 4485 3160 4553 potuit
3187 4503 3203 4541 :
3229 4499 3292 4539 ac
3314 4484 3539 4554 proinde

1952 4578 2064 4633 illis
2108 4578 2300 4648 quibus
2346 4579 2445 4632 ista
2484 4577 2652 4641 dixit,
2694 4576 2909 4630 assidue
2954 4576 3207 4645 pra-cepit
3248 4574 3539 4644 inquiens:

1953 4669 2208 4742 Nequitia:
2248 4671 2420 4741 fratris
2461 4671 2609 4725 uestri
2633 4667 2821 4738 singuli
2845 4683 2909 4721 ne
2929 4667 3259 4722 recordamini
3285 4668 3339 4721 in
3367 4668 3540 4722 cordi-

1953 4763 2045 4818 bus
2065 4764 2237 4817 vestris
2267 4763 2447 4837 (Zaclt.
2469 4763 2519 4817 7.
2552 4761 2673 4831 10):
2702 4759 2780 4814 De
2805 4761 3089 4831 malefactis
3116 4761 3333 4831 proximi
3357 4761 3545 4832 singuli

1954 4870 2018 4907 ne
2056 4854 2390 4924 cogitaveritis
2419 4851 2528 4924 (Id.
2560 4852 2613 4909 8.
2640 4852 2752 4924 17).
2786 4851 2902 4907 Non
2925 4852 3057 4907 dixit
3077 4852 3272 4918 solum,
3292 4852 3545 4919 Remitte,

1955 4943 2070 5009 sed,
2101 4944 2179 5000 Ne
2202 4945 2284 5000 vel
2315 4946 2367 4999 in
2400 4953 2581 4999 mente
2614 4945 2836 5010 habeas,
2869 4958 2939 5000 ne
2956 4945 3176 5015 cogites,
3211 4945 3396 4998 omitte
3425 4946 3548 4998 uui-

1956 5052 2168 5093 versam
2194 5038 2352 5102 iram,
2375 5038 2531 5092 ulcus
2562 5038 2688 5093 tolle
2716 5056 2730 5092 :
2759 5038 2889 5093 dum
2915 5038 3055 5091 enim
3076 5037 3361 5092 vindictam
3391 5038 3548 5092 ador-

1957 5144 2075 5197 nas,
2104 5130 2334 5199 primum
2359 5129 2588 5199 teipsuin
2637 5139 2906 5185 tormento
2946 5128 3136 5195 afﬁeis,
3169 5129 3333 5183 veluti
3360 5130 3403 5183 si
3432 5144 3549 5184 car-

1957 5222 2167 5276 nilicem
2213 5221 2348 5276 iram
2396 5221 2487 5276 tibi
2536 5225 2906 5294 apposuisses,
2937 5224 3202 5277 dilaniatis
3246 5231 3332 5276 tua
3381 5224 3547 5293 ipsius

1955 5326 2184 5366 Viscera.

2029 5404 2130 5468 Qui
2173 5404 2300 5456 irant
2346 5420 2450 5457 non
2492 5409 2738 5476 refrenat,
2764 5406 2819 5459 in
2862 5404 3091 5458 cruciatu
3132 5404 3271 5459 vivit.
3306 5434 3380 5446 -—
3410 5405 3545 5474 Quid

1956 5494 2097 5546 enim
2128 5492 2376 5549 miserius
2401 5495 2616 5551 homine
2647 5496 2858 5551 assidue
2880 5495 3056 5550 irato?
3081 5495 3542 5563 Quemadmodum

1959 5584 2143 5639 furiosi
2170 5602 2455 5656 numquam
2499 5587 2748 5643 fruuntur
2788 5589 3171 5658 tranquillitate
3201 5607 3214 5643 :
3245 5588 3317 5643 ita
3350 5588 3441 5660 qui
3468 5588 3544 5642 si-

1959 5677 2235 5729 multatem
2261 5679 2416 5747 gerit,
2433 5689 2486 5733 et
2512 5679 2782 5735 inimicum
2809 5677 2990 5747 habet,
3020 5695 3309 5752 numquam
3350 5678 3537 5734 fruitur

1961 5764 2063 5821 ulla
2089 5780 2241 5838 pace,
2275 5778 2531 5838 perpetuo
2572 5778 2804 5825 aestuans
2830 5770 2868 5837 ί,
2907 5779 3381 5841 tempesuuemque
3408 5769 3542 5838 cogi-

2026 5876 2049 5912 ⁸
2077 5874 2189 5940 Alii,
2210 5878 2448 5935 incensus.
