4068 6432
275 277 370 335 199

265 398 349 450 λει
392 395 486 450 τὸν
530 396 810 468 Δεσπότην
848 395 1054 466 ἥμερόν
1105 410 1185 447 σοι
1223 394 1478 461 γενέσθαι
1509 396 1606 448 καὶ
1631 395 1826 462 πρᾶον.
1870 392 1946 460 τῷ

268 483 545 555 συνδούλῳ
574 485 868 556 γενόμενος
910 484 1073 547 αὐτὸς
1108 483 1346 554 χαλεπὸς
1392 483 1489 536 καὶ
1520 483 1946 552 ἀσύγγνωστος;

284 570 425 625 Ἀλλ’
455 572 645 644 ὕϐρισέ
682 590 743 626 σε
771 575 799 628 6
826 571 1142 637 σύνδουλος;
1171 571 1267 625 καὶ
1304 574 1370 625 σὺ
1405 571 1497 624 τὸν
1546 571 1679 624 Θεὸν
1706 570 1950 641 ὑϐρίζεις

268 659 549 723 πολλάκις.
586 661 697 716 Ποῦ
721 661 777 715 δὲ
807 661 921 714 ἴσον
950 660 1232 723 σύνδουλος
1258 660 1352 713 καὶ
1383 659 1684 728 δεσπότηςς
1715 661 1824 712 Καὶ
1847 659 1948 711 αύ-

233 746 359 810 ·τὸς
416 748 515 816 μὲν
552 748 669 802 ένια
709 749 807 820 μέν
854 766 956 802 που
1010 750 1385 820 ἡδικημένοςα
1422 748 1553 810 ἴσως
1602 746 1815 819 ὕϐρισε,
1854 747 1950 800 καὶ

263 835 632 908 παρωξύνθης
651 853 665 867 ο
710 838 774 890 σὺ
804 837 861 891 δέ
890 838 983 892 τὸν
1008 838 1286 908 Δεσπότην
1326 836 1592 908 ὑϐρίζεις,
1625 836 1725 889 οὐκ
1749 836 1948 905 ἠδικη-

269 924 432 993 μένος
473 924 596 978 οὐδὲ
638 926 1102 997 ἐπηρεαζόμενος,
1159 925 1275 978 ἀλλ’
1310 924 1774 995 εὐεργετούμενος
1822 922 1948 976 καθ’

263 1012 508 1081 ἑκάστην
538 1013 631 1065 ὑπ’
659 1013 825 1067 αὑτοῦ
873 1015 972 1085 τὴν
1019 1014 1257 1085 ἡμέραν.
1304 1013 1592 1083 Ἐννόησον
1636 1012 1838 1073 τοίνυν,
1862 1013 1946 1065 ὅτι

262 1104 315 1155 εί
351 1101 638 1173 βουληθείη
677 1102 815 1173 μετά
844 1102 1133 1174 ἀκριϐείας
1176 1102 1247 1157 τά
1283 1103 1365 1166 εἰς
1417 1101 1580 1156 αὑτὸν
1627 1101 1887 1170 γινόμενα
1917 1101 1946 1153 ὀ

260 1190 397 1254 Θεὸς
416 1190 712 1257 ἐξετάζειν,
739 1191 860 1244 ούδέ
881 1191 1008 1261 μίαν
1031 1190 1345 1261 βιωσόμεθα
1367 1190 1716 1260 τὴνήμέραν.
1750 1188 1947 1258 Ἄμαρ-

258 1279 395 1345 τίας
434 1280 566 1350 γὰρ,
594 1281 758 1351 φησὶν
784 1281 813 1332 ὀ
842 1279 1149 1350 προφήτης,
1186 1280 1297 1333 ἐὰν
1337 1278 1793 1347 παρατηρήσῃς,
1826 1277 1945 1330 Κύ-

250 1384 372 1435 ριε,
402 1368 495 1434 τίς
522 1368 966 1434 ὑποστήσεται;
994 1368 1106 1421 Καὶ
1144 1368 1232 1421 ἵνα
1263 1367 1425 1440 παρῶ
1459 1366 1526 1420 τὰ
1567 1365 1702 1420 ἄλλα
1737 1365 1941 1429 πάντα,

254 1456 296 1510 ἃ
320 1457 383 1510 τὸ
422 1456 662 1519 συνειδὸς
704 1456 937 1510 ἑκάστου
977 1456 1084 1508 τῶν
1124 1454 1600 1527 ἀμαρτανόντωνδ
1628 1454 1940 1520 ἐπίσταται,

256 1544 357 1598 καὶ
401 1537 477 1598 ὧν
508 1544 607 1597 οὐκ
639 1542 752 1615 ἔχει
791 1544 1075 1616 μάρτυρας
1117 1543 1461 1617 ἀνθρώπους,
1504 1543 1643 1597 ἀλλά
1674 1541 1766 1595 τὸν
1808 1541 1942 1596 Θεὸν

261 1633 447 1703 μόνον,
491 1634 602 1686 τῶν
654 1634 908 1705 φανερῶν
950 1633 1157 1687 τούτων
1219 1634 1313 1686 καὶ
1377 1631 1820 1703 ὡμολογημένων
1872 1630 1942 1685 ἂν

254 1722 660 1793 ἁπαιτηθῶμεν
690 1722 867 1790 λόγον,
904 1721 1064 1775 ποίαν
1095 1724 1153 1774 ἐν
1206 1720 1420 1784 τούτοις
1464 1719 1662 1790 ἕξομεν
1695 1717 1944 1787 συγγνώ-

256 1829 402 1883 μην;
442 1813 541 1863 Ἂν
573 1810 802 1882 ἐξετάσῃ
833 1811 932 1881 τὴν
962 1809 1235 1882 ρᾳθυμίαν
1278 1808 1436 1880 ήμῶν
1467 1807 1566 1880 τὴν
1598 1809 1657 1860 ἐν
1702 1809 1822 1870 ταῖς
1853 1806 1944 1859 εὐ-

246 1902 397 1970 χαῖς,
435 1900 528 1951 καὶ
556 1897 654 1969 τὴν
682 1897 997 1969 ὀλιγωρίαν,
1025 1899 1121 1951 καὶ
1158 1898 1240 1950 ὅτι
1264 1894 1572 1968 ἔμπροσθεν
1598 1894 1734 1948 Θεοῦ
1770 1894 1943 1948 ἐστῶ-

247 2005 346 2050 τες
366 1988 462 2041 καὶ
490 1986 941 2058 παρακαλοῦντες
970 1987 1152 2050 αὑτὸν,
1179 1986 1298 2039 οὐδὲ
1320 1984 1589 2055 τοσαύτην
1614 1982 1765 2055 αύτῷ
1796 2002 1940 2056 παρ-

246 2075 453 2146 έχομεν
500 2073 634 2128 αἰδῶ
662 2075 757 2128 καὶ
786 2073 952 2145 τιμὴν
971 2114 984 2137 ,
1030 2074 1162 2145 ὅσην
1196 2075 1309 2136 τοῖς
1335 2071 1624 2135 δεσπόταις
1653 2072 1703 2124 οί
1737 2070 1938 2135 δοῦλοι,

242 2164 389 2235 ὅσην
436 2166 552 2225 τοῖς
590 2164 852 2234 ἄρχουσιν
898 2163 949 2215 οἰ
1005 2160 1360 2234 στρατιῶται,
1395 2161 1657 2231 ὅσηντοῖς
1682 2159 1858 2229 φίλοις
1888 2159 1940 2212 οἱ

246 2253 400 2321 φίλοι
422 2270 435 2318 ;
461 2253 604 2322 Φίλῳ
636 2252 734 2323 μὲν
772 2251 882 2323 γὰρ
907 2251 1292 2322 διαλεγόμενος
1325 2248 1463 2316 μετά
1509 2248 1606 2302 τοῦ
1649 2248 1940 2321 προσέχειν

248 2340 412 2394 τοῦτο
444 2344 637 2404 ποιεῖς,
662 2339 783 2412 Θεῷ
823 2340 881 2393 δὲ
931 2339 1279 2409 ἐντυγχάνων
1314 2338 1455 2408 ὺπέρ
1496 2336 1936 2408 ἁμαρτημάτων,

248 2430 395 2500 ὑπὲρ
421 2428 918 2500 πλημμελημάτων
938 2426 1211 2481 τοσούτων
1240 2424 1590 2495 συγχώρησιν
1616 2422 1808 2487 αἰτῶν,
1843 2423 1941 2476 καὶ

250 2516 585 2590 συγγνώμην
604 2517 772 2582 ἀξιῶν
806 2535 887 2570 σοι
913 2516 1190 2586 γενέσθαι,
1224 2514 1490 2587 ῥᾳθυμεῖς
1532 2512 1812 2577 πολλάκις,
1844 2512 1940 2565 καὶ

245 2603 360 2656 τῶν
384 2604 628 2672 γονάτων
658 2621 751 2658 σου
790 2603 966 2675 χαμαὶ⁸
998 2601 1292 2672 κειμένων,
1319 2599 1587 2670 πολλαχοῦ
1614 2599 1714 2669 τῆς
1729 2599 1938 2668 ἀγορᾶς

246 2693 346 2745 καὶ
374 2693 474 2763 τῆς
507 2693 687 2755 οἰκίας
708 2689 1015 2745 πλανᾶσθαί
1036 2707 1129 2743 σου
1158 2689 1258 2760 τὴν
1279 2688 1518 2741 διάνοιαν
1540 2688 1658 2751 ἐᾷς,
1686 2686 1779 2740 τοῦ
1817 2687 1940 2739 στό-

251 2780 425 2849 ματός
474 2796 568 2833 σου
605 2778 902 2850 ληροῦντος
954 2777 1079 2846 εἰκῆ
1125 2777 1221 2829 καὶ
1267 2776 1478 2846 μάτην·
1511 2777 1607 2828 καὶ
1635 2774 1794 2827 τοῦτο
1840 2774 1938 2844 οὐχ

245 2867 401 2933 ἅπαξ
420 2869 542 2922 ούδέ
570 2867 673 2930 δίς,
702 2866 839 2920 ἀλλά
867 2867 964 2919 καὶ
978 2852 1248 2926 ’πολλάκις
1279 2863 1589 2933 πάσχομεν.
1634 2864 1732 2914 Ἂν
1754 2863 1938 2915 τοίνυν

244 2952 408 3007 τοῦτο
430 2953 591 3023 μόνον
607 2951 860 3018 ἐξετάσαι
882 2949 1085 3020 θελήσῃ
1114 2950 1142 3001 ὀ
1158 2946 1310 3012 Θεὸς,
1336 2942 1446 3017 ἆρα
1476 2945 1673 3014 ἕξομεν
1693 2946 1939 3014 συγγνὼο

248 3050 385 3112 μην;
403 3036 512 3110 ἆρα
526 3039 871 3109 δυνησόμεθα
886 3036 1185 3104 ἀπολογίας
1199 3036 1402 3106 τυχεῖν;
1427 3034 1544 3087 Ούκ
1565 3032 1742 3101 ἔγωγε
1758 3029 1933 3104 οἶμαι.

324 3128 391 3198 β’.
411 3128 476 3180 Τί
501 3128 579 3191 δὲ,
598 3127 664 3181 ἂν
689 3126 788 3191 τὰς
817 3125 1184 3196 κακηγορίας,
1204 3125 1270 3187 ἀς
1297 3124 1418 3178 καθ’
1453 3125 1694 3195 ἑκάστην
1720 3124 1935 3195 ἡμέραν

242 3215 516 3288 ἀλλήλους
559 3215 792 3286 λέγομεν
826 3213 1037 3279 κακῶς,
1066 3215 1148 3276 είς
1167 3213 1333 3284 μέσον
1363 3212 1688 3283 παραγάγῃ,
1724 3212 1937 3277 καὶτὰς

248 3303 464 3374 κρίσεις
511 3302 611 3367 τὰς
638 3303 925 3374 ἀκαίρους,
956 3303 1013 3356 ἐν
1034 3295 1124 3365 αἷς
1151 3301 1558 3371 κατακρίνομεν
1581 3301 1675 3353 τὸν
1706 3300 1936 3371 πλησίον

245 3391 403 3445 οὐδὲν
432 3390 648 3462 ἔχοντες
678 3391 935 3461 πρᾶγμα,
966 3389 1105 3443 ἀλλά
1131 3388 1391 3458 φιλαίτιοί
1419 3387 1569 3461 [201]
1614 3405 1761 3452 τινες
1784 3388 1938 3452 ὀντες

247 3480 345 3532 καὶ
397 3478 780 3550 μεμψίμοιροι,
816 3476 868 3531 τί
939 3476 1287 3548 δυνησόμεθα
1336 3476 1788 3546 ἀπολογήσασθαι
1838 3478 1936 3531 καὶ

247 3560 457 3633 sim-33v;
498 3568 596 3620 Ἂν
628 3567 685 3620 δὲ
710 3566 812 3630 τὰς
840 3566 1170 3638 περιέργους
1198 3565 1359 3637 ἡμῶν
1380 3566 1533 3635 ὄψεις
1559 3566 1812 3637 ἐξετάσῃ,
1839 3566 1938 3620 καὶ

245 3656 348 3720 τὰς
384 3655 631 3727 πονηρὰς
667 3655 986 3725 ἐπιθυμίας,
1004 3640 1077 3718 Ῑάς
1104 3653 1303 3725 ἔχομεν
1337 3655 1394 3706 ἐν
1416 3654 1646 3725 διανοίᾳ,
1677 3655 1936 3718 πολλάκις

246 3746 510 3817 αἰσχροὺς
550 3744 646 3796 καί¹
684 3742 1032 3814 ἀκαθάρτους
1078 3741 1467 3812 ἀναδεχόμενοι
1501 3741 1796 3813 λογισμοὺς
1827 3742 1936 3796 ἀπὸ

243 3833 346 3902 τῆς
377 3831 736 3899 ἀνεξετάστου
759 3830 870 3883 τῶν
899 3828 1197 3901 ὀφθαλμῶν
1228 3829 1459 3900 πλάνης,
1493 3829 1669 3901 πόσην
1699 3830 1938 3900 ὑποστη-

250 3920 459 3991 σόμεθα
507 3919 700 3990 δίκην;
737 3919 849 3989 Τῆς
881 3919 939 3972 δέ
968 3917 1239 3989 λοιδορίας
1266 3919 1416 3988 ἡμᾶς
1441 3919 1508 3971 ἂν
1530 3918 1812 3988 ἀπαιτήσῃ
1842 3917 1933 3970 λό-

248 4025 345 4076 γον
377 4008 512 4078 (Ὃς
540 4007 738 4079 γὰρᾶν
759 4008 921 4076 εἴπῃ,
958 4009 1114 4078 φησὶ,
1132 4005 1212 4072 τῷ
1241 4005 1486 4074 ἀδελφῷ
1517 4005 1933 4074 αὑτοῦ,Μωρὲ,

247 4097 467 4165 ἔνοχος
494 4097 669 4151 ἔσται
692 4099 780 4163 εἰς
806 4095 922 4165 τὴν
946 4096 1203 4167 γέενναν
1229 4095 1335 4149 τοῦ
1368 4094 1602 4163 πυρὸς),
1638 4091 1746 4167 ἆρα
1775 4095 1935 4167 δυνη-

251 4184 462 4257 σόμεθα
498 4186 684 4258 διᾶραι
708 4186 771 4238 τὸ
806 4185 1017 4256 στόμα;
1050 4186 1083 4256 ἢ
1114 4186 1278 4255 χᾶναι
1306 4185 1405 4255 μὲν
1426 4185 1638 4255 ὅλως,ἦ
1676 4183 1872 4256 μικρὸν
1899 4183 1931 4256 ἦ

253 4273 398 4344 μέγα
418 4292 471 4327 τι
494 4274 631 4345 πρὸς
661 4273 819 4326 τοῦτο
848 4275 1025 4326 εἰπεῖν
1047 4291 1061 4339 ;
1084 4274 1196 4336 Τὰς
1220 4273 1277 4325 δὲ
1293 4273 1620 4339 κενοδοξίας,
1638 4273 1704 4338 ἃς
1726 4273 1934 4344 ὑπομέ-

248 4380 415 4434 νομεν
452 4362 546 4416 καὶ
603 4362 889 4433 εὐχόμενοι
923 4361 1016 4415 καὶ
1050 4360 1402 4431 νηστεύοντες
1431 4361 1527 4414 καὶ
1559 4360 1932 4431 ἐλεημοσύνην

250 4452 558 4515 ποιοῦντες,
601 4451 668 4504 ἂν
693 4450 1061 4519 ἐξετάσωμεν,
1107 4449 1168 4500 ού
1216 4449 1357 4518 λέγω
1383 4451 1411 4502 ὁ
1439 4448 1593 4512 Θεὸς,
1625 4449 1741 4502 ἀλλ’
1767 4452 1932 4520 ἡμεῖς

250 4541 405 4593 αὐτοὶ
427 4540 476 4592 οἰ
505 4538 909 4610 ἡμαρτηκότες,
939 4532 1050 4608 ἄρα
1094 4533 1439 4604 δυνησόμεθα
1464 4536 1545 4597 είς
1572 4534 1666 4588 τὸν
1699 4536 1931 4606 οὐρανὸν

251 4627 585 4697 ἀναϐλέψας
618 4627 758 4690 Τοὺς
782 4626 837 4679 δὲ
854 4625 1061 4688 δόλους,
1084 4621 1180 4687 οὓς
1209 4623 1331 4676 κατ’
1357 4621 1605 4693 ἀλλήλων
1626 4623 1928 4695 ῥάπτομεν,

251 4715 346 4769 νῦν
379 4715 475 4786 μὲν
503 4716 747 4788 παρόντα
781 4712 1131 4776 ἐπαινοῦντες
1156 4712 1250 4765 τὸν
1282 4709 1534 4779 ἀδελφὸν,
1565 4712 1658 4764 καὶ
1691 4711 1767 4774 ὼς
1793 4710 1933 4782 φίλῳ

251 4803 648 4874 διαλεγόμενοι,
682 4802 892 4856 ἀπόντα
917 4801 974 4855 δέ
1015 4797 1451 4871 κατηγοροῦντες
1464 4812 1508 4865 ο,
1551 4794 1662 4870 ἆρα
1691 4800 1934 4870 ὑποστη-

254 4890 463 4963 σόμεθα
488 4890 589 4955 τὰς
622 4890 763 4959 ὑπὲρ
795 4888 1000 4942 τούτων
1043 4887 1324 4952 κολάσεις;
1356 4886 1423 4940 Τί
1449 4886 1509 4940 δὲ
1538 4887 1668 4950 τοὺς
1698 4887 1932 4957 ὃρκους;

252 4980 304 5033 τί
324 4979 383 5033 δὲ
421 4979 483 5032 τὸ
519 4977 748 5049 ψεῦδος
798 4977 851 5028 τί
879 4976 936 5030 δέ
957 4975 1056 5039 τὰς
1092 4973 1398 5044 ἐπιορκίας,
1428 4975 1557 5036 τοὺς
1584 4973 1807 5036 ἀδίκους
1837 4975 1933 5028 θυ-

257 5067 413 5138 μοὺς,
445 5066 545 5139 τὴν
586 5065 908 5139 βασκανίαν,
937 5063 1005 5133 ἢν
1041 5061 1409 5133 βασκαίνομεν
1428 5061 1693 5125 πολλάκις
1718 5062 1932 5115 εὐδοκί-

257 5151 470 5222 μοῦσιν,
497 5153 598 5205 οὐκ
622 5150 836 5222 ἐχθροῖς
860 5149 1041 5220 μόνον,
1074 5146 1212 5200 ἀλλά
1239 5146 1336 5199 καὶ
1364 5145 1568 5216 φίλοις;
1592 5147 1688 5200 καὶ
1711 5147 1794 5199 ὅτι
1814 5146 1937 5216 ήδό-

257 5240 398 5309 μεθα
423 5240 740 5309 πασχόντων
763 5239 966 5310 ἐτέρων
1001 5235 1206 5301 κακῶς,
1232 5235 1325 5287 καὶ
1349 5234 1643 5305 νομίζομεν
1674 5252 1936 5307 παραμυ-

254 5328 376 5383 θίαν
400 5328 503 5399 τῆς
531 5326 739 5391 οἰκείας
782 5326 1064 5397 συμφορᾶς
1103 5323 1203 5387 τὰς
1231 5322 1518 5393 ἀλλοτρίας
1551 5322 1897 5395 δυσημερίας
1913 5343 1928 5390 ;

323 5416 438 5488 Τῆς
469 5416 525 5470 δὲ
561 5418 620 5470 ἐν
658 5418 782 5479 ταῖς
827 5411 1079 5478 συνάξεσι
1128 5412 1400 5484 ῥᾳθυμίας
1433 5410 1498 5464 ἂν
1526 5411 1808 5484 ἀπαιτήσῃ
1834 5413 1934 5477 τὰς

251 5506 506 5570 εὐθύνας,
525 5505 579 5558 τί
605 5504 670 5558 ἂν
694 5506 991 5574 πάθοιμεν;
1014 5500 1158 5557 Ἰστε
1179 5501 1290 5572 γὰρ
1310 5500 1480 5571 δήπου
1498 5500 1676 5565 τοῦτο,
1701 5502 1782 5554 ὅτι
1806 5500 1935 5555 πολ-

251 5591 410 5660 λάκις
444 5595 610 5650 αὐτοῦ
646 5595 741 5648 τοῦ
782 5594 917 5647 Θεοῦ
953 5593 1342 5662 διαλεγομένου
1375 5591 1512 5662 πρὸς
1537 5591 1751 5653 πάντας
1784 5590 1932 5660 ἡμᾶς

318 5720 344 5750 ⁸
369 5721 518 5770 Savil.
543 5720 624 5769 καὶ
647 5719 785 5775 οὗτος
828 5735 910 5779 μεν
936 5716 1084 5766 ἐνίοτε
1105 5717 1187 5765 καὶ
1225 5719 1355 5776 ἠδικ.
1398 5715 1555 5768 Paulo
1589 5717 1703 5776 post
1733 5712 1819 5764 alii
1843 5713 1933 5761 οὐκ

253 5784 566 5854 ἠδικημένος,
576 5784 685 5854 οῦδὲ
704 5780 1130 5854 περιεργαζόμενος.

316 5846 342 5885 ἢ
368 5841 517 5909 Salvi}.
538 5841 751 5893 ’ἑκάστου
769 5841 865 5890 τῶν
887 5841 1254 5909 ἁμαρτημάτων.

318 5910 341 5939 °
363 5908 510 5957 SaVil.
534 5910 585 5958 in
607 5920 758 5966 marg.
787 5908 1181 5966 κακηγορούντες.

1220 276 1310 331 AD
1349 274 1682 334 POPULUM
1725 275 2231 335 ANTIOCIIENUM
2297 278 2537 337 HOMIL.
2578 282 2700 342 XX.

2054 392 2141 489 διὰ
2164 394 2259 447 τοῦ
2288 400 2596 489 προφήτου,
2648 400 2880 466 πολλοὺς
2910 402 3003 457 καὶ
3038 409 3281 480 μακροὺς
3317 410 3449 483 πρὸς
3479 413 3572 469 τὸν
3596 416 3737 489 πλη-

2054 479 2168 534 σίον
2198 482 2501 572 ποιούμεθα
2527 484 2722 555 λόγους
2761 490 2888 560 περί
2920 490 3029 545 τῶν
3069 479 3222 549 οὐδὲν
3255 479 3389 567 ἡμῖν
3427 479 3736 572 προσηκόύςο

2050 582 2180 663 των.
2337 571 2520 663 τοίνυν
2547 574 2727 663 πάντα
2747 580 2946 649 παρεὶς
2969 580 3036 634 τά
3053 581 3188 636 ἀλλα
3209 585 3414 656 ταύτης
3434 570 3534 657 τῆς
3554 570 3738 663 ἀμαρο

2050 653 2171 747 τίαῌς
2201 654 2404 747 θελήσῃ
2421 659 2578 747 δίκην
2599 662 2904 734 ἀπαιτῆσαι
2935 669 3101 740 ἡμᾶς,
3134 672 3264 726 ποία
3284 653 3560 747 σωτηρίας
3582 653 3736 734 ἔσται

2051 740 2186 837 ἡμῖν
2214 741 2398 837 ἐλπίςξ
2554 748 2664 817 γὰρ
2693 749 2756 821 δὴ
2803 755 2999 825 μικρὸν
3034 752 3175 811 εἶναι
3202 740 3520 833 νομίσῃςτὸ
3548 765 3734 837 πλημ-

2053 830 2307 920 μέλημαο
2346 834 2463 920 ἀλλ’
2492 837 2541 889 εἰ
2578 837 2759 907 βούλει
2789 841 2849 893 τὸ
2893 843 3123 913 μέγεθος
3157 848 3323 902 αὐτοῦ
3358 830 3616 920 κατιδεῖν,
3644 830 3735 908 ἐπ’

2050 917 2409 1012 ἀνθρώπωντί
2444 924 2579 977 αὐτὸ
2609 925 2769 979 τοῦτο
2823 928 3096 996 ἐξέτασον,
3153 935 3248 989 καὶ
3301 937 3423 990 τότε
3475 917 3733 1012 ὄψει-τῆς

2047 1004 2327 1095 ἁμαρτίας
2352 1008 2414 1061 τὸ
2447 1011 2695 1079 μέγεθος.
2728 1016 3011 1088 Τόλμησον
3035 1019 3296 1090 ἄρχοντος
3322 1024 3459 1094 πρὸς
3486 1004 3544 1077 σέ
3561 1004 3732 1095 φθεγέ

2048 1094 2303 1186 γομένου,
2340 1097 2541 1186 μᾶλλον
2573 1100 2629 1153 δέ
2665 1103 2819 1170 φίλου
2850 1105 2995 1169 τινὸς
3025 1108 3135 1160 τῶν
3162 1109 3327 1181 ὀλίγῳ
3358 1094 3722 1186 σεμνοτέρων,

2047 1182 2212 1249 ἀφεὶς
2242 1184 2409 1237 αὐτὸν
2449 1187 2587 1257 πρὸς
2624 1190 2715 1243 τὸν
2748 1193 2964 1263 οἰκέτην
2998 1194 3343 1265 διαλέγεσθαι
3383 1201 3473 1255 τὸν
3507 1182 3728 1269 σαυτοῦ,

2047 1269 2143 1321 καὶ
2173 1270 2295 1322 τότε
2319 1272 2438 1342 ὕψει
2472 1276 2660 1345 ἡλίκον
2690 1279 2896 1351 τολμᾷς
2928 1282 3022 1334 ἐπὶ
3048 1284 3143 1336 τοῦ
3181 1285 3316 1338 Θεοῦ
3346 1287 3506 1342 τοῦτο
3533 1290 3726 1344 ποιῶν.

2059 1354 2186 1448 Ἐάν
2209 1358 2369 1435 γάρῇ
2395 1379 2481 1425 τις
2518 1363 2626 1418 τῶν
2661 1369 3143 1440 περιφανεστέρων
3182 1370 3408 1437 ἐκεῖνος,
3451 1375 3546 1428 καὶ
3573 1376 3730 1448 δίκην

2048 1458 2109 1495 σε
2160 1444 2440 1520 ἀπαιτήσῃ
2492 1450 2596 1521 τῆς
2650 1452 2897 1525 ὕϐρεωςο
2945 1454 3061 1509 ἀλλ’
3111 1457 3140 1509 ὁ
3185 1458 3317 1522 Θεὸς
3364 1462 3602 1516 τοσαῦτα
3635 1444 3730 1518 καὶ

2046 1530 2270 1623 πλείονα
2295 1535 2503 1591 τούτων
2545 1541 2664 1593 καθ’
2690 1542 2932 1623 ἐκάστην
2973 1544 3330 1616 ὑϐριζόμενος
3359 1548 3457 1620 τὴν
3486 1551 3721 1623 ήμέραν,

2044 1618 2116 1712 οὐ-
2141 1621 2274 1693 παρ’
2313 1623 2452 1688 ἐνὸς,
2479 1627 2570 1678 καὶ
2592 1621 2715 1694 δύο,
2738 1632 2833 1684 καὶ
2854 1631 3024 1702 τριῶν
3055 1632 3381 1705 ἀνθρώπων,
3572 1618 3728 1712 παρά

2044 1708 2266 1762 πάντων
2302 1712 2682 1786 σχεδὸνήμῶν,
2702 1713 2950 1785 ἀνέχεται
2975 1721 3071 1774 καὶ
3105 1722 3453 1796 μακροθυμεῖ
3503 1728 3599 1781 καὶ
3626 1708 3728 1782 ούκ

2042 1796 2135 1883 ἐπὶ
2155 1796 2368 1862 τούτοις
2396 1801 2578 1869 μόνον,
2611 1801 2750 1856 ἀλλά
2770 1805 2865 1858 καὶ
2896 1806 2981 1875 ἐφ’
3009 1808 3220 1879 ἑτέροις
3266 1809 3446 1882 πολλῷ
3478 1813 3730 1883 χαλεπω-

2041 1882 2241 1954 τέροις.
2280 1884 2466 1938 Ταῦτα
2497 1887 2596 1957 μὲν
2619 1888 2730 1960 γάρ
2761 1891 2881 1944 ἐστι
2920 1892 2988 1947 τά
3017 1893 3418 1967 ὡμολογημένα
3462 1882 3558 1953 καὶ
3589 1903 3727 1954 πᾶσι

2040 1970 2198 2042 δῆλα,
2231 1973 2326 2026 καὶ
2358 1974 2463 2027 ὑπὸ
2498 1976 2717 2030 πάντων
2765 1979 2953 2048 σχεδὸν
3000 1981 3326 2053 τολμώμενα
3349 2002 3362 2016 ·
3387 1984 3502 2039 ἔστι
3539 1986 3597 2040 δὲ
3632 1990 3727 2043 καὶ

2040 2057 2228 2129 ἕτερα,
2258 2062 2404 2131 άπερ
2439 2063 2500 2115 τὸ
2528 2063 2637 2118 τῶν
2677 2066 3101 2137 ἁμαρτανόντων
3139 2072 3377 2137 συνειδὸς
3422 2069 3594 2128 οἶδεν⁹
3625 2075 3723 2130 ἐὰν

2042 2145 2261 2203 ἅπαντα
2296 2150 2473 2203 ταῦτα
2498 2151 2845 2223 ἐννοήσωμεν
2867 2165 2890 2193 ο
2920 2155 3015 2208 καὶ
3049 2157 3189 2228 πρὸς
3217 2161 3445 2225 ἑαυτοὺς
3468 2162 3720 2232 ἀναλογι-

2044 2234 2287 2306 σώμεθα,
2320 2236 2423 2291 κᾶν
2451 2238 2712 2292 ἁπάντων
2739 2234 2890 2311 ὦμεν
2919 2242 3187 2315 ὠμότεροι
3216 2248 3309 2300 καὶ
3339 2250 3723 2321 ἀπτνέστεροι,

2039 2322 2100 2376 τὸ
2122 2321 2325 2392 πλῆθος
2336 2323 2444 2378 τῶν
2456 2324 2738 2399 ἁμαρτιῶν
2749 2329 2903 2403 ἡμῶν
2916 2330 3091 2402 σκοπή
3100 2348 3308 2397 σαντες,
3319 2333 3427 2387 ἀπὸ
3439 2333 3533 2388 τοῦ
3555 2337 3724 2405 φόϐου

2040 2412 2135 2464 καὶ
2178 2412 2279 2482 τῆς
2311 2413 2555 2480 ἀγωνίας
2589 2415 2710 2467 οὐδὲ
2748 2416 3055 2487 μνησθῆναι
3099 2420 3200 2490 τῆς
3248 2422 3379 2492 παρ’
3408 2423 3613 2494 ἑτέρων
3644 2427 3726 2490 είς

2040 2500 2189 2586 ἡμᾶς
2229 2501 2610 2572 γεγενημένης
2660 2502 2873 2573 ὕϐρεως
2901 2503 3267 2577 δυνησόμεθα.
3319 2511 3728 2586 Ἀναμνήσθητι

2038 2585 2134 2639 τοῦ
2165 2586 2414 2656 ποταμοῦ
2435 2588 2529 2641 τοῦ
2564 2590 2758 2660 πυρὸς,
2797 2591 2890 2645 τοῦ
2917 2592 3203 2663 σκώληκος
3226 2594 3320 2649 τοῦ
3364 2598 3594 2661 ἰοϐόλον,
3623 2585 3726 2670 τῆς

2041 2673 2284 2745 φοϐερᾶς
2332 2674 2589 2746 κρίσεως.
2630 2677 2752 2731 καθ’
2781 2680 2848 2759 ἢν
2883 2680 3102 2735 ἅπαντα
3130 2683 3315 2752 γυμνά
3347 2685 3440 2738 καὶ
3460 2699 3730 2760 ’τετραχη-

2039 2762 2297 2832 λισμέναο
2334 2764 2607 2835 ἐννόησον,
2638 2766 2722 2818 ὅτι
2768 2767 2837 2820 τὰ
2877 2770 3234 2839 κρυπτόμενα
3256 2770 3354 2824 νῦν
3387 2773 3724 2828 ἐκκαλύπτε-

2038 2868 2126 2904 ται
2154 2852 2299 2905 τότε.
2331 2852 2428 2904 Ἂν
2454 2851 2637 2905 τοίνυν
2665 2855 2813 2925 ἀφῇς
2843 2855 2922 2926 τῷ
2947 2858 3174 2928 πλησίον
3202 2858 3271 2912 τὰ
3319 2861 3721 2933 ἁμαρτήματα,

2043 2935 2195 3009 [εθε]
2225 2940 2370 3011 άπερ
2398 2941 2845 2996 ἐκκαλύπτεσθαι
2879 2944 3064 3012 μέλλει
3110 2949 3251 3009 τότε,
3280 2948 3453 3001 ταῦτα
3487 2948 3728 3005 ἐνταῦθα

2040 3027 2374 3096 ἀφανίζεται
2409 3029 2610 3092 πάντα,
2664 3031 2760 3082 καὶ
2807 3031 3083 3103 ἀπελεύσῃ
3119 3033 3288 3104 μηδὲν
3332 3037 3729 3107 ἐπισυρόμενος

2039 3107 2113 3168 ὧν
2147 3115 2601 3186 ἐπλημμέλησας,
2645 3116 2787 3169 ὥστε
2848 3118 3072 3186 μείζονα
3125 3119 3449 3191 λαμϐάνεις,
3481 3125 3513 3194 ἣ
3547 3124 3725 3189 δίδως.

2042 3202 2148 3257 Καὶ
2186 3202 2297 3274 γὰρ
2326 3202 2500 3256 πολλά
2534 3203 2796 3268 πολλάκις
2830 3207 3236 3277 ἡμαρτήκαμεν
3269 3209 3512 3275 τοιαῦτα,
3549 3210 3586 3265 ἃ
3620 3229 3728 3285 μη-

2038 3293 2149 3355 δεὶς
2178 3293 2366 3364 ἕτερος
2397 3288 2539 3346 οἶδεν
2558 3310 2572 3325 ο
2611 3288 2730 3345 εἷτα
2762 3294 3073 3358 ἐννοοῦντες
3097 3297 3178 3349 ὅτι
3210 3298 3352 3352 κατά
3386 3298 3486 3368 τὴν
3513 3300 3729 3372 ἡμέραν

2039 3381 2258 3452 ἐκείνην
2288 3381 2395 3452 πρὸ
2439 3381 2547 3434 τῶν
2582 3381 2880 3451 ὀφθαλμῶν
2914 3383 3171 3437 ἁπάντων
3196 3389 3442 3440 κείσεται
3462 3390 3494 3459 ἡ
3505 3388 3627 3459 μῶν
3654 3390 3728 3443 τὰ

2038 3472 2415 3543 ἁμαρτήματα
2458 3472 2516 3523 ἐν
2543 3471 2624 3541 τῷ
2662 3470 2827 3542 κοινῷ
2866 3472 2967 3542 τῆς
3005 3475 3336 3546 οἰκουμένης
3363 3477 3599 3550 θεάτρῳ,
3626 3479 3730 3551 τῆς

2038 3560 2315 3622 κολάσεως
2338 3559 2722 3632 χαλεπώτερον
2761 3560 3058 3631 ἀλγοῦμεν,
3091 3564 3409 3634 πνιγόμενοι
3436 3567 3530 3620 καὶ
3558 3568 3724 3639 ἀγχό-

2042 3667 2194 3721 μενοι
2226 3648 2307 3720 τῷ
2342 3649 2625 3704 συνειδότι.
2676 3650 2837 3704 Ἀλλά
2888 3649 2986 3722 τὴν
3040 3652 3314 3725 τοσαύτην
3341 3655 3629 3727 αἰσχύνην,
3657 3656 3730 3711 τὰ

2035 3738 2276 3792 τοσαῦτα
2305 3739 2702 3809 ἁμαρτήματα,
2726 3738 2826 3809 τὴν
2852 3739 3127 3811 τοσαύτην
3157 3741 3382 3795 κόλασιν
3414 3743 3562 3797 ἐστιν
3589 3746 3730 3798 ἁπο-

2036 3825 2296 3896 νίψασθαι
2351 3825 2440 3879 διὰ
2489 3826 2590 3896 τῆς
2634 3828 2717 3889 είς
2753 3826 2845 3879 τὸν
2874 3826 3106 3895 πλησίον
3148 3832 3580 3900 συγχωρήσεωςο
3628 3833 3727 3887 καὶ⁹

2034 3914 2146 3985 γάρ
2172 3914 2326 3967 οὐδὲν
2358 3910 2566 3984 ταύτης
2601 3913 2714 3965 ἴσον
2763 3913 2882 3966 ἐστὶ
2928 3913 3030 3982 τῆς
3057 3915 3275 3985 ἀρετῆς.
3313 3917 3503 3970 Βούλει
3533 3919 3728 3988 μαθεῖν

2039 4002 2249 4073 ταύτης
2300 4001 2402 4071 τῆς
2450 4002 2655 4072 ἀρετῆς
2683 4001 2785 4072 τὴν
2835 4000 3095 4071 δύναμιν;
3147 4002 3282 4055 Ἐὰν
3308 4002 3431 4074 στῇ
3460 4004 3726 4076 Μωῦσῆς

2035 4091 2137 4146 καὶ
2162 4091 2469 4161 Σαμουὴλ,
2504 4091 2658 4161 φησὶ,
2691 4090 2804 4157 πρὸ
2830 4088 3156 4158 προσώπου
3176 4108 3317 4160 μου,
3349 4094 3460 4146 οὐκ
3486 4094 3659 4148 ἐστιν
3682 4094 3722 4165 ἠ

2034 4179 2206 4249 ψυχή
2255 4196 2376 4249 μου
2407 4178 2558 4245 πρὸς
2589 4178 2839 4243 αὐτούς.
2890 4176 3029 4230 Ἀλλ’
3058 4179 3211 4249 ὅμως
3239 4177 3329 4243 οὒς
3356 4179 3458 4233 οὐκ
3492 4180 3726 4249 ἠδύνατο

2040 4266 2284 4336 Μωῦσῆς
2315 4267 2412 4320 καὶ
2450 4264 2707 4338 Σαμουὴλ
2734 4264 3047 4336 ἐξαρπάσαι
3087 4266 3185 4337 τῆς
3226 4266 3400 4338 ὀργῆς
3428 4268 3523 4321 τοῦ
3561 4268 3723 4335 Θεοῦ,

2035 4354 2174 4425 αὓτη
2209 4353 2444 4424 ἠδύνατο
2480 4353 2848 4423 ἐξαρπάσαιή
2880 4352 3064 4424 ἐντολή
3093 4371 3106 4383 ·
3152 4353 3240 4406 διὰ
3276 4352 3434 4408 τοῦτο
3469 4356 3723 4423 ἐκείνοις,

2036 4436 2118 4505 οἷς
2149 4440 2323 4496 ταῦτα
2354 4435 2498 4504 εἷπε,
2535 4440 2775 4511 συνεχῶς
2806 4440 3203 4511 παρεκελεύετο
3235 4441 3438 4510 λέγων·
3493 4444 3726 4498 Κακίαν

2034 4529 2291 4595 ἕκαστος
2315 4527 2396 4595 τῷ
2423 4528 2666 4598 ἀδελφῷ
2692 4529 2880 4583 αὐτοῦ
2897 4529 2984 4597 μὴ
3006 4531 3456 4598 μνησικακείτω
3487 4531 3558 4585 ἐν
3591 4532 3724 4601 ταῖς

2035 4617 2307 4686 καρδίαις
2334 4615 2502 4686 ὑμῶν
2520 4632 2533 4645 ο
2570 4617 2685 4677 καὶ,
2716 4617 2837 4684 Τὴν
2853 4617 3071 4671 κακίαν
3092 4616 3199 4670 τοῦ
3231 4617 3506 4685 πλησίον
3532 4618 3723 4674 αὐτοῦ

2034 4706 2294 4771 ἕκαστος
2303 4704 2391 4774 μὴ
2419 4703 2766 4775 λογιζέσθω.
2792 4705 2905 4757 Ούκ
2930 4701 3105 4767 εἶπεν,
3126 4704 3318 4773 Ἀφες,
3346 4704 3529 4774 μόνον,
3560 4704 3720 4773 ἀλλὰ,

2034 4792 2186 4863 Μηδὲ
2213 4792 2304 4863 ἔχε
2326 4793 2382 4846 ἐν
2413 4792 2645 4863 διανοίᾳ,
2682 4791 2815 4863 μηδὲ
2831 4790 3070 4860 λογίζοψ
3104 4790 3240 4859 ἀφες
3260 4790 3361 4862 τὴν
3386 4791 3556 4863 ὀργὴν
3578 4793 3723 4847 ἄπα.

2036 4898 2157 4946 σαν,
2192 4880 2455 4948 ἀφάνισον
2483 4880 2545 4932 τὸ
2574 4879 2751 4942 ἕλκος.
2793 4880 2983 4941 Δοκείς
3032 4878 3137 4947 μὲν
3178 4876 3286 4948 γάρ
3328 4878 3536 4932 ἐκεῖνον
3578 4880 3724 4950 ἀμύ-

2033 4969 2244 5031 νεσθαι,
2277 4968 2544 5039 πρότερον
2587 4967 2644 5019 δὲ
2698 4966 2925 5021 σεαυτὸν
2970 4965 3309 5036 βασανίζεις,
3342 4964 3597 5037 καθάπερ
3626 4967 3724 5038 δή-

2038 5075 2160 5128 μιον
2186 5056 2398 5110 ἔνδοθεν
2424 5059 2763 5126 περιστήσας
2791 5070 2884 5106 σου
2915 5052 3253 5123 πανταχόθεν
3278 5052 3370 5107 τὸν
3395 5052 3587 5126 θυμὸν,
3624 5055 3723 5110 καὶ

2035 5144 2376 5212 καταξαίνων
2417 5142 2616 5195 σαυτοῦ
2644 5142 2712 5194 τὰ
2746 5140 3050 5211 σπλάγχνα.

2105 5233 2169 5286 Τί
2204 5231 2313 5302 γὰρ
2361 5229 2557 5299 γένοιτ’
2608 5228 2674 5281 ἂν
2729 5226 3060 5299 ἀθλιώτερον
3110 5226 3400 5300 ἀνθρώπου
3457 5229 3718 5300 διηνεκῶς

2033 5319 2425 5393 ὀργιζομένου;
2459 5316 2571 5370 Καὶ
2593 5314 2847 5387 καθάπερ
2872 5318 2919 5369 οἰ
2961 5317 3267 5388 μεμηνότες
3301 5318 3554 5371 οὐδέποτε
3577 5320 3709 5370 ἀπο-ν

2035 5408 2261 5461 λαύουσι
2289 5407 2555 5476 γαλήνης,
2582 5403 2753 5468 οὕτως
2771 5406 2798 5457 6
2833 5407 3190 5476 μνησικακῶν
3213 5407 3307 5459 καὶ
3325 5404 3519 5474 ἐχθρὸν
3553 5406 3715 5474 ἔχων,

2035 5496 2292 5550 οὐδέποτε
2318 5492 2684 5548 ἀπολαύσεταί
2718 5510 2864 5556 τινος
2897 5496 3140 5565 εἰρήνης,
3158 5493 3421 5563 διηνεκῶς
3452 5491 3720 5560 φλεγμαί-

2036 5583 2207 5649 νωντ,
2244 5583 2336 5637 καὶ
2381 5582 2472 5635 τὸν
2530 5579 2779 5651 χειμῶνα
2826 5581 2940 5633 τῶν
2984 5580 3258 5649 λογισμῶν
3321 5579 3440 5632 καθ’
3478 5578 3718 5646 ἑκάστην

2102 5771 2128 5810 d
2154 5770 2303 5820 Savil.
2329 5771 2379 5816 in
2403 5780 2560 5829 marg.
2586 5772 2640 5816 et
2664 5780 2789 5817 nnus
2811 5768 2965 5815 codex
2995 5765 3066 5812 ἐπ’
3095 5762 3340 5826 ἀνθρώπῳ.

2110 5838 2133 5863 θ
2159 5832 2308 5881 Savil.
2332 5838 2383 5878 et
2405 5832 2485 5879 aii!
2509 5830 2647 5878 codd.
2675 5831 2984 5890 ἐννοηθῶιιεν.

2112 5893 2131 5934 ί
2156 5895 2252 5947 Alii
2278 5893 2571 5958 φλεγόμενος.
