4068 6438
345 369 442 424 ΞΜ

340 495 602 540 talionum
651 483 702 537 iu
750 480 866 537 dies
909 489 1190 550 aggravat,
1242 480 1407 534 verba
1453 480 1693 552 factaque
1739 498 1923 542 secum

338 582 573 644 reputat,
605 574 773 640 ipsius
800 584 1011 640 quoque
1046 569 1246 623 nomini
1286 570 1528 639 infesms,
1551 572 1641 643 qui
1681 574 1927 643 injuriain

343 667 512 722 dedit.
550 666 606 721 Si
633 664 812 720 audiat
836 664 980 718 illum
1004 673 1206 718 tantum
1228 663 1513 731 nominari,
1531 665 1783 721 eli'eratur
1800 682 1930 722 con-

345 759 515 825 tinuo,
543 772 733 828 magno
775 772 894 811 cum
924 755 1084 810 animi
1114 754 1371 821 cruciatu,
1404 764 1457 810 ct
1476 756 1543 810 ad
1568 757 1742 812 solum
1787 758 1924 813 illius

342 861 685 919 conspectum
719 849 943 919 trepidat
962 847 1230 913 ethorret,
1261 857 1527 917 tamquam
1552 850 1595 903 si
1620 849 1801 903 ultima
1839 865 1902 919 pa
1952 904 1955 907 .

346 943 525 998 tiatur.
548 943 697 1011 Quod
724 943 769 996 si
792 941 916 1011 quid
947 941 1105 1006 illius,
1126 941 1208 995 vel
1233 950 1456 1005 vestem,
1481 941 1564 995 vel
1583 941 1821 1007 domum,
1847 944 1926 997 vel

336 1035 679 1104 angiportum
712 1035 907 1098 videat,
939 1034 1177 1088 omnium
1222 1033 1444 1087 istorum
1483 1032 1679 1088 intuitu
1711 1042 1927 1104 torque-

336 1134 431 1177 tur
459 1142 473 1179 :
496 1140 559 1180 ac
587 1124 1032 1194 quemadmodum
1062 1124 1380 1179 dilectorem
1400 1139 1463 1179 ac
1478 1140 1725 1180 carorum
1747 1125 1925 1180 homi-

343 1231 473 1270 num
499 1227 696 1282 vestes,
726 1216 918 1281 vultus,
947 1215 1325 1280 caleeamenta,
1357 1214 1565 1283 domus,
1596 1217 1722 1271 item
1751 1226 1805 1272 et
1832 1232 1928 1271 an-

336 1306 598 1376 giportus,
645 1322 768 1362 mox
799 1315 857 1361 ut
882 1308 995 1361 visa
1043 1306 1260 1373 fuerint,
1286 1307 1521 1363 excitare
1567 1322 1665 1362 nos
1709 1308 1923 1364 solent:

340 1398 412 1452 ita
432 1414 644 1470 quoque
663 1399 1000 1455 inimicorum
1021 1407 1073 1454 et
1094 1398 1399 1454 odiosorum
1421 1399 1696 1456 hominum
1713 1417 1922 1469 servus,

337 1491 563 1556 amicus,
589 1491 804 1557 domus,
826 1491 1142 1562 angiportus
1168 1491 1220 1545 in
1250 1500 1595 1562 conspectum
1634 1493 1807 1560 datus,
1835 1504 1927 1551 aut

334 1583 711 1655 quodcumque
736 1583 902 1649 aliud,
926 1584 1134 1639 animos
1161 1583 1383 1649 arrodit,
1412 1593 1570 1655 atque
1596 1584 1729 1640 alias
1764 1600 1927 1657 super

330 1675 489 1742 alias,
508 1684 567 1730 ut
590 1675 838 1746 quodque
859 1675 1032 1730 visum
1059 1674 1237 1743 fuerit,
1264 1675 1446 1745 plagas
1458 1676 1620 1732 nobis
1643 1677 1851 1735 incutit.

410 1787 465 1841 .5.
489 1785 754 1854 Quorsum
777 1798 914 1855 opus
942 1785 1100 1855 igitur
1125 1793 1210 1840 est
1236 1784 1537 1842 istiusmodi
1580 1787 1746 1843 animi
1782 1787 1927 1845 obsi-

328 1874 514 1943 dione,
542 1877 704 1931 tantis
745 1876 1024 1931 tormentis
1048 1890 1113 1932 ac
1138 1876 1231 1931 tali
1259 1877 1557 1948 supplicio?
1578 1877 1732 1947 Quod
1754 1880 1799 1935 si
1826 1897 1926 1938 nec

325 1967 577 2037 gehenna
597 1967 897 2024 immineret
917 1969 1041 2024 odio
1060 1969 1444 2036 laborantibus,
1463 1971 1649 2027 saltem
1670 1972 1740 2028 ob
1760 1972 1924 2044 ipsius

328 2056 445 2111 odii
471 2058 763 2113 cruciatum
794 2066 1008 2130 peccata
1035 2059 1400 2129 proximorum
1441 2061 1792 2119 condonanda
1839 2080 1927 2121 es.

324 2156 486 2212 sent;
516 2163 638 2203 cum
659 2158 835 2205 autem
863 2159 1062 2207 reterna
1090 2150 1344 2222 supplicia
1379 2167 1478 2207 nos
1507 2162 1777 2224 maneant,
1796 2157 1923 2227 quid

328 2237 544 2293 stultius
560 2254 719 2311 quam
737 2249 790 2296 et
807 2240 898 2297 hic
916 2249 972 2297 et
1002 2241 1112 2297 illic
1131 2243 1473 2314 semetipsum
1497 2245 1774 2312 mulctare,
1797 2248 1922 2303 dum

322 2328 402 2385 de
424 2330 591 2385 altero
616 2346 676 2386 se
698 2332 869 2387 credit
897 2332 1154 2389 ultionem
1183 2334 1435 2405 sumere?
1461 2333 1520 2390 Si
1544 2336 1688 2392 enim
1719 2337 1923 2394 ﬂoren-

326 2433 439 2479 tem
485 2425 632 2480 illum
670 2425 964 2491 videamus,
983 2442 1215 2482 merere
1242 2428 1505 2497 perimus;
1535 2429 1616 2484 sin
1647 2428 1919 2500 afflictum,

326 2532 579 2572 veremur
598 2534 666 2573 ne
690 2516 898 2572 fortuna
922 2534 982 2574 se
1002 2517 1056 2573 in
1083 2518 1271 2574 melius
1296 2527 1623 2575 commutet:
1647 2520 1923 2593 utriusque

324 2608 502 2677 culpae
545 2609 698 2663 nobis
738 2624 902 2680 poma
948 2609 1356 2679 indeprecabilis
1400 2611 1687 2666 constituta
1719 2623 1821 2667 est.
1850 2611 1919 2667 In

322 2698 742 2768 supplantatione
782 2700 973 2754 inimici
1014 2717 1076 2755 ne
1094 2710 1141 2754 te
1163 2697 1345 2767 θίγεν-αδ
1367 2700 1549 2772 (Prov.
1573 2700 1664 2756 24.
1691 2703 1808 2774 l7),
1841 2703 1918 2758 in-

325 2790 447 2860 quit
470 2790 762 2860 Scriptura.
782 2789 862 2846 Ne
883 2791 1010 2845 mihi
1028 2791 1549 2863 allegesinjuriarum
1573 2803 1916 2865 acceptarum

322 2882 498 2937 moles
530 2898 545 2935 :
574 2897 681 2936 non
709 2882 850 2936 enim
873 2882 1001 2937 illud
1028 2880 1080 2936 in
1106 2891 1156 2936 te
1176 2880 1304 2937 facit
1324 2883 1673 2967 pertinaciam
1694 2885 1915 2952 irarum,

255 2985 266 2996 ·
324 2972 424 3027 sed
451 2972 590 3043 quod
616 2987 801 3042 parum
833 2986 1040 3028 memor
1062 2987 1119 3027 es
1141 2982 1351 3029 tuorum
1378 2972 1717 3042 delictorum,
1745 2991 1917 3047 neque

322 3062 623 3133 gehennam
667 3071 791 3119 ante
832 3062 1015 3119 oculos
1062 3062 1227 3119 habes
1271 3073 1364 3119 aut
1410 3065 1504 3120 Dei
1553 3064 1818 3121 timorem.
1849 3066 1919 3123 Ut

324 3167 506 3216 autem
553 3161 830 3217 condiscas
877 3160 929 3216 id
970 3177 1154 3216 verum
1197 3176 1351 3229 esse,
1400 3177 1464 3218 ex
1508 3163 1721 3220 casibus
1762 3164 1917 3220 istius

322 3255 476 3310 urbis
500 3255 818 3309 documenta
846 3269 1106 3324 promam.
1137 3254 1273 3310 Cum
1302 3256 1448 3311 enim
1474 3256 1551 3310 rei
1579 3256 1804 3313 istorum
1833 3256 1915 3311 fa-

320 3345 565 3399 cinorum
604 3345 670 3401 ad
709 3345 967 3416 judicium
1010 3344 1388 3411 trahebantur,
1420 3361 1484 3401 ac
1511 3346 1726 3402 flamma
1771 3348 1915 3405 intus

322 3436 728 3504 incendebatur,
775 3437 1244 3493 circumstantibus
1290 3438 1632 3495 carnificibus
1658 3455 1720 3495 ac
1741 3440 1914 3497 latera

316 3528 766 3599 discerpentibus,
799 3533 844 3585 si
873 3529 992 3600 quis
1018 3529 1088 3584 ibi
1116 3531 1406 3598 assistens,
1429 3530 1502 3585 ita
1527 3545 1621 3586 eos
1644 3547 1708 3586 ex
1738 3541 1913 3587 trans-

319 3635 483 3674 verso
530 3621 829 3690 alloquutus
854 3621 1060 3687 fuisset,
1087 3620 1142 3677 Si
1173 3620 1380 3677 habetis
1422 3621 1688 3688 inimicos,
1720 3625 1914 3680 mittite

316 3711 668 3777 simultatem,
698 3719 753 3766 et
776 3727 841 3767 ex
867 3712 972 3767 isto
1001 3712 1261 3782 supplicio
1302 3727 1399 3767 vos
1443 3713 1672 3769 liberare
1708 3717 1911 3784 poteri-

318 3815 443 3856 mus
470 3818 486 3856 :
513 3818 578 3857 an
610 3816 714 3857 non
740 3818 860 3857 cum
891 3803 1085 3857 osculis
1114 3803 1180 3858 ad
1206 3802 1347 3858 illius
1372 3802 1535 3873 pedes
1558 3818 1616 3859 se
1644 3804 1911 3863 devolvis-

317 3894 476 3948 sent?
498 3893 607 3948 lmo
632 3894 755 3965 quid
782 3893 850 3950 de
878 3894 1097 3964 pedibus
1126 3894 1348 3965 loquor?
1374 3894 1416 3949 si
1448 3896 1564 3965 quis
1601 3896 1909 3953 servitutem

319 3984 429 4039 illis
471 3986 874 4055 proposuisset,
922 4001 1029 4040 non
1072 4001 1189 4041 eam
1236 3987 1595 4055 conditionem
1642 3990 1910 4058 aspernati

319 4075 565 4132 fuissent.
597 4076 748 4143 Quod
777 4076 822 4131 si
851 4076 1080 4132 humana
1109 4092 1291 4149 pceua,
1321 4094 1440 4149 qua:
1483 4080 1766 4135 terminum
1810 4080 1909 4136 ha-

318 4167 432 4228 bet.
457 4166 722 4237 quaslibet
746 4167 851 4221 iras
878 4176 1117 4237 superat,
1146 4168 1313 4222 multo
1340 4170 1507 4239 magis
1528 4168 1759 4225 futurum
1781 4187 1910 4243 sup.

319 4255 557 4326 plicium,
600 4257 644 4311 si
685 4257 940 4313 memoria
987 4258 1102 4326 ejus
1140 4267 1397 4328 perpetuo
1444 4269 1654 4316 nostras
1701 4272 1909 4319 mentes

318 4354 548 4413 teneret,
580 4362 684 4401 non
709 4348 879 4403 solum
908 4348 1251 4417 simultatem,
1282 4350 1377 4404 sed
1403 4360 1458 4405 et
1486 4367 1673 4408 omnes
1718 4370 1907 4422 pravas

316 4438 668 4508 cogitationes
695 4439 764 4494 ab
791 4440 969 4495 animo
994 4439 1318 4495 excluderet.
1343 4441 1480 4509 Quid
1511 4443 1651 4497 enim
1677 4443 1903 4513 facilius,

316 4529 427 4592 dic,
453 4544 655 4601 qumso,
686 4546 842 4602 quam
874 4531 1096 4597 homini,
1126 4532 1215 4601 qui
1248 4542 1300 4587 te
1325 4532 1543 4599 lzeserit,
1562 4534 1695 4589 iram
1716 4536 1905 4591 remit-

318 4618 481 4673 tere'.
511 4617 627 4673 Non
677 4620 819 4675 enim
864 4620 1037 4690 longis
1059 4619 1124 4675 ad
1152 4621 1203 4674 id
1234 4622 1746 4692 peregrinationibus
1767 4638 1904 4696 Opus

318 4716 425 4774 est,
458 4723 564 4764 non
590 4709 936 4781 pecuniarum
974 4711 1264 4781 insumpta,
1292 4728 1401 4767 non
1445 4714 1670 4769 aliorum
1712 4731 1903 4772 exora-

320 4797 588 4865 tionibus;
616 4798 812 4855 sufficit
838 4807 895 4853 ut
923 4807 1126 4855 tantum
1175 4802 1338 4868 velis,
1362 4817 1427 4858 ac
1447 4803 1558 4873 jam
1603 4804 1772 4862 virtus
1814 4807 1902 4864 illa

317 4903 472 4944 suum
494 4903 628 4959 opus
659 4889 907 4960 explevit.
935 4890 1050 4958 Qua
1076 4890 1234 4961 igitur
1259 4906 1413 4962 pana
1440 4894 1583 4965 digni
1607 4910 1716 4952 non
1740 4897 1905 4955 fueri-

318 4995 459 5048 mus,
489 4982 535 5038 si
563 4982 895 5039 smcularium
935 4997 1114 5038 rerum
1152 4998 1309 5038 citusa
1334 4994 1390 5040 et
1416 4987 1629 5044 servilia
1669 4991 1903 5047 sustine-

319 5087 440 5127 mus
463 5073 774 5138 ministcria,
801 5080 859 5129 et
883 5080 1077 5143 prteter
1099 5073 1406 5143 dignitatem
1433 5075 1773 5147 inscrvimus,
1804 5096 1897 5151 pe-

316 5162 503 5217 cunias
521 5162 889 5232 expendimus,
921 5178 1043 5219 cum
1067 5163 1384 5233 ianitoribus
1402 5167 1823 5237 contabulantur,
1842 5182 1902 5228 ut

316 5250 556 5306 scelestis
577 5252 879 5309 hominibus
894 5253 1196 5320 adulemur,
1236 5255 1413 5311 omnia
1431 5256 1661 5329 denique
1687 5271 1742 5316 et
1770 5262 1899 5319 dici-

316 5353 438 5394 mus
459 5350 515 5395 et
539 5342 777 5408 facimus,
792 5354 851 5399 ut
865 5345 1135 5417 proposita
1155 5345 1476 5416 efficiamus;
1497 5365 1593 5421 pro
1615 5353 1791 5410 divina
1812 5372 1899 5413 au-

316 5439 424 5484 tem
441 5429 557 5500 lege
580 5429 795 5488 fratrem
819 5434 910 5504 qui
934 5435 1210 5502 ltesit,non
1233 5436 1409 5492 solum
1435 5454 1543 5495 non
1570 5445 1898 5505 sustinemus

314 5536 563 5589 exorare,
593 5520 689 5578 sed
730 5531 788 5579 et
830 5524 972 5581 inter
1010 5527 1205 5597 probra
1231 5527 1479 5586 ducimus
1518 5547 1641 5588 eum
1691 5537 1897 5607 priore"

382 5675 830 5759 ἠεπίξ-,Ψηπεε
847 5690 1080 5759 esset}.
1427 5686 1610 5759 ίιιάίαιι,
1636 5702 1648 5737 =
1675 5688 1801 5759 φημι
1825 5698 1898 5759 es

314 5737 526 5851 {33mg
546 5737 830 5854 ἔαξε
843 5746 888 5792 ιε
903 5739 1098 5805 mare,
1115 5737 1244 5795 irdm
1255 5744 1515 5810 remittere,
1528 5754 1611 5799 aut

627 5886 897 5948 l’srnos.
940 5887 1057 5952 (in.
1104 5889 1330 5957 XLIX.

1233 363 1329 420 AD
1371 362 1689 419 POPULUM
1730 362 2227 422 ANTIOCHENUM
2289 367 2515 424 HOMIL.
2562 368 2678 423 XX.

3516 378 3624 433 202

2034 478 2218 536 adire?
2241 481 2325 535 An
2349 495 2478 537 vero
2508 482 2600 538 tibi
2629 481 2825 553 probro
2851 498 2970 541 esse
2996 493 3151 556 putas
3174 531 3187 554 ,
3221 489 3266 543 si
3289 497 3340 543 tu
3372 491 3517 561 prinr
3544 495 3623 547 lu-

2033 583 2183 623 crum
2209 574 2489 639 reportes?
2514 572 2624 629 lmo
2670 589 2799 630 vero
2843 579 3177 635 verecundia:
3220 597 3339 637 esse
3363 582 3542 654 debet,
3574 589 3619 641 si

2034 659 2086 713 in
2111 673 2177 714 eo
2201 659 2391 715 all'ectu
2409 662 2684 731 persistas,
2707 678 3089 739 exspectesquc
3111 670 3282 727 donec
3311 674 3517 744 injuriae
3535 692 3624 731 au-

2033 759 2148 806 ctor
2193 766 2290 821 pro
2339 754 2770 812 reconciliatione
2818 765 2870 812 te
2909 759 3107 816 adeat:
3141 761 3194 816 id
3241 763 3491 833 probrum
3519 807 3536 831 ,
3569 768 3620 822 id

2036 841 2241 910 vitium,
2275 842 2326 897 id
2352 843 2540 913 ingens
2581 845 2855 902 damnum.
2879 848 2978 917 Qui
3008 851 3149 906 enim
3196 854 3342 922 prinr
3384 855 3546 921 venit,
3577 859 3623 911 is

2036 940 2201 986 totum
2251 932 2456 989 lucrum
2502 936 2776 1007 anticipat.
2806 938 2861 994 Si
2903 940 3047 995 enim
3086 942 3153 998 ab
3194 944 3301 999 alia
3347 956 3618 1012 exoratus,

2032 1025 2165 1080 iram
2196 1026 2475 1096 relinquis,
2497 1027 2572 1082 illi
2599 1029 2797 1085 bonum
2826 1046 2962 1101 opus
2992 1033 3280 1104 imputatur
3308 1055 3324 1091 :
3351 1054 3456 1092 non
3477 1040 3619 1095 enim

2033 1115 2145 1170 Deo
2186 1116 2583 1187 obtemperans,
2613 1120 2706 1176 sed
2751 1120 2829 1176 illi
2873 1122 3199 1193 gratificans,
3229 1126 3399 1199 legem
3446 1130 3620 1184 adim-

2035 1206 2242 1276 plevisti
2261 1224 2277 1274 ;
2299 1208 2443 1279 quod
2469 1210 2515 1266 si
2544 1212 2757 1268 nemine
2780 1212 3165 1285 intercedente,
3206 1233 3385 1290 neque
3409 1221 3499 1276 illo
3527 1224 3617 1292 qui

2030 1297 2169 1354 lmsit
2186 1309 2238 1356 te
2255 1300 2559 1365 adeunteet
2580 1318 2765 1374 preces
2786 1306 3093 1374 adhibente,
3120 1309 3233 1379 ipse
3252 1311 3454 1382 rejects
3473 1315 3617 1368 omni

2031 1388 2235 1458 pudore
2261 1389 2395 1446 nihil
2422 1401 2721 1463 cunctatus,
2747 1393 2815 1450 ad
2845 1394 3051 1466 injuriae
3077 1409 3348 1456 auctorem
3374 1417 3618 1460 accurre-

2031 1479 2126 1545 ris,
2147 1479 2303 1551 eique
2320 1481 2431 1538 iras
2458 1492 2575 1540 tuas
2608 1486 2914 1553 resolveris,
2953 1495 3102 1543 tuum
3140 1505 3211 1547 ex
3247 1501 3359 1548 toto
3394 1493 3452 1547 fit
3490 1494 3621 1548 illud

2028 1570 2286 1638 officium,
2304 1573 2717 1647 universumque
2733 1577 3038 1635 mercedem
3066 1579 3180 1650 ipse
3203 1581 3449 1652 recipies.
3469 1582 3623 1640 Sidi-

2032 1678 2182 1729 xero,
2198 1664 2411 1731 Jejuna,
2427 1669 2668 1737 corporis
2686 1669 3096 1726 imbecillitatem
3116 1673 3243 1728 mihi
3272 1675 3506 1731 subinde
3533 1678 3624 1733 ob-

2028 1755 2284 1811 tendiszsi
2297 1756 2503 1825 dixero,
2516 1759 2621 1815 Des
2636 1761 3078 1833 pauperi,allegas
3093 1774 3276 1819 contra
3296 1774 3438 1821 tuam
3455 1769 3626 1823 tenui-

2028 1852 2216 1912 tatem,
2230 1858 2287 1902 et
2305 1863 2441 1906 onus
2456 1849 2855 1907 educandorum
2871 1853 3157 1910 liberorum
3189 1874 3202 1910 :
3230 1858 3275 1911 si
3291 1858 3496 1925 dixero,
3517 1860 3622 1916 Des

2028 1952 2246 2007 operam
2275 1955 2443 1997 sacra:
2463 1944 2976 2014 synaxi,sa:culares
3008 1962 3165 2006 curas
3187 1967 3201 2005 :
3220 1949 3267 2005 si
3297 1950 3502 2017 dixero,
3522 1955 3618 2007 At.

2030 2031 2190 2087 tende
2216 2034 2564 2091 coneionibus
2588 2051 2652 2092 ac
2676 2037 2931 2096 doctrina:
2957 2041 3062 2097 vim
3107 2043 3366 2117 intelligo,
3398 2045 3617 2118 imperi-

2031 2125 2156 2179 tiam
2189 2143 2204 2180 :
2236 2126 2280 2181 si
2307 2127 2514 2194 dixero,
2543 2128 2650 2185 Fac
2694 2141 2753 2186 ut
2796 2133 2960 2188 alium
3002 2136 3278 2205 emendes,
3324 2142 3620 2210 respondes

2029 2218 2178 2274 illum
2196 2221 2298 2276 tuis
2316 2221 2530 2277 monitis
2559 2238 2667 2278 non
2696 2226 3221 2297 obtemperaturum;
3251 2245 3393 2302 saepe
3413 2247 3536 2289 eum
3561 2243 3612 2289 te

2026 2308 2168 2364 inter
2191 2309 2474 2366 dicendum
2515 2322 2856 2383 aspernatum
2905 2315 3088 2373 fuisse.
3128 2317 3357 2390 Frigida:
3400 2323 3614 2393 quidem

2027 2399 2144 2455 ista:
2169 2409 2295 2457 sunt
2333 2403 2778 2471 causitieationes,
2809 2406 2902 2462 sed
2942 2409 3367 2467 causificationes
3413 2421 3615 2472 tamen.

2026 2491 2178 2557 Quod
2203 2494 2246 2547 si
2269 2493 2477 2560 dixero,
2506 2495 2645 2551 Iram
2693 2496 2924 2564 dimitte,
2949 2501 3077 2571 quid
3125 2503 3345 2559 istorum
3389 2507 3619 2578 allegare

2027 2582 2228 2652 poteris
2246 2583 2270 2637 ?
2290 2583 2405 2639 Non
2433 2588 2675 2656 corporis
2703 2588 3143 2659 imbecillitatem,
3188 2609 3293 2651 non
3336 2607 3619 2667 pauperta-

2026 2681 2155 2742 tem,
2208 2690 2312 2730 non
2361 2675 2702 2746 imperitiam,
2752 2696 2856 2734 non
2905 2684 3300 2753 occupationes,
3349 2688 3423 2742 nil
3470 2698 3619 2745 certe

2025 2763 2247 2819 istorum
2273 2766 2488 2822 obtendi
2512 2778 2687 2838 potest
2722 2771 2763 2824 ις
2790 2783 3117 2844 quapropter
3136 2776 3354 2833 minime
3377 2779 3616 2835 omnium

2024 2853 2128 2909 hoc
2149 2866 2422 2923 peceatum
2454 2859 2663 2913 veniam
2688 2871 2944 2917 meretur.

2103 2925 2241 2979 Deus
2286 2944 2389 2981 non
2413 2931 2621 2983 remittit
2648 2930 2810 2996 nobis,
2841 2934 2884 2987 si
2914 2950 3015 2988 non
3045 2937 3356 2993 remittamus
3383 2941 3517 2995 aliis.
3544 2973 3616 2986 -—

2025 3015 2306 3082 Quomodo
2336 3021 2536 3087 poteris
2562 3034 2750 3076 manus
2768 3022 2819 3076 in
2843 3024 3027 3079 cadum
3045 3028 3368 3096 extendere,
3399 3041 3493 3086 aut
3513 3033 3615 3087 lin-

2020 3119 2177 3174 guam
2201 3121 2441 3176 movere,
2467 3118 2560 3164 aut
2578 3111 2786 3165 veniam
2813 3114 3117 3182 postulare?
3140 3117 3192 3173 Si
3215 3120 3358 3174 enim
3388 3121 3616 3178 voluerit

2022 3196 2117 3250 tibi
2146 3197 2286 3252 Deus
2315 3208 2532 3269 peccata
2558 3200 2889 3271 condonare,
2941 3214 2995 3260 tu
3023 3207 3077 3263 id
3120 3225 3225 3264 non
3265 3213 3529 3279 permittis
3552 3217 3572 3247 '
3593 3256 3610 3279 ,

2020 3300 2140 3341 cum
2168 3286 2424 3344 adversus
2444 3304 2761 3347 CODSCI’VUHI
2784 3292 3048 3351 offensum
3078 3300 3313 3353 animum
3354 3302 3606 3360 retineas.

2021 3377 2127 3434 Sed
2148 3381 2379 3436 crudelis
2402 3390 2506 3449 est,
2534 3384 2728 3454 inquis,
2746 3396 2798 3440 et
2822 3387 3040 3454 efferus,
3063 3404 3237 3461 pinna:
3261 3392 3611 3464 vindictaeque

2019 3471 2227 3527 avidus.
2270 3473 2407 3539 Quin
2434 3475 2504 3530 ob
2528 3474 2756 3546 idipsum
2782 3490 2996 3550 peccata
3029 3483 3261 3537 remitte.
3292 3484 3484 3540 lllultas
3525 3488 3607 3541 in-

2016 3560 2188 3631 jurias
2220 3564 2407 3631 tulisti,
2440 3566 2622 3622 multis
2643 3570 2902 3638 spoliatus
2931 3587 3020 3640 cs,
3053 3589 3197 3644 saepe
3230 3577 3465 3632 convicia
3511 3595 3607 3633 au-

2022 3652 2169 3718 disti,
2194 3653 2246 3708 in
2267 3657 2511 3711 maximis
2538 3660 2696 3713 rebus
2716 3659 2968 3716 damnum
2997 3678 3184 3732 passus
3200 3683 3279 3732 cs,
3306 3682 3369 3724 ae
3385 3671 3609 3739 proinde

2017 3743 2290 3800 desideras
2316 3762 2527 3816 pmnam
2545 3750 2934 3823 iniinici.Atqui
2954 3753 3007 3808 in
3033 3755 3136 3811 hoc
3154 3756 3326 3827 ipsum
3349 3761 3491 3815 utilis
3510 3762 3602 3820 tibi

2018 3833 2341 3891 condonatio
2365 3838 2711 3897 offensarum.
2746 3841 2799 3896 Si
2830 3845 2972 3898 enim
3001 3846 3115 3914 ipse
3140 3848 3386 3905 vindicta:
3407 3851 3608 3907 ineunt-

2014 3920 2111 3977 bas
2131 3924 2492 3997 ultionemque
2510 3944 2712 3996 sumas,
2736 3932 2846 3987 sive
2863 3950 2957 4003 per
2976 3938 3160 4004 verba,
3189 3940 3301 3996 sive
3323 3956 3418 4010 per
3442 3944 3598 4008 facta,

2014 4014 2126 4069 sive
2161 4030 2258 4084 per
2283 4017 2739 4087 imprecationem,
2759 4023 2899 4079 Deus
2923 4025 3035 4096 ipse
3059 4043 3088 4081 a
3116 4031 3375 4087 sumenda
3403 4034 3605 4091 ultione

2017 4107 2408 4177 supersedebit,
2444 4120 2624 4181 utpote
2653 4122 2703 4168 te
2733 4125 3008 4186 satagente
3029 4120 3166 4176 circa
3198 4123 3269 4176 tui
3293 4123 3458 4193 ipsius
3481 4128 3601 4182 vin-

2013 4192 2208 4249 dictam
2242 4214 2256 4250 :
2289 4198 2397 4254 imo
2427 4216 2531 4255 non
2554 4202 2724 4257 solum
2755 4219 2858 4259 non
2884 4220 3227 4279 persequetur
3253 4228 3438 4282 paenas
3463 4215 3602 4286 inju-

2012 4283 2213 4339 riarum
2256 4286 2348 4342 tibi
2376 4289 2662 4361 illatarum,
2691 4295 2785 4349 sed
2807 4311 2836 4349 a
2860 4297 3027 4368 teipse
3044 4301 3297 4357 tnulctam
3320 4283 3529 4376 exiget,
3544 4318 3599 4367 ut

2014 4373 2267 4444 injuriose
2313 4393 2344 4433 a
2376 4389 2427 4436 te
2444 4380 2672 4437 habitus.

2082 4465 2137 4520 4.
2178 4466 2330 4534 Quod
2355 4470 2400 4524 si
2431 4471 2483 4526 in
2514 4472 2818 4532 hominibus
2842 4480 2893 4534 id
2924 4479 3000 4548 fit,
3034 4492 3091 4538 ut
3118 4486 3400 4545 verberato
3435 4506 3466 4546 a
3496 4508 3597 4549 no.

2008 4554 2093 4611 bis
2121 4556 2298 4614 alieno
2325 4576 2500 4630 servo,
2527 4565 2770 4622 dominus
2799 4569 2941 4626 illius
2961 4573 3280 4645 indignetur,
3303 4589 3358 4634 et
3384 4579 3487 4637 hoc
3510 4583 3595 4639 in-

2004 4644 2201 4716 juriam
2221 4664 2344 4707 esse
2370 4652 2544 4721 dicat;
2589 4657 2691 4726 ipsi
2716 4677 2931 4733 quoque
2962 4665 3006 4720 si
3043 4644 3269 4738 injuriis
3294 4672 3595 4737 afficiamur

2009 4739 2097 4794 vel
2123 4756 2152 4794 a
2183 4744 2374 4811 servis,
2400 4747 2483 4802 vel
2509 4763 2540 4803 a
2570 4749 2772 4819 liberis,
2803 4759 3064 4813 sententia
3083 4759 3320 4829 judicum
3345 4775 3401 4821 et
3425 4767 3588 4825 domi.

2010 4844 2202 4887 norum
2249 4840 2603 4907 exspectanda
2635 4852 2758 4897 est:
2787 4844 2833 4899 si
2872 4846 3032 4917 igitur
3056 4850 3108 4904 in
3155 4853 3315 4909 rebus
3342 4854 3594 4916 humanis

2008 4936 2168 4978 nemo
2186 4924 2287 4980 sibi
2314 4936 2427 4983 tuto
2448 4928 2702 4986 ultionem
2722 4936 2903 5003 sumit,
2927 4950 3124 5008 quanto
3144 4945 3312 5015 magis
3329 4945 3383 5001 id
3407 4947 3594 5006 obser-

2005 5014 2236 5070 vandum
2256 5018 2308 5073 in
2331 5018 2492 5074 rebus
2512 5021 2636 5087 illis,
2654 5023 2742 5078 ubi
2762 5024 2903 5082 Deus
2923 5027 3037 5099 ipse
3056 5014 3253 5090 vindex
3266 5039 3589 5099 constitutus

2006 5104 2114 5189 est?
2130 5104 2205 5161 Te
2219 5122 2345 5189 vero
2358 5108 2551 5179 injuria
2571 5113 2816 5171 affecitet
2835 5117 2990 5184 ltesit,
3007 5136 3071 5177 ac
3085 5123 3363 5184 innumera
3392 5131 3486 5189 tibi
3504 5133 3590 5189 fe-

1996 5186 2072 5240 cit
2089 5188 2376 5257 proximus
2396 5194 2572 5245 mala:
2601 5207 2734 5249 eave
2751 5211 2969 5264 pmnam
2991 5210 3138 5260 tuam
3161 5186 3591 5287 persequareuie

1994 5278 2280 5334 dominum
2300 5293 2453 5336 tuum
2473 5289 2873 5352 contumeliose
2894 5300 3092 5354 tractes
3116 5318 3129 5362 :
3150 5278 3283 5361 cede
3303 5278 3445 5375 Deo;
3466 5278 3586 5385 ipse

1993 5372 2273 5470 negotium
2341 5379 2515 5436 multo
2561 5382 2761 5441 melius
2812 5388 3258 5465 administrabit,
3301 5372 3576 5472 quam-tu

1994 5470 2165 5527 cupis.

2068 5551 2143 5604 De
2155 5566 2259 5604 non
2275 5552 2534 5619 faciendis
2551 5569 2739 5616 contra
2755 5580 2995 5625 ttmmcos
3013 5585 3579 5654 tmprccationibus.-—

2063 5698 2091 5783 ξ,
2117 5704 2221 5749 ειν·
2246 5700 2440 5774 (περιιβί
2461 5704 2654 5779 direre,
2686 5727 2707 5756 s
2734 5720 2859 5763 Iram
2884 5715 3088 5781 diutine,
3105 5737 3128 5768 ι
3154 5735 3249 5775 non
3267 5728 3482 5796 ααεσηνε
3502 5748 3590 5801 ρο,

2075 5772 2115 5801 n
2137 5772 2353 5801 rnrmns
2373 5767 2744 5801 smhnnlmnmm
2788 5784 2865 5801 ..οη

1997 5757 2353 5833 ferjs‘rorporis
2373 5757 2762 5833 imbecillitdteui,
2781 5757 2881 5826 Eii.

2064 5823 2086 5854 ³
2120 5823 2246 5884 δη,
2271 5829 2323 5874 tu
2337 5838 2429 5877 nou
2449 5831 2699 5882 censentis.

3196 5915 3273 5981 13
