2034 3214
236 181 291 207 207)

237 236 296 262 'l‘ibi
307 233 593 267 solntntnotlojussum
603 235 653 261 est,
666 235 695 256 ιιι
705 238 754 264 pro
761 237 793 256 eo
802 230 848 264 qui
856 229 1033 263 te‘lmsitmre-

227 289 285 308 vccs
294 278 472 314 fundas;quid
479 282 570 305 autem
579 277 612 304 de
618 285 650 303 eo
658 275 831 303 statuendum
839 275 940 308 sit,sibi
949 282 1034 301 rescr-

238 327 296 353 vari
311 326 402 362 jussit.
419 323 575 358 Numquam
591 322 640 349 tibi
654 322 722 348 tales
737 321 857 348 ultiones
874 327 1030 355 assequere,

238 373 332 408 quales
343 379 392 407 pro
402 376 426 398 te
436 371 481 398 ille
492 370 625 397 instruxit
635 378 642 402 ;
654 369 735 396 modo
746 369 782 395 illi
791 368 837 403 jus
848 372 924 395 tuum
934 374 1018 394 conce
1026 380 1033 386 -

237 420 297 450 das,
305 426 355 445 nec
363 418 575 452 imprecationes
585 415 671 443 facias
679 415 811 442 adversus
820 414 973 444 inimicum,
985 412 1033 440 sed

227 465 275 492 .illi
283 465 424 498 relinquas
431 463 576 490 arbitrium
584 461 725 497 judicandi
738 470 744 487 :
756 461 812 487 sive
822 460 895 487 enim
905 466 954 485 nos
962 458 1034 492 inju-

238 512 293 538 rias
301 509 561 542 condonetnus,sire
569 506 849 539 reconciliemur,sive
859 504 1034 540 proinimicis

239 555 453 591 preeemur,nisi
464 555 515 589 ipsi
525 554 649 581 conversi
661 552 852 586 fuerintatque
861 552 888 578 in
899 551 995 578 melius
1004 557 1034 577 se

243 601 414 631 mutaverint,
426 599 496 626 Deus
506 598 564 633 ipse
577 605 630 625 non
640 597 772 628 dimittet;
787 603 838 622 non
852 594 969 622 dimittet
981 600 1031 619 au-

243 652 296 673 tem
311 653 404 673 eorum
417 645 522 672 utilitati
537 644 657 671 studens.
673 643 711 670 Te
721 642 818 677 quippe
828 640 927 672 laudat,
944 644 1031 666 tuam-

241 700 293 727 que
306 691 501 726 philosophiam
514 689 698 724 amplectitur,
713 688 785 715 illum
801 694 865 714 vero
880 685 972 721 punit,
999 692 1032 711 ne

243 743 286 764 tua
300 736 467 772 philosophia
480 736 597 762 deterior
606 734 741 761 reddatur.
753 732 930 766 Quamobrem
947 731 1033 757 inanis

244 789 284 811 est
298 783 341 810 illa
357 782 427 817 vulgi
446 782 588 809 sententia.
612 780 684 807 Multi
700 780 770 806 enim
783 786 797 804 a
813 778 890 805 nobis
904 775 1031 803 admoniti

243 827 556 863 superreconciliatioue,
576 825 621 852 ubi
632 824 816 858 obtemperare
829 830 880 849 non
899 821 1031 856 placebat,

244 874 311 899 hanc
319 871 516 900 excusationem
527 869 732 905 prmteuderunt,
745 876 803 903 qua:
814 867 877 894 nihil
890 866 959 893 aliud
974 865 1031 898 fuit,

242 927 322 951 quam
337 921 474 953 pretextus
486 917 603 951 ipsorttm
617 914 739 941 malitirc:
757 913 826 940 nolle
839 913 940 939 scilicet
951 919 981 938 se
991 918 1033 938 re-

244 964 468 995 conciliationem,
480 970 513 989 ne
527 961 687 989 deteriorem
711 959 845 986 inimicum
862 958 976 989 faciant,
999 964 1033 984 ne

243 1009 406 1036 acerbiorem
422 1011 513 1042 postea
527 1010 555 1034 et
567 1005 694 1040 majorem
709 1004 765 1039 ejus
786 1007 966 1037 contemptum
985 1009 1032 1028 ex-

244 1054 391 1089 periantur.
406 1052 445 1079 Ad
458 1052 516 1079 haec
537 1051 601 1078 illud
615 1058 720 1085 quoque
733 1049 869 1084 adjiciunt,
884 1048 962 1083 vulgo
976 1047 1033 1074 esi-

243 1100 378 1126 slimalum
394 1098 424 1125 iri
436 1119 443 1129 ,
458 1098 529 1132 ipsos
544 1100 653 1132 propter
664 1095 870 1122 imbecillitatem
886 1094 987 1128 priores
1000 1092 1035 1119 ad

243 1144 485 1172 reconciliationem
499 1143 727 1177 placationemque
739 1141 836 1168 inimici
848 1140 960 1167 venisse.
974 1138 1036 1165 llmc

239 1191 332 1218 omnia
345 1197 411 1216 vana
426 1193 505 1216 sunt:
522 1187 616 1215 oculus
627 1187 700 1214 enim
717 1187 760 1214 ille
776 1193 918 1220 numquam
933 1183 1036 1211 dormi-

246 1242 306 1262 tatis
316 1235 390 1262 novit
402 1238 519 1261 mentem
532 1237 615 1266 tuam,
626 1240 658 1259 ac
669 1232 780 1267 proinde
792 1238 981 1258 conservorum
992 1237 1037 1256 ru-

246 1279 381 1308 musculos
395 1286 556 1306 euraretnon
568 1277 697 1305 debemus
709 1298 717 1310 ,
733 1277 812 1304 modo
829 1276 911 1311 judici
924 1282 1036 1311 persua-

231 1326 320 1359 πάθης,
335 1325 380 1361 qui
393 1325 427 1353 de
437 1331 517 1352 causa
530 1329 572 1350 tua
581 1323 748 1358 judicaturus
763 1327 813 1350 est.
830 1323 857 1349 Si
872 1327 960 1349 autem
972 1320 1036 1348 illud

246 1372 293 1398 tibi
305 1378 376 1399 curre
389 1375 440 1403 est,
454 1377 488 1397 ne
502 1377 563 1397 eum
576 1368 737 1396 deteriorem
750 1373 793 1395 tua
810 1368 926 1395 bonitate
941 1367 1035 1398 facias;

245 1418 315 1444 scias
327 1416 417 1450 velim,
433 1423 493 1443 eum
505 1415 556 1442 hoc
567 1419 645 1450 pacto
659 1414 821 1441 deteriorem
838 1421 890 1441 non
906 1413 1036 1446 futurum,

246 1464 292 1491 sed
309 1463 468 1491 deteriorem
486 1462 574 1498 potius
590 1461 706 1488 futurum
718 1482 725 1494 ,
741 1461 764 1487 si
779 1468 838 1488 eum
854 1468 907 1487 non
927 1460 1014 1494 places
1028 1467 1035 1486 :

248 1517 308 1536 nam
318 1508 367 1536 etsi
380 1508 530 1535 mortalium
552 1507 672 1535 omnium
691 1506 895 1534 scelestissinms
916 1506 965 1539 sit,
987 1505 1038 1533 etsi

248 1563 299 1581 non
316 1554 387 1581 dicat
398 1560 484 1588 neque
495 1552 580 1587 palam
597 1559 651 1586 pne
665 1559 694 1579 se
709 1551 785 1584 ferat,
802 1557 917 1578 attamen
944 1551 1038 1578 tacims

249 1600 406 1635 approbabit
422 1604 481 1627 tuos
492 1598 689 1634 pbilosophicos
704 1604 792 1625 mores
802 1618 809 1630 ,
824 1597 1039 1631 conscientiaque

238 1654 294 1673 sua
311 1651 381 1674 tuam
394 1644 561 1673 reverebitur
572 1642 812 1670 mansuetudinem.
828 1643 903 1676 Quod
919 1643 941 1669 si
952 1642 978 1669 in
992 1650 1038 1669 ea-

247 1692 308 1718 dem
323 1690 489 1726 malignitate
499 1688 658 1724 perstiterit,
670 1696 718 1716 nec
729 1688 863 1715 blanditiis
878 1688 1038 1719 emolliatur,

250 1738 390 1764 maximam
402 1742 507 1771 penam
522 1742 536 1761 a
552 1734 607 1761 Deo
618 1734 766 1761 sustinebit.
780 1733 814 1760 Ut
824 1737 910 1759 autem
920 1733 1038 1763 discatis,

252 1783 355 1810 tametsi
370 1790 419 1810 nos
431 1789 538 1809 oremus
553 1780 722 1815 proinimicis
740 1785 766 1806 et
782 1778 933 1813 injuriosis,
957 1778 1039 1804 Deum

252 1837 302 1856 non
318 1829 451 1856 dimittere
462 1827 515 1854 illis
528 1830 646 1862 peccata,
661 1826 682 1852 si
697 1833 728 1853 ex
745 1829 833 1852 nostra
846 1824 984 1851 tolerantia
996 1824 1042 1850 de-

252 1876 362 1902 teriores
373 1874 445 1906 (iant,
457 1877 573 1900 veterem
584 1871 721 1899 historiam
734 1871 808 1898 vobis
820 1870 974 1898 recensebo.
989 1869 1041 1897 Ob.

252 1921 372 1949 trectavit
382 1920 465 1956 Moysi
478 1919 558 1946 Maria
574 1928 580 1946 :
595 1918 657 1953 qttid
670 1918 712 1945 hic
724 1917 812 1945 Deus?
824 1917 967 1951 Leprosam
982 1924 1041 1943 eam

253 1974 279 1995 ct
290 1967 452 1996 immundam
462 1966 536 1997 fecit,
546 1966 654 1999 probam
674 1964 772 1999 alioqui
784 1969 810 1992 et
823 1969 934 1995 castam;
947 1963 1043 1990 deinde

253 2014 343 2050 Moyse
358 2013 530 2048 deprecante,
545 2011 590 2046 qui
604 2018 662 2038 eam
675 2010 797 2045 injuriam
813 2017 907 2044 passus
923 2014 998 2041 erat,
1014 2013 1043 2036 ιιι

253 2061 353 2087 crimen
366 2058 526 2090 remitteret,
543 2057 628 2084 noluit
642 2057 721 2089 Deus,
736 2055 783 2082 sed
804 2055 868 2090 quid
890 2055 993 2090 inquit?
1013 2055 1044 2082 Si

254 2108 372 2141 inxpttens
381 2106 532 2140 insputasset
543 2107 612 2139 paler
625 2102 652 2128 in
665 2101 744 2136 ipsius
757 2101 857 2134 facient,
873 2109 922 2127 non
938 2100 1044 2134 confusa

255 2151 361 2186 fuisset?
373 2150 485 2182 Maneat,
495 2149 589 2183 inquit,
602 2152 674 2174 extra
685 2151 766 2173 castra
781 2151 873 2180 septem
885 2146 936 2173 dies
950 2145 1043 2181 (Nunt.

256 2197 301 2224 12.
320 2196 373 2231 li).
386 2195 462 2230 Quod
473 2199 562 2221 autem
576 2193 641 2220 dicit
654 2192 705 2219 tale
719 2196 776 2219 est:
791 2191 817 2219 Si
827 2195 927 2226 patrem
940 2191 1046 2218 habuis-

255 2247 305 2275 set,
321 2243 396 2276 isque
418 2248 477 2268 eam
490 2248 505 2267 a
519 2243 663 2274 conspectu
674 2245 722 2265 suo
734 2237 901 2270 removisset,
919 2236 1045 2272 numquid

257 2296 311 2315 non
328 2288 452 2314 toleraret
471 2293 530 2313 eam
544 2283 771 2318 inerepationem?
786 2283 824 2310 Te
839 2283 945 2318 quidem
969 2282 1047 2309 laudo

257 2334 291 2361 de
303 2333 417 2360 fraterna
432 2331 540 2366 pietate,
563 2328 765 2356 mansuetudine
783 2332 810 2355 et
831 2328 958 2360 bonitate,
983 2327 1047 2354 tnibi

256 2383 346 2406 autem
360 2382 461 2409 notttm,
472 2375 579 2412 quando
595 2375 667 2401 illam
681 2377 802 2408 oporteat
813 2373 845 2400 ab
860 2373 909 2400 hac
924 2380 999 2407 pinna
1015 2372 1048 2398 li-

250 2424 354 2453 »berari.
362 2422 539 2457 Quamobrem
548 2425 575 2448 et
585 2425 612 2447 tu
624 2426 729 2455 quoque
740 2426 845 2446 omnem
857 2418 1047 2445 humanitatem

258 2469 370 2497 ostende
384 2475 446 2504 erga
461 2468 580 2498 fratrem,
596 2472 683 2500 neque
695 2464 803 2498 majoris
818 2463 940 2490 vindicue
949 2463 1050 2498 cupidi-

251 2521 314 2543 itate
328 2515 424 2542 delicta
439 2513 567 2542 dimittas.
583 2510 629 2538 sed
644 2510 753 2538 caritate
767 2514 793 2536 et
816 2508 930 2543 benigno
949 2509 1049 2535 animo.

261 2562 288 2588 ιιι
305 2560 352 2588 tibi
366 2564 467 2587 certum
493 2558 562 2586 habe
572 2579 578 2590 ,
595 2556 665 2592 quod
680 2559 779 2591 qttanto
793 2555 877 2590 magis
891 2559 1049 2589 aspernatus

262 2606 342 2633 fuerit
357 2610 407 2632 tua:
421 2603 577 2639 placationis
590 2601 758 2634 industriam,
775 2604 849 2627 tanto
860 2600 987 2633 majorum
1000 2600 1050 2626 sibi

262 2658 369 2687 ptenam
380 2654 527 2676 coacervat.
540 2647 607 2681 Quid
623 2647 680 2674 ais‘!
694 2646 810 2674 deterior
825 2644 854 2672 fit
872 2645 1002 2673 colendo?
1025 2644 1051 2671 ld

256 2700 363 2726 crimen
387 2696 486 2731 ipsius,
510 2698 585 2721 tuum
606 2697 694 2720 autem
718 2692 879 2724 encomium,
903 2691 972 2726 quod
991 2698 1051 2717 cum

261 2751 322 2770 eum
332 2742 411 2770 talem
426 2740 531 2767 videres
544 2738 671 2769 futttrum,
689 2746 741 2764 non
759 2743 845 2764 tamen
859 2737 892 2764 ab
900 2745 931 2764 eo
939 2736 1052 2763 colendo

259 2787 406 2820 abstiteris,
418 2792 447 2814 ut
461 2786 555 2813 divina:
564 2783 693 2811 voluntati
711 2783 878 2810 satisfaceres
890 2792 896 2809 :
910 2783 991 2817 ipsius
1001 2782 1053 2809 cri-

263 2840 336 2864 men,
349 2833 420 2868 quod
427 2837 469 2860 tua
484 2831 601 2859 bonitate
611 2829 692 2855 nihilo
704 2837 781 2864 quain
793 2834 869 2856 antea
884 2830 977 2857 melior
992 2829 1053 2856 red-

286 2890 297 2906 ‘
310 2892 337 2918 In
351 2895 434 2928 Savil.,
447 2897 520 2924 nulla
530 2900 609 2922 autem
622 2894 750 2925 optabit‘ius
768 2898 811 2925 est,
835 2896 930 2921 omissis
941 2896 979 2920 his
991 2896 1053 2920 voci-

593 179 620 206 S.
640 177 777 205 JOANNIS
795 174 1031 205 CHRYSOSTOMI
1051 173 1210 202 ARCHIEP.
1231 172 1496 201 CONSTANTINOP.

1820 170 1872 197 ἕω

1085 229 1166 256 ditttr.
1184 229 1281 256 Paulus
1293 236 1355 255 vero
1368 229 1420 260 ait,
1436 227 1518 254 tuulto
1538 227 1679 262 optabilius
1693 227 1700 242 ‘
1715 227 1781 253 alios
1797 228 1875 254 incu-

1084 275 1136 302 sari
1150 279 1257 309 propter
1270 281 1329 306 nos,
1341 281 1420 308 quam
1437 281 1486 300 nos
1498 278 1605 307 propter
1617 272 1693 299 alios.
1705 272 1742 299 Ne
1756 272 1820 299 mihi
1831 273 1876 299 di-

1084 320 1155 347 xeris
1169 319 1261 355 frigida
1273 319 1322 346 ista
1334 319 1414 346 verba
1424 340 1431 352 ,
1447 318 1596 345 Verendatn
1620 325 1653 344 ne
1665 318 1700 344 ob
1715 322 1815 344 metum
1830 325 1878 344 me

1084 370 1158 400 putet
1173 365 1205 392 ad
1219 373 1248 392 se
1263 365 1419 396 accurrisse,
1436 372 1466 391 ac
1478 364 1587 398 proinde
1599 363 1713 397 majores
1728 363 1812 390 fitsttts
1827 371 1877 390 su-

1085 416 1157 437 mat:
1175 411 1283 445 puerilis
1297 411 1345 437 ista
1357 410 1436 437 anitni
1452 415 1513 437 sunt
1526 414 1551 437 el
1561 410 1678 441 stulti,et
1693 409 1725 436 ad
1737 409 1876 436 hominum

1084 457 1307 483 existimationem
1321 456 1541 490 obstupesccutis.
1558 456 1635 483 Putet
1655 463 1719 483 sane
1743 457 1813 491 qttod
1840 457 1878 483 ob

1086 507 1183 529 metunt
1199 503 1333 529 accessiin
1345 512 1351 528 :
1364 510 1424 530 nam
1434 507 1461 529 et
1473 503 1507 529 ila
1523 511 1625 529 tncrccs
1635 507 1677 529 tua
1691 503 1776 538 major
1787 503 1878 530 futura

1085 553 1135 578 cst.
1150 555 1209 574 cunt
1224 552 1250 575 et
1264 548 1333 575 istud
1346 554 1555 582 prazcognoscas,
1565 553 1592 575 et
1605 552 1693 575 tamen
1704 548 1738 575 ob
1752 549 1877 575 timorem

1087 593 1132 619 Dei
1147 594 1235 619 omnia
1253 593 1395 620 sustineas.
1410 592 1460 626 Qui
1480 592 1550 619 euitn
1567 593 1661 619 famam
1675 593 1811 620 hominum
1825 601 1877 620 att-
1894 586 1899 589 V

1086 647 1195 674 cupans,
1207 639 1450 666 reconciliationem
1464 639 1578 666 instituit
1594 660 1601 672 ,
1621 639 1787 666 abscinditur
1798 647 1813 667 a
1831 648 1876 667 rc-

1086 686 1243 713 tnuuerandi
1255 686 1329 713 lucro
1346 695 1353 713 :
1369 686 1412 720 qui
1428 691 1516 712 autem
1532 685 1582 712 hoc
1594 686 1678 720 ipsum
1689 686 1767 720 plane
1782 686 1876 720 cogni-

1086 737 1140 760 ttttn
1153 732 1242 765 habet,
1257 732 1327 767 quod
1343 732 1417 758 multi
1431 736 1459 758 el.
1473 731 1620 758 irridebuut
1637 737 1664 758 et
1679 732 1876 766 vituperabunt,

1087 781 1273 813 nequetamcn
1284 777 1325 804 vel
1337 778 1369 804 ita
1379 777 1483 804 absistit
1492 785 1505 803 a
1520 777 1744 809 reconciliatione,
1755 777 1879 811 duplica-

1087 828 1140 850 tatn
1155 827 1183 851 et
1199 823 1357 857 triplicatam
1371 822 1480 849 habebit
1493 829 1628 849 coronam.
1653 822 1686 849 Et
1710 821 1753 849 hic
1772 823 1879 856 potissi-

1086 877 1158 896 mum
1170 869 1192 896 is
1202 873 1253 902 est,
1265 868 1308 903 qui
1320 872 1428 903 propter
1443 868 1524 895 Deum
1536 868 1561 894 id
1572 867 1642 894 fecit.
1657 867 1696 894 Ne
1716 867 1779 894 mihi
1792 867 1877 898 dicas,

1087 915 1135 942 has
1149 919 1176 942 et
1191 914 1250 942 illas
1264 914 1373 949 injurias
1389 913 1477 940 intulit
1491 922 1498 941 :
1515 920 1575 940 nam
1596 913 1619 940 si
1642 913 1768 948 quidquid
1792 913 1878 940 malo-

1087 968 1146 988 rum
1161 964 1203 987 est
1216 959 1243 987 in
1256 959 1417 992 hominibus,
1435 958 1461 985 id
1475 958 1604 985 adversus
1616 963 1641 985 te
1656 958 1878 993 deprompsisset,

1087 1006 1166 1033 etiam
1182 1006 1224 1036 ita,
1228 1005 1308 1040 jussit
1322 1004 1391 1032 Deus
1401 1003 1517 1031 offensas
1532 1004 1678 1031 remittere.

1124 1052 1151 1079 5.
1159 1051 1172 1078 Ι
1176 1051 1310 1078 nimicitias
1320 1058 1436 1078 exercens
1448 1059 1479 1078 ne
1490 1050 1523 1076 ad
1532 1058 1631 1077 sacram
1640 1058 1752 1077 mensam
1765 1051 1879 1077 accedat.

1087 1099 1194 1126 —Ecce
1207 1097 1333 1132 prazdico,
1348 1102 1375 1124 et
1389 1101 1570 1130 contestor,et
1581 1096 1652 1124 clara
1664 1104 1729 1123 voce
1747 1097 1880 1128 exclamo,

1090 1152 1168 1172 nemo
1182 1144 1226 1179 qui
1236 1143 1371 1171 inimicum
1383 1143 1479 1171 habeat
1491 1164 1498 1175 ,
1510 1142 1543 1170 ad
1557 1150 1659 1170 sacram
1670 1150 1789 1170 mensam
1802 1143 1882 1171 adeat

1088 1195 1115 1217 et
1128 1198 1224 1225 corpus
1239 1189 1338 1217 Christi
1349 1188 1479 1224 accipiat’
1499 1198 1506 1221 ;
1521 1196 1600 1216 nemo
1607 1189 1651 1224 qui
1662 1189 1729 1221 adit,
1745 1189 1880 1216 inimicum

1091 1236 1195 1262 habeat.
1214 1235 1352 1262 Inimicum
1367 1234 1467 1262 habes?
1481 1242 1514 1261 ne
1529 1234 1652 1262 accedas.
1675 1233 1721 1261 Vis
1734 1234 1882 1262 accedere?

1090 1280 1275 1313 rectmciliare,
1286 1284 1313 1307 et
1327 1283 1383 1306 tum
1397 1287 1501 1307 sacrum
1511 1280 1619 1314 attinge.
1633 1279 1687 1306 Imo
1696 1287 1747 1306 non
1759 1287 1817 1314 ego,
1830 1280 1881 1306 sed

1091 1326 1178 1361 potius
1195 1325 1321 1352 Dominus
1344 1329 1453 1360 propter
1466 1331 1515 1351 nos
1537 1324 1679 1351 crucifixus
1694 1325 1743 1351 ista
1759 1324 1836 1356 dicit;
1853 1329 1882 1351 ut

1090 1370 1275 1398 reconciliaret
1297 1375 1323 1398 te
1347 1370 1428 1402 Patri,
1443 1378 1476 1397 ne
1492 1370 1601 1396 tnactari
1623 1369 1729 1404 quidem
1751 1370 1882 1397 recusavit

1090 1417 1303 1452 autsanguincm
1320 1416 1472 1448 effundere;
1496 1421 1522 1443 tu
1543 1420 1632 1443 autem
1654 1421 1682 1443 ut
1699 1416 1882 1444 reconcilieris

1090 1469 1231 1495 conservo,
1249 1469 1298 1489 nec
1309 1462 1423 1489 verbum
1436 1462 1476 1489 vis
1490 1462 1629 1495 emittere,
1643 1466 1689 1489 aut
1710 1462 1783 1497 prior
1804 1469 1882 1489 acce-
1898 1479 1906 1485 -

1090 1508 1155 1536 dere
1165 1509 1176 1534 ?
1185 1508 1265 1542 Audi,
1278 1508 1342 1543 quid
1353 1508 1387 1535 de
1398 1509 1494 1535 talibus
1507 1509 1624 1542 loquitur
1635 1508 1762 1535 Dominus
1779 1517 1785 1535 :
1799 1508 1830 1536 Si
1841 1508 1882 1543 of-

1090 1554 1142 1588 fers
1153 1562 1244 1580 munus
1257 1558 1326 1580 tuum
1335 1554 1368 1580 ad
1376 1554 1466 1586 altare,
1477 1559 1498 1580 et
1508 1554 1561 1580 illic
1572 1554 1717 1580 recordatus
1730 1554 1807 1589 fueris
1817 1553 1883 1588 quod

1091 1599 1170 1632 frater
1193 1603 1249 1625 tuus
1274 1598 1371 1634 aliquid
1386 1599 1458 1625 habet
1472 1599 1605 1626 adversum
1618 1603 1641 1625 te
1658 1598 1763 1635 (Matth.
1778 1599 1805 1627 5.
1818 1598 1882 1635 9.5);

1093 1652 1144 1669 non
1167 1643 1234 1670 dixit
1247 1664 1253 1676 ,
1277 1648 1418 1677 exspecta,
1433 1643 1518 1670 donec
1531 1644 1575 1670 ille
1588 1644 1678 1670 \‘eniat
1692 1644 1725 1671 ad
1741 1649 1782 1678 te,
1798 1649 1842 1671 attt
1856 1649 1883 1671 ut

1092 1689 1181 1722 aliquo
1195 1689 1247 1714 alio
1261 1689 1439 1715 intercessore
1455 1689 1551 1720 utaris,
1569 1693 1614 1715 aut.
1629 1688 1829 1723 dcprccatorent
1846 1690 1884 1716 al-

1093 1734 1175 1767 leges,
1192 1734 1249 1766 sed,
1268 1739 1293 1760 tu
1309 1734 1375 1768 ipse,
1393 1734 1488 1768 inquit,
1503 1734 1536 1760 ad
1553 1734 1624 1760 illum
1638 1742 1758 1761 accurre.
1771 1735 1828 1767 Abi,
1844 1736 1884 1762 in-

1093 1779 1159 1812 quil,
1173 1778 1418 1813 prittst'ecottciliare
1427 1778 1501 1813 fratri
1518 1784 1561 1805 tuo
1575 1778 1681 1811 (Matth.
1694 1780 1720 1806 5.
1734 1779 1790 1814 24).
1806 1779 1828 1806 Ο
1846 1779 1884 1806 fa-

1094 1829 1164 1850 ctum
1174 1824 1344 1851 incredibile!
1359 1824 1416 1858 ipse
1426 1831 1478 1851 non
1490 1824 1640 1858 accipitpro
1652 1824 1885 1860 ignominia,quod

1095 1870 1193 1897 (lUltllm
1213 1870 1262 1897 sibi
1284 1870 1445 1897 destinatum
1466 1871 1640 1905 relinquatur,
1656 1876 1683 1898 et
1704 1875 1731 1897 tu
1746 1876 1885 1898 contume-

1096 1916 1157 1942 l'am
1174 1921 1259 1951 putas,
1273 1916 1297 1942 si
1320 1917 1391 1950 prior
1404 1917 1483 1943 abeas
1505 1916 1537 1942 ad
1551 1916 1811 1943 reconciliationem?
1826 1916 1884 1949 Dic,

1096 1971 1196 1997 qttmso,
1212 1971 1269 1998 qua:
1278 1963 1353 1989 venia
1365 1963 1474 1989 debetur
1483 1963 1540 1989 istis
1552 1963 1648 1989 rebus?
1656 1963 1683 1989 Si
1695 1962 1793 1989 videris
1803 1970 1885 1988 mem-

1097 2009 1173 2035 brtun
1186 2008 1343 2041 abscissum,
1360 2016 1449 2035 annon
1470 2009 1560 2034 omnia
1573 2009 1636 2034 lacis
1646 2028 1653 2039 ,
1668 2012 1696 2034 ιιι
1720 2008 1886 2042 conglutines

1096 2055 1218 2089 corpori?
1241 2054 1314 2082 ldcm
1329 2054 1368 2082 lac
1383 2055 1408 2081 in
1422 2054 1548 2082 fratribus
1574 2055 1624 2081 luis
1638 2064 1644 2080 :
1661 2054 1767 2089 quando
1789 2054 1887 2081 videris

1097 2107 1143 2127 eos
1160 2100 1293 2127 abscissos
1317 2108 1331 2126 a
1364 2105 1407 2127 tua
1424 2101 1554 2133 amicitia,
1570 2108 1682 2136 propera
1708 2100 1833 2128 celeriter
1853 2100 1887 2126 ad

1098 2146 1246 2180 amplexus,
1260 2154 1294 2172 ne
1307 2150 1446 2180 exspectes
1470 2146 1555 2173 donec
1571 2147 1618 2180 ipsi
1634 2146 1738 2181 priores
1750 2146 1783 2173 ad
1804 2151 1829 2173 te
1843 2153 1888 2172 ve-

1099 2191 1182 2223 niant,
1197 2191 1243 2218 sed
1260 2191 1315 2225 ipse
1330 2192 1402 2225 prior
1415 2192 1533 2219 bravium
1547 2191 1670 2225 accipere
1684 2191 1790 2218 festina.

1137 2246 1207 2274 Unus
1229 2247 1344 2273 inimicus
1363 2251 1414 2273 esto
1427 2247 1496 2274 nobis
1509 2246 1633 2273 diabolus.
1646 2261 1682 2266 —
1696 2246 1781 2274 Unum
1797 2245 1885 2272 inimi-

1094 2301 1159 2321 cum
1171 2293 1237 2327 jussi
1250 2300 1342 2319 sumus
1352 2293 1450 2320 habere
1461 2293 1604 2324 diabolum,
1617 2299 1676 2319 cum
1687 2292 1732 2319 illo
1745 2299 1887 2326 numquam

1102 2340 1127 2367 itt
1143 2339 1252 2373 gratiam
1273 2338 1381 2371 redeas;
1397 2339 1525 2365 adversus
1539 2337 1647 2364 fratrctn
1663 2346 1726 2364 vero
1746 2345 1888 2372 numquam

1101 2385 1138 2411 sis
1151 2384 1257 2411 inimico
1270 2384 1358 2410 animo
1367 2404 1374 2416 ,
1388 2384 1434 2410 scd
1446 2385 1468 2410 si
1480 2389 1538 2410 nata
1555 2382 1633 2411 fuerit
1644 2383 1731 2417 aliqua
1744 2383 1889 2410 offensiun-

1101 2430 1170 2460 cula.
1185 2430 1288 2464 longior
1301 2437 1353 2456 uno
1366 2429 1408 2457 die
1423 2438 1455 2456 ne
1466 2435 1534 2462 esto,
1547 2437 1631 2464 neque
1645 2430 1758 2464 spatium
1767 2429 1889 2456 dinrmun

1103 2476 1233 2503 excedito.
1249 2475 1296 2503 Sol
1308 2496 1315 2508 ,
1332 2475 1431 2510 inquit,
1446 2484 1496 2503 non
1518 2477 1616 2503 occidat
1636 2484 1713 2510 super
1732 2476 1890 2502 iracundiam

1103 2526 1208 2548 vestram
1223 2521 1329 2556 (Ep/tes.
1344 2521 1371 2548 4.
1385 2521 1442 2556 ‘26).
1458 2520 1486 2548 Si
1498 2525 1561 2548 ante
1575 2528 1712 2554 vesperam
1726 2521 1889 2548 stomachum

1104 2567 1191 2601 ponis,
1206 2566 1287 2593 habes
1300 2573 1314 2592 a
1331 2566 1386 2593 Deo
1398 2566 1512 2600 aliquam
1528 2565 1630 2592 veniam
1642 2573 1649 2591 :
1661 2565 1730 2598 quod
1746 2565 1768 2591 si
1782 2565 1891 2593 uberius

1105 2617 1147 2640 tua
1169 2612 1228 2640 bilis
1241 2612 1359 2644 durarit,
1373 2620 1426 2639 non
1441 2619 1474 2639 ex
1496 2611 1535 2638 ira
1554 2615 1581 2637 et
1601 2610 1780 2645 indignatione
1798 2611 1890 2644 raptim

1104 2680 1159 2709 bus,
1180 2679 1268 2704 Paulus
1283 2686 1338 2705 vero
1349 2678 1391 2704 ait.
1403 2679 1508 2704 Kannius
1526 2683 1541 2709 a_
1557 2676 1630 2701 Paulo
1648 2677 1722 2702 etiam
1739 2677 1893 2709 memorando

1105 2707 1211 2735 abstinet
1223 2711 1246 2734 in
1267 2712 1324 2735 edit.
1337 2710 1429 2740 Morel,
1442 2713 1469 2734 et
1486 2707 1633 2739 Paulusipse
1644 2709 1790 2733 sententiam
1800 2708 1839 2732 hic
1849 2714 1892 2732 cx-

1105 2747 1212 2773 lressam
1224 2741 1307 2766 tntllibi
1320 2740 1425 2770 protulit.

1128 2774 1137 2788 ¹
1155 2773 1267 2798 lnSarll.
1280 2776 1342 2798 etin
1362 2781 1410 2797 uno
1424 2773 1521 2799 Codice.
1542 2773 1604 2801 haec,
1622 2773 1654 2798 att
1669 2780 1765 2799 sacrant
1786 2781 1891 2799 mensam

1097 2807 1168 2829 adeat
1177 2808 1199 2828 et
1216 2811 1303 2835 θυι-μηδ
1315 2803 1404 2829 Christi
1413 2803 1524 2835 accipiat,
1537 2804 1635 2829 desunt.
1650 2805 1699 2829 Sed
1713 2805 1754 2830 alii
1768 2810 1794 2829 ct
1807 2806 1892 2829 Morel.

1097 2835 1133 2861 sic
1154 2836 1254 2864 babeut,
1278 2839 1304 2860 et
1320 2836 1426 2859 Savi‘ius
1445 2835 1470 2859 in
1492 2835 1606 2866 margine
1622 2836 1710 2860 adfert.
1738 2836 1795 2860 [hec
1821 2843 1893 2866 porro

1099 2873 1216 2898 germana
1238 2873 1293 2891 esse
1308 2868 1359 2897 ipsa
1372 2866 1452 2891 series
1466 2865 1564 2898 arguit;
1588 2867 1626 2891 his
1645 2867 1711 2892 enim
1725 2865 1833 2899 demptis
1846 2867 1891 2892 im-

1100 2899 1211 2929 perfecta
1235 2898 1346 2923 clausula
1367 2901 1414 2923 est.
