4068 6432
140 359 250 424 203

138 488 245 552 ξεν.
282 478 391 550 Οὑχ
414 475 587 542 οὑτως
618 469 682 531 σὺ
715 474 908 528 σαυτὸν
936 471 1193 533 ἐκδικεῖς,
1223 467 1298 531 ὡς
1336 462 1546 524 ἐκεῖνός
1584 475 1644 511 σε
1668 455 1809 552 ἐκδι-

140 571 307 638 κῆσαι
355 565 840 639 παρεσκεύασται,
882 562 948 616 ἂν
990 558 1139 629 αὐτῷ
1166 553 1578 639 παραχωρήσῃς
1632 546 1811 639 μόνον,

139 632 232 711 xi:
268 654 343 728 μὴ
372 632 613 725 κατεύξῃ
651 651 745 706 τοῦ
771 648 1163 719 λελυπηκότος,
1203 643 1317 697 ἀλλ’
1341 640 1504 697 αὑτὸν
1527 638 1696 728 ηάφῇς
1719 632 1806 728 κύο

142 724 538 815 ρων-γενέσθαι
566 724 664 811 τῆς
695 738 877 809 ψήφου
900 733 1055 789 ’κᾶν
1086 733 1197 804 γὰρ
1229 732 1391 801 ἡμεῖς
1436 726 1664 815 ἀφῶμεν
1702 724 1817 815 τοῖς

140 808 448 903 ῆδικηνκόσι,
484 826 586 882 κᾶν
613 808 1064 893 καταλλαγῶμεν,
1091 821 1192 875 κᾶν
1210 817 1361 889 ’ὑπὲρ
1390 813 1571 871 αὑτῶν
1613 808 1779 881 δεηθᾶ

145 898 334 989 μενξό
367 916 501 979 Θεὸς
535 916 635 968 οὐκ
684 914 934 983 ἀφίησιν,
968 912 1064 964 ἐὰν
1101 910 1175 981 μὴ
1236 903 1680 989 μεταϐάλλωνται
1723 898 1816 989 καλ

142 985 315 1070 αὐτοὶ,
361 1004 460 1059 καὶ
498 1002 743 1074 βελτίους
772 1002 1068 1070 γένωνται·
1105 999 1206 1051 οὑκ
1254 996 1449 1065 ἀφίησι
1484 990 1543 1045 δὲ
1582 987 1719 1061 πρὸς
1757 985 1817 1038 τὸ

144 1094 412 1165 χρήσιμον
434 1090 659 1144 ἐκείνων
681 1088 916 1159 βλέπων.
944 1088 1011 1139 Σὲ
1036 1086 1136 1157 μὲν
1158 1083 1269 1155 γάρ
1301 1082 1517 1136 ἐπαινεῖ
1544 1078 1638 1131 καὶ
1681 1076 1819 1165 ἀπο·

144 1182 354 1253 δέχεται
377 1180 478 1251 τῆς
517 1177 856 1249 φιλοσοφίας,
909 1178 1116 1230 ἐκεῖνον
1146 1186 1172 1215 ι
1206 1173 1264 1226 δὲ
1304 1169 1690 1239 ἐπεξέρχεται,
1729 1164 1817 1217 ἵνα

148 1273 221 1345 μὴ
246 1274 310 1343 τῇ
344 1273 410 1344 σῇ
435 1268 725 1340 φιλοσοφίᾳ
764 1268 964 1338 χείρων
1002 1265 1249 1338 γένηται.
1298 1263 1461 1315 Ὥστε
1507 1256 1758 1345 περιττὸς
1789 1257 1818 1308 6

144 1344 250 1413 τῶν
284 1358 500 1413 πολλῶν
521 1358 698 1426 λόγος.
734 1355 925 1409 Πολλοὶ
969 1354 1079 1425 γὰρ
1122 1351 1382 1413 πολλάκις
1424 1344 1817 1417 ἐγκαλούμενοι

146 1442 274 1518 παρ’
304 1445 486 1517 ἡμῶν,
512 1443 700 1515 ἐπειδὴ
737 1440 1216 1514 παρακαλούμενοι
1253 1434 1663 1503 καταλλαγῆναι
1705 1433 1819 1494 τοῖς

144 1532 357 1605 ἐχθροῖς
399 1528 500 1586 οὑκ
546 1530 853 1594 ἐπείθοντο,
908 1528 1114 1599 ταύτην
1145 1526 1364 1579 ἐδόκουν
1391 1522 1491 1594 τὴν
1521 1518 1818 1588 ἀπολογίαν

147 1620 514 1692 προϐαλέσθαι
542 1619 953 1691 παραπέτασμα
971 1617 1069 1685 τῆς
1101 1612 1309 1669 ἑαυτῶν
1329 1608 1498 1665 οὖσαν
1528 1607 1815 1680 πονηρίας⁹

145 1708 217 1760 Οὑ
256 1705 521 1777 βούλομαι
549 1704 978 1775 καταλλαγῆναι,
1015 1702 1208 1771 φησὶν,
1243 1700 1333 1752 ἴνα
1368 1697 1442 1769 μὴ
1476 1695 1697 1768 χείρονα
1722 1693 1818 1747 αὑ-

145 1794 231 1848 τὸν
256 1793 702 1867 ἐργάσωμαι,ῖνα
729 1792 803 1865 μὴ
829 1789 1186 1864 τραχύτερον,
1217 1788 1303 1841 ἵνα
1327 1786 1404 1857 μὴ
1431 1784 1691 1857 μειζόνως
1717 1798 1818 1853 μου

148 1881 295 1954 [205]
326 1879 718 1953 καταφρονήσῃ
742 1878 883 1950 μετά
913 1876 1105 1931 ταῦτα.
1159 1875 1267 1928 Καὶ
1305 1874 1440 1946 πρὸς
1470 1871 1682 1935 τούτοις
1720 1870 1821 1923 κά·-

147 1974 289 2025 κεῖνο
317 1971 585 2039 λέγουσιν,
619 1969 701 2022 ὅτι
732 1965 927 2023 Πολλοὶ
955 1966 1065 2021 τῶν
1096 1963 1399 2036 ἀνθρώπων
1439 1960 1499 2027 ἐξ
1535 1959 1818 2022 ἀσθενείας

150 2077 218 2130 με
260 2059 540 2130 νομίζουσι
585 2057 852 2129 πρότερον
903 2056 998 2109 ἐπὶ
1045 2054 1145 2119 τὰς
1186 2050 1533 2121 καταλλαγὰς
1557 2048 1818 2121 ἔρχεσθαι

147 2149 239 2203 καὶ
276 2148 372 2201 τὸν
415 2147 609 2220 ἐχθρὸν
659 2146 1021 2219 παρακαλεῖν.
1071 2142 1259 2197 Ταῦτα
1297 2142 1476 2195 πάντα
1508 2140 1713 2211 μάταια
1737 2156 1751 2170 ·
1790 2139 1820 2191 6

148 2240 254 2314 γὰρ
287 2240 589 2311 ἀκοίμητος
626 2237 915 2309 ὀφθαλμὸς
950 2232 1058 2290 εῐδε
1110 2234 1206 2307 τὴν
1226 2236 1256 2275 ι’
1287 2232 1511 2305 γνώμην
1550 2232 1649 2303 τὴν
1682 2232 1782 2302 σήν
1798 2244 1816 2261 ⁷*

147 2328 335 2399 διόπερ
368 2327 558 2381 οὐδένα
589 2327 696 2398 χρὴ
730 2325 1006 2379 ποιεῖσθαι
1035 2323 1145 2376 τῶν
1164 2321 1467 2377 συνδούλων
1490 2321 1669 2389 λόγον,
1692 2320 1820 2372 ὅταν

148 2416 238 2470 τὸν
267 2415 460 2488 κριτὴν
483 2416 678 2487 πείσῃς
700 2414 797 2469 καὶ
828 2413 919 2467 τὸν
952 2412 1220 2484 μέλλοντά
1250 2427 1333 2464 σοι
1372 2409 1637 2474 δικάζειν.
1673 2409 1735 2461 Εί
1764 2406 1821 2460 δὲ

148 2509 240 2563 τοῦ
276 2511 360 2582 ’μὴ
394 2508 649 2578 γενέσθαι
679 2524 761 2561 σοι
789 2506 1010 2578 χείρονα
1030 2504 1117 2558 διὰ
1147 2503 1248 2575 τῆς
1272 2504 1372 2574 σῆς
1404 2500 1701 2562 ἐπιεικείας
1729 2498 1821 2552 τὸν

151 2595 340 2668 ἐχθρὸν
375 2592 704 2667 φροντίζεις,
728 2596 907 2648 ἐκεῖνο
938 2590 1177 2664 μάνθανε
1198 2630 1212 2656 ,
1243 2590 1324 2643 ὅτι
1370 2589 1467 2658 οὑχ
1496 2586 1639 2641 οὕτω
1674 2585 1822 2655 γίνε-

149 2699 237 2735 ται
271 2684 472 2754 χείρων
491 2726 505 2749 ,
548 2681 665 2736 ἀλλ’
701 2681 768 2736 ἀν
803 2681 877 2752 μὴ
912 2679 1259 2750 καταλλαγῇς
1311 2677 1508 2748 μᾶλλον
1530 2692 1546 2709 ο
1581 2673 1683 2729 κᾶν
1712 2673 1822 2743 γὰρ

152 2770 407 2824 ἁπάντων
434 2763 853 2841 μιαρώτεροςῇ,
881 2765 985 2820 κάν
1014 2766 1089 2837 μὴ
1120 2765 1275 2835 λέγῃ,
1302 2763 1404 2817 κάν
1448 2762 1522 2835 μὴ
1554 2762 1820 2834 κηρύττῃ,

150 2860 243 2913 καὶ
274 2859 443 2928 σιγῶν
472 2857 690 2920 πάντως
721 2855 1041 2920 ἀποδέξεταί
1082 2870 1175 2907 σου
1208 2855 1311 2924 τὴν
1349 2851 1666 2920 φιλοσοφίαν
1687 2888 1702 2914 ,
1738 2851 1817 2901 αί-

148 2946 472 3019 δεσθήσεταί
504 2962 597 2999 σου
618 2944 720 3015 τὴν
749 2942 1035 3015 πραότητα
1062 2940 1204 2995 κατά
1233 2941 1294 2994 τὸ
1344 2938 1583 3001 συνειδὸς
1604 2938 1666 2990 τὸ
1695 2939 1822 2989 ἐαυ-

147 3032 243 3088 τοῦ
262 3049 276 3063 ·
316 3035 412 3087 ἐάν
443 3034 501 3087 δὲ
531 3033 625 3086 ἐπὶ
649 3032 753 3102 τῆς
775 3031 945 3101 αὑτῆς
983 3030 1119 3103 μένῃ
1163 3027 1426 3099 πονηρίας
1455 3024 1823 3094 κολακευόμει-

149 3138 238 3184 νος
262 3122 357 3175 καὶ
379 3121 839 3193 θεραπευόμενος,
869 3119 981 3185 ἐξει
1007 3116 1250 3190 τιμωρὸν
1278 3118 1536 3187 μέγιστον
1556 3113 1648 3167 τὸν
1669 3112 1824 3166 Θεόν.

147 3208 261 3259 Καὶ
296 3207 384 3260 ἵνα
425 3208 663 3279 μάθητε,
709 3208 812 3273 ὄτι,
840 3203 942 3261 κάν
988 3208 1150 3278 ⁴ἡμεῖς
1182 3203 1654 3276 παρακαλέσωμεν
1686 3200 1825 3271 ὑπὲρ

152 3294 260 3348 τῶν
287 3295 497 3367 ἐχθρῶν
523 3296 616 3350 καὶ
648 3296 792 3368 ὑπὲρ
820 3295 929 3350 τῶν
963 3294 1321 3367 ἠδικηκότων,
1361 3295 1389 3347 6
1426 3292 1558 3355 Θεὸς
1586 3291 1686 3345 οὐκ
1723 3290 1827 3358 ἀφ-

156 3382 321 3452 ίησιν,
355 3383 423 3437 ἀν
455 3383 690 3455 μέλλωσι
735 3384 984 3453 γίνεσθαι
1018 3384 1235 3455 χείρους
1273 3381 1361 3435 διὰ
1405 3380 1506 3451 τῆς
1550 3377 1827 3450 ἡμετέρας

155 3470 521 3537 ἀνεξικακίας,
574 3473 817 3543 ἱστορίαν
850 3473 977 3544 ὑμῖν
1015 3471 1125 3543 ἐρῶ
1156 3470 1413 3529 παλαιάν,
1474 3466 1826 3533 Κατελάλησέ

158 3571 284 3610 ποτε
332 3558 427 3610 τοῦ
474 3560 753 3623 Μωὺσέως
792 3561 825 3631 ἡ
861 3559 1051 3631 Μαρία
1073 3575 1087 3589 ο
1114 3558 1168 3611 τί
1199 3553 1290 3612 οὑν
1337 3560 1365 3610 6
1401 3556 1571 3621 Θεός;
1602 3554 1825 3626 Λέπραν

155 3646 442 3717 ἐπαφῆκεν
469 3648 607 3718 αὑτῇ
627 3687 643 3710 ,
698 3649 793 3701 καὶ
822 3647 1131 3717 ἀκάθαρτον
1156 3644 1324 3716 αὐτὴν
1370 3642 1615 3715 ἐποίησε,
1650 3642 1827 3697 καίτοι

152 3742 215 3793 γε
245 3734 315 3787 τὰ
343 3735 479 3790 ἄλλα
513 3731 677 3789 οὖσαν
714 3736 930 3805 ἐπιεικῆ
956 3735 1051 3788 καλ⁵
1081 3733 1361 3804 σώφρονα*
1386 3728 1503 3785 εἶτα
1537 3731 1630 3785 τοῦ
1662 3733 1829 3785 Μωῦ-

159 3819 292 3884 οέως
321 3821 490 3875 αὑτοῦ
522 3822 616 3875 τοῦ
647 3822 976 3894 ὑϐρισμένου
1012 3819 1455 3891 παρακαλοῦντος
1490 3819 1709 3885 ἀφεῖναι
1731 3815 1828 3886 τὴν

155 3909 343 3983 ὀργὴν,
362 3910 461 3964 οὑκ
477 3911 738 3981 ἠνέσχετο
765 3913 793 3964 6
809 3908 940 3973 Θεός
954 3927 967 3940 ·
987 3908 1122 3961 ἀλλά
1151 3908 1203 3960 τί
1227 3922 1389 3976 φησιν
1412 3922 1426 3971 ;
1458 3907 1528 3959 El
1553 3904 1829 3973 ἐμπτὺων

155 3996 493 4052 ἐνέπτυσεν
526 4001 559 4051 ό
592 3998 789 4067 πατὴρ
814 3995 1005 4065 αὐτῆς
1027 3999 1114 4062 εἰς
1145 3996 1209 4049 τὸ
1243 3997 1590 4063 πρόσωπον,
1618 3994 1731 4047 οὐκ
1754 3990 1830 4045 ἂν

156 4082 489 4155 ἐνετράπης
547 4083 837 4147 Μεινάτω,
894 4086 1079 4155 φησὶν,
1112 4081 1228 4147 ἔξω
1288 4078 1400 4149 τῆς
1449 4077 1830 4149 παρεμϐολῆς

157 4168 301 4227 ἑπτὰ
326 4172 574 4243 ἡμέρας.
614 4175 679 4226 ὐ
708 4173 765 4227 δέ
801 4172 949 4242 λέγει
991 4171 1230 4225 τοιοῦτόν
1274 4172 1455 4223 ἐστιν’
1494 4167 1557 4221 Εἰ
1593 4167 1828 4239 πατέρα,

159 4262 341 4331 φησὶν,
386 4258 500 4332 εἶχε
520 4263 614 4315 καὶ
639 4261 697 4326 ἐξ
722 4260 900 4330 ὄψεως
924 4260 1094 4330 αὑτὴν
1120 4259 1394 4326 ἐποίησεν,
1420 4258 1525 4310 οὑκ
1541 4255 1607 4310 ἂν
1631 4257 1829 4328 ῆνεγκε

157 4347 252 4418 τὴν
284 4350 644 4421 ἐπιτίμησιν;
692 4349 760 4402 Σὲ
810 4349 912 4420 μὲν
957 4350 1293 4420 ἀποδέχομαι
1336 4348 1439 4417 τῆς
1478 4346 1831 4416 φιλαδελφίας

158 4435 249 4488 καὶ
272 4438 377 4510 τῆς
403 4438 709 4509 πραότητος
736 4439 830 4492 καὶ
858 4437 957 4508 τῆς
979 4436 1312 4499 ἐπιεικείας·
1347 4435 1460 4503 ἐγὼ
1488 4435 1545 4488 δὲ
1565 4430 1682 4488 οἶδα
1703 4434 1831 4487 πότε

159 4523 324 4597 αὐτὴν
381 4527 599 4595 ἀφεῖναι
651 4525 733 4579 δεῖ
762 4526 861 4595 τῆς
890 4525 1183 4589 κολάσεως.
1224 4524 1298 4578 Σὺ
1338 4524 1437 4595 μὲν
1468 4524 1647 4577 πᾶσαν
1679 4522 1832 4591 φιλο-

164 4616 438 4685 φροσύνην
471 4613 738 4679 ἐπίδειξαι
769 4613 900 4679 περὶ
918 4614 1009 4667 τὸν
1038 4613 1286 4681 ἀδελφὸν,
1322 4611 1419 4666 καὶ
1454 4610 1528 4682 μὴ
1558 4611 1833 4675 κολάσεως

162 4697 429 4773 ἐπιθυμία
456 4701 703 4775 μείζονος
731 4700 878 4774 ἀφῇς
907 4701 977 4754 τὰ
1005 4700 1477 4773 πλημμελήματα,
1502 4700 1641 4754 ἀλλά
1686 4700 1836 4770 φιλο-

166 4790 389 4861 στοργία
409 4794 505 4844 καὶ
541 4790 736 4862 γνώμῃ
758 4794 988 4862 χρηστῇ.
1037 4791 1244 4844 Ἐκεῖνο
1277 4792 1375 4862 μὲν
1395 4790 1505 4861 γάρ
1530 4808 1612 4844 τοι
1647 4790 1835 4858 σαφῶς

167 4870 293 4944 ἴσθι,
321 4880 403 4933 ὅτι
432 4881 541 4951 ὅσῳ
570 4880 636 4933 ἀν
664 4879 1040 4951 θεραπεύοντα
1072 4879 1301 4950 ὑπερίδῃ
1334 4896 1417 4945 σε,
1450 4878 1692 4950 τοσούτῳ
1716 4879 1836 4949 μεί-

166 4957 291 5023 ζονα
322 4968 687 5022 ἐπισπάσεται
711 4967 833 5021 καθ’
867 4966 1058 5020 ἐαυτοῦ
1094 4967 1194 5036 τὴν
1233 4967 1456 5021 κόλασιν
1501 4970 1726 5030 ἐκεῖνος.
1770 4966 1835 5018 Τί

166 5046 361 5120 λέγεις,
411 5057 533 5110 είπέ
566 5072 689 5127 μοι;
723 5055 1057 5128 Φαυλότερος
1107 5055 1316 5123 γίνεται
1356 5055 1832 5126 θεραπευόμενος;

169 5135 335 5197 Τοῦτο
360 5145 573 5199 ἐκείνου
608 5145 707 5213 μὲν
734 5144 1057 5216 κατηγορία,
1086 5144 1175 5196 σὸν
1193 5143 1251 5197 δὲ
1284 5141 1558 5214 ἐγκώμιον
1578 5157 1591 5172 ⁸
1621 5142 1711 5196 σὸν
1737 5143 1835 5213 μὲν

171 5224 438 5301 ὲγκὼμιον
463 5274 477 5297 ,
512 5234 595 5286 ὅτι
637 5233 732 5285 καὶ
768 5232 913 5305 ὁρῶν
934 5229 1174 5285 τοιοῦτον
1218 5230 1526 5300 γινόμενον,
1552 5228 1641 5282 διὰ
1671 5229 1733 5283 τὸ
1756 5229 1836 5300 τῷ

173 5309 283 5384 θεῷ
312 5318 500 5373 δοκοῦν
527 5321 628 5373 οὑκ
657 5320 899 5392 ἀπέστης
928 5331 950 5359 ο
988 5318 1308 5391 θεραπεύων
1328 5318 1519 5373 αὑτόν*
1557 5317 1751 5389 ἐκείνῳ
1778 5318 1835 5371 δὲ

171 5397 435 5478 εγκλημα,
465 5411 548 5463 ὅτι
569 5408 691 5463 οὑδέ
720 5409 827 5463 ἀπὸ
863 5408 964 5479 τῆς
1006 5409 1108 5480 σῆς
1144 5407 1449 5472 ἐπιεικείας
1487 5405 1713 5479 βελτίων
1746 5406 1808 5473 γέ

231 5543 256 5614 ξ’
277 5546 422 5614 ξονὶῗ.
461 5557 515 5599 et
538 5549 725 5614 aliqua:
745 5551 884 5614 chd.
913 5550 1093 5614 ἐκείνῳ.

229 5598 257 5672 ῑξ
281 5607 426 5672 Savil.
454 5598 507 5662 et
526 5598 733 5661 εὶὶἰόἶδε
752 5598 854 5672 an;

239 5670 260 5695 η
285 5670 396 5737 um:
419 5684 498 5723 es:
520 5683 759 5736 scriptura
793 5670 980 5737 Savilii,
1007 5686 1153 5735 quam
1182 5671 1290 5737 ipse
1316 5671 1541 5737 reddigﬁg
1562 5670 1832 5737 iglgrprgs.

170 5722 445 5785 '-°8"h~uluf
465 5722 895 5800 ¢6v76§é7wbpiow
917 5722 988 5784 δτὶ
1009 5722 1059 5783 δὲ.
1081 5722 1125 5786 6.
1147 5722 1284 5799 1:77.
1306 5722 1488 5799 τῶντῷ
1510 5733 1620 5799 Θεῷ
1640 5722 1836 5780 δοκούν-

164 5803 260 5835 των
281 5793 366 5843 οὑκ
398 5797 478 5846 ἀπ.
505 5797 631 5847 Enn.

195 5805 260 5835 ων
281 5805 366 5843 ουκ
398 5805 478 5846 ἀπ.
509 5805 631 5851 Εοιτ.

1126 343 1217 408 λἰ)
1254 341 1584 406 POPULUM
1621 334 2125 395 ANTIOCIIENUM
2190 337 2422 395 IIOMIL.
2469 336 2584 395 XX.

3486 334 3592 390 2οι

1917 468 2061 521 γονε.
2100 452 2310 518 Παῦλος
2356 454 2413 508 δέ
2449 472 2634 526 φησιν,
2665 454 3025 526 αἱρετώτερον
3070 454 3294 525 ἐτέρους
3344 452 3595 521 ἐγκαλεῖ-

1917 539 2042 593 σθαι
2074 540 2143 595 δι’
2178 544 2347 611 ἡμᾶς,
2369 542 2403 611 ἢ
2434 544 2582 612 ἡμᾶς
2609 542 2675 596 δι’
2706 543 2947 615 ἐτέρους.
2974 542 3128 612 Μηδὲ
3151 541 3276 611 λέγε
3316 541 3384 595 τὰ
3413 542 3597 613 ψυχρά

1916 628 2092 681 ταῦτα
2118 630 2343 699 ῥήματα
2365 646 2379 659 ’
2410 631 2500 701 Μὴ
2543 629 2761 701 νομίσῃ,
2794 631 2981 700 φησὶν,
3016 632 3097 684 ὅτι
3143 630 3402 702 φοϐηθεὶς
3433 630 3596 684 αὑτὸν

1916 715 2317 788 προσέδραμον,
2362 717 2449 770 ἵνα
2497 717 2697 787 μᾶλλόν
2746 736 2847 787 μου
2882 720 3307 790 καταφρονήσῃ·
3340 716 3598 787 παιδικῆς

1915 802 2091 857 ταῦτα
2133 802 2313 873 ψυχῆς
2362 805 2457 857 καὶ
2488 805 2716 873 ἀνοήτου
2754 805 3013 875 καὶπρὸς
3060 805 3218 869 δόξαν
3248 805 3596 876 ἐπτοημένης

1918 890 2284 962 ἀνθρωπίνην.
2319 891 2631 962 Νομιζέτω,
2675 892 2757 945 ὅτι
2800 892 3058 964 φοϐηθεὶς
3117 893 3445 967 προσῆλθες,
3501 895 3598 946 καὶ

1916 977 2060 1032 οὕτω
2084 977 2294 1050 ,μείζων
2315 981 2344 1032 6
2372 978 2569 1048 μισθὸς
2600 978 2752 1032 ἔσται
2781 997 2885 1041 σοι,
2912 981 3037 1034 ὅταν
3068 981 3161 1034 καὶ
3198 980 3372 1035 ταῦτα
3413 998 3601 1053 προεις

1917 1065 2023 1131 δὼς
2043 1066 2133 1120 διά
2153 1065 2245 1120 τὸν
2273 1064 2368 1119 τοῦ
2391 1065 2527 1120 Θεοῦ
2560 1066 2723 1136 φόϐον
2747 1068 3023 1139 ὑπομένῃς
3051 1069 3247 1123 πάντα.
3285 1069 3343 1121 '0
3370 1069 3466 1139 μὲν
3486 1067 3597 1140 γὰρ

1916 1154 2017 1225 τὴν
2038 1154 2187 1224 παρά
2207 1152 2315 1207 τῶν
2345 1152 2443 1208 ἀνο
2452 1152 2651 1224 ρώπων
2674 1153 2832 1219 δόξαν
2851 1152 3185 1227 θηρώμενος,
3204 1157 3297 1210 καὶ
3331 1156 3417 1209 διά
3439 1155 3599 1209 τοῦτο

1918 1238 2441 1310 καταλλαττόμενος,
2478 1239 2843 1310 ὑποτέμνεται
2884 1242 2983 1311 τῆς
3024 1241 3347 1306 ἀντιδόσεως
3372 1242 3434 1296 τὸ
3462 1243 3594 1315 κέρ-

1916 1327 2005 1390 δος
2025 1343 2038 1355 ·
2068 1329 2096 1380 6
2128 1326 2184 1380 δὲ
2210 1326 2452 1399 ἀκριϐῶς
2486 1326 2874 1398 ἐπιστάμενος,
2912 1327 3064 1400 [⁸206]
3090 1330 3171 1382 ὅτι
3202 1329 3387 1383 πολλοὶ
3431 1347 3598 1384 κατα-

1918 1414 2218 1485 γνώσονται
2248 1415 2345 1469 καὶ
2377 1414 2864 1484 καταγελάσονται,
2894 1417 2989 1469 καὶ
3021 1417 3142 1470 οὑδέ
3164 1418 3337 1481 οὕτως
3361 1419 3597 1489 ἀφιστά-

1922 1521 2083 1574 μενος
2107 1503 2208 1573 τῆς
2248 1503 2595 1573 καταλλαγῆς
2632 1503 2682 1568 δ,
2724 1503 3046 1557 διπλασίονα
3099 1506 3193 1558 καὶ
3241 1506 3598 1576 τριπλασίονα

1918 1591 2030 1657 ἐξει
2056 1591 2147 1644 τὸν
2177 1591 2469 1660 στέφανον·
2499 1592 2595 1644 καλ⁹
2633 1585 2787 1655 οὗτος
2820 1592 3056 1662 μάλιστά
3095 1593 3263 1659 ἐστιν,
3296 1596 3323 1647 6
3372 1593 3459 1648 διά
3506 1594 3599 1648 τὸν

1919 1679 2052 1733 Θεὸν
2079 1679 2238 1733 τοῦτο
2266 1680 2455 1734 ποιῶν.
2487 1680 2579 1751 Μή
2615 1696 2704 1750 μοι
2732 1679 2883 1748 λέγε,
2906 1681 2989 1733 ὅτι
3022 1680 3104 1735 Τά
3130 1680 3225 1735 καὶ
3257 1682 3326 1735 τά
3349 1682 3597 1754 ἠδίκησε·

1920 1769 2013 1823 καὶ
2035 1768 2144 1841 γάρ
2171 1770 2218 1821 εί
2244 1769 2423 1822 πᾶσαν
2451 1760 2720 1839 πονηρίαν
2750 1767 2847 1839 τὴν
2866 1770 2924 1822 ἐν
2944 1768 3256 1840 ἀνθρώποις
3286 1770 3601 1835 ἐπεδείξατο

1921 1856 2051 1926 περὶ
2115 1855 2196 1922 σὲ,
2257 1856 2352 1909 καὶ
2416 1853 2561 1909 οὕτω
2621 1871 2702 1909 σοι
2755 1856 2931 1910 πάντα
2983 1857 3199 1926 ἀφεῖναι
3257 1856 3540 1914 ἐκέλευσεν
3571 1863 3602 1915 ὀ

1921 1942 2074 2008 Θεός.

1992 2109 2052 2157 ε’.
2094 2101 2227 2157 Ἰδοὺ
2258 2102 2527 2175 προλέγω,
2547 2104 2638 2157 καὶ
2658 2101 3123 2177 διαμαρτύρομαι,
3139 2105 3232 2159 καὶ
3246 2106 3474 2178 λαμπρᾷ
3493 2104 3603 2176 βοῶ

1920 2192 1987 2262 τῇ
2025 2193 2198 2262 φωνῇ,
2239 2188 2427 2261 μηδεὶς
2460 2189 2569 2244 τῶν
2620 2191 2855 2261 ἐχόντων
2886 2192 3081 2263 ἐχθρὸν
3112 2193 3357 2262 προσίτω
3376 2196 3444 2265 τῇ
3480 2194 3603 2265 ἱερᾷ

1919 2278 2170 2351 τραπέζῃ
2211 2279 2304 2331 καὶ
2359 2278 2598 2349 δεχέσθω
2633 2279 2694 2332 τὸ
2725 2280 2887 2350 σῶμα
2927 2279 3022 2333 τοῦ
3073 2281 3282 2351 Κυρίου
3312 2292 3370 2320 ε’
3411 2281 3603 2353 μηδεὶς

1922 2366 2162 2440 προσιὼν
2197 2368 2391 2439 ἐχθρὸν
2426 2368 2617 2439 ἐχέτω.
2663 2368 2887 2441 Ἐχθρὸν
2917 2368 3092 2440 ἔχειςς
3138 2369 3212 2441 μὴ
3254 2369 3599 2442 προσέλθῃς·

1926 2455 2105 2527 βούλει
2137 2456 2494 2528 προσελθεῖν;
2536 2455 2930 2526 καταλλάγηθι,
2980 2457 3075 2509 καὶ
3109 2457 3231 2510 τότε
3286 2456 3603 2529 προσελθὼν

1924 2542 2059 2615 ἆψαι
2079 2545 2173 2598 τοῦ
2209 2544 2376 2617 ἱεροῦ.
2408 2544 2623 2598 Μᾶλλον
2661 2545 2717 2598 δέ
2750 2544 2851 2597 οὑκ
2890 2544 3002 2613 ἐγὼ
3028 2544 3201 2599 ταῦτα
3228 2545 3395 2615 λέγω,
3432 2546 3545 2601 ἀλλ’
3574 2548 3604 2599 6

1923 2632 1989 2687 δι’
2014 2636 2161 2706 ἡμᾶς
2192 2651 2324 2688 σταυ
2336 2634 2527 2705 ρωθεὶς
2554 2635 2830 2704 Δεσπότης
2855 2634 3016 2699 αὑτός
3037 2650 3049 2663 ·
3078 2634 3167 2687 ἵνα
3199 2652 3256 2687 σε
3289 2633 3605 2709 καταλλάξῃ

1924 2722 2002 2793 τῷ
2026 2722 2221 2794 Πατρὶ,
2256 2722 2378 2776 οὑδὲ
2411 2722 2682 2792 σφαγῆναι
2706 2724 3082 2796 παρῃτήσατο,
3109 2722 3229 2775 οὑδὲ
3258 2723 3319 2776 τὸ
3344 2719 3483 2795 αἷμα
3509 2726 3603 2778 ἐκ-

1925 2812 2039 2882 χεῖν
2058 2827 2071 2841 .
2107 2811 2200 2863 καὶ
2232 2810 2296 2863 σὺ
2344 2804 2430 2861 ἵνα
2476 2806 2825 2880 καταλλαγῆς
2855 2809 2935 2880 τῷ
2966 2809 3255 2881 συνδούλῳ,
3307 2811 3426 2865 οὑδὲ
3456 2813 3606 2885 ῥῆμα

1928 2896 2189 2967 προέσθαι
2215 2896 2421 2966 βούλει,
2444 2896 2566 2950 οὑδέ
2601 2898 2866 2967 πρότερος
2891 2898 3299 2968 προσδραμεῖν;
3336 2901 3605 2956 ’Λκουσον
3690 2948 3697 2953 .

1927 2983 1979 3035 τί
2016 3000 2149 3053 φησι
2174 2983 2300 3052 περὶ
2326 2980 2435 3035 τῶν
2467 2979 2609 3035 οὑτω
2640 2983 3002 3054 διακειμένων
3030 3003 3044 3015 ο
3082 2987 3223 3040 Ἐὰν
3259 2987 3606 3058 προσφέρῃς

1930 3071 1995 3125 τὸ
2024 3069 2216 3155 δῶρόν
2245 3087 2362 3124 σου
2386 3069 2483 3123 ἐπὶ
2513 3070 2576 3123 τὸ
2604 3071 3060 3140 θυσιαστήριον,
3094 3075 3270 3129 κάκεῖ
3299 3077 3602 3147 μνησθῇς,

1930 3158 2019 3212 ὅτι
2050 3161 2080 3212 ό
2105 3157 2368 3226 ἀδελφός
2388 3170 2503 3211 σου
2534 3156 2659 3227 ἔχει
2692 3175 2745 3210 τι
2772 3161 2922 3212 κατὰ
2956 3162 3074 3215 σοῦ
3102 3179 3114 3191 ·
3137 3164 3236 3215 οὑκ
3265 3157 3607 3223 εἶπεν,Ἀνά-

1931 3263 2112 3317 μεινον
2141 3247 2348 3299 ἐκεῖνον
2386 3242 2560 3299 ἐλθεῖν
2596 3246 2731 3319 πρὸς
2764 3247 2843 3310 σὲ,
2887 3247 3029 3313 οὐδὲ,
3075 3239 3282 3322 Ἐτέρῳ
3311 3250 3415 3304 τινὶ
3451 3253 3605 3321 μεσί-

1927 3351 1996 3408 τῃ
2033 3333 2377 3405 διαλέχθητι,
2414 3334 2555 3399 οὑδὲ,
2610 3333 2804 3389 Ἀλλον
2832 3336 2951 3390 τινὰ
3000 3340 3382 3410 παρακάλεσον
3409 3380 3423 3405 ,
3465 3341 3602 3405 ἀλλ’,

1928 3422 2101 3486 Αὐτὸς
2136 3423 2200 3475 σὺ
2230 3419 2365 3493 πρὸς
2396 3423 2600 3475 ἐκεῖνον
2628 3422 2803 3493 δράμε
2821 3440 2834 3453 ο
2862 3424 3080 3495 ἰ”παγε
3105 3426 3235 3498 γὰρ,
3271 3428 3424 3498 φησὶ.
3452 3429 3608 3497 “Pd”

1928 3528 2036 3564 τον
2064 3506 2425 3580 διαλλάγηθι
2454 3508 2533 3575 τῷ
2564 3510 2803 3578 ἀδελφῷ
2844 3526 2982 3567 σου.
3020 3515 3082 3565 Ὢ
3120 3515 3219 3586 τῆς
3256 3516 3560 3587 ὑπερϐολῆς
3587 3520 3600 3571 !

1930 3597 2091 3662 αὐτὸς
2125 3598 2223 3668 οὑχ
2254 3599 2467 3668 ἡγεῖται
2487 3598 2709 3668 ἀτιμίαν
2740 3595 2897 3664 εἶναι,
2923 3600 3015 3653 τοῦ
3047 3600 3220 3672 δώρου
3253 3603 3605 3673 καταλιμπα-

1929 3686 2179 3757 νομένου,
2213 3686 2306 3738 καὶ
2329 3685 2393 3739 σὺ
2416 3684 2661 3755 νομίζεις
2678 3686 2836 3757 ὓϐριν
2859 3684 2996 3741 εἶναι
3019 3688 3079 3740 τὸ
3110 3690 3374 3762 πρότερος
3397 3686 3418 3728 ί
3451 3690 3609 3746 ἐπελ-

1926 3774 2045 3825 θεῖν
2075 3774 2169 3825 καὶ
2212 3772 2656 3843 καταλλαγῆναι;
2702 3775 2810 3826 Καὶ
2838 3773 2941 3827 ποῦ
2976 3775 3152 3829 ταῦτα
3195 3776 3323 3841 ἄξια
3362 3779 3609 3846 συγγνώ-

1932 3877 2063 3930 μης,
2095 3859 2217 3912 εἰπέ
2254 3876 2380 3928 μοις
2424 3860 2551 3911 Ἐἀν
2584 3859 2698 3929 ἴδῃς
2728 3877 2821 3911 σου
2860 3861 3021 3929 μέλος
3062 3862 3501 3933 ἐκτετμημένον,
3544 3865 3607 3917 ού

1930 3948 2111 4000 πάντα
2146 3949 2339 4009 ποιεῖς,
2373 3945 2513 3997 ὥστε
2539 3946 2671 3997 αὑτὸ
2703 3945 2907 3998 ἐνῶσαι
2932 3946 3009 4016 τῷ
3040 3946 3283 4017 σώματις
3325 3949 3495 4003 Τοῦτο
3514 3954 3607 4005 καὶ

1931 4038 2024 4090 ἐπὶ
2050 4034 2158 4088 τῶν
2196 4033 2442 4101 ἀδελφῶν
2471 4032 2694 4103 ποίησον
2715 4049 2727 4062 ⁸
2761 4034 2889 4086 ὅταν
2920 4034 3034 4104 ἴδῃς
3069 4036 3269 4099 αὑτοὺς
3305 4038 3606 4110 ἐκτμηθέν-

1930 4143 2029 4190 τας
2059 4142 2151 4177 σου
2188 4122 2288 4192 τῆς
2334 4121 2537 4190 φιλίας,
2590 4121 2929 4192 περιστεῖλαι
2976 4122 3211 4176 σπεῦσον
3256 4125 3487 4194 ταχέως,
3531 4127 3607 4198 μὴ

1932 4213 2229 4286 προτέρους
2258 4214 2282 4252 ε
2312 4210 2611 4281 ἀναμείνῃς
2645 4210 2889 4275 ἐκείνους
2916 4210 3111 4277 ἐλθεῖν,
3136 4211 3252 4266 ἀλλ’
3279 4213 3440 4277 αὑτὸς
3470 4215 3607 4285 πρὸ·

1932 4318 2087 4372 τερος
2113 4298 2395 4370 ἐπείχθητι
2425 4298 2608 4351 λαϐεῖν
2631 4298 2697 4352 τὰ
2725 4297 2971 4370 βραδεῖα.

2005 4463 2141 4515 Ἕνα
2168 4462 2326 4532 μόνον
2353 4460 2545 4532 ἐχθρὸν
2570 4460 2968 4533 ἐκελεύσθημεν
3010 4463 3035 4516 ἔ
3039 4479 3154 4533 χειν
3217 4464 3308 4517 τὸν
3330 4464 3606 4519 διάϐολονο

1936 4552 2072 4623 πρὸς
2095 4551 2254 4604 αὑτὸν
2285 4551 2556 4621 μηδέποτε
2588 4549 2980 4616 καταλλάττου,
3012 4549 3149 4622 πρὸς
3176 4551 3233 4605 δὲ
3260 4551 3351 4606 τὸν
3381 4553 3610 4622 ἀδελφὸν

1940 4638 2209 4709 μηδέποτε
2247 4636 2388 4689 κατὰ
2428 4637 2655 4707 καρδίας
2680 4638 2707 4677 ιι
2734 4637 2988 4707 ἀπεχθῶς
3021 4636 3135 4708 ἔχε,
3160 4637 3297 4692 ἀλλά
3318 4639 3424 4693 κᾶν
3449 4640 3611 4713 γένη-

1936 4726 2025 4779 ταί
2057 4743 2141 4788 τις
2170 4723 2527 4795 μικροψυχία,
2554 4726 2829 4796 ἐφήμερος
2856 4724 2995 4796 αὕτη
3025 4727 3185 4796 μόνον
3219 4725 3380 4790 ἔστω,
3417 4729 3511 4781 καὶ
3533 4729 3609 4800 μὴ

1935 4812 2310 4884 ὑπερϐαινέτω
2335 4812 2396 4865 τὸ
2429 4812 2705 4883 διάστημα
2735 4813 2835 4882 τῆς
2871 4813 3114 4883 ἡμέραςο
3162 4812 3226 4866 Ὀ
3272 4811 3447 4879 ἥλιος
3476 4813 3606 4885 γάρ,

1937 4905 2093 4975 φησὶ,
2136 4901 2221 4971 μὴ
2255 4901 2544 4955 ἐπιδυέτω
2578 4901 2676 4955 ἐπὶ
2730 4899 2810 4965 τῷ
2867 4899 3253 4971 παροργισμῷ
3288 4900 3475 4968 ὑμῶν.
3512 4902 3610 4956 Ἂν

1940 4992 2038 5063 μὲν
2071 4991 2181 5062 γάρ
2215 4990 2321 5061 πρὸ
2361 4990 2459 5060 τῆς
2489 4990 2730 5060 ἑσπέρας
2757 4988 3123 5058 καταλλαγῇς,
3171 4987 3313 5059 ἔχεις
3357 4987 3467 5043 ἀπὸ
3513 4988 3610 5046 τοῦ

1936 5080 2072 5134 Θεοῦ
2105 5097 2227 5133 τινα
2262 5076 2592 5147 συγγνώμην
2612 5092 2624 5105 ·
2649 5075 2716 5131 ἂν
2745 5075 2803 5128 δὲ
2848 5076 3164 5146 περαιτέρω
3209 5075 3379 5148 μένῃς
3418 5077 3612 5149 ἐχθρὸς

1936 5170 2033 5232 ῶν,
2052 5169 2234 5223 οὐκέτι
2259 5165 2433 5237 θυμοῦ
2457 5166 2548 5219 καὶ
2574 5165 2744 5235 ὀργῆς
2775 5163 3250 5236 συναρπαζούσης,
3282 5164 3420 5219 ἀλλά
3440 5181 3611 5237 πονη-

1942 5258 2060 5328 ρίας
2093 5257 2241 5310 ἐστὶν
2279 5257 2313 5327 ἡ
2363 5251 2627 5323 ἀπέχθεια
2658 5252 2754 5304 καὶ
2807 5250 2986 5322 ψυχῆς
3033 5254 3237 5323 μιαρᾶς
3269 5252 3362 5306 καὶ
3408 5250 3610 5307 κακίαν

3404 5411 3610 5461 ώσοντειι

1999 5428 2026 5457 α
2051 5428 2185 5467 Unus
2204 5428 2358 5465 couex
2383 5428 2805 5474 καταγελάσονται,
2825 5430 2906 5461 και
2926 5428 3037 5461 ουοε
3055 5430 3205 5468 ουτως
3225 5428 3608 5473 καταγνώσονται

1939 5486 2020 5539 τῆς
2050 5480 2363 5538 καταλλαγῆς.
2392 5475 2503 5524 Sav.
2547 5474 3078 5539 xatg7s).o':aowa_:,_xal
3102 5474 3210 5522 οὐδὲ
3234 5474 3384 5528 οὕτως
3406 5468 3608 5535 άφιστάο

1939 5536 2089 5599 μενος.
2115 5536 2284 5589 Morel.
2310 5554 2483 5600 καταγ.
2502 5537 2583 5584 καὶ
2606 5536 2715 5584 οὑδὲ
2737 5537 2888 5592 οὕτως
2909 5537 3179 5600 ἀφίσταται.

2000 5607 2024 5635 ε
2053 5604 2178 5652 Vide
2199 5608 2360 5649 nolam
2385 5599 2621 5649 Latinam.

2007 5665 2026 5705 τ
2050 5666 2145 5716 Alii
2168 5664 2407 5728 πρότερον.

2005 5715 2486 5785 βεσιί1.ὀῡῐίι·ἱηηβ,
2516 5721 2830 5785 περίστειλον,
2866 5721 3061 5785 ἔνωσον,
3091 5717 3154 5780 μή
3171 5732 3269 5785 λῳ.
3300 5715 3439 5768 Em.

2004 5783 2031 5858 μ’
2054 5790 2190 5841 Κατά
2211 5785 2403 5850 καρδίας
2424 5784 2565 5833 deesl
2583 5778 2638 5831 'in
2659 5778 2954 5833 8ανὶ1.’θιὶη
2976 5794 3075 5831 uno
3094 5778 3285 5830 bodi“.

1999 5416 2026 5457 ἀ
2048 5417 2185 5467 Unus
2204 5416 2358 5465 codex
2383 5412 2805 5474 καταγελάσονται,
2825 5413 2906 5461 καὶ
2926 5413 3037 5461 οὖδέ
3055 5414 3205 5468 οὕτως
3225 5429 3317 5461 κατ
