4068 6448
254 453 360 512 205

255 567 542 624 invadente
584 568 686 622 ista
727 564 972 622 simultas
997 605 1012 631 ,
1042 564 1136 619 sed
1184 579 1267 619 er
1294 562 1493 619 malitia
1517 607 1534 632 ,
1559 578 1625 620 ac
1669 573 1851 620 mente

255 661 537 725 scelerata,
565 667 621 714 et
643 658 902 714 scelerum
930 653 1266 712 meditatriee
1294 656 1553 710 exoritur.
1577 653 1695 710 Non
1721 654 1851 710 illud

257 752 431 806 Solum
455 763 617 820 grave
645 756 756 811 est,
786 747 1009 817 quethe
1036 747 1188 802 venia
1215 746 1433 816 Spolias,
1465 746 1560 803 sed
1585 747 1725 816 quod
1750 746 1855 801 dif—

261 843 535 898 ﬁciliorem
578 841 669 895 tibi
714 839 895 895 reddis
933 854 1088 895 usum
1136 838 1436 894 istiusmodi
1463 839 1672 893 virtutis
1697 854 1852 894 exer-

258 934 443 989 cenda:
468 953 480 987 :
506 948 629 986 nam
646 947 749 987 una
769 932 855 987 die
874 932 1052 1002 elapsa
1078 930 1381 1002 grandescit
1403 931 1606 998 vitium,
1630 941 1855 1001 augetur

257 1038 328 1079 ex
373 1022 604 1078 secunda
654 1022 741 1077 die
770 1042 784 1078 :
809 1021 950 1091 quod
994 1021 1042 1076 si
1082 1021 1236 1076 tertia
1260 1031 1329 1075 et
1357 1029 1545 1091 quarta
1569 1021 1857 1076 accesserit

260 1119 345 1172 lux
375 1158 394 1182 ,
421 1115 648 1171 addetur
689 1116 891 1185 quinta.
924 1114 1132 1169 Rursus
1178 1113 1411 1183 quinque
1455 1113 1588 1168 ﬁunt
1624 1111 1809 1167 decem
1834 1154 1850 1178 ,

256 1212 449 1266 decem
471 1216 648 1265 autem
680 1208 886 1278 viginti,
916 1206 1098 1277 viginti
1129 1215 1343 1261 centum
1361 1247 1377 1273 ,
1405 1219 1468 1260 ac
1498 1206 1555 1259 in
1580 1214 1861 1275 posterum

261 1304 453 1357 vulnus
478 1302 698 1357 omnino
727 1299 1112 1356 immedicabile
1136 1308 1218 1355 est
1240 1315 1253 1351 :
1277 1306 1334 1354 et
1354 1308 1555 1368 quanto
1583 1298 1700 1367 plus
1723 1307 1882 1361 tem-,

265 1395 409 1462 poris
432 1393 757 1463 adjungitur,
794 1400 940 1446 tanto
968 1391 1135 1461 magis
1161 1389 1512 1460 disjungitnur
1535 1387 1851 1444 intervallis.

257 1489 405 1541 Cave
445 1485 574 1551 tibi,
609 1483 771 1538 homo
791 1522 811 1548 ,.
840 1483 908 1537 ab
946 1482 1061 1536 istis
1100 1480 1496 1536 irrationalibus
1536 1478 1855 1542 aﬂ'cctibus.

259 1594 434 1648 neque
460 1576 729 1647 pudetias,
760 1591 938 1645 neque
962 1574 1269 1640 erubescas,
1295 1589 1467 1644 neque
1494 1574 1563 1628 ita
1589 1574 1808 1644 loquare
1837 1590 1853 1627 :

259 1670 418 1726 Modo
456 1670 593 1724 inter
643 1683 740 1722 nos
780 1667 935 1722 rixnti
980 1681 1205 1731 sumus,
1239 1664 1392 1720 fanda
1443 1674 1602 1735 atque
1640 1663 1855 1719 infanda

262 1761 501 1818 diximus
552 1762 831 1815 innumera
865 1777 878 1813 :
908 1773 971 1813 ac
1020 1758 1201 1813 statim
1249 1757 1316 1812 ad
1369 1756 1857 1812 reconciliationem

259 1855 573 1910 accurrunt?
602 1853 721 1923 quis
768 1868 874 1907 non
915 1850 1239 1922 vituperabit
1280 1865 1456 1906 meam
1509 1849 1853 1905 facilitatem?

262 1947 432 2001 Nemo
476 1945 730 2000 cordatus
779 1943 1050 1998 damnabit
1099 1951 1241 1997 tuam
1285 1941 1633 2007 foeditatem,
1665 1942 1758 1997 sed
1811 1942 1857 1997 si

263 2037 524 2093 manseris
546 2034 916 2106 implacabilis,
932 2045 1055 2089 tum
1083 2043 1136 2089 te
1160 2049 1348 2089 omnes
1374 2034 1725 2101 irridebunt,
1744 2042 1859 2088 tum

263 2143 512 2199 magnum
562 2126 715 2183 dabis
756 2127 971 2181 diabolo
1008 2126 1237 2196 spatium
1269 2143 1283 2180 :
1313 2142 1417 2181 non
1448 2126 1591 2181 enim
1626 2135 1857 2181 ear-tem-

265 2236 397 2292 pore
423 2221 594 2275 solum
639 2216 918 2274 difﬁcilior-
937 2219 1025 2273 liet
1055 2219 1418 2275 reconciliatio
1439 2261 1454 2286 ,
1480 2219 1574 2275 sed
1603 2235 1668 2274 ex
1699 2220 1859 2275 rebus

266 2319 466 2371 interea
514 2313 899 2369 oborientibus.
934 2312 1004 2369 Ut
1027 2311 1226 2367 Caritas
1268 2314 1431 2383 aperit
1481 2311 1861 2367 multitudinem

268 2418 588 2478 peccatorum
619 2406 697 2477 (i.
731 2405 846 2461 Pet.
874 2407 929 2461 4.
961 2407 1052 2478 8),
1083 2406 1151 2460 ita
1184 2405 1458 2460 inimicitia
1484 2420 1547 2461 ea
1569 2446 1584 2472 ,
1614 2421 1732 2475 qua:
1762 2404 1858 2460 de-

268 2503 376 2557 licti
408 2509 649 2556 naturam
678 2514 785 2554 non
811 2498 1008 2554 habent
1030 2539 1051 2566 ,
1077 2496 1271 2554 delicta
1303 2496 1466 2553 facit:
1490 2496 1627 2552 adeo
1654 2506 1716 2552 ut
1742 2510 1861 2551 om-

266 2608 367 2649 nes
391 2592 584 2648 deinde
610 2591 1004 2659 criminatores,
1034 2590 1123 2662 qui
1147 2589 1217 2645 de
1236 2588 1428 2645 alienis
1452 2588 1605 2644 malis
1628 2587 1861 2660 gaudent

262 2694 321 2739 et
344 2685 569 2739 aliorum
597 2684 722 2738 vitia
749 2683 1064 2748 traducunt,
1096 2681 1254 2736 ﬁdem
1283 2680 1424 2751 apud
1452 2680 1751 2735 istiusmodi
1781 2680 1863 2734 in—

264 2777 501 2830 veniant.
526 2776 646 2829 istis
666 2775 826 2845 igitnr
837 2772 1086 2843 cognitis,
1109 2786 1425 2840 praeoccupa
1450 2769 1857 2835 fratrem,eum-

265 2881 372 2936 que
396 2866 576 2920 detine
599 2903 615 2928 ,
645 2865 957 2933 priusquam
983 2862 1193 2931 penitus
1216 2860 1635 2926 resiliat,.etiam
1658 2860 1713 2914 si
1726 2874 1864 2927 opus

264 2961 357 3023 sit,
385 2969 445 3013 ut
465 2972 532 3013 eo
556 2957 643 3012 die
669 2956 976 3011 universam
1003 2954 1273 3009 civitatem
1296 2967 1598 3023 percurras,
1628 2953 1797 3007 etiam
1815 2953 1873 3006 si

264 3058 417 3103 extra
448 3048 644 3103 muenia
668 3045 1200 3118 pergendumetiam
1220 3045 1263 3098 si
1283 3045 1501 3113 longum
1521 3043 1622 3099 iter
1639 3057 1865 3112 carpen-

265 3141 418 3203 dum;
447 3138 647 3193 relictis
670 3136 1069 3206 omnibusque
1094 3134 1149 3190 in
1170 3134 1418 3189 manibus
1443 3142 1589 3202 sunt,
1619 3133 1669 3188 id
1700 3150 1864 3189 unum

266 3246 420 3295 cura,
447 3238 506 3284 ut
528 3245 648 3285 eum
677 3228 843 3284 fratre
866 3228 1253 3284 reconcilieris.
1285 3227 1441 3295 Quod
1468 3228 1512 3282 si
1540 3228 1765 3283 arduum
1797 3228 1867 3282 sit

268 3324 566 3393 negotium,
595 3324 769 3394 cogita
797 3322 936 3394 quod
963 3324 1037 3378 ob
1064 3324 1233 3380 Deum
1262 3324 1386 3378 talia
1414 3325 1635 3394 pateris,
1667 3332 1724 3379 et
1749 3325 1864 3394 ple-

269 3431 399 3471 nam
444 3417 711 3487 percipies
735 3416 1156 3471 consolationem
1182 3433 1196 3470 :
1224 3415 1565 3486 animamque
1591 3414 1864 3471 subterfu-

269 3507 527 3578 gientem,
560 3507 1020 3572 reformidantcm,
1053 3506 1457 3563 erubescentem
1488 3508 1682 3571 excita,
1710 3509 1866 3578 eiqne

269 3600 522 3655 continuo
562 3601 660 3655 ista
689 3600 872 3655 accine
901 3617 915 3654 :
945 3599 1084 3666 Quid
1109 3599 1326 3654 cessas?
1353 3600 1480 3668 quid
1508 3598 1866 3669 subterfugis?

269 3694 394 3765 quid
415 3693 714 3748 detractas?
730 3708 833 3746 non
852 3693 920 3747 de
936 3691 1371 3763 peeunia,nondc
1382 3691 1501 3745 aliis
1512 3691 1670 3746 ﬂuxis
1681 3693 1889 3759 rebus,.

270 3786 365 3841 sed
381 3787 450 3842 de
471 3795 649 3840 nostra
674 3786 908 3855 ipsorum
931 3784 1104 3840 salute
1127 3785 1321 3855 agitur.
1343 3785 1491 3839 Deus
1504 3785 1602 3843 ista
1626 3783 1869 3840 facienda

274 3881 533 3951 prrccipit,
548 3880 722 3935 omnia
738 3880 898 3950 igitur
914 3878 1057 3936 illius
1068 3878 1754 3949 mandatis-postponantur.
1775 3878 1871 3932 Est

274 3974 363 4028 bic
391 3973 605 4044 quidam
631 3972 922 4043 spiritualis
960 3980 1231 4027 mercatus
1260 3988 1274 4026 :
1307 3985 1376 4025 ne
1404 3978 1768 4037 cunctatores,
1801 3985 1871 4026 ne

274 4067 407 4121 lenti
435 4067 621 4133 simus;
639 4066 897 4135 intelligat
920 4065 1167 4121 inimicus
1183 4079 1429 4136 magnam
1456 4078 1487 4118 a
1509 4064 1664 4119 nobis
1685 4076 1871 4118 curam

275 4160 593 4226 aelbibitam,
623 4170 679 4213 ut
698 4160 892 4215 divinis
919 4159 1127 4230 piacitis
1149 4172 1248 4214 nos
1274 4152 1693 4229 attémperemus
1717 4175 1730 4211 :
1756 4156 1870 4212 sive

274 4253 831 4308 denuo'contumclias
859 4249 1093 4318 inferat,
1123 4250 1237 4306 sive
1264 4251 1555 4317 verberet,
1586 4249 1700 4304 sive
1744 4247 1872 4318 quid

278 4344 420 4397 aliud
444 4344 687 4398 acerbius
716 4341 894 4407 faciat,
917 4343 1096 4397 omnia
1124 4342 1356 4397 feramus
1380 4354 1660 4411 generose,
1690 4348 1875 4409 utpote

278 4437 367 4507 qui
399 4452 501 4491 non
531 4446 735 4491 tantum
768 4436 867 4503 illi,
898 4447 1153 4507 quantum
1182 4434 1583 4505 nobismetipsis
1608 4435 1874 4504 gratiﬁce-

281 4546 436 4596 l'lllll‘;
467 4546 576 4601 pra:
603 4532 852 4586 omnibus
877 4531 1161 4586 virtutibus
1191 4529 1241 4584 id
1273 4529 1338 4584 ad
1363 4529 1624 4600 majorem
1662 4544 1873 4584 merce-

280 4623 403 4679 dem
435 4624 588 4679 nobis
618 4623 965 4693 imputabitur
995 4622 1048 4677 in
1077 4622 1303 4678 illo-die.
1334 4621 1494 4677 Multa
1516 4620 1871 4692 deliquimus,

283 4715 337 4768 in
367 4715 573 4785 magnis
596 4713 917 4769 offendimus
937 4755 951 4779 ,
980 4721 1035 4768 et
1065 4713 1345 4769 Dominum
1372 4722 1614 4767 nostrum
1646 4711 1875 4767 irritavi-

283 4820 434 4871 tnus;
460 4805 607 4861 dedit
630 4821 696 4860 cx
724 4821 820 4860 sua
852 4805 1179 4860 humanitate
1220 4805 1357 4860 banc
1386 4804 1527 4859 viam
1556 4804 1872 4860 reconcilia-

284 4898 448 4952 tionis
477 4916 489 4952 :
519 4913 588 4952 ne
618 4897 781 4968 igitur
803 4896 1113 4952 deseramus
1156 4896 1298 4952 hunc
1327 4895 1609 4967 pulchrum
1654 4896 1874 4952 thesau-

285 5004 425 5042 rum.
457 4988 723 5059 Numquid
755 5002 860 5042 non
890 4987 943 5042 in
975 4986 1119 5042 illius
1145 4996 1410 5057 potestate
1435 4987 1552 5054 fuit,
1584 4987 1877 5058 pratcipere

286 5082 778 5137 reconciliationem
815 5080 934 5136 sine
970 5080 1075 5135 ulla
1128 5080 1396 5150 proposita
1438 5080 1687 5136 mercede
1706 5079 1874 5134 t'Non

286 5172 427 5226 enim
456 5179 540 5226 est
566 5171 653 5242 qui
680 5172 779 5242 ipsi
809 5170 1175 5238 contradicat,
1207 5178 1298 5226 aut
1334 5171 1424 5242 qui
1462 5171 1576 5240 ejus
1612 5179 1876 5241 prmeepta

287 5263 546 5332 corrigat;
573 5270 804 5318 attamen
826 5278 891 5319 ex
918 5262 1084 5317 multa
1106 5276 1201 5317 sua
1228 5260 1549 5333 benignitate
1576 5263 1898 5319 mercedem.

290 5354 444 5408 IIOltiS
471 5355 756 5426 spopondit
795 5365 851 5411 et
873 5370 1119 5426 magnam
1149 5364 1202 5409 et
1227 5355 1551 5410 ineii‘abilem
1579 5396 1592 5421 ,
1617 5365 1672 5412 et
1720 5371 1878 5425 quam

289 5449 521 5502 maxime
534 5447 1184 5516 desideramus,.nimirum
1198 5448 1405 5504 veniam
1427 5458 1735 5503 nostrorum
1751 5464 1879 5519 pec-

289 5547 552 5605 catorum,
575 5549 624 5594 et
643 5537 781 5594 bane
808 5539 1209 5610 obsequentium
1232 5540 1388 5596 nobis
1403 5538 1710 5596 facillimam
1732 5541 1876 5598 fecit.

365 5631 417 5688 6.
448 5630 617 5699 Quam
658 5632 817 5702 igitur
838 5631 1046 5687 veniam
1072 5632 1385 5688 habebimus
1408 5673 1422 5699 ,
1445 5649 1567 5689 cum
1597 5642 1653 5689 et
1677 5642 1879 5688 tantum

294 5723 496 5793 prmmii
518 5721 786 5793 accepturi
811 5764 827 5790 ,
857 5736 926 5778 ne
948 5722 1025 5778 sic
1052 5723 1271 5794 quidem
1297 5723 1645 5795 obseqnimur
1672 5726 1883 5795 legisla-

204 5856 211 5861 .
294 5813 396 5867 tori
422 5854 438 5878 ,
460 5813 553 5869 sed
583 5813 933 5884 perdurantus
959 5813 1013 5870 in
1047 5830 1112 5871 eo
1140 5817 1493 5886 contemptu?
1523 5817 1673 5885 Quod
1703 5827 1882 5872 autem

299 5912 633 5974 wtitcmptus
659 5906 766 5974 sit,
795 5904 917 5961 ltinc
955 5913 1119 5977 patet.
1149 5906 1203 5964 Si
1244 5906 1413 5978 legem
1454 5907 1747 5980 imperator
1776 5917 1886 5966 sta-

1146 451 1238 507 AD
1277 449 1604 509 POPULUM
1643 448 2131 508 ANTIOCIIENUM
2196 450 2428 509 11031113.
2470 452 2586 508 XX.

3443 453 3575 510 206’"

1962 564 2173 633 tuisset,
2205 575 2265 622 ut
2288 582 2478 623 omnes
2508 567 2709 623 inimici
2735 569 2789 621 in
2810 566 3318 637 gratiamrredireut,
3347 578 3439 623 aut
3457 584 3550 624 ca-

1958 656 2070 727 pite
2097 656 2455 728 plecterentur
2484 675 2498 711 :
2530 672 2733 733 anpnon
2759 673 2948 714 omnes
2981 658 3298 715 festinarent
3331 656 3399 713 ad
3428 674 3550 713 mu-

1963 757 2082 804 tuas
2109 749 2575 805 reconciliationes
2590 751 2613 805 ‘t
2630 749 2743 820 Ego
2767 749 2981 821 quidem
3003 750 3081 805 sie
3105 750 3363 805 arbitror.
3379 749 3548 819 Quam

1959 841 2168 895 veniam
2219 840 2381 911 igitur
2419 840 2761 906 habebimus,
2787 855 2908 896 cum
2936 840 3364 896 netantumdem
3392 854 3549 896 reve-

1950 932 2148 993 rentia:
2174 932 2471 988 tribuamus
2499 932 2745 1000 Domino,
2774 941 3029 1003 quantum
3054 932 3330 988 conservis
3350 936 3551 988 nostris

1961 1024 2275 1078 tribuimus?
2302 1023 2382 1079 Ob
2403 1023 2506 1079 boc
2536 1025 2708 1095 ipsum
2732 1023 2869 1094 jussi
2892 1024 3321 1080 sumusvdieere‘:
3344 1023 3557 1079 Dimitte

1961 1114 2103 1170 nobis
2137 1114 2301 1170 debita
2328 1125 2504 1170 nostra
2522 1157 2537 1181 ,
2569 1119 2697 1171 sicut
2725 1125 2770 1170 et
2804 1132 2898 1171 nos
2924 1116 3223 1171 dimittimus
3248 1115 3554 1172 debitoribus

1961 1206 2143 1260 nostri:
2167 1206 2376 1280 (Matth.
2406 1207 2465 1262 6.-
2494 1207 2607 1279 19).

2033 1299 2477 1356 Reconciliationis
2529 1300 2730 1355 modus.
2759 1329 2833 1342 -—-
2859 1299 2998 1369 Quid
3055 1315 3122 1356 eo
3175 1301 3356 1355 mitius
3383 1341 3399 1368 ,
3426 1301 3552 1371 quid

1961 1396 2294 1450 mansuetius
2320 1396 2623 1467 praecepto}
2642 1394 2719 1451 Te
2727 1394 2964 1465 judicem
2993 1393 3187 1449 fecitin
3210 1394 3569 1450 eondonatio—-

1962 1504 2029 1542 ne
2055 1498 2265 1544 tuorum
2287 1489 2593 1555 criminum;
2622 1489 2668 1543 si
2697 1504 2866 1559 pauca
2894 1488 3143 1557 dimittis,
3173 1503 3345 1561 pauca
3373 1488 3552 1543 dimit-

1964 1588 2147 1634 tuntur
2174 1597 2188 1633 :
2221 1580 2268 1634 si
2314 1580 2465 1650 plura
2514 1579 2774 1646 dimittis,
2800 1580 2954 1651 plura
2998 1579 3338 1635 dimittuntur
3365 1596 3381 1634 :
3414 1579 3459 1635 si
3487 1594 3551 1635 ex

1961 1670 2124 1727 corde
2168 1670 2393 1726 dimittis
2440 1679 2497 1726 et
2541 1672 2791 1738 sincere,
2824 1670 3015 1727 eodem
3069 1679 3225 1740 pacto
3269 1670 3364 1727 tibi
3415 1669 3556 1725 Deus

1961 1762 2188 1817 remittit
2215 1780 2229 1817 :
2252 1764 2301 1818 si
2325 1771 2520 1831 printer
2538 1763 2750 1819 veniam
2775 1762 2953 1818 datam
2975 1763 3137 1818 etiam
3158 1778 3280 1819 eum
3305 1777 3405 1834 pro
3422 1764 3561 1817 amio

1961 1870 2026 1911 co
2052 1856 2277 1923 habeas,
2290 1855 2661 1912 eodem-modo
2689 1871 2815 1927 erga
2846 1865 2897 1912 te
2922 1857 3064 1913 Deus
3090 1855 3356 1911 afficietur
3380 1873 3394 1909 :
3420 1855 3558 1911 adeo

1963 1957 2020 2001 ut
2060 1958 2263 2017 quanto
2309 1947 2479 2018 magis
2507 1947 2628 2017 quis
2655 1946 2911 2003 adversus
2942 1957 2994 2003 te
3039 1947 3374 2018 peccaverit,
3407 1956 3579 2002 tanto-

1963 2039 2131 2110 magis
2150 2040 2242 2095 tibi
2264 2038 2330 2094 ad
2353 2040 2840 2095 reconciliationem
2866 2039 3260 2111 properandum
3282 2038 3370 2103 sit,
3388 2052 3557 2109 quan-

1963 2129 2252 2202 doquidcm
2283 2131 2398 2201 ipse
2427 2130 2531 2186 hoc
2560 2139 2717 2202 pacto
2754 2131 2805 2186 in
2836 2146 2998 2187 causa
3023 2136 3144 2199 est,
3173 2140 3231 2185 ut
3261 2130 3416 2186 nobis
3440 2143 3555 2184 ma-

1957 2223 2077 2293 jura
2099 2224 2327 2279 crimina
2343 2224 2732 2279 condonentur.
2761 2224 2852 2279 Vis
2872 2238 3196 2294 cognoscere
3217 2221 3417 2277 nullam
3438 2236 3558 2277 esse

1963 2314 2172 2370 veniam
2198 2315 2375 2381 nobis,
2404 2315 2448 2369 si
2474 2330 2741 2370 memores
2768 2315 2936 2370 simus
2966 2315 3186 2379 irarum,
3211 2328 3387 2384 neque
3413 2326 3563 2381 esse,

1964 2410 2052 2480 qui
2077 2424 2192 2475 nos,
2221 2410 2266 2464 si
2294 2410 2428 2465 tales
2453 2410 2640 2477 simus,
2658 2408 3046 2480 eripiat?Quod
3072 2408 3192 2464 dico
3218 2405 3587 2462 manifestum.

1966 2503 2175 2557 iaciam.
2205 2502 2369 2558 Laesit
2394 2510 2446 2556 te
2469 2503 2755 2572 proximus
2776 2543 2789 2566 ,
2819 2501 2958 2555 bona
2990 2500 3207 2570 rapuit,
3231 2497 3559 2569 publicavit,

1965 2592 2262 2659 fraudavit;
2293 2608 2401 2647 non
2430 2591 2562 2647 illud
2591 2592 2766 2648 solum
2797 2590 2956 2659 dico,
2983 2589 3078 2646 sed
3102 2598 3158 2645 et
3181 2589 3283 2643 alia
3323 2587 3408 2643 bis
3446 2601 3563 2643 ma-

1961 2685 2080 2753 jora
2110 2684 2369 2754 adiungo,
2397 2692 2453 2740 et
2479 2692 2907 2754 quantacumque
2932 2682 3148 2738 tandem
3177 2681 3258 2736 vis
3281 2698 3295 2733 :
3316 2677 3593 2735 occideres

1969 2790 2022 2834 te
2051 2779 2256 2844 voluit,
2288 2789 2551 2834 sexcenta
2573 2779 2808 2849 pericula
2842 2777 2935 2833 tibi
2961 2776 3192 2842 obtulit,
3216 2774 3363 2830 omni
3400 2784 3453 2830 te
3477 2774 3561 2829 in-

1963 2872 2101 2942 juria
2128 2872 2286 2938 laesit,
2316 2881 2372 2926 et
2400 2870 2531 2926 nihil
2562 2871 2781 2926 omnino
2812 2868 3170 2940 improbitatis
3206 2868 3453 2923 humana:
3476 2866 3564 2922 in~

1971 2969 2229 3017 tentatum
2252 2961 2468 3032 reliquit
2495 2962 2535 3015 ⁸.
2568 2960 2645 3016 Ne
2671 2965 2813 3015 enim
2843 2962 3023 3015 omnia
3050 2960 3317 3031 sigillatim
3347 2974 3585 3030 percur-r

1969 3067 2171 3117 ramus,
2203 3066 2343 3122 pone
2370 3062 2517 3107 tanta
2542 3051 2714 3121 ipsum
2748 3062 2800 3106 te
2834 3050 3078 3106 aﬂ‘ecisse
3103 3051 3294 3120 injuria
3317 3092 3333 3117 ,
3364 3057 3565 3120 quanta
3592 3088 3600 3095 .

1971 3145 2148 3200 nullus
2177 3159 2429 3215 umquam
2455 3158 2777 3215 quemquam
2803 3142 2981 3198 affecit
3009 3160 3022 3196 :
3053 3158 3122 3198 ne
3149 3143 3223 3197 ita
3250 3141 3488 3212 quidem,
3517 3142 3567 3195 si

1971 3237 2105 3292 iram
2135 3235 2405 3304 retineas,
2431 3235 2587 3291 venia
2615 3235 2809 3306 dignus
2833 3234 2960 3291 eris.
2987 3234 3104 3303 Quo
3133 3241 3289 3304 pacto
3325 3234 3377 3289 id
3421 3232 3514 3288 ﬁat
3540 3275 3556 3301 ,
3590 3286 3595 3289 _

1970 3344 2071 3399 ego
2099 3329 2292 3385 dicam.
2338 3326 2395 3385 Si
2424 3342 2614 3384 servus
2641 3336 2765 3382 tuus
2783 3326 2878 3383 tibi
2899 3327 2966 3381 ad
2992 3335 3211 3381 centum
3233 3340 3425 3380 aureos
3457 3325 3559 3380 ob-

1970 3432 2167 3478 atratus
2182 3430 2345 3489 esset,
2363 3422 2449 3478 cui
2471 3421 2606 3476 aiius
2632 3435 2829 3492 paucos
2845 3429 3126 3491 argenteos
3154 3419 3393 3484 deberet,
3413 3418 3566 3490 isque
3582 3440 3603 3454 κ

1970 3514 2133 3569 debiti
2159 3514 2605 3570 condonationem
2633 3513 2924 3585 ﬂagitasset
2945 3532 2958 3567 :
2982 3514 3025 3567 si
3050 3520 3107 3567 tu
3134 3511 3325 3567 deinde
3350 3526 3564 3567 servum

1965 3606 2219 3677 jussisses
2246 3605 2543 3663 debitorem
2568 3622 2726 3664 suum
2758 3605 3082 3677 obligatione
3113 3606 3376 3670 liberare,
3407 3613 3567 3675 teque

1972 3699 2048 3753 illi
2076 3698 2312 3754 vicissim
2342 3698 2508 3754 debiti
2545 3697 2669 3763 sui,
2697 3697 2841 3769 quod
2883 3706 2966 3752 est
3002 3707 3217 3752 centum
3243 3712 3565 3761 aureorum,

1971 3789 2197 3858 gratiam
2240 3787 2417 3844 facere
2441 3830 2457 3856 ,
2489 3789 2642 3859 isque
2683 3787 2881 3843 deinde
2905 3829 2920 3854 ,
2955 3797 3017 3842 ut
3054 3788 3334 3859 impudens
3370 3795 3425 3841 et
3468 3786 3567 3841 im—

1976 3877 2179 3947 probus
2198 3917 2218 3946 ,
2244 3876 2543 3933 debitorem
2584 3892 2740 3933 suum
2769 3877 3126 3947 strangularet
3146 3918 3160 3942 ,
3192 3893 3258 3931 an
3302 3876 3565 3947 quispiam

1976 3969 2124 4023 illum
2149 3984 2180 4025 e
2203 3970 2308 4024 tuis
2327 3970 2575 4025 manibus
2595 3969 2884 4025 eximeret?
2903 3984 3082 4023 annon
3112 3969 3368 4037 plurimas
3387 3971 3589 4038 plagae

1975 4061 2050 4117 illi
2077 4064 2369 4129 iucuteres,
2389 4063 2539 4132 quasi
2566 4072 2813 4118 extrema
2836 4061 3033 4132 injuria
3047 4061 3115 4117 ab
3134 4075 3200 4117 eo
3219 4058 3480 4117 affectus?
3505 4076 3569 4115 ae
3586 4085 3609 4107 κ

1976 4154 2169 4209 merito
2194 4154 2428 4225 quidem.

2052 4246 2257 4309 Quanta
2298 4261 2488 4301 merces
2527 4244 3059 4300 reconciliationis.-——
3080 4244 3225 4299 Deus
3273 4244 3435 4299 etiam
3491 4243 3589 4299 id-i

1978 4339 2152 4410 ipsum
2174 4339 2331 4395 faciet
2352 4357 2367 4394 :
2390 4340 2532 4395 dicet
2550 4338 2694 4394 enim
2717 4336 2821 4393 tibi-
2839 4338 2891 4393 in
2918 4338 3004 4393 illa
3021 4337 3132 4404 die,
3148 4337 3394 4408 lmprobe
3415 4351 3573 4393 serve

1977 4442 2033 4487 et
2064 4446 2318 4501 perquam
2352 4431 2612 4486 scelerate
2631 4472 2646 4497 ,
2679 4444 2785 4485 non
2814 4430 2884 4486 de
2911 4440 3004 4485 tuo
3028 4429 3105 4485 illi
3133 4429 3453 4496 remisisses;
3475 4430 3595 4484 scd..-

1979 4523 2047 4579 de
2073 4537 2212 4589 meo,
2237 4522 2375 4592 quod
2409 4531 2463 4578 tu
2487 4521 2619 4577 mihi
2648 4521 2882 4578 debebas
2899 4562 2916 4589 ,
2942 4521 3127 4592 jussus
3148 4537 3208 4576 es
3235 4520 3311 4576 illi
3338 4535 3413 4575 res
3437 4521 3571 4576 alie-

1980 4631 2107 4670 num
2138 4615 2379 4670 relaxare
2406 4632 2421 4670 :
2451 4614 2667 4671 Dimitte
2687 4615 2832 4670 enim
2851 4655 2867 4681 ,
2896 4615 3071 4684 inquit
3092 4655 3106 4681 ,
3130 4620 3185 4668 et
3214 4613 3427 4669 dimitto
3453 4613 3571 4669 tibi.

1981 4706 2140 4777 Atqui
2162 4705 2208 4761 si
2234 4720 2409 4777 neque
2429 4706 2560 4761 illud
2589 4705 2935 4771 addidissem,
2957 4705 3230 4762 dimittere
3249 4705 3530 4774 oportebat
3553 4746 3595 4770 ,Α

1982 4806 2040 4852 ιιι
2062 4796 2437 4867 obsequereris
2461 4796 2703 4863 domino;
2733 4810 2878 4851 nunc
2901 4803 3087 4852 autem
3112 4809 3219 4850 non
3243 4804 3300 4849 ut
3322 4793 3570 4848 dominus

1982 4889 2265 4959 imperavi,
2282 4887 2376 4945 sed
2402 4894 2464 4943 ut
2484 4887 2555 4943 ab
2571 4888 2746 4943 amico
2766 4886 3084 4944 beneficium
3112 4883 3394 4957 postulavi,
3413 4883 3573 4953 idque

1982 5000 2218 5052 exrmeo,
2247 4994 2305 5041 et
2326 4983 2531 5056 majora
2544 4998 2645 5039 .me
2673 4983 3056 5038 redonatnrutu
3083 4979 3343 5051 spopondi
3371 4996 3384 5032 :
3411 4988 3572 5033 caete-

1984 5093 2100 5131 rum
2123 5092 2193 5132 ne
2218 5076 2293 5132 ita
2316 5076 2529 5146 quidem
2557 5075 2749 5131 melior
2768 5076 2937 5130 factus
2964 5082 3069 5129 est.
3111 5073 3367 5127 Homines
3391 5082 3571 5128 autem

1982 5185 2106 5225 eum
2140 5168 2267 5225 talia
2297 5168 2537 5237 faciunt,
2569 5177 2775 5223 tantum
2824 5168 3000 5223 servis
3037 5167 3152 5222 suis
3175 5175 3455 5236 acceptum
3503 5169 3576 5222 fe-

1985 5269 2152 5330 runt,
2177 5269 2436 5332 quantum
2462 5261 2636 5331 ipsum
2665 5258 2904 5315 debitum
2933 5257 3034 5314 fuit
3062 5277 3078 5314 :
3105 5259 3336 5329 exempli
3365 5273 3526 5314 causa
3562 5299 3576 5322 ,

1984 5352 2171 5409 debuit
2199 5354 2329 5408 bere
2356 5367 2549 5407 servus
2572 5359 2785 5406 centum
2814 5364 3005 5406 aureos
3023 5391 3038 5416 ,
3072 5349 3196 5405 huic
3218 5349 3455 5405 vicissim
3483 5348 3576 5402 dc-

1986 5446 2128 5502 bitor
2153 5444 2654 5501 deeemaureorum
2677 5442 2779 5498 fuit
2804 5460 2817 5497 :
2850 5443 2896 5497 si
2926 5441 3026 5512 ipsi
3048 5440 3288 5497 debitum
3318 5439 3572 5504 remittat,

1988 5555 2092 5595 non
2114 5546 2327 5594 centum
2344 5551 2536 5592 aureos
2560 5535 2783 5592 remittit
2807 5535 2988 5601 herus,
3011 5534 3106 5589 sed
3130 5532 3314 5588 decem
3347 5539 3589 5595 tantum,

1987 5639 2319 5700 cmterosqne
2354 5645 2542 5684 omnes
2585 5629 2798 5700 repetit.
2829 5628 2970 5684 Deus
2993 5640 3122 5682 vero
3151 5639 3256 5680 non
3280 5624 3407 5679 item
3433 5639 3448 5688 ;
3481 5624 3593 5678 SCti"

1989 5724 2032 5777 si
2085 5738 2251 5793 pauca
2293 5722 2568 5777 condones
2607 5730 2703 5777 tuo
2738 5734 2999 5776 conservo
3022 5757 3039 5785 ,
3069 5716 3249 5771 omnia
3290 5715 3382 5770 tibi
3421 5715 3473 5769 in
3506 5725 3587 5770 to»

2054 5857 2089 5920 '_
2105 5855 2248 5906 Savil.
2274 5864 2326 5907 et
2347 5855 2529 5920 aliquot
2548 5856 2714 5920 Codd,
2730 5860 2775 5907 ct
2790 5853 2910 5906 nihil
2925 5851 3011 5920 tibi
3024 5850 3217 5920 reliquit
3231 5851 3589 5920 οῃιειξηοαῐιεό*

1996 5917 2048 5971 iii
2070 5917 2284 5980 humani,
2309 5933 2413 5983 pro,
2429 5913 2558 5971 'm'ltit
2579 5913 2770 5971 omnino
2790 5913 3164 5983 improbitatis;
3191 5913 3400 5969 retinuit.
