4068 6464
532 440 635 496 297

534 564 664 610 tum.
697 557 848 614 Unde
894 560 945 614 id
988 561 1184 630 liquet?
1211 562 1286 616 Ex
1329 565 1437 634 ipsa
1481 568 1804 635 precatione.
1858 571 1916 622 Si
1959 568 2110 634 enim,

535 648 722 717 inquit,
749 651 1037 706 rentiacritis
1080 655 1364 710 hominibus
1408 675 1502 711 sua
1548 659 1713 711 debita
1736 697 1751 725 ,
1785 661 1932 711 etiam
1963 656 2123 710 Pater

534 748 692 792 vester
710 741 921 796 calcatis
942 744 1155 799 remittet
1173 746 1308 800 vobis
1329 748 1493 802 debita
1511 758 1671 802 vestra
1698 747 1905 819 (Matth.
1929 747 1981 802 6.
2007 745 2118 819 14).

531 833 796 899 Quantum
819 846 996 891 autem
1022 839 1360 894 intervallum
1395 842 1532 896 inter
1555 851 1767 896 centum
1793 840 2042 895 denarios
2071 848 2120 893 ct

533 927 712 981 decies
738 929 883 983 mille
914 930 1110 984 talenta
1139 972 1153 996 ,
1185 941 1386 987 tantum
1415 948 1625 1004 quoque
1653 933 1792 986 inter
1825 933 1910 986 illa
1943 939 1994 985 et
2024 932 2121 984 ista

530 1015 728 1072 debita.
760 1019 872 1085 Qua
901 1021 1060 1090 igitur
1089 1038 1242 1092 pmna
1269 1024 1460 1094 dignus
1482 1039 1584 1078 non
1618 1023 1801 1086 fueris,
1826 1024 1915 1094 qni
1943 1023 2122 1077 decies

533 1109 679 1165 mille
706 1111 902 1166 talenta
945 1129 1041 1182 pro
1084 1125 1298 1170 centum
1337 1126 1676 1186 accepturus,
1703 1132 1769 1170 ne
1805 1115 1882 1170 sie
1905 1114 2118 1185 quidem

534 1206 631 1253 ista
662 1203 918 1258 minutula
951 1206 1177 1260 remittis
1201 1249 1215 1274 ,
1245 1209 1338 1262 scd
1368 1217 1510 1262 tuam
1557 1209 1914 1278 precationem
1947 1207 1999 1260 in
2046 1216 2123 1262 te-

532 1280 818 1365 metipsum
835 1299 1291 1354 COttvertileum
1315 1301 1457 1354 enim
1485 1301 1704 1368 dixeris,
1729 1298 1938 1353 Dimitte
1957 1298 2118 1364 nobis,

531 1387 656 1439 sicut
680 1397 729 1440 et
753 1405 846 1442 nos
873 1389 1173 1444 dimittimus
1200 1391 1414 1460 (Matth.
1445 1392 1497 1447 6.
1528 1391 1639 1464 l2),
1669 1392 1712 1446 si
1739 1401 1792 1446 ιιι
1817 1407 1921 1446 non
1943 1390 2124 1444 dimit-

535 1487 645 1545 tas,
669 1480 801 1534 nihil
829 1481 972 1536 aliud
1005 1498 1034 1536 a
1066 1484 1174 1537 Deo
1201 1485 1438 1553 postulas
1459 1527 1474 1552 ,
1500 1500 1658 1554 quam
1686 1493 1743 1538 ut
1772 1493 1824 1539 te
1863 1483 2007 1538 omni
2030 1498 2124 1538 ex-

531 1574 828 1641 cusatione,
854 1577 998 1631 omni
1026 1577 1174 1631 venia
1201 1577 1467 1632 ωεςίιιιίειι.
1491 1576 1777 1644 Cancrum,
1797 1578 1990 1647 inquis,
2017 1592 2120 1631 non

531 1664 704 1720 ausim
729 1665 926 1732 dicere,
956 1667 1167 1723 Dimitte
1187 1669 1340 1735 mihi,
1363 1669 1499 1723 sicut
1519 1668 1730 1723 dimitto
1749 1686 1761 1721 :
1781 1669 1875 1723 sed
1895 1677 2122 1732 tanaim,

535 1757 761 1812 Dimitte-
791 1757 938 1812 mihi.
969 1758 1102 1827 Quid
1153 1768 1262 1814 tum
1301 1759 1438 1816 hoc?
1468 1761 1628 1816 etiam
1668 1761 1797 1816 situ
1835 1761 1948 1830 ipse
1990 1759 2121 1815 illud

533 1863 640 1903 non
669 1850 820 1905 dicas
842 1893 855 1915 ,
891 1853 1038 1908 Deus.
1061 1864 1237 1908 tamen
1284 1855 1354 1909 ita
1386 1853 1546 1921 facit,
1578 1863 1634 1909 et
1669 1854 2119 1924 quemadmodum

530 1941 788 2010 dimittis,
813 1944 882 1998 ita
925 1945 1162 2000 dimittit.
1205 1946 1336 2002 Nam
1378 1948 1504 2002 illud
1534 1964 1599 2003 cx
1626 1949 1972 2019 sequentibus
2003 1963 2122 2018 qua:

532 2047 715 2104 postea
761 2037 996 2104 inducit,
1025 2039 1232 2094 clarum
1281 2040 1402 2095 facit
1433 2059 1446 2094 :
1479 2041 1540 2096 Si
1586 2043 1717 2095 enim
1739 2085 1754 2109 ,
1788 2042 1959 2112 inquit
1981 2083 1995 2103 ,
2020 2058 2122 2096 non

528 2130 819 2184 rentiseritis
861 2131 1147 2187 hominibus
1171 2173 1185 2199 ,
1215 2150 1374 2202 neque
1403 2132 1561 2188 Pater
1598 2145 1758 2188 vester
1795 2135 2008 2189 caelestis
2043 2151 2124 2189 re-

530 2222 687 2276 mittet
713 2223 849 2277 vobis
881 2225 898 2293 (
928 2221 1066 2278 Ibid.
1098 2241 1147 2278 υ.
1184 2225 1250 2279 15
1272 2225 1314 2293 ).
1343 2225 1420 2280 Ne
1451 2226 1608 2296 igitur
1635 2227 1896 2281 cautelam
1929 2234 2082 2295 putes
2102 2267 2118 2292 ,

529 2315 572 2368 si
603 2329 710 2369 non
740 2323 904 2370 totam
932 2317 1232 2372 orationem
1261 2315 1500 2386 proferas
1525 2358 1540 2383 ,
1571 2333 1744 2387 neque
1786 2317 2119 2371 dimidiatam

530 2408 891 2475 precationem
921 2408 1082 2464 facias
1103 2450 1117 2474 ,
1145 2410 1239 2464 sed
1277 2419 1432 2480 prout
1457 2410 1683 2465 instituit
1709 2451 1723 2477 ,
1757 2411 1828 2464 ita
1861 2424 2080 2480 precare
2101 2451 2118 2476 ,

531 2508 590 2553 ut
630 2501 925 2555 necessitas
969 2501 1219 2557 dictionis
1245 2503 1483 2572 qu0tidie
1509 2511 1786 2558 exterrens
1829 2502 2122 2573 compellat

529 2600 583 2644 te
613 2590 679 2646 ad
708 2592 962 2661 proximo
983 2593 1189 2648 veniam
1219 2593 1646 2648 condonandam.
1681 2593 1758 2648 Ne
1790 2593 1920 2648 mihi
1947 2594 2116 2660 dicas,

521 2682 852 2752 Eompellavi
871 2726 886 2751 ,
915 2699 1059 2754 saepe
1089 2685 1292 2755 rogavi,
1321 2685 1610 2755 supplicari
1633 2727 1646 2750 ,
1681 2685 1774 2740 sed
1801 2685 2118 2741 reconcilia-

531 2774 730 2829 tionem
753 2773 1043 2844 impetrarc
1080 2791 1185 2830 non
1215 2776 1388 2845 potui;
1419 2792 1484 2829 ne
1508 2777 1654 2846 prius
1678 2776 1924 2843 absistas,
1959 2791 2116 2848 quam

531 2866 912 2921 reconcilieris.
955 2866 1070 2920 Non
1102 2868 1244 2922 enim
1271 2867 1440 2933 dixit,
1472 2867 1688 2922 Dimitte
1730 2867 1833 2923 hoc
1875 2868 2074 2923 donum
2100 2909 2115 2936 ,

528 2969 586 3014 et
612 2959 700 3013 abi
730 2961 1083 3028 supplicatum
1114 2959 1260 3014 fratri
1291 2969 1380 3014 tuo
1405 3002 1418 3025 ,
1444 2959 1537 3015 sed
1560 3001 1574 3023 ,
1614 2959 1773 3028 Vade,
1796 2962 2120 3016 reconciliare

530 3049 742 3117 (villatth.
774 3051 827 3106 5.
856 3050 947 3122 24)
981 3069 994 3106 :
1023 3051 1374 3122 quamobrem
1407 3053 1505 3106 etsi
1529 3055 1748 3106 multam
1778 3052 2120 3122 supplicatio-

531 3159 652 3198 nem
677 3143 1006 3208 adhibueris,
1032 3159 1099 3198 ne
1125 3144 1272 3214 prius
1294 3143 1532 3210 desinas,
1559 3160 1716 3214 quam
1749 3145 2104 3214 persuaseris.

530 3238 669 3292 Deus
694 3253 791 3308 per
813 3237 1052 3308 singulos
1077 3237 1193 3292 dies
1219 3253 1251 3291 a
1277 3237 1432 3292 nobis
1460 3237 1690 3308 ﬂagitat,
1719 3247 1774 3293 et
1819 3254 1927 3293 non
1967 3238 2118 3294 audi-

530 3345 670 3396 mus,
699 3345 800 3386 nec
821 3340 996 3387 tamen
1024 3347 1054 3386 a
1077 3331 1400 3401 ﬂagitatione
1426 3331 1663 3398 desistit,
1687 3341 1739 3386 et
1763 3341 1816 3386 tu
1843 3347 1872 3386 a
1895 3347 2116 3388 conser-

525 3438 594 3476 νο
638 3422 945 3492 dedignaris
982 3422 1224 3492 ﬂagitare
1243 3422 1277 3475 ?‘
1293 3424 1392 3489 Qui
1417 3463 1432 3490 ,
1457 3438 1638 3492 quaiso
1662 3465 1678 3490 ,
1700 3424 1908 3492 poteris
1937 3424 2117 3478 salvus

528 3513 689 3568 esse?
720 3512 878 3582 Atqui
907 3528 1049 3583 szrpe
1085 3513 1323 3583 rogasti,
1354 3522 1406 3568 et
1439 3518 1583 3584 saepe
1612 3515 1857 3584 repulsus
1891 3531 1988 3582 es;
2019 3514 2115 3571 sed

527 3613 678 3658 tanto
711 3603 968 3672 majorem
1010 3603 1586 3675 mercedem-accipies.
1625 3605 1760 3660 Nam
1786 3616 1985 3677 quanto
2029 3607 2117 3663 ille

527 3694 880 3764 pervicacior,
904 3703 958 3749 et
983 3703 1038 3749 tu
1060 3694 1111 3749 in
1136 3694 1471 3750 sollicitando
1491 3698 1938 3766 perseverantior,
1966 3706 2114 3753 tanto

528 3789 581 3840 iu
628 3785 803 3856 majus
849 3797 935 3842 tua
984 3787 1266 3842 retributio
1315 3790 1610 3855 accrescit;
1657 3805 1870 3844 rursum
1915 3800 2116 3862 quanto

526 3892 654 3932 eum-
677 3877 885 3948 majore
910 3877 1224 3934 difﬁcultate
1249 3879 1350 3934 hoc
1373 3895 1508 3950 opus
1528 3880 1738 3936 virtutis
1761 3882 1966 3952 exples.
1991 3897 2115 3952 gra-

530 3971 751 4039 viusque
779 3969 1144 4026 reconciliatio
1173 3970 1518 4039 instauratur,
1551 3981 1697 4028 tanto
1720 3983 1775 4029 et
1795 3975 1940 4028 illius
1974 3973 2115 4043 judi-

527 4061 666 4116 cium
706 4061 878 4131 majus
907 4062 1031 4127 erit,
1054 4071 1109 4118 et
1134 4063 1528 4132 splendidiores
1557 4075 1660 4120 luce
1703 4066 1996 4121 tolerantia:
2024 4080 2115 4121 co-

527 4169 696 4209 ronat.
725 4152 840 4208 Non
874 4152 1135 4210 laudanda
1165 4155 1263 4209 ista
1307 4155 1480 4210 solum
1503 4198 1516 4222 ,
1542 4157 1637 4211 sed
1674 4156 1827 4212 factis
1857 4157 2115 4213 exhiben-

524 4247 598 4299 da
616 4286 631 4310 ,
659 4259 758 4300 nec
787 4245 935 4315 prius
961 4244 1315 4301 abscedamus
1335 4287 1351 4313 ,
1381 4263 1538 4316 quam
1572 4247 1640 4302 ad
1664 4259 1896 4303 veterem
1929 4249 2115 4303 amici-

527 4342 654 4393 tiam
694 4340 898 4395 reversi
941 4340 1216 4394 fuerimus.
1246 4339 1360 4395 Non
1387 4341 1529 4395 enim
1558 4339 1794 4406 sufﬁcit,
1819 4341 1960 4412 quod
2005 4357 2110 4396 non

527 4432 692 4497 ltedis,
717 4433 861 4502 quod
883 4432 1024 4486 nulla
1057 4432 1247 4502 injuria
1271 4431 1439 4488 afﬁcis
1457 4433 1752 4502 inimicum,
1773 4435 1981 4506 etquod
2005 4451 2111 4491 non

527 4522 816 4591 malignum
863 4521 1101 4576 animum
1130 4521 1387 4577 adversus
1419 4539 1540 4578 eum
1572 4525 1714 4594 geris
1739 4566 1752 4588 ,
1783 4525 1878 4580 sed
1903 4527 2112 4582 eniten-

525 4615 651 4668 dum
679 4622 761 4669 esl
790 4625 846 4669 ut
873 4615 986 4683 ipse
1015 4629 1228 4685 quoque
1253 4630 1375 4685 erga
1404 4630 1503 4670 nos
1530 4616 1848 4673 benevolum
1873 4621 2109 4675 animum

526 4705 732 4761 induat.

596 4801 652 4859 7.
690 4798 883 4854 Multos
911 4798 1052 4854 enim
1079 4799 1243 4854 audio
1260 4798 1496 4856 dicentes
1522 4818 1537 4856 :
1571 4801 1683 4873 Ego
1712 4803 1844 4857 nihil
1875 4803 2113 4861 infensus

525 4910 664 4958 sum,
697 4892 824 4948 niltil
855 4893 1031 4959 doleo,
1067 4909 1239 4964 neque
1263 4893 1550 4965 quidquam
1574 4911 1858 4955 commune
1879 4913 1998 4952 cum
2022 4899 2114 4954 illo

526 4986 718 5042 habeo.
742 4983 941 5040 Verum
972 5001 1078 5040 non
1119 4985 1172 5041 id
1213 5001 1244 5040 a
1289 4986 1399 5041 Deo
1429 4997 1749 5057 pncceptum
1777 4997 1942 5044 estut
1983 4989 2114 5044 nihil

525 5092 644 5131 cum
685 5089 753 5131 eo
793 5077 988 5132 habeas
1017 5092 1320 5144 commune,
1344 5077 1436 5132 sed
1467 5087 1525 5133 ut
1551 5079 1714 5134 multa
1743 5078 1942 5134 habeas
1966 5095 2115 5135 com-

527 5167 724 5221 munia.
757 5167 868 5223 liae
908 5171 1049 5223 enim
1077 5170 1142 5225 de
1172 5186 1330 5226 causa
1375 5170 1538 5225 frater
1563 5181 1645 5226 est
1674 5181 1794 5228 tuus
1837 5191 1850 5225 :
1903 5173 2005 5229 hac
2046 5173 2114 5229 de

525 5273 682 5314 causa
723 5273 825 5313 non
851 5261 1025 5314 dixit:
1069 5263 1302 5317 Remitte
1347 5264 1495 5318 fratri
1538 5275 1664 5330 tuo,
1714 5281 1834 5333 qua:
1860 5265 2114 5321 adversus

523 5368 646 5407 cum
690 5352 884 5415 habes;
934 5353 1047 5425 sed,
1075 5354 1200 5420 Abi,
1247 5365 1296 5410 et
1341 5374 1454 5411 cum
1497 5373 1554 5412 eo
1596 5359 1739 5428 prius
1777 5358 2114 5415 reconcilieris

525 5444 736 5508 (.llatth.
765 5445 819 5500 5.
840 5445 912 5500 ’24
936 5444 991 5516 );
1019 5457 1073 5500 et
1096 5447 1140 5500 si
1168 5449 1254 5502 ille
1285 5449 1481 5519 aliquid
1515 5449 1674 5504 habet
1695 5449 1978 5506 adversum
2020 5460 2070 5506 te
2095 5492 2110 5515 ,

522 5554 592 5592 ne
637 5538 785 5606 prius
818 5535 1085 5606 inceptum
1141 5540 1375 5603 omittas,
1421 5557 1578 5610 quam
1626 5541 1925 5597 membrum
1983 5544 2113 5599 illud

521 5627 806 5684 concordia
843 5630 1088 5699 junctum
1117 5629 1401 5684 coalescat.
1434 5631 1510 5684 Tu
1540 5643 1715 5686 autem
1747 5642 1804 5688 ut
1831 5633 1964 5703 frugi
1995 5650 2112 5688 ser-

522 5734 648 5772 vum
677 5734 977 5791 compares,
1009 5730 1064 5776 et
1084 5735 1270 5774 aurum
1297 5735 1604 5786 euttmeras,
1637 5735 1686 5780 et
1712 5741 1833 5780 cum
1858 5737 2113 5781 mercato-

525 5808 676 5862 ribus
696 5811 877 5867 multis
905 5813 1067 5868 verba
1098 5811 1246 5874 facis,
1269 5821 1322 5864 ct
1347 5812 1557 5881 longam
1586 5816 1852 5871 interdum
1878 5831 2111 5887 peregri-

525 5896 791 5957 uationem
814 5903 1066 5975 suscipis;
1091 5909 1146 5957 ut
1173 5908 1348 5958 autem
1380 5901 1648 5961 inimicum
1676 5908 1903 5965 amicum
1927 5909 2103 5979 facias,

1241 454 1298 506 S.
1339 449 1612 507 J0.\.\'NlS
1653 452 2124 509 CHRYSDSTOMI
2169 451 2488 508 ARCIIIEP.
2528 455 3066 515 CONSTANTINOP.

3713 461 3843 518 203

2230 582 2342 621 non
2359 570 2535 623 omnia
2567 586 2755 626 moves
2775 583 2828 627 et
2851 575 2983 644 agis,
3016 573 3279 644 responde
3309 573 3478 628 mihie?
3506 575 3574 628 At
3599 590 3845 645 quomo-

2227 658 2295 712 do
2327 663 2523 728 poteris
2555 661 2721 716 Deum
2754 664 2804 718 in
2849 666 3098 734 precibus
3127 667 3405 729 invocare,
3447 681 3567 721 cum
3595 666 3712 737 ejus
3741 668 3844 722 le-

2227 765 2344 819 gem
2377 759 2656 822 tantopere
2685 756 2956 826 negligas?
2976 757 3181 811 Scrvuli
3203 758 3470 825 possessio
3501 772 3604 811 non
3631 773 3848 827 magna-

2227 843 2580 898 emoiumenta
2620 845 2810 901 afferre
2850 856 3056 916 potest;
3099 849 3345 903 inimicus
3389 859 3572 903 contra
3618 849 3842 903 amicus

2229 932 2416 998 factus,
2451 942 2506 988 et
2532 935 2694 989 Deum
2731 937 2885 992 nobis
2919 940 3203 1008 propitium
3231 948 3290 994 et.
3314 941 3718 995 benevolentem
3752 941 3841 995 fa-

2227 1023 2353 1090 ciet,
2381 1034 2433 1079 ct
2463 1025 2617 1081 facile
2644 1039 2821 1082 nostra
2853 1039 3068 1101 peccata
3097 1032 3362 1099 resolvet,
3400 1042 3454 1087 et
3482 1033 3620 1087 inter
3649 1031 3838 1086 homi—

2229 1129 2322 1167 ncs
2345 1116 2577 1185 laudem,
2602 1127 2655 1172 et
2681 1121 2801 1173 vine
2828 1131 3021 1176 nostra:
3049 1137 3292 1193 magnam
3327 1125 3666 1180 securitatem
3693 1140 3844 1178 con-

2227 1208 2460 1263 eiliabit‘
2487 1227 2500 1262 :
2530 1211 2658 1265 nihil
2689 1213 2829 1266 enim
2857 1215 3208 1283 periculosius
3235 1231 3392 1286 quam
3420 1216 3500 1270 vel
3526 1231 3691 1270 unum
3718 1215 3844 1268 ha-

2230 1297 2354 1353 bere
2379 1300 2670 1356 inimicum.
2693 1303 2823 1358 Nam
2845 1315 2898 1360 et
2924 1304 3062 1361 fama
3085 1306 3204 1360 vita:
3230 1315 3426 1361 nostra:
3445 1307 3674 1373 laeditur,
3699 1321 3835 1360 cum

2229 1389 2320 1443 ille
2350 1391 2549 1447 millies
2571 1407 2668 1448 nos
2704 1393 2843 1464 apud
2871 1411 3058 1451 omnes
3086 1397 3416 1461 criminatur,
3446 1406 3500 1452 et
3527 1412 3679 1452 mens
3719 1411 3835 1450 no-

2227 1491 2334 1534 stra
2355 1481 2594 1538 turbatur
2613 1495 2666 1539 et
2686 1486 3030 1553 conscientia,
3054 1497 3108 1542 ct
3131 1497 3497 1558 tempestatem
3514 1489 3764 1543 continua
3774 1504 3832 1541 ιιι

2228 1571 2290 1625 in
2308 1573 2500 1628 animis
2524 1576 2866 1631 sustinemus.
2890 1569 3020 1643 Qua:
3041 1580 3215 1634 omnia
3239 1580 3593 1649 cumcognita
3623 1577 3837 1634 habea-

2227 1680 2362 1732 mus,
2390 1667 2674 1722 liberemus
2705 1685 2800 1724 nos
2828 1671 2970 1740 ipsos
2996 1687 3024 1724 a
3049 1687 3202 1740 poena
3223 1685 3275 1727 et
3300 1673 3582 1741 supplicio,
3609 1682 3660 1726 ct
3684 1688 3838 1742 prae-~

2226 1772 2351 1812 scns
2381 1757 2571 1812 festum
2603 1760 2676 1830 (a)
2704 1777 2823 1815 cmn
2854 1763 3100 1817 omnibus
3124 1765 3232 1833 jam
3273 1763 3428 1818 dictis
3451 1779 3829 1830 revereamur,

2225 1857 2279 1903 et
2307 1849 2453 1919 quod
2480 1851 2621 1906 illius
2648 1855 2814 1922 gratia
2845 1853 2912 1907 ah
2940 1855 3262 1923 lmpcratore
3297 1864 3542 1924 optamus
3572 1854 3836 1924 adipiscir

2227 1941 2278 1995 id
2305 1942 2466 1997 etiam
2499 1942 2618 1997 aliis
2646 1943 3020 1999 concedamus.
3047 1945 3178 2000 Nam
3199 1961 3264 2000 ex
3297 1947 3477 2000 multis
3505 1946 3682 2011 audio,
3718 1945 3831 1999 Im-

2227 2043 2525 2103 peratorem
2577 2034 2825 2103 paschale
2871 2035 3063 2091 festum
3109 2037 3398 2091 reveritum
3423 2080 3436 2104 ,
3467 2037 3734 2092 civitatem
3762 2041 3835 2092 in

2224 2127 2447 2196 gratiam
2478 2137 2836 2197 recepturum,
2869 2143 3162 2198 omnesque
3181 2128 3415 2182 offensas
3444 2130 3832 2184 remissurum.

2224 2215 2344 2284 Qui,
2376 2234 2577 2289 quaeso,
2624 2220 2782 2290 igitur
2811 2235 2914 2274 non
2958 2221 3225 2290 iniquum,
3268 2229 3326 2274 ut
3351 2221 3418 2275 ab
3445 2221 3563 2276 aliis
3590 2222 3835 2282 salutem

2225 2323 2554 2378 consequare
2577 2353 2592 2377 ,
2624 2313 2978 2367 reverentiam
3023 2313 3159 2367 velle
3198 2328 3317 2368 esse
3366 2312 3502 2368 festo
3529 2315 3766 2384 paschali
3804 2334 3820 2369 :

2225 2403 2313 2458 ubi
2342 2414 2517 2458 autem
2558 2407 2676 2460 aliis
2715 2406 2966 2474 jubemur
3008 2407 3374 2474 reconciliari,
3419 2407 3631 2462 easdem
3658 2408 3833 2464 ferias

2223 2496 2354 2551 nihil
2384 2513 2592 2561 curare,
2621 2508 2675 2552 et
2705 2499 2847 2553 nullo
2873 2499 2925 2552 in
2960 2498 3164 2554 honore
3203 2499 3437 2555 habere?
3465 2500 3646 2555 Nullus
3670 2501 3834 2555 enim-

2225 2597 2501 2657 tantopcre
2539 2591 2865 2644 contaminat
2899 2604 3108 2644 sacrum
3140 2589 3629 2659 istum-pasebalem
3686 2579 3866 2646 con-5

2223 2689 2470 2742 ventum,
2499 2695 2655 2749 quam
2697 2680 2785 2734 ille
2824 2681 2911 2750 qui
2941 2695 3062 2735 eum
3090 2695 3211 2736 cum
3238 2681 3509 2736 simultate
3546 2681 3817 2747 celebrati,

2224 2771 2332 2825 imo
2359 2787 2426 2825 ne
2447 2772 2717 2827 celebrare
2741 2773 2952 2842 quidem
2979 2780 3176 2842 potest,
3205 2773 3446 2842 quamvis
3475 2773 3660 2828 decem
3685 2787 3825 2827 con—

2225 2863 2404 2917 tinuos
2427 2863 2542 2917 dies
2571 2862 2639 2916 ab
2661 2863 2806 2917 onmi
2828 2863 2947 2918 cibo
2972 2862 3253 2918 abstineat.
3292 2863 3424 2918 Nam
3471 2864 3556 2918 ubi
3588 2864 3826 2918 inimici-

2224 2956 2312 3010 tia:
2341 2964 2394 3011 et
2422 2956 2601 3011 odium
2621 2998 2636 3023 ,
2676 2956 2746 3012 ibi
2779 2972 2950 3028 neque
2983 2956 3242 3027 jejunium
3274 2971 3444 3026 neque
3470 2956 3663 3011 festum
3691 2971 3824 3013 esse:

2222 3058 2416 3118 potest.
2445 3048 2560 3104 Non
2584 3048 2746 3104 audes
2773 3050 2939 3103 illotis
2953 3049 3196 3103 manibus
3215 3063 3420 3104 sacram
3446 3049 3712 3102 victimam
3733 3057 3816 3100 at-

2223 3150 2484 3207 trectare,
2523 3142 2682 3195 etiam
2723 3143 2765 3194 si
2794 3143 2940 3196 mille
2965 3141 3370 3196 necessitatibus
3409 3139 3666 3210 premaris
3697 3155 3711 3191 :
3745 3153 3812 3192 ne

2223 3233 2382 3303 igitur
2407 3232 2552 3287 illota
2574 3232 2798 3287 accedas
2825 3232 3000 3286 anima
3035 3247 3048 3284 :
3084 3231 3185 3286 hoc
3206 3231 3536 3285 enimmulto
3555 3245 3712 3300 quam
3741 3229 3808 3282 il-

2222 3323 2311 3378 lud
2339 3331 2422 3378 est
2444 3321 2674 3392 gravius,
2721 3331 2777 3377 et
2817 3321 3061 3375 acerbius
3085 3321 3399 3390 supplicium
3433 3321 3696 3390 importat.
3721 3319 3819 3374 Ni~

2222 3413 2294 3467 hil
2321 3412 2461 3467 enim
2485 3411 2567 3464 ita.
2583 3410 2767 3480 implet
2794 3419 3025 3465 mentem
3043 3409 3308 3474 sordibus,
3333 3420 3390 3464 ut
3417 3413 3492 3464 ira
3524 3411 3662 3464 intus
3683 3424 3813 3478 pera

2220 3511 2380 3572 petuo
2403 3503 2719 3557 consistens.
2751 3500 2851 3556 Ubi
2877 3502 3019 3555 enim
3050 3500 3196 3555 furor
3220 3509 3303 3556 est
3335 3508 3396 3556 et.
3417 3501 3492 3554 ira
3514 3542 3530 3567 ,
3561 3517 3626 3556 eo
3655 3501 3817 3570 spiri-

2221 3603 2305 3649 tus
2335 3592 2754 3648 mansuetudinis
2784 3608 2888 3648 non
2914 3592 3142 3647 advolat.
3169 3593 3340 3647 Homo
3365 3601 3540 3648 autem
3569 3593 3816 3648 desertus

2219 3699 2250 3739 a
2277 3685 2472 3755 Spiritu
2499 3693 2705 3750 sancto,
2740 3699 2897 3755 quem
2930 3699 3079 3753 spem
3111 3684 3298 3739 salutis
3323 3683 3481 3738 habet
3509 3683 3762 3752 reliquam
3784 3683 3814 3737 ‘l.

2219 3776 2432 3848 quando
2459 3786 2604 3830 recte
2634 3775 2879 3830 incedet?
2909 3774 2988 3829 Ne
3020 3774 3209 3844 igitur,
3229 3773 3450 3838 dilecte,
3471 3773 3596 3827 dum
3625 3772 3805 3826 ulcisci

2219 3868 2491 3922 inimicum
2532 3867 2611 3920 vis
2632 3906 2646 3930 ,
2679 3867 2908 3934 teipsum
2949 3865 3248 3934 praecipites
3271 3903 3286 3929 ,
3320 3875 3411 3916 aut
3439 3863 3532 3917 Dei
3561 3863 3816 3932 prtesidio.

2218 3961 2436 4030 spolies.
2467 3958 2693 4013 Maxime
2722 3974 2849 4012 vero
2869 3957 3010 4026 quia,
3042 3956 3250 4010 etiamsi
3276 3953 3505 4008 difﬁcilis
3533 3969 3618 4008 res
3641 3964 3805 4019 esset,

2218 4053 2486 4124 supplicii,
2512 4051 2654 4122 quod
2684 4067 2747 4104 ex
2775 4049 3170 4118 inobsequentia
3213 4047 3463 4111 nascitur,
3499 4047 3817 4117 magnitudo.

2217 4147 2346 4200 satis
2371 4154 2473 4211 est,
2498 4151 2555 4197 ut
2575 4143 2652 4196 vel
2681 4140 2966 4198 admodum
3006 4139 3256 4206 supinum
3283 4147 3337 4192 et
3367 4139 3608 4208 ignavum
3639 4139 3812 4206 erigat

2218 4237 2518 4304 excitetque
2535 4234 2598 4288 ad
2620 4231 2861 4303 quemvis
2881 4227 3274 4300 suscipiendum
3298 4228 3568 4294 laborem;
3590 4237 3644 4282 at
3665 4242 3804 4282 nunc

2218 4327 2330 4398 ipsa
2359 4327 2531 4381 oratio
2555 4339 2798 4394 magnam
2821 4322 2977 4392 hujus
2999 4320 3192 4390 negotii
3215 4319 3450 4374 ostendit
3472 4319 3810 4388 facilitatem,

2217 4419 2260 4472 si
2301 4417 2460 4472 modo
2483 4416 2728 4471 velimus.
2759 4413 2837 4468 Ne
2865 4413 3023 4483 igitur
3049 4411 3373 4481 negligemus
3399 4419 3632 4465 nostram
3659 4409 3803 4478 ipso.-

2215 4525 2333 4567 rum
2362 4509 2607 4573 salutem,
2639 4506 2732 4560 sed
2760 4520 2976 4574 operam
3003 4503 3190 4558 demus
3216 4517 3279 4556 ac
3304 4501 3478 4554 onmia
3508 4499 3760 4553 faciamus
3781 4540 3808 4566 μ

2217 4609 2276 4655 ut
2305 4601 2419 4653 sine
2446 4596 2673 4652 inimicis
2699 4609 2865 4648 sacrm
2895 4609 3096 4648 mensa:
3139 4592 3464 4646 assistamus.
3493 4587 3634 4643 Nihil
3659 4588 3801 4645 enim

2218 4701 2602 4762 przeeeptorum
2632 4686 2723 4740 Dei
2749 4685 2964 4739 difficile
2986 4685 3105 4750 erit,
3131 4684 3174 4737 si
3204 4692 3345 4738 recte
3370 4681 3806 4746 consideremus;

2217 4783 2376 4852 idque
2397 4789 2541 4851 patet
2565 4795 2630 4834 ex
2653 4777 2716 4832 iis
2742 4777 2828 4847 qui
2857 4777 3078 4831 feliciter
3097 4790 3155 4831 se
3169 4775 3278 4845 jam
3307 4775 3358 4828 in
3381 4773 3483 4827 illis
3503 4780 3802 4843 gesserunt.

2216 4877 2356 4945 Quot
2390 4875 2532 4930 enim
2567 4870 2780 4941 jurandi
2817 4867 3197 4924 consuetudine
3223 4866 3638 4936 abripiebantur,
3670 4872 3724 4918 et
3748 4880 3814 4918 se-

2218 4970 2270 5024 id
2301 4968 2411 5021 vitii
2441 4965 2726 5021 emendare
2766 4963 2852 5017 vix
2882 4978 3040 5032 posse
3076 4959 3398 5017 censebant?
3439 4959 3683 5011 Attamen
3714 4972 3806 5025 per,

2218 5062 2311 5118 Dei
2333 5060 2580 5131 gratiam,
2614 5058 2698 5111 ubi
2723 5073 2884 5126 parva
2908 5073 2936 5108 a
2965 5055 3112 5108 vobis
3142 5051 3376 5106 adhibita
3407 5059 3489 5103 cst
3508 5066 3656 5114 cura,
3690 5065 3802 5101 ma-

2214 5152 2386 5223 jorem
2427 5161 2627 5220 partem
2668 5149 2782 5218 ejus
2835 5143 3112 5216 pravitatis
3145 5142 3383 5196 ahluistis
3417 5157 3430 5193 :
3460 5141 3808 5210 quamobrem

2218 5259 2313 5299 vos
2348 5243 2622 5307 adhortor,
2657 5250 2714 5293 ut
2739 5239 2986 5308 reliquias
3013 5248 3224 5305 quoque
3250 5231 3526 5301 deponatis
3547 5273 3561 5296 ,
3585 5233 3803 5299 aliisque

2219 5337 2500 5408 magistros
2520 5350 2614 5388 vos
2644 5329 2960 5388 exhibeatis.
2990 5327 3058 5384 iis
3085 5341 3233 5391 vero,
3257 5325 3343 5394 qui
3373 5325 3606 5378 nondum
3640 5324 3688 5378 id
3717 5339 3802 5377 as-

2220 5428 2425 5497 sequuti
2469 5437 2625 5488 sunt,
2672 5422 2765 5478 sed
2806 5421 3016 5486 longum
3059 5415 3211 5470 nobis
3243 5426 3447 5484 tempus
3487 5425 3800 5484 praetexunt,

2219 5536 2324 5592 quo
2353 5528 2505 5574 antea
2536 5516 2674 5572 soliti
2699 5521 2850 5569 erant
2874 5511 3171 5578 juramenta
3195 5523 3468 5576 usurpare,
3495 5506 3805 5573 dicuntque,

2220 5611 2546 5682 impossibile
2569 5622 2688 5663 esse
2717 5606 2851 5658 intra
2876 5602 3036 5656 breve
3068 5611 3274 5670 tempus
3307 5599 3356 5652 id
3387 5599 3638 5665 avellere,
3664 5596 3801 5668 quod

2220 5723 2315 5778 per
2341 5705 2535 5760 multos
2559 5715 2726 5755 annos
2756 5697 2965 5752 radices
2999 5695 3128 5765 egit,
3172 5691 3535 5763 responderim
3563 5706 3680 5762 ego,
3714 5688 3804 5747 ubi

2285 5861 2300 5890 ¹
2339 5865 2442 5906 sav.
2471 5857 2518 5904 in
2543 5867 2714 5912 marg.,
2740 5862 2963 5912 magnam
2986 5842 3555 5912 utilitatthfontjtiiabit.

2287 5891 2714 5981 (a)“itiriébbiiiilia'
2853 5891 3179 5962 ’ἰξξίέἒίίᾶἇὲὦῖ
3190 5891 3285 5959 ssi
3303 5891 3470 5956 ante
3491 5891 3586 5956 est.
