4066 6446
349 457 590 529 πλήθους
623 459 866 531 ἡμερῶν,
899 458 1016 512 οὐδέ
1050 458 1420 529 διαστήματος
1452 457 1736 524 ἐνιαυτῶν,
1764 456 1898 511 ἀλλά
1927 457 2028 527 φό-

349 547 448 599 ϐου
488 547 648 617 μόνον
697 547 791 600 καὶ
823 547 1001 616 ψυχῆς
1043 544 1332 599 εὐλάϐειαν
1375 545 1627 617 ἐχούσης,
1664 546 1760 598 καὶ
1807 543 2029 610 πάντως

349 635 741 708 περιεσόμεθα,
773 635 867 688 καὶ
897 636 955 686 ἐν
985 633 1178 704 βραχεῖ
1203 633 1400 706 καιρῷ.

417 724 490 794 η’.
513 724 625 777 Καὶ
642 721 728 775 ἵνα
746 721 821 794 μὴ
837 722 1120 792 νομίσητε,
1149 722 1230 774 ὅτι
1255 721 1440 785 ἁπλῶς
1466 719 1641 774 ταῦτα
1658 720 1821 788 λέγω,
1851 720 1910 773 ὃν
1939 737 2027 772 νο-

352 811 534 884 μίζετε
560 807 700 864 εἶναι
734 811 1032 882 πολ-ύορκον
1058 811 1342 881 ἄνθρωπον
1377 811 1471 864 καὶ
1503 810 1725 864 πλείονα
1759 809 2028 878 ὀμνύοντα

350 900 550 972 μᾶλλον
585 901 616 971 ἥ
647 900 1039 970 φθεγγόμενον,
1074 899 1262 952 τοῦτον
1288 899 1412 970 ἐμοὶ
1453 898 1723 966 παράδοτε
1758 897 1889 949 δέκα
1929 897 2026 966 μό-

348 1004 440 1042 νον
469 989 704 1060 ἡμέρας,
737 987 842 1041 κάν
884 987 959 1058 μὴ
985 989 1164 1040 πᾶσαν
1192 986 1359 1051 ἐξέλω
1381 986 1478 1056 τὴν
1503 985 1795 1055 συνήθειαν
1828 986 1884 1036 ἐν
1908 986 2027 1047 ταῖς

346 1077 556 1145 ὀλίγαις
592 1077 819 1140 ταύταις
865 1077 1122 1146 ἡμέραις,
1155 1074 1470 1142 κατάγνωτέ
1520 1090 1619 1143 μου
1656 1072 1756 1143 τὴν
1789 1072 2026 1142 ἐσχάτην

344 1165 593 1237 ταύτηνα
643 1166 989 1233 κατάγνωσιν
1017 1178 1028 1192 ο
1085 1163 1179 1216 καὶ
1205 1164 1286 1215 ὅτι
1340 1161 1401 1214 οὐ
1451 1161 1663 1232 κόμπος
1695 1161 1763 1214 τὰ
1804 1161 2026 1232 ῥήματα

345 1253 538 1318 ταῦτα,
564 1254 672 1308 ἀπὸ
687 1253 794 1306 τῶν
815 1253 914 1323 ήδη
931 1252 1314 1322 γεγενημένων
1337 1250 1495 1304 τοῦτο
1518 1250 1669 1302 ἔσται
1692 1249 1853 1320 δῆλον
1874 1250 2024 1318 ὑμῖν.

345 1342 412 1395 Τί
444 1342 554 1395 τῶν
581 1341 882 1395 Νινευῖτῶν
907 1340 1248 1410 ἀλογώτερον
1277 1357 1290 1406 ;
1321 1338 1372 1391 τί
1399 1338 1455 1391 δέ
1485 1337 1837 1408 ἀνοητότερον
1863 1355 1877 1402 ;
1910 1336 2024 1388 ἀλλ’

345 1431 497 1500 ὅμως
523 1427 668 1485 οῦτοι
695 1433 743 1484 οί
783 1431 1045 1501 βάρϐαροι
1099 1430 1193 1481 καὶ
1241 1427 1483 1499 ἀνόητοι,
1520 1429 1565 1479 οἱ
1599 1426 1824 1497 μηδενὸς
1862 1424 2026 1496 μηδέ-

346 1541 480 1577 ποτε
515 1521 850 1584 ἀκούσαντες
871 1518 1310 1590 φιλοσοφοῦντος,
1334 1517 1382 1569 οί
1416 1517 1685 1587 μηδέποτε
1715 1517 2023 1586 παραγγέλ-

349 1629 496 1682 ματα
539 1610 764 1663 τοιαῦτα
811 1608 1085 1670 λαϐόντες,
1135 1606 1467 1668 ἀκούσαντες
1493 1605 1589 1658 τοῦ
1625 1607 1904 1677 πωιρήτου
1936 1605 2023 1659 λέ-

344 1711 558 1768 γοντος,
611 1701 741 1753 Ἔτι
767 1699 922 1765 τρεῖς
954 1695 1189 1764 ἡμέραι,
1231 1693 1327 1748 καί
1372 1693 1574 1748 Νινευῒ
1605 1693 2024 1764 κειταστραρή-

345 1804 538 1851 σεται,
567 1790 629 1840 ἐν
657 1784 833 1857 τρισὶν
865 1784 1101 1856 ἡμέραις
1135 1785 1318 1836 πᾶσαν
1343 1781 1606 1834 ἀπέθεντο
1635 1781 1877 1853 πονηρὰν
1903 1800 2024 1836 συν-

344 1875 563 1947 ήθειανο
601 1877 629 1927 6
660 1875 855 1946 πόρνος
889 1871 1124 1942 σώφρων
1170 1870 1408 1938 ἐγένετο,
1443 1870 1471 1922 6
1502 1869 1708 1938 θρασὺς
1754 1869 2023 1940 ἐπιεικὴς,

344 1967 373 2017 6
399 1961 728 2031 πλεονέκτης
757 1961 852 2013 καὶ
881 1957 1064 2031 ἅρπαξ
1096 1959 1316 2029 μέτριος
1346 1957 1440 2012 καί¹
1480 1957 1779 2029 φιλόφρων,
1801 1959 1829 2010 6
1857 1959 2024 2030 ῥάθυ-

347 2070 448 2122 μος
493 2051 799 2112 σπουδαῖος.
834 2049 907 2102 Οὐ
951 2048 1061 2118 γάρ
1094 2047 1157 2117 δὴ
1188 2046 1266 2112 ἓν,
1298 2047 1416 2099 οὐδὲ
1462 2046 1576 2110 δύο,
1607 2047 1700 2098 καὶ
1751 2045 1896 2117 τρία,
1933 2047 2026 2100 καὶ

343 2141 590 2211 τέσσαρα
622 2138 730 2190 τῶν
759 2137 948 2190 παθῶν
977 2132 1118 2207 ἦσαν
1146 2135 1215 2188 τά
1259 2137 1461 2206 ἰάματα
1481 2136 1528 2199 ι),
1562 2134 1698 2188 ἀλλὰ
1726 2137 1906 2188 πᾶσαν
1929 2136 2026 2188 αὐ-

343 2229 456 2282 τῶν
483 2227 800 2299 διώρθωσαν
837 2225 937 2297 τὴν
984 2225 1269 2297 πονηρίαν.
1303 2225 1413 2278 Καὶ
1444 2223 1610 2278 πόθεν
1653 2223 1812 2278 τοῦτο
1841 2223 2022 2294 δῆλον,

343 2318 546 2390 φησίν;
596 2317 728 2370 Ἀπὸ
756 2315 863 2369 τῶν
893 2315 988 2368 τοῦ
1017 2317 1298 2387 προφήτου
1349 2315 1637 2386 ῥημάτων
1669 2313 1832 2377 αὐτὸς
1859 2313 1968 2385 γὰρ
1996 2317 2025 2367 6

343 2407 728 2478 κατηγορήσας
762 2403 966 2468 αὐτῶν,
1015 2404 1113 2457 καὶ
1163 2401 1355 2465 εἰπὼν,
1384 2403 1463 2455 ὅτι
1501 2402 1691 2471 ’Λνέϐη
1734 2403 1767 2471 ἡ
1809 2401 2023 2473 κραυγὴ

341 2495 441 2566 τὴς
487 2495 681 2557 κακίας
730 2491 910 2546 αὐτῶν
956 2490 1058 2555 ἓως
1108 2491 1217 2542 τῶν
1259 2489 1526 2560 οὐρανῶν,
1561 2489 1718 2552 αὐτὸς
1755 2489 1937 2551 αὐτοῖς
1963 2489 2024 2541 τὸ

343 2580 586 2636 ἐναντίον
634 2578 984 2652 ἐμαρτύρησε
1028 2577 1191 2632 πάλιν
1232 2577 1424 2640 εἰπὼν,
1464 2577 1547 2628 ὅτι
1575 2576 1755 2630 Εἷδεγ
1792 2578 1825 2630 ό
1856 2575 2020 2641 Θεὸς,

343 2671 435 2725 ὅτι
466 2669 826 2737 ἀπέστησαν
867 2667 1126 2731 ἕκαστος
1171 2665 1290 2718 ἀπὸ
1330 2664 1449 2717 τῶν
1480 2662 1638 2717 ὁδῶν
1672 2661 1870 2716 αὐτῶν
1908 2660 2025 2715 τῶν

343 2758 647 2827 πονηρῶν,
683 2758 784 2810 οὐκ
815 2753 988 2820 εἶπεν,
1024 2755 1104 2808 ὅτι
1148 2753 1280 2806 Ἀπὸ
1329 2753 1585 2823 πορνείας
1633 2753 1666 2822 ἢ
1718 2750 2021 2821 μοιχείαςῆ

343 2846 572 2916 κλοπῆς,
595 2845 732 2905 ἀλλ’,
757 2846 838 2897 ὅτι
855 2842 990 2897 Ἀπὸ
1022 2841 1144 2895 τῶν
1169 2839 1325 2894 όδῶν
1347 2838 1546 2893 αὐτῶν
1573 2837 1692 2892 τῶν
1719 2837 2018 2907 πονηρῶν,

342 2933 455 2987 Καὶ
489 2932 605 2996 πῶς
635 2932 986 3002 ἀπέστησαν;
1029 2930 1115 2993 Ὡς
1150 2929 1333 3000 όΘεὸς
1371 2926 1526 2991 οἶδεν,
1560 2929 1657 2982 οὐκ
1694 2926 1770 2992 ὡς
1809 2929 2021 3000 ἀνθρω-

342 3031 446 3084 πος
472 3021 810 3092 ἐδοκίμασεν.
839 3015 970 3073 Εἶτα
991 3019 1090 3071 οὐκ
1113 3017 1480 3088 αἰσχυνόμεθα
1511 3017 1632 3069 οὐδέ
1656 3016 2020 3088 ἐρυθριῶμεν,

342 3112 392 3163 εἰ
425 3110 717 3181 βαρϐάρων
752 3107 1056 3178 ἀνθρώπων
1087 3107 1144 3158 ἐν
1167 3105 1346 3175 τρισὶν
1378 3105 1612 3176 ἡμέραις
1649 3105 1806 3175 μόνον
1841 3107 2023 3158 πᾶσαν

340 3195 699 3266 ἀποθεμένων
747 3194 967 3257 κακίαν,
1001 3194 1162 3265 ἡμεῖς
1211 3194 1268 3245 ἐν
1310 3192 1600 3254 τοσαύταις
1645 3192 1879 3262 ἡμέραις
1932 3193 2020 3246 ἐν-

340 3284 652 3354 ηχούμενοι,
684 3283 1079 3351 διδασκόμενοι,
1119 3281 1248 3348 μιᾶς
1285 3277 1358 3351 μὴ
1390 3279 1811 3350 περιγενοίμεθα
1853 3298 2020 3351 πονη-

342 3373 444 3444 ρᾶς
492 3371 817 3443 συνηθείαςς
849 3370 1043 3424 Καίτοι
1089 3386 1152 3436 γε
1196 3371 1275 3430 εἰς
1320 3367 1545 3437 ἔσχατον
1591 3364 1732 3438 ἦσαν
1779 3368 2022 3421 κάκεῖνοι

339 3461 606 3531 πρότερον
652 3460 850 3522 κακίας
896 3457 1253 3528 ἐληλακότες’
1327 3456 1456 3509 ὅταν
1498 3455 1604 3527 γὰρ
1649 3455 1909 3527 ἀκούσῃς,
1939 3457 2022 3510 ὅτι

354 3546 552 3614 Ἀνέϐη
589 3548 628 3616 ἡ
663 3545 896 3614 κραυγὴ
927 3544 1040 3613 τῆς
1072 3544 1288 3609 κακίας
1312 3542 1513 3596 αὐτῶν
1546 3544 1698 3608 πρὸς
1721 3543 1818 3611 μὲ,
1855 3544 2022 3613 μηδὲν

341 3634 470 3690 ἄλλο
496 3634 706 3705 νόμιζε,
730 3633 763 3704 ἢ
795 3632 892 3703 τὴν
926 3630 1234 3702 ὑπερϐολὴν
1256 3631 1356 3701 τῆς
1384 3629 1648 3701 πονηρίας
1669 3631 1848 3683 αὐτῶν
1867 3648 1880 3662 ο
1905 3632 2020 3684 ἀλλ’

341 3725 492 3793 ὅμως
532 3722 758 3792 ἴσχυσαν
789 3721 846 3772 ἐν
873 3718 1054 3791 τρισὶν
1078 3719 1314 3788 ἡμέραις
1338 3718 1474 3788 πρὸς
1500 3717 1791 3789 ὀλόκληρον
1819 3720 2020 3790 ἀρετὴν

345 3808 952 3880 μετατάξασθαιῖοπου
981 3805 1090 3876 γὰρ
1120 3805 1282 3874 φόϐος
1314 3803 1477 3867 Θεοῦ,
1517 3805 1578 3857 οὐ
1613 3805 1770 3876 χρεία
1801 3806 2021 3878 ἡμερῶν

340 3902 464 3956 οὐδέ
506 3901 872 3970 διαστήματος
921 3897 1138 3968 χρόνου,
1188 3895 1376 3968 ῶσπερ
1431 3897 1565 3950 ὅπου
1617 3896 1838 3966 ἀφοϐία,
1867 3897 2020 3951 οὐδὲν

341 3988 531 4058 ὅξελος
565 3986 808 4057 ἡμερῶν.
842 3984 1110 4055 Καθάπερ
1140 3983 1248 4055 γὰρ
1285 3983 1354 4036 τά
1396 3982 1620 4036 ίωθέντα
1655 3984 1764 4036 τῶν
1811 3985 2021 4038 σκευῶν

338 4079 370 4128 ὁ
397 4075 494 4147 μὲν
527 4075 678 4128 ὕδατι
709 4074 867 4146 μόνον
899 4071 1235 4143 ἀποτρίϐων,
1271 4071 1374 4126 κᾶν
1405 4071 1570 4125 πολὺν
1597 4071 1848 4143 ἀναλώσῃ
1893 4073 2019 4145 χρόα

340 4178 451 4228 νον,
482 4162 664 4234 πάσης
703 4161 802 4214 οὐκ
836 4159 1134 4223 ἀπαλλάξει
1165 4159 1264 4228 τῆς
1292 4160 1488 4222 κακίας
1521 4159 1753 4229 ἐκείνης,
1783 4163 1810 4213 6
1841 4161 1896 4212 δὲ
1939 4164 2019 4227 εἰς

341 4251 705 4322 χωνευτήριον
735 4245 1012 4319 ἐμϐαλὼν,
1043 4248 1100 4298 ἐν
1136 4246 1363 4317 βραχείᾳ.
1395 4245 1588 4316 καιροῦ
1621 4249 1762 4318 ῥοπῇ
1798 4249 2012 4319 φαιδρό-

339 4350 476 4411 τερα
520 4338 628 4392 τῶν
673 4336 1008 4393 νεοτεύκτων
1063 4335 1265 4398 εὐθέως
1300 4334 1625 4405 ἐργάσεται·
1657 4335 1799 4388 οὓτω
1830 4337 1892 4408 δὴ
1923 4340 2017 4392 καὶ

338 4425 614 4498 ψυχὴίτῷ
651 4425 749 4494 τῆς
784 4423 1059 4495 ἁμαρτίας
1091 4422 1154 4492 ἰῷ
1189 4422 1442 4492 βαφείσα,
1479 4423 1545 4475 ἂν
1585 4424 1682 4494 μὲν
1714 4424 1897 4490 ἁπλῶς
1923 4427 2016 4480 καὶ

337 4515 415 4578 ὡς
452 4515 643 4583 ἔτυχεν
676 4512 874 4582 ἐα-υτὴν
913 4510 1228 4583 ἀποσμήξῃ,
1258 4510 1353 4563 καὶ
1385 4510 1506 4562 καθ’
1538 4513 1774 4582 ἑκάστην
1805 4515 2013 4586 ἡμέραν

341 4603 600 4672 μετανοῇ,
641 4597 793 4670 [‘21'2]
825 4599 976 4651 οὐδὲν
1005 4598 1166 4651 πλέον
1211 4599 1497 4669 κερδανεῖ·
1535 4598 1601 4654 ἂν
1633 4599 1688 4653 δέ
1719 4601 1906 4674 ῶσπερ
1935 4607 2014 4670 είς

336 4689 702 4760 χωνευτήριον
750 4687 844 4740 τοῦ
887 4687 1021 4740 Θεοῦ
1046 4697 1068 4726 ο
1106 4687 1198 4739 τὸν
1231 4687 1394 4757 φόϐον
1447 4688 1648 4761 ἑαυτὴν
1698 4691 1929 4764 ἐμϐάλῃ,
1958 4695 2016 4748 ἐν

339 4776 574 4848 βραχείᾳ
601 4775 790 4848 καιροῦ
826 4778 965 4849 ῥοπῇ
993 4775 1055 4829 τὸ
1085 4776 1192 4829 πᾶν
1221 4776 1564 4846 ἀπονίψεται.
1599 4779 1692 4850 Μὴ
1717 4780 1895 4834 τοίνυν
1938 4786 2016 4846 είς

335 4864 435 4935 τὴν
466 4864 532 4919 αὐ
543 4882 653 4935 ριον
679 4863 1141 4934 ἀναϐαλλώμεθα*
1181 4867 1262 4918 Οὐ
1287 4864 1396 4933 γὰρ
1419 4865 1666 4935 οἴδαμεν
1694 4867 1752 4920 τί
1783 4867 2016 4933 τέξεται

335 4955 378 5020 ἠ
401 4954 686 5007 ἐπιοῦσα·
724 4953 859 5024 μηδέ
890 4953 1170 5024 λέγωμεν’
1205 4953 1582 5024 Περιεσόμεθα
1603 4956 1702 5024 τῆς
1727 4956 2015 5026 συνηθείας

337 5041 482 5093 κατὰ
507 5041 700 5112 (Mva
718 5059 730 5071 ·
763 5041 919 5095 τοῦτο
945 5041 1054 5114 γὰρ
1081 5041 1162 5104 τί),
1194 5041 1336 5095 κατὰ
1360 5042 1574 5113 μικρὸν,
1605 5041 1859 5096 οὐδέποτε
1893 5046 2014 5097 ἐπι-

334 5127 531 5197 λείψει.
560 5129 778 5200 Διόπερ,
806 5130 964 5183 τοῦτο
992 5131 1241 5199 ἀφέντες,
1269 5132 1445 5182 ἐκεῖνο
1472 5130 1740 5201 λέγωμεν,
1765 5133 1849 5185 ὅτι
1889 5132 2013 5187 Ἐὰν

340 5217 417 5287 μὴ
466 5217 708 5287 σήμερον
754 5218 1193 5288 κατορθώσωμεν
1227 5219 1317 5270 τὸν
1345 5219 1528 5288 ὅρκον,
1561 5219 1660 5272 οὐκ
1709 5221 2014 5292 ἀποστησά-

341 5305 483 5373 μεθα
508 5306 792 5378 πρότερον,
827 5304 930 5357 κᾶν
961 5307 1129 5376 μυρία
1159 5306 1302 5378 άγχῃ
1331 5307 1659 5379 πράγματα,
1686 5308 1788 5364 κᾶν
1812 5310 2014 5364 ἀποθα-

337 5396 447 5447 νεῖν
479 5394 594 5465 δέῃ,
632 5393 732 5446 κᾶν
764 5393 1119 5455 κυλασθῑπναι,
1146 5394 1248 5447 κᾶν
1279 5394 1455 5447 πάντα
1481 5395 1746 5450 ἀπολέσαι
1770 5414 1786 5429 ο
1818 5401 1876 5452 οὐ
1908 5400 1981 5453 δώ
2007 5437 2010 5442 -

402 5601 429 5629 ⁴¹
451 5603 637 5658 Ταύτην
657 5603 799 5649 deest
821 5603 868 5650 i‘n
895 5599 1045 5649 Savil.
1085 5608 1137 5650 ot
1162 5606 1209 5650 in
1238 5615 1335 5650 uno
1355 5605 1538 5651 codice.

399 5657 431 5698 δ
456 5663 568 5725 H_:I=:_c
591 5657 685 5708 τῶν
707 5665 869 5725 παθῶν
890 5662 1016 5720 ἦσαν
1046 5663 1107 5710 τά
1133 5665 1329 5725 ὶάματα,
1369 5668 1548 5712 desunt
1587 5667 1637 5713 in
1663 5666 1814 5717 Savil.
1842 5669 2003 5721 Codex

339 5721 632 5783 !.InI_Is_hab_cl
648 5724 707 5783 τὰ
725 5724 988 5783 τραύματα.

375 5834 380 5840 ,
409 5772 434 5840 ‘I
451 5779 599 5828 δοιοί.
625 5782 688 5835 εἰς
707 5772 1022 5844 κώνεντήριον
1044 5783 1109 5841 εἰς
1127 5782 1213 5836 τοῦ
1233 5790 1290 5839 Ε).

1145 342 1203 398 S.
1243 339 1532 398 JOANNIS
1570 338 2070 398 CHRYSOSTOMI
2109 340 2425 399 ARCUIEP.
2465 342 3016 402 CONSTANTINOP.

3711 357 3827 410 ειιυ

2136 475 2302 529 σομεν
2349 459 2428 532 τῷ
2471 460 2704 532 διαϐόλῳ
2752 461 3027 534 ῥᾳθυμίας
3071 461 3337 532 ἐξουσίαν,
3373 469 3492 522 οὐδέ
3544 468 3825 543 ἀναϐολῆς

2134 548 2536 618 πρόφασιν.Ἃν
2559 551 2588 602 6
2612 549 2744 613 Θεὸς
2775 549 2861 623 ἴδῃ
2909 568 3002 604 σου
3039 551 3140 622 τὴν
3174 555 3579 628 πεπυρωμένην
3607 557 3818 629 ψυχὴν,

2039 643 2050 650 ·
2131 637 2235 706 τὴν
2277 635 2708 709 διεγηγερμένην
2739 638 3069 709 προθυμίαν,
3097 640 3191 692 καὶ
3238 641 3399 704 αὐτὸς
3444 646 3822 714 συνεφάψεται

2135 739 2229 776 σου
2259 723 2360 794 τῆς
2387 723 2744 794 διορθώσεως.
2797 725 2922 791 Ναὶ,
2957 726 3153 798 δέομαι
3199 729 3292 782 καὶ
3320 730 3606 794 ἀντιϐολῶ,
3640 747 3822 787 σπου-

2130 815 2402 886 δάσωμεν,
2431 815 2518 868 ἵνα
2548 813 2621 885 μὴ
2651 817 2746 868 καὶ
2771 817 2933 887 ἡμεῖς
2959 817 3301 888 ἀκούσωμεν,
3321 819 3400 872 ὅτι
3431 820 3680 888 Ἄνδρες
3707 824 3820 876 Νι-

2129 904 2360 957 νευῗται
2387 903 2861 970 ἀναστήσονται,
2885 904 2982 958 καὶ
3006 908 3435 974 κατακρινοῦσι
3461 907 3575 976 τὴν
3595 911 3820 977 γενεὰν

2132 995 2378 1060 ταύτην,
2413 995 2497 1047 ὅτι
2527 995 2724 1047 ἐκεῖνοι
2758 994 2855 1064 μὲν
2882 993 3026 1060 ἅπαξ
3049 995 3381 1060 ἀκούσαντες
3412 997 3814 1069 κατώρθωσαν,

2130 1082 2290 1151 ἡμεῖς
2314 1081 2369 1134 δὲ
2395 1082 2516 1135 οὐδὲ
2546 1082 2806 1145 πολλάκις
2826 1081 3157 1146 ἀκούσαντες
3180 1084 3497 1156 ἐπεστράφη
3507 1103 3608 1154 μεν
3624 1104 3635 1115 ·
3661 1088 3817 1140 ἐκεῖ·

2131 1187 2211 1224 νοι
2243 1169 2536 1240 ὀλόκληρον
2557 1170 2782 1242 ἀρετὴν,
2804 1171 2968 1240 ἡμεῖς
2991 1170 3048 1224 δέ
3072 1171 3191 1224 οὐδὲ
3219 1171 3381 1242 μέρος
3404 1173 3607 1243 ἀρετῆς
3626 1191 3638 1203 ·
3665 1175 3814 1230 ἐκεῖ-

2130 1274 2210 1310 νοι
2261 1257 2679 1326 κατασκαφῆναι
2727 1257 3061 1320 ἀκούσαντες
3109 1259 3474 1330 ἐφοϐήθησαν,
3536 1261 3699 1332 ἡμεῖς
3753 1263 3818 1318 δὲ

2128 1345 2250 1398 οὐδέ
2279 1341 2504 1414 γέενναν
2533 1345 2823 1410 ἀκούοντες
2847 1345 3161 1417 φοϐούμεθα
3183 1362 3197 1375 °
3234 1351 3429 1400 ἐκεῖνοι
3460 1351 3816 1420 προφητειῶν

2128 1434 2188 1487 οὐ
2229 1435 2608 1505 μετασχόντες,
2643 1437 2807 1506 ἡμεῖς
2849 1435 2906 1488 δὲ
2943 1433 3199 1505 συνεχοῦς
3245 1435 3609 1501 ἀπολαύοντες
3658 1437 3810 1492 διδα-

2131 1522 2360 1584 σκαλίας
2400 1523 2497 1575 καὶ
2540 1523 2740 1594 πολλῆς
2780 1523 2882 1592 τῆς
2927 1523 3164 1594 χάριτος.
3201 1523 3384 1577 Ταῦτα
3413 1524 3557 1590 λέγω
3583 1523 3677 1577 νῦν
3710 1525 3810 1598 οὐχ

2129 1609 2268 1680 ὑπὲρ
2306 1609 2414 1662 τῶν
2439 1610 2674 1675 οἰκείων,
2701 1610 2814 1663 ἀλλ’
2843 1610 2984 1681 ὑπὲρ
3013 1611 3120 1664 τῶν
3153 1611 3449 1682 ἀλλοτρίων
3480 1612 3608 1682 ὑμῖν
3641 1614 3812 1682 ἐγκα-

2129 1695 2236 1749 λῶν
2262 1697 2698 1768 ἁμαρτημάτων.
2717 1699 2876 1768 Ὑμῖν
2914 1696 3010 1769 μὲν
3048 1698 3178 1769 γὰρ,
3205 1695 3263 1752 εὖ
3291 1694 3387 1752 οἶδ’
3416 1701 3520 1763 ὅτι,
3558 1699 3810 1772 καθάπερ
3845 1697 3852 1700 ’

2131 1784 2300 1856 ἔφθην
2331 1786 2520 1850 εἰπὼν,
2555 1786 2583 1838 6
2613 1787 2776 1857 νόμος
2801 1778 2958 1850 οὗτος
2986 1788 3014 1838 6
3044 1787 3172 1858 περὶ
3200 1787 3292 1839 τοῦ
3328 1787 3550 1858 ὀμνύειν
3588 1789 3810 1861 κατώρα

2131 1873 2299 1927 θωται
2319 1890 2334 1905 ·
2366 1873 2482 1927 ἀλλ’
2511 1876 2612 1928 οὐκ
2641 1878 2803 1947 ἀρκεῖ
2830 1875 2988 1929 τοῦτο
3015 1877 3096 1939 εἰς
3125 1876 3401 1948 σωτηρίαν
3427 1878 3580 1947 ἡμῖν,
3632 1880 3682 1930 εἰ
3732 1877 3806 1949 μὴ

2129 1961 2224 2013 καὶ
2266 1962 2487 2034 ἐτέρους
2515 1963 2828 2028 διδάξαντες
2861 1962 3253 2034 διορθώσομεν,
3286 1965 3407 2016 ἐπεὶ¹
3439 1964 3533 2016 καὶ
3556 1967 3584 2017 6
3611 1965 3670 2017 τὸ
3711 1968 3810 2020 τά·

2128 2047 2320 2101 λαντον
2366 2050 2543 2102 ἐκεῖνο
2590 2048 2997 2120 προσενεγκὼν,
3028 2051 3127 2120 τὴν
3171 2050 3649 2122 παρακαταθήκην
3687 2053 3808 2105 όλό⁴

2129 2136 2329 2208 κληρον
2363 2137 2614 2200 ἀποδοὺς,
2647 2139 2833 2208 ἐπειδὴ
2861 2138 2922 2190 τδ
2946 2137 3096 2191 δοθὲν
3126 2137 3226 2189 οὐκ
3248 2135 3593 2204 ἐπλεόνασεν,
3618 2139 3810 2193 ἐκολά-

2130 2225 2271 2290 ζετο,
2308 2225 2400 2296 Μὴ
2434 2226 2613 2278 τοίνυν
2647 2226 2779 2295 μηδὲ
2819 2226 2980 2295 ἡμεῖς
3015 2227 3173 2280 τοῦτο
3206 2228 3590 2297 σκοπήσωμεν,
3627 2230 3674 2280 εἰ
3704 2228 3808 2280 αὐ-

2126 2315 2211 2366 τοὶ
2261 2313 2359 2382 τῆς
2409 2314 2684 2384 ἁμαρτίας
2728 2313 3144 2384 ἀπηλλάγημεν,
3177 2314 3291 2367 ἀλλ’
3321 2313 3426 2377 ἕως
3479 2314 3544 2366 ἂν
3588 2315 3808 2386 ἐτέρους

2127 2401 2548 2471 ἀπαλλάξωμεν,
2589 2399 2662 2470 μὴ
2695 2400 3050 2470 ἀποστῶμεν·
3083 2402 3177 2454 καὶ
3205 2401 3434 2464 ἕκαστος
3459 2401 3590 2454 δέκα
3622 2403 3808 2471 φίλους

2131 2490 2396 2561 ῥυθμίσας
2427 2489 2506 2560 τῷ
2541 2490 2660 2560 Θεῷ
2689 2491 3106 2562 προσαγαγέτω,
3138 2491 3240 2546 κᾶν
3269 2492 3486 2556 οἰκέτας
3517 2493 3666 2566 ἔχῃς,
3703 2492 3808 2546 κᾶν

2131 2577 2398 2647 μαθητάς.
2419 2576 2557 2629 Ἀλλ’
2590 2577 2708 2629 οὐδὲ
2744 2577 3012 2648 μαθητὰς,
3043 2579 3165 2632 οὐδὲ
3208 2580 3426 2644 οἰκέτας
3455 2579 3632 2649 ἕχειςς
3665 2580 3810 2634 ἀλλά

2129 2663 2315 2732 φίλους
2341 2664 2484 2733 ἔχεις
2505 2679 2519 2691 ο
2549 2665 2769 2728 τούτους
2793 2665 3158 2736 κατόρθωσον.
3186 2668 3294 2720 Καὶ
3325 2669 3397 2738 μή
3426 2685 3515 2738 μοι
3543 2667 3690 2736 λέγε,
3720 2669 3808 2722 ὅτι

2128 2748 2267 2815 Τούς
2295 2752 2547 2814 πλείονας
2576 2752 2684 2805 τῶν
2708 2753 2887 2822 ὅρκων
2913 2755 3294 2826 άπηλάσαμεν,
3329 2756 3576 2823 ὀλιγάκις
3603 2755 3658 2807 δὲ
3689 2756 3807 2808 άλι-

2131 2840 2409 2912 σκόμεθαο
2443 2840 2578 2893 ἀλλὰ
2605 2841 2700 2894 καὶ
2732 2840 2792 2893 τὺ
2823 2841 3072 2909 ὀλιγάκις
3117 2842 3276 2896 τοῦτο
3314 2843 3489 2897 ἄνελε.
3524 2845 3585 2896 Εἰ
3615 2843 3806 2914 χρύσι-

2126 2946 2215 2981 νον
2242 2929 2337 2982 ἕνα
2361 2927 2670 2992 ἀπολέσεις,
2699 2929 2799 2982 οὐκ
2845 2929 2912 2983 ἂν
2957 2930 3203 2994 ἅπαντας
3232 2932 3524 3002 περιῆλθες
3567 2931 3808 3004 ἐρευνῶν

2127 3018 2223 3070 καὶ
2252 3017 2449 3088 ζητῶν,
2485 3017 2629 3070 ὥστε
2661 3017 2822 3071 αὐτὸν
2853 3019 3066 3088 εὐρεῖν;
3098 3019 3268 3072 Τοῦτο
3301 3021 3397 3073 καὶ
3443 3021 3536 3073 ἐπὶ
3577 3020 3684 3072 τῶν
3709 3021 3807 3088 ὅρα

2127 3123 2237 3158 κων
2271 3103 2514 3174 ποίησον.
2536 3105 2664 3157 Ἐάν
2687 3105 2822 3178 ἴδῃς,
2866 3106 2947 3158 ὅτι
2973 3105 3069 3158 ’ἐνα
3098 3107 3260 3177 ὅρκον
3292 3107 3559 3178 ἐκλάπης,
3597 3108 3805 3178 θρὴνη-

2128 3209 2240 3256 σον,
2275 3193 2546 3257 στέναξον,
2589 3193 2666 3254 ὡς
2713 3194 2814 3262 τῆς
2849 3193 3038 3256 οὐσίας
3068 3210 3162 3246 σου
3212 3195 3395 3266 πάσης
3435 3195 3802 3258 ἀπολωλυίας.

2126 3276 2294 3334 Πάλιν
2324 3280 2488 3348 λέγω,
2513 3280 2542 3332 ὃ
2565 3280 2660 3333 καὶ
2684 3281 2982 3351 πρότερον·
3018 3279 3340 3349 σύγκλεισον
3366 3282 3561 3335 σαυτὸν
3583 3283 3674 3335 ἐπὶ
3703 3283 3807 3352 τῆς

2124 3369 2322 3431 οἰκίας,
2358 3369 2588 3438 μελέτην
2627 3369 2850 3438 ποίησον
2877 3369 2972 3421 καὶ
2997 3369 3298 3439 γυμνάσιον
3327 3369 3467 3439 μετὰ
3491 3372 3589 3441 τῆς
3614 3387 3805 3439 γυναι-

2125 3458 2237 3522 κὸς,
2286 3457 2424 3526 μετά
2472 3458 2579 3510 τῶν
2625 3457 2850 3510 παιδίων
2883 3457 2978 3510 καὶ
3014 3457 3440 3512 συνοικούντων·
3486 3461 3608 3512 εἰπέ
3662 3458 3805 3529 πρὸς

2126 3544 2319 3598 ἑαυτὸν
2350 3547 2412 3598 σὺ
2447 3545 2712 3618 πρότερον
2733 3561 2746 3574 ·
2779 3545 2892 3598 Οὐκ
2927 3545 3231 3610 ἰδιωτικῶν,
3267 3547 3326 3598 οὐ
3358 3546 3632 3617 δημοσίων
3668 3547 3804 3615 ἅψο-

2129 3651 2224 3704 μαι
2268 3633 2630 3704 πραγμάτων,
2667 3633 2772 3696 ’έως
2804 3633 2869 3687 ἂν
2904 3634 3005 3704 τὴν
3048 3633 3227 3704 ψυχὴν
3269 3633 3650 3705 διορθώσωμαι
3701 3633 3803 3705 τὴν

2125 3720 2489 3792 ἐμαυτοῦ.”Δν
2519 3722 2677 3792 ὑμεῖς
2711 3723 2836 3785 τοὺς
2861 3723 3010 3785 υἰούς
3037 3723 3166 3784 τοὺς
3195 3722 3405 3776 ἑαυτῶν
3443 3721 3800 3791 παιδεύσητε,

2124 3812 2364 3863 κάκεῖνοι
2414 3811 2541 3873 τούς
2585 3810 2794 3863 ἑαυτῶν
2841 3810 3130 3878 διδάξουσι,
3166 3811 3260 3863 καὶ
3307 3810 3450 3864 οῦτω
3494 3810 3654 3880 μέχρι
3697 3810 3803 3879 τῆς

2126 3898 2434 3959 συντελείας
2479 3899 2571 3951 καὶ
2620 3898 2924 3969 παρουσίας
2965 3898 3058 3951 τοῦ
3105 3897 3344 3967 Χριστοῦ
3381 3897 3444 3949 τὸ
3471 3897 3804 3966 πρόσταγμα

2126 3985 2326 4056 βαῖνον,
2355 3985 2467 4048 τοῖς
2507 3986 2606 4055 τὴν
2651 3985 2808 4055 ῥίζαν
2841 3984 3214 4056 παρασχοῦσιν
3253 3983 3468 4037 ἅπαντα
3502 3982 3637 4036 οἴσει
3669 3984 3804 4037 τοῦ-

2122 4091 2212 4126 τον
2241 4073 2330 4126 τον
2363 4073 2679 4144 μισθόν.Ἃν
2706 4073 2854 4144 μάθῃ
2883 4072 3064 4140 λέγειν
3083 4074 3112 4126 6
3138 4071 3253 4135 υἱός
3285 4088 3400 4136 σου,
3431 4071 3796 4136 Πίστευσον,

2121 4162 2181 4214 οὐ
2220 4160 2506 4232 δυνήσεται
2532 4162 2608 4224 εἰς
2639 4161 2863 4231 θέατρον
2902 4160 3192 4232 ἀναϐῆναι,
3231 4159 3351 4212 οὐδὲ
3398 4157 3546 4231 [215]
3581 4160 3660 4221 εἰς
3697 4175 3800 4214 κα-

2123 4249 2345 4319 πηλεῖον
2375 4248 2655 4309 εἰσελθεῖν,
2680 4249 2799 4302 οὐδέ
2826 4251 2882 4301 ἐν
2909 4249 3098 4312 κύϐοις
3126 4247 3407 4318 διατρίψας.
3425 4263 3438 4277 ·
3475 4247 3536 4299 τὸ
3562 4247 3670 4318 γὰρ
3696 4248 3798 4319 ῥῆ-

2126 4349 2200 4402 μα
2243 4333 2406 4386 τοῦτο
2449 4337 2568 4387 ἀντὶ
2618 4335 2835 4405 χαλινοῦ
2885 4336 2947 4388 τὸ
2999 4334 3220 4406 στόμαά
3259 4335 3659 4406 περικείμενον,
3699 4336 3799 4388 καὶ

2121 4422 2322 4475 ἄκοντα
2343 4423 2470 4494 ἐρυθ
2479 4423 2601 4493 ριᾷν
2624 4422 3032 4492 παρασκευάσει
3057 4423 3152 4474 καὶ
3173 4421 3523 4492 αἰσχύνεσθαι
3545 4439 3558 4452 ·
3591 4420 3797 4474 εἴποτε

2121 4512 2178 4562 ἐν
2227 4511 2453 4574 ἐκείνοις
2501 4510 2718 4581 φανείη,
2764 4511 2860 4563 καὶ
2907 4510 3189 4580 ἀποπηδᾷν
3219 4511 3522 4576 ἀναγκάσει
3560 4511 3792 4580 ταχέως.

2134 4597 2292 4649 Ἀλλὰ
2325 4596 2698 4665 καταγελῶσιν
2730 4597 2954 4648 ἐκεῖνοι·
3008 4595 3143 4648 ἀλλά
3194 4597 3257 4649 σύ
3297 4596 3566 4668 δάκρυσον
3615 4595 3796 4649 αὐτῶν

2118 4685 2218 4753 τὴν
2255 4683 2620 4754 παρανομίαν.
2663 4681 2854 4734 Πολλοὶ
2886 4684 2980 4735 καὶ
3008 4683 3102 4735 τοῦ
3136 4683 3258 4736 Νῶε
3297 4685 3668 4752 κατεγέλασάν
3697 4699 3797 4736 πο-

2120 4789 2198 4837 τε,
2228 4773 2316 4825 ὅτε
2337 4771 2434 4842 τὴν
2459 4771 2688 4824 κιϐωτὸν
2719 4771 3120 4836 κατεσκεύαζεν
3143 4792 3156 4804 ·
3190 4773 3303 4827 ἀλλ’
3331 4775 3418 4826 ὅτε
3447 4769 3610 4844 ἦλθεν
3641 4773 3669 4825 ὁ
3695 4789 3798 4826 κα-

2118 4861 2449 4930 τακλυσμὸς,
2484 4861 2688 4922 ἐκεῖνος
2720 4859 2900 4914 αὐτῶν
2929 4861 3264 4931 κατεγέλασε
3290 4877 3305 4891 °
3340 4862 3539 4932 μᾶλλον
3566 4861 3622 4914 δέ
3651 4861 3796 4914 οὐδέ-

2119 4965 2248 5000 ποτε
2301 4947 2479 5000 αὐτῶν
2510 4947 2873 5014 κατεγέλασεν
2898 4951 2925 5000 ὁ
2951 4949 3179 5013 δίκαιος,
3216 4949 3329 5002 ἀλλ’
3354 4949 3623 5020 ἐθρήνησε
3652 4948 3747 5001 καὶ
3766 4960 3793 4988 ο

2117 5034 2595 5099 ἐστέναξεν.”οταν
2617 5029 2707 5086 οὖν
2745 5034 2858 5104 ἴδῃς
2882 5028 3176 5103 γελῶντας,
3206 5035 3478 5104 ἐννόησον,
3505 5035 3585 5086 δτι
3613 5035 3662 5086 οί
3695 5050 3793 5101 γε-

2117 5119 2315 5183 λῶντες
2343 5120 2438 5172 νῦν
2467 5120 2677 5183 ὀδόντες
2705 5121 2826 5172 τότε
2856 5122 3130 5192 κλαυθμὸν
3158 5122 3251 5173 καὶ
3273 5120 3517 5192 βρυγμὸν
3548 5122 3791 5189 ὑποστής

2120 5222 2302 5260 σονται
2334 5205 2738 5276 χαλεπώτατον,
2779 5209 2874 5261 καὶ
2916 5207 3010 5260 τοῦ
3055 5208 3288 5276 γέλωτος
3313 5206 3504 5259 τούτου
3541 5206 3790 5278 μνησθή-

2119 5311 2298 5348 σονται
2324 5295 2600 5366 τρίζοντες
2643 5299 2764 5350 κατ’
2795 5297 3009 5366 ἐκείνην
3158 5296 3368 5367 ἡμέραν
3390 5295 3483 5349 καὶ
3519 5295 3780 5366 βρυχόμε-

2115 5400 2214 5437 νοιο
2233 5383 2352 5435 τότε
2381 5384 2770 5456 ἀναμνησθήσῃ
2807 5383 2902 5436 τοῦ
2933 5383 3170 5451 γέλωτος
3201 5382 3412 5436 τούτου.
3475 5384 3623 5436 Πόσα
3649 5401 3788 5436 κατ-

2115 5473 2340 5540 εγέλασε
2389 5473 2484 5526 τοῦ
2545 5474 2799 5543 Λαζάρου
2849 5475 2878 5524 6
2933 5471 3212 5536 πλούσιοςί
3245 5473 3360 5527 ἀλλ’
3387 5473 3610 5545 ὕστερον
3661 5474 3791 5530 ἰδὼν

2176 5724 2201 5764 ἀ
2221 5735 2369 5798 θιινὶι.
2389 5740 2457 5798 τῷ
2483 5740 2697 5798 στόματι.

2173 5800 2194 5826 ⁸
2225 5797 2375 5847 Savil.
2402 5797 2452 5848 el
2477 5813 2602 5849 unus
2625 5799 2874 5860 ἐθρήτηςεν
2897 5797 3070 5863 αὐτῶν,
3107 5803 3202 5851 καί.
