4066 6422
279 341 386 400 200

278 451 406 523 quid
436 458 582 508 recte
601 449 943 508 efficiendum
968 458 1073 521 est,
1097 449 1242 524 quod
1262 466 1294 507 a
1314 452 1426 509 Deo
1453 451 1780 525 praecipitur,
1802 449 1877 507 ibi

278 558 386 599 non
415 558 550 615 opus
591 559 711 599 esse
738 544 826 600 vel
852 543 1108 616 temporis
1134 543 1222 600 vel
1265 543 1477 601 dierum
1510 558 1758 611 numero,
1780 551 1879 599 aut

280 635 471 705 spatiis
498 649 787 701 annorum,
811 634 909 691 sed
938 636 1135 692 timore
1153 635 1272 691 solo
1297 644 1352 691 et
1370 635 1648 707 religione,
1682 643 1738 691 et
1763 649 1883 690 om-

282 727 428 782 nium
458 736 738 799 compotes
763 726 1087 796 efﬁciemur,‘
1110 727 1270 801 idque
1295 727 1434 783 intra
1459 729 1711 801 exiguum
1745 735 1874 785 tem-

281 830 403 891 pus.

352 911 407 966 8.
451 908 639 965 Contra
667 910 854 966 malam
871 912 1091 984 jurandi
1124 912 1552 968 consuetudinem.
1582 942 1658 953 —
1682 910 1880 967 Verum

283 1019 352 1059 ne
380 1001 697 1059 existimetis
726 1018 811 1060 me
842 1004 893 1060 id
923 1013 1125 1060 temere
1149 1003 1349 1070 dicere,
1371 1002 1640 1059 hominem
1668 1002 1735 1057 ad
1760 1002 1879 1071 jus-

279 1094 563 1167 iurandum
610 1098 1066 1168 promptissimum
1112 1107 1168 1154 et
1210 1113 1369 1170 quem
1414 1112 1511 1153 vos
1548 1097 1879 1153 arbitramini

283 1188 451 1243 multo
476 1187 625 1259 plura
653 1187 951 1258 iuramenta
975 1189 1221 1260 proferre
1237 1206 1394 1261 quam
1418 1189 1604 1257 verba,
1624 1204 1747 1245 eum
1773 1190 1879 1244 mi-

284 1279 338 1334 hi
364 1280 489 1336 date
514 1280 583 1336 ad
611 1280 799 1337 decem
828 1282 974 1350 dies,
1019 1291 1074 1338 et
1100 1284 1201 1338 nisi
1246 1283 1321 1337 illi
1352 1284 1488 1338 intra
1518 1295 1715 1353 paucos
1749 1282 1882 1337 istos

283 1372 401 1428 dies
428 1373 869 1430 consuetudinem
893 1373 1107 1445 jurandi
1132 1375 1406 1431 abstulero
1424 1415 1442 1441 ,
1471 1384 1711 1431 extremo
1748 1389 1882 1444 sup-

284 1466 444 1537 plicio
466 1482 553 1524 me
579 1467 931 1525 eondemnate
961 1487 974 1523 :
1003 1468 1221 1540 etquod
1250 1468 1349 1524 ista
1376 1468 1537 1525 verba
1562 1483 1669 1523 non
1689 1481 1880 1522 vanam

280 1559 633 1629 jactationem
658 1559 923 1626 lia-beant,
970 1576 1032 1616 ex
1065 1561 1227 1617 rebus
1252 1571 1377 1616 ante
1405 1560 1537 1616 actis
1566 1561 1769 1615 clarum
1798 1558 1882 1614 fa-

283 1651 445 1706 ciam.
474 1649 611 1718 Quid
636 1651 885 1706 Ninivitis
908 1651 1343 1719 irrationabilius,
1374 1651 1502 1721 quid
1523 1650 1771 1705 stultius?
1796 1657 1883 1705 at-

283 1749 460 1798 tamen
490 1742 704 1798 barbari
753 1743 842 1798 isti
890 1750 942 1799 et
980 1742 1150 1809 stulti,
1199 1742 1289 1814 qui
1335 1741 1600 1797 neminem
1629 1755 1882 1812 umquam

285 1835 664 1906 philosophum
706 1836 1002 1902 audierant,
1031 1837 1225 1907 quibus
1253 1851 1542 1906 numquam
1572 1836 1696 1891 talia
1738 1850 1880 1906 pra:-

283 1927 660 1997 cepta.tradita
687 1937 857 1993 erant,
897 1927 1093 1982 auditis
1120 1928 1202 1983 his
1228 1926 1502 1998 propheta:
1539 1926 1736 1992 verbis,
1770 1926 1881 1981 Ad-

285 2017 382 2072 huc
412 2027 511 2072 tres
536 2019 663 2084 dies,
694 2026 740 2072 ct
761 2016 950 2073 Niniee
975 2018 1288 2074 subvertetur
1324 2018 1486 2091 (Jan.
1514 2021 1566 2076 5.
1595 2019 1671 2090 ι)
1697 2033 1711 2073 :
1743 2019 1882 2074 intra

284 2116 394 2164 tres
419 2108 534 2163 dies
562 2108 922 2179 deposuerunt
950 2110 1143 2164 malam
1165 2110 1606 2165 consuetudinem
1634 2127 1648 2164 :
1676 2120 1882 2166 scorta-

285 2211 369 2256 tor
395 2212 604 2266 castus,
656 2201 805 2257 ferox
837 2212 1182 2269 mansuetus,
1222 2201 1568 2258 defraudator
1608 2212 1663 2259 et
1701 2213 1885 2274 raptor

282 2292 557 2349 modestus
583 2302 636 2349 et
663 2294 923 2364 benignus
943 2334 960 2361 ,
990 2294 1212 2365 ignavus
1251 2294 1542 2350 industrius
1570 2295 1739 2350 factus
1777 2302 1881 2349 est.

282 2386 464 2458 Neque
491 2404 671 2453 unum,
696 2396 787 2442 aut
811 2388 1057 2452 alterum,
1082 2396 1174 2441 aut
1216 2387 1451 2450 tertium,
1480 2397 1573 2442 aut
1593 2395 1839 2457 quartum
1858 2425 1881 2456 ,

282 2483 376 2537 sed
407 2482 590 2537 omnia
614 2482 738 2536 vitia
769 2481 927 2537 simul
955 2488 1325 2537 correxerunt.
1352 2479 1408 2534 ld
1430 2478 1570 2535 unde
1594 2479 1775 2551 patet?
1800 2478 1882 2533 Ex

278 2574 457 2629 verbis
508 2575 803 2645 propltcttc,
855 2575 969 2645 ipse
1021 2575 1163 2629 enim
1216 2581 1496 2629 accusator
1541 2587 1750 2639 eorum,
1791 2571 1881 2642 qui

280 2665 487 2721 dixerat
517 2665 823 2721 ascendisse
847 2668 911 2721 ad
936 2668 1095 2721 caelos
1122 2668 1414 2722 clamorem
1446 2666 1663 2721 malitiae
1692 2681 1878 2721 eorum

282 2756 429 2830 (Jan.
462 2759 513 2812 l.
543 2758 580 2811 2
603 2759 643 2828 ),
677 2758 728 2827 ip
759 2773 789 2812 e
813 2799 827 2823 ,
864 2758 1101 2827 inquam,
1133 2758 1186 2811 in
1213 2759 1543 2812 contrarium
1572 2756 1640 2812 de
1669 2758 1773 2811 illis
1799 2766 1881 2812 te-

278 2857 451 2903 status
472 2857 573 2915 est,
598 2848 806 2913 dicens,
838 2846 977 2900 Vidit
993 2846 1134 2900 Deus
1156 2847 1424 2916 quemlibet
1443 2846 1694 2901 obstitisse
1710 2864 1741 2899 a
1760 2864 1884 2917 pra-

277 2941 355 2995 tn's
377 2939 468 2994 viis
487 2939 591 2992 suis
619 2936 733 2998 (Id.
763 2939 819 2992 5.
853 2936 963 3007 10.)
988 2976 1005 3002 ,
1032 2952 1140 2991 non
1180 2936 1485 3005 singulatim
1516 2935 1648 2989 dixit
1673 2951 1701 2988 a
1727 2949 1881 2989 scor-

280 3031 503 3096 titione,
534 3028 798 3083 adulterio
825 3035 918 3081 aut
943 3026 1104 3091 furto,
1131 3024 1245 3090 sed,
1280 3025 1325 3078 A
1352 3025 1444 3078 riis
1460 3025 1567 3079 suis
1591 3026 1777 3096 pravis.
1810 3026 1882 3080 At

279 3121 549 3192 quomodo
578 3119 934 3175 abstiterunt?
964 3118 1032 3174 Ut
1080 3118 1220 3173 Deus
1265 3116 1443 3184 novit,
1482 3131 1588 3171 non
1618 3124 1676 3170 ut
1718 3114 1879 3171 homo

280 3214 507 3269 censuit.
554 3214 721 3268 Porro
764 3228 941 3268 annon
984 3210 1293 3282 pudendum
1328 3209 1584 3265 barbaros
1613 3210 1755 3264 intra
1783 3210 1880 3264 tri-

281 3305 444 3360 duum
468 3320 561 3360 sua
587 3306 711 3359 vitia
734 3320 930 3360 exuere
949 3347 964 3372 ,
1003 3319 1101 3358 nos
1127 3319 1195 3359 ne
1221 3318 1381 3358 unam
1408 3301 1619 3371 quidem
1648 3318 1874 3359 consue-

279 3395 514 3452 tudinem
535 3396 729 3451 malam
760 3411 1012 3467 superare
1039 3409 1216 3467 posse,
1244 3395 1334 3465 qui
1359 3410 1455 3465 per
1482 3403 1560 3450 tot
1582 3394 1699 3449 dies
1721 3394 1878 3449 insd-

282 3487 479 3543 tuimur
497 3496 654 3557 atque
679 3486 975 3542 docemur?
988 3486 1149 3558 Atqui
1168 3486 1240 3541 illi
1260 3484 1329 3540 ad
1349 3494 1587 3541 extrema
1610 3485 1735 3541 vitia
1755 3500 1880 3542 eve-

283 3574 359 3636 cti
389 3586 546 3635 erant
577 3597 591 3634 :
622 3590 746 3635 cum
786 3578 939 3634 enim
977 3577 1153 3644 audis,
1186 3576 1402 3634 Clamor
1430 3577 1653 3633 malitia:
1682 3594 1864 3633 eorum

283 3671 516 3726 ascendit
546 3671 617 3724 ad
651 3686 734 3723 me
762 3671 800 3734 ί,
832 3685 903 3725 ne
930 3668 1066 3724 mihi
1092 3668 1239 3724 aliud
1267 3669 1536 3742 intelligas
1564 3686 1727 3741 quam
1759 3670 1865 3724 im-

283 3776 530 3818 mensam
556 3760 846 3827 malitiam;
872 3769 1111 3817 attamen
1131 3767 1430 3832 potuerunt
1457 3761 1598 3815 intra
1623 3760 1867 3816 triduum

282 3850 347 3903 ad
373 3850 635 3923 integram
653 3854 907 3910 virtutem
923 3871 1043 3911 sese
1060 3856 1376 3911 transferre.
1399 3854 1503 3911 Ubi
1520 3857 1663 3911 enim
1687 3857 1852 3912 timor

284 3936 509 4004 Dei,non
528 3958 664 4012 opus
679 3953 763 4000 est
779 3945 971 4001 diebus
988 3947 1270 4017 autspatio
1288 3948 1566 4017 temporis;
1585 3957 1849 4006 utcontra

276 4031 367 4086 ubi
397 4042 572 4089 metus
603 4040 842 4101 nonest,
875 4033 1005 4088 nihil
1030 4032 1296 4088 commodi
1340 4048 1404 4089 ex
1432 4030 1623 4088 diebus
1663 4046 1874 4088 enasci-

277 4133 382 4181 tur.
413 4124 482 4182 Ut
513 4125 654 4180 enim
687 4140 812 4180 vasa
839 4125 1135 4196 :cruginosa
1155 4167 1172 4193 ,
1199 4126 1241 4179 si
1265 4141 1398 4196 aqua
1425 4125 1595 4180 solum
1617 4124 1870 4194 ablueris,

276 4216 376 4271 etsi
403 4217 628 4272 multum
658 4217 913 4287 temporis
934 4218 1191 4284 insumas,
1220 4232 1551 4288 nequaquam
1579 4216 1724 4271 omni
1746 4216 1873 4272 vitio

276 4309 625 4380 expurgabis;
668 4309 757 4380 qui
786 4318 964 4365 autem
995 4325 1058 4364 ea
1098 4310 1149 4364 in
1196 4309 1565 4365 conflatorium
1597 4310 1869 4380 immittit,

275 4400 424 4458 brevi
446 4403 703 4474 temporis
730 4415 1003 4458 momento
1034 4403 1396 4474 splendidiora
1424 4404 1509 4459 illa
1536 4403 1680 4471 facit,
1712 4420 1870 4476 quam

275 4509 394 4565 quae
422 4510 556 4551 nova
584 4505 707 4551 sunt
735 4515 747 4549 :
779 4497 849 4552 ita
879 4499 1038 4553 etiam
1067 4497 1244 4553 anima
1274 4499 1473 4568 peccati
1499 4513 1704 4553 veneno
1733 4498 1870 4555 infe-

276 4597 381 4652 cta,
410 4588 453 4643 si
498 4588 686 4645 leviter
710 4596 765 4645 et
793 4599 1079 4661 utcumque
1113 4590 1343 4661 scipsam
1368 4590 1671 4659 exterserit,
1694 4601 1749 4647 et
1777 4607 1873 4662 per

274 4678 511 4750 singulos
542 4680 659 4737 dies
684 4682 1050 4752 paenitentiam
1079 4683 1449 4754 assumpserit,
1479 4682 1614 4737 nihil
1641 4682 1871 4754 amplius

273 4774 799 4845 nancisceturzquod
827 4776 873 4830 si
897 4775 1059 4830 veluti
1089 4775 1142 4830 in
1165 4774 1434 4831 fornacem
1472 4775 1572 4830 Dei
1616 4774 1868 4830 timorem

272 4876 333 4919 se
353 4865 614 4935 iujeeerit,
629 4866 778 4922 brevi
806 4866 1061 4936 temporis
1082 4875 1353 4920 momento
1377 4865 1629 4936 quidquid
1648 4865 1760 4919 vitii
1788 4873 1865 4919 est

274 4958 475 5013 abluet.
518 4954 597 5014 Ne
629 4958 788 5028 igitur
813 4958 867 5012 in
899 4956 1197 5028 proximum
1218 4955 1359 5010 diem
1379 4954 1866 5025 procrastinemur:

273 5049 543 5104 Nescimus
571 5051 703 5103 cnint
729 5050 849 5120 quid
873 5065 1083 5119 sequens
1108 5048 1216 5102 dies
1244 5048 1404 5117 pariet
1445 5045 1627 5116 (Prov.
1661 5047 1751 5101 27.
1787 5046 1865 5118 1);

269 5156 445 5214 neque
488 5141 748 5206 dicamus,
795 5140 1128 5197 Pcdetentim
1177 5139 1374 5194 malam
1426 5140 1869 5195 consuetudinem

267 5234 580 5288 evincemus
611 5252 625 5287 :
667 5231 805 5289 illud
833 5233 975 5288 enim
1002 5231 1324 5303 pedetentim
1359 5246 1644 5302 numquam
1673 5231 1863 5287 deerit.

269 5321 629 5390 Quamobrem
662 5323 779 5379 istis
804 5323 1018 5379 omissis
1054 5323 1183 5379 illud
1216 5322 1456 5377 dicamus
1501 5340 1517 5376 :
1554 5322 1663 5377 Nisi
1709 5323 1869 5380 hodie

265 5413 885 5485 correxerimusjurandi
904 5430 1126 5482 morem,
1142 5428 1431 5484 numquam
1449 5412 1703 5480 futurum,
1724 5422 1785 5470 ut
1799 5414 1869 5472 ab

264 5524 329 5565 eo
358 5506 700 5572 absistamus,
725 5506 934 5562 etiamsi
959 5507 1104 5563 mille
1132 5517 1378 5578 premant
1405 5507 1640 5576 negotia,
1669 5508 1865 5564 etiam-

264 5600 308 5654 si
339 5599 672 5655 moriendum
699 5598 788 5667 sit,
817 5599 1071 5670 supplicia
1097 5599 1365 5656 subeunda
1389 5601 1514 5665 sint,
1542 5600 1719 5654 omnia
1743 5616 1860 5671 per-

339 5697 355 5727 ‘
392 5696 511 5745 Haec
531 5701 650 5762 sunt
668 5693 851 5762 Cenes.
879 5707 1013 5753 xvm,
1034 5695 1114 5762 ξο,
1127 5710 1246 5762 quae
1266 5697 1447 5758 protuli
1453 5693 1861 5762 _t.Chrys.nstom-us

275 5768 366 5820 pro
406 5771 468 5806 eo
510 5758 651 5820 quoi
683 5760 765 5807 est
805 5757 944 5806 .lonze
969 5769 999 5817 ι,
1041 5757 1089 5817 2,
1114 5754 1238 5817 Quia
1268 5754 1502 5809 escendit
1529 5754 1717 5820 molitio
1757 5755 1864 5818 ejus

277 5817 446 5871 eorum
485 5817 577 5870 nis.
1604 5817 1738 5868 Eorr.

1274 338 1368 396 AD
1404 334 1726 396 POPULUM
1765 332 2256 397 ANTIOCHENUM
2314 335 2550 394 IlOMlL.
2592 333 2712 393 XX.

3467 331 3575 388 210

1983 447 2159 506 denda
2187 449 2295 503 sint
2324 466 2339 503 :
2370 463 2476 505 non
2497 447 2747 505 dabimus
2764 445 2979 504 diabolo
3006 445 3234 520 ignavia!
3259 454 3578 517 potestatem

1982 553 2160 610 neque
2189 537 2768 609 comperendinationis
2792 537 3149 595 occasionem.
3179 537 3234 595 Si
3265 537 3406 594 Deus
3427 539 3580 593 vide-

1980 630 2052 687 rit
2072 642 2217 685 tuam
2243 630 2477 686 animam
2504 629 2726 702 ignitam
2756 641 2812 686 et
2839 630 3126 688 excitatum
3162 629 3430 699 studium,
3464 631 3582 702 ipso

1982 736 2193 793 quoque
2217 719 2479 793 profectui
2513 729 2604 776 tuo
2629 736 2846 792 operam
2870 721 3104 777 navabit.
3131 719 3367 777 Obsecro
3395 730 3450 777 et
3476 723 3578 777 ob-

1867 822 1887 837 ’
1985 823 2172 882 tester,
2198 814 2480 887 diligentes
2507 814 2695 882 simus,
2719 829 2788 871 ne
2808 823 2862 870 et
2884 829 2980 870 nos
2999 813 3298 879 audiamus,
3333 813 3581 870 Homines

1984 904 2230 960 Ninivitw
2251 914 2476 977 surgent,
2514 913 2562 960 et
2591 903 2994 960 condemnabunt
3026 906 3397 976 generationem
3427 906 3580 959 istam

1985 997 2137 1073 (an.
2167 1000 2251 1055 ll.
2277 998 2382 1065 52)
2407 1041 2422 1066 ,
2458 1014 2523 1055 co
2552 997 2694 1070 quod
2732 998 2808 1053 illi
2839 997 3005 1053 semel
3031 997 3287 1052 admoniti
3312 1013 3433 1054 sese
3456 1014 3581 1053 cor-

1982 1090 2239 1158 rexerint,
2268 1106 2366 1147 nos
2394 1105 2537 1161 stupe
2558 1090 2816 1145 admoniti
2844 1105 2950 1146 non
2975 1101 3388 1145 convertamur:
3422 1090 3495 1145 illi
3525 1091 3579 1144 in

1984 1182 2129 1237 omni
2158 1182 2352 1237 virtute
2376 1180 2735 1252 profecerunt,
2776 1195 2875 1236 nos
2894 1196 2962 1236 ne
2987 1189 3191 1251 partem
3228 1180 3441 1250 quidem
3468 1181 3581 1235 vir-

1986 1271 2112 1326 tutis
2131 1271 2284 1326 nobis
2307 1285 2558 1344 paramus
2582 1291 2596 1325 :
2626 1270 2701 1325 illi
2718 1270 2876 1327 minis
2901 1270 3199 1326 eversionis
3231 1279 3582 1342 expaverunt,

1985 1376 2086 1417 nos
2112 1361 2515 1418 denuntiatione
2541 1361 2804 1433 geltennzc
2831 1376 2937 1416 non
2959 1368 3325 1416 exterreamur
3356 1378 3370 1414 :
3403 1360 3478 1416 illi
3504 1369 3586 1416 et-

1984 1451 2029 1508 si
2051 1452 2428 1524 prophetarum
2455 1452 2741 1524 participes
2776 1468 2885 1508 non
2911 1451 3141 1520 fuerint,
3166 1466 3289 1506 cum
3316 1467 3415 1507 nos
3454 1467 3584 1523 per-

1985 1554 2144 1615 petua
2169 1545 2411 1601 doctrina
2436 1552 2492 1601 et
2513 1546 2676 1600 multa
2704 1545 2870 1615 gratia
2903 1545 3254 1614 perfruamur.
3286 1543 3413 1599 Haec
3440 1558 3580 1598 nunc

1985 1635 2198 1706 loquor,
2229 1652 2338 1691 non
2364 1650 2461 1691 vos
2485 1637 2554 1692 de
2601 1636 2812 1703 vestris,
2842 1636 2935 1691 sed
2964 1635 3034 1690 de
3061 1635 3251 1690 alienis
3271 1634 3585 1689 criminibus

1986 1725 2263 1781 incusans.
2289 1727 2400 1797 Ego
2426 1727 2587 1793 enim,
2617 1726 2750 1794 seio,
2777 1725 2918 1797 quod
2939 1733 2994 1780 et
3019 1733 3142 1780 ante
3160 1725 3289 1791 dixi,
3320 1724 3492 1796 legem
3515 1724 3584 1780 de

1980 1816 2331 1887 jurejurando
2358 1817 2581 1889 pulchre
2625 1825 2681 1873 et
2717 1816 3006 1874 efﬁcaciter
3053 1831 3084 1870 a
3125 1815 3274 1871 vobis
3319 1817 3582 1886 praestari.

1987 1905 2184 1962 Verum
2227 1907 2281 1963 id
2320 1924 2427 1963 non
2465 1909 2597 1964 satis
2639 1916 2723 1962 est
2763 1906 2830 1962 ad
2858 1916 3094 1962 nostram
3125 1906 3373 1973 salutem,
3401 1906 3502 1960 nisi
3530 1913 3585 1961 et

1985 1999 2120 2053 alios
2161 1998 2403 2054 docendo
2439 2000 2833 2054 correxerimus
2862 2017 2874 2051 :
2908 1996 3339 2067 quandoquidem
3381 2012 3449 2051 ne
3494 1997 3584 2051 ille

1986 2090 2202 2161 quidem
2222 2090 2541 2163 supplicium
2563 2091 2752 2159 evasit,
2779 2090 2866 2161 qui
2885 2090 3139 2145 talentum
3166 2088 3404 2159 protulit,
3427 2101 3482 2143 et
3503 2100 3585 2143 to.

1988 2190 2100 2238 tum
2141 2183 2442 2254 depositum
2472 2183 2705 2239 reddidit
2735 2182 2944 2255 (Matth.
2975 2181 3047 2238 25
3072 2180 3090 2252 )
3127 2199 3141 2237 :
3166 2197 3233 2237 eo
3258 2181 3398 2252 quod
3428 2197 3582 2240 acce-

1975 2284 2132 2346 ptam
2161 2277 2437 2346 pecuniam
2477 2277 2621 2331 nullo
2650 2277 2886 2331 auctario
2923 2275 3318 2346 multiplicarat.
3371 2274 3573 2344 Quam-

1987 2367 2176 2423 obrem
2203 2384 2314 2423 non
2348 2368 2477 2424 illud
2505 2384 2536 2423 a
2564 2367 2717 2423 nobis
2737 2367 3084 2438 spectandum
3107 2409 3120 2431 ,
3164 2382 3235 2422 an
3261 2366 3358 2437 ipsi
3386 2368 3455 2421 ab
3480 2368 3582 2423 hoc

1985 2472 2207 2531 peccato
2222 2460 2376 2516 liberi
2393 2462 2594 2527 simus;
2626 2476 2811 2514 verum
2837 2469 3121 2529 antequam
3149 2468 3202 2513 et
3223 2458 3357 2514 alios
3387 2458 3581 2514 liberos

1985 2551 2294 2617 reddamus,
2324 2567 2393 2608 ne
2413 2553 2751 2607 absistamus.
2778 2550 3013 2620 Quisque
3032 2548 3218 2605 decem
3248 2549 3447 2604 amicos
3472 2565 3499 2602 a
3523 2564 3583 2604 se

1966 2654 2258 2710 .correctos
2289 2644 2399 2699 Deo
2435 2644 2696 2711 adducat,
2729 2644 2841 2698 sive
2873 2643 2981 2699 sint
3005 2642 3184 2697 famuli
3208 2684 3224 2710 ,
3272 2643 3384 2697 sive
3423 2642 3585 2697 disci-

1984 2737 2128 2807 puli;
2165 2736 2308 2807 quod
2334 2735 2381 2791 si
2411 2751 2510 2792 nec
2537 2735 2827 2806 discipulos
2852 2749 2954 2790 nec
2995 2733 3222 2788 famulos
3258 2732 3446 2798 habes,
3476 2734 3584 2788 sal-

1984 2836 2092 2883 tem
2118 2833 2321 2883 amicos
2353 2828 2544 2892 habes;
2591 2827 2690 2883 hos
2725 2826 2976 2884 emenda.
3013 2825 3197 2896 Neque
3241 2823 3371 2880 mihi
3399 2824 3582 2892 dicas,

1982 2921 2237 2977 Crebram
2268 2922 2415 2977 illam
2440 2922 2655 2993 jurandi
2680 2920 3047 2977 assiduitatem
3078 2921 3395 2991 abjeeimus,
3426 2936 3582 2975 raro-

1983 3028 2086 3082 que
2110 3013 2377 3081 labimur;
2406 3028 2591 3068 verum
2617 3021 2671 3068 et
2698 3011 2836 3067 hanc
2857 3028 3068 3083 quoque
3092 3012 3365 3068 raritatem
3392 3012 3581 3082 depel-

1983 3103 2083 3159 las.
2108 3103 2163 3159 Si
2189 3119 2351 3158 unum
2373 3118 2591 3159 aureum
2613 3102 2953 3173 perdidisses,
2975 3103 3063 3159 die
3082 3103 3232 3170 mihi,
3256 3119 3434 3159 nonne
3458 3119 3582 3159 om-

1982 3208 2079 3250 nes
2104 3194 2283 3251 obires
2310 3193 2602 3266 quaerendo
2624 3201 2681 3249 et
2702 3193 3014 3264 vestigando
3037 3234 3052 3258 ,
3092 3202 3151 3249 ut
3180 3192 3484 3249 invenires?
3521 3192 3581 3250 Id

1981 3301 2192 3356 quoque
2234 3285 2286 3340 in
2324 3287 2643 3356 juramentis
2669 3285 2847 3341 facito.
2889 3285 2945 3341 Si
2987 3285 3186 3341 videris
3215 3297 3266 3342 te
3305 3287 3579 3356 inopinato

1979 3376 2049 3432 ad
2074 3392 2235 3432 unum
2258 3376 2633 3449 jusjurandum
2658 3378 2888 3449 lapsum,
2920 3377 3228 3449 ingemisce,
3260 3379 3400 3449 lnge,
3425 3379 3578 3449 quasi

1979 3467 2072 3538 qui
2094 3468 2272 3522 omnia
2313 3476 2402 3524 tua
2429 3467 2567 3523 bona
2595 3468 2914 3539 perdideris.
2943 3468 3139 3525 lterum
3167 3469 3287 3524 dico
3306 3511 3322 3536 ,
3348 3469 3492 3539 quod
3523 3477 3582 3525 et

1978 3568 2136 3616 antea
2164 3559 2273 3616 dixi
2302 3577 2317 3616 :
2355 3559 2575 3617 include
2602 3570 2655 3618 te
2681 3563 2817 3617 intra
2847 3570 2962 3618 tuas
2985 3561 3149 3631 aedes,
3180 3563 3582 3619 meditationem

1979 3648 2120 3707 hanc
2146 3658 2204 3706 et
2228 3653 2542 3709 exercitium
2568 3652 2817 3708 instituas
2836 3668 2957 3709 eum
2985 3668 3172 3718 uxore,
3201 3668 3325 3709 cum
3356 3653 3539 3710 liberis
3559 3695 3576 3723 ,

1978 3756 2098 3797 cum
2117 3741 2471 3799 familiaribus
2495 3762 2509 3798 :
2537 3745 2616 3800 sic
2644 3754 2817 3800 tecum
2850 3745 2996 3815 prius
3023 3744 3262 3815 loquere,
3287 3744 3403 3801 Non
3429 3746 3576 3816 prius

1977 3841 2067 3888 aut
2092 3834 2318 3905 privata,
2339 3845 2430 3891 aut
2446 3836 2951 3908 publicaattingam,
2971 3852 3130 3908 quam
3151 3838 3379 3893 animam
3401 3853 3580 3894 meam

1977 3927 2327 3997 castigavere.
2356 3928 2413 3983 Si
2442 3943 2540 3984 vos
2561 3928 2628 3983 ad
2655 3944 2776 3983 eum
2803 3927 3022 3983 modum
3051 3928 3187 3983 filios
3216 3937 3424 3984 vestros
3450 3944 3577 3985 eru-

1976 4017 2202 4088 dieritis,
2233 4019 2439 4092 ipsique
2461 4036 2646 4077 rursus
2675 4035 2822 4084 suos,
2865 4029 3024 4091 atque
3052 4021 3122 4075 ita
3150 4035 3318 4091 uSque
3350 4021 3417 4076 ad
3444 4036 3575 4076 con-

1975 4111 2386 4167 summationem
2414 4120 2469 4169 et
2495 4113 2783 4169 adventum
2804 4110 3003 4167 Christi
3024 4110 3300 4181 disciplina
3323 4110 3423 4167 ista
3447 4126 3576 4182 pro-

1976 4213 2219 4275 pagetur,
2274 4204 2378 4259 illis
2426 4205 2515 4275 qui
2544 4204 2744 4275 primas
2792 4202 3002 4258 radices
3050 4201 3298 4269 fixerunt,
3345 4201 3575 4257 solidum

1977 4295 2253 4365 prtemium
2300 4294 2525 4352 adferet.
2579 4295 2635 4351 Si
2679 4294 2920 4365 proferre
2968 4293 3213 4349 didicerit
3262 4293 3400 4348 ﬁlius
3428 4302 3573 4361 tuus,

1974 4385 2155 4455 Crede,
2185 4403 2291 4442 non
2323 4387 2519 4458 poterit
2541 4387 2592 4441 in
2620 4386 2896 4441 theatrum
2919 4384 3234 4449 ascendere,
3264 4391 3359 4439 aut
3385 4400 3576 4455 caupo-

1976 4493 2100 4533 nam
2130 4477 2346 4542 subire,
2383 4486 2475 4532 aut
2515 4478 2647 4534 alea:
2683 4476 2979 4532 immorari.
3008 4474 3242 4531 Verbum
3273 4476 3416 4532 enim
3446 4476 3575 4533 illud

1974 4569 2093 4640 ejus
2113 4571 2191 4624 ori
2220 4584 2317 4639 pro
2342 4568 2494 4624 freno
2527 4568 2862 4634 incumbens,
2894 4567 3116 4623 invitum
3146 4582 3357 4638 quoque
3381 4566 3446 4622 ad
3475 4583 3576 4637 pu-

1975 4659 2160 4715 dorem
2191 4667 2246 4715 et
2269 4659 2642 4715 verecundiam
2677 4659 2941 4729 perpellet
2971 4676 2987 4713 :
3017 4656 3163 4729 quod
3190 4658 3238 4712 si
3282 4656 3575 4728 aliquando

1974 4750 2049 4806 ibi
2089 4752 2488 4822 conspiciatur,
2516 4752 2721 4807 resiliet
2764 4750 2890 4806 inde
2922 4749 3316 4821 quamprimum
3352 4745 3575 4817 poterit.

1974 4843 2080 4900 Sed
2104 4845 2191 4899 alii
2220 4853 2273 4901 te
2297 4845 2522 4900 irrident
2554 4863 2567 4900 :
2600 4855 2654 4899 tu
2678 4844 2913 4899 vicissim
2938 4843 3057 4897 illos
3076 4840 3318 4911 deplore.
3346 4837 3493 4893 Multi
3515 4843 3572 4892 et

1972 4934 2087 4991 Noe
2111 4936 2341 4991 ludibrio
2370 4935 2689 4998 habuerunt,
2730 4950 2851 4989 eum
2878 4948 3055 4989 arcam
3086 4930 3382 4996 conderet;
3409 4935 3573 4985 caete-

1973 5043 2094 5081 rum
2123 5042 2245 5081 cum
2272 5028 2417 5082 venit
2453 5027 2708 5081 diluvium
2728 5067 2746 5092 ,
2778 5014 2894 5095 ipse
2930 5038 3025 5079 eos
3064 5021 3297 5078 vicissim
3344 5020 3510 5075 irrisit
3542 5035 3559 5075 :

1973 5117 2059 5171 vel
2088 5119 2262 5187 potius
2287 5134 2381 5174 eos
2411 5132 2702 5188 numquam
2738 5115 2901 5171 irrisit
2926 5114 3008 5168 vir
3032 5113 3239 5184 justus,
3271 5111 3364 5168 sed
3395 5111 3573 5182 lacry-

1977 5210 2080 5266 mis
2113 5220 2168 5266 et
2198 5213 2483 5283 gemitibus
2522 5217 2882 5280 prosequutus
2903 5216 3006 5263 est.
3039 5206 3171 5263 Cum
3202 5206 3362 5278 igitur
3381 5221 3475 5262 eos
3499 5204 3574 5260 ri-

1975 5304 2164 5359 dentes
2195 5302 2426 5369 videris,
2459 5302 2662 5371 cogita,
2703 5299 2847 5371 quod
2886 5300 2974 5370 qui
3017 5314 3158 5354 nunc
3186 5296 3574 5354 cachinnautur

1976 5397 2180 5461 dentes,
2205 5405 2333 5451 tunc
2359 5396 2621 5466 ploratum
2649 5403 2705 5449 et
2733 5392 3019 5448 stridorem
3049 5391 3422 5462 gravissimum
3444 5400 3565 5440 sus-

1972 5489 2247 5555 tinebunt,
2278 5498 2332 5543 et
2360 5487 2715 5543 lamentantes
2740 5484 2794 5539 in
2821 5484 2912 5539 illo
2936 5484 3024 5539 die
3048 5497 3113 5538 ac
3139 5480 3415 5537 collisione
3438 5476 3566 5531 stri-

1971 5582 2182 5647 dentes,
2209 5581 2358 5636 risus
2395 5578 2850 5643 recordabuntur;
2891 5584 3019 5631 tunc
3060 5582 3114 5629 et
3146 5581 3205 5627 tu
3234 5572 3374 5626 risus
3413 5568 3568 5624 istius

1970 5672 2362 5729 recordaberis.
2400 5670 2743 5741 Quantopere
2770 5666 2939 5723 irrisit
2965 5664 3222 5720 Lazarum
3261 5661 3352 5716 ille
3379 5659 3570 5716 dives?

1970 5768 2063 5827 sed
2092 5762 2433 5840 postmodum
2478 5779 2544 5821 eo
2582 5765 2635 5820 in
2662 5762 2783 5819 sinu
2808 5756 3039 5815 Abrahae
3080 5760 3408 5826 conspecto,
3456 5751 3574 5825 ipse
