4066 6494
498 411 595 469 ill

496 530 732 594 seipsum
762 521 1137 580 miserabiliter
1164 523 1404 579 deflevit.

566 617 618 671 9.
641 615 841 672 Horum
875 617 1034 686 igitur
1065 618 1301 672 omnium
1334 632 1556 683 memor,
1585 616 1853 688 compelle
1891 631 2083 687 quam-

498 709 725 774 primum
776 723 963 763 omncs
1009 708 1076 764 ad
1118 708 1276 779 hujus
1328 710 1578 780 praecepti
1625 706 2082 778 adimpletionem.

501 797 680 868 Neque
705 799 834 854 mibi
864 799 1031 868 dicas,
1058 801 1316 856 Paulatim
1344 802 1409 857 id‘
1438 801 1647 869 faciam,
1677 810 1769 857 aut
1809 802 1861 857 in
1891 801 2083 857 crasti-

501 905 619 943 nam
642 890 813 946 lucem
845 891 1059 948 differas
1090 911 1103 947 :
1134 910 1253 949 cras
1274 894 1415 949 enim
1446 894 1574 949 illud
1604 907 1891 965 numquam
1923 892 2081 947 tinem

500 980 741 1050 accipiet.
771 982 1130 1054 Quadraginta
1174 985 1289 1040 dies
1322 986 1432 1054 jam
1470 985 1877 1055 praeterierunt:
1908 984 1950 1037 si
1981 984 2083 1038 Pa-

499 1071 627 1127 scha
655 1088 866 1144 quoque
892 1090 1102 1129 sacrum
1127 1076 1460 1145 prmterierit,
1486 1075 1614 1130 nulli
1638 1075 1747 1145 jam
1775 1074 1969 1130 deinde
1989 1089 2080 1129 res

493 1163 637 1218 niam
656 1163 823 1231 dabo,
880 1181 985 1221 non
1012 1167 1450 1235 admonitionem,
1502 1168 1604 1223 sed
1644 1168 1747 1221 vim
1793 1167 1999 1236 imperii
2031 1174 2091 1222 et

497 1257 837 1320 severitatem
868 1273 974 1312 non
1012 1258 1453 1315 contemnendam
1483 1259 1765 1314 adhibebo.
1798 1258 1914 1314 Non
1940 1259 2081 1314 enim

493 1345 666 1401 valida
690 1356 774 1402 est
800 1348 915 1402 haec
938 1347 1337 1404 consuetudinis
1363 1350 1654 1404 excusatio.
1684 1348 1792 1404 C'ur
1821 1365 1923 1403 non
1948 1366 2083 1418 pra:-

497 1436 667 1492 tendit
688 1436 771 1493 fur
799 1439 1259 1515 consuetudinem,
1304 1447 1358 1494 ct
1399 1454 1428 1492 a
1477 1440 1738 1510 supplicio
1787 1440 2085 1495 liberatur?

492 1543 591 1582 cur
619 1544 724 1583 non
769 1530 908 1585 idem
936 1530 1059 1586 facit
1088 1531 1348 1587 homicida
1385 1541 1440 1586 et
1478 1531 1732 1587 adulter?
1761 1532 1882 1605 Iam
1924 1531 2085 1602 igitur

494 1617 752 1674 denuntio
800 1630 849 1677 et
882 1630 1167 1690 protestor.
1197 1622 1238 1676 si
1271 1622 1580 1676 conveniam
1626 1622 1883 1692 singulos,
1914 1630 1966 1675 et
1992 1637 2084 1675 cx-

495 1729 782 1744 *η

1206 410 1267 469 S.
1304 407 1583 468 JO‘ANNI‘S
1620 406 2095 467 CIIRYSOSTDMI
2136 407 2450 465 ARCIIIEP.
2492 408 3023 468 CONST.\NTINOI‘.

3671 415 3781 472 2H

2193 521 2548 590 perimentum
2574 537 2781 577 sumam
2808 524 2951 596 (nam
2980 523 3121 579 haud
3149 523 3311 581 dubie
3337 530 3605 598 sumam);
3639 530 3797 598 quotf

2193 614 2236 669 si
2264 614 2659 685 deprehendam
2685 616 2890 687 aliquos
2940 616 3055 673 haec
3100 617 3228 673 vitia
3278 634 3386 674 non
3427 620 3728 677 correxisse
3758 663 3776 690 ,

2188 721 2400 777 ptenam
2437 708 2701 780 irrogabo,
2740 708 2969 777 edicam,
2998 717 3057 764 ut
3077 709 3205 765 foris
3228 718 3375 765 extra
3402 725 3557 766 sacra
3575 722 3781 784 myste-

2191 798 2266 852 ria
2291 799 2604 864 consistant,
2632 798 2791 869 idque
2815 813 2922 854 non
2951 813 3017 855 eo
3041 799 3220 855 animo
3249 809 3307 855 ut
3340 799 3469 855 foris
3507 811 3781 871 maneant,

2189 889 2282 944 sed
2310 900 2365 945 ut
2388 897 2668 960 postquam
2710 904 2768 944 se
2796 889 3214 955 emendaverint,
3247 891 3389 946 intus
3431 892 3632 962 recepti
3657 910 3781 947 cum

2189 995 2322 1050 pura
2350 982 2673 1036 conscientia
2720 995 2870 1035 sacra
2897 997 3082 1037 mensa
3133 981 3374 1038 fruantur
3398 1001 3412 1038 :
3440 983 3493 1038 id
3521 985 3664 1039 enim
3697 999 3782 1041 est

2189 1074 2578 1129 cmnmunionis
2599 1075 2912 1145 participem
2941 1075 3075 1131 ﬁeri.
3126 1074 3545 1146 Precor'autem,
3580 1090 3636 1135 ut
3687 1097 3783 1151 per

2196 1179 2387 1235 preces
2415 1175 2522 1220 tum
2550 1165 2857 1234 prtesidum,
2914 1175 3024 1221 tum
3053 1178 3357 1223 sanctorum
3393 1171 3630 1225 omnium
3666 1171 3782 1228 ha.-c

2189 1254 2365 1309 etalia
2392 1255 2513 1310 vitia
2540 1256 2717 1310 omnia
2746 1257 3109 1323 emendantes,
3145 1274 3367 1329 regnum
3390 1261 3643 1316 cat-lorum
3665 1265 3782 1317 adi-

2191 1346 2480 1415 piscamur,
2531 1349 2705 1418 gratia
2746 1358 2799 1403 et
2828 1349 3157 1419 benignitate
3204 1350 3412 1405 Domini
3456 1354 3621 1407 nostri
3647 1354 3778 1409 Iesu

2191 1437 2411 1503 Christi,
2458 1455 2579 1493 cum
2615 1454 2721 1510 quo
2763 1440 2904 1494 Patri
2954 1456 3073 1495 cum
3114 1451 3311 1495 sancta“
3327 1441 3524 1510 Spiritu
3564 1444 3730 1511 gloria
3759 1487 3776 1510 ,

2194 1528 2368 1583 honor
2394 1538 2449 1584 et
2473 1530 2734 1593 adoratio,
2762 1545 2904 1584 nunc
2930 1540 2983 1584 et
3011 1546 3244 1601 semper,
3271 1542 3324 1586 ct
3368 1533 3419 1586 in
3448 1534 3641 1588 smcula
3671 1549 3778 1589 sa:-

2193 1621 2459 1674 culorum.
2496 1623 2682 1677 Amen.

496 1799 558 1847 η
604 1804 882 1848 ειηδεοινι
934 1807 1234 1850 ΠαινιΑκι
1280 1806 1605 1859 ΒΕΒΠὋΜ,
1654 1807 1733 1848 ΕΤ
1776 1805 1840 1849 ις
1886 1804 2098 1848 IMPEF.

2187 1804 2311 1847 ηις
2356 1804 2487 1847 CUM
2530 1805 2829 1848 CIVITATE
2876 1807 3522 1867 REGONCILIATIONEM,
3569 1811 3649 1854 ET
3693 1812 3787 1853 AD

1302 1904 1788 1950 PRJZVAIIICATOS
1833 1905 1895 1947 IN
1942 1903 2328 1947 STATUARUM
2367 1902 2858 1948 SUBVEBSIONEM‘
2897 1900 2959 1947 ¹.-

1899 2006 2380 2087 μορε»...-

1093 2151 1307 2190 ΠΟΗΙΗΔ
1350 2150 1460 2189 XXI.

564 2248 617 2302 I.
651 2248 688 2302 Α
717 2248 878 2303 verbo
929 2264 957 2301 a
1016 2264 1119 2318 quo
1164 2262 1377 2317 semper
1433 2246 1785 2315 periculorum
1836 2252 2079 2315 tempore

494 2337 637 2407 apud
680 2338 957 2393 caritatem
1009 2348 1235 2391 vestram
1271 2337 1502 2392 exordiri
1555 2350 1958 2400 consueverant,
2013 2326 2093 2391 ab"

498 2427 709 2493 eodem,
743 2427 979 2496 inquam,
1014 2437 1066 2481 et
1094 2426 1254 2482 hodie
1292 2427 1428 2497 apud
1462 2441 1557 2481 vos
1600 2440 1901 2481 sermonem
1947 2425 2078 2479 inci-

496 2518 659 2587 piam,
704 2527 761 2572 ct
811 2502 982 2572 dicam
1034 2517 1356 2571 vobiscum:
1406 2516 1724 2571 Benedictus
1778 2516 1939 2582 Deus,
1990 2516 2079 2586 qui

498 2609 633 2663 hanc
660 2623 757 2663 nos
791 2609 1062 2663 vobiscum
1093 2623 1298 2663 sacram
1324 2607 1714 2662 solemnitatem
1744 2623 1862 2663 cum
1885 2608 2081 2678 gaudio

494 2709 548 2755 et
575 2700 755 2754 Izetitia
783 2699 946 2753 multa
977 2699 1135 2754 hodie
1174 2698 1446 2754 celebrare
1484 2698 1731 2768 dignatus
1756 2707 1862 2765 est,
1904 2707 1959 2753 et
1991 2699 2080 2768 qui

496 2800 654 2861 caput
705 2792 915 2861 corpori
954 2791 1199 2855 reddidit,
1236 2800 1286 2844 ct
1327 2800 1593 2862 pastorem
1633 2789 1842 2853 ovibus,
1876 2805 2079 2859 praece-

498 2891 708 2951 ptorem
736 2882 1032 2952 discipulis,
1056 2883 1310 2937 militibus
1327 2882 1535 2945 ducem,
1554 2881 1919 2936 sacerdotibus
1951 2896 2082 2950 pon-

498 2974 713 3029 titicem.
745 2973 1062 3030 Benedictus
1098 2975 1237 3028 Deus
1261 2973 1348 3043 qui
1376 2988 1442 3028 ex
1478 2972 1925 3042 supcralmndauti
1966 2974 2081 3042 plus

499 3066 639 3130 facit,
689 3081 845 3135 quam
891 3066 1119 3136 petimus
1141 3073 1233 3119 aut
1260 3066 1557 3135 cogitamus
1601 3063 1821 3134 (Ephes.
1871 3064 1924 3119 5.
1960 3062 2077 3134 20).

499 3155 661 3211 Nobis
688 3156 827 3211 enim
867 3155 1114 3211 sufficere
1137 3155 1417 3211 videbatur
1458 3153 1528 3208 ab
1571 3154 1889 3210 instantibus
1926 3154 2083 3208 malis

496 3249 706 3304 interim
755 3249 1003 3312 liberari,
1058 3258 1112 3304 et
1156 3263 1251 3319 pro
1294 3247 1398 3303 hoc
1447 3262 1659 3301 omnem
1708 3246 2082 3301 emittehamus

499 3340 940 3410 supplicationem
992 3343 1065 3406 ’;
1124 3341 1571 3396 clementissimus
1614 3346 1791 3393 autem
1842 3338 1983 3393 Deus
2030 3347 2083 3392 et

494 3433 650 3488 donis
695 3434 981 3500 petitiones
1010 3441 1223 3486 nostras
1269 3446 1484 3501 semper
1512 3430 1679 3484 multo
1716 3442 1944 3484 excessu
1992 3444 2081 3482 su-

496 3539 714 3593 perans,
747 3526 907 3579 etiam
939 3533 1142 3593 patrem
1174 3522 1327 3577 nobis
1367 3522 1510 3576 omni
1558 3536 1654 3590 spe
1680 3520 1910 3575 celerius
1955 3519 2080 3574 red-

497 3613 650 3667 didit.
682 3612 811 3680 Quis
839 3614 979 3668 enim
1021 3621 1383 3683 exspectasset
1426 3621 1533 3667 tam
1570 3610 1754 3681 paucis
1796 3610 1986 3666 diebus
2029 3619 2084 3666 et

496 3701 885 3772 profecturum,
914 3710 967 3758 et
1006 3700 1384 3771 Imperatorem
1422 3701 1812 3772 alloquuturum
1841 3711 1894 3756 et
1938 3701 2082 3755 solu-

500 3802 675 3847 turum
706 3791 948 3857 adversa,
989 3800 1043 3848 et
1058 3807 1266 3846 rursum
1296 3793 1361 3846 ad
1390 3806 1486 3846 nos
1511 3800 1618 3847 tam
1649 3791 1796 3847 brevi
1831 3806 2081 3847 reversu-

496 3897 614 3937 rum
644 3896 783 3949 csse,
814 3891 871 3937 ut
895 3897 1105 3938 sacrum
1132 3881 1333 3937 Pascha
1365 3891 1545 3952 posset
1574 3881 1870 3951 pnevenire
1907 3889 1960 3937 ct
1982 3897 2080 3937 no-

495 3977 701 4031 hiscum
728 3977 1041 4032 celebrare?
1066 3977 1170 4031 Sed
1198 3992 1285 4041 eu,
1315 3977 1731 4046 inexspectatum
1754 3975 1856 4031 hoc
1885 3975 2078 4030 factum

495 4075 595 4128 est,
645 4077 693 4121 et
721 4076 924 4137 patrem
962 4068 1295 4137 recepimus,
1327 4077 1381 4123 et
1420 4067 1623 4138 majore
1665 4068 1894 4123 fruimur
1925 4069 2077 4123 volu-

496 4167 664 4226 ptate,
697 4158 866 4227 ipsum
894 4174 1034 4215 nunc
1065 4168 1256 4229 praeter
1280 4174 1430 4229 spem
1454 4160 1810 4229 suscipiemlo.
1845 4161 1952 4215 Pro
1976 4161 2077 4226 his,

498 4249 732 4317 inquam,
765 4251 1010 4305 omnibus
1036 4251 1456 4305 clementissimo
1474 4251 1584 4305 Deo
1607 4250 1808 4321 gratias
1836 4266 2075 4321 agamus,

496 4348 550 4392 ct
577 4338 742 4409 ipsius
794 4343 1083 4409 potentiam
1130 4341 1478 4405 admiremur,
1511 4351 1564 4396 et
1603 4343 1982 4412 benignitatem
2026 4352 2082 4398 et

495 4430 813 4497 sapientiam
843 4440 896 4485 et
920 4446 1123 4497 curam,
1178 4446 1338 4501 quam
1366 4447 1462 4502 pro
1489 4432 1702 4486 civitate
1741 4433 1926 4501 gessit.
1959 4432 2081 4485 Dia-

496 4518 654 4573 bolus
700 4535 891 4589 nempe
950 4536 1165 4576 omnem
1222 4522 1388 4591 ipsam
1443 4539 1541 4593 per
1591 4523 1827 4580 facinora
1875 4533 2080 4594 patrata

498 4608 728 4662 obruere
751 4612 992 4675 tentavit,
1024 4611 1165 4666 Deus
1197 4626 1326 4666 vero
1341 4612 1612 4667 civitatem
1649 4622 1704 4669 et
1750 4613 2080 4670 sacerdotem

492 4708 545 4754 ct
573 4700 949 4769 Imperatorem
974 4717 1070 4772 per
1095 4701 1233 4757 hanc
1256 4702 1467 4758 ornavit
1489 4705 1864 4769 calamitatem,
1891 4714 1942 4761 et
1966 4709 2083 4760 oni-

494 4807 592 4848 nes
638 4792 868 4848 reddidit
913 4795 1188 4850 clariores.
1247 4793 1449 4851 Civitas
1494 4811 1688 4868 nempe
1736 4798 2076 4867 splendorem

492 4893 776 4954 assequuta
813 4893 914 4951 est,
942 4886 1063 4957 quia
1105 4886 1342 4956 periculo
1370 4887 1459 4941 tali
1511 4889 1893 4954 circumventa,
1943 4905 2080 4958 pra:-

496 4977 761 5031 termissis
788 4977 1035 5033 omnibus
1078 4978 1209 5033 viris
1243 4978 1563 5049 potentibus,
1594 4980 1842 5035 omnibus
1883 4980 2079 5037 divitiis

496 5065 910 5134 abundantibus,
960 5069 1208 5125 omnibus
1240 5084 1485 5140 magnam
1522 5070 1661 5140 apud
1699 5071 2076 5142 Imperatorem

498 5157 787 5225 potentiam
818 5159 1154 5224 habentibus,
1185 5161 1250 5215 ad
1275 5161 1570 5216 Ecclesium
1596 5171 1652 5215 et
1686 5163 1778 5217 Dei
1822 5164 2076 5218 sacerdo-

498 5254 606 5300 tem
636 5246 894 5318 confugit,
926 5260 1118 5306 etcum
1151 5253 1316 5307 multa
1344 5250 1448 5307 fide
1476 5252 1674 5307 caelesti
1703 5269 1762 5308 se
1786 5255 1898 5325 spei
1929 5270 2078 5310 com-

499 5339 667 5403 misit.
695 5339 871 5395 Multis
910 5358 1139 5413 namque
1167 5352 1289 5414 post
1315 5344 1615 5400 communis
1645 5346 1809 5414 patris
1841 5347 2076 5417 peregri-

495 5432 767 5489 nationem
796 5433 848 5488 in
870 5447 1084 5491 carcere
1104 5434 1406 5492 habitantes
1428 5438 1750 5493 terrentibus
1774 5448 1827 5494 et
1856 5438 2083 5493 dicenti-

511 5685 522 5695 .
551 5629 567 5657 ¹
603 5625 746 5677 Savil.
775 5633 825 5676 et
844 5627 1036 5698 quidam
1059 5626 1136 5676 alii
1163 5628 1446 5698 sic__titulum
1468 5629 1654 5698 habent
1678 5646 1691 5680 :
1726 5640 1780 5698 (η
1802 5632 2083 5683 reconcilia-

485 5691 664 5737 tionem
683 5691 999 5755 imperatoris
1022 5701 1133 5755 eum
1155 5691 1361 5755 ciuitate,
1401 5698 1449 5755 et
1471 5691 1522 5742 in
1537 5692 1883 5755 prwvan'catos
1903 5701 2082 5745 statua-

486 5758 595 5815 rum
610 5748 936 5815 ﬁsubyersionc,
950 5755 1008 5815 _et
1032 5748 1082 5797 in
1102 5749 1312 5815 reditum
1334 5748 1572 5815 Episcopi.

551 5809 742 5881 usam.
771 5818 822 5858 et
845 5809 1044 5881 quidam
1069 5810 1154 5881 alii
1183 5825 1195 5859 :
1238 5809 1470 5863 [natantia
1495 5809 1717 5878 emtgisse
1741 5817 1975 5880 pericula,
1993 5830 2082 5881 pro

488 5866 666 5925 Quibus
685 5866 879 5920 omneni
902 5870 1245 5930 emiltclwmur,
1273 5881 1367 5922 etc.

2188 2127 2307 2193 bus,
2334 2127 2451 2182 Non
2471 2128 2665 2184 lenitur
2693 2129 3006 2200 Imperator,
3035 2130 3128 2185 sed
3157 2131 3324 2202 magis
3350 2133 3606 2199 irritatur,
3636 2145 3689 2191 et
3710 2136 3786 2191 de

2191 2221 2351 2275 totius
2378 2222 2606 2277 civitatis
2647 2224 2996 2279 subversionc
3021 2224 3236 2294 cogitat,
3283 2233 3339 2280 et
3364 2227 3465 2280 alia
3496 2229 3658 2283 multa
3689 2229 3787 2284 his.

2187 2313 2338 2384 plura
2362 2313 2774 2386 divulgantibns,
2806 2315 2973 2370 vincti
3002 2315 3168 2369 nihilo
3219 2326 3359 2372 tunc.
3384 2332 3448 2372 ex
3489 2317 3590 2374 hac
3632 2319 3785 2375 fama.

2190 2406 2483 2463 timidiores
2512 2408 2702 2463 redditi
2733 2418 2905 2475 sunt;
2941 2408 3038 2464 sed
3081 2409 3235 2463 nobis
3287 2409 3608 2478 dicentibus,
3649 2412 3787 2468 Ihco

2188 2498 2317 2552 falsa
2357 2507 2410 2553 et
2438 2498 2636 2555 diaboli
2681 2498 2882 2555 fraudis
2928 2514 3091 2569 opera
3118 2501 3523 2566 sunt,.animos
3567 2512 3785 2560 vestros

2187 2597 2537 2645 consternare
2566 2589 3250 2661 volentis,.Nihil.egemus,
3299 2590 3525 2656 aiebant,
3572 2592 3764 2648 verbo-

2190 2693 2305 2732 rum
2333 2678 2699 2734 consolatione
2729 2697 2744 2736 :
2770 2680 2968 2735 scimus
3007 2682 3149 2735 enim
3201 2679 3266 2734 ad
3304 2695 3458 2751 quem
3514 2681 3582 2737 ab
3620 2681 3777 2738 initio

2187 2769 2546 2842 confugimus,
2572 2780 2626 2827 et
2653 2771 2799 2842 quali
2819 2772 2934 2842 spei
2962 2771 3283 2827 adhaesimus
3312 2789 3327 2826 :
3357 2787 3522 2828 sacra:
3546 2775 3777 2830 salutem

2188 2871 2423 2916 nostram
2453 2877 2665 2919 ancoras
2715 2862 3001 2931 afﬁximus,
3051 2879 3152 2920 nec
3197 2863 3401 2919 homini
3449 2866 3775 2922 credidimus

2188 2952 2349 3021 hanc,
2383 2952 2483 3008 sed
2502 2954 2851 3024 omnipotenti
2876 2954 3003 3010 Deo.
3038 2955 3321 3025 Propterea
3339 2956 3535 3012 bonum
3560 2973 3779 3029 quoque

2186 3044 2346 3100 finem
2388 3047 2621 3101 futurum
2653 3047 2871 3103 omnino
2909 3047 3227 3103 confidimus
3269 3067 3283 3104 :
3328 3065 3433 3106 non
3478 3062 3561 3107 est
3607 3053 3779 3118 enim,

2187 3152 2293 3191 non
2318 3146 2399 3192 est
2425 3138 2561 3194 hanc
2585 3154 2734 3209 spem
2770 3155 3018 3211 umquam
3058 3139 3312 3196 confundi
3345 3157 3503 3213 posse
3546 3144 3774 3200 creden.

2185 3229 2333 3284 dum.
2364 3229 2477 3286 IIoc
2497 3238 2627 3301 quot
2651 3246 2900 3298 coronas,
2930 3242 3061 3302 quot
3105 3232 3290 3289 Iaudes
3333 3235 3535 3289 civitati
3575 3248 3774 3293 nostrae

2185 3323 2550 3393 comparabit?
2573 3334 2824 3394 quantam
2855 3326 2945 3380 Dei
2973 3325 3268 3381 lucrabitur
3303 3326 3725 3384 benevolentiam
3748 3361 3799 3393 κ.

2186 3412 2344 3466 etiam
2373 3412 2426 3466 in
2451 3413 2672 3483 reliquis
2702 3416 2965 3482 negotiis?
2994 3415 3106 3471 Non
3137 3425 3219 3472 est
3241 3419 3403 3481 enim,
3442 3434 3549 3474 non
3571 3430 3654 3476 est
3677 3436 3775 3477 cus

2180 3499 2402 3569 juslibet
2423 3502 2617 3558 animrc
2648 3503 2699 3559 in
2729 3505 3076 3561 tentationum
3098 3506 3314 3563 incursu
3340 3509 3577 3578 vigilare,
3623 3520 3678 3567 et
3702 3512 3797 3565 ad-

2189 3592 2354 3647 Deum
2408 3594 2711 3662 respicere,
2753 3605 2820 3651 et-
2852 3598 3031 3652 omnia
3077 3596 3372 3654 deridendo
3405 3599 3653 3669 humana,
3702 3601 3779 3656 ad,

2186 3680 2310 3736 illud
2337 3683 2589 3738 auxilium
2618 3685 2923 3742 anhelasse.

2259 3771 2500 3828 Flaviani
2516 3774 2586 3829 ad
2612 3773 2981 3846 Imperatorem
3008 3782 3282 3850 profectus.
3301 3810 3371 3821 —
3394 3780 3554 3851 Igitur
3580 3781 3774 3837 civitas

2188 3864 2403 3935 quidem
2429 3866 2501 3921 ita
2522 3867 2859 3936 Splendorem
2900 3881 3178 3939 assequuta
3215 3882 3325 3937 est;
3358 3873 3607 3927 sacerdos
3646 3890 3772 3929 rur-

2184 3970 2301 4010 sum
2329 3970 2434 4011 non
2466 3957 2641 4012 minus
2689 3973 2844 4027 quam
2893 3959 3118 4013 civitas:
3150 3962 3382 4014 animam
3411 3962 3553 4016 enim
3613 3975 3771 4015 suam

2185 4062 2281 4116 pro
2336 4047 2584 4102 omnibus
2631 4049 2897 4120 exposuit,
2944 4058 2998 4103 et
3070 4051 3249 4104 multis
3320 4050 3775 4120 impedientibus,

2186 4137 2398 4207 hyeme,
2433 4148 2609 4205 a‘tate,
2642 4138 2958 4207 festivitate,
2990 4154 3092 4195 nec
3138 4140 3316 4196 minus
3345 4156 3528 4196 sorore
3571 4140 3637 4196 ad
3672 4158 3773 4196 ex-

2187 4240 2384 4284 tremos
2414 4230 2639 4286 deducta
2684 4232 2923 4302 spiritus,
2964 4233 3215 4288 omnibus
3261 4234 3505 4304 superior
3551 4235 3775 4289 emicuit

2185 4318 2600 4391 impedimentis,
2625 4338 2724 4377 nec
2752 4324 2888 4379 intra
2913 4326 3147 4394 seipsum
3170 4325 3306 4381 dixit
3331 4344 3341 4380 :
3368 4326 3505 4394 Quid
3533 4328 3633 4381 hoc
3659 4327 3775 4382 est?

2184 4412 2296 4464 Sola
2329 4412 2484 4467 nobis
2514 4413 2770 4468 derelicta
2819 4430 2992 4481 soror,
3021 4424 3077 4471 et
3120 4431 3328 4471 mecum
3359 4416 3555 4471 Christi
3582 4417 3774 4488 jugum

2185 4501 2421 4567 trahens,
2452 4512 2506 4556 et
2533 4510 2773 4571 tempore
2796 4513 2943 4559 tanto
2986 4521 3194 4560 mecum
3239 4516 3591 4568 commorata,
3623 4521 3782 4562 nunc

2185 4591 2238 4645 in
2263 4592 2518 4646 extremis
2540 4602 2656 4658 est;
2684 4609 2783 4648 nos
2805 4610 2934 4649 vero
2960 4595 3127 4664 ipsam
3151 4596 3460 4652 deserentes
3479 4596 3769 4661 abibimus,

2184 4697 2285 4737 nec
2313 4683 2676 4750 exSpirantem
2708 4684 3028 4750 videbimus,
3055 4695 3109 4740 et
3153 4688 3366 4742 ultimas
3404 4703 3568 4742 voces
3609 4689 3774 4746 emit.-

2186 4776 2430 4829 tentem?
2458 4775 2525 4830 Et
2550 4776 2664 4844 ipsa
2690 4777 2904 4847 quidem
2927 4778 3166 4849 quotidie
3193 4780 3402 4846 orabat,
3433 4789 3495 4835 ut
3522 4780 3625 4836 sibi
3653 4796 3779 4837 ocu-

2183 4865 2266 4920 los
2294 4865 2665 4922 clauderemus
2684 4909 2698 4932 ,
2731 4876 2785 4923 et
2825 4882 2885 4923 os
2915 4868 3364 4939 conjmtgeremus
3394 4880 3451 4926 et
3479 4885 3778 4941 compone-

2184 4970 2402 5023 remus,
2435 4971 2497 5010 ac
2542 4957 2746 5028 reliqua
2785 4958 2853 5014 ad
2900 4959 3227 5030 sepulturam
3258 4971 3514 5017 consueta
3556 4978 3779 5017 curare-

2184 5061 2305 5101 ntus
2330 5063 2346 5112 ;
2377 5062 2519 5102 nunc
2547 5063 2678 5103 vero
2724 5057 2993 5120 tamquam
3024 5050 3254 5118 deserta,
3281 5062 3334 5107 et
3357 5061 3531 5108 tutore
3558 5067 3772 5119 carens,

2185 5137 2319 5191 nihil
2367 5137 2558 5193 horum
2615 5151 2930 5211 assequetur
2966 5156 2996 5195 a
3039 5157 3297 5212 germano
3318 5184 3332 5206 ,
3365 5159 3395 5197 a
3424 5158 3531 5213 quo
3559 5146 3776 5214 assequi

2184 5230 2415 5285 maxime
2437 5231 2749 5301 peroptabat
2770 5275 2790 5299 ,
2816 5233 2909 5287 sed
2939 5233 3170 5287 animam
3201 5234 3472 5299 emittens,
3504 5249 3608 5289 non
3635 5234 3778 5290 vide-

2187 5321 2264 5375 bit
2291 5321 2529 5376 omnium
2559 5323 2660 5378 sibi
2687 5324 3203 5379 desideratissimam
3221 5326 3324 5381 ?'et
3362 5325 3464 5380 hoc
3505 5325 3776 5394 quomodo

2184 5429 2290 5467 non
2319 5414 2425 5467 erit
2453 5415 2651 5483 saepius
2692 5417 2914 5485 repetita
2959 5424 3131 5470 morte
3166 5416 3422 5486 gravius?
3448 5417 3697 5484 Quinimo
3727 5424 3778 5471 st

2185 5505 2345 5576 longe
2369 5505 2651 5574 abfuisset,
2682 5522 2861 5561 nonne
2910 5508 3191 5578 oportebat
3232 5525 3480 5575 currere,
3509 5521 3564 5565 et
3592 5511 3785 5564 omnia

2186 5594 2363 5651 facere
2415 5605 2471 5652 et
2515 5599 2661 5667 pati,
2718 5607 2777 5652 ut
2833 5598 2970 5653 hanc
3012 5600 3111 5668 ipsi
3154 5601 3380 5671 gratiam
3428 5599 3781 5671 praeberem?

2184 5701 2327 5741 nunc
2355 5702 2481 5742 vero
2510 5703 2675 5757 prope
2705 5703 2822 5742 cum
2850 5689 2977 5749 sint.
3006 5689 3325 5745 deseramne
3346 5731 3360 5755 ,
3394 5700 3450 5745 et
3492 5689 3775 5747 dimittens

2183 5777 2382 5831 abibo?
2404 5786 2457 5833 et
2483 5781 2754 5848 quomodo
2780 5789 3067 5850 sequentes
3088 5779 3324 5852 perferet
3346 5779 3499 5836 dies?
3521 5779 3618 5835 Ille
3640 5794 3773 5837 vero

2187 5886 2292 5926 non
2321 5878 2524 5925 tantum
2558 5871 2689 5927 nihil
2730 5870 2919 5927 horum
2947 5871 3112 5937 dixit,
3143 5871 3249 5928 sed.
3271 5886 3443 5943 neque
3481 5871 3771 5943 cogitavit;
