4066 6422
257 514 421 570 αὐτὸν
444 513 510 567 ἐν
532 510 644 577 τοῖς
673 512 893 577 κόλποις
915 497 1014 568 ⁸αἰτοῦ
1048 510 1320 584 Ἀϐραάμ,
1349 513 1540 567 ἐαυτὸν
1568 513 1785 585 ἐθρήνει
1821 512 1931 566 λοι-

267 606 393 662 πόν.

326 689 392 745 θ’.
427 688 613 743 Ταῦτα
642 684 735 743 οῦν
773 689 991 743 ᾶπαντα
1022 688 1219 742 ἐννοῶν
1245 686 1474 742 συνώθει
1496 688 1702 752 πάντας
1724 687 1932 757 ταχέως

253 777 336 841 είς
368 776 468 846 τὴν
493 776 597 846 τῆς
626 775 844 847 ἐντολῆς
874 776 1245 849 ἐκπλήρωσιν..
1277 777 1388 830 Καὶ
1419 776 1491 847 μή
1527 794 1618 847 μοι
1656 775 1805 845 λέγε,
1848 775 1932 828 ὅτι

255 863 415 918 Κατά
453 863 669 935 μικρὸν,
717 863 853 935 μηδὲ
898 865 979 928 εἰς
1011 864 1112 934 τὴν
1144 861 1336 936 αὔριον
1383 862 1716 917 ἀναϐάλλουο
1761 865 1797 934 ή
1821 862 1931 935 γὰρ

255 950 443 1022 αὔριον
481 951 738 1005 οὐδέποτε
771 951 1038 1022 λαμϐάνει
1067 950 1243 1015 τέλος.
1290 950 1712 1022 Τεσσαράκοντα
1743 950 1933 1004 λοιπὸν

254 1039 461 1109 ἡμέραι
500 1038 774 1110 παρῆλθον
794 1056 811 1070 ἠ
866 1038 934 1093 ἂν
981 1038 1160 1092 τοίνυν
1214 1038 1276 1092 τὸ
1322 1039 1517 1109 Πάσχα
1568 1039 1818 1112 παρέλθῃ
1873 1039 1936 1093 τὸ

258 1127 438 1198 ἱερὸν,
506 1127 682 1182 οὐδενὶ
737 1126 1130 1197 συγ-γνώσομαι
1178 1127 1386 1191 λοιπὸν,
1435 1127 1557 1180 οὐδὲ
1607 1127 1932 1197 παραίνεσιν

255 1214 531 1286 προσάξω,
555 1214 673 1268 ἀλλ’
700 1214 973 1287 ἐπιταγὴν
1006 1216 1102 1269 καὶ
1122 1216 1431 1285 ἀποτομίαν
1456 1216 1932 1286 ἀκαταφρόνητον

251 1303 376 1357 οὐδέ
408 1303 518 1374 γάρ
554 1305 753 1374 ἰσχυρά
782 1304 922 1376 αὐτη
945 1306 978 1377 ἡ
1001 1304 1270 1374 ἀπολογία
1300 1306 1333 1377 ἡ
1367 1304 1456 1358 διά
1485 1305 1588 1375 τῆς
1617 1305 1932 1376 συνηθείας.

253 1390 352 1444 Διά
381 1391 434 1443 τί
457 1393 486 1444 6
523 1391 773 1446 κλέπτων
806 1394 865 1445 οὐ
903 1393 1272 1464 προϐάλλεται
1296 1393 1608 1464 συνήθειαν,
1637 1395 1734 1447 καὶ
1760 1393 1936 1446 ἀπαλ-

253 1478 506 1533 λάττεται
549 1479 860 1545 κολάσεως;
905 1480 995 1534 διὰ
1045 1481 1104 1534 τί
1144 1483 1172 1534 6
1207 1480 1448 1549 φονεύων
1494 1480 1589 1534 καὶ
1626 1480 1932 1551 μοιχεύων;

254 1566 402 1621 Πᾶσι
437 1566 619 1621 τοίνυν
656 1568 907 1642 προλέγω
943 1569 1042 1622 καὶ
1072 1567 1544 1640 διαμαρτύρομαι,
1581 1569 1662 1623 ὅτι
1697 1568 1764 1622 ἂν
1806 1585 1939 1637 συγ-

1253 397 1341 453 AD
1378 395 1712 454 POPULUM
1752 393 2262 451 ANTIOCHENUM
2327 394 2563 450 IIOMIL.
2608 393 2750 448 XXI.

2038 509 2335 581 γενόμενος
2351 511 2482 580 ὑμῖν
2506 510 2627 563 κατ’
2649 508 2786 563 ἰδίαν
2813 509 2907 564 καὶ
2929 508 3111 563 λαϐὼν
3127 510 3437 585 ἀπόπειραν
3463 517 3727 589 (λήψομαι

2038 598 2095 652 δὲ
2124 596 2385 668 πάντως),
2423 596 2571 671 εὕρω
2587 598 2743 661 τινὰς
2769 597 2845 669 μὴ
2880 595 3286 669 διορθώσαντας
3317 601 3379 654 τὸ
3409 603 3725 681 ἐλάττωμα,

2039 685 2330 756 ἀπαιτήσω
2370 684 2550 755 δίκην,
2587 684 2855 748 κελεύσας
2886 684 2993 752 ἔξω
3028 687 3214 756 μένειν
3246 689 3357 743 τῶν
3405 693 3727 764 μυστηρίων

2038 772 2148 826 τῶν
2172 774 2356 844 ἱερῶν,
2374 773 2473 843 οὐχ
2507 773 2595 826 ἵνα
2632 773 2868 844 μένωσιν
2893 772 3017 839 ἔξω,
3048 775 3185 829 ἀλλά
3214 777 3301 830 ἶνα
3326 778 3724 850 διορθώσαντες

2040 862 2268 925 ἑαυτοὺς
2301 860 2474 925 οὕτως
2509 862 2817 927 εἰσέλθωσι,
2854 864 2949 917 καὶ
2985 866 3131 934 μετὰ
3157 866 3400 937 καθαροῦ
3424 871 3729 937 συνειδότος

2041 948 2396 1003 ἀπολαύσωσι
2417 952 2518 1021 τῆς
2551 951 2705 1021 ἰερᾶς
2737 951 3052 1023 τραπέζης’
3087 953 3250 1007 τοῦτο
3271 956 3381 1027 γάρ
3403 958 3521 1011 ἐστι
3552 976 3725 1029 μετα-

2045 1040 2196 1107 σχεῖν
2245 1038 2559 1101 κοινωνίας.
2593 1039 2815 1091 Γένοιτο
2864 1040 2921 1093 δὲ
2946 1040 3137 1111 εὐχαῖς
3173 1043 3284 1095 τῶν
3315 1045 3596 1118 προέδρων
3631 1049 3731 1102 καὶ

2044 1125 2152 1177 τῶν
2185 1125 2354 1192 ἁγίων
2406 1125 2624 1179 πάντων
2652 1126 2944 1181 καὶταῦτα
2979 1128 3072 1181 καὶ
3098 1129 3167 1182 τὰ
3209 1130 3345 1184 ἄλλα
3372 1134 3551 1187 πάντα
3581 1134 3729 1206 διορ-

2042 1211 2322 1276 θώσαντας
2337 1212 2716 1284 ἐλαττώματα,
2730 1218 2913 1284 τυχεῖν
2929 1216 3028 1285 τῆς
3044 1216 3325 1286 βασιλείας
3338 1218 3446 1272 τῶν
3459 1221 3725 1292 οὐρανῶν,

2043 1300 2226 1371 χάριτι
2280 1301 2375 1355 καὶ
2423 1301 2807 1374 φιλανθρωπίᾳ
2834 1302 2927 1369 τοῦ
2960 1305 3169 1375 Κυρίου
3195 1306 3352 1377 ἡμῶν
3384 1308 3559 1379 Ἰησοῦ
3587 1312 3729 1383 Χρι-

2044 1387 2194 1448 στοῦ,
2235 1388 2352 1459 μεθ’
2380 1384 2441 1443 οὗ
2463 1389 2541 1459 τῷ
2579 1390 2760 1462 Πατρὶ
2794 1391 2894 1443 σὺν
2925 1390 3004 1462 τῷ
3059 1391 3200 1463 ἁγίῳ
3246 1394 3527 1465 Πνεύματι
3575 1397 3725 1465 δόξα,

2041 1477 2178 1549 τιμὴ
2209 1479 2305 1531 καί
2333 1479 2730 1549 προσκύνησις,
2760 1480 2854 1534 νῦν
2875 1481 2969 1534 καὶ
2995 1481 3105 1547 ἀεὶ,
3134 1482 3232 1535 καὶ.
3266 1484 3349 1546 εἰς
3380 1485 3507 1549 τοὺς
3525 1485 3732 1552 αἰῶνας

2044 1566 2153 1619 τῶν
2190 1566 2424 1620 αἰώνων.
2467 1569 2661 1639 Ἀμήν.

255 1801 361 1866 Εἰς
384 1811 409 1841 δ
447 1800 564 1870 τὴν
590 1799 895 1854 ἐπάνοδον
922 1800 1029 1853 τοῦ
1053 1799 1398 1854 ἐπισκόπου
1430 1798 1793 1865 Φλαϐιανοῦ,
1838 1798 1939 1855 καὶ
2015 1799 2103 1864 εἰς
2134 1800 2251 1866 τὴν
2280 1800 2387 1854 τοῦ
2444 1800 2757 1867 βασιλέως
2776 1800 3121 1872 διαλλαγὴν
3146 1802 3301 1871 πρὸς
3354 1803 3472 1872 τὴν
3512 1808 3694 1862 πόλιν
3713 1824 3729 1841 ο

819 1892 919 1946 καὶ
954 1891 1108 1960 πρὸς
1136 1891 1279 1959 τοὺς
1306 1893 1869 1963 πλημμελήσαντας
1906 1892 1994 1956 εἰς
2032 1889 2149 1959 τὴν
2176 1891 2297 1945 τῶν
2326 1892 2700 1961 ἀνδριάντων
2725 1894 3178 1964 καταστροφήν.

907 2077 1142 2148 Ὄμιλία
1171 2074 1281 2134 καῖ

325 2175 396 2223 αν.
437 2167 571 2221 Ἀπὸ
601 2167 702 2239 τῆς
729 2166 961 2238 ρήσεως,
987 2167 1079 2235 ἀφ’
1109 2161 1177 2238 ἦς
1201 2166 1288 2219 ἀεὶ
1307 2165 1461 2236 παρά
1490 2165 1582 2219 τὸν
1612 2167 1800 2238 καιρὸν
1833 2166 1942 2219 τῶν

258 2257 520 2312 κινδύνων
546 2254 683 2327 πρὸς
704 2255 803 2326 τὴν
834 2254 1108 2326 ὑμετέραν
1152 2252 1365 2307 εἰώθειν
1392 2254 1614 2325 ἀγάπην
1648 2255 1942 2325 προοιμιά-

257 2345 468 2410 ζεσθαι,
499 2344 608 2397 ἀπὸ
634 2342 736 2414 τῆς
762 2342 935 2413 αὐτῆς
967 2341 1173 2413 ταύτης
1197 2342 1293 2395 καὶ
1323 2343 1561 2413 σήμερον
1588 2341 1826 2414 ἄρξομαι
1847 2341 1942 2396 τοῦ

260 2433 394 2505 πρὸς
437 2433 582 2504 ὑμᾶς
631 2431 817 2500 λόγου,
858 2431 954 2485 καὶ
1000 2430 1113 2503 ἐρῶ
1161 2428 1282 2501 μεθ’
1329 2429 1516 2500 ὐμῶν*
1565 2430 1875 2501 Εὐλογητὸς
1917 2431 1945 2483 ό

256 2520 409 2588 Θεὸς,
436 2523 465 2575 ό
492 2520 589 2592 τὴν
624 2520 776 2592 ἱερὰν
805 2521 1009 2591 ταύτην
1039 2519 1235 2591 ἑορτὴν
1259 2517 1401 2590 μετά
1425 2519 1601 2590 χαρᾶς
1631 2520 1725 2572 καὶ
1746 2519 1945 2588 εὐφρο-

255 2610 425 2682 σύνης
457 2609 663 2681 πολλῆς
692 2607 1042 2674 καταξιώσας
1076 2609 1225 2680 ἡμᾶς
1255 2606 1404 2681 [214]
1438 2607 1748 2661 ἐπιτελέσαι
1772 2608 1946 2679 σήμεα

259 2716 374 2772 ρον,
414 2697 510 2753 καὶ
544 2698 642 2768 τὴν
686 2696 931 2767 κεφαλὴν
980 2696 1215 2760 ἀποδοὺς
1265 2695 1345 2767 τῷ
1399 2694 1649 2767 σώματι,
1705 2694 1802 2749 καὶ
1852 2694 1947 2749 τὸν

260 2787 500 2857 ποιμένα
531 2789 648 2849 τοῖς
670 2784 992 2857 προϐάτοις,
1029 2783 1125 2838 καὶ
1150 2783 1243 2837 τὸν
1266 2782 1589 2837 διδάσκαλον
1607 2786 1720 2846 τοῖς
1764 2782 1945 2853 μαθη-

257 2877 398 2940 ταῖς,
419 2873 508 2927 τὸν
537 2872 844 2944 στρατηγὸν
870 2874 983 2937 τοῖς
1012 2868 1395 2941 στρατιώταις,
1418 2870 1510 2923 τὸν
1541 2869 1805 2941 ἀρχιερέα
1833 2873 1947 2933 τοῖς

261 2960 498 3033 ἱερεῦσιν
523 2977 537 2992 ο
575 2958 869 3030 εὐλογητὸς
891 2958 920 3009 6
958 2957 1091 3020 Θεὸς
1119 2958 1147 3009 ὁ
1171 2958 1341 3010 ποιῶν
1365 2955 1845 3028 ὑπερεκπερισσοῦ
1870 2953 1947 3010 ὧν

257 3046 610 3118 αἰτούμεθαή
633 3046 886 3117 νοοῦμεν.
915 3046 1083 3116 Ἦμῖν
1109 3043 1208 3115 μὲν
1241 3044 1350 3114 γὰρ
1376 3042 1582 3115 ἀρκοῦν
1605 3039 1747 3097 εἷναι
1770 3042 1948 3098 ἐδόκει

256 3136 322 3192 τὸ
343 3135 452 3189 τῶν
483 3134 848 3207 ἐπικειμένων
880 3133 1020 3197 τέως
1052 3131 1436 3202 ἀπαλλαγῆναι
1456 3129 1779 3196 κακῶν,καὶ
1808 3131 1948 3203 ὑπὲρ

258 3222 454 3277 τούτου
494 3224 678 3277 πᾶσαν
710 3220 1046 3293 ἐποιούμεθα
1072 3219 1171 3293 τὴν
1197 3219 1226 3260 1)
1260 3216 1541 3292 ἱκετηρίαν
1562 3235 1577 3249 ’
1607 3221 1636 3272 ό
1673 3219 1729 3272 δὲ
1761 3218 1950 3288 φιλάν-

262 3311 483 3382 θρωπος
509 3310 664 3375 Θεὸς,
684 3311 779 3364 καὶ
803 3311 870 3381 τῇ
901 3310 1047 3363 δόσει
1083 3307 1183 3371 τὰς
1206 3308 1451 3378 αἰτήσεις
1478 3307 1635 3378 ήμῶν
1667 3308 1753 3360 ἀεὶ
1780 3308 1948 3362 νικῶν

265 3398 406 3469 μετά
429 3397 631 3469 πολλῆς
648 3398 747 3468 τῆς
770 3395 1102 3468 ὑπερϐολῆς,
1124 3394 1218 3448 καὶ
1237 3394 1330 3448 τὸν
1356 3393 1569 3465 πατέρα
1597 3395 1728 3464 ἡμῖν
1758 3394 1951 3448 θᾶττον

262 3470 478 3549 ἐλπίδος
501 3485 721 3554 ἀπάσης
744 3484 1021 3552 ἀπέδωκε.
1042 3482 1140 3547 Τίς
1181 3484 1290 3553 γάρ
1314 3482 1379 3535 ἂν
1408 3481 1837 3554 προσεδόκησεν,
1869 3483 1951 3535 ὅτι

261 3577 320 3627 ἐν
369 3572 544 3636 οὔτως
590 3572 799 3642 ὀλίγαις
845 3572 1088 3643 ἡμέραις
1123 3572 1216 3625 καὶ
1263 3570 1650 3633 ἀπελεύσεται,
1687 3571 1785 3623 καὶ
1833 3570 1952 3624 δια-

262 3660 478 3727 λέξεται
527 3660 605 3732 τῷ
660 3659 893 3731 βασιλεῖ,
945 3660 1041 3713 καὶ
1090 3658 1243 3711 λύσει
1283 3658 1351 3712 τά
1399 3658 1570 3719 δεινὰ,
1624 3659 1720 3711 καὶ
1788 3658 1952 3712 πάλιν

267 3750 529 3820 ἐπανήξει
562 3748 702 3821 πρὸς
736 3749 885 3819 ἡμᾶς
910 3746 1056 3800 οὕτω
1081 3747 1292 3817 ταχέως
1310 3789 1324 3809 ,
1350 3747 1427 3810 ώς
1456 3748 1549 3800 καὶ
1572 3747 1633 3798 τὸ
1672 3746 1863 3816 Πάσχα
1892 3746 1953 3799 τὸ

265 3836 412 3908 ἱερὸν
438 3835 739 3909 δυνηθῆναι
761 3834 966 3904 φθάσαι
984 3834 1081 3889 καὶ
1111 3834 1230 3907 μεθ’
1252 3836 1408 3906 ἡμῶν
1431 3834 1776 3900 ἐπιτελέσαι;
1812 3835 1952 3888 Ἀλλ’

269 3925 400 3991 ἰδοὺ,
423 3924 618 3995 γέγονε
647 3923 710 3976 τὸ
734 3923 1144 3995 ἀπροσδόκητον
1172 3922 1350 3987 τοῦτο,
1386 3923 1588 3975 καὶτὸν
1618 3922 1831 3994 πατέρα
1847 3923 1954 3977 ἀπ-

266 4012 597 4083 ειλήφαμεν,
627 4010 729 4067 καὶ
742 4011 966 4081 μείζονα
990 4009 1355 4082 καρπούμεθα
1373 4010 1471 4081 τὴν
1488 4009 1702 4080 ἡδονὴν,
1726 4008 1803 4080 τῷ
1822 4027 1896 4062 πα
1906 4011 1952 4081 ρ’

268 4099 459 4153 ἐλπίδα
484 4098 651 4152 αὐτὸν
684 4097 980 4153 ἀπολαϐεῖν
1003 4098 1121 4154 νῦν.
1158 4098 1326 4169 Ὑπὲρ
1364 4098 1428 4169 δὴ
1460 4096 1669 4150 τούτων
1698 4097 1954 4152 ἁπάντων

269 4186 686 4261 εὐχαριστῶμεν
729 4185 807 4257 τῷ
850 4185 1221 4262 φιλανθρώπῳ
1255 4186 1408 4257 Θεῷ,
1449 4185 1543 4241 καὶ
1584 4185 1955 4257 θαυμάζωμεν

271 4275 440 4335 αὐτοῦ
490 4275 592 4345 τὴν
633 4274 867 4346 δύναμιν
920 4274 1017 4327 καὶ
1077 4274 1175 4344 τὴν
1225 4273 1660 4344 φιλανθρωπίαν,
1717 4276 1812 4327 καὶ
1856 4274 1954 4345 τὴν

272 4362 466 4433 σοφίαν
500 4362 593 4415 καὶ
623 4361 723 4433 τὴν
773 4359 1101 4433 κηδεμονίαν
1131 4361 1230 4432 τὴν
1264 4361 1402 4432 ὑπὲρ
1427 4360 1528 4430 τῆς
1560 4361 1770 4424 πόλεως
1795 4379 1955 4430 γεγε-

271 4451 536 4521 νημένην.
586 4451 645 4503 '0
672 4450 770 4521 μὲν
809 4449 918 4522 γὰρ
946 4447 1213 4512 διάϐολος,
1237 4446 1538 4502 καταδῦσαι
1566 4449 1747 4502 πᾶσαν
1786 4449 1956 4521 αὐτὴν

271 4538 605 4610 ἐπεχείρησε
644 4538 735 4592 διὰ
769 4538 878 4591 τῶν
918 4536 1327 4608 τολμηθέντων’
1363 4538 1391 4589 6
1446 4536 1502 4590 δέ
1545 4536 1677 4601 Θεὸς
1725 4539 1818 4591 καὶ
1858 4538 1955 4610 τὴν

275 4625 431 4680 πόλιν
458 4626 659 4680 καὶτὸν
680 4624 830 4698 ἱερέα
852 4625 946 4679 καὶ
974 4625 1067 4679 τὸν
1086 4624 1312 4696 βασιλέα
1327 4623 1415 4677 διὰ
1437 4624 1645 4695 ταύτης
1674 4626 1953 4697 ἐκόσμησε

271 4713 374 4785 τῆς
410 4715 718 4785 συμφορᾶς,
751 4715 846 4767 καὶ
867 4712 1286 4786 λαμπροτέρους
1326 4713 1863 4785 πάνταςιάπέφηνεν.
1891 4714 1956 4767 'H

272 4802 427 4866 πόλις
484 4801 583 4873 μὲν
636 4801 743 4872 γὰρ
797 4800 1202 4872 ηὐδοκίμησεν,
1262 4801 1345 4853 ὅτι
1407 4801 1655 4855 κινδύνου
1712 4803 1956 4856 τοιούτου

272 4890 695 4954 καταλαϐόντος,
761 4887 1197 4966 παραδραμοῦσα
1247 4889 1457 4954 πάντας
1506 4890 1636 4959 τοὺς
1679 4893 1736 4945 ἐν
1794 4891 1958 4945 δυνα-

277 4979 500 5046 στείαις,
561 4977 689 5041 τούς
747 4975 976 5029 πλοῦτον
1037 4975 1204 5029 πολὺν
1251 4974 1775 5048 περιϐεϐλημένους,
1830 4979 1958 5042 τοὺς

278 5063 524 5135 μεγάλην
556 5063 709 5137 παρά
739 5063 953 5134 βασιλεῖ
998 5061 1225 5133 δύναμιν
1278 5061 1522 5133 ἔχοντας,
1571 5063 1665 5117 ἐπὶ
1698 5063 1793 5135 τὴν
1834 5064 1960 5118 Ἐκ-

276 5150 506 5221 κλησίαν
540 5151 635 5205 καὶ
683 5151 775 5204 τὸν
811 5150 961 5222 ἱερέα
992 5150 1088 5202 τοῦ
1136 5148 1279 5203 Θεοῦ
1321 5150 1618 5219 κατέφυγε,
1662 5152 1759 5205 καὶ
1817 5150 1959 5223 μετά

278 5238 483 5309 πολλῆς
513 5239 613 5310 τῆς
652 5237 889 5302 πίστεως
932 5238 1036 5308 τῆς
1085 5236 1295 5291 ἄνωθεν
1344 5237 1542 5309 ἑαυτὴν
1584 5238 1960 5312 ἐξεκρέμασεν

281 5324 515 5390 ἐλπίδος.
545 5323 765 5377 Πολλῶν
799 5325 932 5394 γοῦν
970 5324 1111 5396 μετά
1165 5323 1264 5397 τὴν
1308 5325 1620 5396 ἀποδημίαν
1647 5326 1742 5378 τοῦ
1776 5326 1958 5380 κοινοῦ

280 5413 520 5486 πατέρος
551 5414 677 5476 τοὺς
701 5414 764 5467 τὸ
800 5413 1180 5484 δεσμωτήριον
1212 5412 1499 5475 οἰκοῦντας
1540 5412 1918 5486 θορυϐούντων
1943 5459 1957 5484 ,

281 5500 379 5557 καὶ
409 5500 701 5569 λεγόντων,
723 5500 800 5563 ὡς
818 5500 892 5554 Οὐ
923 5500 1222 5573 καθυφίησι
1246 5511 1268 5540 ι
1300 5501 1400 5571 τῆς
1422 5500 1593 5573 ὀργῆς
1623 5502 1651 5554 6
1684 5500 1960 5571 βασιλεὺς,

343 5652 372 5682 ⁸
394 5650 547 5713 δαίνίι.
572 5656 627 5700 et
649 5651 845 5713 quidam
870 5650 956 5699 alii
980 5651 1052 5699 sic
1087 5651 1284 5700 titulum
1304 5650 1492 5701 habent
1515 5672 1526 5699 :
1550 5652 1634 5708 Εἰς
1658 5652 1744 5709 τὴν
1766 5653 1963 5701 διαλλαυ

278 5720 366 5777 γῆν
384 5712 470 5777 τοῦ
494 5712 728 5777 βασιλέως
746 5713 864 5777 πρὸς
884 5714 970 5769 τήν
999 5714 1153 5770 πόλιν,
1178 5714 1259 5777 καὶ
1288 5716 1353 5770 εἰς
1389 5714 1500 5769 τοὺς
1529 5714 1964 5777 πλημμελήσαντας

280 5775 348 5848 gi;
371 5776 455 5848 τὴν
477 5775 572 5823 τῶν
596 5775 882 5848 ἀνδριάντων
902 5776 1254 5848 καταστροφήν,
1274 5778 1356 5823 καὶ
1398 5778 1462 5848 εἰς
1503 5777 1588 5833 τὴν
1613 5775 1841 5848 ἐπάνοδον
1875 5775 1963 5848 τοῦ

282 5836 569 5898 ἐπισκόπου.
612 5836 766 5886 Paillo
796 5844 908 5898 post
937 5837 1049 5884 init.
1071 5836 1223 5884 Saﬁl.
1252 5844 1305 5885 el
1326 5839 1524 5897 quidam
1554 5851 1653 5885 mss
1690 5839 1773 5897 ὑμ.
1798 5838 1959 5887 εἴωθα.

344 5897 375 5936 b
395 5897 545 5962 Sayil.
560 5897 825 5962 el_qujdarh
838 5899 920 5947 alii
940 5898 1244 5959 ἐπικειμένων
1262 5899 1489 5947 κινδύνων
1510 5898 1741 5962 ἐκφυγεῖν,
1759 5899 1877 5962 ὑπὲρ
1898 5901 1964 5948 ὧν

287 5963 444 6020 πᾶσαν
467 5959 753 6020 ἐποιούμεθα
769 5962 872 6016 τήν.

351 6022 375 6055 ε
414 6019 563 6069 Savil.
587 6019 857 6073 el’auidam
881 6034 995 6071 mss.
1024 6022 1077 6070 οὐ
1108 6022 1378 6085 καθυφίησι.
1401 6022 1565 6073 Morel.
1605 6022 1690 6072 οὐκ
1718 6020 1900 6085 agi-nm.

1971 2010 2044 2024 -

2046 2067 2184 2126 ἀλλά
2230 2061 2597 2136 παροξύνεται
2659 2062 2962 2132 μειζόνως,
3018 2063 3111 2116 καὶ
3177 2066 3307 2136 περὶ
3366 2071 3736 2141 κατασκαφῆς

2045 2156 2340 2227 ὁλοκλήρου
2378 2152 2478 2221 τῆς
2526 2150 2737 2212 πόλεως
2785 2148 3138 2219 βουλεύεται,
3187 2152 3283 2205 καὶ
3338 2152 3504 2225 ἕτερα
3551 2155 3737 2226 πολλῷ

2047 2243 2272 2300 πλείονα
2314 2238 2522 2294 τούτων
2571 2236 2969 2309 θρυλλούντων,
3008 2239 3058 2290 οἱ
3095 2237 3370 2309 δεδεμένοι
3412 2242 3537 2294 τότε
3581 2242 3735 2296 οὐδὲν

2047 2334 2288 2404 ἐγίνοντο
2339 2331 2404 2382 ἐκ
2449 2327 2549 2397 τῆς
2586 2327 2776 2396 φήμης
2823 2324 3029 2395 ταύτης
3064 2326 3380 2398 δειλότεροι,
3418 2328 3533 2383 ἀλλ’
3570 2330 3736 2401 ήμῶν

2054 2421 2348 2490 λεγόντων,
2402 2416 2478 2479 ὡς
2526 2413 2712 2484 Ψευδῆ
2764 2412 2938 2465 ταῦτα
2985 2414 3084 2466 καὶ
3123 2414 3371 2467 διαϐόλου
3403 2417 3738 2487 μαγγανείας

2047 2508 2195 2563 ἐστὶν
2222 2504 2381 2576 ἔργα,
2413 2499 2739 2572 βουλομένου
2760 2499 3086 2552 καταϐαλεῖν
3111 2500 3354 2571 ὐμῶντά
3385 2503 3736 2573 φρονήματα,

2048 2593 2212 2647 Οὐδὲν
2255 2587 2491 2660 δεόμεθα
2538 2589 2641 2658 τῆς
2694 2586 2785 2640 διὰ
2835 2586 3059 2654 λόγωνά
3121 2586 3552 2659 παρακλήσεως,
3602 2590 3739 2661 πρὸς

2049 2682 2199 2754 ἡμᾶς
2246 2678 2465 2748 ἔλεγον⁸
2522 2677 2680 2747 ἴσμεν
2726 2675 2837 2747 γὰρ
2887 2667 2948 2728 οὐ
2988 2675 3085 2748 τὴν
3120 2677 3298 2748 ἀρχὴν
3328 2677 3735 2749 κατεφύγομεν,

2049 2770 2145 2824 καὶ
2172 2768 2333 2832 ποίας
2366 2764 2582 2828 ἐλπίδος
2627 2765 2858 2826 ἑαυτοὺς
2912 2761 3399 2835 ἐξεκρεμάσαμεν·
3437 2764 3538 2835 τῆς
3587 2765 3739 2836 ἱερᾶς

2050 2857 2301 2928 ἀγκύρας
2322 2853 2424 2925 τὴν
2444 2851 2717 2924 σωτηρίαν
2742 2853 2774 2922 ἡ
2783 2851 2899 2921 μῶν
2923 2850 3016 2923 ἐξη
3027 2853 3124 2924 ρτή
3134 2869 3331 2921 σαμεν·
3351 2853 3451 2906 οὐκ
3467 2852 3740 2925 ἀνθρώπῳ

2048 2944 2253 3015 ταύτην
2303 2939 2805 3009 ἐνεπιστεύσαμεν,
2855 2938 2990 2993 ἀλλά
3033 2938 3116 3010 τῷ
3161 2941 3556 3013 παντοδυνάμῳ
3599 2942 3737 3013 Θεῷ.

2050 3031 2142 3085 Διὸ
2185 3031 2251 3102 δὴ
2295 3030 2390 3085 καὶ
2429 3026 2743 3099 θαρροῦμεν
2777 3028 3016 3098 χρηστὸν
3053 3027 3276 3082 ἔσεσθαι
3315 3029 3377 3083 τὸ
3409 3030 3563 3095 τέλος
3607 3033 3742 3086 πάν-

2049 3137 2159 3183 τως
2181 3136 2195 3150 ·
2249 3117 2309 3171 οὐ
2351 3116 2462 3188 γάρ
2506 3114 2682 3180 ἔστιν,
2729 3114 2830 3167 οὐκ
2865 3113 2981 3167 ἔστ;
3008 3114 3106 3185 τὴν
3141 3115 3333 3170 ἐλπίδα
3368 3116 3575 3187 ταύτην
3605 3136 3741 3173 κατ-

2050 3204 2405 3279 αισχυνθῆναί
2443 3221 2596 3258 ποτε.
2654 3201 2833 3257 Τοῦτο⁶
2872 3203 2995 3256 ἀντὶ
3032 3204 3214 3257 πόσων
3264 3206 3578 3275 στεφάνων,
3618 3209 3742 3263 ἀντὶ

2055 3295 2237 3349 πόσων
2268 3293 2561 3363 ἐγκωμίων
2587 3290 2815 3361 ἀρκέσει
2848 3293 2914 3362 τῇ
2948 3291 3136 3356 πόλεις
3169 3291 3345 3363 πόσην
3375 3294 3742 3351 ἐπισπάσεται

2052 3380 2149 3436 τοῦ
2195 3382 2332 3435 Θεοῦ
2377 3382 2478 3451 τὴν
2507 3377 2747 3443 εὔνοιαν,
2777 3378 2875 3432 καὶ
2903 3381 2961 3431 ἐν
2993 3382 3104 3443 τοῖς
3136 3380 3347 3446 λοιποῖς
3374 3383 3699 3455 πράγμασιν
3725 3404 3739 3451 ;

2055 3469 2130 3522 Οὐ
2154 3468 2264 3539 γάρ
2295 3467 2463 3529 ἐστιν,
2499 3467 2601 3520 οὐκ
2626 3465 2743 3519 ἐστι
2783 3466 2882 3538 τῆς
2915 3466 3190 3537 τυχούσης
3218 3468 3417 3539 ψυχῆς,
3447 3471 3503 3521 ἐν
3530 3474 3594 3542 τῇ
3628 3472 3739 3524 τῶν

2056 3553 2384 3625 πειρασμῶν
2420 3554 2685 3622 ἐπαγωγῇ
2714 3553 2928 3623 νήφειν,
2954 3554 3050 3605 καὶ
3079 3554 3219 3625 πρὸς
3238 3554 3329 3607 τὸν
3347 3554 3479 3608 Θεὸν
3499 3555 3741 3626 βλέπειν,

2056 3641 2150 3695 καί
2209 3643 2427 3696 πάντων
2483 3640 2942 3709 καταγελάσασαν
2992 3641 3103 3695 τῶν
3155 3642 3553 3715 ἀνθρωπίνων,
3607 3645 3745 3717 πρὸς

2055 3730 2271 3800 ἐκείνην
2312 3730 2603 3800 κεχηνέναι
2622 3730 2722 3799 τὴν
2749 3730 3090 3800 συμμαχίαν.

2138 3820 2205 3874 Ἠ
2262 3821 2362 3890 μὲν
2413 3816 2507 3873 οὖν
2551 3818 2706 3880 πόλις
2733 3828 2757 3856 ε
2788 3818 2962 3882 οὕτως
2999 3820 3387 3891 εὐδοκίμησεν·
3419 3824 3448 3875 ὁ
3478 3822 3534 3876 δὲ
3566 3824 3745 3896 ἱερεὺς

2057 3911 2220 3966 πάλιν
2246 3911 2346 3980 οὐχ
2378 3906 2543 3981 ἦττον
2571 3910 2718 3980 ἥπερ
2752 3911 2789 3979 ἡ
2826 3910 3010 3974 πόλις·
3043 3912 3144 3982 τὴν
3174 3912 3283 3983 γάρ
3328 3916 3526 3968 ἐαυτοῦ
3564 3917 3744 3990 ψυχὴν

2057 3998 2198 4070 ὑπὲρ
2235 3998 2454 4051 πάντων
2499 3998 2691 4062 ἔδωκε,
2727 3998 2879 4071 [215]
2902 4000 2997 4052 καὶ
3024 3999 3236 4056 πολλῶν
3276 4001 3445 4056 ὄντων
3486 4003 3597 4058 τῶν
3636 4022 3746 4059 κω-

2056 4086 2314 4151 λυόντων,
2354 4084 2449 4139 τοῦ
2508 4084 2798 4156 χειμῶνος,
2837 4087 2939 4156 τῆς
2980 4086 3220 4158 ἡλικίας,
3256 4088 3356 4159 τῆς
3397 4090 3613 4163 ἑορτῆς,
3651 4096 3747 4147 καὶ

2055 4174 2156 4227 οὐκ
2189 4173 2409 4227 ἔλαττον
2425 4175 2522 4244 τῆς
2543 4173 2779 4244 ἀδελφῆς
2814 4176 2951 4246 πρὸς
2981 4176 3219 4246 ἐσχάτας
3246 4176 3413 4249 οὔσης
3436 4180 3745 4250 ἀναπνοὰς,

2056 4261 2317 4315 ἁπάντων
2356 4260 2692 4331 ὑψηλότερος
2725 4262 2945 4329 ἐγένετο
2969 4262 3080 4316 τῶν
3115 4263 3480 4336 κωλυμάτων,
3515 4268 3609 4321 καὶ
3643 4270 3746 4324 οὐκ

2058 4345 2178 4402 εἷπε
2205 4348 2343 4420 πρὸς
2369 4348 2561 4402 ἐαυτόν
2578 4366 2591 4379 ·
2624 4349 2689 4402 Τί
2722 4348 2916 4416 τοῦτο;
2945 4351 2977 4420 ή
3002 4351 3140 4421 μόνη
3167 4352 3582 4424 περιλειφθεῖσα
3611 4358 3746 4428 ἡμῖν

2057 4435 2286 4507 ἀδελφὴ,
2317 4436 2411 4490 καὶ
2452 4439 2569 4507 μετ’
2600 4437 2737 4508 ἐμοῦ
2762 4437 2854 4490 τὸν
2881 4440 2972 4507 ζυγ
2986 4438 3044 4491 ὸν
3074 4438 3310 4494 ἕλκουσα
3352 4442 3448 4495 τοῦ
3482 4445 3745 4516 Χριστοῦ.

2060 4526 2156 4578 καὶ
2175 4525 2431 4580 τοσοῦτόν
2458 4543 2547 4597 μοι
2578 4527 2946 4597 συνοικήσασα
2977 4527 3189 4598 χρόνον,
3210 4529 3346 4599 πρὸς
3376 4532 3611 4603 ἐσχάτας
3632 4536 3749 4588 ἐστὶ

2061 4612 2157 4666 νῦν
2186 4614 2460 4676 ἀναπνοάς
2485 4631 2499 4644 ·
2532 4615 2695 4684 ἡμεῖς
2717 4613 2775 4666 δέ
2793 4615 2966 4687 αὐτὴν
2994 4615 3427 4687 καταλείψαντες
3445 4619 3748 4675 ἀπελευσό-

2066 4700 2227 4772 μεθα,
2264 4702 2360 4756 καὶ
2397 4703 2501 4757 οὐκ
2543 4701 2793 4772 ὀψόμεθα
2820 4704 3156 4758 ἐκπνέουσαν
3183 4706 3278 4759 καὶ
3305 4706 3405 4770 τὰς
3430 4707 3749 4773 τελευταίας

2061 4789 2293 4857 ἀφεῖσαν
2310 4791 2525 4857 φωνάςς
2570 4789 2706 4844 Ἀλλ’
2732 4789 2870 4860 αὐτὴ
2897 4790 2994 4860 μέν
3016 4791 3136 4843 καθ’
3166 4792 3405 4862 ἑκάστην
3430 4791 3628 4863 ηὔχετο
3649 4793 3749 4867 τὴν

2060 4877 2279 4949 ἡμέραν
2303 4880 2455 4948 ἡμᾶς
2471 4878 2565 4932 καὶ
2593 4877 2908 4946 ὀφθαλμοὺς
2932 4877 3181 4931 καθελεῖν
3203 4881 3297 4931 καὶ
3316 4880 3491 4951 στόμα
3506 4882 3750 4940 συνελεῖν

2064 4968 2156 5020 κειιί⁸
2191 4968 2550 5039 περιστεῖλαι,
2585 4969 2680 5020 καὶ
2707 4966 2778 5020 τὰ
2810 4965 2946 5020 ἄλλα
2975 4966 3152 5021 πάντα
3188 4967 3256 5020 τὰ
3296 4968 3435 5040 πρὸς
3460 4971 3551 5023 τὸν
3577 4971 3749 5042 τάφον

2064 5057 2155 5108 ἐπι
2163 5053 2525 5126 μελήσασθαι⁸
2557 5055 2675 5107 νυνὶ
2690 5054 2745 5106 δὲ
2765 5053 3017 5124 καθάπερ
3032 5054 3241 5125 ἔρημός
3254 5072 3336 5118 τις
3353 5058 3449 5111 καὶ
3472 5058 3747 5130 ἀπροστά-

2064 5160 2257 5207 τευτος
2295 5143 2511 5205 οὐδενὸς
2550 5140 2895 5206 ἐπιτεύξεται
2930 5141 3138 5195 τούτων
3170 5144 3321 5216 παρά
3361 5144 3746 5217 τοῦάδελφοῦ,

2065 5235 2200 5305 παρ’
2231 5224 2294 5285 οὗ
2345 5232 2585 5303 μάλιστα
2628 5231 2896 5302 ἐπεθύμει
2940 5234 3147 5303 τυχεῖν,
3204 5234 3321 5287 ἀλλ’
3369 5235 3594 5305 ἀφιεῖσα
3648 5236 3749 5308 τὴν

2064 5321 2267 5393 ψυχὴν,
2300 5323 2400 5377 οὐκ
2434 5321 2625 5392 ὄψεται
2655 5321 2747 5374 τὸν
2783 5320 3003 5376 πάντων
3035 5322 3175 5395 αὐτῇ
3219 5322 3629 5393 ποθεινότερον;
3654 5326 3751 5378 καὶ
3808 5380 3813 5385 ι

2067 5411 2253 5468 πόσων
2275 5412 2375 5465 οὐκ
2408 5411 2561 5465 ἐσται
2588 5410 2834 5464 θανάτων
2860 5411 2998 5484 αὐτῇ
3022 5410 3179 5465 τοῦτο
3209 5409 3614 5481 βαρύτερον;Εἰ
3640 5412 3751 5486 γάρ

2067 5500 2164 5553 καὶ
2194 5499 2481 5573 πόρρωθεν
2526 5501 2851 5571 ἀφεστήκει,
2882 5501 2985 5554 οὐκ
3030 5500 3139 5554 ἔδει
3180 5500 3409 5571 δραμεῖν
3449 5499 3544 5552 καὶ
3573 5500 3752 5554 πάντα

2067 5589 2293 5660 ποιῆσαι
2338 5588 2434 5642 καὶ
2481 5588 2697 5654 παθεῖν,
2729 5588 2873 5642 ὥστε
2906 5587 3112 5658 ταύτην
3146 5587 3283 5657 αὐτῇ
3317 5589 3627 5657 παρασχεῖν
3653 5590 3752 5662 τὴν

2066 5681 2261 5751 χάριν;
2314 5678 2409 5731 νῦν
2457 5678 2517 5732 δέ
2557 5679 2787 5749 πλησίον
2826 5678 2903 5732 ὢν
2958 5675 3379 5747 ἐγκαταλείψω,
3443 5678 3540 5730 καὶ
3593 5679 3755 5747 ἀφεὶς

2072 5766 2482 5838 ἀπελεύσομαι;
2519 5769 2615 5821 καὶ
2665 5767 2783 5831 πῶς
2811 5767 2947 5820 οῖσει
2974 5766 3072 5829 τὰς
3108 5761 3249 5836 μετᾶ
3282 5762 3461 5819 ταῦτα
3505 5766 3753 5837 ἡμέρα;;

2084 5854 2226 5907 Ἀλλ’
2253 5855 2408 5909 οὐδὲν
2436 5854 2644 5908 τούτων
2698 5855 2761 5907 οὐ
2820 5854 2981 5925 μόνον
3007 5854 3107 5910 οὐκ
3147 5847 3331 5917 εἶπεν,
3360 5851 3477 5906 ἀλλ’
3509 5852 3629 5907 οὐδὲ
3665 5854 3755 5908 ἐνί

2142 5962 2168 6002 d
2195 5963 2288 6011 Alii
2320 5964 2397 6024 διὰ
2419 5963 2591 6022 λόγων,
2616 5961 2702 6010 alii
2728 5961 2806 6008 διὰ
2827 5962 2991 6024 λόγου.

2148 6028 2169 6051 ⁸⁵
2196 6024 2293 6075 Alii
2330 6022 2469 6086 Ἡμῖν
2496 6023 2576 6073 οὖν
2596 6026 2626 6082 ἡ
2650 6024 2816 6103 πόλις..
