4066 6454
353 296 454 350 Ξῖὸ

352 422 539 461 verum
570 405 716 461 omni
743 405 1187 476 consanguinitati
1215 406 1312 463 Dei
1342 409 1586 464 timorem
1633 410 1945 480 prtcferens,

355 500 493 554 bene
519 514 579 554 se
607 513 768 554 nosse
808 498 1160 564 monstravit,
1193 498 1335 568 quod
1370 499 1509 554 sicut
1531 499 1949 569 gubernatorem

352 600 732 661 tempestates,
762 601 817 646 et
859 591 1053 648 ducem
1102 592 1356 662 pericula,
1386 593 1465 647 sic
1518 602 1573 648 et
1615 602 1946 650 sacerdotem

351 685 583 739 tentatio
636 683 968 753 comprobet.
1011 683 1236 748 Omnes,
1271 683 1470 753 inquit,
1501 683 1569 738 ad
1625 701 1724 740 nos
1776 686 1948 751 respi-

349 775 501 828 ciunt
532 782 588 829 et
611 774 781 830 Judaai
809 785 862 830 et
894 774 1064 829 Graeci
1100 793 1113 828 :
1145 790 1213 830 ne
1244 777 1405 846 igitur
1433 776 1671 845 ipsorum
1704 777 1772 830 de
1799 777 1951 831 nobis

349 868 786 937 exspectationes
823 865 1174 933 frustretuus,
1203 883 1304 922 nec
1339 877 1544 921 tantum
1578 870 1723 938 parvi
1749 869 1950 938 penda-

348 976 470 1015 mus
509 960 840 1031 naufragium
865 1003 880 1026 ,
912 961 1005 1015 sed
1041 970 1222 1014 nostra
1253 960 1362 1015 Deo
1391 961 1708 1015 mandantes
1736 963 1912 1015 onmia
1932 1002 1948 1025 ,

349 1054 525 1120 ipsam
577 1053 809 1107 animam
862 1053 1151 1107 tradamus.
1211 1053 1277 1107 Et
1332 1053 1614 1107 considera
1685 1053 1952 1121 pontificis

349 1146 874 1218 magnanimitatem,
908 1157 961 1201 et
994 1147 1086 1200 Dei
1129 1145 1511 1215 benignitatem
1544 1160 1558 1211 ;
1589 1146 1838 1198 omnibus
1867 1145 1949 1198 his

348 1255 474 1307 quae
504 1239 752 1308 deSpexit
773 1240 974 1309 potitus
1004 1249 1084 1294 est
1111 1280 1128 1304 ,
1162 1248 1218 1292 ut
1247 1248 1300 1293 et
1344 1239 1638 1293 alacritatis
1672 1239 1948 1308 praemium

349 1340 600 1401 raperet,
631 1342 685 1385 et
710 1331 960 1402 potiendo
984 1340 1179 1401 pneter
1203 1331 1659 1400 chpectationem
1690 1331 1948 1398 majorem

349 1438 736 1495 asscqueretur
780 1427 1130 1495 voluptatem.
1205 1425 1382 1495 Elegit
1437 1426 1832 1480 solemnitatem
1897 1425 1950 1478 in

347 1516 526 1572 aliena
551 1529 726 1583 terra,
767 1527 822 1574 et
850 1519 1042 1589 procul
1071 1535 1099 1571 a
1131 1521 1243 1574 suis
1283 1528 1505 1590 propter
1530 1519 1768 1573 civitatis
1804 1518 1949 1572 salu-

350 1617 463 1665 tem
495 1610 770 1664 celehrare
795 1627 808 1673 ;
841 1610 981 1664 Deus
1008 1618 1187 1664 autem
1216 1621 1339 1663 ante
1363 1609 1565 1666 Pascha
1593 1612 1766 1680 ipsum
1796 1608 1950 1663 nobis

347 1700 602 1762 reddidit,
634 1709 690 1754 ut
717 1716 1056 1762 communem
1087 1701 1361 1755 nobiscum
1399 1701 1796 1755 solenmitatem
1826 1714 1952 1768 age-

345 1803 473 1860 ret,
510 1805 569 1847 ut
613 1801 669 1848 et
716 1793 972 1863 prOpositi
1023 1794 1328 1848 mercedem
1382 1793 1634 1859 haberet;
1662 1801 1717 1848 et
1760 1792 1948 1862 majori

347 1883 546 1938 laetitia
593 1882 880 1937 frueretur.
915 1882 1031 1938 Non
1081 1884 1254 1937 timuit
1305 1884 1432 1936 anni
1485 1892 1730 1952 tempus,
1764 1892 1816 1936 et
1858 1898 1952 1950 per

346 1984 522 2030 totum
549 1975 996 2044 peregrinationis
1020 1985 1228 2044 tempus
1253 1985 1413 2030 aestas
1445 1975 1576 2029 fuit:
1608 1991 1712 2029 non
1736 1976 1946 2029 curavit

348 2074 590 2132 aetatem,
633 2074 686 2120 et
731 2075 1006 2136 tamquam
1047 2067 1263 2136 juvenis
1310 2058 1364 2120 et
1406 2067 1611 2136 vigens,
1655 2067 1734 2121 sic
1784 2075 1948 2121 totam

345 2159 492 2214 hanc
519 2160 657 2214 viam
681 2160 833 2215 facile
861 2161 1162 2230 percurrit:
1195 2162 1397 2215 sororis
1425 2168 1650 2216 mortem
1674 2175 1781 2214 non
1805 2160 1950 2230 cogi-

347 2255 506 2321 tavit,
541 2269 640 2310 nec
663 2255 842 2309 carnis
869 2253 1153 2308 affectione
1193 2255 1366 2309 victus
1401 2265 1481 2309 est
1519 2273 1532 2308 :
1566 2265 1621 2310 et
1669 2269 1948 2325 regressus

345 2348 623 2402 viventem
647 2347 821 2418 ipsam
851 2347 1229 2418 deprehendit,
1253 2357 1305 2403 et
1330 2348 1510 2404 omnia
1535 2365 1654 2418 quae
1676 2348 1944 2419 deepexit,

341 2450 672 2511 asscquutus
695 2450 796 2496 est.

419 2533 473 2586 2.
515 2532 582 2587 Et
609 2532 842 2603 pontifex
870 2532 1089 2602 quidem
1137 2533 1210 2587 ita
1258 2533 1603 2602 splendorem
1631 2541 1686 2587 et
1713 2533 1941 2589 celebri-

351 2631 516 2679 tatem
562 2639 683 2678 eum
729 2624 869 2694 apud
915 2625 1104 2692 Deum,
1139 2632 1249 2680 tum
1282 2625 1419 2695 apud
1467 2626 1710 2680 homines
1753 2641 1944 2681 conse-

342 2728 546 2789 quutus
577 2727 696 2784 est;
731 2717 1117 2787 Imperatorem
1165 2735 1294 2773 vero
1335 2720 1604 2788 negotium
1653 2719 1756 2774 hoc
1801 2718 1946 2773 omni

342 2810 647 2866 diademate
671 2809 1002 2879 splendidius
1020 2811 1250 2864 ornavit.
1284 2811 1519 2865 Primum
1542 2812 1777 2880 quidem,
1801 2811 1947 2882 quod

346 2913 460 2956 tum
493 2902 664 2971 palam
706 2900 906 2954 factum
938 2909 1042 2967 est,
1071 2916 1192 2954 cum
1220 2917 1338 2970 quae
1379 2902 1510 2954 nulli
1551 2903 1703 2955 alteri
1748 2917 1946 2958 conce-

341 2993 494 3048 deret
519 3035 534 3060 ,
570 2993 685 3048 lucc
715 2992 1082 3048 sacerdotibus
1107 2992 1528 3048 condonaturum
1552 3010 1704 3048 esse:
1729 2995 1942 3059 deinde,

338 3099 468 3139 cum
496 3086 660 3139 multa
712 3084 988 3139 celeritate
1039 3085 1262 3155 gratiam
1312 3084 1544 3149 dedisse,
1573 3095 1625 3139 et
1661 3085 1817 3140 irasci
1849 3086 1946 3141 de-

339 3179 525 3234 siisse.
553 3179 661 3234 Sed
689 3187 746 3232 ut
774 3177 1107 3233 manifestius
1135 3188 1189 3233 et
1209 3177 1555 3248 Imperatoris
1585 3180 1941 3250 magnanimi-

342 3277 532 3334 tatem,
558 3279 611 3324 et
638 3268 931 3324 sacerdotis
959 3271 1274 3341 sapientiam
1297 3312 1310 3335 ,
1343 3279 1396 3323 ct
1427 3279 1550 3324 ante
1576 3270 1691 3325 lucc
1721 3282 1946 3342 utraque

343 3358 440 3414 Dei
463 3360 682 3415 discatis
712 3360 1116 3430 benignitatem,
1140 3361 1263 3416 date
1289 3361 1419 3415 mihi
1444 3369 1500 3414 ut
1524 3376 1689 3431 pauca
1719 3377 1782 3416 ex
1814 3377 1943 3418 con-

337 3454 500 3509 cione
526 3454 632 3510 illic
660 3453 837 3509 habita
867 3453 1018 3509 vobis
1043 3469 1329 3524 exponam.

416 3546 652 3602 Flaviani
674 3546 937 3600 modestia.
966 3574 1041 3588 -—
1077 3547 1253 3601 Dicam
1281 3555 1457 3601 autem
1503 3562 1622 3617 qua:
1651 3562 1681 3602 a
1711 3547 1942 3618 quodam

336 3656 554 3708 eorum,
581 3639 672 3710 qui
720 3639 863 3693 intus
907 3637 1263 3702 adstiterant,
1310 3637 1471 3693 didici
1505 3657 1519 3692 :
1553 3648 1705 3709 pater
1751 3655 1944 3711 nempe

340 3731 501 3798 nihil,
531 3745 704 3801 neque
733 3743 953 3799 parvum
987 3743 1158 3798 neque
1189 3743 1458 3798 magnum,
1491 3730 1645 3784 nobis
1667 3730 1822 3796 dixit,
1846 3730 1943 3785 scd

343 3823 497 3878 Pauli
527 3837 741 3890 semper
765 3819 1256 3891 magnanimitatem
1289 3819 1528 3884 imitans,
1563 3820 1776 3889 propria
1803 3821 1944 3875 celat

338 3917 559 3982 merita,
593 3923 648 3970 et
683 3913 918 3983 undique
970 3913 1421 3983 interrogantibus
1449 3912 1573 3982 quid
1621 3911 1942 3982 Imperatori

338 4009 562 4072 dixerit,
590 4015 645 4062 ct
681 4005 950 4077 quomodo
981 4005 1329 4076 persuaserit,
1375 4013 1428 4058 et
1456 4004 1730 4074 quomodo
1773 4003 1940 4073 ipsius

335 4115 562 4156 onmem
604 4098 895 4152 excluserit
922 4097 1076 4164 iram,
1108 4096 1225 4151 hate
1256 4096 1418 4151 verba
1448 4095 1717 4152 referebat
1749 4114 1762 4149 :
1795 4095 1938 4151 Nihil

343 4207 442 4247 nos
469 4192 535 4246 ad
567 4206 681 4246 rem
713 4189 1054 4256 contulimus,
1088 4187 1185 4244 sed
1213 4187 1328 4259 ipse
1353 4186 1669 4257 Imperator,
1710 4186 1941 4242 leniente

339 4285 456 4340 Deo
483 4298 578 4338 cor
604 4282 793 4350 ipsius,
825 4289 876 4336 et
903 4289 1028 4335 ante
1053 4278 1214 4334 verba
1261 4288 1444 4333 nostra
1489 4293 1705 4355 omnem
1733 4277 1941 4332 remisit

338 4377 474 4430 iram
499 4373 760 4442 solvitque
784 4371 1017 4426 furorem
1057 4388 1070 4423 :
1095 4378 1150 4425 et
1177 4369 1247 4425 de
1275 4369 1444 4440 gestis
1479 4368 1772 4433 disserens,
1806 4377 1941 4423 tam-

337 4481 500 4536 quam
525 4465 630 4519 alio
655 4462 976 4519 contumelia
999 4461 1212 4529 allecto,
1242 4461 1313 4516 ita
1339 4471 1532 4516 cuncta
1562 4477 1682 4530 quae
1721 4460 1936 4516 accide—

337 4567 466 4613 runt
491 4559 607 4612 sine
634 4556 712 4610 ira
739 4555 1218 4611 commemorabat.
1257 4553 1362 4609 Sed
1391 4569 1512 4625 qua:
1538 4554 1734 4609 celavit
1757 4553 1844 4608 hic
1871 4569 1938 4608 ex

339 4648 664 4712 humilitate,
693 4646 811 4702 ιιωο
841 4647 984 4702 Deus
1021 4647 1076 4702 in
1105 4646 1340 4702 medium
1372 4645 1614 4717 protulit.
1645 4645 1776 4712 Qua:
1805 4659 1934 4700 vero

335 4750 464 4794 sunt
485 4738 638 4794 haec?
669 4737 837 4792 Paulo
879 4738 1127 4807 superius
1155 4752 1458 4794 sermonem
1501 4746 1748 4806 repetens
1784 4735 1937 4791 vobis

337 4831 591 4885 referam.
613 4829 899 4898 Postquam
925 4828 1069 4883 enim
1095 4843 1160 4883 ex
1183 4828 1315 4883 urbe
1339 4842 1584 4898 egressus
1614 4837 1716 4894 est,
1746 4841 1936 4882 omnes

335 4921 386 4975 in
401 4931 548 4976 tanta
574 4919 879 4990 relinquens
894 4919 1128 4986 tristitia,
1146 4919 1313 4974 multo
1336 4920 1580 4990 graviora
1612 4919 1930 4989 patiebatur,

331 5029 492 5082 quam
521 5014 610 5084 qui
641 5014 692 5068 in
723 5013 852 5082 ipsis
888 5020 1044 5068 erant
1072 5012 1354 5068 molestiis.
1386 5013 1624 5068 Primum
1655 5028 1849 5082 nempe
1880 5013 1932 5068 in

333 5108 417 5160 via
448 5106 624 5162 media
651 5107 980 5162 conveniens
1019 5120 1136 5173 eos,
1165 5106 1256 5176 qui
1290 5105 1356 5160 ad
1393 5114 1665 5176 gestorum
1705 5121 1930 5161 examen

335 5199 406 5252 ab
430 5197 754 5268 Imperatore
776 5197 925 5252 missi
947 5205 1119 5262 erant,
1144 5205 1197 5251 et
1221 5197 1288 5252 ab
1315 5197 1418 5252 illis
1443 5197 1650 5263 doctus,
1673 5214 1930 5269 quorsum

333 5298 516 5344 essent
544 5289 719 5357 missi,
766 5299 824 5345 et
850 5289 991 5345 mala
1021 5289 1292 5345 civitatem
1331 5289 1602 5356 invasura,
1648 5291 1926 5356 tumultus,

332 5380 686 5450 turbationes,
723 5381 922 5453 fugam,
972 5382 1241 5449 timorem,
1292 5381 1640 5448 anxietatem,
1690 5383 1924 5454 pericula

330 5475 594 5544 cogitans,
626 5474 988 5546 lacrymarum
1029 5477 1204 5530 fontes
1232 5474 1532 5542 emittebat,
1565 5489 1688 5531 cum
1720 5475 1928 5530 viscera

335 5567 435 5638 ipsi
467 5568 865 5625 dissecarentur
889 5585 902 5622 :
930 5568 1170 5640 patribus
1193 5569 1337 5625 enim
1369 5583 1486 5624 mos
1509 5577 1593 5624 est
1617 5568 1784 5623 multo
1814 5583 1928 5623 ma-

332 5659 413 5730 gis
439 5660 644 5729 dolere,
674 5675 796 5716 cum
819 5660 940 5716 filiis
965 5661 1077 5716 suis
1101 5660 1239 5718 male
1257 5660 1580 5718 habentibus
1608 5676 1709 5717 nec
1735 5660 1926 5717 adesse

335 5753 536 5820 possint
563 5773 574 5808 :
607 5753 748 5826 quod
792 5762 847 5810 et
873 5753 1142 5824 piissimus
1173 5754 1258 5810 hic
1288 5769 1477 5825 passus
1519 5763 1621 5824 est,
1652 5768 1757 5809 non
1785 5755 1920 5809 mala

1347 294 1437 349 AD
1477 294 1800 353 POPULUM
1837 295 2330 356 ANTIOCIIENUM
2395 297 2624 354 IIOMIL.
2672 297 2808 352 XXI.

3545 307 3654 362 21ft

2058 422 2262 469 tantum
2289 430 2386 471 nos
2435 417 2684 472 invasura
2715 416 3026 486 deplorans,
3065 418 3160 474 sed
3197 427 3254 476 ct
3298 424 3442 491 quod
3501 428 3654 482 nobis

2060 504 2174 560 hinc
2200 507 2524 574 patientibus
2564 510 2747 578 procul
2779 510 3027 578 abesset;
3060 528 3247 568 verum
3299 523 3354 570 et
3399 514 3506 573 hoc
3557 534 3654 589 pro

2060 607 2244 652 nostra
2274 597 2450 653 salute
2475 598 2670 654 factum
2699 611 2802 656 est.
2834 602 2902 657 Ut
2948 602 3064 657 hmc
3105 606 3248 660 enim
3280 607 3348 663 ab
3375 607 3482 662 illis
3520 610 3658 664 didi-

2056 690 2150 756 cit,
2183 690 2465 747 calidiores
2509 693 2863 766 lacrymatum
2911 696 3087 754 fontes
3116 700 3412 764 emittebat,
3450 709 3648 756 etcum

2059 782 2251 851 majori
2283 783 2672 853 supplicatione
2701 786 2768 841 ad
2791 788 2954 842 Deum
2979 788 3334 860 confugiebat,
3371 802 3426 846 et
3469 802 3656 849 noctes

2058 876 2329 931 insomnes
2359 877 2589 933 ducebat
2617 880 2941 949 supplicans,
2967 891 3025 936 ut
3050 882 3164 936 haec
3187 885 3404 953 patienti
3438 900 3660 939 succut-

2059 979 2200 1022 reret
2219 970 2441 1036 civitati,
2473 981 2527 1026 et
2555 981 2611 1026 ut
2634 971 2979 1041 Imperatoris
3012 986 3249 1031 mentem
3276 978 3526 1032 redderet
3551 979 3655 1031 mi-

2063 1061 2271 1114 tiorem.
2308 1061 2378 1116 Ut
2410 1078 2538 1116 vero
2567 1079 2816 1134 magnam
2840 1066 3106 1121 civitatem
3155 1068 3300 1122 illam
3325 1069 3567 1124 ascendit
3603 1079 3662 1122 et

2058 1151 2230 1220 regias
2259 1153 2532 1222 ingressus
2556 1155 2821 1221 estaulas,
2859 1159 3042 1226 procul
3071 1159 3398 1228 Imperatore
3420 1160 3658 1215 constitit

2058 1255 2257 1310 mutus,
2290 1245 2613 1316 Iacrymaus,
2639 1248 2888 1304 deorsum
2916 1251 3220 1316 inclinatus,
3251 1253 3488 1320 latitans,
3513 1262 3618 1306 tam
3637 1282 3652 1292 -

2056 1352 2214 1404 quam
2239 1337 2352 1404 ipse
2373 1347 2514 1392 esset
2544 1340 2634 1408 qui
2663 1341 2842 1393 omnia
2875 1341 2962 1394 illa
2989 1352 3270 1409 pati-asset.
3317 1345 3428 1398 lloc
3472 1353 3651 1397 autem

2057 1427 2303 1494 faciehat,
2330 1427 2530 1492 habitu,
2560 1439 2796 1498 aspectu,
2829 1431 3054 1486 luctibus
3106 1433 3253 1502 prius
3305 1449 3523 1488 movere
3560 1449 3656 1486 vo-

2057 1517 2174 1573 lens
2203 1519 2375 1588 ipsum
2406 1519 2470 1573 ad
2511 1520 2962 1589 misericordiam,
3019 1532 3074 1577 et
3123 1533 3231 1576 tum
3285 1523 3654 1578 defensionem

2057 1626 2153 1680 pro
2173 1611 2608 1683 nobisincipere.
2648 1613 2774 1668 Sola
2819 1629 3048 1684 namque
3096 1615 3442 1684 peccantibus
3488 1615 3656 1668 retin.

2053 1703 2236 1770 quitur
2260 1703 2432 1768 venia,
2467 1711 2643 1759 tacere
2665 1714 2719 1758 et
2752 1704 2882 1759 nihil
2908 1721 3004 1774 pro
3042 1706 3208 1775 gestis
3234 1706 3398 1775 loqui.
3430 1704 3657 1760 Volebat

2053 1795 2198 1850 enim
2230 1795 2478 1850 affectum
2526 1796 2668 1852 hunc
2711 1798 2925 1867 quidem
2958 1797 3174 1868 ejicere,
3207 1798 3359 1853 illum
3389 1814 3516 1853 vero
3566 1798 3650 1851 in-

2055 1887 2339 1942 troducere
2369 1905 2382 1941 :
2415 1888 2612 1957 ejicere
2633 1890 2830 1960 quippe
2858 1890 3015 1956 iram,
3050 1891 3320 1945 tristitiam
3367 1900 3544 1946 autem
3575 1893 3659 1945 in-

2053 1977 2358 2046 troducere,
2388 1989 2445 2033 ut
2474 1979 2543 2033 ita
2561 1981 2700 2034 viam
2728 1991 3052 2051 pra'pararet
3074 1980 3404 2037 defensionis
3432 1982 3609 2037 verbis
3639 1999 3654 2035 :

2053 2071 2196 2139 quod
2223 2071 2435 2139 quidem
2461 2081 2515 2127 et
2543 2073 2737 2128 factum
2766 2083 2870 2129 est.
2901 2074 2968 2128 Et
3015 2075 3154 2129 sicut
3183 2073 3359 2129 Moses
3403 2074 3454 2127 in
3496 2089 3653 2129 mon-

2055 2169 2163 2216 tem
2192 2163 2509 2228 ascendens,
2542 2164 2739 2234 popqu
2788 2165 2960 2234 lapso,
3015 2174 3193 2218 mutus
3233 2165 3347 2234 ipse
3391 2165 3653 2228 constitit,

2054 2255 2226 2310 donec
2250 2256 2422 2324 ipsum
2471 2257 2609 2310 Deus
2637 2257 2948 2325 provocavit
2976 2256 3198 2310 dicens:
3231 2256 3439 2310 Dimitte
3470 2271 3568 2319 me,
3606 2265 3655 2310 ct

2053 2347 2228 2400 delebo
2260 2350 2504 2417 populant
2534 2348 2668 2402 [tunc
2685 2347 2882 2422 (Exod.
2907 2348 2994 2404 39..
3036 2348 3126 2418 IO)
3162 2367 3174 2402 :
3209 2349 3277 2401 ita
3307 2358 3359 2403 et
3390 2349 3474 2402 hic
3509 2347 3653 2402 fecit.

2125 2437 2399 2492 Theodosii
2447 2439 2516 2491 ad
2562 2438 2868 2493 Flavianum
2915 2441 3082 2494 verba.
3133 2471 3203 2480 —
3251 2441 3426 2509 Ipsum
3478 2440 3656 2510 itaque

2056 2528 2352 2598 Imperator
2379 2533 2718 2601 conspicatus
2758 2533 3028 2602 Ingentem
3071 2543 3124 2587 ct
3153 2533 3403 2586 dcorsmn
3433 2532 3654 2585 inclina-

2056 2632 2188 2687 tum,
2217 2625 2444 2679 accessit
2475 2625 2609 2693 ipse,
2643 2626 2852 2695 etquod
2879 2627 3178 2696 patiebatur
3205 2636 3423 2694 propter
3471 2641 3656 2679 sacer-

2052 2715 2195 2770 dotis
2222 2716 2502 2788 lacrymas,
2531 2716 2632 2772 hoc
2660 2718 2838 2773 verbis
2864 2719 2928 2772 ad
2951 2719 3122 2788 ip~um
3155 2718 3372 2773 directis
3398 2717 3654 2772 ostendit.

2052 2808 2168 2863 Non
2198 2809 2342 2864 enim
2368 2809 2692 2881 indignantis
2717 2826 2817 2866 nec
2844 2811 3139 2874 irascentis,
3170 2809 3261 2863 sed
3292 2808 3571 2865 maerentis
3596 2817 3652 2862 et

2051 2899 2238 2954 dolore
2263 2901 2432 2970 magis
2458 2900 2662 2956 detenti
2698 2919 2711 2953 :
2743 2910 2796 2956 ct
2821 2903 2962 2972 quod
2996 2902 3100 2957 hoc
3153 2903 3222 2955 sit
3270 2918 3479 2965 verum,
3536 2902 3650 2970 ipsa

2052 2991 2326 3047 audientes
2351 2991 2514 3047 verba
2543 2994 2741 3047 scietis.
2797 2994 2912 3048 Non
2957 2994 3096 3048 enim
3148 2993 3319 3047 dixit:
3370 2994 3506 3061 Quid
3533 3003 3653 3047 tan-

2051 3081 2172 3135 dem
2206 3081 2308 3136 hoc
2334 3091 2419 3136 est
2443 3083 2466 3136 ?
2495 3099 2594 3152 pro
2620 3083 2925 3138 hominibus
2952 3085 3191 3139 scelestis
3241 3095 3292 3138 ct
3343 3085 3652 3140 sceleratis-

2051 3175 2220 3242 simis,
2245 3187 2296 3231 et
2323 3191 2459 3246 quos
2505 3191 2606 3232 nec
2649 3178 2884 3248 oportuit
2917 3179 3118 3243 vivere,
3149 3180 3296 3232 venis
3328 3177 3650 3247 legationem

2051 3267 2260 3336 obiens,
2292 3269 2555 3341 tyrannis,
2588 3270 2956 3335 novatorihus,
2988 3269 3133 3324 omni
3161 3268 3424 3337 supplicio
3449 3268 3651 3338 dignis?

2050 3357 2155 3414 Sed
2188 3359 2301 3414 hmc
2324 3360 2503 3414 omnia
2533 3360 2808 3414 dimittens
2833 3359 2996 3415 verba
3017 3401 3030 3423 ,
3087 3359 3456 3414 defensionem
3505 3373 3653 3414 com—

2050 3451 2547 3520 posuitreverentia
2579 3452 2787 3520 plenam
2816 3451 3171 3522 etgravitate,
3200 3457 3253 3504 et
3281 3466 3310 3504 a
3353 3465 3412 3504 se
3461 3450 3651 3505 collata

2050 3545 2507 3600 commemorabat
2556 3545 2836 3611 beneficia,
2884 3546 3076 3614 quibus
3119 3559 3216 3614 per
3275 3559 3436 3598 omne
3501 3545 3652 3614 regni

2052 3645 2260 3706 tempus
2285 3637 2554 3695 civitatem
2584 3647 2820 3692 nOstram
2850 3646 3202 3707 proscquulus
3231 3645 3332 3702 est,
3370 3644 3423 3690 et
3451 3635 3516 3690 ad
3544 3637 3653 3691 sin-

2049 3729 2169 3797 gula
2203 3728 2315 3784 haec
2338 3729 2651 3799 repetebat:
2695 3730 2941 3784 llmccitie
2965 3745 3050 3783 me
3077 3743 3176 3798 pro
3199 3729 3302 3782 illis
3345 3727 3450 3797 pati
3493 3742 3653 3797 opor-

2049 3818 2150 3872 tuit
2168 3819 2192 3872 ?
2213 3835 2438 3889 quarum
2467 3836 2496 3875 a
2524 3836 2609 3874 me
2638 3821 2952 3890 iujuriarum
2987 3824 3081 3874 has
3107 3835 3292 3890 pinnas
3314 3818 3652 3888 exegerunt?

2048 3909 2174 3978 quid
2203 3925 2442 3978 parvum,
2475 3911 2669 3981 quidve
2691 3927 2938 3981 magnum
2970 3911 3330 3964 accusandum
3362 3909 3644 3976 habentes,

2048 4015 2154 4054 non
2175 4016 2260 4055 me
2290 4001 2486 4068 solum,
2513 4017 2698 4056 verum
2721 4011 2776 4058 et
2799 4001 3083 4056 defunctos
3128 4001 3469 4055 contumeliis
3507 3999 3643 4054 affe-

2047 4092 2281 4146 cerunt?
2307 4106 2483 4147 annon
2507 4093 2637 4147 satis
2667 4101 2784 4147 erat
2823 4093 2874 4146 in
2925 4092 3064 4145 vivis
3119 4091 3354 4145 furerent
3402 4091 3597 4144 satiare
3621 4089 3648 4143 ἵ

2047 4181 2143 4238 sed
2196 4184 2297 4238 nisi
2351 4186 2590 4255 sepultos
2629 4199 2841 4255 quoque
2883 4184 3270 4239 contumeliose
3322 4190 3644 4250 tractarent,

2046 4273 2124 4327 nil
2153 4289 2403 4345 magnum
2447 4277 2625 4330 facere
2671 4285 2940 4346 putarunt.
2996 4273 3163 4343 Iniqui
3219 4272 3478 4328 fuerimus
3523 4287 3643 4337 nos,

2047 4372 2106 4418 ut
2129 4364 2227 4434 ipsi
2257 4366 2667 4435 putant:igitur
2712 4366 2937 4419 mortuis
2987 4379 3228 4434 parcere,
3285 4364 3373 4434 qui
3436 4363 3634 4417 nullam

2046 4456 2344 4512 intulerunt
2370 4457 2642 4526 iniuriam,
2668 4457 2948 4528 oportebat
2982 4475 2994 4509 :
3026 4473 3130 4510 non
3154 4455 3296 4511 enim
3319 4464 3373 4510 et
3403 4455 3506 4509 illis
3529 4455 3644 4508 haec

2046 4549 2310 4619 imputare
2351 4551 2624 4604 valebant.
2699 4550 2888 4604 Nonne
2936 4564 3151 4619 semper
3201 4548 3340 4602 hanc
3394 4546 3644 4601 omnibus

2043 4641 2630 4711 praeposuicivitatcm,
2661 4654 2715 4698 et
2755 4642 2924 4711 patria
2975 4639 3470 4696 desiderabiliorem
3522 4652 3644 4693 esse

2043 4734 2297 4804 putabam
2325 4753 2338 4788 :
2361 4743 2415 4789 et
2436 4743 2617 4789 votum
2651 4735 2779 4789 mihi
2806 4734 3117 4790 continuum
3143 4741 3257 4788 erat
3280 4733 3465 4786 urbem
3493 4729 3641 4784 illam

2042 4836 2307 4896 spectare,
2341 4838 2395 4883 et
2427 4829 2531 4884 hoc
2559 4829 2700 4899 apud
2733 4843 2921 4883 omnes
2947 4827 3206 4881 faciebam
3232 4825 3594 4893 jnramentum
3617 4823 3643 4876 ?

2121 4921 2174 4975 5.
2208 4922 2449 4979 Flaviani
2491 4922 2560 4976 ad
2585 4923 2948 4990 hnperatorcm
2969 4919 3131 4973 oratio
3159 4934 3250 4987 pro
3290 4913 3638 4969 Antiocltenis.

2038 5050 2110 5060 —
2126 5018 2224 5074 Hic
2245 5032 2426 5072 amare
2448 5015 2724 5085 ingemens
2740 5010 3002 5082 pontifex,
3023 5019 3078 5066 et
3100 5007 3452 5064 fcrventiores
3476 5006 3639 5062 emit-

2039 5121 2161 5168 tens
2208 5110 2495 5181 Iacrymas,
2547 5122 2656 5160 non
2700 5105 2928 5176 amplius
2975 5105 3182 5159 tacuit:
3232 5101 3446 5158 videbat
3495 5101 3639 5156 enim

2037 5203 2384 5276 Imperatoris
2428 5200 2797 5255 defensionem
2825 5198 3036 5270 culpam
3086 5199 3346 5268 majorem
3398 5208 3639 5251 nostram

2037 5296 2213 5351 facere
2237 5311 2252 5362 ;
2277 5293 2372 5350 sed
2409 5293 2643 5364 graviter
2670 5301 2725 5347 et
2750 5307 2934 5347 amare
2978 5290 3046 5346 de
3077 5289 3342 5362 profundo
3390 5301 3634 5360 gemens,

2038 5387 2392 5454 Confitentur,
2420 5384 2613 5456 inquit,
2643 5385 2962 5454 Imperator,
2987 5397 3088 5440 nec
3115 5398 3314 5454 negare
3343 5393 3631 5452 possumus

2034 5494 2271 5534 amorem
2303 5478 2463 5534 istum
2511 5493 2672 5548 quem
2698 5493 2824 5548 erga
2855 5475 3082 5547 patriam
3129 5485 3371 5530 nostram
3401 5471 3632 5527 demon-

2033 5569 2237 5637 strasti,
2264 5577 2319 5625 et
2337 5568 2459 5624 ideo
2478 5569 2710 5624 maxime
2753 5567 3015 5639 lugemus,
3055 5565 3304 5636 quoniam
3334 5564 3411 5619 sic
3438 5570 3632 5615 amatte

2033 5661 2308 5718 daemones
2327 5660 2655 5726 inviderunt,
2680 5668 2735 5716 et
2759 5674 2884 5729 erga
2906 5656 3301 5714 benefactorem
3324 5654 3512 5726 ingrati
3536 5668 3628 5707 su-

2037 5771 2158 5809 mus
2189 5755 2306 5821 visi,
2350 5770 2410 5809 ac
2439 5767 2783 5822 snzmnopere
2823 5766 2920 5807 nos
2962 5758 3229 5804 amantem
3275 5747 3620 5803 exacerbavi-
