4066 6428
444 288 550 347 £15

453 419 592 457 mus.
625 402 749 458 Sive
774 404 973 470 diruas,
998 404 1116 460 sive
1168 406 1437 471 incendas,
1470 407 1580 462 sive
1636 407 1868 473 occidas,
1922 422 2034 462 sive

455 493 828 564 quodcumque
864 495 1002 548 aliud
1030 496 1454 566 facias,nondum
1508 499 1719 570 dignam
1761 500 1827 554 de
1881 501 2036 556 nobis

455 599 666 652 pmnam
696 588 975 653 exegeris:
1006 603 1128 642 nam
1160 603 1256 641 nos
1288 591 1431 658 ipsos
1455 593 1842 660 praevenientes
1871 591 2031 646 innu-

448 680 618 730 meris
644 678 902 731 mortibus
932 679 1178 734 miserins
1208 679 1506 737 affeeimus.
1538 683 1674 751 Quid
1705 684 1849 737 enim
1883 699 2035 736 ama-

456 767 566 819 rius
583 781 701 820 esse
731 768 916 836 possit,
949 784 1106 838 quam
1137 785 1255 824 cum
1285 771 1679 828 benefactorem
1710 782 1762 827 et
1785 776 1861 828 sic
1913 775 2036 828 dili-

454 865 668 922 gentem
719 859 911 927 injuste
949 862 1330 918 exacerbantes
1360 879 1730 933 appareamus,
1771 876 1825 920 et
1865 868 2038 920 omnis

450 944 554 1000 hnc
573 949 800 1002 mundus
822 950 1011 1016 discat,
1041 963 1095 1007 et
1122 969 1220 1007 nos
1249 964 1304 1008 ut
1330 955 1616 1010 admodum
1647 957 1880 1026 ingratos
1901 974 2032 1011 con-

445 1031 708 1090 demnet?
737 1038 790 1092 Si
820 1040 1028 1096 barbari
1071 1043 1339 1097 civitatem
1386 1054 1620 1099 nostram
1671 1047 2036 1112 incursantes,

442 1125 652 1180 mania
681 1127 986 1197 diruissent,
1017 1139 1072 1186 et
1100 1133 1458 1188 incendissent
1485 1134 1692 1196 domos,
1721 1147 1774 1190 et
1797 1137 2039 1192 abduCtis

454 1217 677 1284 captivis
703 1219 984 1287 abiissent,
1017 1224 1192 1278 minus
1214 1236 1328 1279 erat
1360 1227 1578 1281 malum.
1607 1228 1781 1295 Quare
1825 1231 2037 1284 tandem

446 1305 523 1357 ita
545 1305 564 1358 2
590 1305 852 1374 Quoniam
892 1320 942 1366 te
967 1314 1172 1368 vivente
1201 1326 1255 1369 et
1295 1325 1489 1370 tantam
1519 1318 1570 1371 in
1601 1334 1697 1372 nos
1718 1319 2039 1374 benevolen-

456 1393 581 1448 tiam
610 1397 894 1454 exhibente
917 1443 930 1465 ,
963 1417 1085 1471 spes
1119 1415 1232 1458 erat
1260 1406 1342 1458 illa
1374 1419 1563 1462 cuncta
1598 1410 1776 1479 gravia
1805 1411 2037 1465 solutum

447 1483 552 1548 iri,
580 1496 634 1538 et
659 1503 756 1541 nos
795 1489 986 1544 iterum
1017 1493 1084 1546 ad
1123 1496 1351 1562 priorem
1392 1496 1615 1552 formam
1651 1500 1914 1555 redituros
1937 1543 1952 1567 ,
1986 1511 2040 1555 et

454 1573 734 1630 clariorem
776 1592 1082 1650 recepturos
1110 1585 1405 1639 libertatem
1427 1604 1439 1648 ;
1465 1604 1604 1643 nunc
1623 1601 1832 1657 autem,
1867 1592 2036 1646 ablata

451 1663 825 1722 benevolentia
869 1681 986 1739 tua,
1033 1686 1088 1728 et
1136 1678 1334 1730 amoris
1373 1679 1580 1734 vinculo
1625 1681 1857 1748 violato,
1899 1684 2039 1752 quod

457 1756 605 1809 omni
636 1773 788 1813 muro
817 1763 966 1816 nobis
990 1773 1106 1818 erat
1134 1767 1294 1820 tutius
1314 1809 1327 1832 ,
1357 1769 1423 1823 ad
1450 1787 1605 1838 quem
1627 1771 1737 1840 jam
1764 1773 2038 1844 confugie-

457 1849 608 1902 mus?
628 1866 733 1919 quo
760 1855 1050 1921 poterimus
1073 1858 1174 1911 alio
1204 1862 1488 1929 respicere,
1524 1873 1628 1919 tam
1655 1865 1795 1920 dulci
1825 1866 2041 1922 domino

450 1948 511 1992 et
536 1939 670 1994 facili
694 1945 1009 2000 exacerbata
1037 1951 1219 2017 patre?
1249 1952 1427 2022 Itaque
1460 1954 1704 2010 videntur
1723 1958 1939 2027 quidem
1964 1959 2043 2012 in-

458 2030 753 2087 tolerabilia
785 2033 991 2103 fecisse,
1015 2041 1105 2093 sed
1132 2044 1270 2110 passi
1302 2055 1424 2098 sunt
1443 2048 1680 2102 omnium
1705 2051 2038 2119 gravissima,

449 2121 522 2176 ad
555 2124 758 2178 nullum
804 2127 1069 2184 hominem
1104 2133 1360 2189 audentes
1400 2139 1697 2206 respicere,
1731 2156 1828 2196 nec
1869 2142 2040 2212 ipsum

459 2223 701 2281 spectare
744 2218 910 2272 solem
943 2220 1123 2276 liberis
1152 2225 1388 2280 valentes
1409 2229 1605 2296 oculis,
1638 2232 1837 2299 pudore
1881 2235 2039 2288 undi—

451 2319 563 2374 que
603 2308 882 2377 palpebras
916 2318 1264 2371 eontrahente
1304 2327 1358 2372 et
1383 2322 1633 2376 occultari
1673 2337 1895 2396 cogente
1928 2345 1940 2381 :
1975 2329 2040 2381 li-

454 2396 664 2455 bertate
693 2402 820 2470 ipsis
842 2404 1046 2472 ablata,
1081 2411 1300 2478 captivis
1333 2416 1579 2470 omnibus
1622 2434 1763 2474 mmc
1797 2422 2040 2477 miserius

451 2486 630 2544 affecti
661 2501 812 2559 sunt,
846 2506 900 2550 et
941 2508 1230 2555 extremam
1275 2506 1542 2561 sustinent
1576 2509 1916 2578 ignominiam
1949 2523 2042 2569 :et

455 2581 719 2635 malorum
766 2589 1184 2655 magnitudinem
1227 2595 1548 2664 cogitantes,
1593 2609 1648 2654 et
1687 2602 1737 2654 in
1785 2615 2040 2671 quantum

457 2675 794 2730 centutnelite
822 2681 1151 2746 resilierunt,
1196 2700 1294 2739 nec
1339 2689 1601 2756 respirare
1638 2704 1888 2759 possunt,
1918 2710 2038 2750 cum

459 2776 648 2818 omnes
681 2775 873 2822 terram
906 2770 1204 2828 habitantes
1232 2777 1281 2830 in
1308 2781 1386 2832 sui
1415 2780 1864 2839 vehementiorem
1893 2801 2041 2841 accu-

455 2855 714 2911 sationem
744 2858 812 2912 ob
832 2874 952 2915 eum
993 2865 1082 2932 qui
1114 2865 1303 2934 injuria
1334 2868 1553 2926 affectus
1581 2883 1663 2927 est
1705 2879 2036 2933 attraxerint.

452 2943 562 2999 Sed
589 2947 631 3000 si
660 2950 823 3016 velis,
850 2951 1163 3023 Imperator,
1193 2967 1274 3011 est
1301 2960 1506 3016 vulneri
1545 2965 1804 3020 medicina
1844 2977 1900 3022 et
1925 2977 2042 3022 tan-

457 3037 526 3090 tis
555 3038 707 3093 malis
743 3043 1057 3098 remedium.
1103 3046 1309 3116 Smpius
1349 3061 1400 3105 et
1431 3053 1568 3122 apud
1609 3056 1839 3123 privatos
1871 3057 2042 3113 homi-

457 3143 552 3181 nes
578 3129 678 3184 hoc
705 3130 899 3186 factum
930 3144 1046 3201 est;
1076 3154 1278 3208 magna:
1317 3152 1371 3196 et
1394 3142 1754 3202 intolerabiles
1781 3149 2037 3205 offensio-

457 3233 554 3272 nes
595 3235 797 3291 magna:
824 3226 1058 3282 caritatis
1100 3231 1320 3286 materia
1367 3232 1521 3288 facta:
1566 3247 1729 3292 sunt:
1759 3240 1838 3294 sic
1894 3249 1948 3294 et
1986 3243 2038 3296 in

455 3320 641 3366 natura
667 3325 842 3370 nostra
881 3321 1078 3374 evenit.
1103 3321 1231 3376 Cum
1259 3325 1398 3378 enim
1428 3325 1697 3383 hominem
1729 3330 1870 3385 Deus
1890 3331 2034 3398 fecit,

455 3413 509 3456 et
550 3405 601 3458 in
632 3407 929 3473 paradisum
979 3411 1216 3481 induxit,
1250 3424 1304 3468 et
1325 3418 1490 3472 multo
1519 3419 1735 3489 dignum
1776 3423 1902 3478 fecit
1940 3425 2038 3480 ho-

458 3509 622 3561 nore,
678 3505 874 3550 tantam
923 3499 1167 3557 diabolus
1215 3510 1619 3575 prosperitatem
1670 3527 1776 3567 non
1825 3514 2035 3582 ferens,

456 3585 681 3637 invidit:
714 3595 769 3640 et
795 3589 941 3642 illum
970 3605 999 3643 a
1039 3591 1157 3646 data
1185 3597 1388 3665 expulit
1425 3598 1699 3669 dignitate.
1742 3603 1848 3659 Sed
1899 3606 2037 3662 Deus

455 3690 560 3728 non
588 3685 788 3731 tantum
833 3680 1004 3749 ipsum
1044 3699 1148 3738 non
1176 3688 1380 3758 reliquit
1407 3731 1420 3756 ,
1447 3707 1629 3746 verum
1659 3703 1713 3748 et
1751 3711 1848 3765 pro
1877 3712 2038 3766 para-

457 3766 575 3820 diso
600 3769 785 3824 ca-lnm
807 3776 1035 3841 aperuit,
1069 3777 1168 3833 hoc
1195 3780 1309 3849 ipso
1335 3783 1490 3838 simul
1519 3789 1783 3856 propriam
1809 3791 2036 3846 demon-

454 3864 629 3914 strans
657 3861 1050 3932 benignitatem,
1081 3879 1134 3923 ct
1157 3871 1423 3928 diabolum
1449 3879 1616 3948 magis
1644 3882 1890 3949 puniens.
1926 3884 2037 3939 lloc

452 3959 508 4005 et
537 3962 588 4004 tu
634 3954 794 4010 facias

452 4045 688 4098 omnium
733 4047 824 4101 tibi
869 4052 1223 4120 gratissimam
1272 4058 1538 4116 civitatem
1589 4079 1619 4117 a
1670 4066 2034 4124 benevolentia

453 4143 539 4189 tua
591 4150 934 4208 separarent;
980 4143 1082 4199 hoc
1125 4163 1250 4202 vero
1306 4161 1359 4205 tu
1403 4170 1543 4209 nunc
1589 4157 1784 4225 sciens,
1824 4177 2033 4229 poenam

450 4228 691 4291 quamvis
717 4231 918 4300 exigas,
953 4236 1112 4301 priori
1143 4241 1370 4294 amicitia
1401 4259 1466 4297 ne
1494 4261 1590 4300 nos
1621 4251 1891 4304 extrudas.
1922 4252 2028 4308 Sed

452 4326 507 4367 et
536 4316 578 4369 si
603 4328 794 4386 prteter
835 4324 1137 4392 opinionem
1177 4331 1376 4401 aliquid
1419 4351 1558 4391 nunc
1602 4339 1782 4395 dicere
1812 4343 1888 4398 fas
1917 4354 2032 4411 est,

451 4405 612 4460 etiam
635 4425 773 4465 nunc
799 4413 936 4468 inter
975 4417 1284 4474 dilectarum
1329 4425 1525 4492 primas
1555 4428 1722 4498 ipsam
1750 4435 1956 4498 scribe,
1989 4439 2034 4491 si

449 4497 610 4551 modo
636 4500 1043 4560 dannonashwe
1080 4524 1329 4577 operatos
1375 4517 1452 4570 vis
1498 4519 1698 4576 ulcisci.
1741 4524 1796 4579 Si
1843 4542 2034 4597 nempe

448 4585 693 4642 destruas
713 4601 766 4645 et
781 4594 1003 4650 subruas
1027 4607 1081 4651 et
1103 4600 1301 4668 deleas,
1323 4621 1440 4674 quae
1467 4610 1611 4676 prius
1636 4612 1708 4667 illi
1730 4585 2029 4686 voluerunt,

448 4677 563 4732 haec
592 4681 813 4750 efiicies;
841 4686 886 4740 si
917 4703 1041 4742 vero
1071 4691 1201 4745 iram
1231 4694 1462 4754 dimittes
1487 4711 1541 4754 et
1568 4711 1616 4758 te
1647 4721 1829 4762 rursus
1862 4710 2029 4779 ipsam

446 4787 649 4842 amare,
675 4776 813 4831 sicut
834 4780 981 4848 prius
995 4784 1232 4852 amabas,
1263 4791 1564 4849 confitearis
1582 4837 1596 4858 ,
1630 4797 1877 4854 lethalem
1905 4804 2033 4872 ipsis

446 4863 653 4932 plagam
704 4866 976 4937 intuleris,
1009 4883 1062 4926 et
1093 4875 1327 4933 ultimam
1372 4882 1440 4936 ab
1478 4885 1605 4953 ipsis
1636 4887 1890 4945 ultionem
1934 4909 2034 4948 ex-

449 4958 656 5024 egeris,
685 4959 1058 5018 demonstrans
1081 4981 1184 5021 non
1217 4979 1418 5026 tantum
1449 4975 1580 5029 nihil
1619 4980 1843 5046 amplius
1889 4983 2032 5052 ipsos

444 5060 539 5115 per
559 5047 776 5103 insidias
803 5052 1087 5121 perfecisse
1109 5098 1124 5123 ,
1157 5075 1338 5116 verum
1371 5076 1423 5118 et
1452 5078 1637 5120 cuncta
1677 5070 1804 5139 ipsis
1821 5085 2032 5129 contra-

445 5139 552 5205 ria,
585 5155 741 5209 quam
771 5145 1048 5214 \olehant,
1073 5153 1350 5210 accidisse.
1381 5156 1615 5226 Equum
1644 5172 1820 5218 autem
1847 5164 2026 5233 fuerit,

444 5241 500 5284 ut
532 5231 646 5287 haec
672 5234 833 5291 facias
860 5248 913 5291 ct
941 5242 1169 5299 civitatis
1193 5249 1514 5318 miserearis,
1541 5256 1624 5309 cui
1653 5270 1869 5328 prepter
1895 5262 2030 5315 ami-

442 5322 622 5376 citiam
675 5332 815 5378 tuam
863 5327 1135 5386 dwmones
1181 5336 1508 5406 inviderunt;
1545 5346 1641 5398 nisi
1685 5349 1825 5404 enim
1859 5351 2029 5421 ipsam

442 5423 546 5467 tam
579 5416 924 5473 vehementer
948 5436 1182 5481 amasses
1202 5470 1216 5495 ,
1257 5447 1356 5485 nec
1387 5435 1552 5502 ipsam
1581 5438 1654 5492 illi
1684 5449 1826 5496 tanta
1880 5443 2026 5499 inse-

442 5508 566 5558 elati
596 5509 820 5566 fuissent
849 5513 1062 5568 invidia.
1092 5517 1270 5589 Itaque
1309 5526 1406 5578 etsi
1437 5527 1733 5584 mirandum
1771 5544 1853 5588 est
1888 5535 2027 5603 quod

441 5591 652 5662 dicitur,
684 5610 765 5654 est
789 5609 966 5654 tamen
995 5619 1210 5672 verum,
1245 5614 1382 5678 quod
1433 5632 1648 5686 propter
1681 5634 1730 5679 te
1758 5635 1813 5681 et
1839 5591 2026 5684 aniici-

447 5680 567 5735 tiam
597 5696 736 5744 tuam
770 5693 884 5746 lucc
915 5709 1064 5761 passa
1097 5701 1184 5755 sit.
1219 5704 1356 5771 Quot
1385 5710 1660 5783 incendiis,
1687 5731 1878 5790 quanta
1901 5725 2025 5778 sub-

1160 292 1216 347 S.
1257 291 1534 349 JOANNIS
1573 289 2056 347 CHRYSOSTOMI
2087 291 2395 352 ARCHlEP.
2437 296 2966 363 CONSTANTINOP.

838 3976 852 4011 :
895 3975 1033 4015 nunc
1083 3965 1259 4019 omnia
1305 3982 1585 4026 moverunt
1625 3973 1937 4046 daemones,
1982 3987 2038 4034 ut
2077 4005 2086 4012 -

3622 316 3688 378 εξ
3700 322 3733 378 6

2145 413 2393 468 versione
2418 425 2541 470 sunt
2569 418 2682 474 haec
2703 422 2864 477 verba
2909 425 3183 482 acerbiora
3208 470 3222 496 ,
3252 443 3368 500 quae
3399 436 3730 504 reSp‘ondens

2141 501 2396 559 dicebas?
2421 507 2569 563 Nunc
2600 520 2651 566 te
2675 516 2996 570 contumelia
3021 517 3264 574 affectum
3292 521 3443 590 dicis,
3466 501 3520 582 et
3544 539 3728 596 pertus

2143 592 2268 649 lisse
2295 611 2414 664 qua:
2443 601 2620 656 nullus
2659 620 2907 674 umquam
2937 611 3268 678 superiorum
3297 613 3677 684 lmpcratorum
3713 642 3728 678 :

2142 685 2235 737 sed
2261 686 2305 740 si
2335 689 2464 742 velis
2486 732 2500 755 ,
2529 707 2562 744 ο
2583 691 2965 753 humanissime
2993 708 3046 754 et
3066 703 3456 770 sapientissime
3481 719 3533 763 et
3561 714 3729 769 multa

2144 776 2339 843 pietate
2364 781 2554 848 plene,
2582 784 2878 842 diademate
2919 789 3020 844 isto
3067 792 3346 850 clariorem
3377 807 3430 852 et
3472 802 3730 872 majorem

2143 870 2236 922 tibi
2280 886 2534 928 coronam
2588 877 2702 932 hare
2748 881 2934 936 afferet
2978 888 3319 942 contumelia.
3376 891 3486 947 lloc
3534 911 3730 966 nempe

2143 959 2389 1017 diadema
2416 975 2498 1020 est
2526 977 2578 1021 et
2604 977 2705 1024 tuae
2731 973 2940 1028 virtutis
2971 976 3174 1048 insigne
3194 1021 3208 1046 ,
3244 991 3298 1036 et
3322 984 3436 1052 ejus
3467 987 3557 1056 qui
3582 959 3733 1046 dedit

2143 1055 2474 1114 liberalitatis
2500 1063 2783 1130 indicium;
2815 1073 2908 1123 sed
2939 1087 3133 1129 corona
3174 1093 3240 1132 ex
3271 1079 3372 1136 hac
3405 1083 3733 1145 humanitate

2146 1157 2392 1204 contexta
2437 1161 2585 1208 tuum
2631 1158 2797 1213 solius
2823 1163 2924 1216 erit
2963 1174 3016 1218 et
3055 1168 3402 1241 philos0phiae
3427 1186 3529 1232 tua;
3567 1183 3733 1236 meri-

2144 1244 2298 1292 tum:
2331 1256 2428 1296 nec
2477 1252 2526 1297 te
2573 1254 2772 1303 tantum
2821 1267 3008 1310 omnes
3054 1257 3457 1320 admirabuntur
3511 1277 3733 1340 propter

2147 1327 2276 1383 istos
2330 1332 2532 1402 lapides
2576 1341 2868 1408 pretiosos,
2894 1359 3148 1416 quantmn
3195 1364 3410 1424 propter
3452 1360 3729 1418 victoriam

2145 1417 2213 1472 de
2253 1419 2612 1492 indignatione
2660 1442 2904 1499 superata
2935 1417 3252 1507 reportatam
3291 1417 3601 1505 iaudabunt.
3633 1454 3734 1508 De-

2142 1509 2386 1578 jeccrunt
2423 1524 2626 1572 statuas
2669 1524 2819 1578 tuas?
2858 1528 2952 1582 sed
2995 1529 3100 1585 illis
3149 1534 3401 1592 clariores
3447 1542 3731 1599 restituere

2149 1602 2240 1656 tibi
2283 1604 2423 1662 licet.
2458 1609 2512 1663 Si
2543 1613 2685 1666 enim
2717 1616 2924 1686 injuria:
2961 1626 3267 1682 auctoribus
3297 1630 3520 1688 crimina
3546 1638 3733 1692 remit-

2149 1702 2228 1748 tas
2251 1737 2265 1760 ,
2292 1710 2342 1752 et
2370 1701 2568 1757 nullam
2601 1705 2726 1775 ipsis
2766 1709 2963 1768 inferas
2999 1730 3208 1784 poenam
3236 1720 3275 1786 ί,
3305 1738 3408 1777 non
3452 1741 3646 1783 tuream
3676 1731 3730 1786 in

2148 1789 2261 1842 foro
2313 1791 2404 1846 tibi
2436 1804 2661 1851 statuam
2710 1801 2949 1872 erigent,
2989 1821 3086 1861 nec
3130 1825 3380 1878 auream,
3412 1831 3510 1871 nec
3537 1819 3734 1889 lapillis

2146 1892 2724 1952 coagmentahimzsed
2757 1895 2904 1949 omni
2947 1900 3166 1954 materia
3215 1906 3514 1971 pretiosiori
3568 1911 3727 1967 indu-

2148 1979 2286 2040 tam,
2329 1975 2655 2034 humanitate
2700 1984 2902 2039 scilicet
2925 1995 2978 2041 et
3027 1989 3411 2050 misericordia.
3463 1998 3644 2056 Talem
3677 2003 3730 2058 in

2148 2075 2324 2119 mente
2355 2068 2578 2139 quisque
2603 2087 2698 2128 sua
2730 2084 2782 2131 te
2807 2079 3035 2149 erigent,
3067 2091 3121 2137 et
3153 2095 3228 2140 tot
3257 2086 3475 2145 habebis
3504 2101 3727 2163 statuas,

2147 2165 2277 2226 quot
2321 2160 2506 2217 orbem
2551 2163 2789 2223 habitant
2841 2170 3085 2230 homines
3123 2188 3175 2232 et
3229 2179 3558 2239 habitabunt.
3614 2160 3729 2244 Non

2146 2248 2290 2303 enim
2331 2265 2429 2307 nos
2457 2262 2657 2311 tamum
2680 2300 2695 2326 ,
2731 2275 2916 2317 verum
2945 2272 3001 2319 et
3031 2275 3152 2336 post
3177 2286 3272 2325 nos
3299 2273 3494 2340 futuri,
3528 2286 3581 2332 et
3611 2292 3726 2349 post

2147 2339 2270 2394 illos
2290 2357 2475 2400 omnes
2523 2348 2637 2403 hazc
2662 2351 2912 2422 audient,
2935 2365 2990 2410 et
3017 2365 3280 2429 tamquam
3329 2364 3430 2433 ipsi
3455 2366 3592 2422 bene
3619 2369 3730 2423 fuc-

2153 2431 2259 2484 rint
2286 2432 2446 2488 habiti
2473 2478 2487 2502 ,
2521 2439 2598 2494 sic
2626 2449 2676 2495 te
2696 2442 3099 2502 admirabuntur
3127 2459 3180 2504 et
3206 2431 3478 2510 amabunt.
3507 2459 3730 2529 thuod

2149 2520 2263 2577 lucc
2288 2539 2392 2578 non
2417 2539 2695 2585 assentans
2715 2532 2917 2601 dicam,
2961 2540 3054 2593 sed
3093 2541 3171 2595 sic
3199 2539 3433 2600 futurum
3459 2547 3528 2602 sit
3555 2550 3729 2606 omni-

2147 2627 2244 2678 no,
2283 2616 2559 2685 antiquum
2589 2619 2680 2675 tibi
2724 2623 2950 2680 referam
2998 2644 3298 2687 sermonem
3327 2638 3645 2707 quemdam,
3671 2651 3730 2696 ut

2147 2704 2320 2760 discas
2350 2723 2454 2762 non
2488 2719 2688 2768 tantum
2719 2719 2980 2772 exercitus
2999 2761 3014 2786 ,
3043 2735 3220 2790 arma,
3252 2729 3520 2796 pecunias,
3543 2733 3732 2786 subdi-

2149 2805 2321 2851 torum
2347 2801 2742 2860 multitudinem
2768 2816 2821 2860 et
2853 2809 2953 2863 alia
2991 2810 3292 2881 hujusmodi
3318 2818 3624 2887 splendidos
3651 2823 3729 2876 fa~

2145 2901 2268 2943 cere
2294 2905 2445 2961 reges
2472 2896 2834 2964 consuevissc,
2869 2910 3121 2968 quantum
3156 2905 3318 2959 animi
3343 2907 3727 2981 philos0pbiam

2145 2987 2199 3033 et
2229 2985 2706 3041 mansuetudinem.

2218 3069 2498 3127 Pulchrum
2518 3073 2830 3133 Constantini
2853 3082 3062 3137 dictum.
3079 3116 3151 3126 —
3169 3087 3359 3144 Fertur
3375 3090 3557 3147 beatus
3581 3094 3722 3149 Cous

2150 3165 2434 3231 stantinus,
2459 3166 2633 3236 effigie
2655 3184 2746 3224 sua
2769 3171 3054 3241 aliquando
3079 3177 3325 3246 lapidata,
3349 3182 3526 3237 multis
3555 3184 3728 3254 ipsum

2147 3252 2520 3323 instigantibus
2543 3259 2608 3313 ad
2639 3261 2954 3330 supplicium
2976 3265 3041 3320 de
3062 3271 3368 3326 auctoribus
3391 3252 3730 3333 contumelia:

2146 3348 2460 3402 sumendum
2483 3391 2497 3413 ,
2539 3360 2594 3406 et
2636 3353 2937 3412 dicentibus
2974 3375 3066 3414 eos
3103 3375 3315 3418 omnem
3349 3366 3510 3434 ipsius
3543 3369 3729 3425 faciem

2149 3436 2293 3490 Saxis
2318 3439 2628 3496 vulnerasse
2648 3483 2664 3508 ,
2708 3459 2866 3499 manu
2900 3445 3086 3504 faciem
3117 3453 3335 3521 palpans
3364 3467 3415 3510 et
3441 3457 3629 3514 leniter
3657 3463 3731 3514 ri-

2145 3527 2279 3582 dens
2323 3529 2564 3586 dixisse:
2597 3535 2708 3604 Ego
2753 3551 2882 3592 vero
2925 3556 3183 3612 nusquam
3225 3546 3416 3602 vulnus
3459 3549 3510 3603 in
3557 3549 3730 3606 fronte

2147 3618 2342 3674 factum
2371 3623 2552 3688 video,
2583 3627 2675 3681 sed
2704 3643 2890 3684 sanum
2921 3634 3132 3702 quidem
3161 3647 3340 3706 caput,
3365 3654 3492 3695 sana
3520 3659 3646 3698 vero
3673 3656 3731 3700 et

2145 3709 2308 3765 facies
2335 3721 2462 3766 tota.
2501 3713 2578 3770 llli
2621 3733 2746 3772 vero
2775 3723 2984 3777 reveriti
3019 3732 3072 3779 et
3095 3726 3297 3781 confusi
3324 3729 3392 3783 ab
3421 3729 3520 3786 hoc
3549 3733 3729 3803 iniquo

2145 3801 2396 3861 destitere
2435 3809 2656 3863 consElio
2685 3828 2697 3864 :
2729 3822 2781 3866 et
2826 3813 2926 3868 hoc
2966 3817 3182 3872 verbum
3233 3819 3487 3877 hactenus
3531 3835 3729 3881 canunt

2144 3907 2372 3950 omnes:
2404 3914 2502 3952 nec
2550 3909 2755 3955 tantum
2803 3908 3057 3973 temporis
3107 3909 3386 3978 labefecit,
3434 3924 3526 3969 aut
3571 3916 3729 3985 hujus

2147 3985 2497 4056 philosophite
2542 3995 2850 4048 memoriam
2894 3997 3167 4052 exstinxit.
3207 4002 3346 4069 Quot
3384 4021 3486 4060 non
3526 4007 3594 4062 sit
3624 4007 3729 4064 hoc

2145 4079 2358 4145 trop:eis
2403 4081 2763 4148 splendidius?
2807 4085 2996 4141 Multas
3036 4097 3399 4163 magnasque'
3444 4097 3601 4154 urbes
3639 4100 3729 4156 ille

2143 4170 2380 4224 condidit
2405 4181 2460 4226 et
2486 4174 2678 4228 multos
2716 4169 2969 4232 barbaros
3015 4185 3314 4251 superavit,
3359 4187 3450 4241 sed
3480 4191 3728 4246 memini-

2143 4277 2262 4316 mus
2295 4264 2503 4318 illorum
2537 4267 2696 4333 nihil;
2729 4268 2830 4324 hoc
2855 4280 3031 4326 autem
3064 4274 3284 4330 verbum
3315 4294 3482 4348 usque
3510 4282 3559 4335 in
3590 4299 3731 4352 pra:-

2143 4361 2352 4409 sentem
2399 4357 2539 4412 diem
2586 4361 2814 4426 canitur,
2861 4375 2915 4418 et
2961 4368 3158 4434 posteri
3208 4372 3375 4426 nostri
3426 4381 3478 4426 et
3527 4377 3730 4442 posteri

2142 4444 2359 4501 illorum
2385 4465 2573 4505 omnes
2602 4452 2829 4522 idipsum
2856 4456 3092 4511 audient.
3126 4458 3233 4513 Nec
3255 4462 3426 4516 solum
3453 4473 3532 4518 est
3560 4465 3730 4519 admi-

2142 4539 2387 4604 randum,
2414 4544 2553 4612 quod
2582 4545 2817 4608 audient,
2857 4551 3204 4605 verumetiam
3236 4553 3378 4621 quod
3408 4555 3651 4610 laudibus
3675 4567 3732 4612 et

2142 4628 2327 4683 faustis
2352 4634 2531 4690 verbis
2557 4649 2974 4706 prosequentur,
3020 4640 3364 4713 dicentesque
3397 4645 3727 4713 laudabunt,

2141 4729 2196 4776 et
2223 4723 2500 4780 audientes
2529 4733 2675 4796 grate
2703 4731 2994 4800 suscipient
3019 4749 3032 4786 :
3060 4748 3158 4788 nec
3204 4734 3344 4790 ullus
3383 4745 3468 4791 est
3496 4739 3583 4808 qui
3613 4738 3731 4795 hate

2139 4814 2386 4881 audiens,
2431 4818 2593 4872 silere
2624 4819 2824 4888 possit,
2857 4824 2982 4893 quin
3015 4825 3213 4893 pariter
3237 4827 3502 4884 exclamet
3524 4839 3577 4884 et
3604 4833 3728 4887 talia

2141 4906 2404 4963 dicentem
2434 4911 2642 4974 laudet,
2677 4924 2730 4968 et
2763 4914 3038 4971 innumera
3069 4918 3166 4987 ipsi
3193 4920 3276 4974 vel
3302 4920 3555 4982 defuncto
3589 4924 3724 4978 bona

2141 5011 2404 5070 precetur.
2435 5005 2586 5070 Quod
2613 5005 2657 5059 si
2684 5017 2900 5076 propter
2924 5010 3050 5064 illud
3075 5013 3290 5066 verbum
3317 5015 3456 5082 apud
3483 5014 3727 5071 homines

2141 5099 2283 5146 tanta
2323 5093 2520 5162 potitus
2544 5106 2627 5150 est
2654 5099 2819 5167 gloria
2840 5139 2855 5166 ,
2901 5111 3030 5171 quot
3058 5103 3196 5172 apud
3243 5103 3526 5175 benignum
3555 5105 3726 5162 Deum

2139 5200 2367 5238 coronas
2395 5191 2752 5256 assequetur?

2210 5277 2481 5334 Theodosii
2511 5283 2815 5338 humanitas.
2846 5315 2916 5327 -
2935 5285 3068 5354 Quid
3100 5297 3278 5342 autem
3309 5303 3442 5358 opus
3470 5297 3552 5344 est
3576 5289 3723 5344 Con-

2136 5371 2425 5425 stantinum
2453 5382 2506 5427 et
2532 5375 2704 5429 aliena
2733 5377 2975 5446 exempla
3017 5391 3438 5435 commemorare
3461 5421 3476 5444 ,
3519 5396 3639 5435 cum
3672 5389 3726 5435 te

2136 5462 2204 5518 de
2231 5465 2459 5533 propriis
2486 5467 2688 5522 meritis
2717 5467 2819 5522 tuis
2842 5482 2976 5536 opus
2995 5467 3065 5521 sit
3083 5469 3396 5525 exhortari?
3417 5471 3723 5526 Recordare

2135 5557 2370 5626 priorum
2397 5597 2412 5622 ,
2443 5559 2654 5628 quando
2679 5559 3016 5613 solemnitate
3054 5558 3152 5614 hac
3178 5561 3586 5630 superveniente
3629 5577 3722 5632 per

2199 5672 2216 5702 ί
2253 5668 2391 5720 Savil.
2416 5684 2428 5719 :
2458 5677 2511 5720 Et
2538 5668 2645 5720 illos
2669 5667 2853 5719 nullam
2875 5669 2995 5720 dare
3017 5684 3206 5732 prmum
3230 5671 3376 5722 sinas.

2199 5734 2220 5765 ²
2255 5739 2446 5793 vecem,
2466 5746 2677 5797 magnas,
2705 5745 2733 5782 c
2750 5733 2920 5784 Savilio
2943 5733 3226 5795 adiecimus.
