4066 6426
190 339 310 393 ⁸215

188 454 497 528 εὐεργέτην
524 450 835 522 ἀγνώμονες
875 447 1176 517 ἐφάνημεν,
1205 446 1299 499 καὶ
1325 446 1415 500 τὸν
1452 447 1677 518 σφοδρὸν
1718 448 1874 518 ἡμῶν

190 541 603 614 παρωξύναμεν
623 536 880 609 ἐραστήν.
897 534 1017 589 Κᾶν
1033 532 1416 605 κατασκάψῃς,
1432 532 1534 587 κᾶν
1559 534 1874 607 ἐμπρήσῃς,

189 633 306 686 κᾶν
343 629 694 698 ἀποκτείνῃς,
730 624 831 679 κάν
862 623 1043 676 ὁτιοῦν
1064 623 1251 693 ἕτερον
1274 621 1510 694 πράξῃς,
1545 621 1759 674 οὐδέπω
1781 620 1880 693 τὴν

188 718 360 785 ἀξίαν
379 718 527 788 ἡμᾶς
560 714 847 785 ἀπῄτησας
869 711 1054 781 δίκην·
1090 710 1398 779 φθάσαντες
1426 708 1536 779 γάρ
1566 709 1727 779 ἡμεῖς
1755 709 1880 761 ἐαυ-

190 809 330 869 τοὺς
367 805 577 876 μυρίων
611 803 858 856 θανάτων
881 798 1239 871 χαλεπώτερα
1268 798 1623 869 διεθήκαμεν.
1669 796 1735 848 Τί
1772 796 1878 866 γὰρ

190 892 264 946 ἂν
287 894 502 962 γένοιτο
542 889 884 960 πικρότερον,
938 886 1055 939 ἀλλ’
1089 885 1121 956 ἦ
1162 887 1291 939 ὅταν
1323 885 1415 939 τὸν
1459 885 1755 957 εὐεργέτην
1784 884 1880 937 καὶ

193 978 347 1031 οὕτω
365 976 624 1047 φιλοῦντα
648 975 910 1046 φανῶμεν
934 974 1136 1038 ἀδίκως
1157 973 1586 1046 παροξύναντες,
1606 971 1882 1025 καὶτοῦτο

194 1067 422 1136 πᾶσαὴ
473 1064 763 1136 οἰκουμένη
820 1062 1089 1135 μανθάνῃ,
1143 1064 1237 1115 καὶ
1291 1063 1393 1133 τὴν
1447 1061 1682 1132 ἐσχάτην
1723 1059 1880 1131 ἡμῶν

193 1153 600 1226 ἀγνωμοσύνην
662 1151 1084 1223 καταγινώσκῃ;
1147 1152 1212 1204 Εἰ
1270 1150 1537 1222 βάρϐαροι
1583 1149 1680 1221 τῂν
1726 1148 1882 1202 πόλιν

193 1242 364 1314 ἡμῶν
418 1242 866 1314 καταδραμόντες
909 1241 1262 1309 κατέσκαψαν
1303 1239 1372 1292 τὰ
1403 1239 1595 1310 τείχη,
1654 1238 1750 1290 καὶ
1784 1236 1883 1300 τὰς

193 1330 384 1395 οἰκίας
415 1330 747 1400 ἐνέπρησαν,
787 1329 883 1382 καὶ
913 1328 1169 1392 λαϐόντες
1202 1328 1587 1398 αἰχμαλώτους
1618 1325 1882 1397 ἀπῆλθον,

196 1417 429 1472 ἔλαττον
449 1414 517 1489 ἦν
549 1432 575 1458 ⁸
608 1418 670 1471 τὸ
695 1417 888 1471 δεινόν.
912 1417 976 1469 Τί
1007 1415 1206 1487 δήποτε
1228 1433 1241 1480 ;
1263 1417 1387 1469 Ὂτι
1413 1414 1507 1468 σοῦ
1543 1414 1765 1480 ζῶντος,
1791 1414 1885 1466 καὶ

194 1506 477 1578 τοσαύτην
520 1506 965 1576 ἐπιδεικνυμένου
1002 1506 1128 1576 περὶ
1174 1505 1323 1575 ἡμᾶς
1354 1503 1589 1569 εὔνοιαν,
1623 1502 1777 1564 ἐλπὶς
1816 1496 1885 1571 ἦν

195 1596 392 1648 ἐκεῖνα
426 1594 602 1649 πάντα
634 1593 961 1664 λυθήσεσθαι
993 1592 1058 1646 τά
1083 1591 1252 1656 δεινά,
1294 1592 1390 1645 καὶ
1420 1591 1583 1646 πάλιν
1612 1592 1762 1661 ἡμᾶς
1792 1590 1886 1642 ἐπὶ

193 1683 260 1736 τὺ
308 1683 580 1754 πρότερον
607 1681 900 1755 ἐπανήξειν
936 1682 1141 1752 σχῆμα,
1193 1682 1288 1735 καὶ
1316 1679 1701 1751 λαμπροτέραν
1747 1679 1885 1731 ἀπο-

192 1770 475 1843 λήψεσθαι
523 1769 622 1842 τὴν
673 1769 1020 1840 ἐλευθερίαν·
1075 1766 1170 1821 νῦν
1221 1768 1309 1830 δὲ,
1374 1768 1468 1836 τῆς
1521 1764 1620 1836 σῆς
1674 1765 1886 1829 εὐνοίας

194 1860 574 1933 ἀφῃρημένης
627 1857 855 1912 καὶτοῦ
913 1858 1140 1928 φίλτρου
1205 1856 1562 1919 σϐεσθέντος,
1616 1853 1645 1907 ὃ
1685 1853 1887 1917 παντὸς

192 1947 420 2017 τείχους
463 1941 531 2016 ἦν
571 1947 706 2016 ἡμῖν
735 1944 1173 2015 ἀσφαλέστερον,
1225 1943 1361 2014 πρὸς
1401 1942 1522 1995 τίνα
1566 1940 1753 1993 λοιπὸν
1789 1956 1890 1994 κα-

194 2034 593 2106 ταφευξόμεθα
613 2052 627 2103 ;
649 2033 751 2087 ποῦ
772 2033 1116 2104 δυνησόμεθα
1135 2032 1263 2085 ἰδεῖν
1291 2018 1546 2103 ἑτέρωσε,
1574 2030 1665 2084 τὸν
1682 2030 1888 2099 γλυκὺν

194 2122 352 2178 οὕτω
377 2123 644 2195 δεσπότην
683 2121 777 2176 καὶ⁹
834 2122 1047 2193 πατέρα
1100 2121 1348 2193 προσηνῆ
1400 2119 1886 2190 παροργίσαντες;

198 2212 378 2264 Ὥστε
434 2210 654 2264 δοκοῦσι
700 2209 807 2280 μὲν
849 2210 1099 2281 ἀφόρητα
1155 2209 1559 2277 πεποιηκέναι·
1596 2206 1795 2260 ἔπαθον
1833 2207 1889 2259 δέ

199 2299 430 2352 πάντων
473 2297 768 2369 δεινότερα,
815 2297 954 2369 πρὸς
980 2295 1170 2350 οὐδένα
1214 2295 1520 2368 ἀνθρώπων
1569 2293 1890 2363 ἀντιϐλέψαι

198 2386 515 2459 τολμῶντες
539 2425 554 2451 ,
607 2386 729 2440 οὐδὲ
759 2385 923 2439 αὐτὸν
957 2384 1085 2438 ἰδεῖν
1114 2383 1404 2455 δυνάμενοι
1434 2384 1526 2437 τὸν
1561 2383 1713 2454 ἥλιον
1741 2382 1893 2435 ἐλευ-

202 2474 396 2547 θέροις
449 2473 769 2547 ὀφθαλμοῖς,
817 2475 917 2545 τῆς
963 2471 1118 2546 [218]
1166 2471 1430 2543 αἰσχύνης
1466 2472 1743 2543 πανταχοῦ
1793 2489 1894 2525 κα-

204 2562 612 2634 ταστελλούσης
673 2562 741 2615 τά
791 2561 1036 2633 βλέφαρα
1102 2561 1196 2614 καί⁵
1259 2560 1701 2629 ἐγκαλύπτεσθαι
1763 2576 1895 2613 κατ-

206 2650 633 2721 αναγκαζούσης
654 2666 668 2681 ο
706 2649 805 2715 τῆς
835 2649 1146 2721 παρρησίας
1179 2644 1272 2701 οὖν
1299 2649 1481 2711 αὐτοῖς
1512 2647 1893 2720 ἀνῃρημένης,

206 2740 434 2794 πάντων
461 2736 824 2808 αἰχμαλώτων
854 2736 1180 2808 ἀθλιώτερον
1199 2735 1501 2789 διάκεινται
1526 2735 1643 2799 νῦν,
1678 2736 1772 2788 καὶ
1796 2734 1895 2806 τὴν

205 2828 451 2898 ἐσχάτην
505 2824 871 2895 ὑπομένουσιν
926 2823 1184 2893 ἀτιμίαν,
1244 2823 1342 2875 καί⁵
1396 2823 1460 2875 τὸ
1522 2823 1750 2892 μέγεθος
1788 2824 1897 2875 τῶν

207 2913 404 2967 κακῶν
437 2911 766 2974 ἐννοοῦντες,
800 2910 895 2963 καὶ
922 2911 1002 2972 εἰς
1051 2910 1176 2962 ὅσον
1212 2910 1628 2981 ἀπεσκίρτησαν
1663 2909 1896 2980 ὕϐρεως,

206 3001 339 3055 οὐδὲ
372 3000 631 3053 ἀναπνεῖν
658 2997 913 3051 δύνανται
947 2995 1040 3050 τοῦ
1066 2996 1354 3060 δοκοῦντος
1382 2996 1640 3068 ὑϐρίσθαι
1676 2998 1900 3069 σφοδρο-

210 3090 412 3160 τέρους
440 3088 567 3150 τοὺς
592 3087 693 3159 τὴν
722 3085 1052 3158 οἰκουμένην
1098 3083 1385 3149 οἰκοῦντας
1414 3086 1663 3150 ἅπαντας
1693 3087 1789 3140 ἀνθ
1800 3085 1903 3157 ρώ-

215 3195 356 3242 πους
388 3176 824 3247 ἐπισπασάμενοι
876 3175 1239 3246 κατηγόρους.
1277 3175 1417 3227 Ἀλλ’
1475 3175 1571 3229 ἐὰν
1626 3174 1809 3248 θέλῃς,
1857 3169 1904 3229 ὣ

218 3263 469 3334 βασιλεῦ,
507 3263 653 3318 ἔστιν
708 3265 852 3327 ἴασις
881 3262 959 3332 τῷ
986 3261 1287 3334 τραύματι,
1320 3263 1415 3315 καὶ
1468 3263 1762 3334 φάρμακον
1790 3267 1904 3326 τοῖς

211 3351 500 3416 τοσούτοις
523 3354 735 3415 κακοῖς.
767 3350 1036 3414 Πολλάκις
1066 3351 1161 3403 καὶ
1214 3351 1308 3403 ἐπὶ
1340 3350 1569 3404 ἰδιωτῶν
1617 3349 1776 3404 τοῦτο
1805 3350 1903 3420 γέ-

215 3456 377 3509 γονεσ
405 3438 473 3493 τὰ
515 3438 729 3510 μεγάλα
758 3439 852 3492 καὶ
886 3439 1134 3510 ἀφόρητα
1166 3438 1637 3509 προσκρούσματα
1660 3440 1907 3511 μεγάλης

216 3527 517 3592 διαθέσεως
545 3528 771 3596 γέγονεν
801 3527 1089 3589 ὑπόθεσιςο
1123 3525 1269 3580 οὕτω
1307 3526 1402 3581 καὶ
1432 3527 1527 3579 ἐπὶ
1564 3529 1662 3600 τῆς
1689 3528 1906 3597 φύσεως

222 3614 428 3686 συνέϐη
455 3616 554 3687 τῆς
576 3615 874 3686 ἡμετέρας.
912 3614 1042 3667 "Ore
1067 3614 1174 3685 γὰρ
1224 3614 1314 3667 τὸν
1338 3614 1432 3668 ἀνθ
1443 3633 1626 3686 ρωπον
1649 3617 1905 3688 ἐποίησεν

220 3704 251 3754 6
286 3702 423 3766 Θεὸς
460 3702 556 3755 καί⁸
606 3704 686 3765 εἰς
739 3702 832 3755 τὸν
878 3701 1211 3772 παράδεισον
1264 3704 1527 3772 εἰσήγαγε
1573 3704 1667 3756 καὶ
1705 3704 1909 3774 πολλῆς

220 3789 427 3860 ἠξίωσε
468 3789 660 3861 τιμῆς,
717 3790 778 3842 οὐ
840 3791 1021 3863 φέρων
1069 3790 1168 3861 τὴν
1217 3791 1487 3862 τοσαύτην
1541 3792 1840 3864 εὐημερίαν
1883 3795 1911 3846 6

217 3879 477 3943 διάϐολος
530 3878 835 3950 ἐϐάσκηνέν
881 3895 939 3930 τε
997 3878 1146 3949 αὐτῷ
1204 3880 1298 3932 καὶ
1354 3881 1453 3949 τῆς
1518 3879 1765 3950 δοθείσης
1826 3881 1913 3945 ἐξ·

217 3966 394 4020 ἐϐαλε
425 3966 736 4038 προεδρίας.
773 3966 913 4020 Ἀλλ’
944 3969 970 4019 6
1001 3966 1130 4030 Θεὸς
1155 3969 1216 4019 οὐ
1244 3968 1401 4038 μόνον
1424 3968 1585 4022 αὐτὸν
1610 3969 1669 4021 οὐ
1700 3969 1915 4023 κατέλι-

218 4072 354 4117 πεν,
384 4054 521 4108 ἀλλά
545 4057 636 4108 καὶ
661 4054 782 4108 ἀντὶ
799 4056 1127 4128 παραδείσου
1152 4055 1244 4109 τὸν
1272 4057 1497 4127 οὐρανὸν
1527 4059 1657 4128 ἡμῖν
1687 4057 1911 4127 ἀνέῳξε,

216 4144 407 4214 τούτῳ
436 4160 496 4197 τε
528 4142 677 4214 αὐτῷ
703 4145 802 4214 τήν
828 4161 888 4197 τε
931 4145 1138 4199 οἰκείαν
1170 4145 1577 4216 φιλανθρωπίαν
1606 4147 1912 4201 ἐπιδεικνύ-

216 4249 418 4303 ιμενος,
449 4232 543 4285 καὶ
575 4231 667 4285 τὸν
699 4232 943 4287 διάϐολον
972 4233 1230 4302 μειζόνως
1251 4233 1512 4298 κολάζων.
1534 4235 1702 4288 Τοῦτο
1728 4237 1822 4289 καὶ
1848 4239 1913 4291 σὺ

222 4322 484 4391 ποίησον*
516 4321 695 4395 πάντα
722 4321 982 4391 ἐκίνησαν
1028 4322 1075 4374 οἰ
1100 4320 1354 4392 δαίμονες
1382 4322 1498 4388 νῦν,
1527 4322 1668 4377 ὥστε
1686 4326 1784 4396 τὴν
1807 4343 1915 4380 πα-

224 4409 346 4463 σῶν
364 4426 446 4462 σοι
479 4408 739 4480 φιλτάτην
769 4409 925 4464 πόλιν
962 4410 1269 4481 ἀπορρῆξαί
1299 4428 1393 4464 σου
1418 4411 1514 4481 τῆς
1543 4412 1772 4476 εὐνοίας·
1796 4414 1918 4468 τοῦ·

224 4518 288 4554 το
328 4501 511 4554 τοίνυν
544 4497 723 4562 εἰδὼς,
746 4498 903 4571 δίκην
933 4498 1032 4570 μὲν
1076 4498 1142 4570 ἢν
1168 4498 1341 4563 θέλεις
1382 4500 1706 4570 ἀπαίτησον,
1741 4502 1840 4571 τῆς
1862 4502 1918 4558 δὲ

228 4589 421 4658 φιλίας
457 4589 532 4662 μὴ
572 4588 808 4661 ἐκϐάλῃς
839 4590 988 4660 ἡμᾶς
1022 4588 1122 4657 τῆς
1157 4589 1448 4659 προτέρας.
1500 4590 1640 4644 Ἀλλ’
1674 4592 1722 4644 εἰ
1755 4591 1836 4644 δεῖ
1866 4611 1918 4647 τι

228 4680 330 4732 καὶ
361 4676 673 4749 θαυμαστὸν
731 4678 926 4741 εἰπεῖν,
962 4676 1182 4748 μείζονα
1230 4680 1360 4749 ἡμῖν
1405 4678 1670 4746 ἐπίδειξαι
1702 4680 1800 4752 τὴν
1829 4681 1921 4735 εῦ-

231 4783 387 4820 νοιαν
412 4765 529 4831 νῦν,
552 4766 646 4820 καὶ
677 4765 837 4820 πάλιν
863 4767 941 4829 εἰς
967 4765 1066 4829 τὰς
1087 4766 1308 4836 πρώτας
1339 4768 1445 4821 τῶν
1462 4768 1801 4840 φιλουμένων
1820 4773 1921 4824 αὐ-

231 4855 339 4927 τὴν
366 4852 662 4927 ἔγγραψον,
690 4855 744 4907 εί
766 4869 828 4923 γε
858 4852 1037 4923 βούλει
1066 4855 1192 4918 τοὺς
1207 4854 1384 4909 ταῦτα
1401 4859 1920 4924 κατασκευάσαντας

236 4942 552 5013 ἀμύνασθαι
581 4942 859 5012 δαίμονας.
883 4944 980 4995 Ἂν
1014 4943 1112 5012 μὲν
1133 4941 1243 5013 γάρ
1262 4943 1495 5016 καθέλῃς
1526 4945 1620 4998 καὶ
1644 4948 1922 5001 κατασκά-

200 5042 201 5045 “
237 5031 350 5103 ψῃς
379 5033 476 5085 καὶ
511 5032 802 5106 ἀφανίσῃς,
838 5031 981 5102 ἅπερ
1008 5035 1203 5085 ἐκεῖνοι
1230 5031 1395 5085 πάλαι
1422 5033 1724 5097 ἐϐούλοντο,
1749 5036 1923 5090 ταῦτα

242 5119 475 5194 ἐργάσῃ·
497 5121 565 5175 ἂν
589 5121 645 5174 δὲ
673 5123 818 5193 ἀφῇς
844 5120 941 5189 τὴν
963 5122 1132 5192 ὀργὴν
1152 5122 1246 5173 καὶ
1269 5121 1430 5174 πάλιν
1458 5123 1803 5197 ὁμολογήσῃς
1831 5144 1922 5196 φι-

242 5206 355 5263 λεῖν
381 5210 553 5281 αὐτὴν
583 5210 773 5281 ὥσπερ
800 5211 1064 5280 πρότερον
1094 5208 1314 5278 ἐφίλεις.
1341 5210 1555 5280 καιρίαν
1582 5213 1764 5277 αὐτοῖς
1794 5214 1925 5268 ἐδω-

244 5314 348 5363 κας
376 5298 475 5370 τὴν
494 5299 728 5371 πληγὴν,
759 5298 855 5352 καὶ
892 5299 991 5370 τὴν
1020 5298 1254 5369 ἐσχάτην
1281 5299 1476 5355 αὐτοὺς
1508 5301 1795 5373 ἀπῄτησας
1842 5302 1917 5356 δί-

247 5401 372 5457 κην,
406 5385 588 5452 δείξας
613 5387 690 5451 ὼς
728 5388 788 5440 οὐ
812 5387 970 5457 μόνον
997 5387 1179 5450 αὐτοῖς
1196 5386 1347 5439 οὐδὲν
1376 5386 1534 5439 πλέον
1562 5388 1786 5457 γέγονεν
1817 5390 1926 5444 ἀπὸ

245 5471 348 5542 τῆς
407 5472 718 5544 ἐπιϐουλῆς,
775 5473 911 5527 ἀλλά
963 5475 1057 5528 καὶ
1107 5473 1175 5528 τὰ
1224 5473 1443 5528 ἐναντία
1483 5475 1670 5539 αὐτοῖς
1710 5475 1928 5530 ἅπαντα

246 5561 450 5635 ἀπέϐη,
482 5563 626 5636 ἢπερ
659 5563 957 5633 ἐϐούλοντο.
983 5564 1203 5628 Δίκαιος
1226 5564 1271 5618 δ’
1301 5565 1367 5618 ἀν
1408 5566 1527 5635 εἴης
1556 5564 1727 5618 ταῦτα
1772 5567 1929 5638 ποιῆ-

253 5661 343 5700 σαι
372 5648 467 5701 καὶ
504 5647 723 5719 ἐλεῆσαι
763 5642 997 5721 πόλιν,
1024 5648 1112 5702 διὰ
1135 5647 1234 5719 τὴν
1266 5648 1366 5719 σὴν
1403 5648 1707 5719 ἐφθόνησαν
1745 5649 1929 5718 φιλίαν

251 5734 302 5787 οἰ
343 5735 612 5807 δαίμονες
645 5737 693 5789 εἰ
719 5736 828 5807 γάρ
861 5736 936 5806 μὴ
979 5736 1185 5807 σφόδρα
1219 5734 1386 5805 αὐτὴν
1409 5734 1583 5799 οὕτως
1607 5736 1926 5809 ἠγάπησας,

252 5827 352 5880 οὐκ
378 5826 444 5880 ἀν
467 5826 635 5897 αὐτὴν
655 5825 774 5879 οὐδὲ
803 5825 999 5880 ἐκεῖνοι
1016 5824 1269 5878 τοσοῦτον
1302 5824 1612 5895 ἐϐάσκηναν
1645 5825 1729 5880 άν.
1763 5825 1925 5880 ’Ὥστε

312 5979 344 6010 ιι
363 5975 512 6028 εονίι.
546 5978 596 6028 in
617 5990 777 6043 marg.
798 5980 852 6030 et
874 5977 957 6029 alii
976 5976 1246 6041 ἀπήλασαν,
1267 5974 1460 6027 ἔλαττον
1481 5961 1558 6041 ἦνί

1205 331 1294 384 AD
1334 327 1662 385 POPULUM
1704 327 2197 388 ANTIOCHENUM
2258 328 2489 384 HOMIL.
2526 330 2661 385 XXI.

3532 335 3636 397 2115

1983 450 2030 500 εἰ
2071 448 2165 500 καὶ
2194 446 2503 517 θαυμαστὸν
2524 447 2583 499 τὸ
2600 447 2911 518 λεγόμενον,
2944 447 3057 501 ἀλλ’
3088 449 3237 518 ὅμως
3259 448 3405 501 ἐστὶν
3436 448 3653 517 ἀληθὲς,

1979 535 2060 587 ὅτι
2095 533 2180 587 διά
2226 533 2287 586 σὲ
2319 530 2411 586 καὶ
2439 533 2537 604 τὴν
2568 532 2665 605 σὴν
2706 534 2886 604 φιλίαν
2909 533 3081 588 ταῦτα
3113 535 3301 590 ἔπαθε.
3336 537 3523 589 Πόσων
3554 536 3656 605 ἐμ-

1980 622 2273 695 πρησμῶν,
2306 622 2480 692 πόσης
2522 627 2902 696 καταστροφῆς
2932 624 2961 664 ιι
2986 622 3057 677 τά
3099 625 3317 695 ῥήματα
3343 623 3514 676 ταῦτα
3564 637 3659 675 πι-

1979 711 2237 782 κρότερα,
2256 710 2400 782 ἀπερ
2422 710 2854 783 ἀπολογούμενος
2875 712 3091 781 ἔλεγες
3114 711 3227 765 Νῦν
3259 712 3507 782 ὑϐρίσθαι
3532 709 3659 782 φὴς,

1979 798 2071 850 καὶ
2099 797 2424 851 πεπονθέναι
2448 792 2536 849 οἷα
2570 797 2754 867 μηδεὶς
2787 797 3008 851 πώποτε
3050 798 3157 851 τῶν
3197 798 3476 869 προτέρων
3510 797 3661 863 βασι-

1978 884 2139 938 λέωψ
2176 885 2291 938 ἀλλ’
2316 884 2410 937 ἐὰν
2437 884 2618 956 θέλῃς,
2652 878 2698 936 ὦ
2727 885 3205 956 φιλανθρωπότατε
3242 886 3335 938 καὶ
3372 883 3663 952 φιλοσοφώε

1980 990 2110 1026 τατε
2136 973 2230 1026 καὶ
2252 971 2451 1042 πολλῆς
2471 971 2750 1034 εὐσεϐείας
2770 971 2975 1042 γέμων,
2998 971 3090 1023 τοῦ
3118 971 3448 1041 διαδήματος
3469 970 3661 1023 τούτου

1985 1058 2207 1126 μείζονά
2259 1075 2338 1111 σοι
2375 1058 2470 1111 καὶ
2517 1057 2958 1129 λαμπρότερονή
2998 1056 3152 1127 ὐϐρις
3193 1058 3332 1125 αὐτη
3376 1056 3662 1128 περιθὴοει

1985 1147 2270 1216 στέφανον.
2303 1146 2473 1199 Τοῦτο
2510 1146 2607 1216 μὲν
2651 1146 2761 1218 γάρ
2788 1146 2848 1198 τὸ
2871 1146 3108 1217 διάδημά
3152 1148 3266 1200 ἐστι
3306 1147 3398 1199 καὶ
3434 1147 3529 1216 μὲν
3566 1145 3662 1215 τῆς

1986 1236 2088 1307 σῆς
2110 1235 2313 1308 ἀρετῆς
2339 1232 2630 1298 ἀπόδειξις·
2656 1232 2770 1286 ἔστι
2798 1234 2855 1286 δέ
2890 1234 3103 1303 καὶτῆς
3141 1233 3236 1287 τοῦ
3257 1233 3548 1297 δεδωκότος
3580 1251 3666 1302 φι-

1984 1322 2231 1394 λοτιμίας
2250 1322 2568 1393 τεκμήριον·
2600 1321 2627 1371 6
2655 1320 2713 1373 δὲ
2746 1320 2855 1373 ἀπὸ
2868 1321 2966 1390 τῆς
2990 1319 3400 1390 φιλανθρωπίας
3430 1338 3511 1373 σοι
3543 1320 3673 1373 ταύς

1984 1429 2085 1481 της
2122 1411 2454 1481 πλεκόμενος
2495 1410 2757 1477 στέφανος
2804 1409 2894 1461 σὸν
2944 1409 3100 1478 μόνον
3151 1408 3302 1462 ἔσται
3339 1409 3667 1480 κατόρθωμα

1987 1501 2083 1553 καὶ
2112 1500 2210 1568 τῆς
2237 1497 2554 1567 φιλοσοφίας
2584 1497 2681 1567 τῆς
2713 1496 2831 1566 σῆςο
2862 1497 2956 1548 καὶ
2978 1496 3078 1566 οὐχ
3106 1495 3248 1548 οὕτω
3272 1513 3329 1548 σε
3360 1496 3665 1566 θαυμάσον-

1985 1603 2076 1639 ται
2123 1587 2324 1649 πάντες
2365 1584 2454 1637 διά
2488 1585 2615 1647 τοὺς
2657 1583 2839 1646 λίθους
2882 1584 3012 1647 τοὺς
3052 1582 3270 1654 τιμίους
3302 1581 3544 1645 τούτους,
3593 1583 3669 1646 ὡς

1986 1671 2364 1724 ἐπαινέσονται
2392 1669 2482 1723 διὰ
2520 1669 2619 1740 τὴν
2666 1669 2970 1741 ὑπεροψίαν
3008 1669 3107 1741 τὴν
3153 1670 3293 1722 κατά
3336 1668 3437 1739 τῆς
3480 1669 3666 1739 ὀργῆς.

1986 1757 2255 1812 Καθεῖλόν
2281 1774 2375 1810 σου
2420 1758 2549 1820 τοὺς
2575 1757 2930 1827 ἀνδριάντας;
2973 1756 3086 1810 ἀλλ’
3109 1755 3286 1821 ἔξεστί
3316 1772 3397 1809 σοι
3427 1755 3673 1826 λαμπρο-

1985 1846 2181 1917 τέρους
2223 1845 2527 1914 ἀναστῆσαι
2582 1843 2828 1898 ἐκείνων.
2873 1843 3025 1916 [219]
3078 1844 3176 1897 Ἂν
3232 1842 3342 1914 γὰρ
3372 1844 3516 1914 ἀφῇς
3560 1845 3674 1907 τοῖς

1986 1933 2274 2004 ἠδικηκόσι
2317 1932 2386 1986 τὰ
2419 1930 2763 2003 ἐγκλήματα,
2820 1932 2915 1984 καὶ
2950 1932 3220 2001 μηδεμίαν
3253 1931 3564 2002 ἀπαιτήσῃς
3591 1929 3673 1984 δίο

1987 2039 2091 2091 κην
2116 2033 2138 2061 α
2173 2021 2393 2084 αὐτοὺς,
2424 2020 2485 2072 οὐ
2521 2019 2756 2089 χαλκοῦν
2786 2036 2846 2071 σε
2868 2020 2961 2072 ἐπὶ
2992 2020 3090 2088 τῆς
3112 2019 3317 2089 ἀγορᾶς
3352 2018 3677 2088 ἀναστήσου-

1991 2126 2096 2168 σιν,
2135 2108 2256 2163 οὐδὲ
2304 2106 2563 2179 χρυσοῦν,
2599 2107 2721 2160 οὐδὲ
2754 2106 3158 2177 λιθοκόλλητον,
3202 2105 3341 2159 ἀλλά
3367 2105 3466 2173 τὴν
3496 2104 3677 2175 πάσης

1991 2195 2125 2267 ῦλης
2149 2195 2480 2266 τιμιωτέραν
2508 2195 2728 2264 στήλην,
2755 2192 3164 2264 φιλανθρωπίαν
3195 2192 3288 2246 καὶ
3308 2190 3677 2263 ἐλεημοσύνην
3779 2210 3785 2215 ’

1990 2283 2447 2355 ἀναϐεϐλημένον.
2504 2282 2690 2345 Οὕτως
2732 2282 2824 2335 ἐπὶ
2856 2281 2957 2351 τῆς
3000 2280 3240 2343 διανοίας
3286 2279 3518 2342 ἕκαστος
3550 2279 3678 2332 ἀνα-

1994 2372 2253 2445 στήσουσί
2285 2388 2345 2424 σε
2366 2370 2467 2441 τῆς
2494 2370 2724 2435 ἑαυτῶν,
2746 2370 2840 2424 καὶ
2872 2368 3158 2433 τοσούτους
3178 2369 3319 2434 ἐξεις
3337 2367 3678 2437 ἀνδριάντας,

1990 2462 2105 2515 ὅσοι
2142 2459 2238 2531 τὴν
2271 2455 2596 2529 οἰκουμένην
2623 2456 2864 2510 οἰκοῦσιν
2894 2455 3193 2527 ἄνθρωποι,
3222 2456 3318 2509 καὶ
3343 2455 3676 2524 οἰκήσουσιν.

1994 2550 2068 2603 Οὐ
2085 2547 2193 2620 γάρ
2208 2549 2369 2618 ἡμεῖς
2383 2547 2563 2617 μόνον,
2580 2543 2718 2599 ἀλλά
2733 2543 2828 2598 καὶ
2846 2545 2894 2597 οἰ
2913 2543 3032 2614 μεθ’
3049 2544 3221 2614 ἡμᾶς,
3243 2544 3335 2597 καὶ
3347 2545 3394 2596 οἰ
3412 2542 3528 2614 μετ’
3546 2544 3635 2595 ὲκε
3646 2544 3679 2596 ί·

1993 2654 2118 2700 νους
2153 2636 2389 2698 ἀπαντες
2406 2633 2582 2687 ταῦτα
2615 2632 2960 2687 ἀκούσονται“
2987 2632 3082 2685 καὶ
3123 2630 3374 2701 καθάπερ
3394 2627 3451 2685 εὖ
3486 2631 3681 2684 παθόν-

1993 2743 2086 2789 τες
2112 2725 2288 2789 αὐτοὶ,
2330 2722 2473 2776 οὕτω
2503 2740 2561 2775 σε
2595 2721 2969 2792 θαυμάσονται
3017 2720 3114 2774 καὶ
3140 2719 3449 2791 φιλήσουσι.
3473 2719 3582 2772 Καὶ
3601 2719 3682 2772 ὅτι

1995 2812 2171 2867 ταῦτα
2198 2812 2259 2864 οὐ
2291 2809 2605 2864 κολακεύων
2628 2809 2790 2877 λέγω,
2814 2807 2929 2861 ἀλλ’
2946 2806 3119 2870 οὕτως
3136 2808 3288 2861 ἔσται
3319 2806 3552 2870 πάντως,
3573 2806 3684 2879 ἐρῶ

1999 2914 2081 2949 σοι
2117 2897 2346 2949 παλαιόν
2369 2913 2490 2949 τινα
2535 2894 2712 2964 λόγον,
2746 2895 2834 2949 ἵνα
2870 2894 3069 2968 μάθῃς,
3106 2894 3191 2946 ὃτι
3224 2892 3323 2964 οὐχ
3347 2890 3490 2945 οὕτω
3524 2908 3685 2963 στρα-

1998 2985 2201 3038 τόπεδα
2229 2985 2323 3037 καὶ
2349 2984 2489 3037 ὅπλα
2515 2984 2610 3035 καὶ
2649 2984 2910 3054 χρήματα
2945 2982 3039 3036 καὶ
3063 2981 3321 3050 ὑπηκόων
3352 2978 3555 3051 πλῆθος
3591 2980 3686 3032 καὶ

1998 3073 2068 3124 τὰ
2091 3072 2226 3125 ἄλλα
2262 3072 2325 3138 δὴ
2360 3072 2429 3124 τὰ
2461 3070 2686 3124 τοιαῦτα
2719 3070 3006 3140 λαμπροὺς
3048 3070 3223 3122 ποιεῖν
3267 3067 3392 3131 τοὺς
3448 3066 3686 3137 βασιλεῖς

2003 3160 2211 3224 εἴωθεν,
2240 3158 2314 3222 ὡς
2341 3159 2631 3227 φιλοσοφία
2659 3157 2840 3227 ψυχῆς
2874 3159 2968 3211 καὶ
2988 3158 3282 3228 ἡμερότης.

2086 3246 2143 3298 Ὁ
2171 3244 2439 3316 μακάριος
2470 3244 2689 3312 λέγεται
2711 3245 3137 3306 Κωνσταντῖνος,
3164 3243 3263 3311 τῆς
3298 3241 3506 3304 εἰκόνος
3521 3238 3686 3294 αὐτοῦ

2007 3331 2474 3401 καταλευσθείσης
2504 3331 2655 3396 ποτὲ,
2707 3327 3118 3401 παροξυνόντων
3165 3328 3325 3381 αὐτὸν
3362 3327 3572 3380 πολλῶν
3597 3328 3689 3380 έπ-

2006 3420 2240 3487 εξελθεῖν
2266 3422 2379 3482 τοῖς
2408 3418 2660 3489 ὐϐρικόσι
2690 3419 2784 3471 καὶ
2830 3418 2985 3489 δίκην
3017 3417 3341 3487 ἀπαιτῆσαι,
3377 3417 3473 3469 καὶ
3502 3415 3689 3484 λεγόνο

2004 3525 2133 3566 των.
2163 3508 2244 3561 ὅτι
2275 3509 2456 3560 πᾶσαν
2487 3507 2652 3560 αὐτοῦ
2676 3506 2775 3577 τὴν
2798 3506 2921 3577 ὸψιν
2949 3505 3194 3578 ἔτρωσαν
3227 3509 3353 3569 τοὺς
3388 3505 3569 3568 λίθους
3605 3504 3690 3571 ἐξ-

2007 3594 2402 3660 ακοντίζοντες,
2460 3593 2790 3664 ςηλαφήσας
2840 3595 2904 3664 τῇ
2956 3593 3104 3664 χειρὶ
3152 3592 3212 3645 τὸ
3246 3593 3561 3664 πρόσωπον,
3598 3595 3691 3645 καὶ

2007 3684 2197 3756 ἡρέμα
2244 3684 2554 3755 μειδιάσας,
2591 3680 2763 3748 εἶπεν,
2801 3685 2882 3737 ὃτι
2928 3683 3181 3753 Οὐδαμοῦ
3213 3683 3427 3755 πληγὴν
3455 3683 3548 3736 ἐπὶ
3595 3683 3688 3736 τοῦ

2012 3770 2266 3841 μετώπου
2298 3770 2675 3841 γεγενημένην
2717 3770 2849 3841 ὁρῶ,
2886 3769 3000 3823 ἀλλ’
3059 3770 3217 3841 ὑγιὴς
3255 3772 3352 3840 μὲν
3387 3772 3418 3840 ή
3456 3769 3690 3841 κεφαλὴ,

2011 3859 2168 3930 ὑγιὴς
2191 3860 2247 3912 δέ
2271 3862 2303 3931 ἡ
2329 3860 2450 3927 ὄψις
2481 3860 2688 3925 ἅπασα,
2709 3859 2997 3923 κάκείνους
3027 3858 3459 3929 ἑρυθριάσαντας
3486 3859 3578 3911 καὶ
3607 3860 3694 3911 αἰ-

2014 3946 2345 4018 σχυνθέντας
2379 3946 2682 4015 ἀποστῆναι
2737 3945 2839 4015 τῆς
2884 3946 3070 3999 ἀδίκου
3117 3945 3322 4014 ταύτης
3357 3945 3689 4015 συμϐουλῆς.

2013 4035 2125 4087 Καὶ
2157 4032 2219 4086 τὸ
2248 4036 2400 4104 ῥῆμα
2428 4033 2587 4087 τοῦτο
2624 4033 2786 4104 μέχρι
2820 4031 2916 4086 νῦν
2945 4032 3162 4104 ᾄδουσιν
3193 4031 3450 4095 ἅπαντες,
3475 4032 3567 4085 καὶ
3605 4049 3693 4086 το-

2016 4121 2205 4186 σοῦτος
2229 4119 2419 4192 χρόνος
2443 4121 2545 4174 οὐκ
2567 4121 2864 4191 ἐμάρανεν,
2893 4119 2993 4173 οὐκ
3026 4118 3215 4172 ἔσϐεσε
3246 4119 3347 4188 τῆς
3374 4119 3693 4188 φιλοσοφίας

2014 4210 2221 4281 ταύτης
2252 4210 2351 4281 τὴν
2381 4210 2623 4281 μνήμην.
2657 4208 2845 4261 Πόσων
2869 4208 2967 4261 οὐκ
3004 4206 3070 4261 ἂν
3100 4208 3183 4279 εἴη
3225 4207 3382 4260 τοῦτο
3418 4207 3694 4278 τροπαίων

2016 4298 2423 4369 λαμπρότερον;
2452 4295 2662 4358 Πολλὰς
2695 4297 2788 4348 καὶ
2819 4295 3061 4365 μεγάλας
3089 4293 3117 4333 ἀ
3156 4295 3340 4358 πόλεις
3368 4296 3574 4357 ἐκεῖνος
3597 4298 3695 4349 ἀν-

2019 4385 2236 4456 έστησε,
2268 4384 2363 4437 καὶ
2389 4382 2615 4446 πολλοὺς
2664 4382 2973 4454 βαρϐάρους
3007 4381 3278 4452 ἐνίκησεν,
3324 4381 3440 4434 ἀλλ’
3481 4381 3696 4444 οὐδενὸς

2020 4472 2243 4525 ἐκείνων
2275 4469 2619 4542 μεμνήμεθαο
2651 4469 2711 4522 τὸ
2737 4469 2793 4522 δὲ
2824 4469 2974 4541 ῥῆμα
3002 4468 3162 4521 τοῦτο
3204 4468 3365 4539 μέχρι
3398 4468 3498 4537 τῆς
3530 4470 3696 4539 σήμε-

2026 4576 2115 4629 ρον
2142 4559 2348 4631 ᾄδεται,
2385 4558 2478 4611 καὶ
2509 4559 2558 4610 οἰ
2589 4556 2706 4629 μεθ’
2748 4559 2780 4628 ή
2792 4558 2899 4628 μᾶς
2945 4557 3077 4610 αὐτὸ
3106 4557 3268 4610 καὶοὶ
3309 4556 3426 4627 μετ’
3457 4555 3699 4619 ἐκείνους

2020 4647 2346 4702 ἀκούσονται
2377 4647 2597 4710 πάντες.
2631 4646 2743 4699 Καὶ
2766 4646 2825 4699 οὐ
2850 4644 3009 4699 τοῦτο
3047 4646 3206 4716 μόνον
3240 4646 3355 4697 ἐστὶ
3383 4645 3444 4698 τὸ
3482 4644 3697 4715 θαυμαο

2023 4736 2167 4800 στὸν,
2197 4736 2279 4789 ὅτι
2307 4735 2652 4801 ἀκούσονται,
2684 4733 2797 4787 ἀλλ’
2832 4734 2913 4787 ὅτι
2952 4733 3047 4786 καὶ
3082 4733 3196 4803 μετ’
3226 4732 3464 4785 ἐπαίνων
3489 4732 3583 4785 καὶ
3607 4733 3700 4786 εὐ-

2022 4824 2235 4896 φημίας
2262 4823 2319 4876 οἵ
2345 4840 2405 4876 τε
2434 4821 2684 4891 λέγοντες
2720 4821 2992 4891 λέγουσιν,
3025 4820 3079 4873 οἴ
3102 4837 3161 4872 τε
3186 4818 3477 4882 ἀκούοντες
3511 4817 3698 4889 δέχονο

2019 4926 2133 4966 ται·
2158 4910 2255 4965 καὶ
2302 4911 2404 4963 ούκ
2450 4908 2597 4963 ἔστιν
2623 4908 2819 4971 οὐδεὶς,
2859 4908 2918 4971 ὃς
2966 4906 3211 4973 ἀνέξεται
3268 4905 3492 4975 σιγῆσαι
3541 4904 3701 4959 τοῦτο

2023 4998 2283 5062 ἀκούσας,
2308 4997 2421 5052 ἀλλ’
2448 4996 2584 5068 ὁμοῦ
2630 5013 2692 5048 τε
2724 4994 3014 5069 ἀνέκραξε,
3050 4994 3144 5047 καὶ
3172 4992 3263 5047 τὸν
3308 4993 3567 5064 εἰρηκότα
3596 4995 3696 5047 ἐπ-

2022 5086 2204 5159 ῄνεσε,
2234 5086 2330 5139 καὶ
2385 5086 2555 5157 μυρία
2587 5083 2735 5155 αὐτῷ
2768 5084 2861 5137 καὶ
2907 5081 3191 5135 ἀπελθόντι
3223 5081 3471 5150 γίνεσθαι
3499 5080 3701 5152 ηὔξατο

2022 5171 2224 5241 ἀγαθά.
2255 5172 2315 5223 Εἰ
2343 5171 2400 5223 δὲ
2430 5170 2581 5241 παρὰ
2608 5168 2916 5242 ἀνθρώποις
2933 5167 3204 5240 τοσαύτης
3229 5167 3510 5238 ἀπήλαυσε
3542 5166 3700 5237 δόξης

2023 5259 2089 5312 δι’
2121 5261 2297 5313 ἐκεῖνο
2319 5259 2377 5311 τὸ
2403 5259 2576 5330 ῥῆμα,
2606 5258 2790 5312 πόσων
2823 5256 3193 5312 ἀπολαύσεται
3233 5256 3387 5329 παρὰ
3413 5256 3489 5327 τῷ
3514 5254 3700 5326 φιλαν-

2026 5346 2054 5399 θ
2061 5345 2229 5418 ρώπῳ
2262 5345 2379 5416 Θεῷ
2415 5346 2694 5414 στεφάνων
2713 5362 2728 5412 ;

2098 5433 2210 5485 Καὶ
2268 5432 2322 5484 τί
2375 5431 2483 5504 χρὴ
2511 5432 2690 5501 λέγειν
2728 5434 3140 5488 Κωνσταντῖνον
3174 5431 3270 5485 καὶ
3324 5428 3393 5482 τὰ
3448 5426 3700 5498 ἀλλότρια

2027 5520 2468 5592 παραδείγματα,
2491 5521 2609 5574 δέον
2638 5520 2848 5575 οἴκοθέν
2878 5539 2938 5574 σε
2967 5522 3060 5575 καὶ
3085 5522 3149 5572 ἐκ
3180 5519 3288 5572 τῶν
3319 5515 3427 5568 σῶν
3452 5533 3704 5586 παρακα-

2088 5606 2119 5646 b
2142 5608 2292 5657 Smil.
2319 5614 2371 5671 et
2409 5606 2490 5658 alii
2530 5609 2684 5667 πόσης
2713 5615 3039 5671 κατασκαφῆς.
3066 5606 3189 5655 Infra
3214 5604 3363 5655 iidem
3390 5602 3483 5651 ὅσα
3523 5601 3701 5664 μηδείς,

2030 5675 2085 5718 et
2095 5683 2212 5746 In?)
2233 5670 2483 5746 6096:0233
2502 5684 2591 5746 pro
2612 5670 2986 5746 φιλοσοφώτατίε.

2095 5733 2118 5794 f
2148 5726 2321 5794 Mog-9f.
2348 5726 2580 5794 μηδεμίαν
2622 5726 2891 5794 ἀπαιτήσῃς
2925 5730 3079 5794 δίκην,
3125 5726 3281 5794 Sayil;
3305 5726 3536 5794 μηδεμίαν
3560 5726 3704 5794 ἐάσῃς

2034 5790 2199 5869 δοῦναι
2222 5785 2376 5855 δίκην,
2402 5785 2591 5869 ειὶξιυοι
2632 5806 2749 5869 mgf.
2789 5785 3031 5869 μηδεμίαν
3052 5792 3174 5853 ἁφῆς
3202 5785 3708 5869 δοῖδξίαιξίλίηῖουίιξξξδ

2036 5858 2280 5918 lre_s_ln_ss.
2303 5848 2586 5918 τιμιωτέραν
2625 5848 2821 5913 στήλην,
2849 5848 3044 5901 τηειὶυε
3086 5848 3231 5913 quam
3262 5851 3434 5899 Morel.
3475 5857 3529 5899 et
3552 5848 3703 5897 Savil.

2032 5913 2119 5978 qui
2141 5914 2326 5964 habent
2345 5913 2535 5973 στολήν.
2777 5976 2785 5978 _
2840 5959 2857 5978 ,

2050 5974 2065 6045 ί
2092 5976 2124 6018 6
2146 5979 2333 6030 Aberat
2354 5977 2576 6042 μεγάλας,
2593 5988 2682 6027 nos
2700 5988 2729 6027 ε
2752 5974 2937 6026 Savilio
2949 5976 3243 6039 recepimus.
3272 5974 3404 6025 Emr.
