4066 6450
296 392 303 395 -
414 352 524 407 217

414 466 532 523 λεῖν
563 469 1039 539 κατορθωμάτων;
1084 470 1377 540 Μέμνηται
1415 470 1630 543 πρώην,
1661 470 1749 522 ὅτε
1771 468 1869 538 τῆς
1899 467 2096 539 ἑορτῆς

415 547 622 621 ταύτης
650 550 1059 619 καταλαϐούσης
1083 552 1370 621 ἐπιστολὴν
1403 550 1654 621 ἔπεμψας
1684 547 1956 618 πανταχοῦ
1994 547 2096 614 τῆς

415 626 745 698 οἰκουμένης
775 629 1102 682 κελεύουσαν
1139 631 1265 693 τοὺς
1304 630 1367 684 τὸ
1407 631 1784 701 δεσμωτήριον
1813 626 2098 690 οἰκοῦντας

417 705 659 773 ἀφεῖναι,
703 709 796 761 καὶ
835 711 1140 779 συγχωρεῖν
1172 710 1355 774 αὐτοῖς
1385 710 1455 765 τά
1506 708 1851 780 ἐγκλήματα,
1894 708 1990 760 καὶ
2020 706 2098 769 ὡς

418 786 521 839 οὐκ
551 786 863 857 ἀρκούντων
898 788 1122 841 ἐκείνων
1167 788 1337 853 δεῖξαί
1381 807 1477 842 σου
1519 790 1619 859 τὴν
1662 785 2095 857 φιλανθρωπίαν,

420 863 605 933 ἔλεγες
637 865 725 919 διὰ
741 866 848 919 τῶν
876 867 1243 940 γραμμάτων,
1273 869 1356 922 ὅτι
1382 869 1510 922 Εἴθε
1539 886 1630 937 μοι
1655 866 1873 921 δυνατὸν
1909 862 1977 935 ἦν
2004 866 2099 917 καὶ

415 946 542 1007 τοὺς
576 945 911 1010 ἀπελθόντας
944 959 968 987 α
1002 947 1234 1001 καλέσαι
1275 949 1367 1004 καὶ
1388 949 1689 1018 ἀναστῆσαι
1717 948 1810 999 καὶ
1835 945 1969 1015 πρὸς
1998 943 2097 1014 τὴν

415 1026 687 1095 προτέραν
733 1026 1032 1096 ἀναγαγεῖν
1085 1027 1258 1100 ζωήνί
1305 1029 1525 1082 Τούτων
1576 1026 1954 1099 ἀναμνήσθητι
1990 1024 2098 1077 τῶν

416 1104 677 1174 ῥημάτων
705 1104 820 1159 νῦν·
855 1106 963 1159 ἰδοὺ
999 1107 1188 1178 καιρὸς
1223 1106 1351 1172 τοὺς
1383 1107 1717 1169 ἀπελθόντας
1751 1105 1978 1160 καλέσαι
2003 1104 2099 1157 καὶ

413 1183 740 1259 ἀναστῇσαι,
776 1186 872 1239 καὶ
904 1185 1043 1256 πρὸς
1085 1185 1182 1257 τὴν
1230 1187 1501 1259 προτέραν
1540 1188 1905 1253 ἐπαναγαγεῖν
1931 1185 2095 1255 ζωήν.

413 1261 525 1315 Καὶ
556 1256 701 1316 οὗτοι
732 1263 843 1334 γὰρ
895 1265 996 1336 ήδη
1032 1256 1349 1336 τεθνήκασι,
1402 1256 1498 1320 καὶ
1546 1267 1675 1339 πρὶν
1708 1266 1740 1335 ἢ
1793 1264 1892 1335 τὴν
1918 1264 2098 1334 ψῆφον

414 1341 783 1413 ἐξενεχθῆναι,
806 1343 902 1396 καὶ
933 1346 1061 1415 παρ’
1092 1344 1263 1409 αὐτὰς
1288 1346 1321 1415 ή
1353 1345 1509 1407 πόλις
1537 1346 1842 1415 ἐσκήνωται
1875 1343 1973 1406 τὰς
2002 1342 2096 1396 τοῦ

412 1422 541 1493 ᾅδου
573 1424 751 1487 πύλας
807 1424 924 1478 νῦν.
991 1425 1326 1494 ’Λνάστησον
1356 1422 1451 1479 οὖν
1488 1425 1633 1498 [220]
1666 1426 1835 1495 αὐτὴν
1887 1424 2098 1477 ἐκεῖθεν

413 1503 585 1571 χωρὶς
612 1504 933 1573 χρημάτων,
962 1505 1132 1575 χωρὶς
1160 1504 1429 1574 δαπάνης,
1456 1506 1625 1577 χωρἰς
1654 1504 1849 1575 χρόνου
1876 1504 1966 1557 καί.
1997 1504 2098 1556 πό‹

411 1596 505 1633 νου
531 1583 699 1646 τινός.
745 1584 932 1654 Ἀρκεῖ
962 1583 1072 1653 γάρ
1113 1600 1195 1636 σοι
1244 1583 1579 1651 φθέγξασθαι
1617 1585 1796 1653 μόνον,
1834 1585 1926 1636 καὶ
1961 1583 2096 1636 ἀνα-

411 1666 612 1733 στῆσαι
640 1663 738 1733 τὴν
772 1664 927 1718 πόλιν
949 1664 1047 1735 τὴν
1078 1666 1136 1718 ἐν
1161 1665 1338 1735 σκότῳ
1387 1664 1649 1735 κειμένην
1662 1665 1712 1718 1).
1744 1664 1860 1717 Νῦν
1878 1663 1966 1727 δὸς
1998 1665 2097 1717 αὑ-

412 1741 511 1812 τὴν
545 1743 830 1797 καλεῖσθαι
869 1743 1055 1797 λοιπὸν
1100 1744 1209 1799 ἀπὸ
1255 1745 1354 1815 τῆς
1381 1744 1480 1814 σῆς
1510 1742 1943 1815 φιλανθρωπίας·
1976 1743 2097 1797 οὐδὲ

411 1822 524 1891 γὰρ
552 1822 827 1893 τοσαύτην
855 1825 1063 1879 εἵσεται
1103 1824 1265 1896 χάριν
1295 1824 1373 1895 τῷ
1404 1824 1556 1895 παρά
1592 1823 1691 1895 τὴν
1716 1822 1891 1894 ἀρχὴν
1926 1822 2095 1894 αὐτήν

411 1900 701 1965 οἰκίσαντι,
752 1903 887 1973 ὅσην
932 1907 999 1974 τῇ
1044 1903 1209 1974 ψήφῳ
1258 1906 1324 1974 τῇ
1364 1906 1449 1975 σῇ·
1506 1905 1601 1957 καὶ
1655 1904 1797 1973 μάλα
1848 1903 2093 1966 εἰκότως.

429 1980 665 2043 Ἐκεῖνος
694 1982 794 2052 μὲν
818 1981 928 2054 γὰρ
956 1984 1132 2054 ἀρχὴν
1159 1984 1296 2052 αὖτῇ
1328 1984 1453 2048 δοὺς
1479 1983 1713 2054 ἀπῆλθε»
1740 1984 1804 2038 σὺ
1842 1983 1900 2036 δὲ
1929 1983 2098 2055 αὒξηο

410 2059 597 2115 θεῖσαν
628 2062 719 2114 καὶ
774 2062 1075 2134 γενομένην
1115 2063 1379 2134 μεγάλην,
1427 2065 1521 2117 καὶ
1569 2063 1707 2133 μετά
1744 2063 1846 2133 τὴν
1897 2062 2096 2133 πολλὴν

409 2139 615 2211 ταύτην
667 2142 967 2212 εὐημερίαν
1010 2142 1430 2213 κατενεχθεῖσαν
1483 2144 1829 2212 ἀναστήσεις.
1881 2140 1999 2197 Οὐκ
2026 2138 2096 2214 ἦν

407 2218 551 2272 οὕτω
588 2219 923 2290 θαυμαστὸν,
958 2223 1005 2275 εἰ
1040 2222 1317 2292 πολεμίων
1351 2222 1522 2292 αὐτήν
1560 2222 1810 2287 ἑλόντων,
1841 2222 1937 2275 καί⁵
1958 2220 2096 2293 βαρ-

406 2298 593 2369 ϐάρων
627 2301 1109 2371 καταδραμόντων,
1129 2301 1452 2372 ἀπήλλαξας
1476 2301 1570 2355 τοῦ
1597 2301 1865 2366 κινδύνου,
1888 2301 1964 2365 ὡς
1979 2301 2095 2355 ἐστι

406 2376 723 2447 θαυμαστὸν
754 2380 815 2433 τὸ
837 2380 1131 2449 φείσασθαι
1156 2381 1272 2434 νῦν*
1303 2381 1479 2434 ἐκεῖνο
1501 2380 1601 2451 μὲν
1622 2379 1733 2452 γάρ
1758 2379 1945 2433 πολλοὶ
1966 2380 2097 2433 πολ·

407 2454 568 2521 λάκις
601 2457 866 2527 βασιλέων
888 2459 1172 2530 ἐποίησαν·
1193 2458 1354 2513 τοῦτο
1379 2460 1435 2513 δὲ
1458 2462 1522 2514 σύ
1547 2460 1706 2531 μόνος
1741 2459 1973 2531 ἐργάσῃ,
2000 2462 2096 2515 καὶ

408 2535 626 2606 πρῶτος
661 2537 814 2609 παρά
842 2537 1174 2608 προσδοκίαν
1203 2538 1446 2593 ἅπασαν.
1483 2541 1723 2593 Κάκεῖνο
1755 2539 1857 2608 μὲν
1881 2534 1976 2592 οὖν
2000 2539 2094 2591 οὐ-

407 2614 495 2670 δὲν
522 2616 838 2685 θαυμαστὸν
869 2617 989 2670 οὐδὲ
1022 2617 1348 2688 παράδοξον,
1400 2618 1535 2673 ἀλλά
1584 2618 1695 2671 τῶν
1740 2619 1829 2671 ἀεὶ
1862 2617 2096 2689 συμϐαι-

407 2696 607 2749 νόντων
626 2698 764 2763 ἐστὶ,
792 2697 854 2750 τὸ
883 2698 993 2751 τῶν
1018 2697 1280 2769 ὑπηκόων
1307 2697 1691 2770 προΐστασθαι,
1725 2698 1787 2751 τὸ
1821 2697 1876 2750 δὲ
1899 2696 2095 2751 τοσαῦ-

406 2792 476 2830 τα
512 2775 754 2830 παθόντα
779 2777 873 2831 καὶ
900 2775 1129 2830 τοιαῦτα
1175 2777 1393 2845 ἀφεῖναι
1436 2778 1535 2848 τὴν
1571 2777 1765 2848 ὀργὴν,
1798 2775 1956 2830 τοῦτο
1990 2778 2096 2829 πά-

408 2871 509 2908 σαν
536 2855 887 2927 ἀνθρωπίνην
936 2856 1259 2927 ὑπερϐαίνει
1315 2857 1495 2926 φύσιν.
1545 2857 1827 2929 Ἐννόησον
1862 2857 1941 2911 ὅτι
1998 2857 2093 2911 νῦν

406 2934 467 2987 οὐ
502 2935 630 3006 περὶ
661 2936 758 3005 τῆς
788 2934 996 2999 πόλεώς
1022 2954 1103 2989 σοι
1135 2936 1449 3006 βουλευτέον
1482 2937 1643 3007 μόνον
1671 2936 1819 2990 ἐστὶν
1850 2936 2090 3008 ἐκείνης,

405 3014 542 3068 ἀλλά
562 3018 657 3069 καὶ
694 3016 819 3087 περὶ
841 3016 940 3086 τῆς
964 3016 1121 3087 δόξης
1142 3019 1239 3087 τῆς
1264 3018 1382 3087 σῆς·
1410 3017 1609 3087 μᾶλλον
1642 3016 1698 3070 δὲ
1727 3018 1819 3071 καὶ
1840 3017 1969 3087 περὶ
1997 3016 2090 3069 τοῦ

406 3095 832 3169 Χριστιανισμοῦ
870 3099 1089 3162 παντός.
1126 3099 1239 3151 Νῦν
1274 3099 1368 3153 καὶ
1414 3097 1656 3151 Ἰουδαῖοι
1688 3097 1783 3150 καὶ
1809 3095 2089 3167 Ἕλληνες,

405 3177 499 3229 καὶ
532 3179 683 3230 πᾶσα
717 3179 748 3249 ή
775 3176 1094 3250 οἰκουμένη,
1121 3178 1218 3231 καὶ
1241 3177 1508 3249 βάρϐαροι
1533 3177 1652 3247 (καὶ
1684 3178 1795 3249 γὰρ
1846 3178 2091 3231 κάκεῖνοι

403 3252 576 3309 ταῦτα
602 3256 863 3328 ἤκουσαν)
912 3258 1050 3328 πρὸς
1085 3258 1145 3311 σὲ
1201 3260 1496 3329 κεχήνασιν
1538 3259 1905 3328 ἀναμένοντες
1940 3257 2087 3322 ἰδεῖν,

402 3332 521 3386 οῖαν
546 3334 716 3398 οττεις
742 3334 887 3388 κατὰ
918 3336 1028 3389 τῶν
1056 3337 1446 3407 γεγενημένων
1479 3337 1580 3408 τὴν
1613 3337 1818 3405 ψῆφον*
1852 3337 1958 3391 κάν
1991 3337 2089 3407 μὲν

402 3411 790 3483 φιλάνθρωπον
836 3413 1129 3487 ἐξενέγκῃς
1175 3417 1270 3469 καὶ
1322 3416 1550 3485 ἥμερον,
1607 3415 1987 3470 ἐπαινέσονται
2029 3415 2093 3469 τὸ

402 3492 581 3563 δόγμα
625 3493 851 3558 πάντες,
883 3495 977 3548 καὶ
1007 3494 1293 3559 δοξάσουσι
1325 3494 1418 3547 τὸν
1444 3494 1599 3561 Θεὸν,
1642 3496 1738 3548 καὶ
1763 3494 1901 3566 πρὸς
1922 3494 2081 3565 ἀλλή.

403 3582 529 3635 λους
547 3571 752 3643 ἐροῦσι*
792 3572 984 3638 Βαϐαῖ,
1020 3573 1161 3645 πόση
1192 3573 1287 3626 τοῦ
1307 3573 1736 3644 Χριστιανισμοῦ
1766 3575 1799 3645 ή
1828 3573 2085 3645 δύναμιςί

403 3650 689 3721 ἄνθρωπον
717 3650 905 3704 οὐδένα
935 3651 1130 3721 ἔχοντα
1174 3654 1439 3723 ὁμότιμον
1465 3653 1556 3707 ἐπὶ
1591 3654 1694 3724 τῆς
1724 3654 1849 3725 γῆς,
1900 3654 2090 3725 κύριον

405 3728 530 3806 ὅντα
566 3729 832 3785 ἀπολέσαι
864 3733 1043 3786 πάντα
1089 3733 1185 3785 καὶ
1214 3732 1546 3804 διαφθεῖραι,
1575 3734 1811 3806 κατέσχε
1842 3734 1936 3789 καὶ
1958 3737 2090 3806 ἐχα-

403 3805 616 3887 λίνωσε,
653 3811 749 3863 καῖ
774 3809 1085 3879 φιλοσοφεῖν
1108 3811 1396 3865 ἐπαίδευσε
1424 3812 1764 3883 φιλοσοφίαν,
1792 3815 1858 3887 ἢν
1888 3805 1996 3869 οὐδ*
2022 3814 2090 3869 ἂν

405 3884 621 3957 ἰδιώτης
655 3888 945 3959 ἄνθρωπος
991 3890 1330 3956 ἐπεδείξατο·
1372 3891 1543 3956 ὅντως
1572 3892 1745 3963 μέγας
1765 3896 1793 3947 ό
1814 3884 1927 3947 τῶν
1956 3895 2093 3966 Χρι-

402 3967 635 4022 στιανῶν
673 3969 828 4034 Θεὸς,
852 3968 911 4033 ὃς
940 3968 1000 4033 ἐξ
1040 3969 1346 4041 ἀνθρώπων
1373 3972 1640 4041 ἀγγέλους
1671 3975 1818 4026 ποιεῖ
1843 3973 1937 4027 καὶ
1984 3975 2090 4029 πά·-

400 4063 503 4119 σης
531 4049 777 4119 ἀνάγκης
804 4049 1045 4118 φυσικῆς
1074 4049 1383 4121 ἀνωτέρους
1409 4051 1751 4124 καθίστησιν.
1781 4053 1874 4125 Μὴ
1893 4053 2001 4125 γάρ
2022 4053 2088 4127 δὴ

400 4127 492 4184 τὸν
528 4129 783 4201 περιττὸν
809 4131 1017 4182 ἐκεῖνον
1058 4127 1241 4201 δείσῃς
1271 4129 1457 4199 φόϐον,
1487 4131 1622 4202 μηδὲ
1656 4132 1871 4206 ἀνάσχῃ
1903 4133 2089 4202 λεγόν-

399 4226 509 4263 των
538 4208 724 4272 τινῶν,
750 4208 825 4271 ώς
851 4209 906 4261 αἰ
938 4207 1124 4261 λοιπαὶ
1149 4209 1369 4279 χείρους
1408 4209 1625 4263 ἔσονται
1656 4212 1842 4275 πόλεις
1873 4212 1968 4265 καὶ
1988 4228 2089 4267 κα-

399 4288 800 4361 ταφρονήσουσι
840 4287 1062 4359 μᾶλλον,
1093 4287 1299 4357 ταύτης
1330 4287 1405 4359 μὴ
1454 4289 1833 4363 κολασθείσης.
1878 4291 1940 4343 Εἰ
1987 4292 2087 4361 μὲν

400 4367 511 4438 γὰρ
538 4367 816 4429 ἀδυνάτως
832 4363 976 4437 εἶχες
999 4366 1329 4433 ἐπεξελθεῖν,
1360 4369 1456 4422 καὶ
1477 4368 1567 4440 βία
1591 4386 1686 4422 σου
1711 4371 2088 4441 περιεγένοντο

400 4447 577 4504 ταῦτα.
612 4452 957 4517 ποιήσαντες,
975 4448 1068 4499 καὶ
1102 4447 1406 4511 ἰσοστάσιος
1436 4443 1553 4519 ἦνή
1590 4447 1841 4520 δύναμις,
1861 4450 2087 4514 εἰκότως

399 4526 577 4579 ταῦτα
603 4525 930 4580 ὑποπτεύειν
951 4526 1148 4596 ἐχρῆνο
1181 4526 1310 4579 εἰδὲ
1347 4528 1724 4599 κατεπτήχασι
1752 4538 1774 4567 ο
1819 4530 1915 4583 καὶ
1956 4547 2089 4601 προ-

401 4606 676 4660 απέθανον
701 4605 779 4676 τῷ
794 4605 923 4669 δέει,
938 4606 1034 4658 καὶ
1058 4604 1195 4675 πρὸς
1215 4607 1342 4669 τοὺς
1368 4606 1537 4671 πόδας
1560 4608 1794 4679 ἔδραμον
1810 4609 1936 4673 τοὺς
1960 4610 2086 4674 σούς

399 4684 469 4739 δι’
499 4683 656 4756 ἐμοῦ,
688 4686 783 4737 καὶ
804 4683 953 4738 οὐδὲν
985 4683 1172 4756 ἓτερον
1195 4684 1317 4739 καθ’
1347 4684 1587 4757 ἑκάστην
1622 4686 1961 4758 προσδοκῶσι
1987 4688 2085 4758 τήν

398 4766 638 4839 ἡμέραν,
663 4766 696 4837 ἢ
719 4766 780 4818 τὸ
815 4763 1110 4837 βάραθρον,
1151 4766 1245 4818 καὶ
1273 4764 1428 4829 λιτὰς
1457 4764 1736 4820 ποιοῦνται
1768 4767 1973 4832 κοινάς,
2004 4770 2086 4833 είς

401 4847 494 4901 τὸν
543 4845 773 4917 οὐρανὸν
825 4844 1137 4916 βλέποντες,
1181 4845 1277 4899 καὶ
1328 4845 1419 4898 τὸν
1470 4845 1604 4900 Θεὸν
1638 4846 2086 4918 παρακαλοῦντες

400 4925 579 4979 ἐλθεῖν
598 4927 694 4979 καὶ
726 4924 1137 4995 συνεφάψασθαι
1166 4924 1266 4995 τῆς
1293 4924 1461 4996 αὐτῆς
1480 4927 1614 4996 ἡμῖν
1648 4925 1963 4997 πρεσϐείας,
1989 4926 2086 4981 καὶ

401 5006 654 5077 καθάπερ
679 5008 727 5060 οἱ
757 5004 895 5078 πρὸς
921 5003 1021 5068 τὰς
1048 5003 1285 5075 ἐσχάτας
1311 5003 1465 5069 ὅντες
1493 5005 1790 5069 ἀναπνοὰς,
1816 5006 1945 5078 περὶ
1975 5006 2084 5059 τῶν

399 5086 519 5138 οἰκε
542 5102 617 5137 ων
629 5085 861 5150 ἔκαστος
889 5083 1170 5155 ἐπέσκηψε
1201 5084 1309 5137 τῶν
1341 5082 1556 5149 ἐαυτοῦ,
1592 5083 1711 5148 πῶς
1738 5085 1798 5137 οὐ
1830 5086 2084 5158 περιττὸν

398 5164 561 5219 τοῦτο
587 5165 651 5219 τὸ
673 5165 827 5229 δέος;
854 5165 971 5219 Οὐκ
1018 5164 1105 5229 ἂν,
1137 5164 1185 5217 εἰ
1235 5162 1514 5234 σφαγῆναι
1541 5162 1965 5235 ἐκελεύσθησαν,
1994 5180 2086 5220 το·-

404 5245 579 5300 σαῦτα
606 5246 671 5300 ἀν
698 5244 919 5309 ἔπαθον,
940 5246 1041 5299 ὅσα
1065 5245 1332 5315 πάσχουσι
1364 5242 1460 5298 νῦν
1494 5244 1728 5315 ἡμέραις
1754 5244 2081 5310 τοσαύταιςιι

404 5326 556 5398 φόϐῳ
600 5326 694 5381 καὶ
721 5326 910 5397 τρόμῳ
961 5324 1251 5390 συζῶντες,
1279 5326 1374 5378 καὶ
1410 5324 1647 5396 ἑσπέρας
1672 5325 2084 5398 καταλαϐούσης

402 5406 467 5463 οὐ
492 5406 900 5480 προσδοκῶντες
924 5404 1150 5476 ὄψεσθαι
1179 5402 1280 5475 τὴν
1312 5403 1406 5467 ἐω,
1429 5405 1524 5459 καὶ
1551 5405 1766 5476 ἡμέρας
1782 5406 2083 5478 γενομένης

463 5671 494 5704 ﬂ
516 5670 612 5722 Alii
635 5673 716 5722 καὶ
738 5674 847 5730 τοὺς
867 5672 1199 5728 ἀποθανόντας.

461 5730 498 5801 ιζ
517 5734 665 5783 Sam.
713 5744 768 5801 ει
794 5736 965 5785 Morel.
1011 5735 1249 5801 ἐπ’-ὂψεσι
1279 5734 1517 5795 κειμένην,
1549 5735 1634 5784 alii
1664 5736 1737 5785 ἐπ’
1760 5736 1889 5801 ὄψιν,
1914 5737 1998 5787 alll
2032 5739 2081 5787 ἐν

401 5795 565 5858 σκότῳ
587 5797 823 5855 κειμένην,
849 5804 903 5845 et
920 5802 987 5846 ila
1011 5797 1135 5858 legit
1151 5795 1417 5856 interpres.

468 5860 494 5924 ξ
522 5857 617 5924 Αἰῇὶ
644 5858 991 5924 προεπτήχασι,
1016 5857 1098 5908 alii
1135 5858 1482 5924 κατεπτήχασι,
1518 5858 1601 5907 alii
1637 5861 2075 5924 προκατεπτήχασι.

402 5914 537 5983 Iner
570 5910 721 5962 Sa'ril.
757 5923 817 6021 2|
846 5910 958 5965 ⁷Πιιο
981 5910 1111 5967 ἠιτς.
1153 5919 1283 5972 λιτὰς
1327 5910 1571 5967 ποιοῦνται
1608 5910 1802 5982 πυκνάς,
1844 5910 2080 5980 αἰίῖλιτάς

404 5990 644 6021 «summa:
671 5990 758 6021 xor
811 5994 844 6021 ε.

404 5990 644 6024 usuum-ca
671 5990 844 6031 κοινάς.

1203 356 1263 411 S.
1300 351 1586 412 JOANNIS
1618 350 2111 409 CHRYSUSTOMI
2150 351 2475 408 ARClllEP.
2517 352 3063 410 CONSTANTINOP.

2201 469 2300 521 οὐκ
2316 469 2624 533 ἐλπίζουσιν
2649 471 2727 532 εἰς
2750 469 2987 538 ἑσπέραν
3005 468 3313 537 ἀφίξεσθαι.
3334 469 3527 528 Πολλοὶ
3547 470 3641 524 καὶ
3673 469 3903 542 θηρίοις

3784 355 3902 412 2Ξ8

2204 548 2461 602 ἐνέπεσον
2491 549 2590 613 τὰς
2620 551 2862 621 ἐρήμους
2899 548 3207 609 διώκοντες,
3246 549 3339 600 καὶ
3368 550 3505 618 πρὸς
3530 551 3629 613 τὰς
3646 550 3899 616 ἀϐάτους

2207 628 2664 697 μετοικισθέντες,
2709 630 2811 682 οὐκ
2834 628 3025 701 ἄνδρες
3059 629 3237 698 μόνον,
3289 628 3423 683 ἀλλά
3455 630 3550 683 καὶ
3575 631 3764 686 παιδία
3794 652 3899 703 μι-

2206 707 2337 778 κρὰ,
2380 710 2476 762 καὶ
2524 712 2783 776 γυναῖκες
2837 707 3120 781 ἐλεύθεραι
3167 709 3261 761 καὶ
3306 710 3641 780 εὐσχήμονες
3682 712 3900 778 πολλὰς

2206 787 2411 852 νύκτας
2447 788 2595 861 [221]
2626 791 2720 843 καὶ
2747 790 2963 860 ἡμέρας
2989 791 3046 841 ἐν
3076 790 3364 858 σπηλαίοις
3393 791 3487 844 καὶ
3516 791 3761 863 φάραγξι
3791 794 3899 850 καὶ

2203 870 2325 931 ταῖς
2362 869 2524 932 ὀπαῖς
2568 868 3088 939 κατακρυπτόμεναι
3142 871 3240 938 τῆς
3277 871 3506 940 ἐρήμου.
3544 870 3653 924 Καὶ
3699 873 3898 939 καινὸς

2205 947 2587 1017 αἰχμαλωσίας
2622 949 2842 1018 κατέχει
2870 948 2968 1018 τὴν
3008 947 3159 1001 πόλιν
3202 948 3424 1019 τρόπος·
3470 949 3577 1002 τῶν
3604 950 3713 1022 γάρ
3740 956 3900 1006 οἰκο-

2202 1026 2536 1097 δομημάτων
2567 1028 2660 1080 καῖ
2692 1027 2800 1079 τῶν
2825 1025 3019 1099 τοιχῶν
3053 1027 3359 1099 ἑστηκότων
3392 1027 3673 1099 χαλεπώτε
3684 1048 3751 1103 ρα
3775 1032 3898 1087 τῶν

2206 1105 2627 1176 ἐμπρησθεισῶν
2648 1106 2919 1175 πάσχουσι
2950 1106 3176 1158 πόλεωψ
3201 1106 3413 1170 οὐδενὸς
3436 1106 3714 1180 βαρϐάρου
3744 1128 3895 1182 παρ-

2202 1185 2378 1248 όντος,
2407 1186 2526 1241 οὐδέ
2557 1187 2817 1257 πολεμίου
2872 1186 3196 1256 φαινομένου
3230 1184 3555 1257 ἀθλιώτερον
3589 1188 3698 1242 τῶν
3726 1190 3892 1244 ἁλόν-

2203 1282 2313 1317 των
2333 1265 2652 1328 διάκεινται,
2683 1265 2774 1320 καὶ
2805 1264 3003 1334 φύλλον
3030 1266 3349 1335 κινούμενον
3371 1266 3530 1335 μόνον
3558 1266 3764 1331 πάντας
3789 1268 3894 1323 αὑ-

2203 1343 2331 1405 τοὺς
2355 1344 2616 1398 ἀποσοϐεῖ
2650 1344 2773 1398 καθ’
2810 1345 3049 1415 ἑκάστην
3081 1344 3315 1416 ἡμέραν.
3361 1345 3470 1398 Καὶ
3499 1346 3671 1400 ταῦτα
3705 1349 3891 1401 ἴσασιν

2205 1424 2468 1487 ἅπαντες⁹
2499 1426 2593 1477 καὶ
2622 1426 2671 1477 ει
2698 1428 3147 1493 κατασκαφεῖσαν
3187 1424 3359 1494 αὐτὴν
3386 1423 3547 1489 εἶδον,
3571 1428 3670 1480 οὐκ
3704 1427 3771 1480 ἂν
3805 1427 3894 1481 οὐ·

2200 1521 2313 1569 τως
2348 1507 2854 1578 ἐσωφρονίσθησαν,
2899 1508 2975 1570 ὡς
3025 1507 3120 1560 νῦν
3164 1507 3369 1571 ταύτας
3393 1510 3566 1580 αὐτῆς
3593 1510 3892 1575 ἀκούοντες

2200 1585 2304 1650 τὰς
2341 1588 2649 1659 συμφοράς.
2696 1588 2787 1657 Μὴ
2831 1588 3016 1641 τοίνυν
3052 1588 3210 1641 τοῦτο
3257 1589 3507 1661 νομίσῃς,
3554 1590 3629 1653 ὡς
3665 1592 3895 1662 χείρους

2205 1665 2417 1720 ἔσονται
2449 1669 2507 1722 αἱ
2528 1668 2711 1722 λοιπαὶ
2736 1666 2940 1731 πόλεις.
2966 1667 3176 1729 Οὐκάν,
3210 1669 3257 1721 εἰ
3280 1668 3633 1738 κατέσκαψας
3662 1672 3761 1733 τὰς
3784 1671 3897 1725 ἆλ-

2204 1746 2302 1812 λας
2325 1748 2528 1814 πόλεις,
2557 1749 2732 1813 οὑτως
2777 1748 2948 1813 αὐτάς
2985 1750 3381 1819 ἐσωφρόνισας,
3414 1749 3492 1813 ὡς
3529 1750 3624 1804 νῦν
3650 1751 3736 1805 διὰ
3784 1753 3896 1825 τῆς

2205 1827 2404 1899 ἀδήλου
2419 1828 2531 1881 τῶν
2554 1828 2827 1900 ἐσομένων
2849 1827 3176 1899 προσδοκίας
3210 1828 3566 1901 σφοδρότερον
3599 1831 3778 1901 πάσης
3804 1850 3897 1884 κο-

2203 1905 2417 1970 λάσεως
2463 1907 2762 1971 παιδεύσας
2789 1908 3007 1971 αὐτούς.
3045 1908 3154 1961 Καὶ
3182 1909 3258 1979 μὴ
3289 1910 3602 1981 περαιτέρω
3630 1911 3895 1981 πρεενέγ-

2202 1997 2347 2058 κῃςο
2365 1987 2546 2051 αὐτοῖς
2576 1987 2670 2051 τάς
2698 2005 2762 2041 συ
2771 1987 3004 2059 μφοράς,
3026 1987 3139 2041 ἀλλ’
3164 1988 3299 2057 ἄφες
3319 1987 3653 2042 ἀναπνεῦσαι
3672 1988 3889 2046 λοιπόν.

2204 2067 2278 2120 Τὸ
2314 2067 2413 2138 μὲν
2446 2068 2554 2140 γάρ
2597 2067 2827 2121 κολάσαι
2872 2071 2999 2133 τούς
3041 2068 3376 2133 ὑπευθύνους
3403 2069 3498 2121 καὶ
3528 2067 3683 2140 δίκην
3715 2070 3892 2123 άπαι-

2202 2147 2369 2217 τῆσαι
2416 2149 2526 2202 τῶν
2572 2149 2998 2221 πεπραγμένων,
3040 2150 3222 2222 ῥᾴδιον
3264 2149 3481 2214 πάντως
3519 2149 3614 2203 καί
3639 2148 3890 2204 εὐκολον·

2201 2227 2264 2281 τὸ
2294 2227 2351 2281 δὲ
2381 2228 2670 2297 φείσασθαι
2695 2229 2804 2282 τῶν
2837 2228 3166 2301 ὑϐρικότων,
3199 2228 3293 2282 καὶ
3334 2229 3667 2298 συγγνώμην
3699 2228 3888 2284 δοῦναι

2201 2308 2318 2371 τοῖς
2358 2307 2723 2376 ἀσύγγνωστα
2773 2307 3171 2382 ἡμαρτηκόσιν,
3207 2308 3326 2371 ἐνός
3361 2324 3465 2360 που
3498 2310 3593 2360 καὶ
3627 2308 3888 2379 δευτέρου

2207 2385 2361 2456 μόλις
2396 2386 2536 2451 ἐστὶ,
2573 2388 2668 2441 καὶ
2708 2388 2943 2456 μάλιστα
2979 2389 3109 2442 ὅταν
3135 2386 3390 2458 βασιλεὺς
3419 2390 3449 2441 ὁ
3477 2387 3801 2458 ὑϐρισμένος

2203 2464 2300 2518 καὶ
2330 2465 2390 2518 τὸ
2420 2465 2570 2537 φόϐῳ
2597 2465 2654 2519 δὲ
2688 2466 2953 2531 ὑποτάξαι
2988 2466 3141 2520 πόλιν
3189 2466 3434 2532 εὐκολον,
3477 2467 3539 2521 τὸ
3583 2466 3639 2520 δὲ
3673 2468 3889 2533 πάντας

2203 2546 2442 2619 ἐραστάς
2471 2550 2811 2620 καταστῆσαι
2846 2551 2939 2604 καί⁵
2982 2551 3100 2621 μετ’
3121 2551 3334 2616 εὐνοίας
3364 2553 3548 2605 πεῖσαι
3578 2550 3890 2606 διακεῖσθαι

2203 2628 2335 2697 περὶ
2355 2627 2454 2695 τὴν
2486 2626 2764 2697 βασιλείαν
2792 2629 2889 2697 τὴν
2921 2628 3039 2699 σὴν,
3073 2629 3169 2683 καὶ
3207 2630 3283 2699 μὴ
3328 2630 3487 2701 μόνον
3516 2630 3716 2693 κοινὰς,
3744 2630 3889 2685 ἀλλὰ

2203 2706 2297 2758 καὶ
2326 2704 2461 2768 ἰδίας
2484 2706 2623 2778 ὑπὲρ
2636 2707 2735 2776 τῆς
2753 2709 2852 2779 σῆς
2881 2708 3059 2779 ἀρχῆς
3075 2708 3345 2762 ποιεῖσθαι
3374 2708 3559 2779 εὐχὰς,
3582 2708 3891 2780 δυσκατόρο

2204 2786 2395 2843 θωτον·
2428 2789 2532 2843 κᾶν
2569 2791 2738 2861 μυρία
2765 2808 2849 2854 τις
2871 2789 3125 2864 ἀναλώσῃ
3152 2792 3432 2863 χρήματα,
3464 2790 3564 2844 κάν
3596 2790 3765 2860 μυρία
3795 2809 3888 2845 κι-

2201 2869 2344 2944 νήσῃ
2379 2871 2718 2941 στρατόπεδα
2752 2868 2772 2909 ί
2794 2914 2811 2937 ,
2867 2872 2969 2927 κᾶν
3007 2873 3185 2927 ὁτιοῦν
3223 2872 3545 2944 ἐργάσηται,
3579 2872 3677 2924 οὐκ
3723 2872 3892 2925 εὐκό-

2201 2950 2309 3015 λως
2332 2950 2603 3003 τοσούτων
2641 2950 2944 3023 ἀνθρώπων
2979 2950 3220 3007 διάθεσιν
3254 2953 3392 3023 πρὸς
3421 2951 3611 3005 ἑαυτὸν
3640 2951 3889 3005 ἐπισπά-

2204 3028 2397 3083 σασθαι
2424 3029 2732 3099 δυνήσεται,
2762 3031 2790 3083 ὃ
2819 3031 2913 3085 νῦν
2944 3031 3123 3103 ῥᾴδιον
3151 3031 3302 3085 ἔσται
3344 3032 3439 3084 καὶ
3461 3029 3699 3084 εὐκολον.
3721 3031 3792 3083 Οῖ
3820 3050 3886 3085 τε

2204 3111 2313 3181 γάρ
2349 3109 2820 3180 εὐεργετηθέντες,
2845 3110 2899 3165 οῖ
2914 3128 2980 3187 τε,
3001 3110 3335 3175 ἀκούσαντες
3353 3110 3555 3181 ὁμοίως
3584 3112 3696 3173 τοῖς
3722 3112 3887 3180 εὐερ-

2202 3193 2479 3266 γετηθεῖσι
2503 3192 2630 3261 περὶ
2670 3193 2728 3246 σὲ
2755 3192 3340 3247 διακείσονται.Πόσων
3370 3192 3435 3246 ἂν
3463 3192 3638 3264 ἐπρίω
3662 3192 3888 3264 χρημά-

2200 3290 2329 3340 των,
2345 3273 2527 3327 πόσων
2552 3272 2617 3327 ἀν
2649 3272 2825 3342 ἐπρίω
2852 3272 3030 3325 πόνων
3052 3274 3110 3325 ἐν
3133 3271 3362 3344 βραχείᾳ
3386 3273 3577 3343 καιροῦ
3607 3275 3743 3344 ῥοπῇ
3778 3273 3883 3342 τήν

2203 3353 2536 3425 οἰκουμένην
2566 3352 2789 3407 ἅπασαν
2833 3352 3271 3423 ἀνακτήσασθαι,
3295 3352 3390 3405 καὶ
3439 3354 3627 3405 πεῖσαι
3653 3352 3780 3416 τούς
3811 3369 3875 3408 τε

2199 3430 2296 3486 νῦν
2317 3432 2478 3495 ὄντας
2495 3431 2819 3503 ἀνθρώπους
2845 3430 2972 3495 τούς
2993 3449 3054 3484 τε
3085 3432 3379 3502 ἐσομένους
3393 3431 3637 3494 ἅπαντας
3651 3431 3743 3484 ὅσα
3766 3435 3884 3491 τοῖς

2199 3512 2383 3567 αὐτῶν
2420 3512 2672 3584 εὔχονται
2699 3514 2877 3579 παισὶ,
2898 3513 3138 3567 τοσαῦτα
3166 3516 3191 3553 ε
3218 3513 3311 3567 καὶ
3339 3515 3406 3584 τῇ
3435 3515 3501 3583 σῇ
3537 3510 3774 3581 κεφαλῇί
3812 3510 3881 3562 Εἰ

2198 3592 2257 3647 δὲ
2298 3592 2449 3663 παρὰ
2504 3592 2808 3663 ἀνθρώπων
2849 3591 3042 3656 ταῦτα,
3101 3591 3355 3662 ἐννόησον
3408 3591 3533 3644 ὅσον
3573 3588 3721 3660 παρά
3781 3586 3882 3640 τοῦ

2198 3671 2335 3727 Θεοῦ
2368 3672 2511 3743 λήψῃ
2556 3671 2648 3725 τὸν
2699 3672 2912 3743 μισθὸν,
2938 3670 3059 3742 οὑχί
3094 3669 3203 3723 τῶν
3231 3669 3328 3723 νῦν
3359 3668 3661 3740 γινομένων
3693 3666 3880 3737 μόνον,

2198 3752 2337 3806 ἀλλά
2364 3752 2459 3805 καὶ
2483 3751 2591 3806 τῶν
2619 3752 2759 3822 μετά
2786 3751 2958 3806 ταῦτα
3008 3750 3138 3821 παρ’
3166 3749 3369 3822 ἐτέρων
3398 3746 3877 3819 κατορθουμένων.

2198 3833 2263 3886 Εἰ
2300 3832 2411 3903 γάρ
2445 3849 2575 3885 ποτε
2604 3831 2843 3902 συμϐαίη
2870 3830 3122 3899 γενέσθαι
3152 3827 3413 3893 τοιοῦτον,
3447 3823 3560 3881 οἷον
3591 3826 3655 3896 δὴ
3681 3825 3880 3903 γέγονε

2197 3911 2315 3977 νῦν,
2342 3902 2477 3983 ὅίμὴ
2499 3911 2746 3979 γένοιτο,
2779 3909 2873 3963 καί
2910 3924 3055 3972 τινες
3101 3906 3209 3960 τῶν
3251 3906 3595 3978 ὑϐρισμένων
3650 3902 3878 3983 βουλεύ-

2201 3981 2411 4045 σωνται
2436 3981 2746 4056 ἐπεξελθεῖν
2775 3991 2889 4051 τοῖς
2920 3986 3223 4057 ὐϐρικόσιν,
3267 3987 3300 4057 ή
3339 3984 3584 4057 πραότης
3612 3984 3647 4053 ή
3682 3981 3749 4052 σὴ
3782 3982 3878 4035 καὶ

2199 4072 2233 4142 ή
2262 4069 2555 4141 φιλοσοφία
2591 4069 2715 4122 ἀντὶ
2741 4067 2922 4139 πάσης
2963 4066 3114 4119 ἔσται
3158 4063 3510 4126 διδασκαλίας
3555 4063 3744 4142 αὐτοῖς
3781 4061 3877 4114 καῖ

2198 4140 2599 4221 παραινέσεως,
2640 4148 2734 4201 καὶ
2762 4144 3148 4216 ἐρυθριάσουσι
3177 4143 3273 4197 καὶ
3313 4140 3875 4211 καταισχυνθήσονται

2196 4230 2437 4284 τοιοῦτον
2462 4228 2677 4300 ἔχοντες
2704 4226 3022 4296 φιλοσοφίας
3060 4223 3433 4296 παράδειγμα,
3488 4222 3740 4285 ἐλάττους
3756 4236 3876 4300 ,φα-

2197 4310 2376 4372 νῆναι.
2419 4298 2582 4361 Ὥστε
2621 4308 2731 4360 τῶν
2767 4306 2904 4378 μετά
2935 4305 3110 4359 ταῦτα
3136 4304 3353 4358 πάντων
3381 4303 3478 4375 ἔσῃ
3526 4298 3871 4365 διδάσκαλος,

2197 4388 2294 4441 καὶ
2330 4387 2397 4441 τὰ
2424 4387 2719 4458 νικητήρια
2752 4386 2873 4439 κατ’
2908 4384 3089 4439 αὐτῶν
3118 4382 3281 4447 ἕξεις,
3314 4381 3416 4436 κάν
3463 4383 3544 4445 είς
3573 4379 3744 4451 αὐτὴν
3772 4378 3874 4450 τὴν

2197 4464 2440 4537 κορυφήν
2478 4466 2575 4535 τῆς
2622 4463 2939 4534 φιλοσοφίας
2979 4462 3276 4532 φθάσωσιν.
3314 4461 3389 4514 Οὐ
3424 4461 3532 4531 γάρ
3581 4461 3727 4513 ἐστιν
3757 4459 3874 4514 ἴσον

2195 4546 2361 4599 αὑτὸν
2383 4544 2652 4615 κατάρξαι
2682 4543 2954 4614 τοσαύτης
2977 4542 3285 4613 πραότητος
3313 4541 3527 4612 πρῶτον
3552 4578 3567 4603 ,
3603 4541 3698 4592 καὶ
3732 4539 3875 4611 πρὸς

2195 4622 2416 4695 ἐτέρους
2447 4622 2714 4693 βλέποντα
2755 4621 3100 4693 μιμήσασθαι
3137 4620 3207 4674 τά
3240 4622 3369 4692 παρ’
3405 4619 3630 4673 ἐκείνων
3668 4635 3871 4691 κατορο

2195 4700 2462 4756 θωθέντα.
2490 4699 2590 4753 Διά
2618 4698 2776 4753 τοῦτο
2815 4701 2949 4768 ὅσην
2992 4699 3060 4753 ἂν
3097 4701 3148 4752 οἱ
3190 4698 3328 4769 μετά
3363 4698 3424 4751 σὲ
3456 4697 3872 4769 φιλανθρωπίαν

2193 4781 2289 4834 καὶ
2311 4781 2627 4853 ἡμερότητα
2664 4778 3037 4844 ἐπιδείξωνται
3063 4818 3077 4836 .
3105 4779 3170 4833 σὺ
3209 4778 3354 4850 λήψῃ
3387 4777 3479 4830 τὸν
3522 4776 3714 4848 μισθὸν
3749 4780 3872 4847 μετ’

2192 4861 2417 4916 ἐκείνων
2441 4879 2455 4893 ·
2491 4861 2519 4913 ὁ
2545 4861 2653 4932 γὰρ
2679 4859 2779 4932 τήν
2811 4859 2967 4931 ῥίζαν
2998 4858 3297 4930 παρασχὼν
3317 4898 3331 4924 ,
3364 4853 3518 4922 οὗτος
3561 4857 3627 4912 ἂν
3652 4858 3737 4929 εῖη
3772 4858 3874 4915 καὶ

2192 4941 2301 4996 τῶν
2328 4942 2556 5013 καρπῶν
2590 4943 2781 5005 αἴτιος.
2808 4941 2908 4995 Διά
2925 4940 3083 4994 τοῦτο
3121 4941 3264 5007 μετά
3300 4938 3394 4993 σοῦ
3446 4939 3544 5010 μὲν
3569 4938 3744 5001 οὐδεὶς
3773 4936 3872 4992 δύο

2194 5039 2350 5077 ναται
2388 5020 2707 5094 μερίζεσθαι
2731 5021 2826 5075 νῦν
2857 5020 2951 5074 τὸν
2975 5020 3067 5073 ἐπὶ
3098 5023 3162 5091 τῇ
3209 5017 3583 5091 φιλανθρωπία
3632 5016 3825 5089 μισθόν
3847 5031 3867 5049 ο

2196 5100 2288 5156 σὸν
2321 5103 2431 5172 γάρ
2461 5102 2523 5155 τὸ
2551 5101 2883 5172 κατόρθωμα
2915 5100 3104 5170 γέγονε
3134 5099 3294 5170 μόνον
3315 5118 3329 5132 ο
3360 5099 3426 5152 σὺ
3454 5098 3511 5152 δὲ
3556 5098 3697 5169 μετά
3729 5096 3872 5151 πάν-

2191 5198 2301 5237 των
2332 5179 2484 5254 [οεοι
2514 5179 2623 5235 τῶν
2651 5180 2790 5250 μετά
2821 5179 3016 5243 ταῦτα,
3056 5182 3113 5233 ετ
3136 5179 3278 5244 τινές
3321 5195 3454 5232 ποτε
3486 5176 3716 5231 τοιοῦτοι
3759 5192 3871 5246 φα-

2190 5261 2353 5326 νεῖεν,
2381 5260 2441 5327 ἐξ
2476 5260 2599 5331 ῖσης
2621 5259 2827 5330 δυνήσῃ
2847 5258 2964 5330 μετ’
2984 5256 3163 5312 αὐτῶν
3183 5257 3564 5329 διανείμασθαι
3582 5256 3647 5310 τὸ
3666 5255 3871 5325 κατόρ-

2192 5339 2373 5411 θωμα,
2414 5340 2509 5393 κα)⁸
2562 5337 2834 5407 τοσαύτην
2864 5337 3275 5405 ἀπενέγκασθαι
3326 5340 3541 5409 μοῖραν,
3588 5336 3719 5405 ὅσην
3768 5335 3871 5387 ἐπὶ

2188 5421 2302 5485 τοῖς
2341 5418 2613 5490 μαθηταῖς
2640 5419 2690 5470 οἰ
2717 5416 3025 5470 διδάσκαλοι
3049 5432 3063 5447 ο
3094 5414 3197 5470 κάν
3220 5415 3409 5487 μηδεὶς
3431 5415 3659 5486 γένηται
3682 5412 3868 5468 τοιοῦ-

2250 5674 2279 5715 «ι
2302 5676 2398 5726 Alii
2421 5674 2598 5738 ἡμέρας
2617 5670 2868 5738 τοσαύτας.
2896 5667 3023 5719 Infra
3050 5669 3247 5732 quidam
3270 5671 3537 5731 διώκοντες,
3556 5682 3671 5734 προς
3684 5670 3866 5733 τόπους

2157 5762 2163 5767 ν
2188 5738 2393 5793 ἀϐάτους
2412 5734 2794 5799 μετοικισθέντες.

2254 5803 2278 5833 ο
2305 5789 2757 5860 ΑΗΤπροσειξέγκῃς,
2778 5800 2833 5843 et
2856 5806 2964 5843 mox
2989 5793 3068 5849 δὸς
3090 5789 3397 5842 ἀναπνεῦσαι.
3425 5793 3551 5844 Infra
3590 5794 3676 5844 alii
3699 5792 3866 5856 ῥᾴδιον

2187 5862 2338 5918 πάντη
2360 5862 2439 5907 vel
2462 5856 2617 5905 παντί.
2638 5856 2641 5857 ν

2256 5922 2278 5992 ς
2306 5921 2648 5992 ριιίόειηηῐηετ.
2676 5916 3021 5983 στρατεύματα.

2254 5987 2279 6027 ε
2304 5985 2624 6039 Διὶἰτοιαῦτα.
