  <div class='ocr_page' id='page_1' title='image "/cluster/home/n/w/nwhite01/storage/ocr_20150623/49:no.2:pt.1/coo.31924054869486/220.png"; bbox 0 0 4066 6424; ppageno 0'>
   <div class='ocr_carea' id='block_1_1' title="bbox 305 385 406 438">
    <p class='ocr_par' dir='ltr' id='par_1_1' title="bbox 305 385 406 438">
     <span class='ocr_line' id='line_1_1' title="bbox 305 385 406 438; baseline 0 0"><span class='ocrx_word' id='word_1_1' title='bbox 305 385 406 438; x_wconf 64' lang='grc' dir='ltr'><strong>ρετ</strong></span> 
     </span>
    </p>
   </div>
   <div class='ocr_carea' id='block_1_2' title="bbox 302 476 1889 547">
    <p class='ocr_par' dir='ltr' id='par_1_2' title="bbox 302 476 1889 547">
     <span class='ocr_line' id='line_1_2' title="bbox 302 476 1889 547; baseline -0.001 -14"><span class='ocrx_word' id='word_1_2' title='bbox 302 489 471 533; x_wconf 83' lang='lat' dir='ltr'><strong>totum</strong></span> <span class='ocrx_word' id='word_1_3' title='bbox 523 479 707 533; x_wconf 83' lang='lat' dir='ltr'><strong>orbem</strong></span> <span class='ocrx_word' id='word_1_4' title='bbox 754 485 1014 534; x_wconf 83' lang='lat' dir='ltr'><strong>terrarum</strong></span> <span class='ocrx_word' id='word_1_5' title='bbox 1059 476 1338 547; x_wconf 72' lang='lat' dir='ltr'><strong>epistolam</strong></span> <span class='ocrx_word' id='word_1_6' title='bbox 1385 476 1574 530; x_wconf 78' lang='lat' dir='ltr'><strong>misisti</strong></span> <span class='ocrx_word' id='word_1_7' title='bbox 1616 476 1889 545; x_wconf 71' lang='lat' dir='ltr'><strong>iubentem</strong></span> 
     </span>
    </p>
   </div>
   <div class='ocr_carea' id='block_1_3' title="bbox 300 568 1894 639">
    <p class='ocr_par' dir='ltr' id='par_1_3' title="bbox 300 568 1894 639">
     <span class='ocr_line' id='line_1_3' title="bbox 300 568 1894 639; baseline -0.003 -12"><span class='ocrx_word' id='word_1_8' title='bbox 300 589 520 630; x_wconf 68' lang='lat' dir='ltr'><strong>carcere</strong></span> <span class='ocrx_word' id='word_1_9' title='bbox 548 572 796 627; x_wconf 84' lang='lat' dir='ltr'><strong>detentos</strong></span> <span class='ocrx_word' id='word_1_10' title='bbox 821 568 1040 636; x_wconf 90' lang='lat' dir='ltr'><strong>dimitti,</strong></span> <span class='ocrx_word' id='word_1_11' title='bbox 1070 568 1200 639; x_wconf 84' lang='lat' dir='ltr'><strong>ipsis</strong></span> <span class='ocrx_word' id='word_1_12' title='bbox 1226 568 1428 638; x_wconf 77' lang='lat' dir='ltr'><strong>ignosci</strong></span> <span class='ocrx_word' id='word_1_13' title='bbox 1454 568 1674 622; x_wconf 89' lang='lat' dir='ltr'><strong>crimina</strong></span> <span class='ocrx_word' id='word_1_14' title='bbox 1701 585 1713 620; x_wconf 91' lang='lat'><strong>:</strong></span> <span class='ocrx_word' id='word_1_15' title='bbox 1737 577 1894 637; x_wconf 87' lang='lat' dir='ltr'><strong>alque</strong></span> 
     </span>
    </p>
   </div>
   <div class='ocr_carea' id='block_1_4' title="bbox 301 657 1896 720">
    <p class='ocr_par' dir='ltr' id='par_1_4' title="bbox 301 657 1896 720">
     <span class='ocr_line' id='line_1_4' title="bbox 301 657 1896 720; baseline -0.006 -1"><span class='ocrx_word' id='word_1_16' title='bbox 301 667 407 720; x_wconf 81' lang='lat' dir='ltr'><strong>illis</strong></span> <span class='ocrx_word' id='word_1_17' title='bbox 443 662 827 719; x_wconf 73' lang='lat' dir='ltr'><strong>humanitatem</strong></span> <span class='ocrx_word' id='word_1_18' title='bbox 873 671 1015 715; x_wconf 91' lang='lat' dir='ltr'><strong>tuam</strong></span> <span class='ocrx_word' id='word_1_19' title='bbox 1042 660 1409 714; x_wconf 87' lang='lat' dir='ltr'><strong>demonstrare</strong></span> <span class='ocrx_word' id='word_1_20' title='bbox 1448 675 1554 712; x_wconf 90' lang='lat' dir='ltr'><strong>non</strong></span> <span class='ocrx_word' id='word_1_21' title='bbox 1583 657 1896 713; x_wconf 77' lang='lat' dir='ltr'><strong>sufﬁcienti-</strong></span> 
     </span>
    </p>
   </div>
   <div class='ocr_carea' id='block_1_5' title="bbox 306 749 1899 828">
    <p class='ocr_par' dir='ltr' id='par_1_5' title="bbox 306 749 1899 828">
     <span class='ocr_line' id='line_1_5' title="bbox 306 749 1899 828; baseline -0.004 -19"><span class='ocrx_word' id='word_1_22' title='bbox 306 757 423 823; x_wconf 85' lang='lat' dir='ltr'><strong>bus,</strong></span> <span class='ocrx_word' id='word_1_23' title='bbox 457 773 551 828; x_wconf 88' lang='lat' dir='ltr'><strong>per</strong></span> <span class='ocrx_word' id='word_1_24' title='bbox 578 757 779 810; x_wconf 83' lang='lat' dir='ltr'><strong>litteras</strong></span> <span class='ocrx_word' id='word_1_25' title='bbox 812 753 1063 809; x_wconf 85' lang='lat' dir='ltr'><strong>dicebas:</strong></span> <span class='ocrx_word' id='word_1_26' title='bbox 1090 752 1302 808; x_wconf 86' lang='lat' dir='ltr'><strong>Utinam</strong></span> <span class='ocrx_word' id='word_1_27' title='bbox 1348 751 1474 804; x_wconf 90' lang='lat' dir='ltr'><strong>mihi</strong></span> <span class='ocrx_word' id='word_1_28' title='bbox 1508 751 1692 805; x_wconf 90' lang='lat' dir='ltr'><strong>liceret</strong></span> <span class='ocrx_word' id='word_1_29' title='bbox 1725 760 1779 803; x_wconf 89' lang='lat' dir='ltr'><strong>et</strong></span> <span class='ocrx_word' id='word_1_30' title='bbox 1805 749 1899 804; x_wconf 88' lang='lat' dir='ltr'><strong>de-</strong></span> 
     </span>
    </p>
   </div>
   <div class='ocr_carea' id='block_1_6' title="bbox 312 840 1895 910">
    <p class='ocr_par' dir='ltr' id='par_1_6' title="bbox 312 840 1895 910">
     <span class='ocr_line' id='line_1_6' title="bbox 312 840 1895 910; baseline -0.004 -12"><span class='ocrx_word' id='word_1_31' title='bbox 312 849 520 902; x_wconf 85' lang='lat' dir='ltr'><strong>functos</strong></span> <span class='ocrx_word' id='word_1_32' title='bbox 548 859 800 900; x_wconf 81' lang='lat' dir='ltr'><strong>revocare</strong></span> <span class='ocrx_word' id='word_1_33' title='bbox 839 854 891 899; x_wconf 91' lang='lat' dir='ltr'><strong>ct</strong></span> <span class='ocrx_word' id='word_1_34' title='bbox 917 844 1240 899; x_wconf 83' lang='lat' dir='ltr'><strong>resuscitare</strong></span> <span class='ocrx_word' id='word_1_35' title='bbox 1259 886 1273 905; x_wconf 90' lang='lat'><strong>,</strong></span> <span class='ocrx_word' id='word_1_36' title='bbox 1303 851 1354 897; x_wconf 90' lang='lat' dir='ltr'><strong>et</strong></span> <span class='ocrx_word' id='word_1_37' title='bbox 1384 841 1450 896; x_wconf 87' lang='lat' dir='ltr'><strong>ad</strong></span> <span class='ocrx_word' id='word_1_38' title='bbox 1474 841 1707 910; x_wconf 84' lang='lat' dir='ltr'><strong>priorem</strong></span> <span class='ocrx_word' id='word_1_39' title='bbox 1739 840 1895 892; x_wconf 86' lang='lat' dir='ltr'><strong>vitam</strong></span> 
     </span>
    </p>
   </div>
   <div class='ocr_carea' id='block_1_7' title="bbox 309 934 1900 993">
    <p class='ocr_par' dir='ltr' id='par_1_7' title="bbox 309 934 1900 993">
     <span class='ocr_line' id='line_1_7' title="bbox 309 934 1900 993; baseline -0.004 -1"><span class='ocrx_word' id='word_1_40' title='bbox 309 940 563 993; x_wconf 90' lang='lat' dir='ltr'><strong>reducere</strong></span> <span class='ocrx_word' id='word_1_41' title='bbox 595 939 609 992; x_wconf 89' lang='lat'><strong>!</strong></span> <span class='ocrx_word' id='word_1_42' title='bbox 655 938 851 991; x_wconf 84' lang='lat' dir='ltr'><strong>llornm</strong></span> <span class='ocrx_word' id='word_1_43' title='bbox 875 951 1015 993; x_wconf 88' lang='lat' dir='ltr'><strong>nunc</strong></span> <span class='ocrx_word' id='word_1_44' title='bbox 1053 935 1399 990; x_wconf 78' lang='lat' dir='ltr'><strong>reminiscere</strong></span> <span class='ocrx_word' id='word_1_45' title='bbox 1427 934 1710 987; x_wconf 89' lang='lat' dir='ltr'><strong>verborum</strong></span> <span class='ocrx_word' id='word_1_46' title='bbox 1736 947 1900 987; x_wconf 86' lang='lat' dir='ltr'><strong>:ecce</strong></span> 
     </span>
    </p>
   </div>
   <div class='ocr_carea' id='block_1_8' title="bbox 219 1021 1898 1098">
    <p class='ocr_par' dir='ltr' id='par_1_8' title="bbox 219 1021 1898 1098">
     <span class='ocr_line' id='line_1_8' title="bbox 219 1021 1898 1098; baseline -0.007 -14"><span class='ocrx_word' id='word_1_47' title='bbox 219 1058 237 1073; x_wconf 83' lang='grc' dir='ltr'><strong><em>ο</em></strong></span> <span class='ocrx_word' id='word_1_48' title='bbox 313 1038 522 1098; x_wconf 85' lang='lat' dir='ltr'><strong>tempus</strong></span> <span class='ocrx_word' id='word_1_49' title='bbox 566 1027 937 1083; x_wconf 85' lang='lat' dir='ltr'><strong>defunctorum</strong></span> <span class='ocrx_word' id='word_1_50' title='bbox 979 1025 1399 1080; x_wconf 81' lang='lat' dir='ltr'><strong>revocandorum</strong></span> <span class='ocrx_word' id='word_1_51' title='bbox 1423 1034 1479 1078; x_wconf 88' lang='lat' dir='ltr'><strong>et</strong></span> <span class='ocrx_word' id='word_1_52' title='bbox 1507 1021 1898 1079; x_wconf 66' lang='lat' dir='ltr'><strong>rcsuscitandoo</strong></span> 
     </span>
    </p>
   </div>
   <div class='ocr_carea' id='block_1_9' title="bbox 312 1112 1899 1186">
    <p class='ocr_par' dir='ltr' id='par_1_9' title="bbox 312 1112 1899 1186">
     <span class='ocr_line' id='line_1_9' title="bbox 312 1112 1899 1186; baseline -0.006 -10"><span class='ocrx_word' id='word_1_53' title='bbox 312 1139 429 1176; x_wconf 91' lang='lat' dir='ltr'><strong>rum</strong></span> <span class='ocrx_word' id='word_1_54' title='bbox 474 1130 527 1175; x_wconf 92' lang='lat' dir='ltr'><strong>ct</strong></span> <span class='ocrx_word' id='word_1_55' title='bbox 570 1121 637 1174; x_wconf 85' lang='lat' dir='ltr'><strong>ad</strong></span> <span class='ocrx_word' id='word_1_56' title='bbox 685 1121 849 1173; x_wconf 85' lang='lat' dir='ltr'><strong>vitam</strong></span> <span class='ocrx_word' id='word_1_57' title='bbox 901 1118 1323 1174; x_wconf 71' lang='lat' dir='ltr'><strong>reducendorum</strong></span> <span class='ocrx_word' id='word_1_58' title='bbox 1372 1116 1668 1186; x_wconf 82' lang='lat' dir='ltr'><strong>pristinam.</strong></span> <span class='ocrx_word' id='word_1_59' title='bbox 1728 1114 1795 1168; x_wconf 81' lang='lat' dir='ltr'><strong>Et</strong></span> <span class='ocrx_word' id='word_1_60' title='bbox 1845 1112 1899 1167; x_wconf 92' lang='lat' dir='ltr'><strong>hi</strong></span> 
     </span>
    </p>
   </div>
   <div class='ocr_carea' id='block_1_10' title="bbox 313 1207 1900 1285">
    <p class='ocr_par' dir='ltr' id='par_1_10' title="bbox 313 1207 1900 1285">
     <span class='ocr_line' id='line_1_10' title="bbox 313 1207 1900 1285; baseline -0.006 -18"><span class='ocrx_word' id='word_1_61' title='bbox 313 1229 541 1285; x_wconf 83' lang='lat' dir='ltr'><strong>namque</strong></span> <span class='ocrx_word' id='word_1_62' title='bbox 563 1213 671 1282; x_wconf 83' lang='lat' dir='ltr'><strong>jam</strong></span> <span class='ocrx_word' id='word_1_63' title='bbox 701 1211 894 1266; x_wconf 87' lang='lat' dir='ltr'><strong>mortui</strong></span> <span class='ocrx_word' id='word_1_64' title='bbox 921 1219 1065 1273; x_wconf 86' lang='lat' dir='ltr'><strong>sunt,</strong></span> <span class='ocrx_word' id='word_1_65' title='bbox 1095 1218 1143 1265; x_wconf 92' lang='lat' dir='ltr'><strong>et</strong></span> <span class='ocrx_word' id='word_1_66' title='bbox 1171 1207 1752 1281; x_wconf 85' lang='lat' dir='ltr'><strong>priusquamjudicium</strong></span> <span class='ocrx_word' id='word_1_67' title='bbox 1778 1222 1900 1274; x_wconf 88' lang='lat' dir='ltr'><strong>pro-</strong></span> 
     </span>
    </p>
   </div>
   <div class='ocr_carea' id='block_1_11' title="bbox 314 1300 1901 1375">
    <p class='ocr_par' dir='ltr' id='par_1_11' title="bbox 314 1300 1901 1375">
     <span class='ocr_line' id='line_1_11' title="bbox 314 1300 1901 1375; baseline -0.003 -16"><span class='ocrx_word' id='word_1_68' title='bbox 314 1307 533 1373; x_wconf 89' lang='lat' dir='ltr'><strong>feratur,</strong></span> <span class='ocrx_word' id='word_1_69' title='bbox 566 1305 630 1360; x_wconf 86' lang='lat' dir='ltr'><strong>ad</strong></span> <span class='ocrx_word' id='word_1_70' title='bbox 673 1306 813 1375; x_wconf 84' lang='lat' dir='ltr'><strong>ipsas</strong></span> <span class='ocrx_word' id='word_1_71' title='bbox 842 1305 1020 1359; x_wconf 89' lang='lat' dir='ltr'><strong>tartari</strong></span> <span class='ocrx_word' id='word_1_72' title='bbox 1053 1304 1193 1357; x_wconf 89' lang='lat' dir='ltr'><strong>fores</strong></span> <span class='ocrx_word' id='word_1_73' title='bbox 1219 1303 1329 1372; x_wconf 86' lang='lat' dir='ltr'><strong>jam</strong></span> <span class='ocrx_word' id='word_1_74' title='bbox 1361 1316 1504 1356; x_wconf 87' lang='lat' dir='ltr'><strong>nunc</strong></span> <span class='ocrx_word' id='word_1_75' title='bbox 1527 1300 1714 1354; x_wconf 85' lang='lat' dir='ltr'><strong>civitas</strong></span> <span class='ocrx_word' id='word_1_76' title='bbox 1736 1300 1901 1354; x_wconf 86' lang='lat' dir='ltr'><strong>collo-</strong></span> 
     </span>
    </p>
   </div>
   <div class='ocr_carea' id='block_1_12' title="bbox 313 1393 1902 1467">
    <p class='ocr_par' dir='ltr' id='par_1_12' title="bbox 313 1393 1902 1467">
     <span class='ocr_line' id='line_1_12' title="bbox 313 1393 1902 1467; baseline -0.006 -13"><span class='ocrx_word' id='word_1_77' title='bbox 313 1410 429 1454; x_wconf 87' lang='lat' dir='ltr'><strong>cata</strong></span> <span class='ocrx_word' id='word_1_78' title='bbox 459 1410 562 1453; x_wconf 88' lang='lat' dir='ltr'><strong>est.</strong></span> <span class='ocrx_word' id='word_1_79' title='bbox 595 1397 763 1467; x_wconf 81' lang='lat' dir='ltr'><strong>[psam</strong></span> <span class='ocrx_word' id='word_1_80' title='bbox 815 1397 972 1467; x_wconf 84' lang='lat' dir='ltr'><strong>igitur</strong></span> <span class='ocrx_word' id='word_1_81' title='bbox 1005 1395 1128 1451; x_wconf 89' lang='lat' dir='ltr'><strong>inde</strong></span> <span class='ocrx_word' id='word_1_82' title='bbox 1172 1395 1427 1450; x_wconf 88' lang='lat' dir='ltr'><strong>resuscita</strong></span> <span class='ocrx_word' id='word_1_83' title='bbox 1466 1394 1582 1447; x_wconf 80' lang='lat' dir='ltr'><strong>sine</strong></span> <span class='ocrx_word' id='word_1_84' title='bbox 1625 1393 1864 1463; x_wconf 85' lang='lat' dir='ltr'><strong>pecuniis</strong></span> <span class='ocrx_word' id='word_1_85' title='bbox 1886 1433 1902 1458; x_wconf 92' lang='lat'><strong>,</strong></span> 
     </span>
    </p>
   </div>
   <div class='ocr_carea' id='block_1_13' title="bbox 314 1486 1904 1561">
    <p class='ocr_par' dir='ltr' id='par_1_13' title="bbox 314 1486 1904 1561">
     <span class='ocr_line' id='line_1_13' title="bbox 314 1486 1904 1561; baseline -0.004 -16"><span class='ocrx_word' id='word_1_86' title='bbox 314 1493 432 1547; x_wconf 84' lang='lat' dir='ltr'><strong>sine</strong></span> <span class='ocrx_word' id='word_1_87' title='bbox 481 1491 772 1561; x_wconf 85' lang='lat' dir='ltr'><strong>impendio,</strong></span> <span class='ocrx_word' id='word_1_88' title='bbox 824 1491 940 1544; x_wconf 86' lang='lat' dir='ltr'><strong>sine</strong></span> <span class='ocrx_word' id='word_1_89' title='bbox 990 1499 1230 1558; x_wconf 88' lang='lat' dir='ltr'><strong>tempore</strong></span> <span class='ocrx_word' id='word_1_90' title='bbox 1281 1496 1338 1543; x_wconf 88' lang='lat' dir='ltr'><strong>et</strong></span> <span class='ocrx_word' id='word_1_91' title='bbox 1394 1488 1501 1541; x_wconf 89' lang='lat' dir='ltr'><strong>ullo</strong></span> <span class='ocrx_word' id='word_1_92' title='bbox 1544 1487 1745 1540; x_wconf 82' lang='lat' dir='ltr'><strong>labore.</strong></span> <span class='ocrx_word' id='word_1_93' title='bbox 1788 1486 1904 1540; x_wconf 78' lang='lat' dir='ltr'><strong>Tibi</strong></span> 
     </span>
    </p>
   </div>
   <div class='ocr_carea' id='block_1_14' title="bbox 318 1577 1905 1650">
    <p class='ocr_par' dir='ltr' id='par_1_14' title="bbox 318 1577 1905 1650">
     <span class='ocr_line' id='line_1_14' title="bbox 318 1577 1905 1650; baseline -0.003 -15"><span class='ocrx_word' id='word_1_94' title='bbox 318 1598 549 1650; x_wconf 89' lang='lat' dir='ltr'><strong>namque</strong></span> <span class='ocrx_word' id='word_1_95' title='bbox 576 1583 706 1635; x_wconf 85' lang='lat' dir='ltr'><strong>satis</strong></span> <span class='ocrx_word' id='word_1_96' title='bbox 731 1592 812 1634; x_wconf 89' lang='lat' dir='ltr'><strong>est</strong></span> <span class='ocrx_word' id='word_1_97' title='bbox 851 1590 1052 1633; x_wconf 69' lang='lat' dir='ltr'><strong>ulmum</strong></span> <span class='ocrx_word' id='word_1_98' title='bbox 1084 1580 1252 1649; x_wconf 85' lang='lat' dir='ltr'><strong>loqui,</strong></span> <span class='ocrx_word' id='word_1_99' title='bbox 1280 1589 1334 1635; x_wconf 90' lang='lat' dir='ltr'><strong>et</strong></span> <span class='ocrx_word' id='word_1_100' title='bbox 1361 1593 1611 1633; x_wconf 84' lang='lat' dir='ltr'><strong>revocare</strong></span> <span class='ocrx_word' id='word_1_101' title='bbox 1638 1577 1905 1631; x_wconf 63' lang='lat' dir='ltr'><strong>civitatem</strong></span> 
     </span>
    </p>
   </div>
   <div class='ocr_carea' id='block_1_15' title="bbox 317 1669 1906 1741">
    <p class='ocr_par' dir='ltr' id='par_1_15' title="bbox 317 1669 1906 1741">
     <span class='ocr_line' id='line_1_15' title="bbox 317 1669 1906 1741; baseline -0.003 -15"><span class='ocrx_word' id='word_1_102' title='bbox 317 1676 368 1727; x_wconf 90' lang='lat' dir='ltr'><strong>in</strong></span> <span class='ocrx_word' id='word_1_103' title='bbox 401 1674 636 1728; x_wconf 86' lang='lat' dir='ltr'><strong>tenebris</strong></span> <span class='ocrx_word' id='word_1_104' title='bbox 661 1672 985 1739; x_wconf 77' lang='lat' dir='ltr'><strong>jaceatcm‘.</strong></span> <span class='ocrx_word' id='word_1_105' title='bbox 1026 1671 1180 1726; x_wconf 81' lang='lat' dir='ltr'><strong>Nunc</strong></span> <span class='ocrx_word' id='word_1_106' title='bbox 1206 1672 1373 1741; x_wconf 84' lang='lat' dir='ltr'><strong>ipsam</strong></span> <span class='ocrx_word' id='word_1_107' title='bbox 1399 1669 1528 1739; x_wconf 86' lang='lat' dir='ltr'><strong>jobe</strong></span> <span class='ocrx_word' id='word_1_108' title='bbox 1555 1674 1623 1723; x_wconf 87' lang='lat' dir='ltr'><strong>ab</strong></span> <span class='ocrx_word' id='word_1_109' title='bbox 1659 1669 1906 1723; x_wconf 87' lang='lat' dir='ltr'><strong>humani-</strong></span> 
     </span>
    </p>
   </div>
   <div class='ocr_carea' id='block_1_16' title="bbox 314 1760 1908 1834">
    <p class='ocr_par' dir='ltr' id='par_1_16' title="bbox 314 1760 1908 1834">
     <span class='ocr_line' id='line_1_16' title="bbox 314 1760 1908 1834; baseline -0.003 -15"><span class='ocrx_word' id='word_1_110' title='bbox 314 1774 428 1820; x_wconf 82' lang='lat' dir='ltr'><strong>tate</strong></span> <span class='ocrx_word' id='word_1_111' title='bbox 459 1777 545 1819; x_wconf 91' lang='lat' dir='ltr'><strong>tua</strong></span> <span class='ocrx_word' id='word_1_112' title='bbox 575 1765 796 1834; x_wconf 74' lang='lat' dir='ltr'><strong>posthac</strong></span> <span class='ocrx_word' id='word_1_113' title='bbox 824 1764 1080 1833; x_wconf 82' lang='lat' dir='ltr'><strong>appellari</strong></span> <span class='ocrx_word' id='word_1_114' title='bbox 1106 1781 1118 1815; x_wconf 89' lang='lat'><strong>:</strong></span> <span class='ocrx_word' id='word_1_115' title='bbox 1143 1779 1241 1817; x_wconf 90' lang='lat' dir='ltr'><strong>nec</strong></span> <span class='ocrx_word' id='word_1_116' title='bbox 1270 1763 1412 1816; x_wconf 89' lang='lat' dir='ltr'><strong>enim</strong></span> <span class='ocrx_word' id='word_1_117' title='bbox 1451 1771 1650 1815; x_wconf 82' lang='lat' dir='ltr'><strong>tantmu</strong></span> <span class='ocrx_word' id='word_1_118' title='bbox 1695 1760 1908 1814; x_wconf 89' lang='lat' dir='ltr'><strong>habebit</strong></span> 
     </span>
    </p>
   </div>
   <div class='ocr_carea' id='block_1_17' title="bbox 319 1838 1905 1926">
    <p class='ocr_par' dir='ltr' id='par_1_17' title="bbox 319 1838 1905 1926">
     <span class='ocr_line' id='line_1_17' title="bbox 319 1838 1905 1926; baseline -0.005 -17"><span class='ocrx_word' id='word_1_119' title='bbox 319 1838 542 1926; x_wconf 75' lang='lat' dir='ltr'><strong>gratiam</strong></span> <span class='ocrx_word' id='word_1_120' title='bbox 572 1855 643 1908; x_wconf 91' lang='lat' dir='ltr'><strong>illi</strong></span> <span class='ocrx_word' id='word_1_121' title='bbox 671 1897 683 1917; x_wconf 88' lang='lat'><strong>,</strong></span> <span class='ocrx_word' id='word_1_122' title='bbox 716 1856 803 1924; x_wconf 90' lang='lat' dir='ltr'><strong>qui</strong></span> <span class='ocrx_word' id='word_1_123' title='bbox 836 1855 904 1908; x_wconf 90' lang='lat' dir='ltr'><strong>ab</strong></span> <span class='ocrx_word' id='word_1_124' title='bbox 936 1854 1086 1907; x_wconf 88' lang='lat' dir='ltr'><strong>initio</strong></span> <span class='ocrx_word' id='word_1_125' title='bbox 1109 1868 1169 1907; x_wconf 89' lang='lat' dir='ltr'><strong>se</strong></span> <span class='ocrx_word' id='word_1_126' title='bbox 1192 1852 1465 1917; x_wconf 90' lang='lat' dir='ltr'><strong>condidit,</strong></span> <span class='ocrx_word' id='word_1_127' title='bbox 1504 1860 1753 1921; x_wconf 90' lang='lat' dir='ltr'><strong>quantam</strong></span> <span class='ocrx_word' id='word_1_128' title='bbox 1780 1865 1905 1904; x_wconf 89' lang='lat' dir='ltr'><strong>sen-</strong></span> 
     </span>
    </p>
   </div>
   <div class='ocr_carea' id='block_1_18' title="bbox 317 1943 1906 2016">
    <p class='ocr_par' dir='ltr' id='par_1_18' title="bbox 317 1943 1906 2016">
     <span class='ocr_line' id='line_1_18' title="bbox 317 1943 1906 2016; baseline -0.003 -15"><span class='ocrx_word' id='word_1_129' title='bbox 317 1948 500 2016; x_wconf 80' lang='lat' dir='ltr'><strong>t_enti;n</strong></span> <span class='ocrx_word' id='word_1_130' title='bbox 533 1958 635 2001; x_wconf 70' lang='lat' dir='ltr'><strong>tua:</strong></span> <span class='ocrx_word' id='word_1_131' title='bbox 664 1965 677 1996; x_wconf 88' lang='lat'><strong>:</strong></span> <span class='ocrx_word' id='word_1_132' title='bbox 709 1964 807 2003; x_wconf 87' lang='lat' dir='ltr'><strong>nec</strong></span> <span class='ocrx_word' id='word_1_133' title='bbox 846 1947 1130 2001; x_wconf 88' lang='lat' dir='ltr'><strong>immerito.</strong></span> <span class='ocrx_word' id='word_1_134' title='bbox 1180 1945 1271 2000; x_wconf 86' lang='lat' dir='ltr'><strong>Ille</strong></span> <span class='ocrx_word' id='word_1_135' title='bbox 1317 1944 1458 2000; x_wconf 88' lang='lat' dir='ltr'><strong>enim</strong></span> <span class='ocrx_word' id='word_1_136' title='bbox 1507 1944 1769 2014; x_wconf 90' lang='lat' dir='ltr'><strong>principio</strong></span> <span class='ocrx_word' id='word_1_137' title='bbox 1809 1943 1906 2012; x_wconf 85' lang='lat' dir='ltr'><strong>ipsi</strong></span> 
     </span>
    </p>
   </div>
   <div class='ocr_carea' id='block_1_19' title="bbox 319 2036 1905 2108">
    <p class='ocr_par' dir='ltr' id='par_1_19' title="bbox 319 2036 1905 2108">
     <span class='ocr_line' id='line_1_19' title="bbox 319 2036 1905 2108; baseline -0.003 -15"><span class='ocrx_word' id='word_1_138' title='bbox 319 2038 444 2093; x_wconf 88' lang='lat' dir='ltr'><strong>dato</strong></span> <span class='ocrx_word' id='word_1_139' title='bbox 471 2040 724 2102; x_wconf 83' lang='lat' dir='ltr'><strong>recessit;</strong></span> <span class='ocrx_word' id='word_1_140' title='bbox 762 2050 814 2092; x_wconf 91' lang='lat' dir='ltr'><strong>tu</strong></span> <span class='ocrx_word' id='word_1_141' title='bbox 846 2054 972 2093; x_wconf 90' lang='lat' dir='ltr'><strong>vero</strong></span> <span class='ocrx_word' id='word_1_142' title='bbox 999 2048 1208 2108; x_wconf 83' lang='lat' dir='ltr'><strong>auctam</strong></span> <span class='ocrx_word' id='word_1_143' title='bbox 1250 2046 1305 2092; x_wconf 87' lang='lat' dir='ltr'><strong>et</strong></span> <span class='ocrx_word' id='word_1_144' title='bbox 1344 2053 1588 2108; x_wconf 88' lang='lat' dir='ltr'><strong>magnam</strong></span> <span class='ocrx_word' id='word_1_145' title='bbox 1634 2036 1905 2102; x_wconf 79' lang='lat' dir='ltr'><strong>effectam,</strong></span> 
     </span>
    </p>
   </div>
   <div class='ocr_carea' id='block_1_20' title="bbox 318 2129 1909 2199">
    <p class='ocr_par' dir='ltr' id='par_1_20' title="bbox 318 2129 1909 2199">
     <span class='ocr_line' id='line_1_20' title="bbox 318 2129 1909 2199; baseline -0.004 -13"><span class='ocrx_word' id='word_1_146' title='bbox 318 2142 372 2186; x_wconf 86' lang='lat' dir='ltr'><strong>et</strong></span> <span class='ocrx_word' id='word_1_147' title='bbox 405 2140 523 2199; x_wconf 90' lang='lat' dir='ltr'><strong>post</strong></span> <span class='ocrx_word' id='word_1_148' title='bbox 562 2130 778 2184; x_wconf 81' lang='lat' dir='ltr'><strong>multum</strong></span> <span class='ocrx_word' id='word_1_149' title='bbox 813 2130 952 2184; x_wconf 90' lang='lat' dir='ltr'><strong>hanc</strong></span> <span class='ocrx_word' id='word_1_150' title='bbox 988 2130 1418 2199; x_wconf 88' lang='lat' dir='ltr'><strong>tranquillitatem</strong></span> <span class='ocrx_word' id='word_1_151' title='bbox 1464 2129 1786 2183; x_wconf 80' lang='lat' dir='ltr'><strong>destructum</strong></span> <span class='ocrx_word' id='word_1_152' title='bbox 1819 2144 1909 2181; x_wconf 84' lang='lat' dir='ltr'><strong>rc—</strong></span> 
     </span>
    </p>
   </div>
   <div class='ocr_carea' id='block_1_21' title="bbox 319 2217 1911 2277">
    <p class='ocr_par' dir='ltr' id='par_1_21' title="bbox 319 2217 1911 2277">
     <span class='ocr_line' id='line_1_21' title="bbox 319 2217 1911 2277; baseline -0.001 -2"><span class='ocrx_word' id='word_1_153' title='bbox 319 2222 620 2277; x_wconf 87' lang='lat' dir='ltr'><strong>suscitabis.</strong></span> <span class='ocrx_word' id='word_1_154' title='bbox 670 2222 782 2276; x_wconf 86' lang='lat' dir='ltr'><strong>Non</strong></span> <span class='ocrx_word' id='word_1_155' title='bbox 831 2220 1029 2275; x_wconf 79' lang='lat' dir='ltr'><strong>fuisset</strong></span> <span class='ocrx_word' id='word_1_156' title='bbox 1060 2220 1196 2274; x_wconf 89' lang='lat' dir='ltr'><strong>adeo</strong></span> <span class='ocrx_word' id='word_1_157' title='bbox 1238 2219 1535 2275; x_wconf 86' lang='lat' dir='ltr'><strong>mirandum</strong></span> <span class='ocrx_word' id='word_1_158' title='bbox 1582 2219 1626 2273; x_wconf 90' lang='lat' dir='ltr'><strong>si</strong></span> <span class='ocrx_word' id='word_1_159' title='bbox 1670 2217 1911 2273; x_wconf 75' lang='lat' dir='ltr'><strong>hostibus</strong></span> 
     </span>
    </p>
   </div>
   <div class='ocr_carea' id='block_1_22' title="bbox 320 2310 1912 2386">
    <p class='ocr_par' dir='ltr' id='par_1_22' title="bbox 320 2310 1912 2386">
     <span class='ocr_line' id='line_1_22' title="bbox 320 2310 1912 2386; baseline -0.003 -17"><span class='ocrx_word' id='word_1_160' title='bbox 320 2315 490 2386; x_wconf 82' lang='lat' dir='ltr'><strong>ipsam</strong></span> <span class='ocrx_word' id='word_1_161' title='bbox 506 2315 860 2385; x_wconf 84' lang='lat' dir='ltr'><strong>capientibus,</strong></span> <span class='ocrx_word' id='word_1_162' title='bbox 880 2322 936 2368; x_wconf 90' lang='lat' dir='ltr'><strong>et</strong></span> <span class='ocrx_word' id='word_1_163' title='bbox 951 2313 1189 2369; x_wconf 88' lang='lat' dir='ltr'><strong>barbaris</strong></span> <span class='ocrx_word' id='word_1_164' title='bbox 1210 2312 1603 2382; x_wconf 83' lang='lat' dir='ltr'><strong>populantibus,</strong></span> <span class='ocrx_word' id='word_1_165' title='bbox 1625 2327 1652 2364; x_wconf 92' lang='lat' dir='ltr'><strong>a</strong></span> <span class='ocrx_word' id='word_1_166' title='bbox 1674 2310 1912 2381; x_wconf 73' lang='lat' dir='ltr'><strong>periculo</strong></span> 
     </span>
    </p>
   </div>
   <div class='ocr_carea' id='block_1_23' title="bbox 325 2403 1908 2475">
    <p class='ocr_par' dir='ltr' id='par_1_23' title="bbox 325 2403 1908 2475">
     <span class='ocr_line' id='line_1_23' title="bbox 325 2403 1908 2475; baseline -0.003 -16"><span class='ocrx_word' id='word_1_167' title='bbox 325 2408 640 2469; x_wconf 87' lang='lat' dir='ltr'><strong>liberasscs,</strong></span> <span class='ocrx_word' id='word_1_168' title='bbox 694 2421 849 2475; x_wconf 90' lang='lat' dir='ltr'><strong>quam</strong></span> <span class='ocrx_word' id='word_1_169' title='bbox 894 2415 977 2460; x_wconf 61' lang='lat' dir='ltr'><strong>Gel</strong></span> <span class='ocrx_word' id='word_1_170' title='bbox 1025 2403 1338 2459; x_wconf 82' lang='lat' dir='ltr'><strong>admirabile</strong></span> <span class='ocrx_word' id='word_1_171' title='bbox 1384 2418 1525 2458; x_wconf 90' lang='lat' dir='ltr'><strong>nunc</strong></span> <span class='ocrx_word' id='word_1_172' title='bbox 1573 2403 1908 2472; x_wconf 45' lang='lat' dir='ltr'><strong>peperi-ise;</strong></span> 
     </span>
    </p>
   </div>
   <div class='ocr_carea' id='block_1_24' title="bbox 323 2495 1912 2569">
    <p class='ocr_par' dir='ltr' id='par_1_24' title="bbox 323 2495 1912 2569">
     <span class='ocr_line' id='line_1_24' title="bbox 323 2495 1912 2569; baseline -0.004 -17"><span class='ocrx_word' id='word_1_173' title='bbox 323 2498 449 2553; x_wconf 90' lang='lat' dir='ltr'><strong>illud</strong></span> <span class='ocrx_word' id='word_1_174' title='bbox 490 2498 629 2553; x_wconf 91' lang='lat' dir='ltr'><strong>cnim</strong></span> <span class='ocrx_word' id='word_1_175' title='bbox 675 2514 818 2569; x_wconf 67' lang='lat' dir='ltr'><strong>sarpc</strong></span> <span class='ocrx_word' id='word_1_176' title='bbox 866 2496 1017 2551; x_wconf 89' lang='lat' dir='ltr'><strong>multi</strong></span> <span class='ocrx_word' id='word_1_177' title='bbox 1060 2496 1231 2551; x_wconf 86' lang='lat' dir='ltr'><strong>fecere</strong></span> <span class='ocrx_word' id='word_1_178' title='bbox 1280 2510 1466 2566; x_wconf 82' lang='lat' dir='ltr'><strong>reges,</strong></span> <span class='ocrx_word' id='word_1_179' title='bbox 1506 2495 1608 2549; x_wconf 88' lang='lat' dir='ltr'><strong>hoc</strong></span> <span class='ocrx_word' id='word_1_180' title='bbox 1648 2503 1823 2547; x_wconf 89' lang='lat' dir='ltr'><strong>autem</strong></span> <span class='ocrx_word' id='word_1_181' title='bbox 1857 2501 1912 2546; x_wconf 92' lang='lat' dir='ltr'><strong>tu</strong></span> 
     </span>
    </p>
   </div>
   <div class='ocr_carea' id='block_1_25' title="bbox 324 2591 1911 2663">
    <p class='ocr_par' dir='ltr' id='par_1_25' title="bbox 324 2591 1911 2663">
     <span class='ocr_line' id='line_1_25' title="bbox 324 2591 1911 2663; baseline -0.004 -17"><span class='ocrx_word' id='word_1_182' title='bbox 324 2592 470 2647; x_wconf 88' lang='lat' dir='ltr'><strong>solus</strong></span> <span class='ocrx_word' id='word_1_183' title='bbox 495 2591 804 2663; x_wconf 85' lang='lat' dir='ltr'><strong>operaberis</strong></span> <span class='ocrx_word' id='word_1_184' title='bbox 839 2600 894 2646; x_wconf 92' lang='lat' dir='ltr'><strong>et</strong></span> <span class='ocrx_word' id='word_1_185' title='bbox 924 2591 1128 2661; x_wconf 87' lang='lat' dir='ltr'><strong>primus</strong></span> <span class='ocrx_word' id='word_1_186' title='bbox 1158 2600 1353 2659; x_wconf 75' lang='lat' dir='ltr'><strong>pnetcr</strong></span> <span class='ocrx_word' id='word_1_187' title='bbox 1378 2603 1593 2643; x_wconf 90' lang='lat' dir='ltr'><strong>omnem</strong></span> <span class='ocrx_word' id='word_1_188' title='bbox 1631 2594 1911 2659; x_wconf 67' lang='lat' dir='ltr'><strong>exspecta-</strong></span> 
     </span>
    </p>
   </div>
   <div class='ocr_carea' id='block_1_26' title="bbox 326 2680 1917 2752">
    <p class='ocr_par' dir='ltr' id='par_1_26' title="bbox 326 2680 1917 2752">
     <span class='ocr_line' id='line_1_26' title="bbox 326 2680 1917 2752; baseline -0.003 -16"><span class='ocrx_word' id='word_1_189' title='bbox 326 2683 544 2739; x_wconf 87' lang='lat' dir='ltr'><strong>tionem.</strong></span> <span class='ocrx_word' id='word_1_190' title='bbox 570 2682 635 2737; x_wconf 88' lang='lat' dir='ltr'><strong>Et</strong></span> <span class='ocrx_word' id='word_1_191' title='bbox 660 2681 789 2737; x_wconf 87' lang='lat' dir='ltr'><strong>illud</strong></span> <span class='ocrx_word' id='word_1_192' title='bbox 814 2682 1029 2752; x_wconf 84' lang='lat' dir='ltr'><strong>quidem</strong></span> <span class='ocrx_word' id='word_1_193' title='bbox 1053 2681 1271 2736; x_wconf 90' lang='lat' dir='ltr'><strong>minimc</strong></span> <span class='ocrx_word' id='word_1_194' title='bbox 1293 2680 1618 2747; x_wconf 88' lang='lat' dir='ltr'><strong>mirandum,</strong></span> <span class='ocrx_word' id='word_1_195' title='bbox 1652 2694 1749 2733; x_wconf 87' lang='lat' dir='ltr'><strong>nec</strong></span> <span class='ocrx_word' id='word_1_196' title='bbox 1780 2694 1917 2749; x_wconf 72' lang='lat' dir='ltr'><strong>pra:-</strong></span> 
     </span>
    </p>
   </div>
   <div class='ocr_carea' id='block_1_27' title="bbox 330 2771 1915 2845">
    <p class='ocr_par' dir='ltr' id='par_1_27' title="bbox 330 2771 1915 2845">
     <span class='ocr_line' id='line_1_27' title="bbox 330 2771 1915 2845; baseline -0.002 -17"><span class='ocrx_word' id='word_1_197' title='bbox 330 2787 410 2830; x_wconf 86' lang='lat' dir='ltr'><strong>ter</strong></span> <span class='ocrx_word' id='word_1_198' title='bbox 438 2775 745 2845; x_wconf 90' lang='lat' dir='ltr'><strong>opinionem</strong></span> <span class='ocrx_word' id='word_1_199' title='bbox 771 2814 786 2837; x_wconf 90' lang='lat'><strong>,</strong></span> <span class='ocrx_word' id='word_1_200' title='bbox 826 2773 925 2828; x_wconf 86' lang='lat' dir='ltr'><strong>sed</strong></span> <span class='ocrx_word' id='word_1_201' title='bbox 966 2781 1050 2843; x_wconf 88' lang='lat' dir='ltr'><strong>est</strong></span> <span class='ocrx_word' id='word_1_202' title='bbox 1079 2773 1443 2844; x_wconf 89' lang='lat' dir='ltr'><strong>quotidianum</strong></span> <span class='ocrx_word' id='word_1_203' title='bbox 1476 2787 1613 2842; x_wconf 89' lang='lat' dir='ltr'><strong>opus</strong></span> <span class='ocrx_word' id='word_1_204' title='bbox 1633 2813 1650 2839; x_wconf 88' lang='lat'><strong>,</strong></span> <span class='ocrx_word' id='word_1_205' title='bbox 1690 2771 1915 2826; x_wconf 85' lang='lat' dir='ltr'><strong>subditis</strong></span> 
     </span>
    </p>
   </div>
   <div class='ocr_carea' id='block_1_28' title="bbox 328 2862 1911 2935">
    <p class='ocr_par' dir='ltr' id='par_1_28' title="bbox 328 2862 1911 2935">
     <span class='ocr_line' id='line_1_28' title="bbox 328 2862 1911 2935; baseline -0.003 -14"><span class='ocrx_word' id='word_1_206' title='bbox 328 2880 586 2935; x_wconf 72' lang='lat' dir='ltr'><strong>prmessc;</strong></span> <span class='ocrx_word' id='word_1_207' title='bbox 617 2864 757 2935; x_wconf 92' lang='lat' dir='ltr'><strong>quod</strong></span> <span class='ocrx_word' id='word_1_208' title='bbox 784 2874 960 2919; x_wconf 87' lang='lat' dir='ltr'><strong>autem</strong></span> <span class='ocrx_word' id='word_1_209' title='bbox 992 2873 1068 2919; x_wconf 91' lang='lat' dir='ltr'><strong>tot</strong></span> <span class='ocrx_word' id='word_1_210' title='bbox 1084 2874 1139 2919; x_wconf 88' lang='lat' dir='ltr'><strong>et</strong></span> <span class='ocrx_word' id='word_1_211' title='bbox 1159 2864 1277 2918; x_wconf 86' lang='lat' dir='ltr'><strong>talia</strong></span> <span class='ocrx_word' id='word_1_212' title='bbox 1302 2878 1490 2935; x_wconf 89' lang='lat' dir='ltr'><strong>passus</strong></span> <span class='ocrx_word' id='word_1_213' title='bbox 1508 2864 1637 2917; x_wconf 87' lang='lat' dir='ltr'><strong>iram</strong></span> <span class='ocrx_word' id='word_1_214' title='bbox 1655 2862 1911 2933; x_wconf 89' lang='lat' dir='ltr'><strong>deponas,</strong></span> 
     </span>
    </p>
   </div>
   <div class='ocr_carea' id='block_1_29' title="bbox 326 2954 1915 3031">
    <p class='ocr_par' dir='ltr' id='par_1_29' title="bbox 326 2954 1915 3031">
     <span class='ocr_line' id='line_1_29' title="bbox 326 2954 1915 3031; baseline -0.003 -18"><span class='ocrx_word' id='word_1_215' title='bbox 326 2958 429 3013; x_wconf 84' lang='lat' dir='ltr'><strong>hoc</strong></span> <span class='ocrx_word' id='word_1_216' title='bbox 452 2973 664 3031; x_wconf 84' lang='lat' dir='ltr'><strong>omnem</strong></span> <span class='ocrx_word' id='word_1_217' title='bbox 695 2966 938 3011; x_wconf 88' lang='lat' dir='ltr'><strong>naturam</strong></span> <span class='ocrx_word' id='word_1_218' title='bbox 968 2956 1183 3010; x_wconf 82' lang='lat' dir='ltr'><strong>excedit</strong></span> <span class='ocrx_word' id='word_1_219' title='bbox 1225 2956 1533 3009; x_wconf 82' lang='lat' dir='ltr'><strong>humanam.</strong></span> <span class='ocrx_word' id='word_1_220' title='bbox 1558 2954 1742 3023; x_wconf 85' lang='lat' dir='ltr'><strong>Cogita</strong></span> <span class='ocrx_word' id='word_1_221' title='bbox 1773 2969 1915 3009; x_wconf 90' lang='lat' dir='ltr'><strong>nunc</strong></span> 
     </span>
    </p>
   </div>
   <div class='ocr_carea' id='block_1_30' title="bbox 329 3044 1910 3109">
    <p class='ocr_par' dir='ltr' id='par_1_30' title="bbox 329 3044 1910 3109">
     <span class='ocr_line' id='line_1_30' title="bbox 329 3044 1910 3109; baseline -0.005 -6"><span class='ocrx_word' id='word_1_222' title='bbox 329 3066 432 3103; x_wconf 90' lang='lat' dir='ltr'><strong>non</strong></span> <span class='ocrx_word' id='word_1_223' title='bbox 463 3047 529 3103; x_wconf 90' lang='lat' dir='ltr'><strong>de</strong></span> <span class='ocrx_word' id='word_1_224' title='bbox 559 3048 773 3103; x_wconf 87' lang='lat' dir='ltr'><strong>civitate</strong></span> <span class='ocrx_word' id='word_1_225' title='bbox 816 3057 1016 3102; x_wconf 88' lang='lat' dir='ltr'><strong>tantum</strong></span> <span class='ocrx_word' id='word_1_226' title='bbox 1060 3047 1146 3101; x_wconf 90' lang='lat' dir='ltr'><strong>illa</strong></span> <span class='ocrx_word' id='word_1_227' title='bbox 1198 3046 1290 3100; x_wconf 88' lang='lat' dir='ltr'><strong>tibi</strong></span> <span class='ocrx_word' id='word_1_228' title='bbox 1333 3044 1736 3100; x_wconf 79' lang='lat' dir='ltr'><strong>consultandum</strong></span> <span class='ocrx_word' id='word_1_229' title='bbox 1764 3058 1910 3109; x_wconf 89' lang='lat' dir='ltr'><strong>esse,</strong></span> 
     </span>
    </p>
   </div>
   <div class='ocr_carea' id='block_1_31' title="bbox 329 3135 1916 3208">
    <p class='ocr_par' dir='ltr' id='par_1_31' title="bbox 329 3135 1916 3208">
     <span class='ocr_line' id='line_1_31' title="bbox 329 3135 1916 3208; baseline -0.001 -17"><span class='ocrx_word' id='word_1_230' title='bbox 329 3154 510 3192; x_wconf 83' lang='lat' dir='ltr'><strong>verum</strong></span> <span class='ocrx_word' id='word_1_231' title='bbox 555 3148 610 3194; x_wconf 89' lang='lat' dir='ltr'><strong>et</strong></span> <span class='ocrx_word' id='word_1_232' title='bbox 646 3138 711 3194; x_wconf 90' lang='lat' dir='ltr'><strong>de</strong></span> <span class='ocrx_word' id='word_1_233' title='bbox 746 3138 916 3208; x_wconf 82' lang='lat' dir='ltr'><strong>gloria</strong></span> <span class='ocrx_word' id='word_1_234' title='bbox 944 3146 1028 3192; x_wconf 89' lang='lat' dir='ltr'><strong>tua</strong></span> <span class='ocrx_word' id='word_1_235' title='bbox 1052 3179 1068 3203; x_wconf 90' lang='lat'><strong>,</strong></span> <span class='ocrx_word' id='word_1_236' title='bbox 1116 3137 1223 3190; x_wconf 90' lang='lat' dir='ltr'><strong>imo</strong></span> <span class='ocrx_word' id='word_1_237' title='bbox 1261 3153 1387 3191; x_wconf 82' lang='lat' dir='ltr'><strong>vero</strong></span> <span class='ocrx_word' id='word_1_238' title='bbox 1415 3135 1483 3190; x_wconf 91' lang='lat' dir='ltr'><strong>dc</strong></span> <span class='ocrx_word' id='word_1_239' title='bbox 1513 3135 1916 3191; x_wconf 77' lang='lat' dir='ltr'><strong>Christianismo</strong></span> 
     </span>
    </p>
   </div>
   <div class='ocr_carea' id='block_1_32' title="bbox 330 3226 1915 3292">
    <p class='ocr_par' dir='ltr' id='par_1_32' title="bbox 330 3226 1915 3292">
     <span class='ocr_line' id='line_1_32' title="bbox 330 3226 1915 3292; baseline -0.002 -9"><span class='ocrx_word' id='word_1_240' title='bbox 330 3234 460 3285; x_wconf 85' lang='lat' dir='ltr'><strong>toto.</strong></span> <span class='ocrx_word' id='word_1_241' title='bbox 488 3229 639 3285; x_wconf 80' lang='lat' dir='ltr'><strong>Nunc</strong></span> <span class='ocrx_word' id='word_1_242' title='bbox 666 3239 718 3284; x_wconf 90' lang='lat' dir='ltr'><strong>et</strong></span> <span class='ocrx_word' id='word_1_243' title='bbox 745 3229 914 3285; x_wconf 71' lang='lat' dir='ltr'><strong>Jlldtl‘i</strong></span> <span class='ocrx_word' id='word_1_244' title='bbox 943 3239 994 3284; x_wconf 88' lang='lat' dir='ltr'><strong>et</strong></span> <span class='ocrx_word' id='word_1_245' title='bbox 1023 3228 1212 3292; x_wconf 79' lang='lat' dir='ltr'><strong>Graeci,</strong></span> <span class='ocrx_word' id='word_1_246' title='bbox 1243 3237 1298 3281; x_wconf 88' lang='lat' dir='ltr'><strong>et</strong></span> <span class='ocrx_word' id='word_1_247' title='bbox 1319 3237 1458 3282; x_wconf 90' lang='lat' dir='ltr'><strong>totus</strong></span> <span class='ocrx_word' id='word_1_248' title='bbox 1486 3236 1746 3281; x_wconf 90' lang='lat' dir='ltr'><strong>terrarum</strong></span> <span class='ocrx_word' id='word_1_249' title='bbox 1771 3226 1915 3281; x_wconf 85' lang='lat' dir='ltr'><strong>orbis</strong></span> 
     </span>
    </p>
   </div>
   <div class='ocr_carea' id='block_1_33' title="bbox 328 3317 1916 3391">
    <p class='ocr_par' dir='ltr' id='par_1_33' title="bbox 328 3317 1916 3391">
     <span class='ocr_line' id='line_1_33' title="bbox 328 3317 1916 3391; baseline 0 -19"><span class='ocrx_word' id='word_1_250' title='bbox 328 3331 380 3374; x_wconf 74' lang='lat' dir='ltr'><strong>ct</strong></span> <span class='ocrx_word' id='word_1_251' title='bbox 411 3321 617 3375; x_wconf 82' lang='lat' dir='ltr'><strong>barbari</strong></span> <span class='ocrx_word' id='word_1_252' title='bbox 649 3322 865 3391; x_wconf 84' lang='lat' dir='ltr'><strong>(ctenim</strong></span> <span class='ocrx_word' id='word_1_253' title='bbox 888 3331 943 3377; x_wconf 88' lang='lat' dir='ltr'><strong>et</strong></span> <span class='ocrx_word' id='word_1_254' title='bbox 984 3321 1056 3374; x_wconf 89' lang='lat' dir='ltr'><strong>illi</strong></span> <span class='ocrx_word' id='word_1_255' title='bbox 1087 3321 1199 3374; x_wconf 76' lang='lat' dir='ltr'><strong>lucc</strong></span> <span class='ocrx_word' id='word_1_256' title='bbox 1229 3319 1529 3390; x_wconf 89' lang='lat' dir='ltr'><strong>audierunt)</strong></span> <span class='ocrx_word' id='word_1_257' title='bbox 1561 3318 1627 3373; x_wconf 93' lang='lat' dir='ltr'><strong>ad</strong></span> <span class='ocrx_word' id='word_1_258' title='bbox 1670 3328 1719 3373; x_wconf 88' lang='lat' dir='ltr'><strong>te</strong></span> <span class='ocrx_word' id='word_1_259' title='bbox 1751 3317 1916 3387; x_wconf 81' lang='lat' dir='ltr'><strong>respi-</strong></span> 
     </span>
    </p>
   </div>
   <div class='ocr_carea' id='block_1_34' title="bbox 329 3410 1916 3481">
    <p class='ocr_par' dir='ltr' id='par_1_34' title="bbox 329 3410 1916 3481">
     <span class='ocr_line' id='line_1_34' title="bbox 329 3410 1916 3481; baseline 0 -16"><span class='ocrx_word' id='word_1_260' title='bbox 329 3412 494 3474; x_wconf 87' lang='lat' dir='ltr'><strong>ciunt,</strong></span> <span class='ocrx_word' id='word_1_261' title='bbox 528 3424 901 3481; x_wconf 80' lang='lat' dir='ltr'><strong>exspectantes</strong></span> <span class='ocrx_word' id='word_1_262' title='bbox 928 3421 984 3466; x_wconf 91' lang='lat' dir='ltr'><strong>ut</strong></span> <span class='ocrx_word' id='word_1_263' title='bbox 1011 3412 1243 3477; x_wconf 86' lang='lat' dir='ltr'><strong>videant,</strong></span> <span class='ocrx_word' id='word_1_264' title='bbox 1270 3412 1476 3480; x_wconf 83' lang='lat' dir='ltr'><strong>qualem</strong></span> <span class='ocrx_word' id='word_1_265' title='bbox 1507 3412 1573 3466; x_wconf 90' lang='lat' dir='ltr'><strong>de</strong></span> <span class='ocrx_word' id='word_1_266' title='bbox 1599 3410 1763 3481; x_wconf 86' lang='lat' dir='ltr'><strong>gestis</strong></span> <span class='ocrx_word' id='word_1_267' title='bbox 1790 3427 1916 3466; x_wconf 80' lang='lat' dir='ltr'><strong>sen-</strong></span> 
     </span>
    </p>
   </div>
   <div class='ocr_carea' id='block_1_35' title="bbox 330 3502 1914 3573">
    <p class='ocr_par' dir='ltr' id='par_1_35' title="bbox 330 3502 1914 3573">
     <span class='ocr_line' id='line_1_35' title="bbox 330 3502 1914 3573; baseline -0.001 -18"><span class='ocrx_word' id='word_1_268' title='bbox 330 3504 547 3557; x_wconf 79' lang='lat' dir='ltr'><strong>tentiam</strong></span> <span class='ocrx_word' id='word_1_269' title='bbox 573 3503 711 3557; x_wconf 80' lang='lat' dir='ltr'><strong>feras</strong></span> <span class='ocrx_word' id='word_1_270' title='bbox 727 3521 740 3555; x_wconf 73' lang='grc' dir='ltr'>ε</span> <span class='ocrx_word' id='word_1_271' title='bbox 759 3518 949 3573; x_wconf 85' lang='lat' dir='ltr'><strong>nempe</strong></span> <span class='ocrx_word' id='word_1_272' title='bbox 964 3503 1010 3557; x_wconf 89' lang='lat' dir='ltr'><strong>si</strong></span> <span class='ocrx_word' id='word_1_273' title='bbox 1029 3503 1309 3557; x_wconf 83' lang='lat' dir='ltr'><strong>humanam</strong></span> <span class='ocrx_word' id='word_1_274' title='bbox 1331 3502 1615 3573; x_wconf 83' lang='lat' dir='ltr'><strong>protuleris</strong></span> <span class='ocrx_word' id='word_1_275' title='bbox 1637 3510 1692 3555; x_wconf 92' lang='lat' dir='ltr'><strong>ct</strong></span> <span class='ocrx_word' id='word_1_276' title='bbox 1712 3502 1914 3569; x_wconf 89' lang='lat' dir='ltr'><strong>mitem,</strong></span> 
     </span>
    </p>
   </div>
   <div class='ocr_carea' id='block_1_36' title="bbox 329 3594 1914 3665">
    <p class='ocr_par' dir='ltr' id='par_1_36' title="bbox 329 3594 1914 3665">
     <span class='ocr_line' id='line_1_36' title="bbox 329 3594 1914 3665; baseline 0.002 -19"><span class='ocrx_word' id='word_1_277' title='bbox 329 3610 519 3648; x_wconf 70' lang='lat' dir='ltr'><strong>llllllles</strong></span> <span class='ocrx_word' id='word_1_278' title='bbox 547 3594 816 3648; x_wconf 85' lang='lat' dir='ltr'><strong>decretqu</strong></span> <span class='ocrx_word' id='word_1_279' title='bbox 859 3594 1178 3659; x_wconf 86' lang='lat' dir='ltr'><strong>laudabunt,</strong></span> <span class='ocrx_word' id='word_1_280' title='bbox 1226 3604 1279 3648; x_wconf 85' lang='lat' dir='ltr'><strong>et</strong></span> <span class='ocrx_word' id='word_1_281' title='bbox 1319 3595 1482 3649; x_wconf 84' lang='lat' dir='ltr'><strong>Deum</strong></span> <span class='ocrx_word' id='word_1_282' title='bbox 1515 3594 1914 3665; x_wconf 80' lang='lat' dir='ltr'><strong>gloriﬁcahuut,</strong></span> 
     </span>
    </p>
   </div>
   <div class='ocr_carea' id='block_1_37' title="bbox 326 3686 1917 3756">
    <p class='ocr_par' dir='ltr' id='par_1_37' title="bbox 326 3686 1917 3756">
     <span class='ocr_line' id='line_1_37' title="bbox 326 3686 1917 3756; baseline -0.001 -15"><span class='ocrx_word' id='word_1_283' title='bbox 326 3698 383 3741; x_wconf 87' lang='lat' dir='ltr'><strong>et</strong></span> <span class='ocrx_word' id='word_1_284' title='bbox 413 3686 550 3741; x_wconf 90' lang='lat' dir='ltr'><strong>inter</strong></span> <span class='ocrx_word' id='word_1_285' title='bbox 577 3701 636 3741; x_wconf 89' lang='lat' dir='ltr'><strong>se</strong></span> <span class='ocrx_word' id='word_1_286' title='bbox 674 3687 853 3741; x_wconf 90' lang='lat' dir='ltr'><strong>dicent</strong></span> <span class='ocrx_word' id='word_1_287' title='bbox 878 3705 890 3739; x_wconf 92' lang='lat'>:</span> <span class='ocrx_word' id='word_1_288' title='bbox 917 3688 1073 3756; x_wconf 64' lang='lat' dir='ltr'><strong>Papa;</strong></span> <span class='ocrx_word' id='word_1_289' title='bbox 1097 3729 1109 3750; x_wconf 88' lang='lat'><strong>,</strong></span> <span class='ocrx_word' id='word_1_290' title='bbox 1160 3697 1355 3755; x_wconf 89' lang='lat' dir='ltr'><strong>quanta</strong></span> <span class='ocrx_word' id='word_1_291' title='bbox 1395 3686 1783 3742; x_wconf 86' lang='lat' dir='ltr'><strong>Christianismi</strong></span> <span class='ocrx_word' id='word_1_292' title='bbox 1822 3703 1917 3754; x_wconf 68' lang='grc' dir='ltr'><strong>στο-</strong></span> 
     </span>
    </p>
   </div>
   <div class='ocr_carea' id='block_1_38' title="bbox 330 3779 1918 3849">
    <p class='ocr_par' dir='ltr' id='par_1_38' title="bbox 330 3779 1918 3849">
     <span class='ocr_line' id='line_1_38' title="bbox 330 3779 1918 3849; baseline -0.001 -17"><span class='ocrx_word' id='word_1_293' title='bbox 330 3779 530 3833; x_wconf 77' lang='lat' dir='ltr'><strong>tentia?</strong></span> <span class='ocrx_word' id='word_1_294' title='bbox 578 3779 845 3833; x_wconf 86' lang='lat' dir='ltr'><strong>hominem</strong></span> <span class='ocrx_word' id='word_1_295' title='bbox 891 3794 1051 3848; x_wconf 89' lang='lat' dir='ltr'><strong>super</strong></span> <span class='ocrx_word' id='word_1_296' title='bbox 1097 3788 1290 3833; x_wconf 88' lang='lat' dir='ltr'><strong>terram</strong></span> <span class='ocrx_word' id='word_1_297' title='bbox 1339 3780 1618 3834; x_wconf 80' lang='lat' dir='ltr'><strong>habentem</strong></span> <span class='ocrx_word' id='word_1_298' title='bbox 1659 3780 1918 3849; x_wconf 62' lang='lat' dir='ltr'><strong>aequalem</strong></span> 
     </span>
    </p>
   </div>
   <div class='ocr_carea' id='block_1_39' title="bbox 330 3870 1916 3939">
    <p class='ocr_par' dir='ltr' id='par_1_39' title="bbox 330 3870 1916 3939">
     <span class='ocr_line' id='line_1_39' title="bbox 330 3870 1916 3939; baseline -0.001 -14"><span class='ocrx_word' id='word_1_299' title='bbox 330 3871 619 3936; x_wconf 88' lang='lat' dir='ltr'><strong>neminem,</strong></span> <span class='ocrx_word' id='word_1_300' title='bbox 649 3870 827 3925; x_wconf 88' lang='lat' dir='ltr'><strong>omnia</strong></span> <span class='ocrx_word' id='word_1_301' title='bbox 854 3870 1063 3927; x_wconf 88' lang='lat' dir='ltr'><strong>delendi</strong></span> <span class='ocrx_word' id='word_1_302' title='bbox 1091 3880 1145 3926; x_wconf 90' lang='lat' dir='ltr'><strong>et</strong></span> <span class='ocrx_word' id='word_1_303' title='bbox 1170 3870 1422 3939; x_wconf 86' lang='lat' dir='ltr'><strong>perdendi</strong></span> <span class='ocrx_word' id='word_1_304' title='bbox 1445 3870 1739 3934; x_wconf 89' lang='lat' dir='ltr'><strong>dominum,</strong></span> <span class='ocrx_word' id='word_1_305' title='bbox 1765 3872 1916 3926; x_wconf 86' lang='lat' dir='ltr'><strong>euhi-</strong></span> 
     </span>
    </p>
   </div>
   <div class='ocr_carea' id='block_1_40' title="bbox 333 3960 1920 4031">
    <p class='ocr_par' dir='ltr' id='par_1_40' title="bbox 333 3960 1920 4031">
     <span class='ocr_line' id='line_1_40' title="bbox 333 3960 1920 4031; baseline 0.001 -16"><span class='ocrx_word' id='word_1_306' title='bbox 333 3962 445 4015; x_wconf 92' lang='lat' dir='ltr'><strong>buit</strong></span> <span class='ocrx_word' id='word_1_307' title='bbox 474 3974 528 4017; x_wconf 89' lang='lat' dir='ltr'><strong>et</strong></span> <span class='ocrx_word' id='word_1_308' title='bbox 554 3960 858 4025; x_wconf 80' lang='lat' dir='ltr'><strong>refrenavit,</strong></span> <span class='ocrx_word' id='word_1_309' title='bbox 888 3971 940 4016; x_wconf 87' lang='lat' dir='ltr'><strong>et</strong></span> <span class='ocrx_word' id='word_1_310' title='bbox 970 3962 1147 4016; x_wconf 86' lang='lat' dir='ltr'><strong>docuit</strong></span> <span class='ocrx_word' id='word_1_311' title='bbox 1177 3961 1597 4031; x_wconf 87' lang='lat' dir='ltr'><strong>philosophiam,</strong></span> <span class='ocrx_word' id='word_1_312' title='bbox 1630 3978 1787 4030; x_wconf 90' lang='lat' dir='ltr'><strong>quam</strong></span> <span class='ocrx_word' id='word_1_313' title='bbox 1821 3976 1920 4017; x_wconf 89' lang='lat' dir='ltr'><strong>nec</strong></span> 
     </span>
    </p>
   </div>
   <div class='ocr_carea' id='block_1_41' title="bbox 333 4051 1918 4123">
    <p class='ocr_par' dir='ltr' id='par_1_41' title="bbox 333 4051 1918 4123">
     <span class='ocr_line' id='line_1_41' title="bbox 333 4051 1918 4123; baseline 0 -17"><span class='ocrx_word' id='word_1_314' title='bbox 333 4053 492 4107; x_wconf 92' lang='lat' dir='ltr'><strong>homo</strong></span> <span class='ocrx_word' id='word_1_315' title='bbox 515 4054 749 4123; x_wconf 88' lang='lat' dir='ltr'><strong>privatus</strong></span> <span class='ocrx_word' id='word_1_316' title='bbox 768 4052 1064 4107; x_wconf 81' lang='lat' dir='ltr'><strong>exhiberet.</strong></span> <span class='ocrx_word' id='word_1_317' title='bbox 1090 4051 1228 4107; x_wconf 84' lang='lat' dir='ltr'><strong>Vere</strong></span> <span class='ocrx_word' id='word_1_318' title='bbox 1251 4067 1472 4122; x_wconf 85' lang='lat' dir='ltr'><strong>magnus</strong></span> <span class='ocrx_word' id='word_1_319' title='bbox 1493 4052 1918 4107; x_wconf 79' lang='lat' dir='ltr'><strong>Christianorum</strong></span> 
     </span>
    </p>
   </div>
   <div class='ocr_carea' id='block_1_42' title="bbox 334 4145 1921 4217">
    <p class='ocr_par' dir='ltr' id='par_1_42' title="bbox 334 4145 1921 4217">
     <span class='ocr_line' id='line_1_42' title="bbox 334 4145 1921 4217; baseline 0.001 -18"><span class='ocrx_word' id='word_1_320' title='bbox 334 4146 495 4213; x_wconf 90' lang='lat' dir='ltr'><strong>Deus,</strong></span> <span class='ocrx_word' id='word_1_321' title='bbox 527 4147 615 4217; x_wconf 87' lang='lat' dir='ltr'><strong>qui</strong></span> <span class='ocrx_word' id='word_1_322' title='bbox 643 4162 712 4205; x_wconf 73' lang='lat' dir='ltr'><strong>ex</strong></span> <span class='ocrx_word' id='word_1_323' title='bbox 737 4145 1041 4201; x_wconf 90' lang='lat' dir='ltr'><strong>hominibus</strong></span> <span class='ocrx_word' id='word_1_324' title='bbox 1066 4145 1283 4216; x_wconf 84' lang='lat' dir='ltr'><strong>angelos</strong></span> <span class='ocrx_word' id='word_1_325' title='bbox 1309 4145 1464 4212; x_wconf 81' lang='lat' dir='ltr'><strong>facit,</strong></span> <span class='ocrx_word' id='word_1_326' title='bbox 1494 4156 1546 4200; x_wconf 89' lang='lat' dir='ltr'><strong>et</strong></span> <span class='ocrx_word' id='word_1_327' title='bbox 1568 4146 1709 4200; x_wconf 87' lang='lat' dir='ltr'><strong>omni</strong></span> <span class='ocrx_word' id='word_1_328' title='bbox 1733 4161 1921 4201; x_wconf 84' lang='lat' dir='ltr'><strong>neces-</strong></span> 
     </span>
    </p>
   </div>
   <div class='ocr_carea' id='block_1_43' title="bbox 332 4235 1918 4308">
    <p class='ocr_par' dir='ltr' id='par_1_43' title="bbox 332 4235 1918 4308">
     <span class='ocr_line' id='line_1_43' title="bbox 332 4235 1918 4308; baseline 0 -19"><span class='ocrx_word' id='word_1_329' title='bbox 332 4236 490 4291; x_wconf 86' lang='lat' dir='ltr'><strong>sitate</strong></span> <span class='ocrx_word' id='word_1_330' title='bbox 518 4236 743 4291; x_wconf 90' lang='lat' dir='ltr'><strong>naturali</strong></span> <span class='ocrx_word' id='word_1_331' title='bbox 784 4237 1093 4308; x_wconf 88' lang='lat' dir='ltr'><strong>superiores</strong></span> <span class='ocrx_word' id='word_1_332' title='bbox 1135 4235 1429 4290; x_wconf 90' lang='lat' dir='ltr'><strong>e0nstituit.</strong></span> <span class='ocrx_word' id='word_1_333' title='bbox 1473 4237 1548 4291; x_wconf 68' lang='lat' dir='ltr'><strong>Ne</strong></span> <span class='ocrx_word' id='word_1_334' title='bbox 1574 4251 1800 4306; x_wconf 90' lang='lat' dir='ltr'><strong>namque</strong></span> <span class='ocrx_word' id='word_1_335' title='bbox 1825 4251 1918 4290; x_wconf 87' lang='lat' dir='ltr'><strong>su-</strong></span> 
     </span>
    </p>
   </div>
   <div class='ocr_carea' id='block_1_44' title="bbox 335 4318 1918 4399">
    <p class='ocr_par' dir='ltr' id='par_1_44' title="bbox 335 4318 1918 4399">
     <span class='ocr_line' id='line_1_44' title="bbox 335 4318 1918 4399; baseline -0.001 -15"><span class='ocrx_word' id='word_1_336' title='bbox 335 4329 597 4399; x_wconf 81' lang='lat' dir='ltr'><strong>perﬂuum</strong></span> <span class='ocrx_word' id='word_1_337' title='bbox 626 4318 869 4384; x_wconf 83' lang='lat' dir='ltr'><strong>timorem</strong></span> <span class='ocrx_word' id='word_1_338' title='bbox 900 4329 1047 4384; x_wconf 92' lang='lat' dir='ltr'><strong>illum</strong></span> <span class='ocrx_word' id='word_1_339' title='bbox 1076 4329 1284 4394; x_wconf 87' lang='lat' dir='ltr'><strong>timeas,</strong></span> <span class='ocrx_word' id='word_1_340' title='bbox 1314 4345 1413 4385; x_wconf 86' lang='lat' dir='ltr'><strong>nec</strong></span> <span class='ocrx_word' id='word_1_341' title='bbox 1444 4329 1639 4385; x_wconf 88' lang='lat' dir='ltr'><strong>toleres</strong></span> <span class='ocrx_word' id='word_1_342' title='bbox 1664 4330 1918 4398; x_wconf 88' lang='lat' dir='ltr'><strong>quosdam</strong></span> 
     </span>
    </p>
   </div>
   <div class='ocr_carea' id='block_1_45' title="bbox 332 4420 1921 4491">
    <p class='ocr_par' dir='ltr' id='par_1_45' title="bbox 332 4420 1921 4491">
     <span class='ocr_line' id='line_1_45' title="bbox 332 4420 1921 4491; baseline 0.001 -17"><span class='ocrx_word' id='word_1_343' title='bbox 332 4421 590 4483; x_wconf 83' lang='lat' dir='ltr'><strong>dicentes,</strong></span> <span class='ocrx_word' id='word_1_344' title='bbox 615 4421 846 4491; x_wconf 84' lang='lat' dir='ltr'><strong>reliquas</strong></span> <span class='ocrx_word' id='word_1_345' title='bbox 867 4421 1107 4476; x_wconf 84' lang='lat' dir='ltr'><strong>civitates</strong></span> <span class='ocrx_word' id='word_1_346' title='bbox 1129 4421 1336 4491; x_wconf 81' lang='lat' dir='ltr'><strong>pejores</strong></span> <span class='ocrx_word' id='word_1_347' title='bbox 1357 4420 1558 4475; x_wconf 87' lang='lat' dir='ltr'><strong>futuras</strong></span> <span class='ocrx_word' id='word_1_348' title='bbox 1579 4436 1718 4487; x_wconf 88' lang='lat' dir='ltr'><strong>esse,</strong></span> <span class='ocrx_word' id='word_1_349' title='bbox 1742 4430 1798 4477; x_wconf 89' lang='lat' dir='ltr'><strong>ct</strong></span> <span class='ocrx_word' id='word_1_350' title='bbox 1823 4421 1921 4475; x_wconf 87' lang='lat' dir='ltr'><strong>hac</strong></span> 
     </span>
    </p>
   </div>
   <div class='ocr_carea' id='block_1_46' title="bbox 334 4504 1920 4583">
    <p class='ocr_par' dir='ltr' id='par_1_46' title="bbox 334 4504 1920 4583">
     <span class='ocr_line' id='line_1_46' title="bbox 334 4504 1920 4583; baseline 0.002 -20"><span class='ocrx_word' id='word_1_351' title='bbox 334 4526 437 4563; x_wconf 90' lang='lat' dir='ltr'><strong>non</strong></span> <span class='ocrx_word' id='word_1_352' title='bbox 468 4512 650 4581; x_wconf 86' lang='lat' dir='ltr'><strong>punita</strong></span> <span class='ocrx_word' id='word_1_353' title='bbox 674 4554 689 4578; x_wconf 92' lang='lat'><strong>,</strong></span> <span class='ocrx_word' id='word_1_354' title='bbox 730 4512 1009 4582; x_wconf 81' lang='lat' dir='ltr'><strong>imperium</strong></span> <span class='ocrx_word' id='word_1_355' title='bbox 1042 4522 1186 4567; x_wconf 90' lang='lat' dir='ltr'><strong>tuum</strong></span> <span class='ocrx_word' id='word_1_356' title='bbox 1219 4504 1384 4583; x_wconf 82' lang='lat' dir='ltr'><strong>magis</strong></span> <span class='ocrx_word' id='word_1_357' title='bbox 1414 4523 1832 4581; x_wconf 80' lang='lat' dir='ltr'><strong>contempturus.</strong></span> <span class='ocrx_word' id='word_1_358' title='bbox 1865 4513 1920 4568; x_wconf 91' lang='lat' dir='ltr'><strong>Si</strong></span> 
     </span>
    </p>
   </div>
   <div class='ocr_carea' id='block_1_47' title="bbox 335 4602 1921 4673">
    <p class='ocr_par' dir='ltr' id='par_1_47' title="bbox 335 4602 1921 4673">
     <span class='ocr_line' id='line_1_47' title="bbox 335 4602 1921 4673; baseline 0.001 -18"><span class='ocrx_word' id='word_1_359' title='bbox 335 4603 474 4656; x_wconf 89' lang='lat' dir='ltr'><strong>enim</strong></span> <span class='ocrx_word' id='word_1_360' title='bbox 503 4603 569 4657; x_wconf 89' lang='lat' dir='ltr'><strong>ad</strong></span> <span class='ocrx_word' id='word_1_361' title='bbox 605 4602 859 4659; x_wconf 77' lang='lat' dir='ltr'><strong>ultionem</strong></span> <span class='ocrx_word' id='word_1_362' title='bbox 891 4603 1134 4658; x_wconf 86' lang='lat' dir='ltr'><strong>infirmus</strong></span> <span class='ocrx_word' id='word_1_363' title='bbox 1159 4602 1380 4671; x_wconf 85' lang='lat' dir='ltr'><strong>fuisses,</strong></span> <span class='ocrx_word' id='word_1_364' title='bbox 1414 4615 1469 4658; x_wconf 87' lang='lat' dir='ltr'><strong>et</strong></span> <span class='ocrx_word' id='word_1_365' title='bbox 1496 4603 1609 4658; x_wconf 69' lang='lat' dir='ltr'><strong>haec</strong></span> <span class='ocrx_word' id='word_1_366' title='bbox 1637 4605 1837 4673; x_wconf 86' lang='lat' dir='ltr'><strong>operati</strong></span> <span class='ocrx_word' id='word_1_367' title='bbox 1870 4613 1921 4657; x_wconf 91' lang='lat' dir='ltr'><strong>te</strong></span> 
     </span>
    </p>
   </div>
   <div class='ocr_carea' id='block_1_48' title="bbox 335 4694 1923 4766">
    <p class='ocr_par' dir='ltr' id='par_1_48' title="bbox 335 4694 1923 4766">
     <span class='ocr_line' id='line_1_48' title="bbox 335 4694 1923 4766; baseline 0.003 -20"><span class='ocrx_word' id='word_1_368' title='bbox 335 4708 382 4747; x_wconf 75' lang='lat' dir='ltr'><strong>vn</strong></span> <span class='ocrx_word' id='word_1_369' title='bbox 426 4704 802 4763; x_wconf 85' lang='lat' dir='ltr'><strong>superassent,</strong></span> <span class='ocrx_word' id='word_1_370' title='bbox 853 4711 905 4748; x_wconf 87' lang='lat' dir='ltr'><strong>Cl.</strong></span> <span class='ocrx_word' id='word_1_371' title='bbox 953 4710 1049 4763; x_wconf 88' lang='lat' dir='ltr'><strong>par</strong></span> <span class='ocrx_word' id='word_1_372' title='bbox 1090 4704 1233 4751; x_wconf 88' lang='lat' dir='ltr'><strong>esset</strong></span> <span class='ocrx_word' id='word_1_373' title='bbox 1264 4694 1519 4764; x_wconf 89' lang='lat' dir='ltr'><strong>potentia,</strong></span> <span class='ocrx_word' id='word_1_374' title='bbox 1569 4707 1923 4766; x_wconf 89' lang='lat' dir='ltr'><strong>congruenter</strong></span> 
     </span>
    </p>
   </div>
   <div class='ocr_carea' id='block_1_49' title="bbox 335 4784 1923 4856">
    <p class='ocr_par' dir='ltr' id='par_1_49' title="bbox 335 4784 1923 4856">
     <span class='ocr_line' id='line_1_49' title="bbox 335 4784 1923 4856; baseline 0.003 -19"><span class='ocrx_word' id='word_1_375' title='bbox 335 4784 450 4838; x_wconf 76' lang='lat' dir='ltr'><strong>haec</strong></span> <span class='ocrx_word' id='word_1_376' title='bbox 497 4784 754 4856; x_wconf 85' lang='lat' dir='ltr'><strong>suspicari</strong></span> <span class='ocrx_word' id='word_1_377' title='bbox 799 4786 1117 4854; x_wconf 86' lang='lat' dir='ltr'><strong>oportebat:</strong></span> <span class='ocrx_word' id='word_1_378' title='bbox 1146 4785 1190 4839; x_wconf 92' lang='lat' dir='ltr'><strong>si</strong></span> <span class='ocrx_word' id='word_1_379' title='bbox 1232 4801 1359 4839; x_wconf 87' lang='lat' dir='ltr'><strong>vero</strong></span> <span class='ocrx_word' id='word_1_380' title='bbox 1406 4787 1662 4855; x_wconf 71' lang='lat' dir='ltr'><strong>patefacti</strong></span> <span class='ocrx_word' id='word_1_381' title='bbox 1710 4802 1923 4856; x_wconf 73' lang='lat' dir='ltr'><strong>prtrquc</strong></span> 
     </span>
    </p>
   </div>
   <div class='ocr_carea' id='block_1_50' title="bbox 337 4877 1923 4949">
    <p class='ocr_par' dir='ltr' id='par_1_50' title="bbox 337 4877 1923 4949">
     <span class='ocr_line' id='line_1_50' title="bbox 337 4877 1923 4949; baseline 0.002 -18"><span class='ocrx_word' id='word_1_382' title='bbox 337 4878 526 4934; x_wconf 90' lang='lat' dir='ltr'><strong>timore</strong></span> <span class='ocrx_word' id='word_1_383' title='bbox 554 4877 862 4947; x_wconf 71' lang='lat' dir='ltr'><strong>prmmurtui</strong></span> <span class='ocrx_word' id='word_1_384' title='bbox 898 4887 1052 4940; x_wconf 82' lang='lat' dir='ltr'><strong>sum,</strong></span> <span class='ocrx_word' id='word_1_385' title='bbox 1084 4886 1139 4932; x_wconf 89' lang='lat' dir='ltr'><strong>et</strong></span> <span class='ocrx_word' id='word_1_386' title='bbox 1163 4877 1229 4932; x_wconf 88' lang='lat' dir='ltr'><strong>ad</strong></span> <span class='ocrx_word' id='word_1_387' title='bbox 1262 4888 1378 4933; x_wconf 92' lang='lat' dir='ltr'><strong>tuos</strong></span> <span class='ocrx_word' id='word_1_388' title='bbox 1406 4896 1500 4949; x_wconf 89' lang='lat' dir='ltr'><strong>per</strong></span> <span class='ocrx_word' id='word_1_389' title='bbox 1527 4896 1612 4934; x_wconf 91' lang='lat' dir='ltr'><strong>me</strong></span> <span class='ocrx_word' id='word_1_390' title='bbox 1641 4895 1923 4935; x_wconf 88' lang='lat' dir='ltr'><strong>cucurrere</strong></span> 
     </span>
    </p>
   </div>
   <div class='ocr_carea' id='block_1_51' title="bbox 334 4962 1918 5040">
    <p class='ocr_par' dir='ltr' id='par_1_51' title="bbox 334 4962 1918 5040">
     <span class='ocr_line' id='line_1_51' title="bbox 334 4962 1918 5040; baseline 0.004 -21"><span class='ocrx_word' id='word_1_391' title='bbox 334 4968 517 5039; x_wconf 85' lang='lat' dir='ltr'><strong>pedes,</strong></span> <span class='ocrx_word' id='word_1_392' title='bbox 540 4984 640 5022; x_wconf 90' lang='lat' dir='ltr'><strong>nec</strong></span> <span class='ocrx_word' id='word_1_393' title='bbox 656 4967 798 5022; x_wconf 89' lang='lat' dir='ltr'><strong>aliud</strong></span> <span class='ocrx_word' id='word_1_394' title='bbox 823 4967 1057 5038; x_wconf 77' lang='lat' dir='ltr'><strong>quotidie</strong></span> <span class='ocrx_word' id='word_1_395' title='bbox 1079 4978 1391 5037; x_wconf 82' lang='lat' dir='ltr'><strong>exspectant</strong></span> <span class='ocrx_word' id='word_1_396' title='bbox 1411 4985 1565 5040; x_wconf 89' lang='lat' dir='ltr'><strong>quam</strong></span> <span class='ocrx_word' id='word_1_397' title='bbox 1589 4962 1918 5037; x_wconf 77' lang='lat' dir='ltr'><strong>barathrum,</strong></span> 
     </span>
    </p>
   </div>
   <div class='ocr_carea' id='block_1_52' title="bbox 332 5058 1920 5131">
    <p class='ocr_par' dir='ltr' id='par_1_52' title="bbox 332 5058 1920 5131">
     <span class='ocr_line' id='line_1_52' title="bbox 332 5058 1920 5131; baseline 0.003 -20"><span class='ocrx_word' id='word_1_398' title='bbox 332 5069 384 5111; x_wconf 80' lang='lat' dir='ltr'><strong>et</strong></span> <span class='ocrx_word' id='word_1_399' title='bbox 409 5059 821 5129; x_wconf 83' lang='lat' dir='ltr'><strong>supplicationes</strong></span> <span class='ocrx_word' id='word_1_400' title='bbox 847 5058 1043 5112; x_wconf 88' lang='lat' dir='ltr'><strong>faciunt</strong></span> <span class='ocrx_word' id='word_1_401' title='bbox 1066 5061 1412 5114; x_wconf 79' lang='lat' dir='ltr'><strong>communcs’</strong></span> <span class='ocrx_word' id='word_1_402' title='bbox 1448 5061 1497 5114; x_wconf 91' lang='lat' dir='ltr'><strong>in</strong></span> <span class='ocrx_word' id='word_1_403' title='bbox 1531 5061 1719 5115; x_wconf 63' lang='lat' dir='ltr'><strong>caelum</strong></span> <span class='ocrx_word' id='word_1_404' title='bbox 1751 5063 1920 5131; x_wconf 81' lang='lat' dir='ltr'><strong>respi-</strong></span> 
     </span>
    </p>
   </div>
   <div class='ocr_carea' id='block_1_53' title="bbox 333 5152 1923 5223">
    <p class='ocr_par' dir='ltr' id='par_1_53' title="bbox 333 5152 1923 5223">
     <span class='ocr_line' id='line_1_53' title="bbox 333 5152 1923 5223; baseline 0.001 -16"><span class='ocrx_word' id='word_1_405' title='bbox 333 5154 535 5208; x_wconf 86' lang='lat' dir='ltr'><strong>cientes</strong></span> <span class='ocrx_word' id='word_1_406' title='bbox 555 5193 571 5215; x_wconf 94' lang='lat'><strong>,</strong></span> <span class='ocrx_word' id='word_1_407' title='bbox 608 5162 661 5208; x_wconf 89' lang='lat' dir='ltr'><strong>et</strong></span> <span class='ocrx_word' id='word_1_408' title='bbox 692 5153 854 5206; x_wconf 78' lang='lat' dir='ltr'><strong>Deum</strong></span> <span class='ocrx_word' id='word_1_409' title='bbox 886 5153 1068 5206; x_wconf 79' lang='lat' dir='ltr'><strong>venire</strong></span> <span class='ocrx_word' id='word_1_410' title='bbox 1109 5152 1440 5223; x_wconf 84' lang='lat' dir='ltr'><strong>supplicant,</strong></span> <span class='ocrx_word' id='word_1_411' title='bbox 1481 5164 1533 5208; x_wconf 88' lang='lat' dir='ltr'><strong>et</strong></span> <span class='ocrx_word' id='word_1_412' title='bbox 1561 5154 1715 5208; x_wconf 86' lang='lat' dir='ltr'><strong>simul</strong></span> <span class='ocrx_word' id='word_1_413' title='bbox 1744 5153 1923 5209; x_wconf 90' lang='lat' dir='ltr'><strong>nobis-</strong></span> 
     </span>
    </p>
   </div>
   <div class='ocr_carea' id='block_1_54' title="bbox 331 5246 1919 5319">
    <p class='ocr_par' dir='ltr' id='par_1_54' title="bbox 331 5246 1919 5319">
     <span class='ocr_line' id='line_1_54' title="bbox 331 5246 1919 5319; baseline 0 -17"><span class='ocrx_word' id='word_1_414' title='bbox 331 5264 454 5302; x_wconf 89' lang='lat' dir='ltr'><strong>cum</strong></span> <span class='ocrx_word' id='word_1_415' title='bbox 488 5248 803 5319; x_wconf 85' lang='lat' dir='ltr'><strong>legationem</strong></span> <span class='ocrx_word' id='word_1_416' title='bbox 837 5246 1006 5313; x_wconf 89' lang='lat' dir='ltr'><strong>obire,</strong></span> <span class='ocrx_word' id='word_1_417' title='bbox 1036 5255 1088 5302; x_wconf 91' lang='lat' dir='ltr'><strong>et</strong></span> <span class='ocrx_word' id='word_1_418' title='bbox 1114 5246 1250 5301; x_wconf 91' lang='lat' dir='ltr'><strong>sicut</strong></span> <span class='ocrx_word' id='word_1_419' title='bbox 1281 5247 1333 5300; x_wconf 89' lang='lat' dir='ltr'><strong>in</strong></span> <span class='ocrx_word' id='word_1_420' title='bbox 1356 5248 1608 5302; x_wconf 86' lang='lat' dir='ltr'><strong>extremis</strong></span> <span class='ocrx_word' id='word_1_421' title='bbox 1630 5246 1919 5313; x_wconf 88' lang='lat' dir='ltr'><strong>constituti,</strong></span> 
     </span>
    </p>
   </div>
   <div class='ocr_carea' id='block_1_55' title="bbox 333 5337 1924 5409">
    <p class='ocr_par' dir='ltr' id='par_1_55' title="bbox 333 5337 1924 5409">
     <span class='ocr_line' id='line_1_55' title="bbox 333 5337 1924 5409; baseline 0.001 -18"><span class='ocrx_word' id='word_1_422' title='bbox 333 5341 399 5395; x_wconf 87' lang='lat' dir='ltr'><strong>de</strong></span> <span class='ocrx_word' id='word_1_423' title='bbox 428 5340 585 5394; x_wconf 89' lang='lat' dir='ltr'><strong>rebus</strong></span> <span class='ocrx_word' id='word_1_424' title='bbox 614 5339 725 5393; x_wconf 89' lang='lat' dir='ltr'><strong>suis</strong></span> <span class='ocrx_word' id='word_1_425' title='bbox 747 5337 936 5409; x_wconf 81' lang='lat' dir='ltr'><strong>singuli</strong></span> <span class='ocrx_word' id='word_1_426' title='bbox 966 5338 1253 5392; x_wconf 90' lang='lat' dir='ltr'><strong>consulunt</strong></span> <span class='ocrx_word' id='word_1_427' title='bbox 1279 5355 1291 5390; x_wconf 94' lang='lat'>:</span> <span class='ocrx_word' id='word_1_428' title='bbox 1316 5337 1585 5406; x_wconf 86' lang='lat' dir='ltr'><strong>quomodo</strong></span> <span class='ocrx_word' id='word_1_429' title='bbox 1608 5356 1711 5392; x_wconf 86' lang='lat' dir='ltr'><strong>non</strong></span> <span class='ocrx_word' id='word_1_430' title='bbox 1737 5354 1924 5407; x_wconf 85' lang='lat' dir='ltr'><strong>super-</strong></span> 
     </span>
    </p>
   </div>
   <div class='ocr_carea' id='block_1_56' title="bbox 335 5429 1921 5502">
    <p class='ocr_par' dir='ltr' id='par_1_56' title="bbox 335 5429 1921 5502">
     <span class='ocr_line' id='line_1_56' title="bbox 335 5429 1921 5502; baseline 0 -16"><span class='ocrx_word' id='word_1_431' title='bbox 335 5433 469 5486; x_wconf 82' lang='lat' dir='ltr'><strong>fluus</strong></span> <span class='ocrx_word' id='word_1_432' title='bbox 494 5433 583 5486; x_wconf 91' lang='lat' dir='ltr'><strong>hic</strong></span> <span class='ocrx_word' id='word_1_433' title='bbox 612 5432 805 5487; x_wconf 84' lang='lat' dir='ltr'><strong>timor?</strong></span> <span class='ocrx_word' id='word_1_434' title='bbox 833 5433 887 5486; x_wconf 87' lang='lat' dir='ltr'><strong>Si</strong></span> <span class='ocrx_word' id='word_1_435' title='bbox 914 5430 1141 5502; x_wconf 88' lang='lat' dir='ltr'><strong>jugulari</strong></span> <span class='ocrx_word' id='word_1_436' title='bbox 1171 5431 1394 5486; x_wconf 75' lang='lat' dir='ltr'><strong>fuissrnt</strong></span> <span class='ocrx_word' id='word_1_437' title='bbox 1419 5429 1576 5499; x_wconf 87' lang='lat' dir='ltr'><strong>jussi,</strong></span> <span class='ocrx_word' id='word_1_438' title='bbox 1610 5442 1753 5485; x_wconf 88' lang='lat' dir='ltr'><strong>tanta</strong></span> <span class='ocrx_word' id='word_1_439' title='bbox 1783 5432 1921 5501; x_wconf 84' lang='lat' dir='ltr'><strong>passi</strong></span> 
     </span>
    </p>
   </div>
   <div class='ocr_carea' id='block_1_57' title="bbox 336 5522 1919 5595">
    <p class='ocr_par' dir='ltr' id='par_1_57' title="bbox 336 5522 1919 5595">
     <span class='ocr_line' id='line_1_57' title="bbox 336 5522 1919 5595; baseline -0.004 -14"><span class='ocrx_word' id='word_1_440' title='bbox 336 5543 438 5581; x_wconf 88' lang='lat' dir='ltr'><strong>non</strong></span> <span class='ocrx_word' id='word_1_441' title='bbox 470 5526 729 5590; x_wconf 82' lang='lat' dir='ltr'><strong>fuissent,</strong></span> <span class='ocrx_word' id='word_1_442' title='bbox 768 5536 964 5594; x_wconf 90' lang='lat' dir='ltr'><strong>quanta</strong></span> <span class='ocrx_word' id='word_1_443' title='bbox 1010 5526 1278 5595; x_wconf 88' lang='lat' dir='ltr'><strong>patiuntur</strong></span> <span class='ocrx_word' id='word_1_444' title='bbox 1309 5540 1486 5590; x_wconf 91' lang='lat' dir='ltr'><strong>nunc,</strong></span> <span class='ocrx_word' id='word_1_445' title='bbox 1539 5532 1616 5577; x_wconf 78' lang='lat' dir='ltr'><strong>tot</strong></span> <span class='ocrx_word' id='word_1_446' title='bbox 1653 5522 1838 5577; x_wconf 74' lang='lat' dir='ltr'><strong>diebu.</strong></span> <span class='ocrx_word' id='word_1_447' title='bbox 1864 5522 1919 5575; x_wconf 90' lang='lat' dir='ltr'><strong>in</strong></span> 
     </span>
    </p>
   </div>
   <div class='ocr_carea' id='block_1_58' title="bbox 338 5617 1917 5699">
    <p class='ocr_par' dir='ltr' id='par_1_58' title="bbox 338 5617 1917 5699">
     <span class='ocr_line' id='line_1_58' title="bbox 338 5617 1917 5699; baseline -0.002 -27"><span class='ocrx_word' id='word_1_448' title='bbox 338 5621 527 5672; x_wconf 86' lang='lat' dir='ltr'><strong>timore</strong></span> <span class='ocrx_word' id='word_1_449' title='bbox 550 5626 601 5699; x_wconf 85' lang='lat' dir='ltr'><strong>et</strong></span> <span class='ocrx_word' id='word_1_450' title='bbox 626 5626 858 5670; x_wconf 84' lang='lat' dir='ltr'><strong>tremore</strong></span> <span class='ocrx_word' id='word_1_451' title='bbox 884 5617 1143 5684; x_wconf 89' lang='lat' dir='ltr'><strong>viventes,</strong></span> <span class='ocrx_word' id='word_1_452' title='bbox 1172 5627 1224 5671; x_wconf 90' lang='lat' dir='ltr'><strong>ct</strong></span> <span class='ocrx_word' id='word_1_453' title='bbox 1245 5617 1655 5686; x_wconf 75' lang='lat' dir='ltr'><strong>superveniente</strong></span> <span class='ocrx_word' id='word_1_454' title='bbox 1677 5632 1917 5696; x_wconf 55' lang='lat' dir='ltr'><strong>vespere,</strong></span> 
     </span>
    </p>
   </div>
   <div class='ocr_carea' id='block_1_59' title="bbox 398 5749 1420 5812">
    <p class='ocr_par' dir='ltr' id='par_1_59' title="bbox 398 5749 1420 5812">
     <span class='ocr_line' id='line_1_59' title="bbox 398 5749 1420 5812; baseline -0.002 -10"><span class='ocrx_word' id='word_1_455' title='bbox 398 5754 414 5786; x_wconf 87' lang='grc'>¹</span> <span class='ocrx_word' id='word_1_456' title='bbox 451 5752 588 5802; x_wconf 79' lang='lat' dir='ltr'><strong>Savil.</strong></span> <span class='ocrx_word' id='word_1_457' title='bbox 617 5759 668 5802; x_wconf 88' lang='lat' dir='ltr'><strong>et</strong></span> <span class='ocrx_word' id='word_1_458' title='bbox 692 5750 871 5804; x_wconf 61' lang='grc' dir='ltr'><strong>βίοι-ιη..</strong></span> <span class='ocrx_word' id='word_1_459' title='bbox 891 5750 978 5801; x_wconf 80' lang='lat' dir='ltr'><strong>sub</strong></span> <span class='ocrx_word' id='word_1_460' title='bbox 1001 5749 1151 5801; x_wconf 72' lang='lat' dir='ltr'><strong>oculis</strong></span> <span class='ocrx_word' id='word_1_461' title='bbox 1161 5758 1420 5812; x_wconf 72' lang='lat' dir='ltr'><strong>Jaccmem.</strong></span> 
     </span>
    </p>
   </div>
   <div class='ocr_carea' id='block_1_60' title="bbox 398 5812 1854 5877">
    <p class='ocr_par' dir='ltr' id='par_1_60' title="bbox 398 5812 1854 5877">
     <span class='ocr_line' id='line_1_60' title="bbox 398 5812 1854 5877; baseline -0.003 -12"><span class='ocrx_word' id='word_1_462' title='bbox 398 5815 418 5847; x_wconf 86' lang='grc'>²</span> <span class='ocrx_word' id='word_1_463' title='bbox 450 5815 589 5865; x_wconf 75' lang='lat' dir='ltr'><strong>Suvil.</strong></span> <span class='ocrx_word' id='word_1_464' title='bbox 616 5823 665 5863; x_wconf 88' lang='lat' dir='ltr'><strong>et</strong></span> <span class='ocrx_word' id='word_1_465' title='bbox 685 5814 780 5861; x_wconf 88' lang='lat' dir='ltr'><strong>duo</strong></span> <span class='ocrx_word' id='word_1_466' title='bbox 805 5822 911 5861; x_wconf 75' lang='lat' dir='ltr'><strong>Mss.</strong></span> <span class='ocrx_word' id='word_1_467' title='bbox 934 5828 947 5863; x_wconf 86' lang='lat'>:</span> <span class='ocrx_word' id='word_1_468' title='bbox 974 5814 1346 5866; x_wconf 59' lang='lat' dir='ltr'><strong>Sumlit&#39;utt‘ones</strong></span> <span class='ocrx_word' id='word_1_469' title='bbox 1370 5812 1550 5873; x_wconf 76' lang='lat' dir='ltr'><strong>faciunt</strong></span> <span class='ocrx_word' id='word_1_470' title='bbox 1568 5814 1644 5877; x_wconf 59' lang='lat' dir='ltr'><strong>[re</strong></span> <span class='ocrx_word' id='word_1_471' title='bbox 1659 5822 1854 5877; x_wconf 67' lang='lat' dir='ltr'><strong>mentes.</strong></span> 
     </span>
    </p>
   </div>
   <div class='ocr_carea' id='block_1_61' title="bbox 656 5901 1361 5964">
    <p class='ocr_par' dir='ltr' id='par_1_61' title="bbox 656 5901 1361 5964">
     <span class='ocr_line' id='line_1_61' title="bbox 656 5901 1361 5964; baseline 0.007 -5"><span class='ocrx_word' id='word_1_472' title='bbox 656 5901 905 5959; x_wconf 75' lang='lat' dir='ltr'><strong>PATaot.</strong></span> <span class='ocrx_word' id='word_1_473' title='bbox 973 5901 1087 5959; x_wconf 69' lang='lat' dir='ltr'><strong>(in.</strong></span> <span class='ocrx_word' id='word_1_474' title='bbox 1137 5902 1361 5964; x_wconf 73' lang='lat' dir='ltr'><strong>XLIX.</strong></span> 
     </span>
    </p>
   </div>
   <div class='ocr_carea' id='block_1_62' title="bbox 1125 375 2615 439">
    <p class='ocr_par' dir='ltr' id='par_1_62' title="bbox 1125 375 2615 439">
     <span class='ocr_line' id='line_1_62' title="bbox 1125 375 2615 439; baseline 0.003 -4"><span class='ocrx_word' id='word_1_475' title='bbox 1125 379 1218 435; x_wconf 78' lang='lat' dir='ltr'><strong>AD</strong></span> <span class='ocrx_word' id='word_1_476' title='bbox 1258 377 1583 436; x_wconf 63' lang='lat' dir='ltr'><strong>I‘OPULL‘M</strong></span> <span class='ocrx_word' id='word_1_477' title='bbox 1650 375 2139 435; x_wconf 64' lang='lat' dir='ltr'><strong>ANTIOCHENUSI</strong></span> <span class='ocrx_word' id='word_1_478' title='bbox 2203 381 2434 439; x_wconf 73' lang='lat' dir='ltr'><strong>HOMIL.</strong></span> <span class='ocrx_word' id='word_1_479' title='bbox 2479 381 2615 439; x_wconf 76' lang='grc' dir='ltr'><strong>ΧΧΙ.</strong></span> 
     </span>
    </p>
   </div>
   <div class='ocr_carea' id='block_1_63' title="bbox 3481 387 3584 441">
    <p class='ocr_par' dir='ltr' id='par_1_63' title="bbox 3481 387 3584 441">
     <span class='ocr_line' id='line_1_63' title="bbox 3481 387 3584 441; baseline -0.01 0"><span class='ocrx_word' id='word_1_480' title='bbox 3481 387 3584 441; x_wconf 72' lang='lat'><strong>228</strong></span> 
     </span>
    </p>
   </div>
   <div class='ocr_carea' id='block_1_64' title="bbox 2003 478 3587 553">
    <p class='ocr_par' dir='ltr' id='par_1_64' title="bbox 2003 478 3587 553">
     <span class='ocr_line' id='line_1_64' title="bbox 2003 478 3587 553; baseline -0.001 -22"><span class='ocrx_word' id='word_1_481' title='bbox 2003 492 2251 534; x_wconf 84' lang='lat' dir='ltr'><strong>auroram</strong></span> <span class='ocrx_word' id='word_1_482' title='bbox 2297 481 2479 536; x_wconf 83' lang='lat' dir='ltr'><strong>videre</strong></span> <span class='ocrx_word' id='word_1_483' title='bbox 2526 497 2631 536; x_wconf 90' lang='lat' dir='ltr'><strong>non</strong></span> <span class='ocrx_word' id='word_1_484' title='bbox 2682 490 3058 553; x_wconf 78' lang='lat' dir='ltr'><strong>exspectantes</strong></span> <span class='ocrx_word' id='word_1_485' title='bbox 3093 488 3189 535; x_wconf 84' lang='lat' dir='ltr'><strong>:ct</strong></span> <span class='ocrx_word' id='word_1_486' title='bbox 3229 478 3316 535; x_wconf 83' lang='lat' dir='ltr'><strong>die</strong></span> <span class='ocrx_word' id='word_1_487' title='bbox 3359 486 3478 533; x_wconf 88' lang='lat' dir='ltr'><strong>orto</strong></span> <span class='ocrx_word' id='word_1_488' title='bbox 3523 480 3587 531; x_wconf 82' lang='lat' dir='ltr'><strong>ad</strong></span> 
     </span>
    </p>
   </div>
   <div class='ocr_carea' id='block_1_65' title="bbox 2004 570 3590 645">
    <p class='ocr_par' dir='ltr' id='par_1_65' title="bbox 2004 570 3590 645">
     <span class='ocr_line' id='line_1_65' title="bbox 2004 570 3590 645; baseline 0.002 -23"><span class='ocrx_word' id='word_1_489' title='bbox 2004 585 2280 640; x_wconf 77' lang='lat' dir='ltr'><strong>vesperam</strong></span> <span class='ocrx_word' id='word_1_490' title='bbox 2323 576 2602 644; x_wconf 83' lang='lat' dir='ltr'><strong>pervenire</strong></span> <span class='ocrx_word' id='word_1_491' title='bbox 2643 590 2748 629; x_wconf 91' lang='lat' dir='ltr'><strong>non</strong></span> <span class='ocrx_word' id='word_1_492' title='bbox 2792 584 3029 645; x_wconf 86' lang='lat' dir='ltr'><strong>sperant.</strong></span> <span class='ocrx_word' id='word_1_493' title='bbox 3072 573 3219 628; x_wconf 78' lang='lat' dir='ltr'><strong>Multi</strong></span> <span class='ocrx_word' id='word_1_494' title='bbox 3261 581 3315 627; x_wconf 88' lang='lat' dir='ltr'><strong>et</strong></span> <span class='ocrx_word' id='word_1_495' title='bbox 3353 574 3406 626; x_wconf 88' lang='lat' dir='ltr'><strong>lu</strong></span> <span class='ocrx_word' id='word_1_496' title='bbox 3452 570 3590 627; x_wconf 72' lang='lat' dir='ltr'><strong>feras</strong></span> 
     </span>
    </p>
   </div>
   <div class='ocr_carea' id='block_1_66' title="bbox 2006 661 3589 730">
    <p class='ocr_par' dir='ltr' id='par_1_66' title="bbox 2006 661 3589 730">
     <span class='ocr_line' id='line_1_66' title="bbox 2006 661 3589 730; baseline 0 -15"><span class='ocrx_word' id='word_1_497' title='bbox 2006 661 2326 726; x_wconf 81' lang='lat' dir='ltr'><strong>inciderunt,</strong></span> <span class='ocrx_word' id='word_1_498' title='bbox 2361 665 2484 719; x_wconf 91' lang='lat' dir='ltr'><strong>dum</strong></span> <span class='ocrx_word' id='word_1_499' title='bbox 2512 676 2785 720; x_wconf 89' lang='lat' dir='ltr'><strong>scetantur</strong></span> <span class='ocrx_word' id='word_1_500' title='bbox 2814 666 3045 730; x_wconf 84' lang='lat' dir='ltr'><strong>deserta,</strong></span> <span class='ocrx_word' id='word_1_501' title='bbox 3078 665 3131 720; x_wconf 89' lang='lat' dir='ltr'><strong>in</strong></span> <span class='ocrx_word' id='word_1_502' title='bbox 3163 666 3302 718; x_wconf 87' lang='lat' dir='ltr'><strong>invia</strong></span> <span class='ocrx_word' id='word_1_503' title='bbox 3330 662 3589 723; x_wconf 83' lang='lat' dir='ltr'><strong>translati,</strong></span> 
     </span>
    </p>
   </div>
   <div class='ocr_carea' id='block_1_67' title="bbox 2006 753 3594 825">
    <p class='ocr_par' dir='ltr' id='par_1_67' title="bbox 2006 753 3594 825">
     <span class='ocr_line' id='line_1_67' title="bbox 2006 753 3594 825; baseline -0.001 -18"><span class='ocrx_word' id='word_1_504' title='bbox 2006 769 2107 808; x_wconf 88' lang='lat' dir='ltr'><strong>nec</strong></span> <span class='ocrx_word' id='word_1_505' title='bbox 2133 755 2230 808; x_wconf 88' lang='lat' dir='ltr'><strong>viri</strong></span> <span class='ocrx_word' id='word_1_506' title='bbox 2258 763 2460 807; x_wconf 88' lang='lat' dir='ltr'><strong>tantum</strong></span> <span class='ocrx_word' id='word_1_507' title='bbox 2486 795 2502 820; x_wconf 93' lang='lat'><strong>,</strong></span> <span class='ocrx_word' id='word_1_508' title='bbox 2534 771 2716 809; x_wconf 87' lang='lat' dir='ltr'><strong>verum</strong></span> <span class='ocrx_word' id='word_1_509' title='bbox 2744 766 2795 809; x_wconf 89' lang='lat' dir='ltr'><strong>et</strong></span> <span class='ocrx_word' id='word_1_510' title='bbox 2819 756 3023 825; x_wconf 87' lang='lat' dir='ltr'><strong>pueruli</strong></span> <span class='ocrx_word' id='word_1_511' title='bbox 3051 755 3229 823; x_wconf 86' lang='lat' dir='ltr'><strong>parvi,</strong></span> <span class='ocrx_word' id='word_1_512' title='bbox 3258 764 3312 809; x_wconf 86' lang='lat' dir='ltr'><strong>et</strong></span> <span class='ocrx_word' id='word_1_513' title='bbox 3343 753 3594 807; x_wconf 80' lang='lat' dir='ltr'><strong>mulieres</strong></span> 
     </span>
    </p>
   </div>
   <div class='ocr_carea' id='block_1_68' title="bbox 2005 844 3594 915">
    <p class='ocr_par' dir='ltr' id='par_1_68' title="bbox 2005 844 3594 915">
     <span class='ocr_line' id='line_1_68' title="bbox 2005 844 3594 915; baseline -0.001 -18"><span class='ocrx_word' id='word_1_514' title='bbox 2005 844 2189 899; x_wconf 71' lang='lat' dir='ltr'><strong>liberm</strong></span> <span class='ocrx_word' id='word_1_515' title='bbox 2231 856 2287 899; x_wconf 89' lang='lat' dir='ltr'><strong>et</strong></span> <span class='ocrx_word' id='word_1_516' title='bbox 2328 845 2539 901; x_wconf 74' lang='lat' dir='ltr'><strong>decorze</strong></span> <span class='ocrx_word' id='word_1_517' title='bbox 2579 862 2675 915; x_wconf 87' lang='lat' dir='ltr'><strong>per</strong></span> <span class='ocrx_word' id='word_1_518' title='bbox 2712 849 2905 900; x_wconf 89' lang='lat' dir='ltr'><strong>multas</strong></span> <span class='ocrx_word' id='word_1_519' title='bbox 2942 859 3127 900; x_wconf 89' lang='lat' dir='ltr'><strong>noctes</strong></span> <span class='ocrx_word' id='word_1_520' title='bbox 3157 853 3211 899; x_wconf 90' lang='lat' dir='ltr'><strong>ct</strong></span> <span class='ocrx_word' id='word_1_521' title='bbox 3238 844 3353 899; x_wconf 84' lang='lat' dir='ltr'><strong>dies</strong></span> <span class='ocrx_word' id='word_1_522' title='bbox 3380 845 3432 897; x_wconf 90' lang='lat' dir='ltr'><strong>in</strong></span> <span class='ocrx_word' id='word_1_523' title='bbox 3474 858 3594 913; x_wconf 78' lang='lat' dir='ltr'><strong>5pc-</strong></span> 
     </span>
    </p>
   </div>
   <div class='ocr_carea' id='block_1_69' title="bbox 2007 937 3592 993">
    <p class='ocr_par' dir='ltr' id='par_1_69' title="bbox 2007 937 3592 993">
     <span class='ocr_line' id='line_1_69' title="bbox 2007 937 3592 993; baseline -0.001 -3"><span class='ocrx_word' id='word_1_524' title='bbox 2007 937 2179 990; x_wconf 87' lang='lat' dir='ltr'><strong>luncis</strong></span> <span class='ocrx_word' id='word_1_525' title='bbox 2214 945 2267 991; x_wconf 91' lang='lat' dir='ltr'><strong>ct</strong></span> <span class='ocrx_word' id='word_1_526' title='bbox 2307 940 2637 993; x_wconf 82' lang='lat' dir='ltr'><strong>convallibus</strong></span> <span class='ocrx_word' id='word_1_527' title='bbox 2664 949 2718 993; x_wconf 89' lang='lat' dir='ltr'><strong>et</strong></span> <span class='ocrx_word' id='word_1_528' title='bbox 2746 939 2941 993; x_wconf 87' lang='lat' dir='ltr'><strong>deserti</strong></span> <span class='ocrx_word' id='word_1_529' title='bbox 2968 938 3318 992; x_wconf 78' lang='lat' dir='ltr'><strong>foraminibus</strong></span> <span class='ocrx_word' id='word_1_530' title='bbox 3347 937 3592 991; x_wconf 84' lang='lat' dir='ltr'><strong>latentes.</strong></span> 
     </span>
    </p>
   </div>
   <div class='ocr_carea' id='block_1_70' title="bbox 2010 1027 3593 1096">
    <p class='ocr_par' dir='ltr' id='par_1_70' title="bbox 2010 1027 3593 1096">
     <span class='ocr_line' id='line_1_70' title="bbox 2010 1027 3593 1096; baseline -0.001 -15"><span class='ocrx_word' id='word_1_531' title='bbox 2010 1028 2073 1081; x_wconf 82' lang='lat' dir='ltr'><strong>Et</strong></span> <span class='ocrx_word' id='word_1_532' title='bbox 2101 1043 2270 1083; x_wconf 88' lang='lat' dir='ltr'><strong>novus</strong></span> <span class='ocrx_word' id='word_1_533' title='bbox 2297 1030 2618 1096; x_wconf 86' lang='lat' dir='ltr'><strong>captivitatis</strong></span> <span class='ocrx_word' id='word_1_534' title='bbox 2645 1029 2833 1083; x_wconf 87' lang='lat' dir='ltr'><strong>modus</strong></span> <span class='ocrx_word' id='word_1_535' title='bbox 2862 1029 3129 1083; x_wconf 88' lang='lat' dir='ltr'><strong>civitatem</strong></span> <span class='ocrx_word' id='word_1_536' title='bbox 3159 1028 3361 1082; x_wconf 88' lang='lat' dir='ltr'><strong>detinet</strong></span> <span class='ocrx_word' id='word_1_537' title='bbox 3385 1045 3402 1083; x_wconf 87' lang='lat'><strong>:</strong></span> <span class='ocrx_word' id='word_1_538' title='bbox 3424 1027 3593 1081; x_wconf 74' lang='lat' dir='ltr'><strong>a-difi~</strong></span> 
     </span>
    </p>
   </div>
   <div class='ocr_carea' id='block_1_71' title="bbox 2008 1120 3595 1189">
    <p class='ocr_par' dir='ltr' id='par_1_71' title="bbox 2008 1120 3595 1189">
     <span class='ocr_line' id='line_1_71' title="bbox 2008 1120 3595 1189; baseline -0.002 -15"><span class='ocrx_word' id='word_1_539' title='bbox 2008 1122 2104 1174; x_wconf 83' lang='lat' dir='ltr'><strong>ciis</strong></span> <span class='ocrx_word' id='word_1_540' title='bbox 2130 1130 2187 1175; x_wconf 91' lang='lat' dir='ltr'><strong>ct</strong></span> <span class='ocrx_word' id='word_1_541' title='bbox 2214 1122 2379 1176; x_wconf 79' lang='lat' dir='ltr'><strong>lauris</strong></span> <span class='ocrx_word' id='word_1_542' title='bbox 2408 1122 2706 1188; x_wconf 87' lang='lat' dir='ltr'><strong>stantibus,</strong></span> <span class='ocrx_word' id='word_1_543' title='bbox 2754 1121 2983 1175; x_wconf 90' lang='lat' dir='ltr'><strong>incensis</strong></span> <span class='ocrx_word' id='word_1_544' title='bbox 3022 1120 3322 1177; x_wconf 86' lang='lat' dir='ltr'><strong>civitatibus</strong></span> <span class='ocrx_word' id='word_1_545' title='bbox 3350 1120 3595 1189; x_wconf 78' lang='lat' dir='ltr'><strong>graviora</strong></span> 
     </span>
    </p>
   </div>
   <div class='ocr_carea' id='block_1_72' title="bbox 2011 1210 3598 1283">
    <p class='ocr_par' dir='ltr' id='par_1_72' title="bbox 2011 1210 3598 1283">
     <span class='ocr_line' id='line_1_72' title="bbox 2011 1210 3598 1283; baseline -0.001 -19"><span class='ocrx_word' id='word_1_546' title='bbox 2011 1215 2317 1283; x_wconf 87' lang='lat' dir='ltr'><strong>patiuntur;</strong></span> <span class='ocrx_word' id='word_1_547' title='bbox 2360 1214 2507 1268; x_wconf 91' lang='lat' dir='ltr'><strong>nullo</strong></span> <span class='ocrx_word' id='word_1_548' title='bbox 2532 1213 2877 1269; x_wconf 88' lang='lat' dir='ltr'><strong>incumbente</strong></span> <span class='ocrx_word' id='word_1_549' title='bbox 2902 1212 3159 1277; x_wconf 84' lang='lat' dir='ltr'><strong>barbaro,</strong></span> <span class='ocrx_word' id='word_1_550' title='bbox 3193 1226 3293 1265; x_wconf 92' lang='lat' dir='ltr'><strong>nec</strong></span> <span class='ocrx_word' id='word_1_551' title='bbox 3318 1210 3472 1264; x_wconf 81' lang='lat' dir='ltr'><strong>hoste</strong></span> <span class='ocrx_word' id='word_1_552' title='bbox 3503 1225 3598 1277; x_wconf 89' lang='lat' dir='ltr'><strong>ap-</strong></span> 
     </span>
    </p>
   </div>
   <div class='ocr_carea' id='block_1_73' title="bbox 2013 1302 3600 1377">
    <p class='ocr_par' dir='ltr' id='par_1_73' title="bbox 2013 1302 3600 1377">
     <span class='ocr_line' id='line_1_73' title="bbox 2013 1302 3600 1377; baseline -0.003 -21"><span class='ocrx_word' id='word_1_553' title='bbox 2013 1315 2250 1374; x_wconf 87' lang='lat' dir='ltr'><strong>parente,</strong></span> <span class='ocrx_word' id='word_1_554' title='bbox 2278 1307 2449 1377; x_wconf 82' lang='lat' dir='ltr'><strong>captis</strong></span> <span class='ocrx_word' id='word_1_555' title='bbox 2478 1306 2726 1361; x_wconf 83' lang='lat' dir='ltr'><strong>miserius</strong></span> <span class='ocrx_word' id='word_1_556' title='bbox 2754 1304 2926 1360; x_wconf 75' lang='lat' dir='ltr'><strong>affecti</strong></span> <span class='ocrx_word' id='word_1_557' title='bbox 2958 1314 3082 1359; x_wconf 90' lang='lat' dir='ltr'><strong>sunt</strong></span> <span class='ocrx_word' id='word_1_558' title='bbox 3103 1345 3117 1369; x_wconf 91' lang='lat'><strong>,</strong></span> <span class='ocrx_word' id='word_1_559' title='bbox 3149 1314 3203 1358; x_wconf 89' lang='lat' dir='ltr'><strong>et</strong></span> <span class='ocrx_word' id='word_1_560' title='bbox 3230 1303 3318 1358; x_wconf 88' lang='lat' dir='ltr'><strong>vel</strong></span> <span class='ocrx_word' id='word_1_561' title='bbox 3346 1302 3529 1356; x_wconf 90' lang='lat' dir='ltr'><strong>folium</strong></span> <span class='ocrx_word' id='word_1_562' title='bbox 3554 1303 3600 1353; x_wconf 81' lang='lat' dir='ltr'><strong>si</strong></span> 
     </span>
    </p>
   </div>
   <div class='ocr_carea' id='block_1_74' title="bbox 2012 1394 3602 1470">
    <p class='ocr_par' dir='ltr' id='par_1_74' title="bbox 2012 1394 3602 1470">
     <span class='ocr_line' id='line_1_74' title="bbox 2012 1394 3602 1470; baseline -0.005 -17"><span class='ocrx_word' id='word_1_563' title='bbox 2012 1410 2311 1467; x_wconf 84' lang='lat' dir='ltr'><strong>moveatur,</strong></span> <span class='ocrx_word' id='word_1_564' title='bbox 2341 1415 2531 1456; x_wconf 87' lang='lat' dir='ltr'><strong>onmes</strong></span> <span class='ocrx_word' id='word_1_565' title='bbox 2559 1401 2706 1470; x_wconf 89' lang='lat' dir='ltr'><strong>ipsos</strong></span> <span class='ocrx_word' id='word_1_566' title='bbox 2737 1414 2831 1470; x_wconf 87' lang='lat' dir='ltr'><strong>per</strong></span> <span class='ocrx_word' id='word_1_567' title='bbox 2857 1399 3096 1468; x_wconf 87' lang='lat' dir='ltr'><strong>singulos</strong></span> <span class='ocrx_word' id='word_1_568' title='bbox 3123 1405 3285 1452; x_wconf 90' lang='lat' dir='ltr'><strong>terret</strong></span> <span class='ocrx_word' id='word_1_569' title='bbox 3312 1396 3447 1451; x_wconf 89' lang='lat' dir='ltr'><strong>dies.</strong></span> <span class='ocrx_word' id='word_1_570' title='bbox 3477 1394 3602 1449; x_wconf 70' lang='lat' dir='ltr'><strong>Haec</strong></span> 
     </span>
    </p>
   </div>
   <div class='ocr_carea' id='block_1_75' title="bbox 2012 1488 3603 1562">
    <p class='ocr_par' dir='ltr' id='par_1_75' title="bbox 2012 1488 3603 1562">
     <span class='ocr_line' id='line_1_75' title="bbox 2012 1488 3603 1562; baseline -0.006 -16"><span class='ocrx_word' id='word_1_571' title='bbox 2012 1507 2201 1547; x_wconf 88' lang='lat' dir='ltr'><strong>omnes</strong></span> <span class='ocrx_word' id='word_1_572' title='bbox 2236 1493 2410 1547; x_wconf 85' lang='lat' dir='ltr'><strong>sciunt</strong></span> <span class='ocrx_word' id='word_1_573' title='bbox 2432 1511 2445 1547; x_wconf 89' lang='lat'><strong>:</strong></span> <span class='ocrx_word' id='word_1_574' title='bbox 2467 1502 2521 1548; x_wconf 88' lang='lat' dir='ltr'><strong>et</strong></span> <span class='ocrx_word' id='word_1_575' title='bbox 2555 1493 2600 1547; x_wconf 90' lang='lat' dir='ltr'><strong>si</strong></span> <span class='ocrx_word' id='word_1_576' title='bbox 2631 1491 2941 1547; x_wconf 85' lang='lat' dir='ltr'><strong>subversam</strong></span> <span class='ocrx_word' id='word_1_577' title='bbox 2972 1493 3141 1562; x_wconf 84' lang='lat' dir='ltr'><strong>ipsam</strong></span> <span class='ocrx_word' id='word_1_578' title='bbox 3169 1488 3426 1543; x_wconf 75' lang='lat' dir='ltr'><strong>vidissent</strong></span> <span class='ocrx_word' id='word_1_579' title='bbox 3445 1529 3459 1551; x_wconf 93' lang='lat'><strong>,</strong></span> <span class='ocrx_word' id='word_1_580' title='bbox 3497 1500 3603 1541; x_wconf 83' lang='lat' dir='ltr'><strong>uoo</strong></span> 
     </span>
    </p>
   </div>
   <div class='ocr_carea' id='block_1_76' title="bbox 2012 1576 3606 1654">
    <p class='ocr_par' dir='ltr' id='par_1_76' title="bbox 2012 1576 3606 1654">
     <span class='ocr_line' id='line_1_76' title="bbox 2012 1576 3606 1654; baseline -0.006 -16"><span class='ocrx_word' id='word_1_581' title='bbox 2012 1586 2091 1639; x_wconf 90' lang='lat' dir='ltr'><strong>sic</strong></span> <span class='ocrx_word' id='word_1_582' title='bbox 2130 1593 2311 1639; x_wconf 88' lang='lat' dir='ltr'><strong>essent</strong></span> <span class='ocrx_word' id='word_1_583' title='bbox 2346 1584 2626 1654; x_wconf 84' lang='lat' dir='ltr'><strong>castigati,</strong></span> <span class='ocrx_word' id='word_1_584' title='bbox 2653 1593 2711 1637; x_wconf 92' lang='lat' dir='ltr'><strong>ut</strong></span> <span class='ocrx_word' id='word_1_585' title='bbox 2739 1598 2880 1637; x_wconf 90' lang='lat' dir='ltr'><strong>nunc</strong></span> <span class='ocrx_word' id='word_1_586' title='bbox 2908 1596 3030 1637; x_wconf 90' lang='lat' dir='ltr'><strong>cum</strong></span> <span class='ocrx_word' id='word_1_587' title='bbox 3073 1582 3167 1634; x_wconf 88' lang='lat' dir='ltr'><strong>has</strong></span> <span class='ocrx_word' id='word_1_588' title='bbox 3195 1579 3360 1648; x_wconf 89' lang='lat' dir='ltr'><strong>ipsius</strong></span> <span class='ocrx_word' id='word_1_589' title='bbox 3386 1576 3606 1631; x_wconf 86' lang='lat' dir='ltr'><strong>audiere</strong></span> 
     </span>
    </p>
   </div>
   <div class='ocr_carea' id='block_1_77' title="bbox 2013 1671 3606 1746">
    <p class='ocr_par' dir='ltr' id='par_1_77' title="bbox 2013 1671 3606 1746">
     <span class='ocr_line' id='line_1_77' title="bbox 2013 1671 3606 1746; baseline -0.004 -18"><span class='ocrx_word' id='word_1_590' title='bbox 2013 1676 2275 1730; x_wconf 89' lang='lat' dir='ltr'><strong>miserias.</strong></span> <span class='ocrx_word' id='word_1_591' title='bbox 2304 1674 2384 1730; x_wconf 78' lang='lat' dir='ltr'><strong>Nc</strong></span> <span class='ocrx_word' id='word_1_592' title='bbox 2410 1675 2569 1746; x_wconf 78' lang='lat' dir='ltr'><strong>igitur</strong></span> <span class='ocrx_word' id='word_1_593' title='bbox 2595 1675 2698 1729; x_wconf 90' lang='lat' dir='ltr'><strong>hoc</strong></span> <span class='ocrx_word' id='word_1_594' title='bbox 2722 1675 2929 1744; x_wconf 77' lang='lat' dir='ltr'><strong>cogites</strong></span> <span class='ocrx_word' id='word_1_595' title='bbox 2951 1715 2964 1736; x_wconf 88' lang='lat'><strong>,</strong></span> <span class='ocrx_word' id='word_1_596' title='bbox 3006 1673 3219 1742; x_wconf 86' lang='lat' dir='ltr'><strong>pejores</strong></span> <span class='ocrx_word' id='word_1_597' title='bbox 3248 1671 3449 1725; x_wconf 90' lang='lat' dir='ltr'><strong>futuras</strong></span> <span class='ocrx_word' id='word_1_598' title='bbox 3488 1684 3606 1723; x_wconf 86' lang='lat' dir='ltr'><strong>esse</strong></span> 
     </span>
    </p>
   </div>
   <div class='ocr_carea' id='block_1_78' title="bbox 2013 1764 3607 1840">
    <p class='ocr_par' dir='ltr' id='par_1_78' title="bbox 2013 1764 3607 1840">
     <span class='ocr_line' id='line_1_78' title="bbox 2013 1764 3607 1840; baseline -0.006 -15"><span class='ocrx_word' id='word_1_599' title='bbox 2013 1770 2258 1825; x_wconf 87' lang='lat' dir='ltr'><strong>civitates</strong></span> <span class='ocrx_word' id='word_1_600' title='bbox 2291 1771 2546 1840; x_wconf 88' lang='lat' dir='ltr'><strong>reliquas.</strong></span> <span class='ocrx_word' id='word_1_601' title='bbox 2597 1768 2714 1824; x_wconf 79' lang='lat' dir='ltr'><strong>Non</strong></span> <span class='ocrx_word' id='word_1_602' title='bbox 2759 1768 2902 1823; x_wconf 87' lang='lat' dir='ltr'><strong>enim</strong></span> <span class='ocrx_word' id='word_1_603' title='bbox 2943 1768 2987 1821; x_wconf 90' lang='lat' dir='ltr'><strong>si</strong></span> <span class='ocrx_word' id='word_1_604' title='bbox 3026 1766 3266 1821; x_wconf 88' lang='lat' dir='ltr'><strong>civitates</strong></span> <span class='ocrx_word' id='word_1_605' title='bbox 3295 1764 3428 1817; x_wconf 87' lang='lat' dir='ltr'><strong>alias</strong></span> <span class='ocrx_word' id='word_1_606' title='bbox 3453 1777 3607 1817; x_wconf 87' lang='lat' dir='ltr'><strong>ever-</strong></span> 
     </span>
    </p>
   </div>
   <div class='ocr_carea' id='block_1_79' title="bbox 2015 1855 3607 1932">
    <p class='ocr_par' dir='ltr' id='par_1_79' title="bbox 2015 1855 3607 1932">
     <span class='ocr_line' id='line_1_79' title="bbox 2015 1855 3607 1932; baseline -0.006 -14"><span class='ocrx_word' id='word_1_607' title='bbox 2015 1865 2173 1919; x_wconf 81' lang='lat' dir='ltr'><strong>tisses</strong></span> <span class='ocrx_word' id='word_1_608' title='bbox 2194 1907 2207 1929; x_wconf 87' lang='lat'><strong>,</strong></span> <span class='ocrx_word' id='word_1_609' title='bbox 2240 1864 2317 1918; x_wconf 89' lang='lat' dir='ltr'><strong>sic</strong></span> <span class='ocrx_word' id='word_1_610' title='bbox 2347 1880 2439 1919; x_wconf 88' lang='lat' dir='ltr'><strong>cas</strong></span> <span class='ocrx_word' id='word_1_611' title='bbox 2466 1863 2785 1932; x_wconf 86' lang='lat' dir='ltr'><strong>castigasscs</strong></span> <span class='ocrx_word' id='word_1_612' title='bbox 2805 1904 2819 1927; x_wconf 95' lang='lat'><strong>,</strong></span> <span class='ocrx_word' id='word_1_613' title='bbox 2851 1871 2909 1915; x_wconf 89' lang='lat' dir='ltr'><strong>ut</strong></span> <span class='ocrx_word' id='word_1_614' title='bbox 2939 1876 3080 1915; x_wconf 91' lang='lat' dir='ltr'><strong>nunc</strong></span> <span class='ocrx_word' id='word_1_615' title='bbox 3110 1875 3204 1930; x_wconf 87' lang='lat' dir='ltr'><strong>per</strong></span> <span class='ocrx_word' id='word_1_616' title='bbox 3237 1859 3490 1913; x_wconf 80' lang='lat' dir='ltr'><strong>incertam</strong></span> <span class='ocrx_word' id='word_1_617' title='bbox 3524 1855 3607 1910; x_wconf 77' lang='lat' dir='ltr'><strong>fu-</strong></span> 
     </span>
    </p>
   </div>
   <div class='ocr_carea' id='block_1_80' title="bbox 2018 1947 3609 2025">
    <p class='ocr_par' dir='ltr' id='par_1_80' title="bbox 2018 1947 3609 2025">
     <span class='ocr_line' id='line_1_80' title="bbox 2018 1947 3609 2025; baseline -0.006 -16"><span class='ocrx_word' id='word_1_618' title='bbox 2018 1965 2254 2009; x_wconf 88' lang='lat' dir='ltr'><strong>turorum</strong></span> <span class='ocrx_word' id='word_1_619' title='bbox 2286 1955 2739 2025; x_wconf 77' lang='lat' dir='ltr'><strong>exspectationem</strong></span> <span class='ocrx_word' id='word_1_620' title='bbox 2772 1953 2916 2007; x_wconf 90' lang='lat' dir='ltr'><strong>omni</strong></span> <span class='ocrx_word' id='word_1_621' title='bbox 2947 1952 3207 2022; x_wconf 84' lang='lat' dir='ltr'><strong>supplicio</strong></span> <span class='ocrx_word' id='word_1_622' title='bbox 3238 1947 3609 2004; x_wconf 88' lang='lat' dir='ltr'><strong>vehementius</strong></span> 
     </span>
    </p>
   </div>
   <div class='ocr_carea' id='block_1_81' title="bbox 2018 2040 3612 2117">
    <p class='ocr_par' dir='ltr' id='par_1_81' title="bbox 2018 2040 3612 2117">
     <span class='ocr_line' id='line_1_81' title="bbox 2018 2040 3612 2117; baseline -0.005 -17"><span class='ocrx_word' id='word_1_623' title='bbox 2018 2048 2160 2117; x_wconf 88' lang='lat' dir='ltr'><strong>ipsos</strong></span> <span class='ocrx_word' id='word_1_624' title='bbox 2190 2046 2366 2117; x_wconf 86' lang='lat' dir='ltr'><strong>punis.</strong></span> <span class='ocrx_word' id='word_1_625' title='bbox 2405 2046 2481 2101; x_wconf 87' lang='lat' dir='ltr'><strong>Ne</strong></span> <span class='ocrx_word' id='word_1_626' title='bbox 2519 2046 2678 2116; x_wconf 83' lang='lat' dir='ltr'><strong>igitur</strong></span> <span class='ocrx_word' id='word_1_627' title='bbox 2707 2045 2839 2114; x_wconf 88' lang='lat' dir='ltr'><strong>ipsis</strong></span> <span class='ocrx_word' id='word_1_628' title='bbox 2868 2044 3089 2098; x_wconf 86' lang='lat' dir='ltr'><strong>ulterius</strong></span> <span class='ocrx_word' id='word_1_629' title='bbox 3130 2040 3458 2097; x_wconf 84' lang='lat' dir='ltr'><strong>calamitates</strong></span> <span class='ocrx_word' id='word_1_630' title='bbox 3487 2053 3612 2107; x_wconf 90' lang='lat' dir='ltr'><strong>pro-</strong></span> 
     </span>
    </p>
   </div>
   <div class='ocr_carea' id='block_1_82' title="bbox 2017 2124 3611 2206">
    <p class='ocr_par' dir='ltr' id='par_1_82' title="bbox 2017 2124 3611 2206">
     <span class='ocr_line' id='line_1_82' title="bbox 2017 2124 3611 2206; baseline -0.007 -15"><span class='ocrx_word' id='word_1_631' title='bbox 2017 2139 2180 2192; x_wconf 76' lang='lat' dir='ltr'><strong>ducas</strong></span> <span class='ocrx_word' id='word_1_632' title='bbox 2200 2180 2213 2201; x_wconf 85' lang='lat'><strong>,</strong></span> <span class='ocrx_word' id='word_1_633' title='bbox 2255 2137 2350 2193; x_wconf 90' lang='lat' dir='ltr'><strong>sed</strong></span> <span class='ocrx_word' id='word_1_634' title='bbox 2388 2136 2498 2206; x_wconf 87' lang='lat' dir='ltr'><strong>jam</strong></span> <span class='ocrx_word' id='word_1_635' title='bbox 2525 2136 2790 2205; x_wconf 73' lang='lat' dir='ltr'><strong>respirare</strong></span> <span class='ocrx_word' id='word_1_636' title='bbox 2821 2133 3105 2189; x_wconf 88' lang='lat' dir='ltr'><strong>concedas.</strong></span> <span class='ocrx_word' id='word_1_637' title='bbox 3134 2124 3389 2187; x_wconf 76' lang='lat' dir='ltr'><strong>Subditos</strong></span> <span class='ocrx_word' id='word_1_638' title='bbox 3418 2143 3611 2198; x_wconf 86' lang='lat' dir='ltr'><strong>nempe</strong></span> 
     </span>
    </p>
   </div>
   <div class='ocr_carea' id='block_1_83' title="bbox 2017 2221 3611 2299">
    <p class='ocr_par' dir='ltr' id='par_1_83' title="bbox 2017 2221 3611 2299">
     <span class='ocr_line' id='line_1_83' title="bbox 2017 2221 3611 2299; baseline -0.006 -18"><span class='ocrx_word' id='word_1_639' title='bbox 2017 2229 2277 2297; x_wconf 79' lang='lat' dir='ltr'><strong>castigare</strong></span> <span class='ocrx_word' id='word_1_640' title='bbox 2317 2236 2372 2282; x_wconf 89' lang='lat' dir='ltr'><strong>et</strong></span> <span class='ocrx_word' id='word_1_641' title='bbox 2397 2238 2668 2299; x_wconf 86' lang='lat' dir='ltr'><strong>gestorum</strong></span> <span class='ocrx_word' id='word_1_642' title='bbox 2698 2228 2909 2297; x_wconf 81' lang='lat' dir='ltr'><strong>exigere</strong></span> <span class='ocrx_word' id='word_1_643' title='bbox 2935 2238 3149 2296; x_wconf 84' lang='lat' dir='ltr'><strong>poenas,</strong></span> <span class='ocrx_word' id='word_1_644' title='bbox 3196 2222 3350 2277; x_wconf 87' lang='lat' dir='ltr'><strong>facile</strong></span> <span class='ocrx_word' id='word_1_645' title='bbox 3397 2221 3611 2290; x_wconf 85' lang='lat' dir='ltr'><strong>penitus</strong></span> 
     </span>
    </p>
   </div>
   <div class='ocr_carea' id='block_1_84' title="bbox 2018 2314 3608 2391">
    <p class='ocr_par' dir='ltr' id='par_1_84' title="bbox 2018 2314 3608 2391">
     <span class='ocr_line' id='line_1_84' title="bbox 2018 2314 3608 2391; baseline -0.006 -16"><span class='ocrx_word' id='word_1_646' title='bbox 2018 2330 2071 2375; x_wconf 90' lang='lat' dir='ltr'><strong>ct</strong></span> <span class='ocrx_word' id='word_1_647' title='bbox 2098 2329 2438 2391; x_wconf 89' lang='lat' dir='ltr'><strong>promptum;</strong></span> <span class='ocrx_word' id='word_1_648' title='bbox 2469 2321 2533 2375; x_wconf 92' lang='lat' dir='ltr'><strong>iis</strong></span> <span class='ocrx_word' id='word_1_649' title='bbox 2570 2334 2698 2373; x_wconf 89' lang='lat' dir='ltr'><strong>vero</strong></span> <span class='ocrx_word' id='word_1_650' title='bbox 2741 2319 2833 2389; x_wconf 86' lang='lat' dir='ltr'><strong>qui</strong></span> <span class='ocrx_word' id='word_1_651' title='bbox 2881 2318 3231 2373; x_wconf 87' lang='lat' dir='ltr'><strong>contumelias</strong></span> <span class='ocrx_word' id='word_1_652' title='bbox 3286 2314 3608 2380; x_wconf 84' lang='lat' dir='ltr'><strong>intulerunt,</strong></span> 
     </span>
    </p>
   </div>
   <div class='ocr_carea' id='block_1_85' title="bbox 2019 2407 3609 2485">
    <p class='ocr_par' dir='ltr' id='par_1_85' title="bbox 2019 2407 3609 2485">
     <span class='ocr_line' id='line_1_85' title="bbox 2019 2407 3609 2485; baseline -0.004 -19"><span class='ocrx_word' id='word_1_653' title='bbox 2019 2430 2259 2485; x_wconf 87' lang='lat' dir='ltr'><strong>parcere,</strong></span> <span class='ocrx_word' id='word_1_654' title='bbox 2289 2422 2344 2469; x_wconf 91' lang='lat' dir='ltr'><strong>et</strong></span> <span class='ocrx_word' id='word_1_655' title='bbox 2373 2414 2438 2468; x_wconf 90' lang='lat' dir='ltr'><strong>iis</strong></span> <span class='ocrx_word' id='word_1_656' title='bbox 2459 2413 2550 2483; x_wconf 91' lang='lat' dir='ltr'><strong>qui</strong></span> <span class='ocrx_word' id='word_1_657' title='bbox 2580 2413 2734 2467; x_wconf 89' lang='lat' dir='ltr'><strong>venia</strong></span> <span class='ocrx_word' id='word_1_658' title='bbox 2761 2412 2976 2482; x_wconf 85' lang='lat' dir='ltr'><strong>indigna</strong></span> <span class='ocrx_word' id='word_1_659' title='bbox 3007 2417 3371 2480; x_wconf 86' lang='lat' dir='ltr'><strong>patravcrunt,</strong></span> <span class='ocrx_word' id='word_1_660' title='bbox 3398 2407 3609 2461; x_wconf 80' lang='lat' dir='ltr'><strong>veniant</strong></span> 
     </span>
    </p>
   </div>
   <div class='ocr_carea' id='block_1_86' title="bbox 2018 2499 3613 2572">
    <p class='ocr_par' dir='ltr' id='par_1_86' title="bbox 2018 2499 3613 2572">
     <span class='ocr_line' id='line_1_86' title="bbox 2018 2499 3613 2572; baseline -0.005 -12"><span class='ocrx_word' id='word_1_661' title='bbox 2018 2500 2171 2572; x_wconf 63' lang='lat' dir='ltr'><strong>dare,</strong></span> <span class='ocrx_word' id='word_1_662' title='bbox 2203 2505 2362 2560; x_wconf 90' lang='lat' dir='ltr'><strong>unius</strong></span> <span class='ocrx_word' id='word_1_663' title='bbox 2392 2513 2447 2558; x_wconf 90' lang='lat' dir='ltr'><strong>et</strong></span> <span class='ocrx_word' id='word_1_664' title='bbox 2472 2504 2557 2558; x_wconf 80' lang='lat' dir='ltr'><strong>vix</strong></span> <span class='ocrx_word' id='word_1_665' title='bbox 2585 2504 2804 2559; x_wconf 89' lang='lat' dir='ltr'><strong>alterius</strong></span> <span class='ocrx_word' id='word_1_666' title='bbox 2829 2512 2932 2570; x_wconf 86' lang='lat' dir='ltr'><strong>est,</strong></span> <span class='ocrx_word' id='word_1_667' title='bbox 2962 2512 3012 2557; x_wconf 90' lang='lat' dir='ltr'><strong>et</strong></span> <span class='ocrx_word' id='word_1_668' title='bbox 3038 2502 3268 2556; x_wconf 81' lang='lat' dir='ltr'><strong>maxime</strong></span> <span class='ocrx_word' id='word_1_669' title='bbox 3293 2514 3415 2554; x_wconf 91' lang='lat' dir='ltr'><strong>cum</strong></span> <span class='ocrx_word' id='word_1_670' title='bbox 3444 2499 3613 2568; x_wconf 59' lang='lat' dir='ltr'><strong>lmpeo</strong></span> 
     </span>
    </p>
   </div>
   <div class='ocr_carea' id='block_1_87' title="bbox 2019 2591 3611 2671">
    <p class='ocr_par' dir='ltr' id='par_1_87' title="bbox 2019 2591 3611 2671">
     <span class='ocr_line' id='line_1_87' title="bbox 2019 2591 3611 2671; baseline -0.005 -19"><span class='ocrx_word' id='word_1_671' title='bbox 2019 2611 2168 2653; x_wconf 81' lang='lat' dir='ltr'><strong>ratur</strong></span> <span class='ocrx_word' id='word_1_672' title='bbox 2192 2598 2262 2651; x_wconf 90' lang='lat' dir='ltr'><strong>sit</strong></span> <span class='ocrx_word' id='word_1_673' title='bbox 2289 2596 2668 2652; x_wconf 89' lang='lat' dir='ltr'><strong>contumeliam</strong></span> <span class='ocrx_word' id='word_1_674' title='bbox 2716 2610 2922 2666; x_wconf 87' lang='lat' dir='ltr'><strong>passus.</strong></span> <span class='ocrx_word' id='word_1_675' title='bbox 2970 2594 3038 2649; x_wconf 88' lang='lat' dir='ltr'><strong>Et</strong></span> <span class='ocrx_word' id='word_1_676' title='bbox 3084 2593 3351 2671; x_wconf 85' lang='lat' dir='ltr'><strong>civitatem</strong></span> <span class='ocrx_word' id='word_1_677' title='bbox 3396 2591 3611 2662; x_wconf 86' lang='lat' dir='ltr'><strong>quidem</strong></span> 
     </span>
    </p>
   </div>
   <div class='ocr_carea' id='block_1_88' title="bbox 2019 2687 3614 2755">
    <p class='ocr_par' dir='ltr' id='par_1_88' title="bbox 2019 2687 3614 2755">
     <span class='ocr_line' id='line_1_88' title="bbox 2019 2687 3614 2755; baseline -0.003 -10"><span class='ocrx_word' id='word_1_678' title='bbox 2019 2702 2166 2745; x_wconf 88' lang='lat' dir='ltr'><strong>metu</strong></span> <span class='ocrx_word' id='word_1_679' title='bbox 2196 2690 2429 2746; x_wconf 88' lang='lat' dir='ltr'><strong>subdere</strong></span> <span class='ocrx_word' id='word_1_680' title='bbox 2456 2689 2643 2755; x_wconf 87' lang='lat' dir='ltr'><strong>facile;</strong></span> <span class='ocrx_word' id='word_1_681' title='bbox 2674 2703 2864 2745; x_wconf 88' lang='lat' dir='ltr'><strong>omnes</strong></span> <span class='ocrx_word' id='word_1_682' title='bbox 2895 2697 3072 2743; x_wconf 89' lang='lat' dir='ltr'><strong>autem</strong></span> <span class='ocrx_word' id='word_1_683' title='bbox 3103 2687 3182 2741; x_wconf 91' lang='lat' dir='ltr'><strong>sui</strong></span> <span class='ocrx_word' id='word_1_684' title='bbox 3214 2694 3456 2741; x_wconf 89' lang='lat' dir='ltr'><strong>amantes</strong></span> <span class='ocrx_word' id='word_1_685' title='bbox 3481 2700 3614 2740; x_wconf 74' lang='lat' dir='ltr'><strong>eon-</strong></span> 
     </span>
    </p>
   </div>
   <div class='ocr_carea' id='block_1_89' title="bbox 2020 2779 3615 2853">
    <p class='ocr_par' dir='ltr' id='par_1_89' title="bbox 2020 2779 3615 2853">
     <span class='ocr_line' id='line_1_89' title="bbox 2020 2779 3615 2853; baseline -0.004 -16"><span class='ocrx_word' id='word_1_686' title='bbox 2020 2785 2277 2849; x_wconf 82' lang='lat' dir='ltr'><strong>stituere,</strong></span> <span class='ocrx_word' id='word_1_687' title='bbox 2322 2783 2493 2853; x_wconf 89' lang='lat' dir='ltr'><strong>iisque</strong></span> <span class='ocrx_word' id='word_1_688' title='bbox 2534 2782 2859 2852; x_wconf 87' lang='lat' dir='ltr'><strong>persuadere</strong></span> <span class='ocrx_word' id='word_1_689' title='bbox 2907 2789 2966 2835; x_wconf 89' lang='lat' dir='ltr'><strong>ut</strong></span> <span class='ocrx_word' id='word_1_690' title='bbox 3007 2779 3061 2834; x_wconf 89' lang='lat' dir='ltr'><strong>in</strong></span> <span class='ocrx_word' id='word_1_691' title='bbox 3104 2793 3325 2849; x_wconf 88' lang='lat' dir='ltr'><strong>regnum</strong></span> <span class='ocrx_word' id='word_1_692' title='bbox 3369 2787 3514 2831; x_wconf 90' lang='lat' dir='ltr'><strong>tuum</strong></span> <span class='ocrx_word' id='word_1_693' title='bbox 3556 2790 3615 2831; x_wconf 86' lang='lat' dir='ltr'><strong>se</strong></span> 
     </span>
    </p>
   </div>
   <div class='ocr_carea' id='block_1_90' title="bbox 2020 2856 3611 2938">
    <p class='ocr_par' dir='ltr' id='par_1_90' title="bbox 2020 2856 3611 2938">
     <span class='ocr_line' id='line_1_90' title="bbox 2020 2856 3611 2938; baseline -0.004 -10"><span class='ocrx_word' id='word_1_694' title='bbox 2020 2873 2278 2929; x_wconf 87' lang='lat' dir='ltr'><strong>benevole</strong></span> <span class='ocrx_word' id='word_1_695' title='bbox 2302 2873 2568 2938; x_wconf 90' lang='lat' dir='ltr'><strong>habeant,</strong></span> <span class='ocrx_word' id='word_1_696' title='bbox 2612 2882 2663 2929; x_wconf 89' lang='lat' dir='ltr'><strong>et</strong></span> <span class='ocrx_word' id='word_1_697' title='bbox 2692 2856 2795 2927; x_wconf 87' lang='lat' dir='ltr'><strong>non</strong></span> <span class='ocrx_word' id='word_1_698' title='bbox 2829 2880 3028 2925; x_wconf 90' lang='lat' dir='ltr'><strong>tantum</strong></span> <span class='ocrx_word' id='word_1_699' title='bbox 3054 2883 3365 2925; x_wconf 89' lang='lat' dir='ltr'><strong>communes</strong></span> <span class='ocrx_word' id='word_1_700' title='bbox 3386 2911 3399 2932; x_wconf 84' lang='lat'><strong>,</strong></span> <span class='ocrx_word' id='word_1_701' title='bbox 3426 2882 3611 2922; x_wconf 72' lang='lat' dir='ltr'><strong>verum</strong></span> 
     </span>
    </p>
   </div>
   <div class='ocr_carea' id='block_1_91' title="bbox 2020 2957 3610 3035">
    <p class='ocr_par' dir='ltr' id='par_1_91' title="bbox 2020 2957 3610 3035">
     <span class='ocr_line' id='line_1_91' title="bbox 2020 2957 3610 3035; baseline -0.003 -17"><span class='ocrx_word' id='word_1_702' title='bbox 2020 2973 2076 3018; x_wconf 92' lang='lat' dir='ltr'><strong>et</strong></span> <span class='ocrx_word' id='word_1_703' title='bbox 2105 2966 2335 3034; x_wconf 89' lang='lat' dir='ltr'><strong>privatas</strong></span> <span class='ocrx_word' id='word_1_704' title='bbox 2369 2979 2465 3035; x_wconf 90' lang='lat' dir='ltr'><strong>pro</strong></span> <span class='ocrx_word' id='word_1_705' title='bbox 2496 2975 2585 3018; x_wconf 91' lang='lat' dir='ltr'><strong>tuo</strong></span> <span class='ocrx_word' id='word_1_706' title='bbox 2613 2980 2804 3035; x_wconf 88' lang='lat' dir='ltr'><strong>preces</strong></span> <span class='ocrx_word' id='word_1_707' title='bbox 2835 2963 3058 3033; x_wconf 90' lang='lat' dir='ltr'><strong>imperio</strong></span> <span class='ocrx_word' id='word_1_708' title='bbox 3087 2962 3330 3027; x_wconf 88' lang='lat' dir='ltr'><strong>fundant,</strong></span> <span class='ocrx_word' id='word_1_709' title='bbox 3359 2957 3610 3014; x_wconf 83' lang='lat' dir='ltr'><strong>difficile:</strong></span> 
     </span>
    </p>
   </div>
   <div class='ocr_carea' id='block_1_92' title="bbox 2022 3053 3614 3126">
    <p class='ocr_par' dir='ltr' id='par_1_92' title="bbox 2022 3053 3614 3126">
     <span class='ocr_line' id='line_1_92' title="bbox 2022 3053 3614 3126; baseline -0.004 -17"><span class='ocrx_word' id='word_1_710' title='bbox 2022 3055 2145 3110; x_wconf 85' lang='lat' dir='ltr'><strong>licet</strong></span> <span class='ocrx_word' id='word_1_711' title='bbox 2171 3055 2402 3109; x_wconf 83' lang='lat' dir='ltr'><strong>infinitas</strong></span> <span class='ocrx_word' id='word_1_712' title='bbox 2432 3059 2548 3126; x_wconf 89' lang='lat' dir='ltr'><strong>quis</strong></span> <span class='ocrx_word' id='word_1_713' title='bbox 2578 3055 2848 3126; x_wconf 79' lang='lat' dir='ltr'><strong>expendat</strong></span> <span class='ocrx_word' id='word_1_714' title='bbox 2884 3054 3134 3123; x_wconf 88' lang='lat' dir='ltr'><strong>pecunias</strong></span> <span class='ocrx_word' id='word_1_715' title='bbox 3156 3095 3169 3118; x_wconf 93' lang='lat'><strong>,</strong></span> <span class='ocrx_word' id='word_1_716' title='bbox 3213 3061 3267 3108; x_wconf 91' lang='lat' dir='ltr'><strong>et</strong></span> <span class='ocrx_word' id='word_1_717' title='bbox 3304 3053 3614 3106; x_wconf 88' lang='lat' dir='ltr'><strong>innumeros</strong></span> 
     </span>
    </p>
   </div>
   <div class='ocr_carea' id='block_1_93' title="bbox 2023 3140 3614 3214">
    <p class='ocr_par' dir='ltr' id='par_1_93' title="bbox 2023 3140 3614 3214">
     <span class='ocr_line' id='line_1_93' title="bbox 2023 3140 3614 3214; baseline -0.005 -13"><span class='ocrx_word' id='word_1_718' title='bbox 2023 3146 2290 3201; x_wconf 78' lang='lat' dir='ltr'><strong>exercitus</strong></span> <span class='ocrx_word' id='word_1_719' title='bbox 2331 3157 2540 3199; x_wconf 87' lang='lat' dir='ltr'><strong>moveat</strong></span> <span class='ocrx_word' id='word_1_720' title='bbox 2563 3188 2576 3210; x_wconf 91' lang='lat'><strong>,</strong></span> <span class='ocrx_word' id='word_1_721' title='bbox 2625 3153 2680 3199; x_wconf 90' lang='lat' dir='ltr'><strong>et</strong></span> <span class='ocrx_word' id='word_1_722' title='bbox 2718 3144 2973 3214; x_wconf 87' lang='lat' dir='ltr'><strong>quidquid</strong></span> <span class='ocrx_word' id='word_1_723' title='bbox 3002 3154 3252 3211; x_wconf 74' lang='lat' dir='ltr'><strong>cperctur</strong></span> <span class='ocrx_word' id='word_1_724' title='bbox 3276 3183 3291 3207; x_wconf 97' lang='lat'><strong>,</strong></span> <span class='ocrx_word' id='word_1_725' title='bbox 3326 3158 3429 3195; x_wconf 91' lang='lat' dir='ltr'><strong>non</strong></span> <span class='ocrx_word' id='word_1_726' title='bbox 3461 3140 3614 3195; x_wconf 84' lang='lat' dir='ltr'><strong>facile</strong></span> 
     </span>
    </p>
   </div>
   <div class='ocr_carea' id='block_1_94' title="bbox 2025 3231 3610 3305">
    <p class='ocr_par' dir='ltr' id='par_1_94' title="bbox 2025 3231 3610 3305">
     <span class='ocr_line' id='line_1_94' title="bbox 2025 3231 3610 3305; baseline -0.006 -12"><span class='ocrx_word' id='word_1_727' title='bbox 2025 3249 2099 3294; x_wconf 88' lang='lat' dir='ltr'><strong>tot</strong></span> <span class='ocrx_word' id='word_1_728' title='bbox 2130 3237 2402 3305; x_wconf 87' lang='lat' dir='ltr'><strong>hominum</strong></span> <span class='ocrx_word' id='word_1_729' title='bbox 2436 3235 2684 3291; x_wconf 78' lang='lat' dir='ltr'><strong>affectum</strong></span> <span class='ocrx_word' id='word_1_730' title='bbox 2715 3235 2781 3290; x_wconf 90' lang='lat' dir='ltr'><strong>ad</strong></span> <span class='ocrx_word' id='word_1_731' title='bbox 2817 3237 3048 3304; x_wconf 87' lang='lat' dir='ltr'><strong>seipsmn</strong></span> <span class='ocrx_word' id='word_1_732' title='bbox 3080 3234 3351 3287; x_wconf 87' lang='lat' dir='ltr'><strong>attrahere</strong></span> <span class='ocrx_word' id='word_1_733' title='bbox 3380 3231 3610 3301; x_wconf 88' lang='lat' dir='ltr'><strong>poterit,</strong></span> 
     </span>
    </p>
   </div>
   <div class='ocr_carea' id='block_1_95' title="bbox 2022 3321 3614 3401">
    <p class='ocr_par' dir='ltr' id='par_1_95' title="bbox 2022 3321 3614 3401">
     <span class='ocr_line' id='line_1_95' title="bbox 2022 3321 3614 3401; baseline -0.004 -20"><span class='ocrx_word' id='word_1_734' title='bbox 2022 3330 2161 3401; x_wconf 91' lang='lat' dir='ltr'><strong>quod</strong></span> <span class='ocrx_word' id='word_1_735' title='bbox 2194 3344 2337 3383; x_wconf 88' lang='lat' dir='ltr'><strong>nunc</strong></span> <span class='ocrx_word' id='word_1_736' title='bbox 2376 3329 2466 3381; x_wconf 90' lang='lat' dir='ltr'><strong>tibi</strong></span> <span class='ocrx_word' id='word_1_737' title='bbox 2500 3328 2655 3382; x_wconf 87' lang='lat' dir='ltr'><strong>facile</strong></span> <span class='ocrx_word' id='word_1_738' title='bbox 2699 3328 2802 3381; x_wconf 89' lang='lat' dir='ltr'><strong>erit</strong></span> <span class='ocrx_word' id='word_1_739' title='bbox 2840 3335 2895 3381; x_wconf 90' lang='lat' dir='ltr'><strong>et</strong></span> <span class='ocrx_word' id='word_1_740' title='bbox 2938 3325 3129 3378; x_wconf 82' lang='lat' dir='ltr'><strong>nullius</strong></span> <span class='ocrx_word' id='word_1_741' title='bbox 3158 3322 3375 3393; x_wconf 85' lang='lat' dir='ltr'><strong>negotii.</strong></span> <span class='ocrx_word' id='word_1_742' title='bbox 3406 3321 3534 3377; x_wconf 85' lang='lat' dir='ltr'><strong>Nam</strong></span> <span class='ocrx_word' id='word_1_743' title='bbox 3560 3330 3614 3377; x_wconf 87' lang='lat' dir='ltr'><strong>et</strong></span> 
     </span>
    </p>
   </div>
   <div class='ocr_carea' id='block_1_96' title="bbox 2025 3415 3612 3489">
    <p class='ocr_par' dir='ltr' id='par_1_96' title="bbox 2025 3415 3612 3489">
     <span class='ocr_line' id='line_1_96' title="bbox 2025 3415 3612 3489; baseline -0.004 -13"><span class='ocrx_word' id='word_1_744' title='bbox 2025 3423 2299 3477; x_wconf 84' lang='lat' dir='ltr'><strong>beneficiis</strong></span> <span class='ocrx_word' id='word_1_745' title='bbox 2335 3421 2548 3486; x_wconf 82' lang='lat' dir='ltr'><strong>affecti,</strong></span> <span class='ocrx_word' id='word_1_746' title='bbox 2593 3430 2647 3474; x_wconf 91' lang='lat' dir='ltr'><strong>ct</strong></span> <span class='ocrx_word' id='word_1_747' title='bbox 2693 3419 2783 3489; x_wconf 92' lang='lat' dir='ltr'><strong>qui</strong></span> <span class='ocrx_word' id='word_1_748' title='bbox 2832 3418 3097 3472; x_wconf 86' lang='lat' dir='ltr'><strong>audierint</strong></span> <span class='ocrx_word' id='word_1_749' title='bbox 3136 3419 3332 3487; x_wconf 89' lang='lat' dir='ltr'><strong>pariter</strong></span> <span class='ocrx_word' id='word_1_750' title='bbox 3360 3431 3479 3469; x_wconf 89' lang='lat' dir='ltr'><strong>cmn</strong></span> <span class='ocrx_word' id='word_1_751' title='bbox 3510 3415 3572 3469; x_wconf 90' lang='lat' dir='ltr'><strong>iis</strong></span> <span class='ocrx_word' id='word_1_752' title='bbox 3594 3455 3612 3481; x_wconf 96' lang='lat'><strong>,</strong></span> 
     </span>
    </p>
   </div>
   <div class='ocr_carea' id='block_1_97' title="bbox 2025 3508 3609 3587">
    <p class='ocr_par' dir='ltr' id='par_1_97' title="bbox 2025 3508 3609 3587">
     <span class='ocr_line' id='line_1_97' title="bbox 2025 3508 3609 3587; baseline -0.004 -22"><span class='ocrx_word' id='word_1_753' title='bbox 2025 3517 2111 3587; x_wconf 83' lang='lat' dir='ltr'><strong>qni</strong></span> <span class='ocrx_word' id='word_1_754' title='bbox 2144 3514 2397 3568; x_wconf 79' lang='lat' dir='ltr'><strong>beneficia</strong></span> <span class='ocrx_word' id='word_1_755' title='bbox 2424 3513 2748 3581; x_wconf 83' lang='lat' dir='ltr'><strong>acceperint,</strong></span> <span class='ocrx_word' id='word_1_756' title='bbox 2779 3525 2902 3580; x_wconf 86' lang='lat' dir='ltr'><strong>erga</strong></span> <span class='ocrx_word' id='word_1_757' title='bbox 2932 3519 2982 3564; x_wconf 88' lang='lat' dir='ltr'><strong>te</strong></span> <span class='ocrx_word' id='word_1_758' title='bbox 3012 3508 3267 3575; x_wconf 80' lang='lat' dir='ltr'><strong>benevole</strong></span> <span class='ocrx_word' id='word_1_759' title='bbox 3290 3508 3609 3562; x_wconf 77' lang='lat' dir='ltr'><strong>afﬁcientur.</strong></span> 
     </span>
    </p>
   </div>
   <div class='ocr_carea' id='block_1_98' title="bbox 2026 3597 3615 3676">
    <p class='ocr_par' dir='ltr' id='par_1_98' title="bbox 2026 3597 3615 3676">
     <span class='ocr_line' id='line_1_98' title="bbox 2026 3597 3615 3676; baseline -0.006 -16"><span class='ocrx_word' id='word_1_760' title='bbox 2026 3609 2164 3676; x_wconf 86' lang='lat' dir='ltr'><strong>Quot</strong></span> <span class='ocrx_word' id='word_1_761' title='bbox 2195 3605 2431 3676; x_wconf 81' lang='lat' dir='ltr'><strong>pecuniis</strong></span> <span class='ocrx_word' id='word_1_762' title='bbox 2459 3606 2704 3670; x_wconf 81' lang='lat' dir='ltr'><strong>emisses,</strong></span> <span class='ocrx_word' id='word_1_763' title='bbox 2736 3613 2864 3674; x_wconf 89' lang='lat' dir='ltr'><strong>quot</strong></span> <span class='ocrx_word' id='word_1_764' title='bbox 2894 3600 3118 3656; x_wconf 82' lang='lat' dir='ltr'><strong>emisses</strong></span> <span class='ocrx_word' id='word_1_765' title='bbox 3145 3599 3435 3663; x_wconf 85' lang='lat' dir='ltr'><strong>laboribus,</strong></span> <span class='ocrx_word' id='word_1_766' title='bbox 3468 3597 3615 3653; x_wconf 88' lang='lat' dir='ltr'><strong>brevi</strong></span> 
     </span>
    </p>
   </div>
   <div class='ocr_carea' id='block_1_99' title="bbox 2027 3689 3614 3768">
    <p class='ocr_par' dir='ltr' id='par_1_99' title="bbox 2027 3689 3614 3768">
     <span class='ocr_line' id='line_1_99' title="bbox 2027 3689 3614 3768; baseline -0.008 -15"><span class='ocrx_word' id='word_1_767' title='bbox 2027 3698 2283 3768; x_wconf 82' lang='lat' dir='ltr'><strong>temporis</strong></span> <span class='ocrx_word' id='word_1_768' title='bbox 2315 3705 2584 3750; x_wconf 90' lang='lat' dir='ltr'><strong>momento</strong></span> <span class='ocrx_word' id='word_1_769' title='bbox 2618 3705 2784 3750; x_wconf 90' lang='lat' dir='ltr'><strong>totum</strong></span> <span class='ocrx_word' id='word_1_770' title='bbox 2816 3695 3002 3749; x_wconf 85' lang='lat' dir='ltr'><strong>urbem</strong></span> <span class='ocrx_word' id='word_1_771' title='bbox 3030 3690 3326 3762; x_wconf 86' lang='lat' dir='ltr'><strong>acquirere.</strong></span> <span class='ocrx_word' id='word_1_772' title='bbox 3358 3699 3414 3744; x_wconf 89' lang='lat' dir='ltr'><strong>et</strong></span> <span class='ocrx_word' id='word_1_773' title='bbox 3438 3689 3614 3742; x_wconf 90' lang='lat' dir='ltr'><strong>omni-</strong></span> 
     </span>
    </p>
   </div>
   <div class='ocr_carea' id='block_1_100' title="bbox 2026 3785 3615 3864">
    <p class='ocr_par' dir='ltr' id='par_1_100' title="bbox 2026 3785 3615 3864">
     <span class='ocr_line' id='line_1_100' title="bbox 2026 3785 3615 3864; baseline -0.007 -21"><span class='ocrx_word' id='word_1_774' title='bbox 2026 3792 2123 3844; x_wconf 82' lang='lat' dir='ltr'><strong>bus</strong></span> <span class='ocrx_word' id='word_1_775' title='bbox 2152 3790 2239 3858; x_wconf 89' lang='lat' dir='ltr'><strong>qui</strong></span> <span class='ocrx_word' id='word_1_776' title='bbox 2269 3803 2407 3864; x_wconf 90' lang='lat' dir='ltr'><strong>nunc</strong></span> <span class='ocrx_word' id='word_1_777' title='bbox 2445 3797 2567 3841; x_wconf 88' lang='lat' dir='ltr'><strong>sunt</strong></span> <span class='ocrx_word' id='word_1_778' title='bbox 2599 3788 2893 3855; x_wconf 83' lang='lat' dir='ltr'><strong>futurisque</strong></span> <span class='ocrx_word' id='word_1_779' title='bbox 2933 3785 3276 3854; x_wconf 68' lang='lat' dir='ltr'><strong>persuadere,</strong></span> <span class='ocrx_word' id='word_1_780' title='bbox 3336 3791 3392 3834; x_wconf 93' lang='lat' dir='ltr'><strong>ut</strong></span> <span class='ocrx_word' id='word_1_781' title='bbox 3418 3789 3615 3851; x_wconf 91' lang='lat' dir='ltr'><strong>quanta</strong></span> 
     </span>
    </p>
   </div>
   <div class='ocr_carea' id='block_1_101' title="bbox 2027 3872 3613 3947">
    <p class='ocr_par' dir='ltr' id='par_1_101' title="bbox 2027 3872 3613 3947">
     <span class='ocr_line' id='line_1_101' title="bbox 2027 3872 3613 3947; baseline -0.006 -14"><span class='ocrx_word' id='word_1_782' title='bbox 2027 3882 2147 3933; x_wconf 67' lang='lat' dir='ltr'><strong>filiis</strong></span> <span class='ocrx_word' id='word_1_783' title='bbox 2176 3880 2286 3933; x_wconf 88' lang='lat' dir='ltr'><strong>suis</strong></span> <span class='ocrx_word' id='word_1_784' title='bbox 2316 3888 2519 3947; x_wconf 82' lang='lat' dir='ltr'><strong>eptant,</strong></span> <span class='ocrx_word' id='word_1_785' title='bbox 2548 3887 2689 3932; x_wconf 85' lang='lat' dir='ltr'><strong>tanta</strong></span> <span class='ocrx_word' id='word_1_786' title='bbox 2713 3886 2766 3931; x_wconf 83' lang='lat' dir='ltr'><strong>et</strong></span> <span class='ocrx_word' id='word_1_787' title='bbox 2781 3877 2938 3946; x_wconf 85' lang='lat' dir='ltr'><strong>capiti</strong></span> <span class='ocrx_word' id='word_1_788' title='bbox 2964 3887 3051 3930; x_wconf 89' lang='lat' dir='ltr'><strong>tuo</strong></span> <span class='ocrx_word' id='word_1_789' title='bbox 3073 3884 3337 3944; x_wconf 86' lang='lat' dir='ltr'><strong>optarent.</strong></span> <span class='ocrx_word' id='word_1_790' title='bbox 3361 3872 3414 3929; x_wconf 91' lang='lat' dir='ltr'><strong>Si</strong></span> <span class='ocrx_word' id='word_1_791' title='bbox 3437 3882 3613 3927; x_wconf 83' lang='lat' dir='ltr'><strong>autem</strong></span> 
     </span>
    </p>
   </div>
   <div class='ocr_carea' id='block_1_102' title="bbox 2025 3966 3617 4039">
    <p class='ocr_par' dir='ltr' id='par_1_102' title="bbox 2025 3966 3617 4039">
     <span class='ocr_line' id='line_1_102' title="bbox 2025 3966 3617 4039; baseline -0.003 -14"><span class='ocrx_word' id='word_1_792' title='bbox 2025 3973 2092 4026; x_wconf 88' lang='lat' dir='ltr'><strong>ab</strong></span> <span class='ocrx_word' id='word_1_793' title='bbox 2121 3972 2422 4026; x_wconf 87' lang='lat' dir='ltr'><strong>hominibus</strong></span> <span class='ocrx_word' id='word_1_794' title='bbox 2446 3972 2579 4037; x_wconf 83' lang='lat' dir='ltr'><strong>haec,</strong></span> <span class='ocrx_word' id='word_1_795' title='bbox 2603 3971 2773 4039; x_wconf 86' lang='lat' dir='ltr'><strong>cogita</strong></span> <span class='ocrx_word' id='word_1_796' title='bbox 2798 3980 3046 4038; x_wconf 76' lang='lat' dir='ltr'><strong>quantum</strong></span> <span class='ocrx_word' id='word_1_797' title='bbox 3070 3983 3100 4021; x_wconf 90' lang='lat' dir='ltr'><strong>a</strong></span> <span class='ocrx_word' id='word_1_798' title='bbox 3132 3968 3238 4021; x_wconf 83' lang='lat' dir='ltr'><strong>Deo</strong></span> <span class='ocrx_word' id='word_1_799' title='bbox 3268 3966 3448 4035; x_wconf 90' lang='lat' dir='ltr'><strong>capies</strong></span> <span class='ocrx_word' id='word_1_800' title='bbox 3474 3982 3617 4020; x_wconf 85' lang='lat' dir='ltr'><strong>mer-</strong></span> 
     </span>
    </p>
   </div>
   <div class='ocr_carea' id='block_1_103' title="bbox 2026 4058 3614 4127">
    <p class='ocr_par' dir='ltr' id='par_1_103' title="bbox 2026 4058 3614 4127">
     <span class='ocr_line' id='line_1_103' title="bbox 2026 4058 3614 4127; baseline -0.006 -11"><span class='ocrx_word' id='word_1_801' title='bbox 2026 4062 2234 4126; x_wconf 86' lang='lat' dir='ltr'><strong>cedem,</strong></span> <span class='ocrx_word' id='word_1_802' title='bbox 2283 4076 2388 4114; x_wconf 88' lang='lat' dir='ltr'><strong>non</strong></span> <span class='ocrx_word' id='word_1_803' title='bbox 2431 4069 2632 4113; x_wconf 85' lang='lat' dir='ltr'><strong>tantum</strong></span> <span class='ocrx_word' id='word_1_804' title='bbox 2661 4074 2847 4113; x_wconf 88' lang='lat' dir='ltr'><strong>eorum</strong></span> <span class='ocrx_word' id='word_1_805' title='bbox 2873 4101 2889 4125; x_wconf 92' lang='lat'><strong>,</strong></span> <span class='ocrx_word' id='word_1_806' title='bbox 2920 4075 3039 4127; x_wconf 69' lang='lat' dir='ltr'><strong>quas</strong></span> <span class='ocrx_word' id='word_1_807' title='bbox 3071 4072 3210 4110; x_wconf 89' lang='lat' dir='ltr'><strong>nunc</strong></span> <span class='ocrx_word' id='word_1_808' title='bbox 3243 4058 3391 4118; x_wconf 80' lang='lat' dir='ltr'><strong>fiunt,</strong></span> <span class='ocrx_word' id='word_1_809' title='bbox 3433 4072 3614 4109; x_wconf 85' lang='lat' dir='ltr'><strong>verum</strong></span> 
     </span>
    </p>
   </div>
   <div class='ocr_carea' id='block_1_104' title="bbox 2026 4146 3614 4221">
    <p class='ocr_par' dir='ltr' id='par_1_104' title="bbox 2026 4146 3614 4221">
     <span class='ocr_line' id='line_1_104' title="bbox 2026 4146 3614 4221; baseline -0.006 -15"><span class='ocrx_word' id='word_1_810' title='bbox 2026 4164 2076 4206; x_wconf 88' lang='lat' dir='ltr'><strong>et</strong></span> <span class='ocrx_word' id='word_1_811' title='bbox 2120 4168 2238 4221; x_wconf 70' lang='lat' dir='ltr'><strong>qua:</strong></span> <span class='ocrx_word' id='word_1_812' title='bbox 2284 4160 2405 4221; x_wconf 91' lang='lat' dir='ltr'><strong>post</strong></span> <span class='ocrx_word' id='word_1_813' title='bbox 2449 4151 2563 4205; x_wconf 62' lang='lat' dir='ltr'><strong>hare</strong></span> <span class='ocrx_word' id='word_1_814' title='bbox 2597 4151 2663 4205; x_wconf 91' lang='lat' dir='ltr'><strong>ab</strong></span> <span class='ocrx_word' id='word_1_815' title='bbox 2705 4150 2824 4204; x_wconf 88' lang='lat' dir='ltr'><strong>aliis</strong></span> <span class='ocrx_word' id='word_1_816' title='bbox 2873 4158 3211 4218; x_wconf 85' lang='lat' dir='ltr'><strong>pcrageutur.</strong></span> <span class='ocrx_word' id='word_1_817' title='bbox 3259 4146 3316 4201; x_wconf 84' lang='lat' dir='ltr'><strong>Si</strong></span> <span class='ocrx_word' id='word_1_818' title='bbox 3368 4161 3614 4216; x_wconf 89' lang='lat' dir='ltr'><strong>umquam</strong></span> 
     </span>
    </p>
   </div>
   <div class='ocr_carea' id='block_1_105' title="bbox 2027 4238 3615 4315">
    <p class='ocr_par' dir='ltr' id='par_1_105' title="bbox 2027 4238 3615 4315">
     <span class='ocr_line' id='line_1_105' title="bbox 2027 4238 3615 4315; baseline -0.006 -15"><span class='ocrx_word' id='word_1_819' title='bbox 2027 4248 2168 4301; x_wconf 88' lang='lat' dir='ltr'><strong>enim</strong></span> <span class='ocrx_word' id='word_1_820' title='bbox 2197 4245 2466 4315; x_wconf 78' lang='lat' dir='ltr'><strong>contingat</strong></span> <span class='ocrx_word' id='word_1_821' title='bbox 2495 4242 2608 4298; x_wconf 85' lang='lat' dir='ltr'><strong>fieri</strong></span> <span class='ocrx_word' id='word_1_822' title='bbox 2636 4244 2741 4297; x_wconf 89' lang='lat' dir='ltr'><strong>tale</strong></span> <span class='ocrx_word' id='word_1_823' title='bbox 2766 4242 2909 4313; x_wconf 90' lang='lat' dir='ltr'><strong>quid,</strong></span> <span class='ocrx_word' id='word_1_824' title='bbox 2943 4243 3097 4310; x_wconf 88' lang='lat' dir='ltr'><strong>quale</strong></span> <span class='ocrx_word' id='word_1_825' title='bbox 3130 4255 3267 4294; x_wconf 91' lang='lat' dir='ltr'><strong>nunc</strong></span> <span class='ocrx_word' id='word_1_826' title='bbox 3294 4238 3490 4293; x_wconf 86' lang='lat' dir='ltr'><strong>factum</strong></span> <span class='ocrx_word' id='word_1_827' title='bbox 3512 4247 3615 4303; x_wconf 87' lang='lat' dir='ltr'><strong>est,</strong></span> 
     </span>
    </p>
   </div>
   <div class='ocr_carea' id='block_1_106' title="bbox 2029 4328 3617 4409">
    <p class='ocr_par' dir='ltr' id='par_1_106' title="bbox 2029 4328 3617 4409">
     <span class='ocr_line' id='line_1_106' title="bbox 2029 4328 3617 4409; baseline -0.005 -20"><span class='ocrx_word' id='word_1_828' title='bbox 2029 4337 2167 4409; x_wconf 88' lang='lat' dir='ltr'><strong>quod</strong></span> <span class='ocrx_word' id='word_1_829' title='bbox 2217 4338 2356 4391; x_wconf 84' lang='lat' dir='ltr'><strong>Deus</strong></span> <span class='ocrx_word' id='word_1_830' title='bbox 2385 4343 2623 4397; x_wconf 88' lang='lat' dir='ltr'><strong>avertat,</strong></span> <span class='ocrx_word' id='word_1_831' title='bbox 2669 4344 2722 4389; x_wconf 84' lang='lat' dir='ltr'><strong>et</strong></span> <span class='ocrx_word' id='word_1_832' title='bbox 2771 4333 3016 4401; x_wconf 86' lang='lat' dir='ltr'><strong>injuriam</strong></span> <span class='ocrx_word' id='word_1_833' title='bbox 3053 4346 3326 4401; x_wconf 85' lang='lat' dir='ltr'><strong>passorum</strong></span> <span class='ocrx_word' id='word_1_834' title='bbox 3373 4328 3534 4399; x_wconf 80' lang='lat' dir='ltr'><strong>aliqui</strong></span> <span class='ocrx_word' id='word_1_835' title='bbox 3566 4329 3617 4382; x_wconf 87' lang='lat' dir='ltr'><strong>in</strong></span> 
     </span>
    </p>
   </div>
   <div class='ocr_carea' id='block_1_107' title="bbox 2030 4421 3620 4500">
    <p class='ocr_par' dir='ltr' id='par_1_107' title="bbox 2030 4421 3620 4500">
     <span class='ocr_line' id='line_1_107' title="bbox 2030 4421 3620 4500; baseline -0.008 -13"><span class='ocrx_word' id='word_1_836' title='bbox 2030 4431 2407 4487; x_wconf 78' lang='lat' dir='ltr'><strong>Contumeliam</strong></span> <span class='ocrx_word' id='word_1_837' title='bbox 2437 4438 2688 4500; x_wconf 83' lang='lat' dir='ltr'><strong>operatus</strong></span> <span class='ocrx_word' id='word_1_838' title='bbox 2714 4428 2993 4497; x_wconf 89' lang='lat' dir='ltr'><strong>insurgere</strong></span> <span class='ocrx_word' id='word_1_839' title='bbox 3024 4425 3211 4491; x_wconf 89' lang='lat' dir='ltr'><strong>velint,</strong></span> <span class='ocrx_word' id='word_1_840' title='bbox 3244 4421 3542 4493; x_wconf 84' lang='lat' dir='ltr'><strong>benignitas</strong></span> <span class='ocrx_word' id='word_1_841' title='bbox 3566 4432 3620 4475; x_wconf 92' lang='lat' dir='ltr'><strong>ct</strong></span> 
     </span>
    </p>
   </div>
   <div class='ocr_carea' id='block_1_108' title="bbox 2031 4514 3619 4594">
    <p class='ocr_par' dir='ltr' id='par_1_108' title="bbox 2031 4514 3619 4594">
     <span class='ocr_line' id='line_1_108' title="bbox 2031 4514 3619 4594; baseline -0.006 -17"><span class='ocrx_word' id='word_1_842' title='bbox 2031 4522 2366 4594; x_wconf 87' lang='lat' dir='ltr'><strong>philosophia</strong></span> <span class='ocrx_word' id='word_1_843' title='bbox 2413 4530 2500 4575; x_wconf 90' lang='lat' dir='ltr'><strong>tua</strong></span> <span class='ocrx_word' id='word_1_844' title='bbox 2544 4535 2640 4592; x_wconf 86' lang='lat' dir='ltr'><strong>pro</strong></span> <span class='ocrx_word' id='word_1_845' title='bbox 2675 4520 2818 4573; x_wconf 91' lang='lat' dir='ltr'><strong>omni</strong></span> <span class='ocrx_word' id='word_1_846' title='bbox 2866 4519 2995 4588; x_wconf 78' lang='lat' dir='ltr'><strong>ipsis</strong></span> <span class='ocrx_word' id='word_1_847' title='bbox 3021 4518 3123 4572; x_wconf 87' lang='lat' dir='ltr'><strong>erit</strong></span> <span class='ocrx_word' id='word_1_848' title='bbox 3151 4516 3422 4586; x_wconf 84' lang='lat' dir='ltr'><strong>disciplina</strong></span> <span class='ocrx_word' id='word_1_849' title='bbox 3450 4523 3504 4568; x_wconf 92' lang='lat' dir='ltr'><strong>et</strong></span> <span class='ocrx_word' id='word_1_850' title='bbox 3527 4514 3619 4568; x_wconf 88' lang='lat' dir='ltr'><strong>ad-</strong></span> 
     </span>
    </p>
   </div>
   <div class='ocr_carea' id='block_1_109' title="bbox 2029 4605 3619 4680">
    <p class='ocr_par' dir='ltr' id='par_1_109' title="bbox 2029 4605 3619 4680">
     <span class='ocr_line' id='line_1_109' title="bbox 2029 4605 3619 4680; baseline -0.006 -11"><span class='ocrx_word' id='word_1_851' title='bbox 2029 4615 2323 4669; x_wconf 90' lang='lat' dir='ltr'><strong>monitione</strong></span> <span class='ocrx_word' id='word_1_852' title='bbox 2350 4632 2361 4666; x_wconf 91' lang='lat'>:</span> <span class='ocrx_word' id='word_1_853' title='bbox 2387 4613 2582 4666; x_wconf 88' lang='lat' dir='ltr'><strong>rubore</strong></span> <span class='ocrx_word' id='word_1_854' title='bbox 2613 4611 2918 4680; x_wconf 88' lang='lat' dir='ltr'><strong>pudoreque</strong></span> <span class='ocrx_word' id='word_1_855' title='bbox 2956 4608 3288 4674; x_wconf 85' lang='lat' dir='ltr'><strong>afficientur,</strong></span> <span class='ocrx_word' id='word_1_856' title='bbox 3323 4606 3429 4661; x_wconf 90' lang='lat' dir='ltr'><strong>tale</strong></span> <span class='ocrx_word' id='word_1_857' title='bbox 3455 4605 3619 4660; x_wconf 88' lang='lat' dir='ltr'><strong>disci-</strong></span> 
     </span>
    </p>
   </div>
   <div class='ocr_carea' id='block_1_110' title="bbox 2029 4699 3622 4776">
    <p class='ocr_par' dir='ltr' id='par_1_110' title="bbox 2029 4699 3622 4776">
     <span class='ocr_line' id='line_1_110' title="bbox 2029 4699 3622 4776; baseline -0.004 -18"><span class='ocrx_word' id='word_1_858' title='bbox 2029 4707 2187 4775; x_wconf 76' lang='lat' dir='ltr'><strong>plina:</strong></span> <span class='ocrx_word' id='word_1_859' title='bbox 2207 4704 2511 4776; x_wconf 82' lang='lat' dir='ltr'><strong>exemplum</strong></span> <span class='ocrx_word' id='word_1_860' title='bbox 2537 4703 2813 4768; x_wconf 87' lang='lat' dir='ltr'><strong>habentes,</strong></span> <span class='ocrx_word' id='word_1_861' title='bbox 2839 4701 3119 4756; x_wconf 78' lang='lat' dir='ltr'><strong>inferiores</strong></span> <span class='ocrx_word' id='word_1_862' title='bbox 3140 4715 3413 4769; x_wconf 84' lang='lat' dir='ltr'><strong>apparere.</strong></span> <span class='ocrx_word' id='word_1_863' title='bbox 3440 4699 3622 4764; x_wconf 87' lang='lat' dir='ltr'><strong>Itaque</strong></span> 
     </span>
    </p>
   </div>
   <div class='ocr_carea' id='block_1_111' title="bbox 2029 4791 3620 4865">
    <p class='ocr_par' dir='ltr' id='par_1_111' title="bbox 2029 4791 3620 4865">
     <span class='ocr_line' id='line_1_111' title="bbox 2029 4791 3620 4865; baseline -0.003 -15"><span class='ocrx_word' id='word_1_864' title='bbox 2029 4798 2266 4850; x_wconf 77' lang='lat' dir='ltr'><strong>ontnium</strong></span> <span class='ocrx_word' id='word_1_865' title='bbox 2302 4804 2634 4865; x_wconf 74' lang='lat' dir='ltr'><strong>posterorum</strong></span> <span class='ocrx_word' id='word_1_866' title='bbox 2665 4795 2770 4849; x_wconf 89' lang='lat' dir='ltr'><strong>eris</strong></span> <span class='ocrx_word' id='word_1_867' title='bbox 2801 4804 3116 4863; x_wconf 83' lang='lat' dir='ltr'><strong>pra-ceptor,</strong></span> <span class='ocrx_word' id='word_1_868' title='bbox 3165 4801 3218 4846; x_wconf 90' lang='lat' dir='ltr'><strong>et</strong></span> <span class='ocrx_word' id='word_1_869' title='bbox 3243 4791 3469 4861; x_wconf 88' lang='lat' dir='ltr'><strong>palmam</strong></span> <span class='ocrx_word' id='word_1_870' title='bbox 3492 4796 3620 4860; x_wconf 72' lang='lat' dir='ltr'><strong>ipsis</strong></span> 
     </span>
    </p>
   </div>
   <div class='ocr_carea' id='block_1_112' title="bbox 2031 4884 3623 4958">
    <p class='ocr_par' dir='ltr' id='par_1_112' title="bbox 2031 4884 3623 4958">
     <span class='ocr_line' id='line_1_112' title="bbox 2031 4884 3623 4958; baseline -0.004 -17"><span class='ocrx_word' id='word_1_871' title='bbox 2031 4888 2303 4958; x_wconf 74' lang='lat' dir='ltr'><strong>pt&#39;:cl&#39;ipics</strong></span> <span class='ocrx_word' id='word_1_872' title='bbox 2323 4930 2339 4955; x_wconf 92' lang='lat'><strong>,</strong></span> <span class='ocrx_word' id='word_1_873' title='bbox 2387 4888 2505 4941; x_wconf 91' lang='lat' dir='ltr'><strong>licet</strong></span> <span class='ocrx_word' id='word_1_874' title='bbox 2536 4886 2600 4941; x_wconf 92' lang='lat' dir='ltr'><strong>ad</strong></span> <span class='ocrx_word' id='word_1_875' title='bbox 2633 4886 2805 4957; x_wconf 90' lang='lat' dir='ltr'><strong>ipsum</strong></span> <span class='ocrx_word' id='word_1_876' title='bbox 2837 4884 3186 4956; x_wconf 67' lang='lat' dir='ltr'><strong>pltilOsophizc</strong></span> <span class='ocrx_word' id='word_1_877' title='bbox 3218 4884 3469 4937; x_wconf 85' lang='lat' dir='ltr'><strong>verticem</strong></span> <span class='ocrx_word' id='word_1_878' title='bbox 3505 4897 3623 4951; x_wconf 82' lang='lat' dir='ltr'><strong>pcr-</strong></span> 
     </span>
    </p>
   </div>
   <div class='ocr_carea' id='block_1_113' title="bbox 2030 4974 3622 5049">
    <p class='ocr_par' dir='ltr' id='par_1_113' title="bbox 2030 4974 3622 5049">
     <span class='ocr_line' id='line_1_113' title="bbox 2030 4974 3622 5049; baseline -0.003 -16"><span class='ocrx_word' id='word_1_879' title='bbox 2030 4981 2263 5034; x_wconf 85' lang='lat' dir='ltr'><strong>vcniant.</strong></span> <span class='ocrx_word' id='word_1_880' title='bbox 2290 4980 2403 5033; x_wconf 74' lang='lat' dir='ltr'><strong>&#39;.\&#39;ou</strong></span> <span class='ocrx_word' id='word_1_881' title='bbox 2428 4979 2567 5033; x_wconf 82' lang='lat' dir='ltr'><strong>enim</strong></span> <span class='ocrx_word' id='word_1_882' title='bbox 2595 4994 2687 5049; x_wconf 89' lang='lat' dir='ltr'><strong>par</strong></span> <span class='ocrx_word' id='word_1_883' title='bbox 2708 4988 2809 5041; x_wconf 90' lang='lat' dir='ltr'><strong>cst,</strong></span> <span class='ocrx_word' id='word_1_884' title='bbox 2837 4977 3136 5046; x_wconf 87' lang='lat' dir='ltr'><strong>quempiam</strong></span> <span class='ocrx_word' id='word_1_885' title='bbox 3166 4984 3363 5029; x_wconf 91' lang='lat' dir='ltr'><strong>tantam</strong></span> <span class='ocrx_word' id='word_1_886' title='bbox 3387 4974 3622 5043; x_wconf 86' lang='lat' dir='ltr'><strong>incipere</strong></span> 
     </span>
    </p>
   </div>
   <div class='ocr_carea' id='block_1_114' title="bbox 2031 5067 3620 5142">
    <p class='ocr_par' dir='ltr' id='par_1_114' title="bbox 2031 5067 3620 5142">
     <span class='ocr_line' id='line_1_114' title="bbox 2031 5067 3620 5142; baseline -0.004 -17"><span class='ocrx_word' id='word_1_887' title='bbox 2031 5073 2409 5142; x_wconf 77' lang='lat' dir='ltr'><strong>benignitatem</strong></span> <span class='ocrx_word' id='word_1_888' title='bbox 2442 5073 2692 5140; x_wconf 86' lang='lat' dir='ltr'><strong>primum,</strong></span> <span class='ocrx_word' id='word_1_889' title='bbox 2722 5080 2775 5124; x_wconf 91' lang='lat' dir='ltr'><strong>et</strong></span> <span class='ocrx_word' id='word_1_890' title='bbox 2795 5069 2861 5122; x_wconf 86' lang='lat' dir='ltr'><strong>ad</strong></span> <span class='ocrx_word' id='word_1_891' title='bbox 2885 5068 3019 5123; x_wconf 90' lang='lat' dir='ltr'><strong>alios</strong></span> <span class='ocrx_word' id='word_1_892' title='bbox 3044 5067 3414 5137; x_wconf 88' lang='lat' dir='ltr'><strong>respicientem</strong></span> <span class='ocrx_word' id='word_1_893' title='bbox 3437 5082 3620 5123; x_wconf 84' lang='lat' dir='ltr'><strong>eorum</strong></span> 
     </span>
    </p>
   </div>
   <div class='ocr_carea' id='block_1_115' title="bbox 2030 5158 3621 5232">
    <p class='ocr_par' dir='ltr' id='par_1_115' title="bbox 2030 5158 3621 5232">
     <span class='ocr_line' id='line_1_115' title="bbox 2030 5158 3621 5232; baseline -0.005 -13"><span class='ocrx_word' id='word_1_894' title='bbox 2030 5177 2146 5219; x_wconf 87' lang='lat' dir='ltr'><strong>acta</strong></span> <span class='ocrx_word' id='word_1_895' title='bbox 2183 5164 2399 5218; x_wconf 90' lang='lat' dir='ltr'><strong>imitari.</strong></span> <span class='ocrx_word' id='word_1_896' title='bbox 2431 5164 2689 5230; x_wconf 82' lang='lat' dir='ltr'><strong>Quocirca</strong></span> <span class='ocrx_word' id='word_1_897' title='bbox 2715 5163 3037 5232; x_wconf 85' lang='lat' dir='ltr'><strong>quicumque</strong></span> <span class='ocrx_word' id='word_1_898' title='bbox 3064 5172 3181 5229; x_wconf 91' lang='lat' dir='ltr'><strong>post</strong></span> <span class='ocrx_word' id='word_1_899' title='bbox 3228 5170 3279 5215; x_wconf 87' lang='lat' dir='ltr'><strong>te</strong></span> <span class='ocrx_word' id='word_1_900' title='bbox 3323 5158 3621 5214; x_wconf 83' lang='lat' dir='ltr'><strong>humanita-</strong></span> 
     </span>
    </p>
   </div>
   <div class='ocr_carea' id='block_1_116' title="bbox 2033 5252 3612 5324">
    <p class='ocr_par' dir='ltr' id='par_1_116' title="bbox 2033 5252 3612 5324">
     <span class='ocr_line' id='line_1_116' title="bbox 2033 5252 3612 5324; baseline -0.006 -12"><span class='ocrx_word' id='word_1_901' title='bbox 2033 5268 2139 5312; x_wconf 89' lang='lat' dir='ltr'><strong>tem</strong></span> <span class='ocrx_word' id='word_1_902' title='bbox 2169 5267 2224 5311; x_wconf 87' lang='lat' dir='ltr'><strong>et</strong></span> <span class='ocrx_word' id='word_1_903' title='bbox 2253 5255 2713 5310; x_wconf 88' lang='lat' dir='ltr'><strong>mansuetudinem</strong></span> <span class='ocrx_word' id='word_1_904' title='bbox 2744 5263 3231 5324; x_wconf 88' lang='lat' dir='ltr'><strong>quantamcumque</strong></span> <span class='ocrx_word' id='word_1_905' title='bbox 3256 5252 3612 5312; x_wconf 80' lang='lat' dir='ltr'><strong>exhibuerint,</strong></span> 
     </span>
    </p>
   </div>
   <div class='ocr_carea' id='block_1_117' title="bbox 2032 5346 3620 5418">
    <p class='ocr_par' dir='ltr' id='par_1_117' title="bbox 2032 5346 3620 5418">
     <span class='ocr_line' id='line_1_117' title="bbox 2032 5346 3620 5418; baseline -0.006 -15"><span class='ocrx_word' id='word_1_906' title='bbox 2032 5360 2086 5403; x_wconf 94' lang='lat' dir='ltr'><strong>tu</strong></span> <span class='ocrx_word' id='word_1_907' title='bbox 2126 5363 2245 5404; x_wconf 90' lang='lat' dir='ltr'><strong>cum</strong></span> <span class='ocrx_word' id='word_1_908' title='bbox 2290 5348 2393 5402; x_wconf 88' lang='lat' dir='ltr'><strong>illis</strong></span> <span class='ocrx_word' id='word_1_909' title='bbox 2440 5347 2741 5401; x_wconf 86' lang='lat' dir='ltr'><strong>mercedem</strong></span> <span class='ocrx_word' id='word_1_910' title='bbox 2771 5346 3030 5417; x_wconf 88' lang='lat' dir='ltr'><strong>accipies;</strong></span> <span class='ocrx_word' id='word_1_911' title='bbox 3072 5348 3161 5418; x_wconf 90' lang='lat' dir='ltr'><strong>qui</strong></span> <span class='ocrx_word' id='word_1_912' title='bbox 3201 5348 3342 5401; x_wconf 89' lang='lat' dir='ltr'><strong>enim</strong></span> <span class='ocrx_word' id='word_1_913' title='bbox 3390 5346 3620 5398; x_wconf 86' lang='lat' dir='ltr'><strong>radicem</strong></span> 
     </span>
    </p>
   </div>
   <div class='ocr_carea' id='block_1_118' title="bbox 2031 5435 3621 5511">
    <p class='ocr_par' dir='ltr' id='par_1_118' title="bbox 2031 5435 3621 5511">
     <span class='ocr_line' id='line_1_118' title="bbox 2031 5435 3621 5511; baseline -0.006 -17"><span class='ocrx_word' id='word_1_914' title='bbox 2031 5440 2276 5511; x_wconf 63' lang='lat' dir='ltr'><strong>prtebuit,</strong></span> <span class='ocrx_word' id='word_1_915' title='bbox 2309 5438 2392 5492; x_wconf 92' lang='lat' dir='ltr'><strong>hic</strong></span> <span class='ocrx_word' id='word_1_916' title='bbox 2418 5439 2601 5508; x_wconf 88' lang='lat' dir='ltr'><strong>utique</strong></span> <span class='ocrx_word' id='word_1_917' title='bbox 2630 5446 2687 5493; x_wconf 88' lang='lat' dir='ltr'><strong>et</strong></span> <span class='ocrx_word' id='word_1_918' title='bbox 2712 5438 2973 5493; x_wconf 85' lang='lat' dir='ltr'><strong>fructuum</strong></span> <span class='ocrx_word' id='word_1_919' title='bbox 2997 5450 3183 5491; x_wconf 90' lang='lat' dir='ltr'><strong>auctor</strong></span> <span class='ocrx_word' id='word_1_920' title='bbox 3203 5446 3305 5492; x_wconf 89' lang='lat' dir='ltr'><strong>est.</strong></span> <span class='ocrx_word' id='word_1_921' title='bbox 3334 5435 3621 5503; x_wconf 79' lang='lat' dir='ltr'><strong>Propterea</strong></span> 
     </span>
    </p>
   </div>
   <div class='ocr_carea' id='block_1_119' title="bbox 2031 5523 3621 5601">
    <p class='ocr_par' dir='ltr' id='par_1_119' title="bbox 2031 5523 3621 5601">
     <span class='ocr_line' id='line_1_119' title="bbox 2031 5523 3621 5601; baseline -0.007 -15"><span class='ocrx_word' id='word_1_922' title='bbox 2031 5547 2171 5587; x_wconf 89' lang='lat' dir='ltr'><strong>ntmc</strong></span> <span class='ocrx_word' id='word_1_923' title='bbox 2220 5530 2432 5601; x_wconf 87' lang='lat' dir='ltr'><strong>quidem</strong></span> <span class='ocrx_word' id='word_1_924' title='bbox 2484 5546 2642 5585; x_wconf 88' lang='lat' dir='ltr'><strong>nemo</strong></span> <span class='ocrx_word' id='word_1_925' title='bbox 2697 5542 2869 5585; x_wconf 90' lang='lat' dir='ltr'><strong>tecum</strong></span> <span class='ocrx_word' id='word_1_926' title='bbox 2925 5529 3268 5583; x_wconf 82' lang='lat' dir='ltr'><strong>humanitatis</strong></span> <span class='ocrx_word' id='word_1_927' title='bbox 3319 5523 3621 5579; x_wconf 80' lang='lat' dir='ltr'><strong>mercedem</strong></span> 
     </span>
    </p>
   </div>
   <div class='ocr_carea' id='block_1_120' title="bbox 2031 5620 3622 5694">
    <p class='ocr_par' dir='ltr' id='par_1_120' title="bbox 2031 5620 3622 5694">
     <span class='ocr_line' id='line_1_120' title="bbox 2031 5620 3622 5694; baseline -0.006 -16"><span class='ocrx_word' id='word_1_928' title='bbox 2031 5625 2211 5694; x_wconf 82' lang='lat' dir='ltr'><strong>partiri</strong></span> <span class='ocrx_word' id='word_1_929' title='bbox 2238 5634 2444 5692; x_wconf 77' lang='lat' dir='ltr'><strong>potest:</strong></span> <span class='ocrx_word' id='word_1_930' title='bbox 2470 5633 2613 5676; x_wconf 90' lang='lat' dir='ltr'><strong>tuum</strong></span> <span class='ocrx_word' id='word_1_931' title='bbox 2634 5625 2775 5677; x_wconf 89' lang='lat' dir='ltr'><strong>enim</strong></span> <span class='ocrx_word' id='word_1_932' title='bbox 2806 5620 2972 5675; x_wconf 88' lang='lat' dir='ltr'><strong>solius</strong></span> <span class='ocrx_word' id='word_1_933' title='bbox 2999 5621 3245 5673; x_wconf 88' lang='lat' dir='ltr'><strong>meritum</strong></span> <span class='ocrx_word' id='word_1_934' title='bbox 3279 5625 3392 5670; x_wconf 87' lang='lat' dir='ltr'><strong>est:</strong></span> <span class='ocrx_word' id='word_1_935' title='bbox 3420 5629 3473 5669; x_wconf 95' lang='lat' dir='ltr'><strong>tu</strong></span> <span class='ocrx_word' id='word_1_936' title='bbox 3497 5630 3622 5669; x_wconf 75' lang='lat' dir='ltr'><strong>vero</strong></span> 
     </span>
    </p>
   </div>
   <div class='ocr_carea' id='block_1_121' title="bbox 2028 5710 3623 5783">
    <p class='ocr_par' dir='ltr' id='par_1_121' title="bbox 2028 5710 3623 5783">
     <span class='ocr_line' id='line_1_121' title="bbox 2028 5710 3623 5783; baseline -0.003 -16"><span class='ocrx_word' id='word_1_937' title='bbox 2028 5730 2149 5767; x_wconf 90' lang='lat' dir='ltr'><strong>cum</strong></span> <span class='ocrx_word' id='word_1_938' title='bbox 2193 5713 2440 5767; x_wconf 68' lang='lat' dir='ltr'><strong>cornibus</strong></span> <span class='ocrx_word' id='word_1_939' title='bbox 2482 5714 2708 5783; x_wconf 88' lang='lat' dir='ltr'><strong>posteris</strong></span> <span class='ocrx_word' id='word_1_940' title='bbox 2733 5754 2747 5778; x_wconf 96' lang='lat'><strong>,</strong></span> <span class='ocrx_word' id='word_1_941' title='bbox 2789 5713 2831 5765; x_wconf 91' lang='lat' dir='ltr'><strong>si</strong></span> <span class='ocrx_word' id='word_1_942' title='bbox 2882 5713 2968 5780; x_wconf 90' lang='lat' dir='ltr'><strong>qui</strong></span> <span class='ocrx_word' id='word_1_943' title='bbox 3004 5710 3136 5763; x_wconf 87' lang='lat' dir='ltr'><strong>tales</strong></span> <span class='ocrx_word' id='word_1_944' title='bbox 3168 5723 3415 5776; x_wconf 87' lang='lat' dir='ltr'><strong>umquam</strong></span> <span class='ocrx_word' id='word_1_945' title='bbox 3460 5721 3623 5777; x_wconf 83' lang='lat' dir='ltr'><strong>appa-</strong></span> 
     </span>
    </p>
   </div>
   <div class='ocr_carea' id='block_1_122' title="bbox 2031 5802 3624 5875">
    <p class='ocr_par' dir='ltr' id='par_1_122' title="bbox 2031 5802 3624 5875">
     <span class='ocr_line' id='line_1_122' title="bbox 2031 5802 3624 5875; baseline -0.005 -16"><span class='ocrx_word' id='word_1_946' title='bbox 2031 5815 2182 5860; x_wconf 86' lang='lat' dir='ltr'><strong>reant</strong></span> <span class='ocrx_word' id='word_1_947' title='bbox 2203 5847 2217 5873; x_wconf 93' lang='lat'><strong>,</strong></span> <span class='ocrx_word' id='word_1_948' title='bbox 2248 5821 2314 5860; x_wconf 73' lang='lat' dir='ltr'><strong>ex</strong></span> <span class='ocrx_word' id='word_1_949' title='bbox 2345 5821 2498 5875; x_wconf 71' lang='lat' dir='ltr'><strong>teque</strong></span> <span class='ocrx_word' id='word_1_950' title='bbox 2530 5805 2776 5858; x_wconf 89' lang='lat' dir='ltr'><strong>meritmn</strong></span> <span class='ocrx_word' id='word_1_951' title='bbox 2805 5802 3043 5857; x_wconf 89' lang='lat' dir='ltr'><strong>dividere</strong></span> <span class='ocrx_word' id='word_1_952' title='bbox 3074 5802 3276 5872; x_wconf 75' lang='lat' dir='ltr'><strong>poteris</strong></span> <span class='ocrx_word' id='word_1_953' title='bbox 3297 5839 3312 5861; x_wconf 84' lang='lat'><strong>,</strong></span> <span class='ocrx_word' id='word_1_954' title='bbox 3340 5808 3394 5853; x_wconf 90' lang='lat' dir='ltr'><strong>et</strong></span> <span class='ocrx_word' id='word_1_955' title='bbox 3424 5810 3624 5855; x_wconf 80' lang='lat' dir='ltr'><strong>tantam</strong></span> 
     </span>
    </p>
   </div>
   <div class='ocr_carea' id='block_1_123' title="bbox 3186 5890 3256 5953">
    <p class='ocr_par' dir='ltr' id='par_1_123' title="bbox 3186 5890 3256 5953">
     <span class='ocr_line' id='line_1_123' title="bbox 3186 5890 3256 5953; baseline -0.071 0"><span class='ocrx_word' id='word_1_956' title='bbox 3186 5890 3256 5953; x_wconf 60' lang='lat' dir='ltr'><strong>1b</strong></span> 
     </span>
    </p>
   </div>
  </div>
