4066 6484
380 395 484 449 219

383 517 660 576 reportare
687 515 908 576 partem,
934 510 1184 574 quantam
1207 499 1259 554 in
1280 497 1552 568 discipulis
1576 505 1960 568 prmceptores:

383 611 437 654 et
467 601 512 654 si
543 613 700 655 nemo
736 597 854 651 talis
879 595 1034 650 fuerit
1057 635 1072 660 ,
1104 607 1315 648 rursum
1353 591 1446 646 tibi
1475 590 1968 646 commendationes

386 698 442 745 et
468 689 649 744 laudes
678 703 773 757 per
797 687 1031 756 singulas
1057 684 1374 754 proveniunt
1399 682 1792 756 generationes.
1825 681 1969 735 Con-

391 777 564 833 sidera
591 792 817 847 namque
845 775 1001 845 quale
1025 775 1095 830 sit
1120 785 1362 846 posteros
1389 787 1574 828 omnes
1603 773 1810 838 audire,
1832 771 1972 842 quod

389 877 494 921 tam
535 882 720 937 magna
761 866 976 922 civitate
1005 880 1176 935 poena:
1205 872 1262 919 et
1289 862 1478 918 ultioni
1507 861 1734 916 obnoxia
1755 901 1770 927 ,
1817 876 1968 931 pave-

393 960 542 1014 factis
569 959 852 1021 ontnibus,
895 966 949 1013 ct
989 954 1302 1012 horrefactis
1349 954 1605 1018 ducibus,
1636 953 1897 1022 prml'cctis
1925 962 1979 1006 et

389 1048 695 1118 judicibus,
748 1063 812 1103 ac
858 1063 927 1103 ne
980 1063 1163 1103 vocem
1211 1045 1424 1116 quidem
1469 1059 1566 1114 pro
1616 1045 1826 1098 miseris
1878 1042 1980 1096 illis

395 1140 640 1195 emittere
669 1140 1012 1206 audentibus,
1041 1152 1178 1194 unus
1203 1137 1465 1192 accedens
1494 1151 1658 1191 senex
1684 1135 1776 1190 Dei
1802 1149 1983 1189 sacer-

399 1231 603 1284 dotium
633 1246 822 1300 gerens
844 1271 860 1297 ,
901 1247 966 1285 ex
993 1231 1108 1301 ipso
1135 1237 1352 1300 aspectu
1382 1226 1500 1282 solo
1541 1234 1597 1280 et
1623 1224 1890 1294 colloquio
1918 1223 1985 1278 ad

401 1323 752 1376 reverentiam
818 1322 1197 1391 Imperatorem
1267 1320 1480 1374 movit:
1513 1317 1736 1388 etquod
1789 1316 1986 1372 nemini

402 1427 618 1467 suorum
643 1413 976 1468 subditorum
1004 1412 1291 1478 concessit,
1320 1411 1409 1465 uni
1435 1410 1536 1465 hoc
1561 1409 1674 1464 seni
1700 1408 1988 1474 concessit,

405 1504 502 1560 Dei
550 1504 695 1575 leges
734 1505 1014 1561 reveritus.
1047 1503 1255 1560 Etenim
1301 1504 1401 1557 hoc
1423 1517 1636 1573 quoque
1664 1501 1780 1570 ipso
1807 1515 1912 1555 non
1941 1509 1994 1555 te

410 1614 616 1666 parum,
647 1598 960 1669 Imperator,
1002 1597 1190 1653 civitas
1222 1596 1537 1660 honoravit,
1567 1593 1708 1666 quod
1738 1608 1822 1649 me
1847 1592 1912 1647 ad
1943 1600 1996 1647 te

411 1691 639 1761 legatum
677 1691 920 1757 miserit;
965 1690 1283 1744 sententiam
1325 1688 1466 1743 enim
1493 1686 1562 1742 de
1584 1695 1635 1740 te
1663 1685 1914 1756 optimam
1943 1690 1998 1738 et

414 1781 828 1853 pulcherrimam
878 1780 1255 1852 protulerunt,
1303 1777 1446 1849 quod
1498 1777 1644 1833 omni
1685 1774 1996 1847 principatui

416 1871 508 1926 tibi
539 1872 778 1942 subjecto
809 1871 900 1926 Dei
927 1869 1234 1928 sacerdotes
1254 1879 1570 1939 anteponas,
1593 1867 1697 1924 etsi
1726 1867 1858 1922 viles
1881 1879 2001 1922 esse

415 1963 704 2033 contingat.
747 1962 864 2018 Non
915 1962 982 2017 ab
1029 1961 1138 2017 illis
1190 1976 1318 2016 vero
1367 1969 1568 2014 tantum
1620 1973 1763 2012 nunc
1808 1956 1998 2020 venio,

418 2069 600 2108 verum
635 2063 690 2108 et
731 2061 854 2108 ante
896 2054 1018 2108 illos
1045 2067 1073 2106 a
1105 2051 1372 2107 communi
1420 2050 1732 2120 angelorum
1779 2047 2006 2103 Domino

421 2142 616 2196 missus
639 2159 781 2207 sum,
803 2153 860 2196 ut
883 2143 997 2198 haec
1016 2142 1186 2196 dicam
1212 2142 1506 2195 mitissitlta:
1527 2155 1591 2194 ac
1613 2137 2006 2210 benignissimae

423 2237 616 2290 anima:
639 2245 742 2290 tua:
762 2254 774 2265 ο
795 2236 944 2304 Quod
967 2236 1012 2290 si
1041 2235 1343 2290 hominibus
1365 2235 1602 2304 ipsorum
1631 2232 1806 2288 debita
1824 2231 2005 2286 dimit-

428 2329 551 2382 tatis
571 2369 586 2393 ,
634 2338 684 2382 et
717 2328 876 2382 Pater
905 2327 1131 2382 coalestis
1153 2326 1330 2396 lapsus
1355 2324 1508 2381 vobis
1535 2323 1766 2379 dimittet
1795 2322 2006 2395 (Matth.

426 2420 475 2475 6.
529 2419 640 2485 lt).
685 2419 985 2474 Recordare
1016 2417 1176 2489 igitur
1223 2418 1364 2472 illius
1403 2415 1542 2482 diei,
1585 2429 1691 2486 quo
1727 2428 1916 2469 omnes
1944 2412 2012 2468 de

427 2511 562 2566 actis
585 2511 846 2564 rationem
878 2509 1167 2564 reddemus
1192 2527 1206 2563 :
1227 2509 1399 2578 cogita
1438 2507 1578 2577 quod
1624 2506 1783 2561 etiam
1814 2505 1858 2560 si
1887 2504 2012 2575 quid

431 2599 485 2654 in
517 2609 570 2654 te
600 2609 874 2670 peccatum
903 2608 1027 2664 est,
1082 2613 1272 2653 omnes
1303 2597 1522 2652 abluere
1550 2595 2014 2666 prmvaricationcs

431 2705 528 2760 per
569 2691 829 2761 judicium
882 2700 936 2746 et
982 2690 1302 2746 sententiam
1353 2690 1508 2744 istam
1563 2687 1764 2759 poteris
1815 2687 2017 2756 absque

435 2781 730 2848 laboribus,
757 2782 955 2852 absque
977 2781 1281 2836 sudoribus.
1304 2779 1404 2834 Alii
1428 2794 1623 2850 nempe
1643 2778 1802 2848 legati
1827 2793 2015 2832 aurum

433 2883 490 2930 et
512 2883 788 2945 argentum
814 2882 866 2928 et
893 2874 993 2928 alia
1021 2870 1324 2941 hujusmodi
1353 2871 1490 2925 dona
1518 2869 1699 2925 ferunt
1722 2887 1736 2937 ;
1770 2884 1869 2940 ego
1894 2884 2020 2922 vero

435 2980 556 3020 cum
598 2964 768 3020 sacris
793 2963 858 3019 ad
890 2963 1169 3034 imperium
1215 2971 1362 3017 tuum
1404 2961 1609 3032 legibus
1644 2961 1796 3026 veni,
1831 2969 1885 3015 et
1923 2973 2022 3029 pro

438 3055 593 3111 donis
619 3055 867 3110 omnibus
897 3054 992 3109 has
1021 3053 1297 3123 prtetendo
1321 3095 1336 3119 ,
1387 3062 1439 3108 et
1481 3061 1531 3106 te
1560 3052 1840 3106 Dominum
1874 3060 2022 3104 tuum

440 3149 633 3202 imitari
664 3149 904 3219 supplico
930 3188 946 3212 ,
992 3147 1078 3218 qui
1121 3146 1360 3217 quotidie
1401 3161 1429 3200 a
1465 3145 1621 3199 nobis
1645 3144 2023 3199 contumeliam

443 3240 649 3309 patiens
676 3253 781 3293 non
806 3245 981 3293 cessat
1016 3239 1148 3292 bona
1178 3251 1273 3290 sua
1315 3233 1562 3290 omnibus
1605 3235 1926 3288 ministrare.
1959 3230 2027 3284 Et

444 3348 511 3386 ne
535 3331 832 3387 confundas
853 3347 1002 3402 Spem
1029 3340 1289 3394 nostram,
1312 3344 1411 3384 nec
1438 3327 1820 3398 promissiones
1849 3325 2029 3380 irritas

449 3424 611 3478 facias
631 3442 644 3478 :
662 3424 856 3479 etenim
887 3433 942 3477 ct
968 3423 1068 3477 hoc
1096 3437 1216 3477 cum
1247 3421 1366 3474 aliis
1392 3429 1443 3476 te
1471 3421 1610 3474 scire
1631 3419 1780 3482 volo,
1814 3416 1955 3486 quod
1985 3418 2029 3470 si

452 3514 784 3569 reconciliari
814 3529 862 3566 v‘.
881 3513 947 3567 lis
977 3522 1026 3566 et
1054 3512 1332 3582 pristinam
1373 3509 1572 3564 civitati
1606 3505 2030 3562 benevolentiam

448 3605 878 3670 communicare,
911 3615 964 3659 et
994 3602 1132 3658 hanc
1172 3601 1444 3656 remittere
1477 3599 1675 3670 justam
1719 3596 2033 3667 indignatio-

454 3711 597 3761 nem,
630 3711 748 3750 cum
782 3695 946 3749 multa
973 3703 1211 3750 revertar
1238 3692 1460 3758 fiducia;
1492 3691 1536 3746 si
1566 3706 1693 3746 vero
1733 3698 1914 3745 mente
1945 3697 2032 3742 tua

454 3787 721 3841 civitatem
752 3787 1076 3856 aSperneris,
1098 3800 1203 3841 non
1229 3794 1433 3840 tantum
1457 3784 1623 3854 ipsam
1648 3797 1751 3836 non
1772 3789 2034 3850 repetam,

457 3895 555 3935 nec
585 3881 750 3950 ipsius
778 3881 948 3935 solum
982 3879 1194 3946 videbo,
1224 3893 1408 3932 verum
1439 3887 1492 3932 et
1520 3876 1574 3930 in
1601 3875 1859 3944 reliquum
1887 3887 2038 3942 pror-

455 3987 547 4028 sus
588 3972 826 4042 negabo,
873 3979 928 4026 et
969 3971 1020 4024 in
1065 3970 1222 4023 aliam
1255 3985 1340 4023 me
1383 3967 1649 4022 civitatem
1680 3963 2034 4020 conscribam.

456 4061 532 4117 Nc
559 4062 686 4116 mihi
729 4075 957 4131 namque
995 4059 1200 4114 accidat
1245 4059 1297 4113 in
1338 4058 1480 4112 illam
1521 4071 1770 4127 umquam
1807 4052 2036 4110 adscribi

458 4153 680 4222 patriam
701 4193 716 4217 ,
747 4167 870 4221 erga
902 4166 1059 4219 quam
1107 4149 1523 4204 humanissimus
1561 4157 1614 4202 tu
1635 4188 1650 4213 ,
1681 4157 1736 4202 et
1765 4147 2038 4201 hominum

455 4250 770 4296 cunctorum
789 4240 1100 4296 mitissimus
1113 4239 1288 4309 pacari
1309 4237 1748 4307 reconciliarique
1764 4251 1867 4290 non
1883 4234 2038 4290 velis.

529 4334 583 4388 4.
625 4332 767 4387 Mitis
796 4333 1052 4403 responsio
1072 4329 1426 4403 Imperatoris,
1454 4329 1539 4398 qui
1576 4328 1738 4397 parcit
1767 4325 2041 4381 Antioche-

460 4424 558 4477 m's.
581 4452 652 4463 —
689 4421 815 4478 Haec
841 4432 894 4478 et
936 4422 1016 4476 bis
1045 4420 1194 4492 plura
1225 4420 1497 4490 loquutus,
1547 4419 1625 4472 sic
1663 4417 2042 4486 Imperatorem

463 4513 748 4584 pudefecit,
769 4522 828 4567 ut
845 4513 984 4566 idem
1014 4511 1186 4577 fieret,
1214 4510 1354 4580 quod
1381 4519 1434 4564 et
1461 4509 1512 4563 in
1539 4507 1736 4578 Joseph
1761 4507 1888 4562 olim
1911 4521 2042 4561 con-

465 4605 602 4673 tigit.
652 4603 798 4659 Sicut
828 4605 970 4658 enim
993 4603 1081 4657 ille
1111 4609 1236 4655 tunc
1267 4600 1458 4655 fratres
1483 4600 1837 4669 conspicatus,
1869 4599 2048 4668 lugere

463 4695 676 4765 quidem
697 4694 930 4772 volebat,
952 4693 1046 4749 scd
1062 4692 1303 4748 dolorem
1324 4691 1555 4762 tegebat,
1572 4706 1637 4744 ne
1652 4690 2046 4745 simulationem

467 4787 714 4856 proderet
743 4805 756 4841 :
789 4787 865 4841 sic
879 4785 1245 4855 ctlmperator
1261 4782 1581 4854 lacrymabat
1600 4781 1810 4852 quidem
1843 4788 2045 4844 mente,

467 4895 571 4932 non
597 4877 1000 4934 demonstrabat
1041 4885 1242 4941 autem,
1277 4877 1514 4929 omnium
1553 4873 1643 4944 qui
1671 4883 1796 4927 tunc
1829 4872 2054 4926 aderant

464 4985 645 5024 causa.
675 4968 976 5022 Neetamen
992 4981 1162 5037 usque
1181 4967 1232 5020 in
1262 4966 1421 5020 tinem
1444 4972 1633 5019 :estum
1659 4962 1836 5018 celare
1854 4961 2048 5032 potuit,

469 5074 654 5115 verum
683 5068 738 5114 et
756 5059 951 5114 invitus
976 5054 1346 5127 superabatur.
1371 5055 1500 5111 Post
1524 5052 1663 5107 hanc
1679 5053 1821 5107 enim
1837 5051 2075 5106 concio-'

471 5165 593 5206 nem
615 5149 864 5204 secundis
886 5165 992 5203 non
1009 5161 1144 5218 opus
1169 5146 1353 5201 habuit
1367 5145 1568 5208 verbis,
1587 5143 1680 5198 sed
1705 5157 1864 5197 unum
1883 5141 2054 5196 solum

471 5245 724 5314 loquutus
769 5253 850 5297 est
888 5241 1111 5297 verbum
1137 5283 1150 5304 ,
1179 5239 1320 5311 quod
1361 5239 1532 5310 ipsum
1563 5228 1862 5290 diademate
1890 5233 2060 5288 multo

472 5338 642 5408 magis
667 5335 896 5390 ornavit.
923 5334 1060 5401 Quid
1091 5341 1268 5387 autem
1294 5330 1396 5386 hoc
1425 5329 1550 5385 est?
1581 5328 1642 5382 Et
1672 5325 1798 5396 quid
1825 5324 2054 5379 admira-

473 5431 577 5486 bile
601 5437 657 5485 et
675 5442 923 5499 magnum
961 5436 1065 5494 est,
1095 5424 1285 5495 inquit,
1309 5422 1354 5479 si
1377 5423 1463 5490 iis,
1492 5421 1579 5489 qui
1602 5435 1700 5474 nos
1724 5416 2060 5474 contumeliis

475 5523 802 5585 affecerunt,
833 5519 966 5572 iram
994 5516 1329 5572 remittamus
1358 5511 1661 5568 hominibus
1687 5508 2059 5568 existentibus,

478 5628 604 5669 cum
620 5622 675 5670 et
689 5613 787 5685 ipsi
803 5612 1044 5685 homines
1062 5609 1247 5670 simus;
1269 5623 1387 5661 cum
1407 5603 1587 5659 mundi
1609 5601 1926 5657 Dominusin
1957 5610 2064 5654 ter-

488 5717 599 5756 ram
625 5682 975 5770 descendens,
1005 5710 1061 5758 et
1091 5707 1304 5770 propter
1333 5711 1431 5753 nos
1467 5710 1656 5750 servus
1687 5697 1878 5759 factus,
1929 5701 1983 5746 et
2034 5705 2062 5744 a

488 5790 746 5853 beneficio
775 5795 978 5850 affectis
1018 5790 1330 5853 cruciﬁxus,
1383 5802 1479 5860 pro
1507 5783 1914 5840 crueilixoribus
1954 5782 2064 5838 suis

1114 386 1168 442 S.
1211 384 1487 441 JOANNlS
1524 380 2001 439 CllRYSOSTOHl
2039 383 2357 442 ARCHIEP.
2397 387 2930 448 CONSTANTINOP.

3540 393 3654 449 2'20

2075 504 2284 559 Patrem
2340 503 2592 568 oraverit,
2646 505 2876 562 dicens:
2925 505 3139 576 Ignosce
3181 507 3306 572 illis,
3359 523 3461 562 non
3523 511 3656 564 enim

2077 599 2245 652 sciunt
2273 597 2400 670 quid
2423 597 2614 668 faciunt
2639 599 2658 669 (
2680 597 2806 654 Luc.
2833 599 2925 655 9.3.
2957 601 3025 654 34
3055 599 3112 670 )3
3136 600 3260 670 quid
3300 601 3459 673 igitur
3485 601 3659 657 adrui.-

2077 689 2268 754 rabile,
2301 689 2344 744 si
2372 706 2470 745 nos
2493 692 2767 746 conservis
2816 691 3194 762 ignoscamus?
3238 693 3306 749 Et
3353 694 3498 765 quod
3545 694 3662 750 ha-e

2080 782 2246 837 verba
2273 797 2376 837 non
2405 782 2512 836 sint
2537 783 2824 850 simulatio,
2873 783 3307 841 demonstrarunt
3347 785 3562 858 quidem
3608 797 3664 843 et

2081 875 2284 945 reliqua
2313 890 2496 944 opera.
2525 891 2624 930 nec
2649 875 2714 930 iis
2741 877 2915 932 minus
2942 876 3069 931 illud
3093 877 3235 948 quod
3262 894 3404 933 nunc
3429 893 3546 933 sum
3571 895 3663 934 re-

2085 963 2306 1020 laturus.
2354 965 2527 1036 Ipsum
2567 968 2708 1021 enim
2755 967 2894 1022 hunc
2945 967 3275 1024 sacerdotem
3303 985 3484 1025 secum
3529 970 3667 1026 hanc

2086 1055 2480 1111 solemnitatem
2511 1058 2787 1114 celebrare
2808 1059 3096 1124 volentem,
3137 1061 3357 1115 invitum
3381 1077 3667 1132 properare

2088 1156 2143 1203 ct
2173 1149 2424 1205 festinare
2443 1151 2620 1221 coegit
2638 1161 2691 1206 et
2711 1153 2984 1208 secivibus
2999 1153 3272 1209 exhibere.
3299 1153 3454 1221 Novi,
3477 1155 3667 1228 inquit,

2091 1255 2234 1295 nunc
2257 1241 2490 1310 ipsorum
2511 1241 2718 1297 animos
2737 1244 3102 1308 conturbatos,
3143 1255 3196 1299 et
3244 1245 3439 1300 multas
3485 1261 3671 1316 super-

2093 1348 2214 1388 esse
2228 1333 2548 1388 calamitatis
2579 1335 2868 1404 reliquias;
2898 1334 3006 1402 abi,
3032 1336 3330 1391 consolare.
3377 1335 3433 1393 Si
3477 1337 3674 1408 guber-

2095 1435 2338 1480 natorem
2355 1425 2605 1494 viderint,
2626 1441 2722 1482 nec
2739 1427 3023 1496 praeteritae
3039 1427 3451 1483 reminiscentur
3467 1439 3672 1499 tempe-

2096 1519 2270 1584 statis,
2303 1533 2486 1574 verum
2516 1528 2572 1573 et
2605 1519 2774 1589 ipsam
2821 1519 3047 1574 tristium
3107 1519 3418 1575 memoriam
3464 1534 3675 1575 omnem

2098 1607 2373 1664 delebunt.
2402 1607 2472 1664 Ut
2493 1619 2668 1665 autem
2694 1609 2884 1664 institit
2911 1609 3150 1681 pontifex
3178 1619 3386 1679 petens,
3421 1619 3478 1664 ut
3509 1608 3675 1664 tilium

2100 1714 2254 1754 suum
2279 1699 2538 1763 mitteret,
2570 1701 2756 1756 volens
2784 1701 2876 1755 ille
2897 1699 3177 1756 manifeste
3205 1699 3597 1768 demonstrare,
3619 1715 3680 1756 se

2101 1794 2312 1863 penitus
2341 1793 2473 1846 iram
2503 1802 2684 1848 mente
2727 1791 3030 1848 delevisse:
3062 1791 3223 1847 Orate
3249 1833 3265 1858 ,
3310 1792 3522 1862 inquit,
3567 1795 3682 1848 haec

2103 1882 2302 1939 auferri
2333 1884 2625 1950 obstacula,
2658 1883 2773 1938 hmc
2818 1882 2953 1938 bella
2983 1883 3238 1952 extingui,
3265 1892 3319 1937 et
3346 1899 3445 1952 ego
3471 1883 3682 1939 veniam

2109 1973 2349 2029 omnino.
2374 1973 2510 2042 Quid
2531 1975 2709 2028 anima
2739 1973 2921 2028 mitius
2944 1973 3032 2026 illa
3059 1987 3181 2029 esse
3207 1973 3415 2043 possit?
3443 1971 3682 2028 Confun-

2107 2065 2302 2121 dantur
2323 2065 2554 2136 gentiles
2576 2065 2646 2122 de
2665 2065 2893 2136 reliquo,
2915 2064 3154 2136 quiuimo
3180 2079 3248 2120 ne
3272 2063 3684 2128 confundantur,

2109 2159 2202 2214 sed
2229 2159 2572 2226 erudiantur,
2620 2166 2677 2214 et
2719 2158 2988 2228 proprium
3019 2156 3324 2211 omittentes
3351 2170 3588 2212 errorem
3617 2154 3684 2208 ad

2109 2249 2501 2304 Christianismi
2517 2249 2765 2304 virtutem
2785 2248 3024 2312 redeant,
3048 2255 3285 2302 nostram
3313 2245 3382 2301 ab
3409 2245 3691 2318 Imperato-

2114 2356 2172 2396 rc
2191 2351 2242 2396 ct
2262 2340 2513 2412 pontifice
2530 2340 2671 2395 docti
2691 2338 3102 2409 philosophiam.
3132 2337 3249 2393 Non
3271 2339 3411 2393 cnim
3435 2337 3690 2392 hactenus

2117 2441 2243 2488 tunc
2260 2432 2493 2488 substitit
2519 2432 2790 2502 piissimus
2818 2429 3136 2502 Imperator,
3159 2429 3256 2485 sed
3307 2438 3362 2484 et
3412 2436 3692 2501 postquam

2116 2539 2182 2580 ex
2211 2524 2345 2580 urbe
2363 2525 2615 2580 sacerdos
2635 2524 2799 2578 exivit
2819 2531 2872 2578 ct
2900 2522 3212 2594 pertransiit
3238 2535 3406 2586 mare,
3455 2520 3598 2574 misit
3625 2519 3692 2577 ad

2117 2631 2239 2672 cum
2251 2617 2532 2689 quosdam,
2555 2617 2829 2672 sciscitans
2857 2623 2914 2671 et
2941 2625 3207 2686 satagens,
3237 2627 3304 2667 ne
3333 2612 3470 2668 forte
3490 2621 3692 2681 tempus

2121 2720 2384 2771 tereretur
2437 2720 2493 2767 et
2535 2710 2737 2766 civitati
2786 2710 3111 2780 voluptatem
3161 2706 3503 2769 diminueret,
3547 2712 3694 2758 extra

2123 2809 2308 2865 urbem
2329 2807 2726 2863 solemnitatem
2755 2818 3035 2875 peragens.
3067 2801 3196 2871 Quis
3228 2808 3379 2872 pater
3403 2798 3546 2854 mitis
3577 2806 3696 2851 tan-

2126 2909 2231 2955 tam
2259 2898 2326 2955 de
2351 2897 2729 2954 contumeliam
2760 2893 3112 2952 inferentibus
3139 2906 3320 2948 curam
3347 2889 3491 2962 egit?
3520 2889 3696 2943 Dicam

2125 3002 2180 3048 et
2205 2992 2360 3047 aliam
2381 2991 2508 3062 justi
2535 2991 2769 3045 laudem.
2800 2989 2892 3044 llis
2917 2988 3060 3044 enim
3089 2985 3351 3056 expeditis
3397 2999 3501 3039 non
3550 2983 3699 3039 festi-

2129 3085 2293 3153 navit,
2319 3093 2377 3140 ut
2395 3084 2532 3139 alius
2554 3083 2734 3154 gloria:
2754 3079 2998 3152 cupidus,
3021 3079 3136 3150 ipse
3159 3079 3341 3133 literas
3362 3076 3506 3132 illam
3535 3074 3698 3129 tristi—

2130 3180 2256 3234 tiam
2283 3179 2557 3234 solventes
2584 3174 2830 3240 deferre;
2873 3171 2968 3230 sed
3013 3173 3260 3243 quoniam
3306 3170 3501 3225 lentius
3553 3167 3699 3230 ibat,

2132 3272 2295 3327 alium
2319 3270 2604 3341 quemdam
2636 3268 2891 3323 velociter
2920 3266 3162 3336 equitare
3199 3263 3414 3318 doctum
3460 3274 3520 3316 se
3565 3273 3704 3330 pra:-

2131 3371 2343 3418 vertere
2364 3359 2589 3431 rogavit,
2621 3367 2676 3413 et
2697 3359 2831 3414 bona
2853 3356 3054 3413 civitati
3084 3355 3268 3410 nuntia
3290 3351 3504 3420 all‘erre,
3550 3363 3617 3405 ne
3641 3363 3708 3403 ex

2134 3457 2338 3514 reditus
2355 3456 2437 3512 sui
2480 3453 2776 3509 tardatione
2829 3451 3044 3507 tristitia
3094 3449 3513 3521 prolongaretur.
3560 3441 3711 3510 Quod

2135 3551 2279 3606 enim
2323 3550 2439 3618 ipse
2463 3545 2753 3619 quaerebat,
2780 3545 2953 3600 solum
2981 3551 3116 3606 erat,
3140 3555 3246 3595 non
3286 3547 3344 3593 ut
3369 3539 3483 3607 ipse
3511 3534 3713 3589 veniret

2136 3645 2273 3699 bona
2299 3642 2413 3697 haec
2437 3639 2684 3696 deferens
2729 3637 3014 3707 voluptatis
3059 3633 3239 3688 multm
3287 3629 3463 3701 plena,
3511 3625 3604 3682 sed
3655 3634 3712 3678 ut

2137 3752 2304 3810 ocyus
2324 3735 2478 3791 nobis
2499 3734 2668 3804 patria
2697 3732 3008 3802 respiraret.

2209 3809 2537 3884 Lectisterm'a
2559 3827 2614 3880 in
2639 3825 2784 3880 rebus
2823 3823 2972 3878 lctis.
2996 3852 3068 3863 —
3091 3818 3241 3886 Quod
3281 3816 3440 3887 igitur
3471 3823 3595 3868 tunc
3641 3809 3720 3864 fe-

2140 3925 2309 3990 cistis,
2340 3921 2512 3977 forum
2536 3927 2876 3984 coronantes,
2905 3924 2958 3971 et
2985 3915 3230 3969 lucernas
3256 3907 3633 3973 accendentes,
3667 3913 3722 3958 ct

2143 4016 2312 4071 lectos
2331 4021 2457 4068 aute
2483 4010 2725 4067 officinas
2749 4014 3154 4078 componentes,
3186 4012 3240 4059 et
3267 4011 3533 4070 tamquam
3553 4009 3723 4063 nuper

2143 4107 2358 4163 civitate
2389 4114 2512 4160 nata
2535 4145 2552 4171 ,
2579 4103 2770 4158 festum
2795 4109 3016 4172 agentes
3036 4141 3052 4167 ,
3099 4097 3202 4152 hoc
3246 4094 3404 4149 aliter
3445 4105 3541 4162 per
3565 4102 3725 4144 omne

2145 4198 2305 4254 facite
2332 4207 2566 4266 tempus,
2599 4209 2706 4249 non
2736 4192 2983 4256 ﬂoribus,
3011 4189 3105 4246 sed
3127 4189 3323 4244 virtute
3341 4199 3437 4240 vos
3463 4195 3726 4238 coronau-

2146 4297 2250 4357 tes,
2280 4289 2456 4344 lumen
2485 4304 2581 4359 per
2619 4302 2780 4358 opera
2810 4287 2861 4340 in
2892 4284 3067 4340 anima
3110 4289 3290 4336 vestra
3336 4274 3690 4332 accendentes
3709 4313 3727 4334 ,

2151 4380 2413 4453 spirituali
2439 4379 2732 4451 gaudentes
2759 4377 2964 4439 laetitia,
3007 4383 3062 4430 et
3089 4374 3199 4429 Deo
3248 4368 3467 4426 assidue
3511 4381 3606 4436 pro
3645 4363 3732 4418 his

2149 4473 2398 4530 omnibus
2425 4472 2624 4542 gratias
2650 4483 2808 4540 agere
2834 4482 2944 4523 non
2962 4465 3271 4520 desinamus
3316 4477 3331 4515 :
3385 4473 3492 4514 non
3519 4465 3730 4511 tantum

2151 4567 2402 4637 quoniam
2429 4563 2610 4637 gravia
2639 4561 2818 4626 solvit,
2850 4573 3033 4614 verum
3063 4554 3314 4627 quoniam
3357 4559 3412 4607 et
3454 4549 3566 4620 ipsa
3619 4545 3737 4600 ﬁeri

2153 4658 2415 4731 permisit,
2438 4659 2488 4714 ei
2518 4657 2742 4712 multum
2774 4655 2871 4722 ipsi
2903 4665 3002 4705 nos
3026 4649 3225 4704 debere
3246 4643 3621 4706 confiteantur;
3641 4653 3739 4708 per

2154 4767 2380 4826 utraque
2408 4752 2550 4807 enim
2593 4748 2746 4804 nobis
2791 4745 3057 4800 civitatem
3113 4739 3344 4795 ornavit.
3395 4735 3520 4789 llmc
3558 4739 3741 4786 autem

2157 4821 2360 4914 omnia,
2386 4842 2678 4900 secundum
2703 4835 3074 4908 propheticum
3101 4825 3534 4900 eloquium,liliis
3551 4821 3745 4876 vestris

2161 4938 2496 5001 annuntiate,
2524 4942 2579 4990 et
2601 4931 2692 4986 lilii
2723 4928 2886 4983 vestri
2913 4926 3036 4979 tiliis
3055 4925 3186 4987 suis,
3219 4930 3274 4975 et
3297 4918 3372 4973 illi
3407 4927 3621 4970 rursum
3647 4926 3740 4979 ge-

2159 5028 2423 5088 nerationi
2452 5035 2678 5098 postera:
2705 5021 2842 5093 (Ιοεί
2887 5021 2940 5074 l.
2970 5016 3059 5089 ὃ),
3091 5023 3150 5070 ut
3198 5024 3386 5067 omnes
3438 5007 3530 5078 qui
3578 5019 3747 5074 usque

2160 5126 2228 5183 ad
2249 5120 2765 5180 consummationem
2803 5112 2966 5170 futuri
3018 5116 3162 5173 sunt,
3215 5104 3318 5160 Dei
3360 5099 3751 5155 humanitatem

2162 5217 2360 5275 civitati
2386 5213 2674 5271 exhibitam
2700 5211 2990 5270 discentes,
3042 5216 3138 5256 nos
3180 5197 3396 5268 quidem
3437 5191 3751 5246 beatilicent

2166 5320 2368 5367 tantam
2400 5316 2585 5363 nactos
2611 5298 3041 5360 benevolentiam
3066 5309 3082 5359 ;
3111 5291 3443 5348 admirentur
3468 5292 3647 5339 autem
3692 5287 3750 5334 et

2165 5404 2440 5462 dominmn
2467 5409 2726 5462 nostrum,
2749 5392 2936 5466 quisic
2955 5389 3155 5458 lapsam
3173 5381 3440 5439 civitatem
3458 5374 3712 5433 relevavit
3732 5388 3752 5466 ξ

2170 5498 2442 5552 lucrentur
2469 5501 2522 5547 et
2543 5490 2664 5560 ipsi,
2697 5463 2897 5558 perque
2918 5479 3101 5536 talium
3123 5485 3390 5546 gestorum
3412 5467 3656 5560 exempla
3683 5463 3754 5518 ad

2171 5591 2421 5662 pietatem
2452 5557 2832 5654 impellantur:
2862 5589 2969 5629 non
2996 5571 3138 5626 enim
3161 5580 3261 5622 nos
3290 5571 3522 5626 tantum,
3552 5559 3597 5614 si
3620 5557 3756 5626 ipso-

2170 5699 2288 5740 rum
2312 5693 2525 5750 semper
2555 5671 2922 5734 recordemur,
2945 5676 3130 5720 verum
3159 5668 3213 5715 et
3241 5665 3519 5729 posteros,
3567 5662 3756 5750 eorum

2177 5791 2293 5848 qua:
2314 5742 2468 5830 nobis
2490 5771 2780 5825 evenerunt
2800 5758 3054 5823 narratio,
3075 5754 3313 5811 maxime
3330 5750 3526 5820 iuvare
3544 5742 3754 5816 poterit.
