4066 6424
339 410 443 468 Ξίθ

337 544 450 590 τος,
488 527 651 583 πάλιν
688 545 771 583 σοι
795 526 867 581 τά
895 524 1004 581 τῶν
1045 524 1340 596 ἐγκωμίων
1371 527 1464 580 καὶ
1484 525 1594 579 τῶν
1617 526 1856 581 ἐπαίνων
1894 524 2018 580 καθ’

339 615 581 689 ἑκάστην
628 615 904 670 ἐπιδίδωσι
959 614 1059 686 τὴν
1088 614 1308 684 γενεάν.
1351 612 1638 686 Ἐννόησον
1690 613 1798 687 γὰρ
1835 612 2021 685 ἡλίκον

338 705 456 758 ἐστὶ
484 705 610 767 τοὺς
649 703 790 776 μετά
816 702 991 759 ταῦτα
1025 703 1239 767 πάντας
1264 701 1506 769 ἀκούειν,
1535 703 1617 756 ὅτι
1645 703 1852 766 πόλεως
1880 701 2022 755 οὑτω

343 792 587 864 μεγάλης
606 793 701 846 καὶ
731 790 1036 845 ὑπευθύνου
1063 791 1282 845 κολάσει
1309 790 1404 845 καὶ
1430 790 1672 864 τιμωρίᾳ
1698 790 2018 860 γενομένης,

341 882 690 952 πεφρικότων
747 881 1030 945 ἁπάντων,
1065 880 1159 935 καὶ
1200 879 1518 933 δεδοικότων
1552 878 1876 951 στρατηγῶν
1925 877 2022 932 καὶ

342 967 603 1039 ὑπάρχων
632 968 727 1021 καὶ
759 965 1051 1031 δικαστῶν,
1096 967 1192 1021 καὶ
1222 966 1344 1021 οὑδέ
1377 965 1560 1038 φωνὴν
1594 969 1753 1038 ῥῆξαι
1779 965 2018 1037 τολμών-

340 1071 451 1108 των
479 1055 617 1127 ὑπὲρ
645 1055 755 1109 τῶν
777 1054 978 1109 ἀθλίων
1004 1054 1252 1119 ἐκείνων,
1270 1049 1351 1118 εἷς
1385 1053 1671 1125 παρελθὼν
1703 1051 2020 1124 πρεσϐύτης

340 1141 435 1195 τοῦ
456 1140 591 1194 Θεοῦ
620 1142 719 1212 τὴν
752 1141 1055 1213 ἱερωσύνην
1079 1140 1560 1212 ἐγκεχειρισμένος
1582 1138 1691 1193 ἀπὸ
1716 1139 1814 1210 τῆς
1843 1136 2021 1207 ὅψεως

342 1230 513 1303 μόνης
533 1230 726 1303 αὐτῆς,
747 1231 842 1284 καὶ
870 1229 1035 1302 ψιλῆς
1051 1229 1152 1299 τῆς
1184 1229 1475 1299 συντυχίας
1493 1226 1751 1299 ἐνέτρεψε
1770 1226 1863 1279 τὸν
1883 1242 2021 1297 κρα-

339 1318 538 1372 τοῦντα
557 1334 570 1347 ⁸
601 1320 696 1373 xal
717 1319 746 1373 δ
778 1318 971 1390 μηδενὶ
995 1317 1105 1372 τῶν
1146 1317 1236 1371 ὑπ’
1265 1317 1430 1370 αὐτὸν
1471 1314 1789 1388 ἐχαρίσατο,
1815 1313 1898 1367 ἐνὶ
1929 1313 2020 1382 γέ-

341 1424 489 1480 ροντι
517 1407 675 1462 τοῦτο
706 1406 873 1463 ἔδωκε
906 1408 1032 1471 τοὺς
1061 1404 1156 1460 τοῦ
1186 1405 1322 1461 Θεοὺ
1354 1405 1551 1476 νόμους
1588 1403 1873 1466 αἰδεσθείς.
1910 1403 2016 1459 Καὶ

339 1494 449 1568 γὰρ
477 1495 573 1549 καὶ
598 1495 773 1566 τούτῳ
788 1494 938 1567 αὐτῷ
957 1496 1016 1549 οὐ
1045 1495 1257 1568 μικρῶς
1279 1512 1361 1559 σε,
1382 1488 1427 1547 ὦ
1454 1490 1697 1564 βασιλεῦ,
1721 1492 2014 1563 τετίμηκεν

337 1585 373 1655 ή
402 1583 575 1648 πόλις,
606 1584 707 1656 ἐμὲ
739 1584 876 1656 πρὸς
903 1584 1003 1657 τὴν
1041 1583 1340 1656 πρεσϐείαν
1368 1581 1575 1652 ταύτην
1615 1579 2010 1635 ἀποστείλασα’

336 1658 518 1742 ψῆφον
539 1671 648 1744 γὰρ
675 1671 905 1744 ἀρίστην
936 1671 1239 1743 ἐξήνεγκαν
1266 1670 1396 1742 περὶ
1433 1669 1524 1723 σοῦ
1554 1669 1648 1723 καὶ
1686 1667 2014 1738 καλλίστην.

337 1758 421 1812 ὅτι
482 1760 583 1830 τῆς
628 1758 804 1829 ἀρχῆς
866 1757 1086 1828 ἀπάσης
1139 1756 1240 1826 τῆς
1301 1755 1408 1810 ὑπὸ
1455 1756 1516 1810 σὲ
1547 1766 1575 1796 ι
1608 1754 1888 1826 κειμένης,
1921 1752 2016 1807 τοῦ

338 1844 475 1901 Θεοῦ
498 1846 626 1910 τοὺς
651 1846 833 1919 ἱερέας
870 1846 1162 1919 προτιμᾷς,
1181 1844 1286 1899 κᾶν
1309 1843 1547 1908 εὐτελεῖς
1575 1845 1726 1906 ὄντες
1759 1842 2017 1913 τύχωσιν»

338 1936 414 1989 υὺ
447 1934 579 2007 παρ’
607 1935 834 1989 ἐκείνων
866 1935 924 1989 δὲ
947 1935 1068 2006 ήκω
1100 1933 1197 1989 νῦν
1225 1933 1406 2006 μόνον,
1448 1931 1585 1987 ἀλλά
1615 1931 1709 1985 καὶ
1742 1931 1849 2003 πρὸ
1871 1929 2018 1984 ἐκεί-

336 2037 446 2077 νων
477 2020 630 2093 παρά
650 2019 747 2075 τοῦ
776 2020 957 2075 κοινοῦ
984 2019 1094 2075 τῶν
1122 2020 1371 2091 ἀγγέλων
1412 2017 1761 2089 ἀπέσταλμαι
1810 2014 2018 2070 Δεσπό-

336 2124 454 2173 του,
488 2108 664 2164 ταῦτα
691 2110 866 2163 εἰπεῖν
893 2109 1030 2181 πρὸς
1062 2109 1162 2179 τήν
1185 2108 1549 2181 ήμερωτάτην
1596 2122 1691 2159 σου
1721 2104 1816 2159 καὶ
1850 2121 2021 2177 πραο-

336 2193 508 2265 τάτην
526 2196 725 2268 ψυχὴν,
739 2195 820 2250 ὅτι
835 2195 933 2250 Ἂν
947 2195 1123 2267 ἀφῆτε
1138 2198 1251 2259 τοῖς
1261 2191 1652 2265 ἀνθρώποιςτά
1673 2191 2019 2262 ὀφειλήματα

335 2280 538 2344 αὐτῶν,
555 2280 651 2334 καὶ
677 2281 706 2333 ό
730 2279 884 2351 Πατὴ
893 2296 923 2352 ρ
940 2280 969 2332 ὑ
978 2280 1094 2352 μῶν
1115 2281 1144 2333 ό
1162 2281 1414 2352 οὐράνιος
1435 2280 1636 2350 ἀφήσει
1665 2280 1694 2333 ὑ
1703 2281 1793 2351 μῖν
1817 2278 1887 2333 τὰ
1914 2295 2020 2331 πα-

338 2366 684 2439 ραπτώματα
712 2367 888 2439 ὑμῶν.
942 2369 1352 2442 Ἀναμνήσθητι
1410 2368 1589 2424 τοίνυν
1650 2367 1750 2439 τῆς
1802 2366 2019 2438 ⁴ἡμέρας

333 2455 569 2527 ἐκείνης,
599 2456 725 2510 καθ’
757 2457 823 2529 ήν
841 2457 1081 2521 ἅπαντες
1099 2456 1255 2528 δίκην
1271 2455 1517 2529 δώσομεν
1537 2455 1789 2526 περὶτῶν
1806 2473 2020 2526 πεπρα-

332 2542 551 2612 γμένων
572 2562 584 2575 ·
625 2544 881 2616 ἐννόησον
904 2585 919 2610 ,
947 2547 1032 2599 ὅτι
1054 2546 1105 2599 εί
1146 2546 1242 2599 καί
1270 2546 1322 2600 τί
1359 2562 1441 2599 σοι
1480 2546 1817 2617 ἡμάρτηται,
1841 2545 2020 2599 πάντα

333 2630 698 2700 ἀπονίψασθαι
721 2634 749 2673 δ
768 2635 974 2708 δυνήσῃ
991 2634 1059 2689 τά
1099 2633 1549 2706 πλημμελήματα
1580 2633 1669 2707 διά
1704 2633 1806 2704 τῆς
1834 2632 2016 2703 ψήφου

333 2720 428 2772 καὶ
458 2720 560 2791 τῆς
593 2719 818 2794 γνώμης
846 2722 1072 2794 ταύτης,
1105 2724 1275 2795 χωρὶς
1306 2723 1506 2786 πόνων,
1546 2721 1719 2794 χωρὶς
1753 2719 2016 2793 ἱδρώτων.

337 2810 521 2864 Ἄλλοι
552 2811 648 2880 μὲν
668 2808 762 2866 οὗν
794 2813 1223 2883 πρεσϐευόμενοι
1253 2813 1476 2884 χρυσίον
1506 2812 1602 2866 καὶ⁸
1628 2810 1893 2882 ἀργύριον
1924 2810 2017 2864 καὶ

332 2897 497 2970 ἔτερα
521 2898 749 2952 τοιαῦτα
779 2899 931 2970 δῶρα
959 2898 1300 2970 κομίζωσιν·
1330 2899 1443 2968 ἐγὼ
1464 2899 1522 2952 δὲ
1551 2900 1691 2971 μετά
1724 2899 1834 2952 τῶν
1856 2899 2019 2971 ἱερῶν

334 2985 474 3056 πρὸς
506 2986 607 3058 τὴν
636 2987 735 3058 σὴν
761 2985 1042 3058 βασιλείαν
1076 2988 1317 3057 ἀφῖγμαι
1343 2987 1548 3058 νόμων,
1577 2987 1672 3039 καὶ
1687 2986 1811 3040 ἀντὶ
1830 2985 2019 3058 δώρων

332 3079 592 3132 ἁπάντων
620 3078 846 3143 τούτους
866 3079 1137 3151 προτείνω
1157 3096 1172 3111 ο
1204 3079 1300 3132 καὶ
1335 3078 1642 3149 παρακαλῶ
1677 3094 1738 3131 σε
1774 3079 2021 3149 μιμήσα-

336 3166 463 3219 σθαί
491 3184 585 3220 σου
612 3167 704 3221 τὸν
731 3167 1105 3239 Δεσπότην,δ;
1132 3166 1254 3222 καθ’
1283 3167 1496 3239 ἡμέραν
1524 3166 1656 3238 παρ’
1686 3166 1845 3237 ήμῶν
1865 3166 2019 3236 ὑϐρι-

333 3252 662 3326 ζόμενος,οὑ
677 3256 1028 3327 διαλιμπάνει
1053 3256 1122 3311 τά
1152 3258 1282 3327 παρ’
1307 3255 1505 3309 ἑαυτοῦ
1535 3255 1788 3327 χορηγῶν
1819 3253 2013 3310 άπασν

333 3343 428 3397 καὶ
461 3343 536 3415 μὴ
564 3344 1108 3417 καταισχύνῃςήμῶν
1125 3344 1223 3409 τάς
1249 3343 1491 3408 ἐλπίδας,
1514 3344 1649 3415 μηδέ
1675 3342 1903 3415 ἐλέγξῃς
1918 3343 2017 3407 τὰς

333 3430 676 3502 ὑποσχέσεις.
704 3433 816 3486 Kal
844 3433 952 3503 γάρ
982 3434 1077 3486 καὶ
1104 3431 1263 3487 τοῦτό
1293 3449 1352 3487 σε
1386 3432 1525 3503 μετά
1545 3430 1654 3486 τῶν
1681 3431 1854 3487 ἄλλων
1883 3430 2018 3484 εἰδέ-

331 3536 422 3572 ναι
457 3519 739 3592 βούλομαι,
781 3521 864 3575 ὃτι
893 3523 942 3574 εί
976 3522 1075 3592 μὲν
1108 3520 1432 3592 βουληθείης
1471 3520 1880 3591 καταλλαγῆναι
1920 3518 2017 3572 καὶ

333 3606 434 3677 τῆς
464 3608 739 3680 προτέρας
766 3607 982 3671 εὐνοίας
1024 3607 1350 3680 μεταδοῦναι
1369 3610 1437 3679 τῇ
1465 3608 1638 3673 πόλει,
1672 3608 1766 3663 καὶ
1792 3606 1891 3679 τὴν
1919 3607 2017 3677 ὁρ-

332 3693 439 3765 γὴν
475 3695 696 3765 ἀφεῖναι
723 3696 822 3766 τὴν
845 3695 1061 3749 δικαίαν
1093 3695 1320 3767 ταύτην,
1354 3695 1493 3766 μετά
1528 3695 1732 3766 πολλῆς
1777 3694 2015 3749 ἀπελεύ-

334 3798 500 3853 σομαι
522 3783 624 3854 τῆς
644 3782 959 3856 παρρησίας
979 3801 993 3814 ·
1030 3785 1079 3837 εἱ
1103 3783 1158 3836 δὲ
1194 3783 1447 3847 ἐκϐάλοις
1476 3783 1575 3853 τήν
1599 3783 1756 3836 πόλιν
1778 3784 1877 3855 τῆς
1901 3782 2017 3837 δια-

332 3870 486 3934 νοίας
508 3870 611 3943 τῆς
655 3874 777 3943 σῆς,
809 3871 870 3925 οὐ
905 3871 1068 3942 μόνον
1103 3872 1204 3924 οὐκ
1237 3871 1576 3942 ἐπιϐήσομαι
1598 3911 1614 3934 ,
1663 3870 1786 3924 οὐδὲ
1810 3869 2015 3941 ὄψομαι

334 3959 504 4031 αὐτῆς
530 3960 591 4015 τὸ
618 3960 836 4030 ἔδαφος.
863 3959 1001 4015 ἀλλά
1033 3959 1128 4014 καὶ
1172 3962 1487 4031 ἀρνήσομαι
1536 3960 1709 4030 αὐτὴν
1759 3958 2016 4026 καθάπαξ

333 4045 544 4115 λοιπὸν,
575 4050 672 4104 καὶ
697 4050 780 4114 είς
811 4050 1006 4122 ἑτέραν
1028 4049 1269 4120 ἐμαυτὸν
1292 4048 1556 4122 ἐγγράφω
1587 4049 1763 4103 πόλιν.
1783 4048 1876 4120 Μὴ
1906 4048 2015 4121 γάρ

336 4154 431 4209 μοι
449 4138 663 4208 γένοιτο
708 4139 945 4212 πατρίδα
978 4137 1391 4208 ἐπιγράψασθαί
1442 4154 1573 4189 ποτε
1608 4137 1845 4209 ἐκείνην,
1877 4137 2015 4208 πρὸς

334 4229 404 4299 ἢν
440 4229 469 4282 ό
506 4228 1023 4300 φιλανθρωπότατος
1052 4228 1116 4282 σὺ
1151 4227 1246 4281 xal
1284 4227 1503 4279 πάντων
1536 4226 1843 4299 ἀνθρώπων
1873 4228 2014 4299 ἡμε-

335 4316 578 4390 ρώτατος
615 4318 715 4374 οὐκ
742 4318 809 4372 ἂν
839 4316 983 4371 ἐλοιο
1018 4314 1345 4370 σπείσασθαι
1368 4316 1463 4368 καὶ
1483 4315 1917 4384 καταλλαγῆναι.

403 4406 466 4461 δ’.
494 4408 677 4461 Ταῦτα
699 4409 792 4461 καὶ
820 4406 1041 4460 πλείονα
1069 4403 1274 4458 τούτων
1299 4402 1489 4467 εἰπὼν,
1509 4402 1653 4457 οὑτω
1682 4403 2015 4477 τὸνβασιλέα

336 4496 608 4568 συνέχεεν,
633 4496 709 4562 ώς
734 4495 903 4550 ταυτὺ
962 4493 1235 4565 γενέσθαι,
1255 4495 1392 4565 ὅπερ
1424 4493 1519 4546 ἐπὶ
1538 4492 1634 4545 τοῦ
1676 4494 1874 4565 Ἰωσήφ
1894 4511 2015 4547 συν-

335 4583 441 4653 έϐη
498 4584 758 4654 γενέσθαι
811 4582 985 4639 ποτέ.
1012 4581 1282 4654 Καθάπερ
1330 4581 1441 4653 γάρ
1494 4583 1703 4646 ἐκεῖνος
1738 4582 1858 4636 τότε
1887 4586 2015 4647 τοὺς

335 4671 597 4741 ἀδελφοὺς
630 4670 754 4725 ίδὼν
776 4670 1029 4725 ἐϐούλετο
1055 4670 1154 4744 μὲν
1182 4670 1443 4742 δακρύειν
1461 4712 1477 4737 ,
1504 4671 1694 4740 ἐστεγε
1726 4671 1786 4726 δέ
1813 4670 1874 4724 τὸ
1907 4671 2015 4725 πάο

335 4760 448 4826 θος,
477 4758 619 4813 ὥστε
646 4759 720 4830 μὴ
749 4759 1061 4830 διαφθεῖραι
1089 4758 1189 4829 τὴν
1216 4759 1508 4831 ὑπόκρισιν
1526 4751 1713 4813 ὀὕτω
1756 4758 1820 4831 δὴ
1867 4761 1961 4814 καὶ
1987 4762 2015 4814 ό

336 4846 592 4919 βασιλεὺς
622 4846 851 4918 ἐδάκρυε
872 4847 971 4918 μὲν
993 4847 1138 4900 κατά
1154 4846 1415 4908 διάνοιαν,
1434 4846 1588 4919 [225]
1612 4848 1713 4901 οὐκ
1740 4846 2016 4902 ἐδείκνυτο

332 4937 390 4990 δὲ
413 4937 504 4992 διὰ
534 4938 662 5000 τούς
691 4935 969 5007 παρόντας
1004 4934 1251 4999 ἅπαντας
1275 4951 1290 4966 ⁶
1318 4936 1380 4989 οὐ
1422 4935 1531 5007 μὴν
1567 4938 1789 5006 ἴσχυσεν
1810 4938 1891 5001 είς
1923 4937 2014 4991 τέ-

332 5024 425 5088 λος
447 5024 652 5096 κρύψαι
676 5024 738 5078 τὸ
766 5022 957 5087 πάθος,
978 5022 1116 5077 ἀλλά
1138 5022 1234 5077 καὶ
1253 5022 1402 5077 ἄκων
1422 5022 1706 5096 ἠλέγχετο.
1728 5024 1883 5079 Μετά
1907 5026 2015 5099 γὰρ

331 5112 430 5185 τήν
453 5113 801 5185 δημηγορίαν
831 5110 1037 5182 ταύτην
1065 5111 1166 5164 ούκ
1207 5111 1398 5182 ἐδεήθη
1428 5113 1692 5183 ῥημάτων
1719 5113 2011 5186 δευτέρων,

332 5200 450 5254 ἀλλ’
475 5199 534 5255 ἓν
564 5200 725 5272 μόνον
751 5197 1055 5270 ἐφθέγξατο
1086 5200 1257 5269 ῥῆμα,
1291 5198 1319 5251 ὃ
1344 5199 1439 5252 τοῦ
1472 5199 1804 5272 διαδήματος
1847 5201 2014 5257 αὐτὸν

332 5288 518 5360 πολλῷ
550 5287 816 5361 μειζόνως
847 5288 1149 5359 ἐκόσμησε.
1189 5287 1254 5341 Τί
1283 5287 1342 5341 δέ
1386 5286 1549 5344 τοὺτό
1574 5290 1763 5357 ἐστιν;
1814 5293 1929 5347 Kal
1963 5293 2015 5346 τί

332 5377 648 5449 θαυμαστὸν
665 5377 762 5431 καὶ
781 5377 943 5446 μέγα.
965 5376 1154 5447 φησὶν,
1183 5376 1234 5428 εἱ
1260 5377 1373 5440 τοῖς
1399 5376 1684 5448 ὑϐρικὸσιν
1721 5379 2015 5453 ἀφήσομεν

120 5499 132 5510 ο
248 5538 261 5541 _
329 5467 432 5539 τήν
458 5464 631 5538 ὀργήν
665 5463 976 5535 ἀνθρώποις
1005 5460 1158 5518 οὖσιν
1177 5464 1456 5536 ἅνθρωποι
1492 5465 1584 5518 καὶ
1618 5466 1775 5522 αὑτοὶ
1805 5471 2013 5541 τυγχάο

330 5573 534 5620 νοντες,
565 5555 701 5608 ὅπου
727 5570 791 5623 γε
816 5555 844 5609 ό
876 5554 979 5625 τῆς
1007 5553 1338 5625 οἰκουμένης
1367 5556 1646 5627 Δεσπότης
1670 5557 1764 5610 ἐπὶ
1790 5559 1896 5630 γῆς
1928 5560 2015 5614 ελ-

331 5642 439 5698 θὼν
460 5644 552 5698 καὶ
580 5642 647 5696 δι’
671 5643 821 5714 ἡμᾶς
844 5643 1135 5713 γενόμενος
1169 5642 1377 5707 δοὺλος,
1417 5640 1512 5697 καὶ
1534 5644 1688 5715 παρὰ
1713 5644 1823 5699 τῶν
1855 5649 2014 5722 εὐερ-

329 5732 672 5805 γετηθέντων
702 5730 1039 5803 σταυρωθεὶς
1066 5730 1208 5803 ὑπὲρ
1231 5730 1343 5786 τῶν
1372 5732 1808 5803 σταυρωσάντων
1850 5736 2015 5791 αὑτὸν

330 5820 630 5893 παρεκάλει
665 5821 760 5875 τὸν
804 5820 1047 5893 Πατέρα,
1072 5819 1272 5890 λέγων,
1311 5820 1490 5890 Ἄφες
1519 5820 1761 5888 αὐτοῖς’
1791 5824 1864 5878 οὐ
1902 5825 2013 5896 γὰρ

389 5978 420 6081 ξ
442 5974 689 6093 iiIi-12;?)
694 5975 976 6103 ἓῷῗὲόαρτο
1008 5992 1070 6031 eo
1092 5976 1223 6042 quod
1258 5979 1523 6041 legebatur
1545 5980 1639 6030 ὑπὸ
1661 5995 1768 6028 σου.
1808 5980 1942 6031 Enn.

1347 408 1438 463 AD
1471 408 1805 466 POPULUM
1841 406 2347 466 ANTIOCHENUM
2413 413 2648 471 IIOMIL.
2690 413 2832 471 XXI.

3697 414 3803 468 390

2119 526 2320 583 οἴδασι
2363 529 2421 584 τί
2456 530 2731 598 ποιοῦσι;
2761 531 2813 585 τί
2856 531 3037 586 τοίνυν
3069 529 3417 603 θαυμαστὸν,
3449 529 3498 585 εἰ
3524 530 3640 593 τοῖς
3673 531 3799 601 69.0-

2117 614 2327 680 δούλοις
2355 620 2450 673 καὶ
2478 622 2641 691 ἡμεῖς
2664 620 2985 693 ἀφήσομεν;
3017 621 3128 674 Kal
3158 620 3242 674 ὅτι
3267 619 3443 675 ταῦτα
3480 616 3549 673 τά
3578 618 3797 690 ῥήματα

2118 704 2218 776 οὐχ
2244 705 2534 778 ὑπόκρισις
2573 703 2663 780 ἦν,
2688 707 2859 775 ἔδειξε
2895 709 2995 780 μὲν
3023 709 3119 762 καὶ
3153 706 3222 762 τά
3259 706 3605 778 γεγενημένα
3633 705 3792 760 ἅπαν·

2117 810 2209 857 τα,
2239 793 2341 848 οὐκ
2368 794 2592 849 ἔλαττον
2610 796 2667 849 δὲ
2690 795 2897 851 τούτων
2923 797 3017 850 καὶ
3043 795 3222 862 τοῦτο,
3247 796 3276 848 δ
3295 794 3474 866 μέλλω
3501 792 3599 848 νῦν
3628 794 3792 866 ἐρεῖν·

2117 881 2281 935 αὐτὸν
2303 880 2411 954 γὰρ
2431 883 2524 936 τὸν
2551 884 2702 956 ἱερέα
2734 884 2926 938 τοῦτον
2962 884 3284 955 βουλόμενον
3310 884 3430 937 ἐκεῖ
3471 878 3627 950 κοινῇ
3679 883 3800 953 μετ’

2118 967 2283 1022 αὑτοῦ
2314 968 2413 1039 τὴν
2439 969 2633 1040 ἑορτὴν
2667 969 2980 1023 ἐπιτελέσαι
3011 969 3238 1039 ταύτην,
3285 968 3487 1022 άκοντα
3525 968 3800 1039 κατηνάγο

2118 1073 2254 1109 κασε
2288 1056 2717 1127 κατεπειχθῆναι
2742 1057 2838 1111 καὶ
2866 1055 3122 1122 σπεῦσαι,
3144 1056 3242 1109 καὶ
3269 1057 3385 1119 τοῖς
3420 1055 3671 1119 πολίταις
3697 1071 3800 1123 φα-

2117 1145 2295 1216 νῆναι.
2325 1141 2476 1209 υἷδα,
2504 1144 2686 1214 φησὶν,
2721 1147 2802 1200 ὅτι
2840 1145 2935 1199 νῦν
2963 1145 3143 1199 αὐτῶν
3175 1146 3313 1198 είσιν
3350 1145 3407 1198 αἱ
3449 1142 3621 1215 ψυχαὶ
3649 1141 3799 1196 δεδο-

2117 1232 2370 1303 νημέναι,
2405 1234 2501 1287 καὶ
2530 1233 2700 1287 πολλά
2736 1234 2835 1306 τῆς
2863 1234 3148 1305 συμφορᾶς
3173 1233 3246 1287 τὰ
3271 1231 3533 1303 λείψαναο
3572 1229 3796 1296 ἄπελθε,

2117 1320 2504 1391 παρακάλεσον
2528 1335 2541 1347 ⁸
2577 1320 2644 1375 ἂν
2674 1320 2823 1375 ἴδωσι
2854 1321 2947 1375 τὸν
2976 1321 3344 1394 κυϐερνήτην.
3379 1320 3501 1373 οὐδέ
3528 1317 3624 1371 τοῦ
3660 1333 3797 1389 παρ-

2118 1407 2367 1473 ελθόντος
2401 1409 2772 1481 μεμνήσονται
2821 1408 3116 1480 χειμῶνος,
3144 1409 3281 1463 ἀλλὰ
3308 1410 3405 1462 καὶ
3442 1407 3542 1480 τὴν
3579 1408 3798 1479 μνήμην

2117 1496 2285 1569 αὐτὴν
2319 1496 2663 1568 ἐξαλείφουσι
2705 1497 2816 1553 τῶν
2853 1498 3115 1570 λυπηρῶν
3156 1497 3394 1552 ἃπασαν.
3467 1499 3557 1561 Ὠς
3595 1497 3654 1551 δέ
3701 1498 3798 1550 ἐπ-

2117 1585 2295 1639 έκειτο
2318 1590 2346 1640 ό
2373 1587 2571 1659 ἱερεὺς,
2592 1586 2759 1653 ἀξιῶν
2779 1587 2869 1641 τὸν
2889 1587 3003 1641 υίὺν
3025 1586 3236 1658 πέμψαι
3271 1587 3362 1639 τὸν
3382 1584 3596 1649 ἐαυτοῦ,
3617 1583 3798 1655 βουλό-

2120 1690 2282 1745 μενος
2308 1675 2517 1738 ἐκεῖνος
2544 1674 2713 1739 δεῖξαι
2740 1674 2949 1742 σαφῶς,
2972 1674 3049 1738 ώς
3075 1675 3259 1727 πᾶσαν
3287 1672 3517 1727 καθόλου
3546 1671 3646 1743 τῆς
3683 1671 3799 1723 δια-

2117 1761 2266 1825 νοίας
2294 1760 2549 1832 ἐξήλειψε
2577 1761 2675 1834 τὴν
2704 1761 2899 1832 ὀργὴν,
2936 1760 3209 1829 Εὑξασθε,
3248 1760 3404 1832 φησὶ,
3441 1758 3617 1814 ταῦτα
3644 1758 3799 1812 ἀναι-

2119 1845 2346 1919 ρεθῆναι
2361 1848 2428 1901 τὰ
2445 1848 2770 1918 κωλύματα,
2793 1849 2887 1902 σϐε
2896 1849 3090 1921 σθῆναι
3110 1848 3239 1911 τοὺς
3261 1846 3534 1917 πολέμους
3551 1843 3796 1907 τούτους,

2117 1934 2212 1989 καὶ
2237 1935 2400 1999 αὐτὸς
2428 1935 2694 2007 ἀφίξομαι
2727 1937 2966 2001 πάντως.
3002 1936 3067 1989 Τί
3088 1935 3191 2007 τῆς
3216 1935 3394 2005 ψυχῆς
3416 1934 3631 2004 ἐκείνης
3660 1934 3798 2005 ήμε-

2120 2022 2356 2096 ρώτερον
2384 2023 2580 2092 γένοιτ’
2616 2024 2720 2090 ἀν;
2758 2023 3215 2096 Αἰσχυνέσθωσαν
3264 2022 3528 2094 Ἕλληνες
3572 2021 3794 2075 λοιπόν

2121 2110 2401 2182 μᾶλλονδὲ
2440 2111 2515 2183 μὴ
2539 2111 3004 2183 αἱσχυνέσθωσαν,
3035 2111 3175 2166 ἀλλά
3204 2110 3675 2173 παιδευέσθωσαν,
3702 2109 3799 2164 καὶ

2115 2197 2219 2270 τὴν
2247 2198 2457 2252 οἰκείαν
2484 2198 2716 2268 ἀφέντες
2746 2198 2959 2268 πλάνην
2996 2200 3343 2254 ἐπανίτωσαν
3375 2199 3469 2252 ἐπὶ
3505 2198 3606 2269 τὴν
3643 2195 3737 2251 τοῦ
3771 2207 3796 2236 ε

2117 2282 2555 2356 Χριστιανισμοὺ
2587 2284 2839 2357 δύναμιν,
2892 2285 3002 2339 ἀπὸ
3028 2285 3126 2339 τοὺ
3174 2285 3440 2357 βασιλέως
3466 2324 3482 2347 ,
3538 2282 3647 2337 ἀπὸ
3701 2281 3798 2337 τοῦ

2121 2371 2311 2442 ἱερέως
2338 2371 2604 2442 μαθόντες
2649 2356 2749 2444 τήν
2782 2374 2913 2445 παρ’
2960 2375 3095 2444 ήμῖν
3119 2356 3462 2443 φιλοσοφίαν.
3511 2370 3652 2427 Οὐδὲ
3687 2372 3825 2443 γὰρ.

2124 2458 2285 2530 μέχρι
2316 2461 2523 2513 τούτων
2551 2460 2683 2531 ἔστη
2709 2460 2832 2514 τότε
2858 2463 2886 2515 ό
2920 2460 3336 2531 θεοφιλέστατος
3367 2460 3641 2532 βασιλεὺς,
3681 2459 3800 2513 ἀλλ’

2119 2546 2307 2618 ἐπειδὴ
2341 2548 2557 2619 καὶτῆς
2583 2547 2791 2612 πόλεως
2813 2547 3078 2620 ἐξήλασεν
3112 2550 3141 2602 ό
3175 2549 3354 2620 ἱερεὺς
3398 2549 3493 2602 καὶ
3518 2547 3671 2620 διέϐη
3696 2548 3800 2619 τὴν

2119 2634 2417 2703 θάλασσαν,
2446 2635 2659 2708 έπεμψε
2699 2629 2956 2691 καὶ’ἐκεῖ
2977 2654 3132 2702 τινας
3170 2633 3672 2708 περιεργαζόμενος
3706 2634 3800 2688 καὶ

2120 2724 2617 2796 πολυπραγμονῶν,
2652 2727 2727 2797 μή
2766 2743 2897 2779 ποτε
2926 2725 3094 2799 τρὶϐη
3122 2725 3214 2779 τὸν
3243 2726 3457 2798 χρόνον,
3477 2726 3572 2777 καὶ
3601 2726 3669 2795 τῇ
3701 2722 3800 2776 πό⁹

2116 2809 2197 2865 λει
2227 2812 2325 2883 τὴν
2348 2813 2542 2885 ἡδονὴν
2569 2813 2630 2879 ἐξ
2655 2813 2917 2885 ἡμισείας
2949 2817 3100 2886 ποιῇ,
3136 2812 3240 2879 ἔξω
3273 2813 3371 2885 τὴν
3396 2812 3591 2884 ἑορτὴν
3619 2813 3799 2864 ἐπιτε-

2116 2894 2245 2950 λῶν.
2280 2899 2440 2961 Ποῖος
2463 2898 2647 2969 πατὴρ
2678 2899 2888 2971 ἥμερος
2924 2898 3196 2971 τοσαύτην
3235 2897 3302 2952 ἂν
3345 2898 3487 2967 ὑπὲρ
3516 2896 3623 2950 τῶν
3655 2895 3800 2967 ὑϐρι-

2117 2984 2295 3037 κύτων
2326 2986 2626 3057 ἐποιήσατο
2662 2987 2938 3059 σπουδήν;
2974 2988 3127 3042 Εἴπω
3157 3005 3210 3041 τι
3251 2988 3348 3041 καὶ
3370 2986 3558 3058 ἕτερον
3586 2983 3681 3037 τοῦ
3730 2984 3801 3037 διο

2118 3071 2273 3123 καίου
2305 3072 2601 3143 ἐγκώμιον.
2632 3074 2818 3128 Ταῦτα
2858 3074 2967 3146 γὰρ
3012 3073 3240 3138 ἀνύσας,
3275 3075 3376 3127 οὐκ
3409 3073 3693 3135 ἔσπευσεν,
3723 3070 3797 3133 ὡς

2119 3157 2186 3212 ἂν
2217 3159 2270 3212 εί
2309 3177 2394 3222 τις
2442 3159 2634 3232 ἔτερος
2669 3160 2833 3231 δόξης
2866 3160 3007 3233 ἐρῶν
3032 3203 3048 3225 ,
3098 3162 3262 3225 αὐτὸς
3298 3161 3368 3215 τά
3397 3161 3705 3233 γράμματα
3731 3160 3793 3212 13

2117 3246 2312 3301 λύοντα
2335 3248 2436 3320 τήν
2462 3251 2767 3320 κατήφειαν
2791 3253 2927 3323 ήμῐν
2956 3250 3175 3320 ἐκείνην
3200 3250 3453 3320 κομίσαι’
3477 3248 3594 3304 ἀλλ’
3610 3246 3800 3319 ἐπειδὴ

2120 3336 2497 3409 σχολαιότερον
2528 3338 2795 3403 ἐϐάδιζεν,
2830 3338 3020 3411 ἕτερόν
3047 3355 3170 3392 τινα
3191 3337 3300 3390 τῶν
3332 3337 3532 3401 ἵππους
3554 3334 3800 3389 ἐλαύνειν

2117 3424 2333 3478 εἰδότων
2391 3425 2594 3496 ἠξίωσε
2654 3426 2972 3497 προλαϐεῖν,
3013 3427 3109 3481 καὶ
3155 3427 3386 3498 κομίσαι
3429 3428 3493 3498 τῇ
3544 3424 3700 3478 πόλει
3732 3425 3801 3479 τά

2116 3512 2432 3582 εὐαγγέλια.
2462 3513 2604 3567 ὥστε
2638 3514 2715 3586 μή
2754 3517 2821 3587 τῇ
2852 3515 3113 3587 μελλήσει
3140 3516 3241 3585 τῆς
3274 3515 3536 3569 ἐπανόδου
3557 3513 3658 3583 τῆς
3680 3514 3803 3567 ἐαυ-

2114 3601 2213 3655 τοὺ
2239 3603 2341 3674 τὴν
2390 3602 2633 3675 ἀθυμίαν
2677 3605 3034 3678 ἐπιταθῆναι.
3085 3607 3160 3660 Τὸ
3199 3606 3308 3678 γὰρ
3363 3605 3802 3677 σπουδαζόμενον

2117 3689 2265 3759 αὐτῷ
2302 3692 2463 3762 μόνον
2489 3688 2577 3765 ἦν,
2609 3693 2711 3765 οὐχ
2737 3695 2885 3758 ὅπως
2918 3695 3080 3760 αὐτὸς
3110 3694 3254 3750 ἔλθοι
3286 3694 3467 3768 φέρων
3498 3695 3565 3749 τά
3589 3694 3802 3767 χρηστὰ

2117 3777 2289 3831 ταῦτα
2324 3780 2418 3832 καὶ
2448 3772 2649 3852 πολλῆς
2675 3782 2869 3853 ήδονῆς
2895 3783 3159 3854 γέμοντα,
3189 3783 3305 3836 ἀλλ’
3339 3785 3489 3846 ὅπως
3516 3782 3728 3853 ταχέως
3765 3784 3799 3854 ἡ

2116 3867 2319 3938 πατρὶς
2347 3868 2481 3936 ἡμῖν
2504 3867 2914 3921 ἀναπνεύσειεν.

2189 3953 2367 4024 Ὅπερ
2393 3950 2486 4007 οὖν
2506 3954 2628 4007 τότε
2656 3955 2955 4027 ἐποιήσατε
2979 3957 3427 4025 στεφανώσαντες
3450 3958 3549 4031 τὴν
3570 3959 3798 4032 ἀγορὰν,

2116 4039 2211 4092 καὶ
2239 4039 2465 4110 λύχνους
2503 4040 2773 4111 ἅψαντες,
2816 4043 2912 4095 καὶ
2946 4043 3204 4108 στιϐάδας
3254 4044 3360 4117 πρὸ
3385 4046 3494 4100 τῶν
3528 4048 3800 4119 ἐργαστη-

2085 4187 2088 4191 ν
2118 4126 2252 4199 ρίων
2290 4127 2594 4193 συνθέντες,
2630 4130 2724 4183 καὶ
2750 4129 2939 4202 ῶσπερ
2973 4132 3099 4203 ἄρτι
3128 4132 3229 4203 τῆς
3256 4132 3465 4198 πόλεως
3489 4134 3797 4207 τεχθείσης,

2116 4210 2258 4266 οὑτω
2285 4214 2752 4285 πανηγυρίσαντες
2780 4232 2795 4245 ·
2826 4215 2986 4269 τοῦτο
3015 4216 3218 4288 ἑτέρως
3241 4216 3328 4271 διὰ
3366 4219 3564 4282 παντὸς
3592 4223 3799 4274 ποιεῖτε

2114 4298 2211 4351 τοῦ
2236 4299 2453 4370 χρόνου,
2481 4300 2557 4372 μὴ
2581 4303 2693 4364 τοῖς
2725 4301 2968 4367 ἄνθεσιν,
3004 4303 3119 4357 ἀλλ’
3151 4307 3319 4377 ἀρετῇ
3347 4307 3796 4379 στεφανούμενοι,

2114 4384 2179 4440 τὸ
2203 4388 2318 4456 φῶς
2349 4387 2411 4441 τὸ
2436 4389 2544 4442 ἀπὸ
2575 4389 2680 4442 τῶν
2711 4390 2889 4461 ἔργων
2913 4392 3177 4457 ἆπτοντες
3197 4394 3338 4448 κατὰ
3368 4394 3466 4466 τὴν
3498 4396 3676 4469 ψυχὴν
3698 4396 3798 4471 τὴν

2115 4475 2411 4548 ὑμετέραν,
2443 4479 2785 4551 εὐφροσύνην
2810 4480 3230 4557 εὐφραινόμενοι
3270 4486 3673 4559 πνευματικὴν,
3701 4489 3798 4544 καὶ

2115 4562 2196 4634 τῷ
2228 4563 2349 4636 Θεῷ
2376 4564 2640 4636 διηνεκῶς
2666 4566 2818 4642 [224]
2858 4570 2999 4642 ὑπὲρ
3025 4569 3233 4625 τούτων
3277 4572 3535 4627 ἁπάντων
3574 4573 3797 4649 εὐχαρι-

2119 4651 2369 4716 στοῦντες
2410 4653 2486 4726 μὴ
2507 4654 2893 4729 διαλείπωμεν,
2919 4658 3041 4729 μηδ’
3061 4658 3144 4712 ὅτι
3169 4659 3330 4731 μόνον
3350 4660 3506 4715 ἔλυσε
3530 4661 3598 4716 τὰ
3621 4662 3792 4729 δεινὰ,

2117 4734 2231 4788 ἀλλ’
2253 4736 2335 4791 ὃτι
2356 4740 2449 4792 καὶ
2470 4740 2849 4814 συνεχώρησεν
2875 4741 3015 4796 αὐτὰ
3034 4743 3310 4812 γενέσθαι,
3342 4745 3438 4798 καὶ
3464 4746 3663 4818 πολλὴν
3693 4748 3797 4802 αὐ-

2117 4825 2194 4896 τῷ
2223 4826 2383 4898 χάριν
2415 4827 2800 4899 ὁμολογῶμεν*
2840 4830 2909 4885 δι’
2930 4831 3256 4903 ἀμφοτέρων
3278 4830 3387 4904 γὰρ
3409 4832 3543 4903 ἡμῖν
3572 4834 3671 4905 τὴν
3697 4835 3797 4890 πό-

2116 4912 2200 4968 λιν
2233 4915 2527 4986 ἐκόσμησε.
2560 4915 2746 4971 Ταὺτα
2777 4916 2836 4973 δὲ
2868 4918 3044 4972 πάντα
3077 4916 3220 4972 κατά
3252 4917 3313 4971 τὸ
3342 4921 3681 4992 προφητικὸν
3707 4922 3796 4977 λό-

2116 5015 2236 5069 γιον
2263 4999 2626 5070 ἀναγγείλατε
2653 5003 2766 5065 τοῖς
2793 5000 3203 5073 τέᾙοιςτὺμῶν,
3230 5002 3323 5055 καὶ
3348 5002 3416 5057 τὰ
3444 5003 3614 5059 τέκνα
3640 5005 3796 5077 ὑμῶν

2113 5090 2228 5151 τοῖς
2268 5087 2478 5152 τέκνοις
2529 5087 2735 5153 αὐτῶν,
2783 5090 3025 5143 κάκεῖνοι
3054 5089 3218 5143 πάλιν
3245 5091 3327 5155 εἰς
3354 5091 3550 5161 γενεὰν
3577 5093 3792 5166 ἐτέραν,

2115 5175 2203 5230 ἴνα
2224 5176 2462 5241 ἅπαντες
2484 5179 2535 5231 οἱ
2572 5176 2734 5249 μέχρι
2762 5180 2864 5249 τῆς
2895 5177 3206 5244 συντελείας
3252 5181 3529 5252 γινόμενοι
3557 5182 3658 5254 τήν
3698 5183 3794 5238 τοῦ

2113 5264 2250 5319 Θεοῦ
2278 5265 2688 5338 φιλανθρωπίαν
2732 5266 2833 5336 τὴν
2858 5265 2954 5320 ἐπὶ
2976 5268 3044 5339 τῇ
3086 5267 3241 5323 πόλει
3274 5269 3655 5342 γεγενημένην
3689 5289 3794 5344 μα-

2115 5352 2320 5419 θόντες,
2353 5355 2701 5427 μακαρίζωσι
2749 5357 2848 5429 μὲν
2880 5359 3031 5429 ήμάς
3067 5359 3196 5425 τοὺς
3244 5358 3527 5430 τοσαύτης·
3551 5359 3793 5416 ἀπολαύ-

2116 5459 2317 5505 σαντας
2346 5444 2578 5509 εὐνοίας,
2608 5445 2930 5515 θαυμάζωσι
2960 5445 3017 5500 δέ
3051 5447 3210 5519 ήμῶν
3260 5447 3352 5500 τὸν
3400 5446 3671 5520 δεσπότην
3697 5450 3791 5504 τὸν

2112 5530 2256 5586 οὑτω
2284 5533 2734 5588 καταπίπτουσαν
2753 5533 2852 5608 τὴν
2875 5534 3033 5590 πόλιν
3053 5535 3457 5607 ἀναστήσαντα,
3487 5536 3788 5608 κερδάνωσι

2112 5618 2172 5675 δὲ
2206 5620 2301 5674 καὶ
2333 5615 2509 5685 αὐτοὶ,
2532 5615 2623 5674 διὰ
2647 5620 2864 5677 πάντων
2894 5622 3005 5677 τῶν
3032 5620 3417 5693 γεγενημένων
3459 5624 3599 5695 πρὸς
3629 5625 3787 5682 εὐλά-

2113 5706 2266 5762 ϐειαν
2294 5707 2713 5780 συνωθούμενοι.
2738 5710 2814 5765 υύ
2840 5709 2953 5781 γὰρ
2977 5710 3044 5783 δή
3078 5709 3239 5780 μόνον
3260 5710 3431 5782 ἡμᾶς.
3474 5714 3524 5766 εἱ
3574 5731 3788 5788 μνημο-

2112 5795 2362 5867 νεύοιμεν
2386 5796 2566 5850 αὐτῶν
2594 5796 2878 5869 διηνεκῶς,
2894 5797 3042 5852 ’άλλά
3072 5799 3165 5852 καὶ
3193 5799 3321 5865 τοὺς
3362 5800 3483 5871 μεθ’
3508 5802 3658 5874 ἡμᾶς
3698 5818 3787 5872 γι-

2112 5882 2394 5954 νομένους,
2429 5885 2496 5939 τά
2547 5884 2778 5955 μέγιστα
2824 5886 2932 5939 τῶν
2979 5886 3300 5957 συμϐάντων
3322 5889 3456 5960 ήμῖν
3504 5889 3537 5960 ή
3573 5888 3786 5961 ἱστορία

2182 5993 2205 6021 ο
2228 5989 2390 6057 Savil.‘
2417 5990 2681 6057 etgujdam
2706 6005 2822 6057 mss.
2861 5992 2978 6057 πρᾷς
2995 5991 3211 6057 τὴνῃὺ.
3248 5991 3376 6057 Infra
3399 5990 3552 6057 iidem
3576 5995 3602 6042 ὁ
3618 5992 3779 6041 θεοσε-

2120 6053 2347 6107 ϐέστατος
2365 6051 2638 6112 βασιλεύς...
2668 6054 2748 6101 καὶ
2780 6060 2864 6112 τῆς
2884 6051 3067 6110 πόλεως
3087 6054 3270 6113 ἐξῆλθεν
3292 6055 3321 6104 ό
3343 6053 3503 6121 ἱερεύς.
