4066 6450
257 402 353 455 ρει
1042 395 1097 451 S.
1139 395 1424 450 JOANNIS
1463 392 1944 450 CllRYSOSTOMl
1984 394 2306 450 ARCIIIEP.
2345 393 2892 449 CONSTANTINOP.
3597 389 3705 444 Ξὲὲ

252 517 532 588 ὠνελῆςαι
563 516 868 588 δυνήσεται.
901 512 1041 565 Ἀπε
1050 529 1080 582 ρ
1101 507 1192 564 οὖν
1218 510 1432 563 ἅπαντα
1457 509 1817 579 λογιζόμενοι,
1854 510 1928 580 μὴ
2031 516 2164 585 ἡμῖν
2180 515 2452 584 οἰκονομεῖ
2476 511 2613 583 μετὰ
2633 509 2734 578 τῆς
2755 507 2905 579 αὐτῷ
2925 505 3239 578 πρεπούσης
3266 503 3704 572 φιλανθρωπίας

257 609 419 677 μόνον
451 605 510 658 ἐν
532 606 599 675 τῇ
625 601 780 657 λύσει
814 600 920 654 τῶν
941 598 1150 662 δεινῶν,
1177 599 1310 652 ἀλλὰ
1331 599 1426 651 καὶ
1461 601 1517 651 ἐν
1547 601 1612 669 τῇ
1641 599 1928 666 συγχωρή-
2031 598 2098 674 ἧς
2135 603 2343 670 γένοιτο
2369 597 2632 670 διηνεκῶς
2667 598 2814 668 ἡμᾶς
2845 594 3245 657 ἀπολαύοντας,
3283 595 3375 644 καὶ
3416 595 3516 663 τῆς
3551 593 3710 662 βατι-

257 712 339 746 ast
375 693 485 746 τῶν
517 691 705 746 δεινῶν
730 686 1140 758 εὐχαριστῶμεν
1169 686 1254 738 ἀεὶ
1287 684 1364 754 τῷ
1397 683 1764 754 φιλανθρώπῳ
1786 681 1928 752 Θεῷ,
2031 689 2178 754 λεξας
2207 690 2315 743 τῶν
2345 686 2590 758 οὐρανῶν
2619 685 2917 754 ἐπιτυχεῖν,
2943 683 3001 736 ὲν
3031 680 3253 752 Χριστῷ
3279 679 3454 750 Ἰησοῦ
3483 679 3561 750 τῷ
3593 681 3712 733 Κυ-

257 782 363 834 ἀπὸ
391 799 448 834 τε
478 779 583 832 τῶν
609 778 766 830 Θείων
791 774 1042 847 Γραφίῖωι,
1076 774 1184 826 ἀπό
1207 791 1265 825 τε
1302 772 1409 825 τῶν
1441 773 1571 841 ἡμῖν
1607 769 1928 840 συμϐάντων
2035 780 2134 852 ρίῳ
2158 780 2337 850 ἡμῶν,
2441 779 2474 848 ἡ
2505 776 2631 842 δόξα
2659 774 2754 828 καὶ
2775 773 2836 827 τὸ
2869 770 3068 843 κράτος
3104 771 3182 833 εις
3214 770 3341 833 τοὺς
3369 766 3569 832 αἰῶνας
3604 764 3684 817 τῶ

259 869 388 920 αὐτὸ
419 867 481 938 ὀὴ
517 865 673 920 τοῦτο
706 877 731 904 ⁸
764 863 1045 935 μαθόντες,
1081 861 1156 924 ὡς
1195 860 1410 913 ἅπαντα
1436 859 1524 910 ἀεὶ
1567 857 1700 928 πρὺς
1724 856 1785 909 τδ
1813 855 1930 908 δέον
2037 866 2265 921 αἰώνων.
2308 865 2502 937 Ἀμήν.

325 957 348 983 ³
370 955 449 1066 SiLe
470 956 618 1004 Savil.
645 959 699 1002 et
717 953 814 1001 duo
856 951 958 1010 alii,
981 947 1168 998 rectius
1187 961 1332 1011 quam
1364 944 1534 996 Montf.
1557 945 1713 994 αὐτῶν
1739 943 1796 1002 δὴ
1816 941 1930 991 τοὺ-

325 1035 370 1065 ιν.
415 1032 531 1065 ευιτ.

259 1035 370 1066 των.
400 1032 531 1066 ιξῠιτ.

765 1919 844 1979 ΙΝ
890 1917 1401 1982 CATECHESES
1440 1915 1757 1977 PRIMAM
1810 1915 1913 1974 ET
1958 1914 2393 1977 SECUNDAM
2427 1915 2532 1976 AD
2572 1915 3182 1981 lLLUMlNANDOS

415 2354 566 2410 lianc
605 2351 916 2409 eatechcsin
949 2366 1014 2406 ex
1059 2351 1224 2405 unico
1255 2348 1502 2404 Federici
1538 2346 1744 2402 Morelli
1769 2346 1957 2403 codice
1989 2361 2050 2403 se
2076 2354 2383 2403 mutuatum
2416 2363 2538 2403 esse
2569 2349 2892 2405 testiﬁcatur
2918 2348 2974 2403 in
3015 2347 3161 2405 notis
3201 2349 3339 2406 infra
3378 2349 3470 2408 Fr.
3503 2351 3614 2408 Du-

341 2484 510 2533 cmus,
547 2481 709 2536 quem
749 2464 994 2518 codicem
1032 2460 1296 2516 hactenus
1324 2459 1568 2515 nancisci
1602 2473 1711 2513 non
1745 2457 1947 2528 potuim

2007 2474 2048 2513 Β.
2102 2457 2424 2513 lnscrihitur
2471 2469 2651 2514 autem
2708 2462 3025 2533 Κατήχησις
3067 2463 3280 2537 πρώτη,
3317 2433 3613 2521 Catechcsis

343 2588 544 2658 prima,
580 2583 672 2654 qui
709 2580 905 2637 titulus
937 2576 1103 2632 aliam
1141 2574 1235 2656 vel.
1260 2573 1398 2628 alias
1424 2571 1742 2627 catecheses
1777 2570 1921 2625 hanc
1949 2569 2350 2640 subsequentcs
2385 2569 2608 2625 indicat.
2637 2569 2852 2626 Nullam
2884 2587 3050 2642 porro
3093 2574 3254 2628 aliam
3304 2577 3614 2632 catechesin

345 2709 400 2762 in
432 2701 812 2776 Chrysostomi
848 2697 1109 2770 eperibus
1147 2689 1393 2757 invenio,
1424 2704 1546 2760 qua:
1573 2689 1715 2744 hanc
1744 2687 1900 2757 sequi
1952 2688 2210 2758 potuerit,
2249 2688 2354 2742 nisi
2391 2688 2670 2742 homiliam
2705 2687 3023 2743 vicesimam
3070 2687 3302 2759 primam
3343 2687 3408 2742 ad
3439 2701 3615 2757 popu-

341 2822 455 2877 lum
493 2816 898 2873 Antiochenum
933 2854 949 2878 ,
984 2827 1107 2882 qua:
1143 2812 1271 2864 item
1302 2806 1642 2870 inscribitur,
1675 2805 1947 2877 Κατήχησ

2025 2803 2163 2878 πρὸς
2177 2806 2304 2870 τοὺς
2335 2805 2629 2877 μέλλοντας
2673 2806 3024 2879 φωτίζεσθαι,
3059 2806 3356 2864 Catechesis
3388 2807 3458 2862 ad
3491 2805 3615 2860 illu-

352 2938 668 2999 minandos;
707 2931 894 2989 habita
921 2942 1055 2985 vero
1084 2927 1186 2980 fuit
1218 2925 1365 2981 circa
1395 2923 1556 2979 linem
1591 2921 2035 2992 Quadragcsimae
2075 2921 2228 2987 anni,
2263 2932 2323 2976 ut
2359 2931 2554 2993 putant
2580 2924 2770 2994 aliqui,
2803 2923 2927 2980 588.
2960 2922 3078 2991 Qua
3110 2924 3176 2979 de
3206 2939 3266 2979 re
3295 2923 3455 2980 infra.
3492 2923 3614 2979 Haec

349 3064 544 3124 porro,
583 3047 653 3102 de
690 3059 798 3116 qua
830 3056 976 3096 nunc
1011 3043 1212 3109 agitur,
1247 3041 1435 3096 habita
1469 3055 1691 3111 quoque
1724 3040 1826 3094 fuit
1854 3039 1907 3094 in
1943 3038 2391 3112 Quadragesima,
2423 3041 2645 3112 triginta
2675 3059 2870 3114 nempe
2899 3043 3092 3098 diebus
3126 3053 3252 3098 ante
3281 3043 3524 3111 Pascha,
3555 3054 3616 3100 ut

347 3172 618 3228 indicatur
648 3184 800 3224 num.
831 3168 885 3224 4.
918 3169 975 3220 ln
1009 3168 1166 3239 cujus
1199 3182 1329 3222 vero
1360 3165 1489 3221 anni
1534 3164 1963 3237 Quadragesima
1995 3167 2345 3236 pronuntiata
2379 3165 2543 3222 fuerit
2575 3166 2687 3236 jam
2721 3168 3095 3236 quaerendum.
3124 3169 3283 3226 Certe
3315 3169 3362 3226 si
3393 3170 3612 3241 longum

347 3302 535 3345 contra
567 3289 786 3357 iurandi
829 3290 1284 3346 consuetudinem
1329 3289 1627 3362 epilogum,
1660 3303 1770 3358 quo
1803 3288 2082 3342 clauditur
2129 3289 2330 3354 oratio,
2391 3287 2762 3350 attendamus,
2793 3287 2846 3340 in
2878 3285 3312 3358 Quadragesima
3346 3289 3473 3343 anni
3511 3287 3618 3342 587

347 3401 656 3457 catcchesin
693 3403 836 3456 hanc
864 3402 1267 3455 constituemus
1295 3416 1308 3453 :
1347 3414 1441 3469 per
1469 3407 1636 3452 totam
1671 3397 1815 3451 enim
1839 3396 1986 3450 illam
2015 3396 2502 3466 Quadragcsimam
2539 3397 2795 3452 homilias
2833 3396 2944 3452 fere
2972 3413 3184 3460 omnes.
3225 3413 3364 3469 quas
3392 3413 3618 3453 numero

348 3520 412 3573 ει
451 3519 744 3584 habemus,
783 3518 1104 3587 hujusmodi
1137 3528 1329 3573 contra
1354 3518 1664 3588 juramcnta
1693 3517 2169 3574 adhortationibus
2196 3518 2375 3573 claudi
2408 3519 2705 3582 cernimus.
2733 3519 2806 3573 ita
2845 3527 2904 3572 ut
2940 3519 2991 3573 in
3047 3519 3229 3588 aliqua
3258 3534 3444 3573 carum
3474 3518 3619 3572 circa

351 3633 512 3688 ﬁnem
539 3631 1017 3701 Quadragesimse,
1044 3645 1108 3686 ex
1145 3630 1373 3686 curandi
1411 3628 1733 3685 assiduitate
1779 3645 1917 3700 pene
1949 3628 2236 3700 depulsum
2298 3631 2548 3685 morbum
2613 3645 2736 3686 esse
2801 3629 3125 3684 testificetur
3177 3630 3617 3703 Chrysostomus.

355 3747 544 3818 Itaque
574 3756 635 3802 u-t
659 3762 780 3801 eam
816 3747 870 3801 in
901 3762 1108 3801 annum
1143 3745 1248 3801 587
1281 3745 1650 3812 conferamus,
1687 3755 1800 3801 tum
1838 3747 1953 3801 hanc
1984 3747 2124 3801 ratio
2161 3747 2386 3811 suadet,
2418 3757 2532 3802 tum
2567 3748 2730 3803 etiam
2781 3749 2886 3803 alia
2921 3766 2986 3804 ex
3036 3750 3194 3804 titulo
3250 3750 3412 3820 petita
3441 3768 3453 3804 :
3496 3765 3621 3803 nam

351 3867 648 3923 Catechesis
680 3869 856 3940 prima
892 3879 1259 3938 congruenter
1289 3869 1630 3937 inscribitur,
1678 3871 1724 3925 si
1767 3871 1930 3925 aliam
1960 3871 2114 3942 sequi
2171 3872 2482 3928 eatechesin
2549 3873 3068 3944 deprehendamus;
3125 3887 3248 3927 cum
3299 3881 3478 3926 autem
3533 3871 3624 3925 illa

350 3985 519 4039 altera
553 3986 859 4043 catcchesis
892 3988 976 4042 vel
1012 3989 1066 4042 in
1097 3989 1531 4060 Quadragcsima
1565 3989 1693 4044 anni
1727 3988 1832 4044 587
1855 4031 1869 4055 ,
1907 3999 1965 4044 ut
2006 4006 2105 4046 nos
2145 3993 2488 4062 probabilius
2541 3991 2946 4056 existimamus,
2978 3989 3060 4044 vel
3102 3988 3154 4043 in
3211 3989 3458 4058 sequenti
3495 3987 3625 4042 anni

349 4101 480 4167 588,
512 4111 571 4156 ut
601 4099 988 4159 Tillemontius
1048 4103 1330 4175 Opinatur,
1371 4104 1688 4173 reponenda
1723 4101 1817 4172 sit,
1854 4102 2031 4176 prima
2085 4103 2140 4157 in
2173 4101 2662 4173 Quadragesimam
2713 4103 2842 4159 anni
2878 4101 2982 4157 387
3019 4097 3257 4155 conferri
3317 4113 3480 4170 posse
3537 4099 3619 4153 vi-

350 4219 529 4274 detur.

423 4373 532 4430 Sed
573 4375 626 4430 in
652 4377 798 4434 hanc
826 4378 1089 4450 temporis
1120 4388 1308 4434 notam
1339 4395 1449 4435 non
1485 4380 1793 4453 spernenda
1823 4379 2071 4450 quaedam
2111 4381 2303 4453 objicit
2332 4381 2751 4449 Tillemontius,
2792 4383 2884 4454 qui
2936 4384 3144 4440 mavult
3197 4383 3346 4440 illam
3389 4382 3443 4438 in
3475 4382 3628 4448 Qua-

352 4491 720 4562 dragesimam
754 4490 882 4544 anni
919 4490 1026 4546 588
1060 4491 1354 4563 conjicere.
1386 4489 1568 4562 Hujus
1595 4493 1950 4549 eatecheseos
1984 4493 2183 4550 habitae
2210 4494 2349 4560 dies,
2384 4495 2582 4567 inquit,
2619 4497 2665 4552 si
2696 4497 2918 4568 triginta
2960 4495 3079 4554 dies
3103 4512 3133 4553 a
3161 4496 3428 4555 Paschate
3477 4507 3630 4552 retro

355 4617 631 4670 numeres,
663 4603 716 4656 in
753 4603 1151 4659 hebdomadem
1182 4604 1398 4661 tertiam
1444 4614 1572 4676 post
1590 4602 1804 4661 Pascha
1837 4607 2066 4676 incidit;
2098 4608 2245 4678 atqui
2282 4623 2429 4664 anno
2469 4607 2575 4665 587
2613 4627 2710 4682 per
2738 4619 2908 4666 totam
2943 4611 3092 4666 illam
3139 4611 3536 4668 hebdomadem
3569 4626 3629 4668 se

354 4717 573 4774 siluisse
601 4726 654 4772 et
690 4731 719 4771 a
752 4716 1111 4772 concionihus
1147 4713 1478 4770 abstinuisse
1527 4714 1857 4770 testiﬁcatur
1887 4715 2320 4788 Chrysostomns
2349 4715 2506 4771 Hom.
2544 4717 2612 4771 XI
2646 4717 2714 4773 ad
2744 4721 3012 4792 populum
3040 4721 3467 4794 Antiochenum,
3499 4727 3629 4796 quia

360 4844 468 4890 tota
511 4832 728 4899 civitas,
765 4830 835 4884 ob
885 4831 1189 4901 proximam
1229 4845 1349 4901 qua:
1405 4838 1627 4901 propter
1679 4844 1898 4885 eversas
1947 4836 2158 4884 statuas
2191 4829 2608 4900 exspectabatur
2665 4831 2954 4902 ultionem,
2996 4844 3233 4894 tremore
3293 4839 3632 4912 horroreque

356 4948 508 5025 [225]
552 4951 708 5021 plena
739 4957 877 5013 erat,
913 4962 978 5002 ac
1011 4948 1212 5020 singuli
1247 4949 1368 5018 plus
1400 4949 1468 5004 de
1501 4947 1627 5019 fuga
1663 4947 2022 5018 capessenda,
2068 4964 2233 5019 quam
2263 4947 2336 5003 de
2368 4949 2638 5005 adeundis
2671 4951 3032 5028 concionihus
3058 4953 3390 5025 cogitabant.
3424 4954 3630 5011 Deinde

294 5029 305 5085 ἔ
356 5069 400 5125 si
430 5068 485 5121 in
524 5072 675 5118 tanta
708 5061 863 5117 urbis
893 5061 1209 5117 calamitate
1235 5062 1662 5117 catechumenos
1691 5060 1963 5116 allocutus
1992 5069 2160 5126 esset,
2187 5077 2368 5117 annon
2400 5064 2682 5135 quidpiam
2711 5065 2779 5121 de
2809 5067 2900 5121 illa
2931 5066 3177 5122 omnium
3219 5068 3435 5124 animos
3465 5084 3633 5126 occu-

366 5183 529 5248 pante
561 5173 855 5229 formidine
891 5176 1126 5245 carptim
1154 5178 1348 5233 saltem
1381 5179 1602 5233 locutus
1634 5177 1822 5233 esset?
1852 5175 1926 5234 Ut
1951 5195 2083 5235 vero
2117 5193 2434 5250 argumenta
2467 5183 2554 5238 illa
2584 5184 2839 5242 subtilius
2870 5189 3211 5242 excutiamus
3243 5208 3256 5244 :
3298 5193 3442 5259 quod
3478 5189 3631 5259 prius

363 5291 578 5362 objicit,
621 5291 1078 5362 Chrysostomum
1115 5307 1311 5362 nempe
1341 5305 1439 5360 per
1460 5299 1632 5345 totam
1675 5290 2070 5348 hebdomadem
2105 5294 2315 5349 tertiam
2351 5293 2791 5369 Quadragesimae
2839 5299 3098 5365 tacuisse,
3132 5310 3189 5354 ut
3222 5303 3337 5372 ipse
3373 5303 3630 5359 testiﬁca-

360 5411 446 5456 tur
478 5403 637 5458 ioitio
668 5402 910 5457 homilize
949 5401 1252 5459 undecima:
1280 5403 1346 5457 ad
1381 5402 1645 5474 populum
1677 5403 2100 5468 Antiochenum,
2134 5414 2299 5476 atque
2337 5407 2474 5461 adeo
2513 5423 2620 5462 non
2652 5411 2901 5479 potuisse
2950 5414 3039 5468 illa
3080 5415 3421 5471 hebdomade
3488 5415 3632 5472 hanc

360 5526 668 5581 eatechesin
704 5525 947 5593 habere;
986 5525 1061 5590 id,
1103 5523 1349 5594 inquam,
1385 5520 1472 5576 vel
1506 5519 1676 5592 ipsius
1707 5520 2041 5576 Tillemontii
2073 5521 2283 5593 judicio
2318 5525 2525 5579 nullum
2556 5534 2639 5580 est
2679 5543 2691 5579 :
2741 5541 2868 5581 nam
2911 5527 2986 5581 ait
3028 5527 3246 5596 quidem
3299 5526 3631 5597 Chrysosto-

363 5643 633 5705 mus,At:lt
660 5643 832 5707 ,τοῦτο
879 5646 975 5698 καὶ
1019 5641 1183 5714 ἡμεῖς
1226 5638 1326 5703 τὰς
1373 5638 1684 5710 ἔμπροσθεν
1723 5638 1928 5709 ταύτας
1963 5641 1969 5691 ὲ

2025 5642 2302 5712 ιγήσαμεν
2344 5643 2582 5715 ἡμέρας,
2633 5641 2761 5698 Ideo
2793 5658 2887 5697 nos
2934 5643 3015 5697 his
3043 5643 3402 5711 superioribus
3450 5641 3631 5695 diebus

366 5753 671 5821 tacuimus;
707 5758 800 5812 sed
830 5773 938 5813 non
973 5759 1109 5815 dicit
1134 5774 1192 5816 se
1220 5772 1318 5829 per
1354 5756 1750 5813 hebdomadem
1784 5758 2056 5830 integram
2102 5760 2322 5816 siluisse
2347 5801 2362 5826 ,
2396 5771 2559 5832 atque
2610 5763 2731 5833 ipso
2783 5761 2984 5817 fatente
3038 5759 3386 5816 Tillemontio
3439 5775 3489 5829 p.
3535 5759 3626 5824 Ἠ,

363 5867 540 5929 potuit
573 5869 714 5924 hanc
737 5871 1055 5929 concionem
1089 5875 1158 5931 XI
1188 5875 1387 5933 habere
1420 5875 1523 5933 sub
1559 5876 1719 5931 tinem
1784 5877 2144 5934 hebdomadis
2188 5880 2380 5949 tertiae,
2423 5881 2505 5936 vel
2571 5882 2726 5938 initio
2761 5897 2986 5953 quartae.
3044 5879 3314 5936 Pouamos
3367 5879 3627 5934 habniss:
