4066 6426
432 348 528 404 22!
1259 338 1348 394 AD
1381 331 1894 394 ILLUMINANDOS
1919 333 2345 395 CATECHESIS
2371 339 2413 392 l.
2447 367 2518 378 —-
2550 335 2883 392 MONITUM.
3622 359 3728 411 ης

433 461 562 530 Qua:
581 462 761 518 omnia
787 465 1188 532 ratiocinantes,
1219 479 1324 521 non
1353 473 1558 520 tantum
1577 467 1629 520 in
1650 463 1894 535 gravium
1930 477 2021 518 so-
2133 463 2462 535 benignitate
2497 465 2598 522 sibi
2623 481 2836 537 semper
2863 467 3204 524 convenienti
3235 485 3248 523 :
3281 484 3383 539 qua
3401 481 3501 523 nos
3516 482 3722 539 serupcr

433 557 652 623 lutione,
687 573 871 613 verum
898 568 952 614 et
977 559 1029 614 in
1056 557 1248 614 horum
1280 559 1640 629 permissione
1671 573 1886 627 semper
1910 557 2023 612 cle-
2133 557 2392 625 fruentes,
2421 557 2674 613 caelorum
2702 575 2914 632 quoque
2934 575 3158 632 regnum
3187 561 3400 633 assequi
3422 561 3720 632 contingat,

433 649 766 704 mentissimo
794 651 906 706 Deo
934 651 1132 722 gratias
1161 667 1402 722 agamus,
1437 659 1549 706 tum
1572 667 1638 706 ex
1667 650 1862 706 divinis
1883 651 2029 705 Scri-
2133 651 2185 706 iu
2204 650 2418 707 Christo
2433 649 2561 707 Jesu
2590 651 2817 708 Domino
2837 662 3043 721 nostro,
3076 653 3343 726 cuigloria
3364 663 3418 710 et
3440 653 3723 726 imperium

434 741 622 810 pturis,
646 751 755 796 tum
779 758 845 798 ex
872 743 956 810 iis,
983 759 1102 814 qua:
1124 745 1278 800 nobis
1311 744 1636 810 acciderunt,
1679 743 1855 799 edocti
1904 758 2028 798 eum
2135 747 2190 801 in
2219 745 2411 802 saecula
2443 744 2785 802 saeculorum.
2806 748 2996 803 Amen.

440 834 620 890 omnia
646 849 868 908 semper
895 835 961 891 ad
985 836 1265 892 utilitatem
1309 845 1546 916 nostram
1577 837 1891 907 dispensare
1907 850 2027 891 cum

2432 1456 2533 1463 —--

588 1470 701 1476 κ,
756 1469 881 1475 .--ἀρ
946 1465 1495 1475 e_w-ﬂ-___,.,_m
1580 1462 1957 1471 -.η-Μ.-

1862 1865 2239 1928 MONITUM

449 2303 588 2360 feria
618 2309 769 2356 sexta
802 2299 972 2363 tertiae
1001 2297 1398 2364 hebdomadis;
1431 2313 1555 2353 eum
1585 2297 1638 2352 in
1667 2296 1955 2352 sabbatum
1988 2309 2228 2365 sequens
2260 2291 2505 2365 ejusdem
2539 2289 2898 2346 hebdomadis
2926 2286 3087 2344 cadat
3111 2285 3389 2358 trigesima
3426 2287 3543 2343 dies
3580 2303 3708 2347 ante

448 2416 675 2484 Pascha,
707 2414 808 2469 bac
838 2413 923 2469 die
953 2411 1263 2468 catechesin
1304 2410 1576 2476 habuerit,
1608 2409 1858 2479 nihilque
1889 2415 2005 2462 tum
2039 2407 2276 2464 ollicient
2311 2407 2475 2463 verba
2507 2405 2598 2461 illa
2623 2404 2866 2459 homilias
2895 2403 2965 2458 Xl
2996 2404 3083 2459 die
3118 2403 3444 2474 precedenti
3487 2405 3702 2468 habitae.

449 2533 549 2586 llis
585 2527 943 2602 superioribus
976 2526 1161 2582 diebus
1190 2527 1473 2582 tacuimus.
1508 2523 1740 2580 Etiamsi
1772 2539 1900 2580 vero
1938 2538 2207 2594 ponamus
2231 2521 2481 2579 habitam
2516 2521 2684 2577 fuisse
2731 2519 3007 2574 homiliam
3041 2519 3384 2574 undecimam
3417 2519 3501 2574 die
3541 2518 3708 2572 Lunae

449 2644 534 2698 vel
567 2642 700 2698 feria
729 2639 970 2698 secunda
1000 2639 1358 2696 hebdomadis
1387 2647 1634 2710 quarta:
1668 2653 1796 2693 cum
1838 2636 1982 2692 hanc
2013 2633 2327 2691 eateehesin
2384 2633 2453 2688 ad
2507 2632 2654 2689 solos
2683 2631 2912 2702 juvenes
2974 2631 3422 2699 catechumenos,
3480 2632 3709 2688 seclusis

451 2757 712 2812 omnibus
736 2756 878 2818 aliis,
914 2751 1188 2816 habuerit,
1219 2748 1366 2820 quod
1400 2749 1587 2818 utique
1617 2747 1959 2817 exploratum
1988 2753 2096 2812 est,
2127 2753 2274 2801 recte
2303 2744 2486 2799 dicere
2515 2743 2712 2814 potuit,
2743 2740 2879 2797 feria
2905 2743 3146 2799 secunda
3187 2744 3526 2813 insequenti,
3580 2745 3707 2799 dum

445 2887 625 2932 totum
653 2873 842 2946 populi
871 2880 1073 2927 cretum
1107 2869 1504 2939 alloqueretur,
1545 2884 1604 2924 se
1632 2868 1869 2934 siluisse,
1903 2867 1998 2938 qui
2021 2867 2342 2924 concionem
2373 2867 2439 2922 ad
2472 2881 2568 2924 eos
2605 2866 2811 2922 nullam
2848 2866 3225 2938 superioribus
3257 2866 3448 2922 diebus
3500 2865 3710 2920 habue-

445 3001 572 3048 rat:
600 3006 728 3046 nam
759 2988 1037 3046 silentium
1074 2981 1206 3042 illud
1233 2994 1328 3036 eos
1353 2979 1502 3035 solos
1533 2979 1774 3049 respicit,
1807 2993 1946 3049 quos
1981 2987 2094 3032 tum
2125 2977 2446 3048 alloquitur.

527 3177 638 3235 Sed
675 3177 774 3249 qui
806 3175 921 3231 ﬁeri
953 3182 1154 3246 potest,
1186 3175 1362 3246 pergit
1390 3172 1796 3237 Tillemontius,
1835 3180 1896 3226 ut
1924 3180 2071 3226 tanta
2103 3171 2341 3227 instante
2369 3170 2684 3237 formidine,
2716 3185 2841 3227 cum
2877 3171 3068 3244 ingens
3100 3174 3385 3231 calamitas
3424 3185 3711 3246 exspecta-

444 3299 614 3356 retur,
647 3306 716 3345 ue
757 3289 984 3344 verbum
1018 3287 1245 3359 quidem
1273 3287 1342 3343 de
1371 3287 1462 3342 illa
1499 3286 1551 3340 in
1581 3284 1684 3340 hac
1713 3284 1986 3340 catechesi
2022 3284 2233 3340 faciat?
2265 3283 2465 3341 Fateor
2501 3285 2630 3342 hinc
2656 3284 2789 3340 mihi
2815 3285 3098 3358 quidpiam
3121 3287 3368 3356 scrupuli
3401 3287 3556 3357 oriri,
3601 3304 3707 3344 non

445 3409 576 3466 tanti
619 3419 830 3475 tamen,
865 3418 927 3464 ut
953 3421 1040 3463 me
1077 3423 1108 3462 a
1138 3402 1405 3461 sententia
1434 3401 1728 3455 dimoveat.
1764 3397 1898 3452 Nam
1938 3413 2062 3468 qua:
2093 3397 2160 3452 ad
2193 3397 2561 3452 calamitatem
2597 3396 2746 3451 illam
2784 3395 2864 3451 vel
2895 3396 3296 3466 imminentem,
3323 3399 3410 3454 vel
3441 3401 3709 3473 aliquate-

453 3538 558 3580 nus
590 3521 834 3578 sedatam
877 3521 1222 3592 spectabant,
1254 3517 1309 3573 in
1345 3525 1490 3573 coetu
1519 3515 1740 3588 quidem
1775 3523 1828 3569 et
1853 3513 1906 3568 in
1936 3513 2295 3569 concionibus
2329 3513 2594 3584 publicis,
2625 3511 2943 3588 παθητικῶς
2999 3513 3307 3572 describere
3360 3519 3566 3576 solebat
3608 3539 3620 3576 :
3656 3525 3708 3576 iu

446 3637 718 3695 catechesi
746 3652 876 3692 vero
905 3637 972 3691 ad
999 3636 1148 3692 solos
1173 3634 1428 3707 juvenes,
1459 3634 1552 3704 qui
1595 3634 1650 3688 in
1677 3632 1942 3688 Pascbate
1971 3631 2319 3686 illuminandt
2355 3640 2532 3695 erant,
2571 3629 2774 3697 habita,
2841 3645 2968 3685 cum
3021 3630 3085 3686 dc
3120 3631 3228 3688 illis
3260 3633 3327 3688 ad
3377 3633 3708 3705 baptismum

444 3754 823 3823 accipiendum
861 3753 1207 3811 instituendis
1243 3762 1456 3810 tantum
1501 3763 1774 3825 ageretur,
1803 3753 1981 3822 potuit
2009 3753 2437 3824 Cbrysostomus
2469 3767 2499 3806 a
2550 3751 2902 3821 deploraudis
2939 3751 3256 3822 huiusmodi
3309 3755 3707 3814 calamitatibus

449 3869 743 3938 abstinere,
780 3885 983 3942 easque
1011 3871 1079 3927 ad
1103 3873 1395 3945 populares
1429 3872 1682 3928 homilias
1713 3886 2011 3927 reservare.

511 4075 688 4132 Aliam
724 4071 852 4128 huic
884 4071 1271 4144 subjungimus
1306 4072 1637 4138 catechesin,
1667 4087 1786 4142 quae
1819 4072 2084 4127 hactenus
2118 4072 2258 4126 inter
2289 4069 2545 4127 homilias
2581 4070 2648 4126 ad
2684 4069 2946 4142 populum
2979 4069 3382 4130 AntiOchenum
3414 4083 3468 4131 et
3499 4075 3565 4130 de
3597 4085 3710 4133 sta-

451 4194 558 4250 tuis
593 4191 848 4247 vicesima
875 4190 1052 4260 prima
1084 4189 1347 4244 collocata
1375 4189 1574 4244 fuerat.
1605 4189 1962 4244 Pronuntiata
1989 4197 2169 4242 autem
2207 4185 2331 4250 fuit,
2367 4194 2425 4239 ut
2458 4185 2535 4241 ait
2571 4186 2727 4241 initio
2777 4184 3238 4255 Cbrysostomus,
3291 4184 3480 4240 decem
3515 4185 3707 4244 diebus

455 4322 572 4385 post
606 4312 766 4367 aliam
801 4306 1133 4372 catechesin,
1167 4321 1330 4376 quam
1361 4305 1414 4359 in
1443 4306 1633 4360 eadem
1669 4305 1788 4375 ipsa
1815 4290 2256 4374 Quadragesima'
2278 4302 2567 4357 habuerat.
2601 4299 2717 4356 Etsi
2764 4316 2892 4357 vero
2929 4318 3037 4360 non
3082 4305 3258 4360 ausim
3300 4307 3571 4364 alfirmare
3616 4327 3709 4365 ea~

441 4422 693 4480 teehesin
724 4421 894 4484 illam,
929 4433 1053 4489 qua:
1089 4416 1142 4471 in
1175 4417 1276 4472 hac
1304 4419 1461 4488 quasi
1494 4417 1680 4472 decem
1719 4425 1846 4471 ante
1871 4417 2064 4471 diebus
2096 4415 2280 4471 habita
2312 4424 2669 4480 memoratur,
2704 4429 2824 4470 eam
2865 4431 3009 4484 esse,
3061 4437 3224 4480 quam
3269 4425 3502 4493 primam
3553 4429 3708 4497 poni-

448 4560 592 4612 mus,
621 4541 758 4598 nihil
795 4550 972 4594 tamen
1008 4543 1274 4608 repugnat
1303 4534 1548 4589 eamdem
1578 4533 1749 4605 ipsam
1779 4549 1936 4589 esse:
1989 4533 2262 4602 siquidem
2297 4533 2413 4586 haec
2469 4533 2696 4602 perinde
2747 4542 2911 4604 atque
2964 4535 3054 4590 illa
3095 4540 3257 4609 paulo
3304 4550 3427 4612 post
3485 4559 3706 4600 eversas

441 4671 654 4720 statuas
679 4659 864 4714 habita
893 4655 1066 4712 fuisse
1093 4654 1330 4721 videtur,
1367 4664 1427 4710 ut
1465 4668 1535 4710 ex
1580 4653 1648 4708 iis
1677 4669 1800 4725 quae
1850 4654 1918 4710 de
1957 4654 2049 4708 illa
2082 4655 2199 4726 ipsa
2257 4665 2565 4711 statuarum
2629 4659 2914 4716 eversione
2968 4661 3248 4730 dicuntur,
3300 4665 3456 4735 argui
3506 4676 3706 4735 potest.

436 4782 594 4851 Quod
622 4788 805 4837 autem
856 4779 924 4834 de
957 4776 1289 4848 iuramentis
1325 4775 1462 4830 nihil
1501 4774 1720 4842 habeat,
1766 4783 1960 4830 contra
2007 4791 2172 4846 quam
2221 4775 2274 4830 in
2307 4777 2568 4833 omnibus
2605 4794 2704 4850 per
2750 4780 2902 4834 illam
2959 4779 3451 4856 Quadragesimam
3503 4789 3706 4844 habilis

442 4901 805 4960 concionibus
834 4901 1175 4964 observatur,
1206 4898 1299 4954 ubi
1333 4913 1548 4968 semper
1587 4898 1655 4953 de
1700 4896 2020 4969 juramento
2052 4896 2278 4952 vitando
2333 4899 2478 4953 circa
2536 4898 2698 4953 ﬁnem
2751 4901 2972 4970 agitur;
3029 4905 3103 4967 id,
3162 4903 3404 4973 inquam,
3456 4906 3708 4960 nonnihil

439 5017 691 5089 scrupuli
724 5030 944 5071 movere
974 5017 1188 5087 possit;
1219 5018 1334 5086 sed,
1379 5029 1437 5075 ut
1461 5035 1622 5076 nemo
1653 5035 1763 5075 non
1792 5019 1959 5085 videt,
1990 5034 2102 5074 non
2136 5019 2258 5074 talis
2289 5019 2582 5089 scrupulus
2609 5029 2713 5084 est,
2776 5020 2871 5091 qui
2914 5019 3064 5076 solus
3095 5021 3148 5075 in
3207 5019 3492 5078 adversam
3525 5024 3709 5080 trahat

435 5133 786 5188 sententiam.
817 5131 953 5189 Utut
979 5149 1107 5191 vero
1134 5135 1225 5202 sit,
1259 5137 1400 5194 hanc
1425 5137 1738 5194 catechesin
1781 5138 2078 5194 secundam
2115 5138 2496 5206 inscribimus,
2524 5139 2651 5210 quia
2690 5149 2815 5210 post
2841 5139 3012 5203 illam,
3057 5157 3222 5211 quam
3271 5143 3508 5214 priorem
3545 5143 3704 5212 poni-

434 5265 579 5318 mus,
618 5251 818 5306 dictam
847 5251 1018 5309 fuisse
1048 5253 1398 5312 arbitramur.
1431 5256 1584 5314 lianc
1637 5274 1800 5329 porro
1827 5259 2122 5314 secundam
2172 5258 2479 5316 catechesin
2546 5273 2655 5314 nou
2707 5274 2831 5316 esse
2883 5257 3034 5316 illam
3087 5276 3207 5332 qua:
3257 5270 3593 5316 memoratur
3647 5259 3700 5315 in

434 5367 673 5424 Homilia
713 5368 794 5426 De
815 5371 1030 5427 diabolo
1064 5381 1346 5442 tentarore,
1376 5378 1428 5431 in
1459 5377 1708 5447 sequenti
1743 5377 1948 5432 Monito
1979 5379 2299 5449 probamus.

503 5566 707 5623 Prima:
739 5571 1094 5628 catecheseos
1127 5571 1630 5645 interpretationem
1665 5575 1913 5631 Latinam
1957 5576 2250 5647 anonymi,
2285 5591 2407 5646 quae
2439 5577 2493 5631 in
2528 5575 2693 5632 editis
2721 5575 3223 5646 ferebatur,utpote
3258 5571 3567 5629 i..trieatam
3598 5572 3704 5625 mi-

437 5699 650 5753 nusque
682 5695 941 5742 accurate
970 5687 1382 5760 concinnatam,
1415 5692 1726 5763 rejecimus,
1771 5707 2079 5764 novamque
2101 5692 2438 5764 paravimus.
2471 5689 2989 5762 lnterpretationem
3021 5707 3151 5747 vero
3172 5690 3424 5748 secundae
3453 5688 3702 5746 cateche-

437 5813 559 5858 seos
589 5801 851 5863 Bernardi
890 5801 1160 5872 Brixiani,
1191 5803 1402 5874 aliquot
1431 5803 1484 5859 in
1519 5804 1657 5862 locis
1695 5805 2062 5876 emendatam,
2097 5821 2127 5864 e
2155 5805 2378 5878 regione
2410 5803 2721 5863 Graecorum
2758 5805 3040 5878 ponimus.
3133 5877 3148 5892 I
