4066 6450
1049 348 1104 406 S.
1134 348 1415 406 JOANNlS
1441 346 1915 405 ειιιιγδοδῖωιι
1944 346 2260 404 ARClllEP.
2292 339 2829 404 CONSTANTINOP.

3538 349 3654 404 22b

1149 966 1352 1077 ΘΑ
1365 966 1574 1076 ΤΕ
1587 968 2138 1077 CHESIS
2203 963 2753 1072 ΡΒΙΜΑ

357 1298 433 1342 Μ)
477 1296 974 1353 ιιιυΜιΝΑΝυος,
1006 1298 1086 1340 ΕΤ
1127 1299 1253 1342 ουιι
1296 1298 1636 1343 ιΑΥΑοιωΜ
1690 1299 1954 1342 REGENE]

2044 1295 2266 1350 I'IONIS,
2312 1292 2436 1336 NON
2483 1292 2700 1338 ΔυΤΕΜ
2773 1288 3169 1335 ιιεωδειοκιε
3221 1288 3638 1332 ΡΕΟΟΔΤΟΒΟΆΙ

427 1397 704 1456 ὉΙΟΔἸὌᾏ
753 1400 768 1439 2
815 1397 1116 1451 QUODQUE
1159 1398 1598 1443 PERICULOSUH
1638 1397 1758 1455 SIT,
1803 1399 1929 1443 NON

2044 1395 2151 1441 mo
2195 1394 2543 1449 PEJERARE,

428 1500 632 1543 ιιεοτε
674 1500 702 1541 J
711 1500 884 1542 UREM
893 1498 983 1544 US.

418 1942 472 1997 l.
509 1940 680 2008 Quam
708 1938 1078 1997 desiderabitis
1107 1935 1459 2006 amabilisque
1489 1933 1644 1990 nobis
1667 1941 1751 1989 est
1778 1932 1932 2003 juve-

345 2049 473 2088 num
499 2032 721 2088 fratrum
747 2030 978 2088 chorus!
1008 2046 1103 2086 vos
1129 2030 1270 2086 enim
1313 2028 1504 2084 lratres
1532 2026 1615 2082 vel
1662 2035 1784 2082 ante
1815 2040 1938 2096 par-

344 2133 454 2179 tum
484 2139 639 2189 voco,
669 2137 964 2193 eorumque
987 2123 1078 2193 qui
1109 2119 1347 2176 nondum
1378 2119 1488 2174 uati
1513 2126 1637 2174 sunt
1661 2117 1936 2189 cognatio-

343 2233 464 2272 nem
491 2217 804 2286 amplector.
826 2215 958 2271 Novi
985 2216 1206 2287 quippe,
1234 2213 1486 2284 clareque
1510 2212 1654 2278 novi,
1685 2212 1736 2266 in
1757 2225 1930 2281 quan-

343 2320 453 2365 tum
512 2309 811 2376 honorem,
863 2310 916 2364 iu
966 2319 1222 2379 quantitas
1263 2305 1621 2377 principatum
1673 2301 1936 2360 evehendt

341 2402 478 2457 sitis.
501 2402 612 2458 Eos
639 2411 842 2468 autem,
861 2401 952 2472 qui
993 2400 1348 2470 principatum
1372 2397 1645 2468 accepturi
1672 2404 1818 2462 sunt,
1851 2393 1936 2448 vel

340 2502 627 2562 antequam
654 2493 936 2562 accipiant,
985 2492 1160 2548 solent
1197 2505 1386 2545 omnes
1429 2490 1716 2556 honorare,
1744 2497 1802 2542 ut
1832 2487 1936 2541 htt-

341 2583 570 2654 jusmodi
595 2583 852 2653 obsequio
883 2598 1069 2638 eorum
1101 2581 1202 2637 sibi
1229 2580 1654 2637 benevolentiam
1696 2579 1761 2634 ad
1793 2577 1936 2633 futuo

342 2690 461 2729 rum
513 2675 853 2729 commodum
902 2681 1139 2744 captent.
1195 2671 1308 2728 Hoc
1353 2683 1407 2728 et
1453 2687 1554 2742 ego
1603 2672 1779 2737 facio;
1828 2686 1935 2726 non

341 2765 518 2821 solum
541 2766 690 2821 enim
716 2764 784 2820 ad
828 2765 1205 2837 principatum,
1253 2763 1352 2820 sed
1390 2763 1458 2820 ad
1497 2763 1670 2834 ipsum
1712 2779 1934 2834 regnum

345 2857 694 2927 promerendi
727 2858 894 2922 estis;
928 2861 1039 2912 imo
1073 2871 1181 2911 non
1221 2855 1288 2910 ad
1333 2871 1556 2927 regnum
1600 2854 1933 2926 simpliciter,

340 2951 436 3006 sed
462 2950 528 3006 ad
558 2966 778 3022 regnum
811 2951 1084 3006 caelorum.
1112 2949 1470 3016 Quamobrem
1504 2964 1601 3004 oro
1625 2957 1787 3018 atque
1810 2963 1938 3018 Sup-

344 3045 506 3114 plico,
561 3053 620 3100 ut
671 3060 793 3099 cum
843 3045 910 3099 ad
965 3060 1188 3115 regnum
1234 3044 1363 3099 illud
1417 3044 1788 3114 perveneritis,
1830 3045 1934 3099 mei

341 3137 783 3192 rcmiuiscamini.
809 3137 1067 3207 Quodque
1087 3136 1286 3206 Josepb
1311 3137 1686 3206 pincernarum
1709 3137 1933 3206 principi

339 3227 570 3294 dicebat,
613 3226 867 3281 Memento
899 3227 996 3280 mei
1033 3243 1147 3280 cum
1195 3225 1318 3280 bene
1355 3225 1444 3280 tibi
1473 3227 1624 3296 fuerit
1656 3225 1808 3301 (Gen.
1840 3227 1930 3292 40,

339 3321 456 3392 li),
486 3318 538 3374 id
583 3328 637 3374 et
679 3335 820 3374 nunc
847 3319 970 3374 dico
996 3319 1149 3374 vobis
1177 3336 1192 3374 :
1219 3318 1488 3374 Memento
1517 3319 1621 3375 mei
1643 3334 1764 3374 cum
1798 3319 1934 3374 bene

338 3411 489 3466 vobis
517 3410 692 3466 fuerit.
722 3410 838 3465 Non
871 3411 1008 3464 hanc
1041 3419 1103 3464 ut
1135 3409 1228 3465 ille
1249 3410 1580 3464 somniorum
1610 3409 1935 3479 interpreta-

339 3503 498 3558 tionis
517 3502 823 3559 mercedem
857 3502 1066 3572 postulo
1089 3519 1104 3555 :
1135 3516 1241 3556 non
1262 3503 1408 3556 enim
1433 3501 1584 3558 vobis
1603 3502 1932 3557 somniorum

344 3595 609 3665 interpres
637 3594 864 3658 accessi,
895 3592 989 3648 sed
1019 3593 1252 3648 cmlestia
1282 3601 1615 3657 narraturus,
1646 3594 1933 3647 annuntia-

341 3695 600 3756 lurusque
638 3685 776 3741 bona
819 3685 930 3750 illa,
963 3684 1091 3752 Quae
1132 3701 1223 3738 nec
1262 3684 1440 3738 oculus
1480 3684 1626 3752 vidit,
1671 3701 1763 3738 nec
1795 3686 1936 3740 auris

341 3777 553 3845 audivit,
584 3793 676 3831 nec
695 3778 749 3831 iu
775 3792 863 3831 τοι·
888 3776 1104 3830 hominis
1124 3775 1462 3839 ascenderunt
1498 3775 1575 3847 (Ι.
1607 3773 1725 3831 Cor.
1753 3774 1810 3831 2.
1832 3775 1890 3846 9)
1917 3793 1932 3832 :

343 3869 468 3925 talia
509 3878 635 3924 sunt
681 3885 764 3934 ea,
801 3868 929 3936 Quia
970 3868 1278 3940 praeparavit
1315 3866 1456 3923 Deus
1496 3867 1820 3939 diligentibus
1858 3884 1931 3923 se.

340 3961 543 4033 Joseph
570 3961 782 4032 quidem
812 3963 1082 4031 pincernze
1111 3958 1190 4015 illi
1216 3959 1449 4025 dicebat,
1477 3959 1660 4014 Adhuc
1685 3959 1930 4026 triduum,

338 4064 388 4109 et
411 4055 634 4108 restituet
697 4061 748 4107 te
799 4051 1010 4106 Pharao
1063 4051 1118 4105 in
1175 4051 1518 4122 principatum
1580 4051 1935 4123 pincemarum

339 4143 492 4217 (Gen.
532 4145 626 4201 40.
657 4144 743 4199 12.
775 4144 869 4216 l3)
903 4162 918 4198 :
952 4158 1052 4215 ego
1090 4158 1220 4199 vero
1268 4159 1375 4198 non
1415 4143 1556 4208 dico,
1603 4143 1790 4199 Adhuc
1834 4143 1934 4197 tri-

338 4237 528 4301 duum,
573 4244 629 4291 et
656 4236 925 4306 pincernte
954 4235 1163 4307 tyranni
1191 4235 1632 4302 constituemini;
1677 4236 1794 4302 sed,
1823 4235 1934 4290 Ad-

341 4327 446 4382 huc
470 4326 682 4397 triginta
707 4325 851 4390 dies,
881 4334 939 4382 et
982 4325 1228 4381 restituet
1262 4339 1382 4393 vos,
1423 4339 1530 4382 non
1558 4325 1789 4394 Pharao,
1837 4325 1935 4382 sed

338 4419 592 4474 caelorum
634 4417 751 4475 Rex
797 4419 852 4474 in
897 4434 1190 4488 supernam
1239 4419 1491 4490 patriam,
1535 4420 1588 4475 in
1635 4419 1933 4476 Jerusalem

342 4510 487 4564 illam
531 4510 776 4573 liberam,
821 4510 875 4564 in
916 4494 1184 4566 civitatem
1225 4510 1517 4567 cmlestem.
1564 4510 1658 4567 Ille
1699 4511 1932 4580 dicebat,

345 4597 504 4653 Dabis
550 4599 759 4653 calicem
794 4600 849 4653 in
895 4615 1076 4654 manus
1107 4599 1396 4656 Pharaonis
1419 4599 1642 4674 (Ibid.);
1667 4617 1768 4674 ego
1807 4619 1935 4659 vero

341 4706 448 4747 non
476 4688 600 4746 dico
625 4707 643 4747 :
672 4690 874 4746 Dabitis
899 4691 1122 4748 calicem
1149 4691 1204 4748 in
1248 4707 1438 4749 manus
1468 4693 1641 4764 regis;
1670 4694 1788 4763 sed,
1818 4697 1936 4766 Ipse

341 4781 455 4838 Rex
486 4782 540 4838 in
561 4797 778 4838 insnum
798 4782 953 4838 vobis
975 4783 1149 4840 tradet
1167 4784 1387 4841 calicem
1411 4785 1562 4842 illum
1585 4785 1932 4854 horrendum,

343 4875 506 4931 multa
534 4875 749 4947 plenum
780 4871 977 4932 virtute
1017 4885 1179 4948 atque
1209 4885 1434 4950 utraque
1459 4888 1703 4934 creatura
1734 4880 1935 4950 pretio-

342 4971 561 5025 siorem.
602 4969 793 5026 Sciunt
817 4969 1009 5026 initiati
1035 4970 1220 5027 calicis
1245 4970 1404 5042 hujus
1435 4973 1707 5038 virtutem,
1735 4987 1936 5042 vosque

345 5062 507 5132 paulo
558 5047 680 5131 post
727 5061 907 5118 scietis
930 5061 1027 5134 (a).
1073 5060 1398 5118 Mementote
1432 5062 1595 5132 igitur
1636 5063 1766 5130 mei,
1810 5077 1934 5118 cum

345 5150 600 5208 veneritis
643 5152 699 5206 in
741 5167 963 5222 regnum
1015 5153 1144 5209 illud
1188 5165 1309 5210 cum
1349 5153 1528 5225 regale
1558 5154 1934 5210 vestimentum

343 5245 682 5317 acceperitis,
726 5261 848 5302 cum
879 5262 1113 5318 purpura
1149 5247 1431 5304 Dominico
1474 5248 1733 5320 sanguine
1770 5249 1935 5304 tincta

347 5337 664 5403 induemini,
712 5353 833 5394 cum
860 5337 1160 5394 diademate
1199 5339 1292 5395 illo
1316 5340 1550 5395 redimiti
1579 5340 1748 5406 eritis,
1783 5340 1936 5410 cujus

346 5431 517 5503 fulgor
542 5432 780 5503 undique
821 5432 1057 5488 emicans
1106 5432 1372 5487 solaribus
1415 5432 1578 5489 radiis
1609 5433 1938 5504 splendidior

345 5533 448 5581 est.
477 5523 626 5579 Talia
649 5525 842 5595 quippe
865 5532 992 5579 sunt
1017 5523 1202 5593 Sponsi
1221 5538 1462 5590 munera,
1494 5523 1697 5594 majora
1721 5523 1936 5597 quidem

347 5613 603 5684 dignitate
625 5625 826 5686 vestra,
855 5616 950 5673 sed
974 5617 1092 5687 ejus
1121 5615 1451 5687 benignitate
1477 5615 1658 5688 digna.

412 5745 488 5806 to)
517 5745 857 5799 Cateclmmeni
879 5760 974 5800 non
996 5747 1218 5800 sciebant
1238 5751 1518 5813 mysterium
1541 5748 1720 5801 calich.

2608 1393 2728 1437 SKD
2784 1391 2984 1436 ΕΤῙΔΜ
3039 1390 3313 1446 ωηιιιε,
3382 1385 3640 1432 ΕΤΙΔἏἯ

2116 1928 2196 1984 De
2227 1930 2289 1985 iis
2317 1932 2404 2000 qui
2432 1931 2733 2002 baptismum
2768 1931 2839 1985 ad
2883 1947 3038 2004 usque
3080 1940 3288 1986 mortem
3317 1932 3636 2000 differebant.

2042 2051 2115 2062 —
2140 2022 2263 2076 Ideo
2282 2022 2392 2093 jam
2409 2039 2528 2090 vos,
2551 2033 2835 2095 antequam
2864 2022 2916 2077 in
2939 2038 3150 2078 sacrum
3173 2023 3320 2078 illum
3340 2026 3635 2080 thalamum

2045 2115 2437 2185 ingrediamini,
2463 2116 2650 2172 beatos
2673 2117 2940 2187 praedico:
2969 2132 3068 2172 nec
3090 2115 3276 2172 beatos
3301 2118 3474 2173 solum
3496 2133 3638 2190 pra:-

2044 2206 2185 2270 dico,
2216 2207 2309 2262 sed
2337 2209 2496 2263 etiam
2524 2208 2683 2263 laudo
2706 2218 2913 2279 gratum
2942 2217 3175 2264 vestrum
3201 2208 3462 2276 animum,
3492 2211 3634 2281 quod

2044 2316 2151 2355 non
2198 2301 2337 2356 sicut
2365 2301 2798 2372 negligentiorcs,
2833 2301 2899 2356 ad
2944 2301 3266 2372 baptismum
3297 2303 3351 2358 in
3391 2311 3633 2359 extremo

2047 2391 2212 2446 halitu
2243 2392 2512 2448 accedatis
2537 2409 2552 2459 ;
2580 2392 2677 2448 sed
2697 2393 2808 2464 jam
2837 2392 2962 2449 inde
2987 2395 3136 2463 quasi
3163 2394 3314 2464 probi
3335 2394 3634 2460 domestici,

2045 2481 2117 2536 ad
2144 2483 2548 2554 obsequendum
2580 2499 2770 2553 magna
2793 2485 3162 2540 benevolentia
3195 2485 3421 2540 Domino
3443 2488 3632 2560 parati,

2045 2574 2238 2628 animm
2265 2573 2461 2629 collum
2502 2575 2666 2630 multa
2703 2589 2824 2630 cum
2857 2576 3120 2646 probitate
3147 2586 3202 2632 et
3227 2576 3500 2635 alacritate
3535 2580 3635 2636 Sub

2041 2665 2228 2736 iugum
2259 2665 2457 2723 Christi
2500 2667 2839 2734 iuduxeritis,
2882 2669 3178 2740 jugumque
3206 2668 3336 2724 illud
3379 2685 3546 2726 suave
3577 2683 3635 2727 et

2045 2774 2182 2814 onus
2209 2760 2326 2835 leve
2351 2760 2720 2830 susceperitis.
2758 2760 2908 2817 Licet
2936 2761 3080 2816 enim
3111 2770 3219 2816 tam
3241 2775 3356 2828 vos,
3388 2777 3546 2831 quam
3575 2763 3633 2830 ii,

2045 2851 2134 2921 qui
2155 2850 2206 2904 in
2230 2851 2354 2905 vitm
2378 2851 2522 2906 exitu
2551 2851 2845 2917 initiantur,
2869 2866 3051 2922 parem
3077 2853 3304 2923 gratiam
3333 2854 3632 2924 accipiatis,

2044 2953 2099 2997 at
2138 2943 2426 2998 voluntatis
2478 2943 2830 3014 propositum,
2871 2952 3263 3015 apparatusque
3309 2960 3486 3000 rerum
3529 2961 3638 3002 non

2046 3035 2160 3106 pari
2186 3035 2346 3091 modo
2375 3051 2435 3092 se
2456 3033 2678 3092 habent.
2709 3035 2794 3091 llli
2823 3051 3058 3106 namque
3097 3037 3150 3091 in
3180 3037 3324 3093 lecto
3345 3039 3633 3109 accipiunt,

2045 3146 2141 3186 vos
2175 3140 2354 3186 autem
2397 3130 2450 3186 in
2484 3130 2736 3186 Ecclesiae
2775 3130 3076 3186 communis
3113 3132 3354 3187 omnium
3393 3142 3633 3188 nostrum

2043 3224 2229 3279 matris
2266 3223 2421 3288 sinu;
2449 3222 2527 3278 illi
2552 3221 2743 3278 ﬂentes
2768 3229 2826 3278 et
2853 3222 3236 3295 lacrymantes,
3271 3238 3370 3279 vos
3395 3223 3635 3294 gauden-

2044 3328 2126 3373 tes
2147 3327 2306 3389 atque
2331 3318 2488 3373 laetati
2498 3327 2575 3372 tes
2592 3333 2607 3382 ;
2639 3315 2711 3371 illi
2729 3325 3128 3387 gementes,vos
3145 3315 3344 3386 gratias
3364 3325 3620 3387 agentes;

2044 3409 2120 3465 illi
2151 3409 2283 3465 febri
2311 3408 2599 3465 admodum
2629 3408 2956 3475 laborantes,
2991 3423 3088 3464 vos
3115 3408 3278 3463 multa
3309 3406 3451 3479 pleni
3477 3408 3633 3478 spiri—

2046 3501 2171 3556 tuali
2202 3500 2492 3570 voluptate.
2523 3500 2860 3571 QuaprOpter
2903 3499 2990 3556 hic
3035 3500 3216 3555 omnia
3263 3500 3386 3554 lmie
3424 3499 3634 3554 muneri

2044 3595 2391 3662 conveniunt,
2417 3594 2527 3648 illic
2552 3595 2732 3649 omnia
2760 3602 2885 3650 sunt
2919 3595 3125 3648 muneri
3147 3595 3416 3648 contraria
3442 3611 3455 3647 :
3479 3594 3635 3650 llctus

2045 3702 2240 3756 nempe
2292 3701 2357 3742 ac
2399 3685 2629 3756 gemitus
2674 3700 2884 3752 eorum,
2933 3686 3024 3757 qui
3069 3685 3378 3750 initiantur;
3422 3684 3636 3741 adstant

2043 3777 2194 3848 pueri
2235 3778 2498 3848 lugentes,
2543 3793 2682 3833 uxor
2705 3793 2873 3848 genas
2919 3777 3182 3845 lacerans,
3231 3778 3387 3834 amici
3430 3779 3630 3846 tristes,

2042 3871 2326 3928 domestici
2353 3871 2734 3944 lacrymantes,
2764 3880 2872 3926 tota
2899 3871 3093 3926 domus
3115 3872 3322 3942 species
3352 3871 3633 3927 hibernum

2043 3973 2098 4020 et
2133 3964 2481 4035 caliginosum
2507 3964 2652 4019 diem
2702 3963 2959 4018 imitatur.
3007 3961 3160 4028 Quod
3203 3964 3249 4018 si
3275 3963 3503 4033 jacentis
3538 3977 3634 4018 eor

2042 4057 2319 4122 seruteris,
2360 4056 2426 4112 iis
2473 4056 2722 4110 omnibus
2749 4055 2952 4110 tristius
2993 4055 3254 4126 reperies.
3284 4055 3635 4126 Quemadmo-

2043 4147 2170 4202 dum
2201 4148 2345 4204 enim
2392 4147 2534 4203 venti
2567 4162 2760 4218 magno
2789 4147 2990 4216 impetu
3034 4145 3125 4200 alii
3155 4147 3274 4202 aliis
3301 4162 3366 4202 es
3406 4146 3635 4203 adverso

2041 4237 2234 4295 ﬂantes
2251 4239 2446 4294 multas
2473 4237 2525 4293 in
2563 4248 2744 4308 partes
2771 4238 2990 4309 pelagus
3019 4236 3260 4292 dividunt
3292 4257 3306 4293 :
3329 4239 3406 4292 sic
3433 4239 3635 4308 cogita-

2041 4330 2218 4386 tiones
2244 4338 2372 4386 tunc
2410 4329 2771 4400 ingruentium
2802 4327 3094 4395 malorum,
3125 4329 3253 4398 tegri
3285 4329 3521 4382 animum
3553 4329 3638 4383 iu-

2042 4423 2317 4486 vadentes,
2349 4423 2403 4478 in
2433 4422 2628 4478 multas
2655 4421 3042 4478 sollicitudines
3084 4420 3226 4476 illius
3265 4431 3496 4475 tuentem
3527 4419 3640 4476 dis-

2045 4516 2284 4571 trahunt.
2316 4516 2372 4572 Si
2406 4516 2543 4570 filios
2569 4514 2839 4584 reSpiciat,
2864 4513 3076 4568 illorum
3098 4511 3385 4568 orbitatem
3402 4513 3632 4583 cogitat;

2043 4607 2089 4663 si
2115 4622 2355 4674 uxorem,
2379 4607 2494 4678 ejus
2516 4606 2825 4660 viduitatem
2847 4603 3188 4670 considerat;
3216 4603 3260 4657 si
3283 4603 3632 4668 domesticos,

2043 4699 2236 4753 domus
2270 4697 2610 4754 solitudinem
2656 4709 2841 4751 secum
2890 4705 3132 4765 reputat;
3186 4695 3230 4750 si
3281 4693 3352 4750 ad
3397 4695 3632 4764 seipsum

2043 4799 2403 4858 convertatur,
2431 4799 2748 4860 praesentem
2780 4789 2940 4844 vitam
2969 4791 3020 4843 in
3047 4787 3361 4844 memoriam
3393 4794 3633 4854 revocat,

2043 4893 2204 4954 atque
2232 4885 2464 4939 instante
2491 4883 2847 4953 separatione,
2888 4897 3135 4954 magnam
3164 4881 3434 4938 mmstitia:
3462 4881 3635 4936 nebu-

2043 4978 2152 5031 lam
2191 4976 2407 5046 excipit.
2451 4975 2602 5031 Talis
2646 4990 2772 5030 mox
2817 4974 3059 5030 initiandi
3103 4974 3315 5029 animus
3359 4982 3460 5030 est.
3499 4971 3637 5029 llinc

2044 5068 2186 5124 inter
2210 5069 2493 5124 tumultum
2514 5066 3076 5138 perturbationemque
3106 5064 3430 5134 lmjusmodi,
3459 5064 3637 5135 ingre-

2043 5162 2188 5218 ditur
2215 5161 2465 5218 sacerdos
2505 5161 2618 5232 ipsa
2643 5159 2778 5217 febri
2807 5159 3212 5223 formidabilior,
3246 5166 3408 5230 atque
3445 5157 3634 5228 aegroti

2047 5253 2357 5326 prepinquis
2378 5252 2489 5324 ipsa
2511 5261 2687 5308 morte
2713 5251 3014 5307 immanior.
3037 5248 3171 5304 Nam
3194 5249 3276 5305 vel
3304 5250 3415 5318 ipsa
3433 5247 3635 5304 medici

2046 5346 2378 5417 deploratam
2415 5346 2532 5417 ejus
2559 5343 2918 5400 valetudinem
2949 5341 3274 5397 declarantis
3303 5356 3434 5396 voce
3463 5339 3635 5409 major

2047 5437 2365 5509 desperandi
2399 5452 2560 5493 causa
2607 5450 2728 5492 esse
2756 5442 2970 5506 putatur
3000 5432 3298 5503 presbyteri
3340 5432 3632 5501 ingressus,

2047 5540 2208 5602 atque
2238 5529 2314 5597 id,
2343 5531 2485 5603 quod
2516 5538 2734 5585 aeterna:
2762 5528 2885 5582 vitae
2909 5532 3282 5597 argumentum
3311 5531 3413 5590 est,
3446 5521 3633 5577 mortis

2047 5621 2348 5696 symbolum
2378 5636 2498 5677 esse
2524 5627 2760 5692 putatur.
2782 5618 2854 5674 At
2881 5615 3116 5673 nondum
3134 5613 3495 5687 ‘colophonem
3521 5627 3632 5668 ma-

2048 5717 2116 5773 lis
2142 5713 2322 5773 addidi
2347 5731 2359 5770 :
2388 5713 2603 5772 interim
2633 5712 2829 5786 quippe
2851 5707 3297 5768 tumultuantibus
3321 5719 3375 5763 et
3403 5721 3523 5764 sese
3543 5720 3638 5778 ap-
