4066 6422
247 330 359 388 225

1629 630 1882 641 σαι-...σ-ρ

1381 336 1475 395 ΑΒ
1512 333 2038 395 ιιιωιιΝΑΝῡοε
2072 332 2510 392 CATEGHESIS
2537 333 2577 390 1.

1440 963 2089 1054 ΚΑΤΗΧΗΣΙΣ
2160 965 2572 1054 ΠΡΩΤΗ.

267 1264 427 1337 Πρὸς
443 1259 587 1328 τοὺς
603 1260 944 1332 μέλλοντας
959 1260 1332 1332 φωτίζεσθαι,
1352 1260 1452 1316 καί
1477 1260 1577 1316 διὰ
1606 1260 1662 1314 τί
1691 1260 1948 1331 λουτρὸν
1981 1264 2452 1335 παλιγγενεσίας
2480 1264 2578 1320 καὶ
2607 1266 2722 1321 οὐκ
2764 1264 3038 1335 ἀφέοῖεως
3064 1263 3511 1336 ’ἁμαρτημάτων
3569 1266 3741 1335 λέγε-

527 1368 645 1419 ται,
682 1353 781 1409 καί
814 1353 905 1410 ὅτι
956 1353 1350 1410 ἐπικίνδυνον
1396 1356 1470 1410 οὐ
1523 1352 1593 1409 τὸ
1638 1353 1946 1421 ἐπιορκεῖν
1990 1358 2209 1425 μόνον,
2240 1357 2405 1413 ἀλλὰ
2432 1358 2536 1422 καί
2558 1357 2627 1412 τὸ
2650 1357 2923 1430 ὀμνύειν,
2950 1354 3069 1413 κᾶν
3091 1356 3449 1429 εὐορκῶμεν.

339 1946 412 1998 α’.
427 1941 515 2006 Ὠς
540 1939 788 2006 ποθεινὸς
812 1940 906 1995 καὶ
934 1938 1236 2010 ἐπέραστος
1259 1937 1368 1992 τῶν
1393 1937 1532 1991 νέων
1555 1936 1691 2007 ἡμῖν
1705 1931 1953 2003 ἀδελφῶν

269 2025 301 2079 ὁ
329 2027 511 2100 χορόςο
539 2027 804 2097 ἀδελφοὺς
825 2026 936 2097 γάρ
962 2028 1108 2098 ὑμᾶς
1132 2025 1244 2095 ἐγὼ
1264 2025 1357 2080 καὶ⁸
1374 2026 1479 2096 πρὸ
1498 2024 1608 2078 τῶν
1629 2023 1835 2077 ὠδίνων
1852 2021 1952 2092 ἤδη

272 2116 444 2179 καλῶ,
473 2117 571 2172 καὶ
591 2118 697 2189 πρὸ
716 2116 812 2171 τοῦ
845 2117 1007 2171 τόκου
1035 2115 1134 2189 τὴν
1177 2115 1501 2185 συγγένειαν
1521 2113 1624 2185 τὴν
1655 2112 1956 2184 πρδςὺμᾶς

272 2204 612 2276 ἀσπάζομαι.
639 2203 772 2260 Οἶδα
794 2204 926 2276 γάρ,
953 2200 1071 2260 οἶδα
1093 2204 1280 2273 σαφῶς
1312 2207 1391 2268 εἰς
1421 2205 1554 2274 ὅσην
1586 2202 1684 2275 μὲν
1724 2199 1956 2271 άγεσθαι

276 2292 500 2364 μέλλετε
521 2293 709 2364 τιμὴν,
734 2295 815 2357 εἰς
842 2294 977 2363 ὅσην
1002 2293 1061 2347 δέ
1105 2293 1282 2364 ἀρχήν
1304 2309 1319 2324 ·
1358 2294 1486 2356 τοὺς
1512 2292 1572 2345 δέ
1615 2290 1793 2362 ἀρχὴν
1830 2288 1960 2361 μέλ-

272 2380 464 2445 λοντας
512 2381 833 2452 λαμϐάνειν,
885 2379 1037 2454 [2‘26]
1082 2381 1177 2435 καὶ
1223 2379 1328 2452 1:96
1373 2380 1473 2450 τῆς
1515 2379 1690 2450 ἀρχῆς
1727 2377 1957 2432 εἰώθασι

273 2470 441 2542 τιμᾷν
463 2469 725 2535 ἅπαντες,
750 2469 838 2525 διά
868 2470 969 2540 τῆς
1000 2468 1298 2540 θεραπείας
1327 2466 1546 2522 εὔνοιαν
1579 2469 1793 2530 ἑαυτοῖς
1828 2482 1959 2537 προ-

276 2558 664 2631 αποτιθέμενοι
692 2559 830 2632 πρὸς
866 2559 928 2614 16
957 2557 1175 2631 μέλλον.
1211 2557 1386 2613 Τοῦτο
1416 2557 1476 2612 δὲ
1501 2558 1597 2612 καὶ
1627 2556 1794 2620 αὐτὸς
1824 2553 1963 2609 ποιῶ

277 2645 372 2701 νῦν
391 2663 407 2679 ·
441 2648 505 2701 οὐ
531 2647 641 2721 γὰρ
670 2650 753 2713 εἰς
778 2648 955 2720 ἀρχὴν
983 2646 1217 2717 ἄγεσθαι
1251 2646 1475 2717 μέλλετε
1499 2645 1664 2718 ψιλὴν
1688 2684 1704 2709 ,
1737 2643 1853 2699 ἀλλ’
1879 2643 1963 2707 είς

278 2732 554 2805 βασιλείαν
581 2735 755 2806 αὐτήν
777 2750 791 2764 ·
820 2734 1024 2805 μᾶλλον
1061 2734 1121 2788 δέ
1157 2734 1261 2787 οὐκ
1303 2735 1386 2798 εἰς
1428 2732 1707 2804 βασιλείαν
1749 2731 1960 2795 ἁπλῶς,

283 2823 400 2878 ἀλλ’
423 2823 502 2887 είς
528 2821 702 2894 αὐτὴν
742 2820 851 2876 τῶν
899 2821 1152 2892 οὐρανῶν
1178 2823 1278 2893 τὴν
1325 2820 1627 2891 βασιλείαν.
1671 2820 1773 2874 Διά
1790 2808 1964 2874 ’τοῦτο

281 2910 431 2982 ὑμῶν
463 2911 656 2982 δέομαι
685 2909 783 2964 καὶ
804 2906 1209 2972 ἀντιϐολῶ,ἱ⁹να
1237 2907 1517 2979 μνησθῆτέ
1548 2924 1675 2978 μου,
1710 2907 1838 2961 ὅταν
1875 2905 1965 2960 ἐλ-

278 2996 412 3069 θητε
440 2998 522 3061 είς
565 2994 846 3068 βασιλείαν
898 2993 1139 3066 ἐκείνην,
1174 2995 1269 3047 καὶ
1297 2994 1436 3066 ὅπερ
1491 2995 1520 3047 ὁ
1557 2993 1760 3066 Ἰωσὴφ
1811 2993 1965 3062 ἔλεγε

280 3085 421 3158 πρὸς
460 3084 555 3139 τὸν
588 3081 960 3155 ἀρχιοινοχόον
980 3098 992 3111 ·
1030 3080 1356 3152 Μνήσθητι
1377 3099 1498 3151 μου
1523 3122 1538 3146 ,
1581 3080 1729 3135 ὅταν
1763 3077 1834 3137 εὖ
1866 3097 1967 3135 σοι

281 3171 560 3245 γένηταιο
588 3171 750 3227 τοῦτο
782 3169 939 3241 κάγὼ
965 3169 1110 3240 λέγω
1140 3169 1277 3243 πρὸς
1306 3170 1452 3241 ὑμᾶς
1484 3169 1612 3242 άρτι
1636 3186 1649 3201 ·
1671 3167 1968 3242 Μνὴσθητέ

287 3279 390 3333 μου
422 3262 555 3316 ὃταν
585 3255 645 3315 εὖ
669 3260 798 3332 ὑμῖν
813 3259 1060 3332 γένηται.
1092 3259 1210 3313 Οὐκ
1234 3257 1501 3313 ἐνυπνίων
1524 3257 1730 3331 ταύτην
1750 3256 1969 3313 ἀπαιτῶ

283 3352 384 3424 τὴν
416 3350 675 3423 ἀμοιϐὴν.
698 3349 952 3421 καθάπερ
1002 3349 1210 3414 ἐκεῖνος
1229 3365 1243 3380 ·
1274 3348 1337 3402 οὑ
1366 3347 1478 3422 γὰρ
1503 3349 1762 3421 ὀνείρατα
1805 3343 1971 3421 ἦλθον

281 3438 534 3497 διαλῦσαι
563 3437 694 3511 ὑμῖν
718 3479 734 3505 ,
771 3436 909 3493 ἀλλά
950 3435 1021 3491 τά
1051 3437 1112 3491 ἐν
1138 3438 1252 3502 τοῖς
1284 3438 1537 3509 οὐρανοῖς
1571 3438 1973 3510 διηγησόμενος

285 3528 612 3601 πράγματα,
644 3525 741 3582 καὶ
772 3524 1073 3596 εὐαγγέλια
1116 3524 1363 3599 κομίζων
1408 3525 1630 3596 ἀγαθῶν
1688 3525 1972 3590 τοιούτων,

290 3612 399 3673 οἷα
425 3615 565 3672 οὔτε
597 3614 910 3686 ὀφθαλμὸς
957 3611 1143 3681 εἶδεν,
1177 3615 1318 3670 οὔτε
1349 3612 1463 3683 οὖς
1487 3614 1783 3687 ἤκουσεν,
1835 3617 1975 3671 οὔτε

283 3705 389 3761 ἐπὶ
418 3703 675 3776 καρδίαν
696 3704 1015 3774 ἀνθρώπου
1039 3702 1222 3773 ἀνέϐη
1245 3717 1260 3731 °
1289 3703 1687 3775 τοιαῦτάξέστιν
1713 3706 1774 3758 Ἃ
1804 3703 1973 3771 ἠτρί-

282 3809 485 3869 paver
511 3797 546 3850 ό
567 3794 714 3861 Θεὸς
737 3792 865 3860 τοῖς
891 3790 1212 3863 ἀγαπῶσιν
1235 3792 1448 3847 αὐτόν.
1481 3791 1540 3846 '0
1577 3792 1678 3863 μὲν
1726 3787 1821 3846 οὖν
1863 3792 1978 3845 Ίωο

290 3884 400 3958 σὴφ
425 3882 580 3953 ἔλεγε
607 3881 745 3954 πρὸς
787 3881 879 3934 τὸν
917 3879 1159 3952 οἰνοχόον
1187 3881 1432 3934 ἐκεῖνον·
1465 3880 1591 3934 "Et:
1633 3880 1793 3949 τρεῖς
1835 3878 1980 3950 ἠμέ-

285 3988 406 4044 ραι,
433 3970 535 4026 καὶ
564 3967 1059 4039 ἀποκαταστήσει
1089 3982 1165 4023 σε
1189 3968 1400 4038 Φαραὼ
1424 3970 1514 4035 εἰς
1541 3967 1659 4038 τὴν
1679 3969 1978 4038 ἀρχιοινο-

291 4060 470 4131 χοτὴν
499 4074 639 4114 σοιν
668 4057 781 4128 ἐγὼ
812 4057 870 4112 δέ
909 4057 970 4111 οὐ
997 4055 1163 4126 λέγω,
1195 4057 1319 4110 Ἔτι
1346 4058 1500 4128 τρεῖς
1520 4055 1747 4129 ἡμέραι,
1780 4055 1876 4110 καὶ
1896 4055 1978 4120 εἰς

290 4147 559 4218 οἰνοχοΐαν
607 4144 974 4217 ἐνεχθήσεσθε
1030 4144 1297 4217 τυράννου
1319 4159 1333 4174 ⁸
1392 4142 1511 4197 ἀλλ’
1550 4142 1632 4196 ἔτι
1681 4142 1978 4215 τριάκοντα

291 4235 520 4308 ἡμέραι,
557 4233 654 4288 καὶ¹
681 4232 1129 4303 ἀποκαταστήσει
1161 4232 1307 4303 ὑμᾶς
1340 4230 1464 4304 οὐχὶ
1506 4229 1729 4303 Φαραὼ,
1790 4230 1906 4286 ἀλλ’
1950 4231 1980 4285 ὁ

290 4323 405 4379 τῶν
435 4319 685 4396 οὐρανῶν
716 4319 973 4393 βασιλεὺς
1021 4319 1104 4384 είς
1151 4321 1253 4392 τὴν
1299 4320 1414 4375 άνω
1470 4319 1727 4391 πατρίδα,
1767 4322 1850 4385 εἰς
1879 4320 1980 4394 τὴν

293 4411 584 4484 ἐλευθέραν
628 4408 1011 4482 Ἰερουσαλὴμ,
1031 4411 1114 4474 είς
1148 4408 1248 4482 τὴν
1277 4409 1433 4464 πόλιν
1452 4410 1551 4483 τὴν
1573 4410 1634 4464 ἐν
1671 4412 1786 4475 τοῖς
1811 4410 1980 4484 οὐρα-

293 4503 426 4567 νοῖς.
454 4500 724 4562 Κάκεῖνος
750 4497 851 4570 μὲν
882 4497 1090 4566 ἔλεγεν,
1115 4498 1200 4553 ὅτι
1235 4496 1459 4564 Δώσεις
1476 4499 1544 4553 τὸ
1572 4499 1865 4569 ποτήριον
1890 4501 1979 4567 εἰς

297 4589 501 4662 χεῖρας
521 4588 632 4644 τοῦ
655 4586 869 4658 Φαραώ
885 4602 901 4618 ο
939 4586 1055 4658 ἐγὼ
1077 4586 1135 4641 δέ
1167 4588 1229 4641 οὑ
1269 4587 1436 4657 λέγω,
1457 4590 1540 4645 ὄτι
1575 4586 1778 4642 δώσετε
1803 4589 1865 4643 16
1889 4607 1982 4643 πο-

295 4679 486 4751 τήριον
517 4677 598 4738 εἰς
647 4675 748 4740 τάς
774 4678 967 4748 χεῖρας
1002 4674 1098 4731 τοῦ
1135 4674 1423 4747 βασιλέως,
1477 4676 1594 4731 ἀλλ’
1640 4677 1725 4732 ὅτι
1757 4678 1922 4742 αὐτὸς
1952 4682 1981 4734 ὁ
2034 4680 2039 4685 ’

299 4765 558 4839 βασιλεὺς
581 4765 662 4829 εἰς
684 4766 845 4835 χεῖρα
873 4761 975 4835 τὴν
1014 4764 1292 4838 ὑμετέραν
1318 4765 1486 4821 δώσει
1522 4765 1584 4820 τὸ
1614 4768 1879 4839 ποτήριον
1919 4768 1983 4827 16

299 4853 528 4927 φρικτὸν
551 4852 646 4907 καί⁵
694 4850 900 4922 πολλῆς
923 4849 1094 4922 γέμον
1122 4851 1426 4923 δυνάμεως,
1454 4855 1551 4909 καὶ
1593 4855 1691 4929 τῆς
1747 4856 1981 4923 κτίσεως

298 4943 629 5018 τιμιώτερον
654 4939 946 5013 ἐκατέρας.
982 4942 1192 4997 Ἶσασιν
1226 4943 1278 4997 οί
1300 4945 1648 5017 μεμυημένοι
1688 4947 1785 5001 τοῦ
1812 4964 1982 5020 ποτη-

303 5032 419 5107 ρίου
443 5031 635 5087 τούτου
686 5030 787 5104 τὴν
840 5028 1024 5101 ἰσχύν
1079 5029 1297 5085 εἴσεσθε
1345 5032 1404 5087 δέ
1439 5033 1536 5089 καὶ
1570 5035 1731 5107 ὑμεῖς
1784 5039 1981 5112 μικρὸν

302 5120 550 5195 θστερον.
581 5119 878 5192 Μνήσθητε
928 5112 1044 5185 οὖν,
1077 5119 1210 5174 ὅταν
1236 5118 1433 5192 ἔλθητε
1459 5122 1541 5186 εἰς
1566 5123 1666 5195 τὴν
1701 5122 1982 5195 βασιλείαν

301 5210 541 5282 ἐκείνην,
572 5210 704 5264 ὅταν
729 5207 793 5262 τὺ
827 5207 1045 5279 ίμάτιον
1072 5207 1136 5263 16
1161 5207 1441 5280 βασιλικὸν
1461 5210 1777 5283 ἀπολάϐητε
1798 5255 1813 5278 ,
1853 5215 1984 5271 ὅταν

310 5299 412 5372 τὴν
434 5298 726 5372 πορφύραν
747 5297 1119 5371 περιϐάλησθε
1145 5299 1248 5369 τὴν
1272 5299 1469 5370 αἵματι
1495 5297 1763 5371 βαφεῖσαν
1777 5306 1985 5360 Δεσπο-

299 5386 462 5460 τικῷ,
493 5388 626 5443 ὅταν
645 5386 885 5460 διάδημα
916 5387 1261 5460 ἀναδὴσησθε
1309 5387 1419 5444 τῶν
1454 5389 1699 5461 ἡλιακῶν
1744 5393 1984 5451 ἀκτίνων

301 5475 666 5548 φαιδροτέρας
691 5475 814 5547 ἕχον
849 5476 1195 5548 πανταχόθεν
1230 5475 1562 5549 ἐκπηδώσας
1607 5478 1984 5552 λαμπηδόνας.

303 5559 545 5616 Τοιαῦτα
563 5561 677 5634 7&9
702 5560 800 5616 τοῦ
815 5563 1054 5634 νυμφίου
1081 5565 1153 5620 1&
1180 5565 1325 5632 ἐδνα,
1350 5562 1578 5636 μείζονα
1605 5567 1707 5637 μέν
1730 5567 1830 5640 τῆς
1852 5569 1987 5642 179.:-

305 5648 471 5722 τέρας
493 5649 671 5717 ἀξίας,
699 5647 825 5716 ἄξια
859 5650 917 5704 δὲ
953 5653 1052 5723 τῆς
1084 5653 1252 5708 αὐτοῦ
1283 5652 1719 5726 φιλανθρωπίας.

379 5737 481 5792 Διά
501 5737 679 5793 ταῦτα
701 5738 849 5811 ὑμᾶς
865 5739 1120 5794 ἐντεῦθεν
1141 5740 1241 5814 ῆδη
1266 5741 1364 5796 καὶ
1391 5740 1502 5814 1:96
1522 5741 1633 5797 τῶν
1657 5742 1820 5816 ἰερῶν
1840 5744 1981 5799 ἐκεί-

312 5837 421 5878 νων
445 5824 736 5899 μακαρίζω
766 5827 1053 5885 παστάδων
1072 5843 1089 5858 ⁶
1115 5829 1177 5884 οὐ
1213 5828 1505 5903 μακαρίζω
1532 5830 1589 5886 δέ
1630 5830 1810 5903 μόνον,
1835 5833 1973 5889 ἀλλὰ

2058 1933 2155 1988 καί
2189 1934 2402 1989 ἐπαινῶ
2424 1935 2526 2007 τὴν
2555 1935 3008 2008 εὐγνωμοσύνην,
3029 1938 3114 1992 ὅτι
3143 1938 3218 2011 μὴ
3241 1938 3492 2011 καθάπερ
3511 1938 3561 1991 οἱ
3591 1936 3747 2010 ρᾳθυ-

2059 2020 2282 2093 μότεροι
2304 2023 2413 2077 τῶν
2438 2024 2769 2097 ἀνθρώπων,
2806 2026 2866 2079 ἐν
2904 2025 3168 2097 ἐσχάταις
3195 2027 3496 2091 ἀναπνοαῖς
3522 2026 3602 2097 τῷ
3635 2043 3748 2094 φωρ

2052 2108 2284 2180 τίσματι
2310 2110 2673 2184 προσήλθετε,
2696 2110 2812 2165 ἀλλ’
2841 2111 3096 2167 ἐντεῦθεν
3124 2112 3227 2185 ἤδη
3252 2113 3510 2186 καθάπερ
3537 2111 3748 2166 οἰκέται

2056 2193 2423 2266 εὐγνώμονες,
2466 2195 2608 2266 μετά
2643 2195 2847 2267 πολλῆς
2884 2197 3103 2263 εὐνοίας
3140 2196 3455 2255 ὑπακοῦσαι
3495 2195 3749 2266 Δεσπότῃ

2056 2282 2590 2354 παρεσκευασμένοι,
2624 2283 2719 2337 τὸν
2760 2284 2969 2356 αὐχένα
2996 2286 3097 2357 τῆς
3127 2284 3315 2358 ψυχῆς
3363 2283 3506 2357 μετά
3543 2281 3750 2353 πολλῆς

2058 2369 2365 2436 ἐπιεικείας
2390 2387 2452 2425 τε
2480 2371 2578 2426 καὶ
2616 2371 2928 2446 προθυμίας
2962 2372 3069 2427 ὑπὸ
3097 2374 3200 2446 τὴν
3229 2373 3466 2446 ζεύγλην
3508 2370 3749 2443 ἠγάγετε

2057 2459 2155 2514 τοῦ
2185 2459 2451 2532 Χριστοῦ,
2486 2461 2585 2516 καὶ⁵
2622 2461 2717 2515 16v
2756 2460 2922 2532 ζυγὸν
2945 2461 3204 2528 ἐδέξασθε
3242 2462 3336 2517 τὸν
3370 2461 3632 2534 χρηστὸν,
3656 2460 3751 2514 καὶ

2059 2548 2122 2603 16
2145 2549 2369 2621 φορτίον
2398 2548 2625 2603 ἐλάϐετε
2650 2549 2715 2604 16
2734 2548 2994 2622 ἐλαφρόν.
3023 2551 3087 2604 Εἰ
3132 2550 3244 2622 γάρ
3282 2549 3376 2605 καὶ
3407 2550 3478 2604 τά
3511 2549 3609 2620 τῆς
3649 2547 3751 2618 χά-

2061 2654 2209 2710 ριτος
2232 2637 2325 2692 ῖσα
2353 2638 2483 2711 ὑμῖν
2516 2639 2614 2692 καὶ
2643 2640 2756 2701 τοῖς
2784 2639 2843 2691 ἐν
2878 2640 2946 2710 τῇ
2992 2637 3227 2709 τελευτῇ
3280 2626 3752 2708 μυσταγωγουμέ-

2063 2744 2198 2792 νοις,
2236 2726 2376 2782 ἀλλά
2400 2727 2471 2781 τά
2498 2726 2601 2798 τῆς
2652 2727 3030 2799 προαιρέσεως
3076 2727 3180 2782 οὐκ
3233 2726 3345 2791 ίσα,
3400 2725 3523 2780 οὐδέ
3562 2724 3632 2779 τὰ
3654 2722 3754 2793 τῆς

2064 2817 2421 2889 παρασκευῆς
2455 2818 2566 2872 τῶν
2608 2816 2979 2890 πραγμάτων.
3017 2817 3251 2871 Ἐκεῖνοι
3281 2815 3383 2887 μὲν
3433 2812 3540 2886 γὰρ
3570 2815 3630 2867 ἐν
3685 2814 3752 2882 τῇ

2063 2906 2223 2979 κλίνῃ
2246 2907 2637 2978 λαμϐάνουσιν,
2656 2908 2815 2979 ὑμεῖς
2831 2907 2890 2963 δέ
2917 2909 2976 2962 ἐν
3003 2909 3116 2972 τοῖς
3138 2904 3362 2971 κόλποις
3391 2903 3494 2975 τῆς
3527 2903 3759 2973 Ἐκκλη-

2068 2995 2190 3057 σίας
2215 2994 2314 3067 τῆς
2353 2996 2539 3073 κοινῆς
2583 2996 2840 3050 ἁπάντων
2885 2995 3045 3068 ἡμῶν
3092 2995 3337 3068 μητρός’
3382 2995 3626 3049 κάκεῖνοι
3658 2992 3758 3064 μὲν

2065 3081 2386 3154 ὀδυρόμενοι
2413 3086 2510 3137 καὶ
2543 3084 2898 3155 δακρύοντες,
2923 3085 3085 3154 ὑμεῖς
3110 3083 3166 3137 δὲ
3214 3083 3498 3154 χαίροντες
3527 3081 3622 3135 καὶ
3664 3080 3760 3133 εὑ·-

2071 3171 2429 3243 φραινόμενοι
2449 3188 2462 3202 ·
2491 3174 2689 3226 ἐκεῖνοι
2725 3171 3009 3236 στένοντες
3029 3211 3045 3236 ,
3076 3171 3237 3242 ὑμεῖς
3277 3169 3334 3223 δὲ
3365 3167 3759 3240 εὐχαριστοῦν-

2070 3277 2194 3326 τες*
2227 3260 2474 3325 κάκεῖνοι
2496 3260 2596 3332 μὲν
2629 3259 2811 3331 πολλῷ
2829 3258 3213 3332 κεκαρωμένοι
3228 3257 3306 3330 τῷ
3339 3256 3585 3330 πυρετῷ,
3603 3258 3761 3326 ὑμεῖς

2070 3349 2129 3404 δέ
2177 3348 2382 3421 πολλῆς
2434 3348 2893 3422 ἐμπεπλησμένοι
2952 3349 3053 3420 τῆς
3104 3345 3491 3419 πνευματικῆς
3540 3344 3754 3416 ἡδονῆς.

2074 3439 2240 3494 Ὅθεν
2265 3439 2503 3495 ἐνταῦθα
2542 3440 2640 3512 μὲν
2664 3439 2886 3495 ἅπαντα
2923 3437 3194 3511 σύμφωνα
3233 3440 3301 3509 τῇ
3331 3436 3528 3510 δωρεᾷ,
3563 3435 3681 3487 ἐκεῖ
3706 3434 3763 3488 6‘s

2074 3530 2257 3585 πάντα
2299 3530 2520 3585 ἐναντία
2553 3528 2709 3603 [227]
2744 3531 2813 3601 τῇ
2870 3527 3083 3599 δωρεᾷ·
3122 3526 3219 3581 καὶ
3260 3525 3374 3597 γάρ
3418 3523 3616 3596 θρῆνος
3669 3524 3766 3576 καὶ

2074 3618 2315 3691 ὀδυρμὸς
2343 3617 2511 3682 πολὺς
2534 3616 3113 3690 μυσταγωγουμένων,
3145 3615 3243 3669 καὶ
3268 3611 3459 3668 παιδία
3485 3610 3767 3683 περιίστα-

2076 3725 2168 3764 ται
2188 3706 2467 3769 κλαίοντα.
2505 3706 2602 3761 καὶ
2627 3705 2769 3778 γυνὴ
2793 3705 2895 3771 τὰς
2921 3703 3159 3778 παρειὰς
3199 3700 3625 3768 καταξαίνουσα,
3671 3701 3768 3753 καὶ

2079 3796 2226 3866 φίλοι
2251 3797 2540 3867 κατηφεῖς,
2576 3795 2671 3849 καὶ
2691 3793 2905 3848 οἰκέται
2929 3792 3185 3864 δακρύων
3214 3790 3484 3861 γέμοντες
3508 3828 3523 3853 ,
3554 3787 3676 3842 ὅλον
3704 3788 3768 3842 16

2077 3885 2177 3956 τῆς
2201 3884 2383 3948 οίκίας
2410 3882 2598 3954 σχῆμα
2630 3881 2955 3953 χειμερινήν
2980 3897 3102 3934 τινα
3137 3879 3233 3933 καὶ
3267 3876 3484 3948 ζοφώδη
3516 3878 3767 3949 μιμεῖται

2080 3971 2294 4044 ἡμέραν
2318 3986 2331 4001 ’
2378 3969 2473 4024 ἐάν
2502 3969 2561 4023 δὲ
2595 3968 2766 4041 αὐτὴν
2804 3966 2900 4022 τοῦ
2945 3964 3352 4036 κατακειμένου
3384 3964 3483 4035 τὴν
3533 3963 3765 4033 καρδίαν

2079 4055 2416 4132 άναπτύξῃς,
2454 4054 2921 4129 σκυθρωποτέραν
2952 4052 3160 4107 τούτων
3189 4053 3470 4123 εὑρήσεις.
3498 4048 3765 4120 Καθάπερ

2078 4150 2189 4222 γάρ
2215 4149 2408 4220 ἄνεμοι
2438 4145 2579 4219 μετὰ
2604 4144 2810 4216 πολλῆς
2828 4143 2926 4216 τῆς
2956 4141 3138 4214 ῥύμης
3172 4138 3485 4207 ἐξεναντίας
3517 4138 3769 4210 ἀλλήλοις

2083 4234 2446 4308 ἐμϐάλλοντες
2479 4235 2562 4298 εἰς
2593 4230 2767 4287 πολλά
2793 4230 2854 4286 16
2892 4230 3133 4300 πέλαγος
3176 4227 3528 4299 διατέμνουσι
3579 4226 3723 4299 μέρη
3751 4242 3764 4256 ’

2080 4324 2225 4379 οὕτω
2256 4326 2350 4380 καὶ
2395 4324 2446 4378 οἱ
2480 4320 2737 4394 λογισμοὶ
2763 4320 2874 4374 τῶν
2901 4319 3025 4373 τότε
3079 4317 3422 4390 κατεχόντων
3451 4314 3642 4370 δεινῶν
3690 4316 3770 4381 εἰς

2079 4418 2180 4487 τὴν
2199 4413 2295 4468 τοῦ
2326 4413 2629 4485 κάμνοντος
2674 4411 3052 4482 ἐμπίπτοντες
3097 4406 3299 4480 ψυχὴν,
3331 4408 3412 4471 εἰς
3439 4404 3642 4468 πολλὰς
3670 4403 3768 4476 τὴν

2078 4502 2290 4558 ἐκείνου
2322 4502 2563 4557 διάνοιαν
2594 4499 2840 4571 σχίζουσι
2871 4497 3186 4570 φροντίδας.
3224 4496 3397 4549 Ὅταν
3433 4496 3513 4559 εἰς
3543 4492 3614 4547 τὰ
3646 4509 3770 4548 παι-

2077 4592 2166 4646 δία
2194 4591 2384 4664 ἀπίδῃ,
2416 4590 2517 4661 τὴν
2545 4588 2818 4662 ὀρφανίαν
2863 4586 3047 4643 αὐτῶν
3086 4587 3290 4640 ἐννοεῖ’
3321 4585 3456 4640 ὅταν
3503 4584 3639 4659 πρὸς
3671 4584 3770 4657 τὴν

2078 4683 2314 4751 γυναῖκα
2336 4678 2645 4751 ἀποϐλέψῃ,
2665 4677 2765 4750 τὴν
2784 4676 3016 4749 χηρείαν
3043 4674 3322 4745 λογίζεται
3342 4692 3357 4706 ’
3379 4675 3511 4729 ὅταν
3539 4673 3624 4747 ῖδῃ
3643 4672 3772 4736 τοὺς

2079 4768 2318 4834 οἰκέτας,
2359 4766 2459 4841 τὴν
2488 4766 2728 4839 ἐρημίαν
2759 4765 2981 4838 ἀπάσης
3006 4766 3203 4818 σκοπεί
3241 4763 3340 4834 τῆς
3367 4761 3549 4825 οἰκίας
3571 4776 3584 4789 ο
3640 4760 3773 4813 ὅταν

2082 4860 2220 4934 πρὸς
2248 4858 2440 4913 ἑαυτὸν
2465 4855 2761 4929 ἐπανέλθῃ,
2784 4855 2885 4927 τῆς
2914 4854 3205 4927 παρούσης
3232 4851 3426 4905 ἑαυτὸν
3454 4849 3771 4920 ἀναμιμνή-

2082 4965 2204 5002 σκει
2255 4947 2426 5019 ζωῆς,
2482 4947 2577 5000 καὶ
2609 4942 3060 5018 ἀπορρήγνυσθαι
3113 4939 3347 5012 μέλλων,
3379 4937 3515 4994 πολὺ
3550 4937 3769 5008 δέχεται

2080 5037 2182 5107 τῆς
2210 5036 2451 5107 ἀθυμίας
2474 5035 2537 5089 τὸ
2563 5034 2746 5103 νέφος.
2780 5029 3021 5101 Τοιαύτη
3054 5030 3088 5101 ἡ
3117 5026 3211 5081 τοῦ
3260 5027 3550 5099 μέλλοντος
3600 5041 3770 5097 μυστ-

2082 5122 2422 5195 αγωγεῖσθαι
2447 5121 2617 5193 ψυχή.
2640 5115 2774 5175 Εἶτα
2799 5116 3005 5190 μεταξὺ
3040 5116 3150 5170 τῶν
3177 5114 3424 5189 θορύϐων
3447 5114 3661 5186 καὶτῆς
3683 5130 3773 5166 τα-

2086 5212 2261 5285 ραχῆς
2297 5209 2494 5282 αὐτῆς,
2528 5207 2917 5280 ἐπεισέρχεται
2944 5206 2974 5259 ό
3011 5206 3192 5277 ἱερεὺς
3214 5202 3383 5260 αὑτοῦ
3414 5204 3511 5257 τοῦ
3534 5200 3770 5273 πυρετοῦ

2083 5298 2463 5373 φοϐερώτερος
2494 5296 2592 5362 ῶν,
2627 5296 2725 5351 καὶ
2768 5293 2865 5349 τοῦ
2895 5294 3131 5350 θανάτου
3160 5296 3274 5359 τοῖς
3324 5291 3421 5348 τοῦ
3469 5291 3774 5360 κάμνοντος

2084 5390 2458 5462 προσήκουσιν
2498 5384 2905 5458 ἀπηνέστεροςο
2948 5383 3050 5456 τῆς
3084 5383 3194 5455 7&9
3222 5382 3317 5436 τοῦ
3351 5378 3536 5451 ἰατροῦ
3584 5377 3772 5449 φωνῆς

2082 5479 2184 5551 τῆς
2208 5474 2701 5547 ἀπογινωσκούσης
2726 5473 2825 5546 τὴν
2853 5471 3000 5545 ζωὴν
3028 5471 3127 5544 τὴν
3161 5468 3373 5523 ἐκείνου
3405 5463 3609 5537 μείζων
3637 5463 3775 5517 ἀπό·-

2083 5584 2288 5639 γνωσις
2318 5563 2461 5621 εἶναι
2489 5563 2772 5637 νομίζεται
2808 5565 2842 5635 ἡ
2876 5560 2971 5617 τοῦ
3007 5557 3385 5633 πρεσϐυτέρου
3413 5554 3642 5617 εἴσοδος,
3673 5552 3799 5614 καὶ,

2086 5638 2322 5714 θανάτου
2354 5653 2624 5727 σύμϐολον
2652 5647 2795 5708 εἶναι
2828 5652 2977 5707 δοκεῖ
3004 5649 3107 5721 τῆς
3134 5644 3358 5702 αἰωνίου
3394 5642 3543 5716 ζωῆς
3571 5645 3605 5716 ἡ
3640 5638 3773 5696 ὑπό-

2090 5748 2261 5810 θεσις.
2305 5743 2445 5799 Ἀλλ’
2474 5741 2630 5797 οΰπω
2663 5741 2754 5796 τὸν
2784 5738 3071 5809 κολοφῶνα
3104 5735 3357 5807 ἐπέθηκα
3398 5733 3510 5788 τῶν
3541 5730 3729 5786 κακῶν
3754 5746 3767 5760 ο

2093 5833 2296 5905 μεταξύ
2314 5832 2423 5904 γὰρ
2444 5829 2817 5903 θορυϐούντων
2838 5827 2948 5882 τῶν
2970 5823 3293 5897 ἐπιτηδείων
3313 5823 3408 5878 καὶ
3427 5835 3770 5893 παρασκευα·
