4066 6432
369 366 469 421 22:5

371 480 677 547 parantibus
701 476 1030 551 pmpinquis.
1071 488 1214 545 sarpe
1256 487 1432 528 anima
1473 486 1669 541 corpus
1693 469 1945 524 deserens

369 572 626 629 abscessit
670 591 684 625 :
726 573 834 626 imo
878 568 1119 640 plurimis
1157 569 1237 623 vel
1277 581 1513 638 praesens
1555 564 1682 619 nihil
1729 561 1943 630 profuit.

369 668 501 721 (lum
543 666 683 719 enim
731 679 901 733 neque
929 670 1216 732 prmsentcs
1264 658 1522 729 agnoscit,
1553 671 1728 725 neque
1763 668 1945 707 vocem

371 759 532 819 audit,
584 772 753 822 neque
801 756 886 810 illa
936 753 1263 822 respondere
1315 751 1474 804 verba
1523 755 1716 818 potest,
1756 744 1947 814 quibus

374 851 581 902 heatam
635 865 754 902 cum
802 848 1035 900 omnium
1088 852 1325 899 nostrum
1376 841 1597 896 Domino
1649 837 1943 908 pactionem

367 942 617 1010 deponat,
675 939 770 995 sed
816 948 898 992 est
933 937 1084 1006 quasi
1129 937 1327 1006 lignum
1378 934 1563 989 inutile
1602 932 1684 986 vel
1717 931 1871 999 lapis,
1914 944 1947 984 a

370 1042 691 1102 mortuoque
718 1031 846 1084 nihil
873 1028 1049 1084 differt
1076 1030 1120 1084 is
1148 1028 1236 1098 qui
1264 1042 1386 1082 mox
1417 1024 1791 1080 illuminandus
1819 1031 1899 1077 est
1930 1039 1945 1076 :

369 1137 487 1191 quae
517 1121 826 1175 initiationis
850 1120 1046 1173 utilitas
1070 1118 1120 1171 in
1154 1127 1294 1172 tanta
1324 1132 1514 1172 sensus
1539 1114 1718 1169 omnis
1739 1111 1947 1182 inOpia?

439 1213 494 1270 2.
541 1215 671 1268 Eum
718 1212 881 1276 enim,
911 1211 998 1281 qui
1037 1210 1103 1265 ad
1133 1225 1284 1266 sacra
1330 1209 1418 1263 illa
1447 1218 1502 1262 et
1530 1204 1796 1281 horrenda
1826 1218 1948 1275 my-

365 1307 530 1362 steria
560 1320 873 1362 accessurus
899 1313 998 1370 est,
1038 1302 1255 1375 vigilare
1282 1301 1547 1366 convenit,
1578 1297 1723 1354 omni
1775 1309 1948 1351 suaen-

348 1398 533 1468 gcnlari
579 1413 705 1453 cura
746 1410 932 1466 purum
983 1408 1124 1460 esse,
1179 1391 1527 1463 temperantia
1574 1398 1629 1444 et
1677 1387 1950 1444 alacritate

364 1490 531 1544 multa
558 1488 771 1558 plenum
797 1501 938 1552 esse,
960 1500 1173 1541 omnem
1195 1499 1226 1538 a
1253 1483 1520 1555 mysteriis
1545 1481 1770 1536 alienam
1799 1477 1949 1549 cogi-

364 1580 626 1634 tationem
671 1588 850 1633 mente
877 1576 1166 1645 depellere,
1212 1584 1267 1630 et
1306 1572 1656 1644 undequaque
1697 1568 1947 1625 mundam

361 1673 584 1725 domum
614 1683 892 1740 apparare,
923 1667 1072 1738 quasi
1099 1668 1270 1736 ipsum
1309 1680 1489 1734 regem
1513 1669 1832 1732 excepturus
1858 1659 1948 1714 sit.

362 1762 513 1817 Talis
539 1763 734 1817 mentis
768 1769 959 1815 vestrm
990 1759 1324 1830 prmparatio,
1359 1757 1493 1810 tales
1532 1754 1672 1824 apud
1703 1769 1797 1809 vos
1825 1759 1950 1807 sunt

360 1853 738 1923 cogitationes,
777 1851 882 1906 tale
910 1852 1073 1905 animi
1121 1849 1466 1919 prepositum.
1512 1849 1732 1918 Dignam
1776 1848 1951 1913 itaque

359 1945 553 2013 optimi
582 1944 739 2011 hujus
756 1943 962 1998 consilii
991 1942 1392 1997 retributionem
1422 1957 1454 1994 a
1482 1941 1589 1995 Deo
1616 1945 1945 2008 exspectate,

358 2037 456 2107 qui
502 2036 732 2106 praemiis
783 2036 1184 2105 obsequentium
1225 2034 1327 2089 sibi
1372 2033 1662 2105 pnestitam
1711 2038 1948 2100 supcrat.

357 2129 627 2197 Quoniam
658 2145 785 2185 vero
830 2138 1040 2198 oportet
1073 2145 1191 2199 (pne
1228 2144 1321 2183 sua
1352 2137 1477 2182 sunt
1518 2127 1790 2182 conservis
1817 2141 1973 2196 con-5

360 2222 526 2283 ferre,
559 2229 615 2275 et
642 2230 824 2275 nostra
846 2219 1215 2283 conferamus;
1245 2220 1350 2272 imo
1380 2218 1554 2288 potius
1581 2218 1694 2271 haec
1718 2232 1824 2270 non
1851 2230 1945 2269 ηο-

358 2322 495 2378 sua,
526 2311 621 2365 sed
666 2311 937 2367 Dominiea
984 2320 1109 2365 sunt
1138 2329 1150 2364 :
1186 2309 1320 2377 Quid
1348 2310 1511 2373 enim,
1554 2308 1741 2378 inquit,
1775 2308 1946 2372 habes,

357 2403 501 2471 quod
529 2418 631 2455 non
671 2401 941 2471 accepisti?
981 2401 1025 2454 si
1051 2409 1217 2455 autem
1243 2399 1497 2469 accepisti,
1545 2399 1667 2469 quid
1691 2397 1945 2468 gloriaris,

359 2493 508 2556 quasi
533 2509 632 2546 non
661 2494 908 2563 acceperis
936 2492 1014 2561 (l.
1043 2489 1161 2547 Cor.
1189 2492 1241 2545 4.
1274 2491 1371 2562 7)?
1419 2488 1673 2544 Volebam
1716 2489 1815 2542 hoc
1842 2488 1950 2559 pri-

364 2600 515 2639 mum
550 2584 788 2637 omnium
826 2584 1038 2638 dicere:
1066 2597 1164 2636 cur
1204 2590 1378 2651 patres
1409 2583 1597 2644 nostri,
1627 2579 1805 2634 missis
1833 2579 1950 2633 allis

360 2676 490 2730 anni
519 2675 776 2745 partibus,
819 2675 920 2730 hoc
946 2685 1184 2743 tempore
1227 2674 1510 2728 initiandos
1538 2687 1661 2727 esse
1700 2672 1949 2726 Ecclesia:

363 2765 506 2822 filios
531 2766 646 2835 lege
674 2774 993 2828 statuerunt,
1035 2774 1090 2819 et
1127 2780 1224 2819 cur
1249 2772 1369 2833 post
1393 2763 1715 2828 doctrinam,
1745 2761 1945 2818 discal-

362 2865 549 2913 ceatos
577 2871 670 2909 vos
694 2865 748 2910 et
773 2866 987 2921 exutos,
1011 2854 1166 2909 nudis
1193 2854 1435 2924 pedibus,
1458 2868 1561 2907 una
1591 2853 1768 2908 tunica
1793 2867 1952 2922 oper-

364 2957 453 3005 tos
495 2948 565 3003 ad
603 2945 1017 3002 exorcizantium
1062 2960 1222 3000 voces
1270 2959 1366 2999 vos
1409 2944 1795 2998 transmittunt.
1832 2941 1949 2997 Non

364 3038 511 3094 enim
538 3037 733 3092 frustra
754 3037 835 3091 vel
865 3046 1064 3091 temere
1094 3035 1232 3090 hunc
1258 3033 1495 3089 habitum
1534 3041 1589 3089 et
1615 3033 1717 3088 hoc
1739 3042 1951 3102 tempus

366 3131 524 3184 nobis
548 3130 973 3191 constituerunt;
1001 3128 1094 3183 sed
1127 3127 1329 3183 habent
1348 3128 1463 3183 haec
1489 3126 1647 3181 ambo
1667 3125 1949 3196 mysticam

366 3221 653 3293 quamdam
678 3232 733 3277 et
759 3236 1006 3275 arcanam
1034 3221 1293 3274 rationem
1322 3230 1413 3275 :et
1440 3219 1542 3275 hoc
1561 3233 1770 3288 quoque
1797 3216 1951 3273 vobis

362 3315 577 3383 aperire
604 3314 868 3369 volebant.
898 3314 967 3367 At
996 3312 1149 3367 video
1191 3312 1256 3366 ad
1285 3312 1439 3365 aliam
1490 3326 1604 3365 rem
1651 3310 1820 3380 magis
1851 3324 1949 3364 ne-

364 3407 654 3462 cessariam
700 3420 796 3461 nos
839 3406 1066 3460 evocari.
1119 3403 1350 3460 Necesse
1402 3405 1597 3475 quippe
1646 3412 1729 3458 est
1770 3402 1951 3457 dicere

342 3478 492 3567 \qnid
536 3497 604 3550 sit
642 3496 922 3566 baptisma,
956 3511 1052 3549 cur
1095 3494 1147 3549 in
1190 3494 1351 3548 vitam
1394 3503 1629 3549 nostram
1676 3491 1949 3548 inductum

364 3591 458 3654 sit,
489 3599 544 3644 et
570 3597 762 3659 quanta
795 3588 946 3641 nobis
975 3586 1217 3642 conferat
1245 3587 1403 3642 bona.

449 3680 603 3736 Varia
646 3680 878 3751 baptismi
904 3681 1127 3732 nomina.
1156 3709 1231 3720 —
1253 3679 1359 3734 Sed
1401 3681 1446 3733 si
1490 3679 1671 3745 vultis,
1699 3677 1767 3733 de
1794 3678 1952 3748 hujus

364 3776 607 3848 mystica:
644 3773 967 3844 purgationis
994 3772 1250 3827 vocabulo
1278 3773 1424 3842 prius
1458 3772 1948 3835 disseramus;,non

364 3869 512 3922 cnim
554 3867 668 3936 ejus
707 3882 901 3921 nomen
946 3881 1106 3920 unum
1142 3873 1241 3929 est,
1288 3863 1382 3919 sed
1420 3864 1648 3934 plurima
1676 3863 1947 3932 variaque.

363 3961 498 4017 Nam
521 3959 633 4015 lucc
660 3964 901 4030 purgatio
931 3966 1172 4022 vocatur,
1202 3958 1466 4011 lavacrum
1496 3955 1949 4025 regenerationis:

365 4052 598 4108 Solvat-it
626 4051 757 4104 enim
787 4068 899 4115 nos,
928 4051 1119 4120 inquit,
1150 4066 1239 4119 per
1263 4048 1521 4102 lavacrum
1558 4048 1951 4118 regenerationis

363 4152 410 4197 et
451 4142 789 4196 renovationis
837 4141 1058 4210 Spiritus
1091 4141 1253 4194 sancti
1283 4138 1408 4211 (Tit.
1437 4140 1490 4195 5.
1642 4139 1869 4194 Vocatur
1897 4147 1953 4195 et

361 4235 681 4292 illuminatio
715 4252 729 4289 :
763 4234 833 4287 ita
861 4233 986 4287 illud
1010 4234 1202 4287 Paulus
1229 4232 1551 4301 nuncupavit
1575 4249 1589 4285 :
1620 4231 1949 4286 Rementora-

360 4329 491 4384 mini
520 4328 756 4397 pristinos
781 4327 906 4392 dies,
930 4327 980 4379 in
1010 4324 1187 4394 quibus
1210 4324 1484 4380 illuminati
1522 4341 1760 4394 magnum
1782 4335 1947 4377 certa-

359 4436 480 4474 men
504 4418 811 4472 sustinuistis
831 4418 1121 4486 passionum
1143 4414 1329 4489 (Hebr.
1359 4414 1447 4470 10.
1480 4414 1602 4484 3‘2);
1634 4423 1688 4469 et
1713 4430 1946 4483 rursum,

360 4511 688 4583 Impossibile
720 4520 791 4566 est
820 4511 950 4564 enim
988 4526 1091 4575 eos,
1139 4510 1225 4579 qui
1250 4509 1401 4563 semel
1438 4517 1553 4561 sunt
1580 4506 1873 4572 illuminati,
1904 4515 1949 4561 et

359 4612 689 4675 gustaverunt
711 4603 859 4655 etiam
878 4600 1065 4654 donum
1094 4600 1310 4663 ca’lesle,
1333 4608 1379 4651 et
1400 4598 1628 4668 prolapsi
1656 4610 1793 4669 sunt,
1826 4614 1946 4651 rur-

359 4713 452 4750 sus
491 4709 730 4748 renovare
763 4692 831 4745 ad
878 4692 1220 4761 paenitentiam
1265 4688 1372 4761 (Ib.
1403 4690 1455 4745 6.
1489 4690 1523 4743 4
1544 4688 1588 4757 ).
1614 4688 1853 4743 'Vocatur
1895 4696 1949 4742 et

359 4786 625 4856 baptisma
655 4799 669 4837 :
704 4783 1013 4848 Quicumque
1055 4783 1187 4835 enim
1227 4783 1279 4835 in
1310 4780 1507 4835 Christo
1538 4779 1781 4850 baptisati
1807 4779 1944 4844 estis,

357 4877 620 4932 Christum
648 4873 883 4927 induisti:
908 4871 1102 4941 (Galat.
1133 4872 1186 4929 5.
1216 4872 1331 4942 27).
1360 4872 1669 4941 Appellatur
1688 4880 1742 4925 et
1765 4870 1948 4940 sepul-

361 4979 482 5023 tura
509 4983 523 5019 :
553 4964 843 5033 Cousepulti
881 4965 1033 5029 enim,
1067 4962 1257 5032 inquit,
1299 4964 1414 5019 estis
1443 4964 1495 5017 in
1523 4964 1634 5033 ipso
1662 4978 1751 5034 per
1780 4962 1945 5032 bapti-

360 5075 527 5112 smum
562 5058 616 5111 in
645 5066 849 5110 mortem
879 5055 1052 5127 (Rom.
1085 5054 1137 5110 6.
1184 5052 1276 5124 .5);
1310 5055 1545 5122 itemque
1571 5056 1942 5110 circumcisio:

362 5150 428 5203 In
455 5165 554 5221 quo
592 5158 640 5202 et
676 5148 960 5203 circumcisi
999 5147 1116 5200 estis
1157 5146 1210 5199 in
1235 5145 1613 5200 circumcisione
1654 5163 1754 5199 non
1793 5162 1946 5199 manu

360 5245 519 5311 facta,
551 5243 602 5296 in
627 5242 1039 5308 exspoliationem
1074 5247 1386 5306 peccatorum
1408 5240 1573 5292 carnis
1603 5238 1736 5311 (Col.
1764 5238 1944 5309 2.11).

362 5334 594 5388 Vocatur
616 5347 746 5387 crux
774 5349 790 5388 :
824 5329 977 5384 Vetus
1006 5330 1139 5385 enim
1177 5329 1326 5381 homo
1353 5337 1521 5382 noster
1544 5330 1820 5398 cruciﬁxus
1848 5338 1942 5393 est,

359 5431 413 5475 ut
458 5423 749 5478 destruatur
789 5438 972 5494 corpus
1027 5420 1219 5490 peccati
1260 5418 1436 5488 (Rom.
1487 5420 1540 5474 6.
1589 5419 1667 5490 6).
1719 5421 1947 5476 Posscnt

360 5515 513 5584 plura
539 5513 645 5568 diei
669 5513 881 5568 nomina
903 5529 919 5579 ;
941 5513 1035 5568 sed
1067 5528 1133 5568 ne
1163 5521 1372 5582 tempus
1396 5526 1556 5566 omne
1582 5511 1633 5566 in
1655 5511 1948 5568 charisma-

362 5608 433 5661 tis
451 5603 893 5676 appellationibus
919 5603 1265 5668 insumamus,
1287 5619 1385 5675 age
1402 5602 1467 5658 ad
1492 5603 1720 5673 primum
1747 5619 1943 5659 nomen

364 5698 586 5765 reversi,
616 5696 840 5768 ejusque
878 5696 1139 5766 explicata
1181 5694 1591 5766 signiﬁcatione,
1637 5709 1942 5750 sermonem

374 5789 653 5845 finiamus:
685 5786 897 5844 inm-im
927 5800 1054 5842 vero
1080 5785 1235 5857 paulo
1260 5785 1502 5858 superius
1526 5783 1819 5843 doctrinam
1849 5800 1937 5842 rce

1431 360 1522 415 AD
1563 350 2070 416 ILLUMINAiNDOS
2106 349 2526 409 CATECllESlS
2565 351 2604 408 Ι.

3531 363 3636 418 $36

2052 471 2315 532 petamus.
2342 464 2436 518 Est
2475 481 2759 523 commune
2782 468 3020 524 omnium
3063 468 3337 531 hominum
3367 476 3632 537 lavacrum

2051 551 2178 607 illud
2208 553 2534 619 balneorum,
2568 557 2708 626 quod
2748 561 2990 629 corporis
3009 562 3196 619 sordes
3221 565 3356 621 solet
3375 567 3632 626 abluere:

2050 650 2132 696 est
2158 653 2211 697 et
2241 644 2507 700 lavacrum
2525 646 2849 717 Judmorum,
2874 651 2963 705 illo
2983 654 3201 723 quidem
3217 656 3510 725 honestius,
3541 670 3631 716 seu

2048 738 2230 807 gratia:
2259 737 2467 792 lavacro
2493 740 2647 811 longe
2675 742 2893 797 inferius
2922 760 2937 798 :
2965 754 3021 798 et
3049 745 3150 801 hoc
3178 750 3320 803 enim
3348 766 3634 822 corporeus

2050 827 2239 882 sordes
2272 829 2457 897 abluit,
2490 847 2589 886 nec
2629 834 2789 888 modo
2830 850 3114 906 corporeas
3138 839 3321 905 abluit,
3350 844 3443 898 sed
3474 847 3631 901 etiam

2050 920 2117 975 ad
2142 922 2481 977 conscientia:
2512 924 2874 981 infirmitatem
2916 930 3144 999 attingit.
3178 932 3309 987 Nam
3340 934 3520 990 multa:
3550 954 3635 992 res

2054 1022 2199 1074 sunt,
2253 1022 2442 1069 natura
2503 1015 2714 1084 quidem
2755 1033 2861 1073 non
2903 1021 3208 1089 immundis,
3250 1026 3346 1081 sed
3399 1045 3517 1098 qua:
3549 1030 3632 1084 in-

2053 1105 2300 1159 firmitate
2328 1106 2669 1162 conscientia:
2707 1109 3009 1167 efficiuntur
3034 1112 3341 1172 immundae.
3384 1120 3461 1174 Ac
3497 1121 3632 1176 sicut

2057 1198 2105 1251 in
2137 1198 2315 1265 pueris
2355 1198 2516 1253 larva:
2561 1209 2863 1274 ca'teraque
2894 1207 3142 1260 terricula
3190 1221 3376 1265 natura
3418 1213 3632 1282 quidem

2053 1286 2403 1344 formidabilia
2448 1306 2554 1347 non
2597 1303 2742 1358 sunt,
2792 1296 2884 1350 sed
2917 1298 3041 1354 talia
3087 1304 3265 1371 pueris
3306 1303 3378 1359 ob
3428 1316 3635 1365 natura:

2052 1380 2470 1439 imbecillitatem
2512 1400 2635 1442 esse
2668 1387 2914 1445 videntur
2942 1408 2956 1445 :
2984 1392 3065 1447 sic
3087 1403 3141 1449 et
3170 1395 3222 1449 in
3254 1397 3319 1451 iis
3337 1415 3457 1468 qute
3483 1401 3632 1467 dixi;

2051 1475 2283 1546 exempli
2334 1492 2494 1533 causa
2542 1491 2751 1536 mortua
2796 1498 3020 1553 corpora
3059 1487 3392 1559 eotitingere,
3449 1503 3636 1550 natura

2051 1567 2265 1637 quidem
2291 1584 2398 1624 non
2424 1581 2506 1625 est
2527 1571 2878 1641 immundum,
2903 1590 3086 1633 verum
3112 1578 3156 1633 si
3181 1579 3234 1635 id
3261 1582 3480 1639 infirma:
3504 1568 3637 1641 con-

2053 1659 2289 1747 scientia:
2316 1660 2604 1731 contingat,
2636 1662 2965 1720 immundum
2998 1665 3124 1724 facit
3158 1685 3279 1726 eum
3308 1675 3398 1744 qui
3442 1676 3631 1747 tetigit.

2052 1746 2203 1814 Quod
2232 1750 2373 1804 enim
2406 1750 2535 1806 illud
2572 1762 2757 1807 natura
2787 1770 2893 1809 non
2928 1756 2997 1811 sit
3026 1758 3379 1830 immundum,
3405 1765 3518 1834 ipse
3544 1746 3636 1837 qui

2054 1841 2227 1911 legem
2271 1843 2390 1897 tulit
2432 1843 2641 1915 Moyses
2684 1846 2990 1913 declaravit,
3041 1852 3131 1921 qui
3179 1865 3446 1911 mortuum
3485 1859 3635 1915 lose-

2057 1934 2219 2003 phum
2269 1950 2450 1991 secum
2492 1938 2702 2004 detulit,
2753 1949 2807 1995 et
2855 1950 3029 1997 tamen
3082 1947 3311 2003 mundus
3359 1954 3631 2007 remansit.

2054 2022 2283 2096 ldeoquc
2322 2027 2516 2084 Paulus
2557 2029 2625 2085 de
2672 2030 3007 2088 immunditia
3045 2034 3347 2105 huiusmodi
3386 2042 3633 2113 loquens,

2053 2132 2171 2187 quae
2198 2134 2302 2172 non
2335 2128 2544 2185 natura,
2575 2122 2668 2176 sed
2697 2122 3000 2181 infirmitate
3038 2130 3379 2185 conscientia:
3420 2136 3632 2201 accidit,

2056 2209 2123 2261 ita
2152 2209 2384 2278 loquitur
2415 2228 2429 2267 :
2462 2209 2613 2266 Nihil
2636 2230 2899 2269 commune
2937 2234 3028 2286 per
3066 2219 3288 2287 seipsum
3314 2222 3411 2275 nisi
3446 2225 3510 2289 ei,
3551 2226 3640 2297 qui

2054 2303 2305 2356 existimat
2351 2304 2476 2373 quid
2518 2322 2780 2361 commune
2818 2325 2923 2362 esse
2954 2308 3126 2380 (Rom.
3177 2313 3263 2367 l4.
3301 2314 3409 2386 14).
3450 2316 3639 2372 Viden’

2056 2393 2442 2448 immunditiam
2489 2412 2594 2451 non
2625 2414 2687 2452 ex
2721 2399 2798 2454 rei
2825 2410 3034 2468 natura,
3067 2404 3159 2458 sed
3186 2421 3252 2459 ex
3301 2409 3637 2477 Cogitationis

2055 2483 2415 2540 imbecillitate
2461 2489 2738 2543 contrahi?
2794 2492 2871 2545 Ac
2926 2509 3159 2561 rursum,
3208 2497 3391 2552 Omnia
3437 2502 3638 2569 quidem

2053 2588 2170 2631 sunt
2199 2579 2386 2632 munda
2411 2595 2430 2633 :
2449 2581 2538 2635 sed
2567 2582 2755 2635 malum
2781 2593 2853 2637 est
2878 2584 3088 2649 homini,
3131 2589 3218 2656 qui
3243 2607 3333 2658 per
3358 2590 3639 2657 offendicu-

2054 2666 2158 2721 lum
2186 2671 2457 2723 manducat
2486 2669 2649 2741 (Ibid.
2682 2688 2732 2727 υ.
2762 2674 2874 2743 90).
2916 2674 3128 2747 [Vidcn’
3151 2680 3290 2746 quod
3321 2697 3425 2736 non
3454 2684 3637 2751 edere,

2053 2757 2146 2813 sed
2169 2774 2262 2828 per
2274 2759 2648 2816 ofl’endiculum
2671 2762 2952 2838 ederem]
2972 2781 3129 2822 causa
3158 2770 3228 2823 sit
3253 2770 3640 2828 immunditize?

2123 2851 2178 2907 5.
2209 2850 2490 2907 Discrimen
2509 2854 2641 2908 inter
2657 2853 2910 2909 lauacrum
2929 2856 3226 2915 Juda'orum
3245 2872 3291 2916 et
3315 2862 3635 2934 baptismum.

2051 2942 2325 2997 —'l‘alem
2355 2944 2619 2998 maculam
2648 2944 2956 3003 Judieorum
2986 2949 3255 3006 lavacrum
3283 2953 3637 3021 emundabat;

2054 3042 2110 3087 at
2136 3034 2321 3104 gratim
2350 3034 2620 3091 lavacrum
2664 3053 2771 3093 non
2803 3039 2962 3095 talem
2983 3082 3002 3108 ,
3032 3041 3127 3097 sed
3170 3060 3329 3111 eam,
3366 3062 3486 3116 qua:
3516 3065 3639 3104 vera

2055 3123 2388 3181 immunditia
2425 3136 2482 3182 et
2519 3127 2751 3182 animam
2791 3139 2846 3184 et
2880 3145 3077 3202 corpus
3117 3134 3315 3198 inlicit:
3358 3153 3465 3193 non
3497 3140 3640 3195 enim

2055 3232 2169 3282 eos,
2199 3218 2288 3289 qui
2320 3227 2528 3273 mortus
2556 3234 2801 3290 corpora,
2835 3222 2931 3276 scd
2957 3224 3045 3293 qui
3081 3236 3285 3281 mortua
3316 3243 3476 3296 opera
3511 3246 3640 3286 con-

2058 3313 2284 3382 tingunt,
2310 3312 2537 3367 mundos
2566 3311 2712 3368 facit.
2737 3315 2846 3369 Etsi
2869 3316 3064 3379 mollis,
3092 3318 3193 3372 etsi
3217 3316 3504 3376 fornicator
3522 3324 3641 3393 quis

2056 3403 2247 3471 fuerit,
2280 3405 2377 3458 etsi
2421 3404 2735 3468 idololatra,
2766 3406 2867 3461 etsi
2891 3406 3100 3476 quidvis
3129 3410 3249 3463 muli
3292 3410 3509 3479 fecerit,
3539 3414 3640 3469 etsi

2055 3494 2284 3550 humana
2315 3495 2458 3550 omni
2483 3495 2714 3566 nequitia
2743 3497 2928 3567 plenus
2945 3500 3035 3564 sit,
3054 3501 3097 3554 si
3124 3501 3175 3554 in
3200 3503 3451 3570 piscinam
3479 3521 3641 3574 aqua-

2054 3602 2172 3641 rum
2206 3586 2421 3652 incidat,
2454 3587 2717 3642 solaribus
2744 3590 2907 3643 radiis
2935 3592 3113 3658 purior
3138 3609 3204 3647 ex
3238 3592 3432 3649 divinis
3466 3596 3639 3652 fluen-

2056 3678 2122 3733 tis
2149 3678 2412 3734 ascendit.
2435 3679 2512 3733 Ne
2553 3696 2681 3734 vero
2723 3691 2874 3748 putes
2916 3682 3053 3738 fastu
3090 3687 3334 3755 qUopiam
3365 3687 3480 3743 luce
3510 3706 3639 3758 pro-

2056 3770 2205 3835 ferri,
2234 3770 2358 3825 audi
2389 3771 2608 3826 Paulum
2637 3772 2704 3827 de
2727 3773 2919 3827 lavacri
2943 3776 3138 3830 virtute
3157 3778 3272 3833 haec
3299 3780 3636 3850 loquentem:

2056 3859 2234 3914 Nolite
2267 3877 2438 3915 errare
2464 3876 2482 3917 :
2512 3878 2669 3931 neque
2708 3862 3027 3928 idololatria,
3072 3884 3228 3935 neque
3274 3871 3635 3941 fornicatores,

2055 3968 2212 4021 neque
2235 3953 2472 4018 adulteri,
2501 3970 2657 4022 neque
2686 3955 2880 4017 molles,
2911 3973 3067 4024 neque
3090 3962 3430 4015 masculorum
3451 3980 3638 4019 concu-

2056 4043 2255 4109 bitores,
2280 4060 2436 4114 neque
2459 4046 2601 4097 avari
2617 4086 2631 4111 ,
2660 4062 2817 4115 neque
2839 4047 3021 4100 ebriosi
3039 4090 3053 4112 ,
3085 4066 3241 4119 neque
3266 4053 3493 4107 malrdici
3514 4098 3527 4122 ,
3553 4073 3637 4110 ne-

2053 4153 2149 4206 que
2171 4153 2380 4206 rapaces
2427 4154 2637 4207 regnum
2662 4138 2751 4193 Dei
2772 4141 3091 4208 possidebunt
3117 4142 3189 4214 (l.
3211 4142 3327 4198 Cor.
3361 4146 3413 4201 6.
3438 4146 3489 4201 9.
3524 4150 3633 4220 l0).

2055 4228 2255 4297 Ecquid
2287 4229 2400 4283 ha'c
2427 4230 2491 4284 ad
2529 4232 2855 4300 propositum
2883 4274 2896 4297 ,
2928 4233 3172 4300 inquies?
3205 4238 3341 4305 quod
3380 4241 3636 4309 qua'ritur

2053 4322 2294 4384 ostende,
2328 4338 2392 4375 an
2421 4322 2625 4377 scilicet
2654 4323 2848 4377 lavacri
2879 4324 3047 4380 virtus
3078 4324 3192 4382 lucc
3226 4330 3402 4383 omnia
3445 4346 3635 4386 emun-

2054 4411 2163 4467 det.
2193 4413 2331 4467 Audi
2364 4414 2539 4482 itaque
2568 4430 2649 4480 ea,
2682 4430 2799 4484 qua:
2827 4429 3123 4483 sequuntur
3151 4435 3164 4471 :
3200 4418 3264 4471 Et
3294 4421 3399 4474 lucc
3431 4423 3636 4491 quidam

2053 4505 2217 4576 fuistis
2245 4522 2265 4560 :
2293 4506 2381 4559 sed
2409 4507 2570 4560 abluti
2594 4508 2727 4570 estis,
2759 4508 2847 4560 sed
2867 4510 3173 4577 sancti/icati
3197 4514 3335 4576 estis,
3364 4514 3453 4568 sed
3473 4517 3632 4584 justi-

2054 4601 2191 4669 ficati
2215 4601 2331 4654 estis
2357 4601 2408 4654 in
2440 4600 2638 4654 nomine
2673 4598 2882 4652 Domini
2923 4603 3085 4655 nostri
3120 4602 3245 4657 Jesu
3286 4603 3474 4659 Christi
3510 4609 3636 4662 etin

2055 4690 2255 4760 Spiritu
2285 4689 2378 4745 Dei
2406 4691 2563 4745 nostri
2589 4688 2695 4760 (Ib.
2730 4708 2779 4744 υ.
2813 4691 2926 4762 11).
2953 4691 3060 4746 Nos
3082 4693 3293 4762 quidem
3326 4698 3636 4764 pollicentur

2053 4782 2206 4841 vobis
2234 4783 2515 4839 ostendere
2537 4825 2552 4848 ,
2582 4783 2726 4837 omni
2757 4781 3104 4841 fornicatione
3127 4786 3142 4817 ²
3174 4801 3333 4853 puros
3359 4803 3475 4842 esse
3501 4806 3594 4843 eos
3618 4831 3632 4855 ,

2051 4877 2141 4945 qui
2170 4875 2236 4929 ad
2269 4875 2537 4928 lavacrum
2563 4874 2849 4939 accedunt;
2881 4891 3062 4930 verum
3089 4877 3259 4929 oratio
3290 4885 3471 4932 nostra
3513 4880 3632 4948 plus

2050 4968 2468 5030 demonstravit,
2519 4965 2723 5020 scilicet
2769 4981 2873 5020 non
2920 4965 3077 5019 modo
3121 4982 3309 5034 puros,
3338 4968 3429 5021 sed
3466 4971 3624 5024 etiam

2050 5069 2265 5114 sanctos
2281 5058 2561 5127 justosque
2583 5055 2749 5110 factos
2774 5072 2912 5110 esse.
2937 5056 3049 5110 Non
3077 5066 3281 5110 tantum
3302 5059 3441 5113 cuitu
3468 5063 3628 5117 dixit:

2049 5150 2222 5204 Abluti
2263 5149 2409 5212 estis,
2458 5147 2550 5201 sed
2592 5147 2774 5208 etiam,
2821 5144 3139 5214 Sanctiﬁcati
3183 5150 3319 5214 estis,
3361 5149 3632 5220 justiﬁcuti

2050 5243 2188 5295 eatis.
2218 5238 2353 5305 Quid
2386 5238 2484 5292 hac
2515 5252 2571 5291 re
2603 5236 2894 5289 mirabilius
2914 5277 2929 5300 ,
2958 5236 3098 5306 quod
3139 5237 3254 5294 sine
3290 5238 3472 5294 labore
3495 5281 3509 5304 ,
3537 5255 3631 5293 su-

2051 5332 2181 5387 dore
2226 5330 2486 5397 bonisque
2532 5326 2782 5397 operibus
2824 5326 3031 5395 justitia
3076 5328 3351 5396 pariatur?
3382 5329 3524 5382 Talis
3552 5341 3631 5382 est

2050 5424 2191 5478 enim
2221 5419 2383 5476 divini
2411 5418 2535 5474 doni
2561 5418 2858 5488 benignitas
2878 5458 2894 5485 ,
2926 5428 2982 5472 ut
3009 5420 3125 5474 sine
3151 5420 3433 5472 sudoribus
3453 5420 3629 5486 justos

2051 5580 2130 5694 ﬁdi
2166 5584 2412 5638 tntcrpres
2443 5582 2587 5627 vetus
2621 5573 2762 5639 legit,
2805 5570 2935 5623 omni
2964 5570 3227 5637 iniquitate,
3262 5577 3314 5620 et
3346 5573 3536 5631 melius,
3575 5581 3631 5621 ut

2133 5650 2260 5691 etur.
2428 5670 2434 5677 ι

2133 5650 2260 5691 etur.

2048 5740 2053 5747 θ
2113 5726 2189 5788 (u)
2220 5729 2331 5773 Haec
2350 5734 2459 5788 qua:
2481 5720 2669 5770 uncinis
2689 5717 2976 5788 clauduntur
2999 5716 3211 5788 intentu
3226 5715 3449 5778 deerant,
3473 5714 3561 5766 sed
3584 5715 3631 5765 in

2054 5777 2270 5841 editione
2294 5777 2524 5836 Safiliana
2543 5796 2605 5832 ex
2626 5782 2901 5845 conjectura
2922 5777 3226 5842 supplentur.
