4066 6444
124 4 1483 30 ——m_—.—_.__

427 393 536 450 2'27

431 507 650 562 el'liciat.
682 504 814 560 Nam
840 503 885 558 si
913 499 1252 572 lmperatoris
1293 497 1517 568 epiStola
1556 496 1742 568 paucis
1786 494 2030 552 conscri-

438 607 527 668 pta
555 596 753 660 literis,
784 591 1076 649 innumeris
1106 604 1229 646 reos
1259 588 1574 643 criminibus
1618 588 1816 642 liberos
1844 586 2028 641 dimit-

433 691 519 757 tit,
549 690 682 743 alios
711 698 890 741 autem
914 683 980 739 ad
1011 683 1270 737 honorem
1299 681 1458 735 etiam
1485 679 1664 736 evehit
1703 679 2029 743 maximum;

433 782 601 836 multo
631 778 800 850 magis
829 787 1048 832 sanctus
1077 775 1168 829 Dei
1199 774 1452 844 Spiritus,
1485 773 1574 844 qui
1609 773 1788 828 omnia
1819 779 2028 842 potest,

429 873 578 929 omni
607 886 704 926 nos
735 869 970 941 nequitia
997 867 1267 934 liberabit,
1299 867 1521 921 multam
1548 866 1808 936 justitiam
1839 863 2031 933 largie-

431 973 538 1029 tur,
571 963 736 1017 multa
769 961 1016 1032 implebit
1047 960 1258 1014 ﬁducia.
1292 959 1371 1014 Ac
1399 957 1851 1029 quemadmodum
1890 956 2032 1010 scin-

430 1055 544 1109 tilla
594 1052 825 1108 mediam
877 1052 929 1106 in
977 1051 1149 1122 pelagi
1183 1049 1492 1120 voraginem
1536 1047 1810 1112 incidens,
1850 1047 2027 1100 statim

428 1146 790 1216 exstinguitur
817 1151 873 1199 et
900 1143 1208 1208 evanescit,
1248 1155 1509 1212 aquarum
1541 1140 1591 1194 vi
1632 1139 1876 1194 demersa
1909 1155 1923 1191 :
1955 1137 2032 1192 sic

431 1249 485 1295 et
511 1239 685 1293 omnis
713 1238 943 1292 humana
975 1233 1209 1305 nequitia
1231 1274 1246 1300 ,
1276 1248 1399 1288 cum
1439 1231 1493 1286 itt
1531 1232 1790 1301 piscinam
1817 1230 2023 1285 divinu-

430 1343 550 1386 rum
596 1327 918 1385 ﬂuentorum
968 1325 1251 1388 inciderit,
1302 1323 1460 1378 citius
1508 1321 1824 1393 faciliusque
1869 1337 2027 1392 quam

429 1424 662 1480 scintilla
703 1421 1032 1491 demergitur
1069 1428 1123 1473 et
1157 1417 1386 1473 deletur.
1417 1417 1487 1470 At
1527 1430 1646 1481 cur,
1697 1415 1938 1484 inquies,
1983 1413 2028 1467 si

435 1525 657 1586 [reccata
680 1513 834 1568 nobis
856 1512 1035 1567 omnia
1056 1511 1328 1566 lavacrum
1355 1507 1602 1574 remittit,
1627 1522 1735 1561 nun
1761 1507 2028 1561 lavacrum

433 1607 769 1663 remissionis
801 1613 1135 1675 peccatorum
1157 1645 1171 1668 ,
1214 1617 1320 1656 non
1369 1600 1636 1654 lavacrum
1667 1599 2026 1670 purgationis,

431 1699 528 1754 sed
551 1699 815 1752 lavacrum
839 1692 1260 1766 regenerationis
1282 1692 1542 1746 vocatur?
1563 1693 1694 1759 Quia
1725 1708 1830 1745 non
1853 1690 2028 1744 Solum

433 1789 592 1846 nobis
617 1797 832 1859 peccata
869 1787 1130 1853 remittit,
1164 1800 1338 1856 neque
1381 1783 1555 1838 solum
1583 1783 1776 1838 delicta
1818 1791 2025 1854 purgat,

435 1882 529 1939 sed
561 1883 632 1937 ita
661 1881 713 1938 id
741 1890 956 1951 praistat
988 1896 1049 1935 ac
1084 1881 1130 1934 si
1171 1879 1348 1934 denuo
1377 1878 1614 1949 generati
1647 1893 1906 1934 essemus.
1935 1878 2028 1932 Et-

438 1976 584 2031 enim
617 1988 715 2028 nos
739 1975 921 2028 denuo
949 1981 1131 2038 creat,
1163 1982 1215 2025 et
1246 1970 1474 2034 format,
1510 1986 1616 2024 non
1645 1985 1709 2024 ex
1741 1979 1880 2025 terra
1907 1985 2026 2023 rur-

433 2085 552 2125 sum
578 2068 857 2137 efﬁngens,
890 2067 984 2120 sed
1004 2081 1070 2120 es
1096 2065 1202 2118 alio
1224 2065 1510 2126 elemento,
1534 2079 1792 2133 aquarum
1822 2061 2030 2116 scilicet

435 2170 654 2226 natura,
687 2173 908 2219 creatis;
945 2173 1049 2210 non
1080 2157 1224 2212 enim
1256 2171 1350 2209 vas
1381 2154 1698 2224 simpliciter
1736 2153 2025 2225 abstergit,

434 2250 529 2305 sed
577 2259 744 2304 totum
788 2247 985 2302 conﬁat
1032 2227 1228 2302 denuo:
1273 2245 1406 2301 Nam
1457 2261 1576 2315 quae
1616 2245 2025 2314 abstt-rguntur,

433 2343 641 2399 etiamsi
669 2349 919 2395 accurate
944 2338 1271 2394 mundentur
1291 2338 1560 2408 qualitatis
1585 2337 1802 2407 vestigia
1828 2343 1882 2391 et
1909 2350 2028 2390 sur—

437 2435 587 2489 dinm
615 2433 869 2502 reliquias
902 2433 1168 2496 retinent;
1220 2445 1340 2500 qua:
1385 2445 1514 2483 vero
1558 2431 1612 2483 in
1655 2427 2026 2484 conﬁatorium

437 2525 796 2579 immittuntur
827 2566 841 2588 ,
871 2532 970 2578 cta
999 2521 1209 2576 ﬂamma
1230 2531 1574 2584 renovantur,
1607 2535 1821 2574 onmem
1865 2520 2031 2589 depo-

437 2617 616 2671 nentia
647 2619 906 2670 maculam
928 2655 944 2678 ,
978 2629 1045 2670 ex
1077 2614 1288 2668 camino
1313 2612 1503 2667 educta
1523 2653 1539 2679 ,
1570 2612 1839 2678 eumdem,
1869 2627 2026 2681 quem

436 2723 658 2781 prorsus
689 2723 858 2774 nova,
891 2706 1233 2776 splendorem
1266 2705 1535 2759 emittunt.
1564 2703 2025 2773 Quemadmodum

433 2803 480 2856 si
506 2800 626 2872 quis
654 2815 869 2854 auream
913 2807 1142 2853 statuam
1170 2841 1184 2864 ,
1227 2809 1496 2866 tempore,
1543 2796 1716 2861 l'umo,
1770 2797 2024 2866 pulvere,

435 2897 682 2962 rubigine
713 2893 962 2948 fmdatam
983 2935 999 2959 ,
1027 2891 1204 2946 denuo
1233 2891 1542 2946 conﬂavcril
1561 2931 1576 2956 ,
1606 2905 1723 2946 eam
1750 2889 1902 2944 nobis
1929 2903 2027 2958 pu-

434 2988 700 3043 rissimam
729 2995 889 3056 atque
931 2985 1215 3054 fulgentem
1263 2983 1491 3038 restituit
1519 2982 1637 3037 :sic
1679 2991 1734 3036 et
1778 2991 2019 3035 naturam

435 3091 676 3135 nostram
737 3079 908 3144 Deus,
947 3078 1148 3148 peccati
1187 3075 1430 3144 rubigine
1473 3073 1722 3130 lmdatam
1756 3072 2028 3141 multhue

435 3171 677 3226 affectam
703 3169 1019 3222 delictorum
1051 3166 1216 3232 fumo,
1248 3166 1335 3220 illa
1363 3164 1759 3235 pulchritudine
1795 3163 2026 3219 destitu-

436 3272 544 3317 tam
569 3303 584 3326 ,
611 3277 771 3332 quam
803 3260 899 3330 ipsi
929 3260 996 3314 ab
1027 3259 1177 3313 initio
1207 3258 1502 3323 indiderat,
1531 3256 1706 3313 denuo
1735 3255 1988 3310 conﬂavit
2009 3298 2025 3323 ,

437 3363 494 3408 et
521 3354 573 3407 in
595 3367 759 3422 aquas
784 3366 883 3406 ceu
915 3352 968 3406 in
995 3350 1365 3405 conﬁatorium
1395 3348 1637 3419 injiciens
1658 3390 1674 3414 ,
1704 3359 1757 3404 et
1784 3364 1881 3418 pro
1907 3349 2030 3418 igne

431 3443 661 3513 Spiritus
681 3443 903 3512 gratiam
923 3441 1236 3506 immittens,
1261 3439 1387 3494 hinc
1409 3447 1713 3503 renovatus,
1736 3454 1858 3494 cum
1883 3441 2028 3493 sola-

437 3533 584 3588 ribus
627 3531 792 3587 radiis
835 3529 1121 3602 splendore
1166 3528 1505 3584 decertantes
1552 3529 1752 3594 educit,
1797 3527 2030 3584 contrito

435 3623 602 3678 veteri
624 3621 861 3686 homine,
892 3635 1036 3676 novo
1059 3626 1236 3674 autem
1262 3618 1626 3690 splendidiore
1647 3660 1661 3686 ,
1690 3635 1849 3691 quam
1877 3630 2031 3675 vetus

437 3724 573 3782 erat,
605 3713 844 3770 conditu.

511 3808 568 3862 ι.
614 3806 765 3862 Hanc
811 3819 975 3876 porro
1021 3803 1176 3858 nobis
1218 3802 1593 3860 contritionem
1645 3805 2030 3876 mysticamquc

437 3899 804 3971 purgationem
867 3896 1211 3952 subindicans
1257 3895 1516 3966 propheta
1542 3937 1558 3959 ,
1603 3895 1815 3951 dicebat
1859 3895 2026 3964 olim,

441 3991 719 4062 Tamquam
766 4006 854 4044 vas
895 3988 1041 4060 ﬁguli
1093 3999 1318 4042 conteres
1352 4005 1437 4043 eos
1476 3989 1662 4059 (Psal.
1689 3989 1744 4043 2.
1776 3989 1866 4061 9).
1894 3988 2028 4044 Nam

433 4084 575 4152 quod
613 4082 682 4139 de
725 4081 968 4138 ﬁdelibus
1013 4081 1260 4149 loquatur
1304 4081 1446 4136 clare
1494 4081 1728 4137 indicant
1770 4097 1866 4148 ea,
1911 4099 2031 4152 quae

435 4172 741 4244 praecedunt
770 4189 785 4224 τ
815 4172 1013 4228 etenim
1041 4172 1115 4225 ait
1139 4187 1153 4224 :
1184 4169 1354 4226 Filius
1381 4187 1522 4226 meus
1547 4189 1600 4226 es
1629 4181 1682 4225 tu
1713 4187 1733 4226 :
1761 4189 1850 4244 ego
1881 4173 2032 4227 hodie

432 4266 584 4338 genui
612 4273 680 4318 te.
714 4262 927 4317 Postulo
961 4279 993 4316 a
1018 4278 1125 4328 me,
1152 4271 1196 4315 et
1217 4262 1349 4317 dabo
1374 4261 1462 4316 tibi
1485 4271 1656 4333 gentes
1685 4262 2029 4318 Itwreditatem

438 4369 598 4425 tuam,
625 4366 670 4412 et
707 4355 1066 4426 possessionem
1091 4365 1228 4408 tuam
1255 4354 1493 4408 terminos
1521 4363 1668 4407 terra:
1693 4355 1711 4424 (
1732 4351 1868 4407 Ibid.
1899 4369 1948 4408 υ.
1973 4355 2026 4408 7.

434 4450 515 4520 8).
545 4447 788 4504 Vidistin‘
814 4445 1082 4516 quomodo
1105 4445 1394 4500 Ecclesiam
1424 4445 1661 4516 gentium
1697 4459 2028 4501 commemo-

433 4540 603 4606 ravit,
645 4548 700 4593 et
745 4538 944 4606 ubique
979 4535 1324 4592 constitutum
1363 4535 1562 4590 Christi
1605 4551 1829 4606 regnum
1860 4536 2029 4591 dixit?

435 4629 636 4687 Deinde
651 4642 861 4684 rursum
880 4627 973 4694 ait,
996 4626 1182 4682 Pasces
1205 4643 1289 4681 eos
1313 4628 1367 4681 in
1383 4628 1524 4698 virga
1551 4629 1716 4699 ferrea
1735 4645 1754 4694 ;
1779 4644 1884 4682 non
1909 4643 2030 4698 gra-

435 4725 502 4789 vi,
523 4720 619 4776 sed
649 4719 776 4776 forti
801 4737 814 4773 :
837 4727 1090 4790 tamquam
1120 4733 1209 4773 vas
1235 4718 1381 4790 ﬁguli
1399 4727 1624 4773 conteres
1645 4735 1730 4772 eos
1751 4717 1856 4788 (lb.
1880 4733 1927 4772 υ.
1947 4719 2026 4786 9).

436 4817 576 4872 Ecce
622 4815 890 4870 lavacrum
934 4811 1104 4882 magis
1150 4812 1378 4884 mystico
1427 4826 1578 4865 more
1619 4811 1888 4865 sumitur:
1921 4827 2026 4866 non

431 4909 575 4963 enim
613 4905 935 4978 simpliciter
967 4903 1104 4960 dixit
1125 4919 1250 4960 vasa
1287 4911 1516 4959 testacea
1537 4944 1553 4970 ,
1582 4903 1678 4958 sed
1703 4918 1827 4958 vasa
1858 4903 2027 4974 ﬁguli.

436 5001 634 5056 Verum
657 4997 935 5055 attendite.
959 4997 1216 5054 Testacea
1235 4997 1432 5067 quippe
1459 5009 1584 5050 vasa
1609 4995 1858 5062 contrita,
1881 4995 2028 5051 reﬁci

437 5109 544 5149 non
573 5101 828 5164 possunt,
861 5091 931 5146 ob
959 5089 1209 5146 duritiem
1245 5103 1440 5159 nempe
1465 5086 1533 5142 ab
1563 5088 1685 5158 igne
1709 5097 1982 5158 acceptam
2009 5104 2024 5142 :

435 5198 560 5238 vasa
587 5191 765 5238 autem
795 5181 938 5252 ﬁguli
962 5197 1067 5237 non
1097 5188 1223 5234 sunt
1249 5187 1502 5245 testacea,
1533 5177 1628 5232 sed
1657 5191 1722 5232 ex
1755 5177 1864 5232 luto
1890 5193 2032 5231 eom-

435 5278 644 5346 posita;
689 5287 854 5344 quare
900 5273 946 5329 si
995 5269 1258 5327 labefacta
1299 5269 1528 5336 fuerint,
1562 5269 1780 5324 artiﬁcis
1809 5270 2028 5325 solertia

436 5367 641 5422 facilius
679 5365 747 5419 ad
785 5363 1074 5420 secundam
1119 5363 1343 5417 formam
1385 5360 1566 5417 reduci
1605 5371 1850 5430 possunt.
1893 5362 2026 5417 Cum

435 5460 612 5530 itaque
641 5457 998 5512 calamitatem
1041 5454 1390 5510 insanabilem
1431 5465 1725 5519 memorat,
1766 5471 1871 5511 non
1902 5470 2028 5512 vasa

437 5551 580 5620 ﬁguli
609 5548 759 5615 dicit,
789 5547 885 5602 sed
913 5560 1006 5600 vas
1044 5554 1359 5600 testaceum.
1390 5545 1520 5600 Nam
1561 5561 1682 5601 cum
1715 5546 2028 5617 prophetam

433 5650 489 5692 et
513 5639 730 5693 Judzeus
757 5637 955 5693 docere
981 5637 1180 5706 vellet,
1209 5636 1581 5693 sc‘calamitati
1627 5636 1912 5694 insanabili
1937 5654 2029 5694 ur—

436 5727 556 5781 bem
583 5725 888 5792 tradidisse,
913 5725 1070 5796 jussit
1093 5742 1215 5783 eum
1244 5726 1489 5798 accipere
1509 5741 1604 5782 vas
1631 5734 1947 5795 testaceum,
1975 5737 2029 5784 et

437 5832 616 5872 coram
646 5817 898 5874 universo
919 5819 1114 5887 populo
1130 5818 1486 5894 confringere,
1506 5820 1789 5894 dicereque
1811 5819 2024 5894 (Jcreut.

1178 385 1236 440 S.
1277 381 1554 438 JO.\N.\'IS
1590 378 2066 437 CIIRYSOSTOMI
2105 377 2422 436 ARCIIIEP.
2453 333 2986 440 CONSTANTINOP.

3633 385 3745 442 238

2144 493 2257 566 l9),
2285 496 2374 551 Sic
2398 495 2577 568 peribit
2606 496 2724 552 urbs
2750 515 2812 551 ac
2839 507 3122 553 conteretur
3137 497 3453 572 (Jerem.l9.
3471 501 3732 573 li):cuut

2141 597 2320 643 autem
2365 588 2558 644 bonam
2601 589 2730 660 ipsis
2768 601 2918 660 spem
2962 591 3115 648 uﬁ‘ert
3141 634 3155 661 ,
3191 593 3242 648 in
3273 593 3542 649 ofﬁcinam
3587 595 3734 667 ﬁguli

2138 679 2450 750 prophetam
2481 680 2726 749 deducit,
2757 698 2857 738 nec
2884 684 2983 752 ipsi
3017 700 3107 740 vas
3140 694 3428 742 testaceum
3463 689 3732 758 ostendit,

2137 770 2232 826 sed
2259 786 2353 826 vas
2389 771 2590 827 luteum
2631 789 2662 828 e
2702 789 2864 829 manu
2897 776 3040 846 ﬁguli
3066 776 3354 842 decidens,
3383 793 3446 833 ac
3471 780 3736 836 subinl‘ert

2137 861 2220 915 his
2248 862 2425 918 verbis
2451 880 2464 917 :
2490 862 2552 918 Si
2579 865 2768 936 ﬁgulus
2803 866 2884 921 hic
2921 883 3008 922 vas
3048 868 3184 938 quod
3213 869 3438 938 decidit,
3471 882 3734 943 acceptum

2135 954 2300 1009 denuo
2339 957 2663 1027 reformavit,
2700 975 2870 1014 annon
2911 959 3070 1015 multo
3104 963 3265 1032 magis
3308 981 3400 1034 ego
3439 974 3610 1034 potero
3646 984 3734 1022 vos

2137 1046 2375 1116 delapsos
2406 1049 2676 1103 emendare
2701 1051 2719 1122 (
2741 1049 2932 1106 Jerem.
2965 1052 3049 1108 18.
3079 1049 3170 1126 6)?
3199 1053 3382 1109 Potest
3409 1055 3568 1126 igitur
3592 1058 3736 1114 Deus

2137 1155 2236 1193 nos
2266 1139 2439 1195 luteus
2485 1155 2592 1196 non
2642 1141 2803 1198 modo
2849 1159 2946 1214 per
2991 1147 3262 1200 lavacrum
3311 1149 3736 1214 regenerationis

2135 1231 2458 1300 emendare,
2502 1233 2596 1288 sed
2633 1233 2864 1304 Spiritus
2905 1244 3124 1306 accepta
3168 1235 3397 1304 virtute,
3431 1239 3734 1310 iterumque

2138 1323 2319 1394 lapsos
2351 1341 2445 1395 per
2473 1326 2737 1382 sinceram
2764 1327 3131 1398 penitentiam
3155 1329 3208 1383 in
3225 1330 3505 1400 pristinum
3533 1341 3732 1386 statum

2134 1429 2406 1470 revocare.
2433 1413 2540 1472 Sed
2572 1431 2677 1473 non
2701 1427 2911 1489 tempus
2937 1427 3020 1475 est
3049 1434 3146 1475 vos
3170 1420 3238 1476 de
3259 1423 3567 1491 pamitentia
3598 1424 3735 1478 allo-

2134 1507 2244 1575 qni,
2278 1507 2384 1562 imo
2416 1509 2588 1578 potius
2633 1509 2836 1565 utinam
2882 1512 3028 1568 nullo
3071 1527 3320 1582 umquam
3367 1522 3608 1584 tempore
3646 1515 3733 1572 his

2133 1597 2390 1653 remediis
2416 1614 2551 1670 opus
2576 1600 2854 1669 habeatis,
2899 1604 2992 1659 sed
3030 1619 3245 1676 semper
3268 1621 3331 1661 ea
3362 1618 3570 1662 servata
3609 1609 3720 1679 pul-

2139 1687 2442 1744 chritudine
2469 1705 2670 1760 eosque
2695 1692 2978 1763 splendore
2993 1696 3438 1766 maneatis,quem
3470 1713 3610 1753 nunc
3633 1713 3728 1754 ac-

2133 1779 2342 1848 cepturi
2373 1782 2524 1838 estis.
2556 1781 2626 1839 Ut
2653 1783 2829 1853 itaque
2856 1785 2908 1840 in
2935 1800 3000 1842 eo
3029 1789 3291 1843 maneatis
3309 1830 3323 1853 ,
3353 1804 3450 1859 age
3468 1830 3484 1856 ,
3512 1790 3581 1845 de
3606 1791 3730 1846 vita:

2134 1872 2375 1929 instituto
2403 1891 2571 1946 pauca
2599 1878 2751 1933 vobis
2779 1878 3111 1936 disseramus
3137 1899 3150 1935 :
3178 1897 3301 1935 nam
3342 1881 3395 1936 in
3426 1881 3526 1937 hac
3563 1883 3729 1952 pals:-

2135 1974 2245 2020 stra
2274 1965 2594 2022 athletarum
2625 1967 2805 2039 lapsus
2849 1970 3084 2040 periculo
3119 1979 3310 2026 vacant
3339 1990 3352 2026 :
3386 1987 3506 2028 cum
3536 1973 3729 2029 dome—

2134 2057 2283 2111 sticis
2313 2059 2455 2115 enim
2485 2059 2795 2128 decertant,
2821 2070 2875 2116 et
2905 2063 2955 2115 in
2983 2070 3372 2132 prmceptorum
3413 2063 3731 2133 corporibus

2133 2150 2308 2202 omnia
2337 2151 2679 2205 meditantur.
2701 2153 2836 2207 Cum
2864 2169 2991 2208 vero
3014 2154 3366 2208 certaminum
3402 2165 3611 2224 tempus
3631 2155 3723 2208 ad.

2092 2297 2098 2304 ,
2131 2240 2361 2306 venerit,
2391 2256 2512 2295 cum
2543 2242 2778 2298 stadium
2807 2253 3052 2315 apertum
3083 2243 3263 2309 fuerit,
3291 2260 3412 2300 eum
3444 2261 3631 2301 onmes
3659 2247 3727 2302 ad

2132 2331 2494 2398 spectaculum
2535 2333 2875 2403 congregati,
2923 2335 3080 2390 sedes
3124 2349 3336 2389 sursum
3381 2337 3726 2406 occuparint,

2091 2455 2098 2460 -
2135 2429 2399 2488 prmscnte
2441 2424 2805 2492 agonotheta:
2843 2435 2968 2480 tunc
3014 2440 3237 2481 necesse
3281 2437 3363 2480 est
3408 2437 3500 2482 aut
3541 2428 3728 2498 ignave

2132 2520 2349 2581 agentes
2378 2511 2554 2582 dt‘lel,
2584 2529 2646 2568 ac
2673 2529 2793 2569 cum
2822 2516 3106 2585 ignominia
3135 2517 3411 2573 discrdere
3431 2561 3443 2583 ,
3473 2531 3566 2575 aut
3587 2535 3725 2576 stre-

2094 2615 2098 2618 '
2133 2620 2238 2659 nue
2266 2613 2506 2675 agentes,
2538 2620 2765 2661 coronas
2789 2617 2844 2662 et
2868 2608 3052 2663 bravia
3078 2610 3372 2680 consequi;
3419 2612 3495 2666 sic
3531 2613 3583 2666 hi
3632 2614 3728 2667 tri-

2133 2696 2278 2766 ginta
2306 2695 2420 2752 dies
2447 2697 2598 2752 vobis
2625 2699 2886 2768 paltcslra:
2905 2741 2923 2766 ,,
2949 2701 3348 2771 gymnasiorum
3388 2711 3441 2757 ct
3470 2703 3728 2758 exercita-

2135 2788 2294 2842 tionis
2320 2787 2440 2844 loco
2479 2799 2622 2843 sunt.
2645 2788 2763 2845 Jam
2805 2789 2930 2845 hinc
2963 2791 3232 2846 discamus
3259 2793 3544 2864 malignum
3577 2795 3724 2850 illum

2133 2879 2431 2934 darmunem
2463 2881 2674 2936 vincere
2707 2899 2721 2936 :
2751 2897 2874 2936 nam
2904 2893 3089 2937 contra
3117 2883 3265 2937 illum
3307 2895 3428 2953 post
3464 2885 3725 2953 baptisma

2135 2968 2185 3023 in
2213 2985 2431 3025 arenam
2463 2971 2788 3026 descendere
2811 2973 3087 3036 debemus.
3112 2983 3298 3030 contra
3322 2976 3468 3030 illum
3493 2992 3727 3048 pugnare

2134 3071 2189 3116 et
2215 3061 2512 3119 decertare.
2539 3064 2656 3119 Jam
2687 3064 2811 3121 hinc
2837 3080 2964 3136 ergo
2995 3066 3213 3122 insidias
3247 3066 3361 3137 ejus
3391 3068 3687 3124 ediscamus
3707 3112 3725 3138 ,

2133 3154 2400 3210 undenam
2431 3158 2696 3228 malignus
2725 3158 2833 3226 sit,
2874 3160 3142 3214 undenam
3187 3159 3345 3216 facile
3387 3177 3486 3217 nos
3531 3163 3728 3220 la-dere

2133 3250 2348 3322 poterit,
2379 3257 2435 3304 ut
2461 3251 2769 3305 certaminis
2811 3261 3054 3322 tempore
3096 3268 3202 3307 non
3247 3254 3541 3324 inexperti,
3573 3257 3729 3310 novis

2131 3341 2434 3410 conspectis
2479 3343 2860 3400 certaminibus
2905 3353 3224 3409 terreamur,
3267 3345 3361 3400 sed
3403 3347 3513 3416 jam
3556 3347 3726 3416 parati

2133 3433 2481 3504 meditatique
2499 3475 2515 3500 ,
2547 3435 2768 3504 ejusque
2797 3435 3018 3491 insidias
3044 3450 3232 3492 omnes
3259 3436 3434 3492 edocti
3453 3479 3468 3504 ,
3499 3437 3730 3494 ﬁdenter

2133 3525 2423 3581 certamina
2447 3541 2571 3580 cum
2602 3527 2694 3581 illo
2721 3527 2996 3583 adeamus.

2208 3615 2421 3687 Lingua:
2443 3627 2565 3690 quot
2593 3627 2640 3672 et
2669 3622 2844 3688 quanti
2874 3619 3071 3691 lapsus.
3102 3649 3173 3663 —
3197 3620 3441 3692 Undique
3468 3637 3594 3678 vero
3625 3638 3730 3678 no-

2131 3709 2216 3763 bis
2245 3726 2442 3766 nocere
2471 3712 2629 3778 solet,
2659 3711 2753 3768 sed
2781 3712 2832 3768 in
2861 3713 3048 3780 primis
3077 3714 3254 3785 lingua
3293 3723 3348 3770 et
3374 3729 3488 3770 ore.
3511 3714 3729 3772 Nullum

2133 3801 2276 3857 enim
2311 3802 2387 3857 illi
2429 3803 2499 3857 ita
2531 3813 2889 3874 opportunum
2920 3819 3179 3876 organum
3223 3805 3290 3860 ad
3335 3805 3575 3862 fraudem
3609 3823 3733 3877 per-

2135 3893 2438 3964 niciemque
2468 3905 2727 3960 nostram,
2759 3892 3215 3966 ut‘intemperans
3243 3896 3420 3964 lingua
3445 3906 3498 3951 et
3525 3911 3588 3950 os
3616 3912 3729 3952 non

2134 3986 2462 4041 obturatum.
2484 3986 2620 4040 llinc
2643 3985 2797 4040 nobis
2823 3985 3002 4056 lapsus
3024 3987 3258 4056 plurimi,
3283 3987 3408 4042 hinc
3432 3987 3587 4042 nobis
3608 4002 3732 4057 gra-

2133 4077 2217 4130 via
2246 4077 2492 4132 crimina.
2521 4076 2690 4143 Quam
2720 4076 2876 4132 facile
2905 4077 2974 4131 sit
3001 4092 3096 4132 ore
3124 4077 3250 4144 labi,
3280 4077 3359 4134 sic
3390 4078 3605 4149 quidam
3632 4078 3732 4133 de-

2132 4169 2390 4224 claravit:
2426 4169 2578 4222 Multi
2601 4169 2824 4224 cecidere
2847 4169 3041 4242 gladio,
3071 4171 3160 4225 sed
3186 4187 3285 4225 non
3314 4181 3386 4226 tot
3413 4181 3530 4243 quot
3555 4172 3731 4242 lingua

2139 4259 2325 4332 (Eccli.
2357 4261 2445 4318 28.
2476 4261 2568 4333 22)
2601 4280 2616 4317 :
2649 4263 2870 4334 ipseque
2896 4279 3107 4318 rursum
3135 4280 3293 4334 quam
3320 4266 3498 4335 gravis
3525 4267 3594 4318 sit
3623 4265 3731 4318 hu-

2127 4353 2365 4424 jusmodi
2396 4356 2581 4426 lapsus
2610 4357 2863 4412 indicavit
2903 4357 2986 4412 bis
3013 4357 3190 4414 verbis
3209 4398 3223 4422 ,
3251 4357 3450 4428 Lapsus
3485 4359 3548 4413 de
3581 4360 3730 4430 pavi-

2133 4457 2302 4502 mento
2325 4448 2490 4520 potius
2509 4464 2662 4517 quam
2683 4449 2855 4519 lapsus
2878 4450 2942 4504 de
2962 4450 3136 4518 lingua
3162 4451 3180 4520 (
3203 4449 3363 4504 Eccli.
3388 4449 3478 4505 20.
3500 4449 3607 4522 20)
3632 4469 3645 4505 :
3677 4452 3730 4508 id

2132 4548 2252 4604 est,
2283 4541 2474 4596 melius
2515 4549 2598 4596 est
2627 4540 2732 4596 labi
2759 4542 3073 4611 conterique
3101 4557 3318 4612 corpus,
3353 4558 3511 4613 quam
3541 4543 3729 4613 hujus-

2134 4631 2278 4686 modi
2309 4631 2532 4686 verbum
2561 4632 2823 4702 proferre,
2854 4633 2996 4704 quod
3023 4635 3190 4702 possit
3216 4635 3448 4688 animam
3488 4644 3729 4690 nostram

2135 4723 2376 4792 perdere.
2403 4722 2584 4793 Neque
2613 4724 2796 4794 lapsus
2821 4732 3025 4778 tantum
3059 4732 3340 4792 memorat,
3365 4723 3459 4778 sed
3489 4725 3733 4780 hortatur

2133 4824 2193 4870 ut
2214 4831 2457 4886 magnam
2474 4815 2886 4871 sollicitudinem
2909 4832 3179 4888 geramus,
3206 4832 3274 4873 ne
3295 4818 3728 4888 supplantemnr,

2133 4904 2218 4960 his
2237 4906 2434 4970 verbis,
2466 4904 2573 4959 Fac
2593 4907 2671 4960 ori
2698 4915 2784 4961 tuo
2799 4907 3018 4978 januam
3032 4915 3080 4962 et
3101 4917 3258 4963 vectes
3279 4907 3462 4981 (Eccli.
3485 4909 3579 4966 28.
3599 4909 3691 4981 28)
3711 4927 3726 4975 ς

2133 5005 2244 5051 non
2270 5006 2326 5051 ut
2350 5011 2480 5052 vere
2503 4995 2696 5066 januas
2733 5005 2789 5052 et
2815 5006 2995 5054 vectes
3038 5011 3325 5068 paremus,
3373 4999 3467 5054 sed
3511 5011 3569 5054 ut
3606 5015 3729 5054 cum

2134 5103 2326 5159 magna
2375 5089 2584 5144 cautela
2633 5089 2880 5146 absurdis
2909 5090 3087 5146 verbis
3133 5091 3366 5162 linguam
3395 5092 3728 5148 claudamns.

2132 5181 2472 5254 Rursumque
2499 5181 2626 5237 alibi
2653 5183 2942 5239 ostendens
2969 5199 3070 5239 nos
3097 5193 3152 5238 et
3179 5199 3300 5240 cum
3330 5185 3509 5240 studio
3543 5194 3730 5240 nostro

2136 5282 2192 5328 et
2235 5283 2361 5328 ante
2404 5273 2637 5330 studium
2679 5284 2921 5330 nostrum
2949 5290 3182 5346 superno
3216 5292 3376 5346 egere
3405 5277 3637 5343 auxilio,
3671 5286 3728 5331 ut

2134 5365 2274 5420 hanc
2301 5365 2464 5420 feram
2491 5367 2636 5422 intus
2659 5367 3029 5422 contineamus
3048 5407 3064 5434 ,
3091 5368 3158 5422 ad
3191 5369 3355 5424 Deum
3388 5385 3578 5424 manus
3607 5379 3728 5424 ten-

2133 5456 2270 5513 deus
2300 5458 2555 5528 propheta
2586 5458 2834 5514 dicebat:
2866 5457 3096 5514 Eleoatio
3123 5477 3364 5516 manuum
3390 5478 3617 5516 mearum
3644 5479 3726 5515 sa-

2139 5543 2399 5611 criﬁcium
2427 5546 2792 5610 -rspertinum.
2821 5541 2983 5610 Pone,
3023 5543 3264 5608 Domine,
3306 5543 3601 5596 custodiam
3637 5542 3720 5595 ori

2137 5652 2272 5703 meo,
2304 5646 2354 5690 et
2382 5637 2571 5690 ostium
2600 5637 3012 5691 circumstantitr
3036 5636 3189 5691 labiis
3226 5636 3355 5690 meis
3387 5634 3556 5704 (Psal.
3590 5634 3714 5690 MO.

2133 5726 2191 5779 2.
2214 5727 2291 5796 5).
2322 5725 2387 5780 Et
2409 5726 2499 5796 qui
2523 5727 2676 5796 prius
2705 5724 2936 5791 monuit,
2959 5741 3174 5781 rursum
3199 5725 3306 5780 ait:
3331 5724 3456 5790 Quis
3473 5725 3619 5778 dabit
3636 5725 3717 5778 ori

2137 5833 2248 5872 meo
2275 5817 2585 5886 custodiam,
2619 5827 2667 5873 et
2693 5817 2845 5873 labiis
2869 5819 2994 5873 meis
3017 5817 3243 5889 sigillum
3268 5827 3499 5872 astutum
3523 5815 3709 5886 (Eccli.
