4066 6426
281 384 386 439 229

275 500 308 536 ι)

278 500 367 552 22.
395 498 482 565 35)
505 498 525 550 ?
549 496 734 552 Viden’
763 495 1002 568 singulos
1033 495 1344 566 hujusmodi
1372 494 1557 564 lapsus
1583 495 1854 558 timentes,

281 588 542 656 lugentes,
573 585 790 640 consilia
818 584 1026 650 dantes,
1057 594 1358 653 precantes,
1383 596 1441 638 ut
1461 585 1599 638 circa
1629 585 1859 654 linguam

277 692 466 746 tnagna
497 676 702 730 cautela
729 674 1082 729 adhibeatur?
1111 678 1180 730 At
1205 693 1319 740 cur,
1345 676 1571 744 inquies,
1597 676 1639 728 si
1664 685 1862 730 tantam

281 768 435 823 nobis
461 768 748 838 perniciem
779 766 876 820 hoc
900 767 1308 822 instrumentum
1334 767 1540 830 afferat,
1569 771 1740 836 ipsum
1769 785 1864 821 nu-

280 859 360 914 bis
405 875 432 910 a
482 857 740 926 principio
786 857 975 912 indidit
1025 858 1200 912 Deus?
1243 859 1373 925 Quia
1413 873 1658 927 magnam
1707 857 1865 911 etiam

279 949 435 1003 affert
463 949 767 1016 utilitatem,
797 960 850 1004 et
879 951 923 1002 si
949 963 1230 1004 caveamus
1250 991 1265 1016 ,
1304 950 1580 1003 utilitatem
1627 959 1864 1013 tantum,

279 1040 570 1109 perniciem
604 1055 734 1094 vero
765 1041 967 1094 nullam
996 1041 1170 1094 affert.
1201 1041 1336 1094 Audi
1375 1041 1517 1094 enim
1558 1040 1684 1110 quid
1729 1041 1871 1096 dicat

280 1148 346 1194 ts,
380 1133 468 1201 qui
499 1133 644 1202 prius
674 1133 762 1185 illa
789 1134 1031 1187 dixerat:
1058 1131 1121 1186 In
1145 1150 1296 1186 manu
1324 1134 1510 1203 lingua:
1539 1133 1638 1186 vita
1661 1142 1704 1186 et
1736 1149 1871 1186 mors

283 1221 462 1294 (Prov.
497 1223 582 1278 18.
605 1223 718 1293 21).
755 1225 1061 1294 Eademque
1103 1225 1213 1292 ipsa
1248 1223 1494 1278 Christus
1519 1223 1752 1278 declarat
1790 1222 1874 1277 his

285 1315 485 1381 verbis,
504 1315 579 1369 De
589 1316 896 1369 sermonibus
911 1319 1007 1370 tuis
1023 1317 1448 1382 condemnaberis,
1465 1326 1610 1387 atque
1623 1316 1683 1370 de
1695 1331 1876 1370 sermo-

282 1405 429 1458 nibus
457 1405 554 1458 tuis
574 1406 937 1475 justi/icabcris
965 1405 1183 1476 (Matth.
1219 1407 1306 1460 l2.
1335 1406 1401 1460 57
1423 1407 1462 1477 ).
1489 1407 1657 1460 Media
1680 1405 1876 1476 quippe

282 1509 387 1553 stat
414 1497 592 1568 lingua
620 1499 758 1552 inter
789 1509 1072 1570 utrumque
1098 1516 1284 1564 usum;
1315 1510 1368 1554 tu
1407 1500 1652 1554 dominus
1688 1516 1767 1556 es.
1799 1500 1875 1555 lta

283 1600 339 1644 et
363 1590 569 1660 gladius
589 1590 732 1660 jacet
758 1591 998 1656 medius;
1024 1595 1067 1646 si
1097 1592 1186 1645 illo
1210 1603 1392 1646 contra
1418 1592 1662 1646 inimicos
1689 1593 1872 1657 utaris,

285 1681 520 1736 salutare
551 1681 644 1734 tibi
676 1683 1090 1736 instrumentum
1120 1683 1344 1736 efficitur
1367 1700 1380 1748 ;
1405 1685 1485 1737 sin
1517 1683 1606 1737 tibi
1635 1682 1735 1751 ipsi
1764 1683 1879 1736 vul-

286 1791 389 1828 nus
416 1772 644 1843 infligas,
680 1789 786 1828 non
819 1774 945 1828 ferri
969 1783 1176 1839 natura,
1205 1774 1299 1828 sed
1331 1774 1582 1844 iniquitas
1605 1783 1692 1828 tua
1719 1775 1880 1829 cwdis

285 1883 446 1922 causa
473 1877 574 1920 est.
601 1866 673 1920 Ita
702 1866 847 1921 etde
874 1866 1051 1937 lingua
1079 1867 1376 1936 cogitemus
1414 1883 1428 1920 :
1465 1865 1672 1935 gladius
1706 1875 1789 1920 est
1827 1867 1878 1920 in

285 1958 465 2013 medio
489 1959 695 2028 jacens,
719 1973 852 2012 acue
882 1958 1025 2012 illam
1051 1958 1118 2012 ad
1151 1969 1202 2012 te
1224 1958 1290 2013 de
1318 1958 1553 2027 peccatis
1583 1957 1684 2012 tuis
1719 1972 1879 2012 accu-

287 2051 535 2115 Sandum,
565 2066 640 2110 ne,
657 2049 808 2104 fratri
835 2051 1027 2104 vulnus
1056 2049 1282 2120 inﬂigas.
1327 2049 1452 2105 ldeo
1493 2049 1638 2104 illam
1679 2048 1880 2118 duplici

289 2158 446 2196 muro
476 2141 616 2194 Deus
641 2142 1101 2209 circumvallavit,
1131 2141 1370 2196 dentium
1417 2155 1609 2210 nempe
1653 2151 1806 2210 septo
1831 2150 1885 2195 et

291 2232 555 2288 labiorum
599 2233 800 2288 ambitu
821 2275 838 2299 ,
883 2249 952 2288 ne
992 2233 1142 2288 facile
1169 2241 1224 2288 et
1252 2233 1548 2288 inconsulte
1587 2233 1747 2287 verba
1779 2249 1884 2286 non

291 2324 638 2392 congruentia
671 2323 923 2390 proferat.
956 2322 1190 2378 Refreua
1220 2323 1364 2377 illam
1391 2324 1552 2376 intus.
1577 2321 1774 2377 Verum
1800 2323 1884 2375 illa

292 2431 400 2470 non
433 2414 483 2469 id
513 2413 1016 2485 patitur?dentibus
1052 2415 1198 2470 illam
1242 2417 1462 2485 castiga,
1512 2416 1748 2485 ipsorum
1789 2429 1888 2468 ceu

293 2507 604 2564 carnificum
641 2509 844 2563 morsui
873 2507 1017 2562 illam
1051 2506 1268 2562 tradens
1301 2524 1315 2561 :
1349 2507 1541 2562 melius
1579 2506 1778 2575 quippe
1809 2513 1891 2558 est

295 2599 438 2653 illam
468 2613 608 2652 nunc
645 2608 954 2670 peccantem
983 2598 1234 2654 dentibus
1268 2597 1501 2654 morderi
1526 2639 1542 2664 ,
1574 2612 1734 2668 quam
1765 2606 1892 2654 tunc

293 2687 500 2744 aridam
527 2698 582 2744 et
609 2704 762 2760 aqua:
787 2691 985 2745 stillam
1025 2701 1356 2760 quaarentem
1403 2689 1492 2744 illa
1520 2689 1893 2746 consolatione

297 2778 516 2849 privari.
548 2779 606 2834 ln
638 2779 820 2834 multis
845 2794 978 2833 sane
1007 2779 1126 2834 aliis
1157 2794 1383 2847 peccare
1409 2779 1498 2834 illa
1521 2780 1679 2848 solet,
1703 2783 1892 2837 convi-

295 2873 394 2927 ciis
420 2887 634 2943 nempe,
665 2870 1034 2942 hlasphemiis,
1063 2871 1240 2926 verbis
1267 2871 1555 2938 obscoenis,
1587 2873 1892 2945 schphan-

299 2965 407 3029 tiis,
436 2965 775 3034 juramentis,
808 2962 1077 3032 perjuriis.

371 3057 425 3112 5.
470 3055 722 3108 Adversus
737 3055 956 3124 jurandi
983 3055 1410 3108 consuetudinarii.
1439 3085 1511 3096 -—
1535 3057 1638 3111 Sed
1670 3073 1736 3112 ne
1766 3073 1894 3112 eon-

299 3147 478 3202 fertim
530 3147 708 3199 omnia
761 3145 999 3200 dicentes
1062 3156 1295 3200 mentem
1359 3147 1747 3202 confundamus
1799 3165 1895 3202 vc-

301 3246 486 3301 stram,
535 3252 691 3290 unam
722 3236 871 3290 vobis
899 3235 1068 3306 legem
1113 3237 1358 3306 ponimus
1385 3237 1452 3292 de
1497 3238 1725 3292 vitandis
1748 3239 1895 3308 jura-

304 3330 522 3393 mentis,
557 3329 659 3383 hoc
689 3329 839 3382 vobis
869 3330 1290 3398 prmnuntiantes
1316 3339 1367 3382 et
1394 3330 1683 3388 edicentcs.
1717 3333 1759 3385 si
1790 3348 1892 3385 non

304 3421 466 3476 modo
514 3420 766 3489 perjuria,
798 3421 890 3474 scd
919 3421 1077 3475 etiam
1101 3419 1405 3490 juramenta
1435 3421 1503 3474 oh
1542 3422 1737 3490 justam
1767 3439 1894 3476 cau-

302 3529 417 3567 sam
451 3513 674 3582 prolata,
709 3529 813 3566 non
846 3512 1076 3581 fugiatis,
1111 3528 1195 3566 me
1225 3529 1328 3566 non
1355 3513 1496 3567 aliud
1525 3526 1893 3583 argumentum

306 3614 675 3659 tractaturum.
706 3603 838 3658 Nam
869 3603 1157 3658 absurdum
1201 3615 1363 3669 esset,
1393 3606 1458 3668 si,
1491 3605 1618 3659 dum
1669 3607 1896 3660 ludima-

304 3698 454 3768 gistri
503 3712 608 3750 non
663 3697 792 3749 alias
849 3699 1026 3765 pueris
1083 3697 1299 3750 tradunt
1350 3696 1678 3766 disciplinas,
1727 3698 1898 3752 donec

303 3791 519 3845 videant
569 3790 798 3860 priorem
840 3790 894 3844 in
947 3790 1182 3858 ipsbrum
1233 3790 1489 3844 memoria
1539 3790 1895 3860 pulchrehre-

307 3896 453 3947 rere,
483 3895 580 3934 nos
627 3897 745 3934 cum
777 3881 983 3950 priores
1031 3880 1340 3950 disciplinas
1368 3880 1601 3935 nondum
1633 3882 1898 3936 inculcare

309 3972 658 4039 potuerimus,
690 3972 886 4026 alteras
927 3971 1100 4025 denuo
1133 3972 1434 4039 ingeramus
1468 3989 1480 4024 :
1514 3972 1563 4024 id
1595 3972 1734 4026 enim
1767 3972 1896 4025 nihil

305 4062 447 4116 aliud
477 4072 614 4117 esset
644 4079 801 4132 quam
834 4064 886 4117 in
932 4076 1148 4132 pertuso
1177 4062 1319 4116 dolio
1369 4063 1598 4117 haurire.
1628 4063 1703 4117 Ne
1743 4064 1901 4133 igitur

307 4169 370 4208 os
394 4153 546 4207 nobis
585 4154 864 4219 claudatis,
899 4169 1142 4224 magnam
1195 4153 1268 4207 rei
1300 4169 1484 4207 curam
1527 4154 1736 4208 habete.
1767 4153 1898 4207 Nam

307 4259 468 4314 grave
515 4254 788 4314 peccatum
837 4251 956 4310 est,
997 4243 1391 4314 admodumque
1439 4259 1642 4315 grave:
1677 4244 1901 4314 ideoque

309 4337 595 4392 admodum
625 4351 808 4407 grave,
840 4337 964 4407 quia
993 4351 1097 4391 non
1145 4337 1354 4392 videtur
1374 4352 1536 4408 grave
1559 4352 1680 4393 esse
1710 4354 1726 4392 :
1754 4337 1901 4392 ideo-

311 4444 418 4500 que
445 4429 614 4498 ipsnm
643 4427 892 4493 formido,
924 4427 1046 4498 quia
1077 4443 1235 4482 nemo
1275 4426 1525 4483 fortnidat
1555 4445 1570 4484 :
1601 4427 1720 4483 ideo
1747 4428 1897 4483 incu~

309 4521 493 4577 rabilis
540 4522 778 4588 morbus,
819 4523 941 4591 quia
985 4521 1204 4576 morbus
1247 4536 1354 4576 non
1381 4535 1500 4578 esse
1528 4521 1773 4586 videtur;
1804 4520 1901 4577 sed

308 4613 756 4685 quemadmodum
785 4629 964 4668 sermo
992 4613 1220 4682 simplex
1255 4615 1458 4670 crimen
1487 4627 1593 4668 non
1619 4622 1718 4677 est,
1752 4613 1820 4666 ita
1847 4621 1904 4668 et

312 4705 417 4760 hoc
461 4705 662 4760 crimen
707 4721 828 4760 esse
873 4721 980 4760 non
1033 4704 1263 4771 videtur,
1291 4705 1386 4761 sed
1434 4705 1764 4761 confidenter
1802 4707 1902 4760 hoc

312 4795 519 4851 facinus
563 4796 905 4860 admittitur;
938 4796 982 4850 si
1029 4797 1147 4867 quis
1195 4812 1325 4852 vero
1367 4797 1672 4866 redarguat,
1722 4799 1900 4852 statim

312 4890 454 4943 risus
481 4899 535 4943 et
562 4887 806 4943 cachinni
837 4887 1064 4956 profusi,
1110 4903 1214 4942 non
1255 4889 1512 4943 adversus
1554 4905 1668 4956 eos,
1699 4890 1789 4960 qui
1815 4889 1904 4958 ju-

317 4991 554 5036 ramenta
581 4981 925 5052 redarguunt,
956 4981 1048 5035 sed
1090 4981 1348 5036 adversus
1377 4998 1491 5050 eos,
1537 4985 1625 5053 qui
1658 4984 1900 5038 morbum

313 5089 507 5130 curare
549 5074 752 5128 volunt.
808 5073 932 5127 ldco
983 5074 1194 5142 longum
1240 5073 1338 5127 hac
1380 5075 1448 5130 de
1489 5090 1548 5129 re
1600 5089 1901 5130 sermonem

316 5167 490 5220 habeo
525 5183 539 5220 :
568 5164 726 5218 altam
754 5166 894 5218 enim
941 5164 1170 5218 radicem
1219 5165 1449 5218 evellere
1495 5167 1672 5234 cupio,
1704 5175 1756 5220 ct
1785 5165 1904 5220 diu-

317 5269 530 5310 turnum
561 5255 741 5310 delere
788 5255 1018 5320 malum;
1050 5271 1153 5308 non
1186 5255 1412 5324 perjnria
1444 5256 1613 5310 solum
1640 5257 1780 5321 dico,
1810 5257 1902 5310 Sed

315 5356 370 5402 et
417 5348 717 5415 juramenta
765 5345 908 5414 juste
955 5347 1180 5415 prolata.
1235 5347 1322 5406 At,
1356 5345 1580 5412 inquies,
1633 5347 1717 5400 ille
1746 5346 1906 5400 homo

319 5439 614 5503 modestus,
661 5440 1011 5493 sacerdotium
1057 5453 1268 5508 gerens,
1319 5439 1402 5508 pie
1444 5450 1906 5509 temperantcrque

322 5531 529 5592 vivens,
567 5530 715 5598 "jurat
759 5538 951 5584 tamen.
996 5529 1073 5584 Ne
1099 5529 1226 5584 tnihi
1258 5530 1554 5584 modestum
1587 5531 1731 5583 illmn
1777 5531 1908 5586 alle-

319 5639 436 5692 ges,
484 5631 891 5691 temperantem,
927 5622 1089 5690 pium,
1141 5623 1193 5677 in
1238 5623 1538 5677 sacerdotio
1585 5623 1903 5693 degentem:

318 5713 416 5769 sed
457 5713 502 5768 si
529 5713 608 5766 vis
654 5729 790 5782 pone
843 5714 1055 5767 Petrum
1083 5729 1200 5768 esse
1247 5715 1330 5770 vel
1359 5715 1602 5780 Paulum,
1637 5715 1718 5767 vel
1748 5731 1910 5782 ange-

322 5809 451 5872 lum,
482 5806 570 5876 qui
597 5806 664 5861 de
694 5807 826 5863 caelo
861 5803 1197 5862 descenderit
1225 5823 1238 5860 :
1274 5823 1339 5865 ne
1369 5807 1444 5863 sic
1473 5808 1684 5878 quidem
1712 5823 1899 5878 perso-

1300 385 1394 440 ΑΙ)
1433 379 1942 440 ιιιωιιΝλΝῡοδ
1981 376 2410 434 CATECllESlS
2449 376 2488 432 Ι.

3451 377 3560 431 9.50

1973 505 2158 543 narum
2189 488 2495 558 dignitatem
2541 489 2840 559 respiciam.
2873 489 3004 544 Nam
3035 490 3206 561 legem
3234 506 3339 546 non
3388 498 3556 547 servi-

1973 580 2102 645 lem,
2137 580 2228 634 sed
2260 580 2579 634 dominicam
2610 581 2677 635 de
2708 580 3014 652 juramcnto
3045 583 3162 653 lego
3193 601 3206 636 :
3234 600 3354 638 cum
3386 595 3560 639 autem

1973 670 2309 739 imperatoria
2331 672 2529 740 scripta
2553 671 2816 740 leguntur,
2841 674 3012 727 omnis
3035 691 3306 728 servorum
3334 675 3560 746 dignitas

1975 764 2236 832 quiescat.
2270 762 2402 816 Nam
2449 764 2491 816 si
2522 763 2702 818 dicere
2752 775 2904 834 potes
2954 765 3222 820 Christum
3264 767 3566 835 juramenta

1976 857 2313 925 pra-cepisse,
2342 867 2432 909 aut
2456 855 2722 911 Christum
2774 859 2886 927 ipsa
2925 858 3156 913 admissa
3206 878 3312 916 non
3343 865 3557 928 ulcisci,

1977 946 2198 1001 ostende
2247 946 2396 1013 mihi,
2442 957 2492 1001 et
2525 962 2727 1001 morem
2772 964 2972 1017 geram.
3007 950 3158 1016 Quod
3186 951 3230 1004 si
3261 962 3404 1005 tanta
3434 968 3562 1007 cura

1981 1040 2151 1109 ipsum
2181 1049 2340 1102 vetat,
2373 1048 2427 1094 et
2458 1049 2656 1094 tantam
2684 1039 2840 1110 hujus
2870 1041 2946 1096 rei
2978 1042 3359 1111 providentiam
3403 1045 3563 1112 gerit,

1982 1141 2042 1183 ut
2071 1146 2189 1184 cum
2221 1131 2450 1200 maligno
2474 1129 2741 1199 jurantem
2765 1133 3057 1187 constituat
3081 1135 3098 1202 (
3121 1134 3268 1201 Quod
3297 1145 3465 1187 autem
3493 1135 3573 1188 his

1981 1220 2318 1276 abundantius
2357 1230 2450 1288 est,
2478 1222 2571 1286 ait,
2600 1237 2809 1292 nempe,
2839 1232 2911 1276 est
2959 1232 3014 1276 ct
3039 1241 3160 1290 non,
3188 1241 3218 1277 a
3246 1224 3447 1278 diabolo
3491 1234 3565 1276 est

1985 1308 2312 1386 [Matt/LM),
2339 1313 2462 1382 qttid
2487 1314 2614 1368 mihi
2643 1314 2785 1369 hunc
2813 1325 2868 1370 et
2897 1315 3044 1370 illum
3076 1317 3127 1370 in
3178 1317 3411 1372 medium
3446 1333 3569 1386 pro-

1985 1405 2135 1459 ducis
2157 1407 2177 1458 ?
2199 1405 2314 1459 Non
2346 1406 2488 1458 enim
2515 1421 2580 1460 ex
2609 1421 2988 1461 conservorum
3014 1407 3352 1476 negligentia,
3384 1411 3477 1463 sed
3509 1424 3573 1462 ex

1985 1493 2159 1564 legum
2188 1510 2406 1549 suarum
2451 1504 2740 1566 prazcepto,
2787 1495 2929 1550 hunc
2960 1496 3100 1552 Deus
3130 1497 3264 1551 feret
3291 1497 3573 1552 calculum.

1985 1585 2149 1652 Jussi,
2201 1586 2368 1655 inquit
2405 1603 2417 1638 :
2451 1585 2822 1656 obtemperare
2866 1587 3170 1657 oportebat,
3219 1603 3324 1641 non
3358 1588 3498 1642 hunc
3527 1597 3580 1643 et

1987 1680 2135 1734 illum
2165 1679 2516 1749 prmtenderc,
2548 1695 2720 1749 neque
2757 1680 2929 1733 aliena
2960 1680 3098 1733 mala
3143 1681 3406 1735 curiosius
3433 1681 3581 1737 inve-

1987 1771 2203 1840 stigare.
2237 1769 2676 1840 Quandoquidem
2722 1786 2946 1840 magnus
2993 1771 3082 1825 ille
3131 1770 3295 1826 David
3341 1773 3393 1826 in
3423 1789 3584 1841 grave

1992 1870 2266 1930 peccatum
2313 1861 2493 1930 lapsus
2540 1870 2621 1914 est
2649 1877 2663 1914 :
2692 1860 2916 1927 ideone,
2951 1875 3153 1930 qumso,
3201 1861 3316 1916 sine
3346 1863 3584 1932 periculo

1994 1968 2214 2022 peccare
2243 1951 2576 2022 poterimus?
2605 1951 2942 2022 Quapropter
2969 1951 3070 2008 hoc
3113 1967 3301 2008 cavere
3329 1963 3539 2023 Oportet
3567 1996 3582 2018 ,

1991 2054 2155 2114 atque
2185 2055 2328 2099 recta
2379 2053 2583 2099 tantum
2614 2054 2916 2099 sanctorum
2962 2055 3107 2116 gesta
3141 2047 3358 2100 imitari.
3403 2047 3585 2102 Sicubi

1996 2155 2125 2194 vero
2173 2139 2490 2210 negligentia
2536 2139 2618 2193 vel
2668 2140 3017 2210 transgressio
3063 2140 3194 2210 legis
3241 2149 3504 2207 occurrat,
3536 2141 3586 2195 id

1997 2246 2206 2284 summa
2259 2230 2614 2284 sollicitudine
2643 2229 2951 2300 fugiendum
2983 2239 3082 2286 est.
3131 2230 3246 2285 Non
3277 2233 3420 2286 enim
3464 2248 3586 2286 cum

1993 2323 2288 2388 conservis,
2311 2323 2404 2378 sed
2430 2339 2552 2378 cum
2581 2323 2806 2378 Domino
2831 2325 2967 2378 ratio
2994 2325 3146 2379 nobis
3176 2335 3277 2392 est,
3304 2342 3589 2397 rerumque

1997 2415 2047 2466 in
2075 2414 2179 2467 vita
2209 2424 2478 2484 gestarum
2505 2414 2739 2468 omnium
2771 2415 3030 2471 rationem
3053 2416 3151 2486 ipsi
3179 2417 3479 2472 reddemus.
3510 2419 3590 2472 Ad

1999 2504 2127 2560 illud
2155 2507 2332 2574 itaque
2363 2505 2594 2560 tribunal
2623 2520 2722 2560 nos
2751 2521 3110 2576 praeparemus
3134 2524 3148 2560 :
3173 2523 3294 2562 nam
3319 2518 3592 2579 quantum-

1999 2595 2081 2650 vis
2108 2595 2454 2651 admirantlus
2482 2605 2536 2652 et
2564 2611 2788 2668 magnus
2816 2598 2886 2651 sit
2915 2597 2960 2653 is
2987 2598 3077 2669 qui
3111 2599 3248 2653 hanc
3275 2599 3444 2670 legem
3476 2601 3591 2652 vio-

1997 2688 2090 2753 lat,
2117 2689 2354 2758 reposito
2383 2688 2505 2744 huic
2531 2690 2954 2759 prtevaricationi
2978 2693 3240 2762 supplicio
3263 2691 3402 2748 haud
3427 2692 3592 2749 dubie

1999 2781 2290 2849 plectetur:
2313 2796 2419 2835 non
2449 2780 2594 2836 enim
2621 2796 2878 2852 personas
2901 2783 3092 2852 accipit
3119 2783 3280 2838 Deus.
3311 2783 3595 2852 Quomodo

1999 2880 2177 2925 autem
2205 2887 2374 2940 quave
2402 2873 2607 2926 ratione
2634 2881 2808 2942 potest
2834 2874 2934 2928 hoc
2967 2883 3240 2943 peccaturo
3263 2875 3417 2929 vitari
3437 2875 3463 2929 ἲ
3488 2892 3594 2930 non

2000 2965 2144 3015 enim
2195 2977 2291 3030 par
2338 2971 2420 3016 est
2467 2978 2625 3030 quam
2672 2979 2833 3032 grave
2889 2964 2957 3018 sit
3009 2972 3282 3033 peccatum
3325 2965 3598 3023 dumtaxat

1999 3052 2302 3115 ostendere,
2355 3053 2448 3106 sed
2495 3054 2796 3118 consilium,
2845 3069 2951 3124 quo
2992 3056 3060 3109 ah
3090 3072 3154 3109 eo
3186 3057 3396 3111 liberari
3428 3059 3600 3128 ρος,δί-

2002 3160 2121 3198 mus
2141 3145 2367 3212 aperire.
2392 3144 2485 3198 Est
2505 3145 2594 3197 tibi
2633 3146 2846 3214 conjux,
2872 3157 2994 3200 sunt
3016 3148 3110 3202 tibi
3133 3149 3242 3213 filii,
3267 3160 3348 3203 est
3368 3151 3592 3217 amicus,

2001 3246 2278 3307 cognatus,
2304 3235 2508 3292 vicinus
2539 3255 2552 3288 :
2588 3237 2670 3291 his
2695 3239 2942 3292 omnibus
2967 3239 3100 3293 hanc
3126 3257 3288 3310 super
3315 3241 3396 3295 his
3417 3254 3598 3296 θυεία-

2002 3329 2143 3381 diam
2191 3331 2472 3382 demamla.
2505 3329 2690 3384 Gravis
2737 3345 2823 3384 res
2869 3339 2953 3384 est
2999 3332 3349 3399 consuetudo,
3381 3333 3596 3389 difficile

2003 3430 2086 3475 est
2114 3437 2231 3475 eam
2260 3421 2325 3474 de
2353 3421 2528 3475 medio
2560 3421 2764 3482 tollere,
2796 3421 3018 3474 arduum
3048 3433 3128 3476 est
3156 3425 3223 3477 ab
3252 3425 3334 3478 illa
3365 3440 3554 3480 cavere
3577 3465 3596 3493 ,

2003 3514 2198 3568 invitos
2227 3529 2368 3585 strpe
2415 3524 2467 3568 et
2517 3515 2880 3583 imprudentes
2927 3515 3147 3569 invadit.
3196 3517 3358 3585 Igitur
3400 3529 3600 3588 quanto

2003 3608 2258 3676 majorem
2285 3608 2420 3660 nosti
2447 3610 2551 3659 vim
2575 3607 2994 3670 consuetudinis,
3021 3616 3167 3661 tanto
3189 3610 3356 3679 magis
3377 3626 3404 3662 a
3430 3626 3590 3678 prava

2003 3699 2390 3754 consuetudine
2440 3700 2649 3753 liberari
2680 3708 2859 3769 satage
2884 3708 2939 3754 et
2984 3699 3050 3753 ad
3080 3701 3234 3754 aliam
3268 3702 3598 3756 utilissimam

2007 3800 2056 3844 te
2085 3794 2329 3844 transfer.
2366 3789 2822 3857 Quemadmodum
2869 3792 3010 3844 cnim
3046 3801 3096 3845 te
3141 3792 3283 3846 illam
3325 3804 3597 3847 curantem

2006 3899 2171 3951 saepe,
2204 3883 2270 3935 ab
2299 3883 2381 3934 illa
2411 3891 2691 3936 caventem
2731 3891 2886 3950 teque
2915 3882 3139 3935 sollicite
3167 3883 3552 3938 custodientem
3583 3926 3598 3946 ,

2008 3976 2176 4044 potuit
2221 3973 2583 4041 supplantare,
2615 3974 2682 4026 ita
2723 3974 2766 4025 si
2815 3981 2864 4026 te
2918 3976 2968 4025 in
3014 3972 3205 4025 bonam
3237 3989 3344 4026 non
3389 3976 3600 4042 jurandi

2005 4065 2442 4118 consuetudinem
2495 4062 2802 4127 transferas,
2847 4078 2945 4117 nec
2992 4063 3186 4117 invitus
3216 4081 3461 4134 umquam
3505 4081 3603 4120 nec

2008 4171 2194 4210 socors
2250 4155 2448 4225 poteris
2490 4155 2540 4207 in
2567 4153 2856 4224 jurameuti
2905 4153 3109 4222 lapsum
3159 4152 3376 4210 deferri.
3415 4155 3601 4225 Magna

2007 4249 2188 4317 utique
2227 4263 2314 4300 res
2350 4247 2698 4310 consuetudo,
2745 4263 2863 4316 qua:
2909 4255 3112 4299 natura:
3159 4245 3264 4300 vim
3315 4246 3492 4302 habet.
3523 4247 3603 4303 Ne

2011 4340 2169 4409 igitur
2196 4338 2247 4392 id
2289 4337 2594 4409 frequenter
2633 4353 2872 4408 agamus,
2907 4338 2958 4392 in
3001 4339 3159 4392 aliam
3189 4353 3286 4393 nos
3309 4349 3599 4396 consuetu-

2007 4429 2188 4485 dinem
2222 4429 2602 4484 transferamus
2633 4445 2701 4484 :a
2728 4429 2951 4500 singulis
2981 4439 3157 4485 tecum
3204 4430 3504 4489 viventibus
3547 4442 3606 4490 et

2007 4523 2342 4578 versantibus
2396 4523 2533 4576 hanc
2577 4523 2800 4592 gratiam
2851 4523 3078 4591 pustula,
3121 4530 3180 4578 ut
3222 4532 3274 4579 te
3323 4523 3604 4580 hortentur

2007 4623 2168 4683 atque
2197 4614 2449 4669 inducant
2475 4612 2542 4666 ad
2593 4612 2862 4668 vitandum
2887 4613 3266 4683 juramentum,
3297 4615 3604 4687 deprchen-

2009 4722 2126 4762 sum
2153 4717 2394 4777 arguant.
2435 4706 2567 4761 Nam
2594 4723 2778 4762 eorum
2824 4707 2965 4762 circa
2998 4717 3051 4760 te
3079 4709 3318 4763 custodia
3353 4711 3436 4764 vel
3471 4711 3600 4779 ipsis

2010 4799 2292 4854 consilium
2322 4808 2375 4852 ct
2403 4798 2705 4852 adhortatio
2749 4807 2832 4853 est
2856 4800 2921 4853 ad
2967 4811 3110 4855 recte
3140 4802 3422 4870 agendum.
3467 4802 3599 4855 Nam

2009 4891 2097 4958 qui
2121 4890 2348 4944 alterum
2371 4889 2437 4943 de
2458 4889 2760 4958 juramenta
2799 4902 3032 4955 accusat,
3078 4906 3181 4944 non
3212 4891 3364 4945 facile
3408 4893 3520 4962 ipse
3553 4895 3603 4948 in

2011 4979 2112 5034 hoc
2135 4980 2442 5035 barathrum
2485 4981 2700 5034 incidet.
2736 4980 3050 5034 Barathrum
3076 4984 3215 5034 enim
3247 4999 3350 5036 non
3383 4999 3602 5052 parvmn

2012 5083 2094 5128 est
2139 5072 2351 5142 jurandi
2410 5072 2726 5140 frequentia,
2760 5086 2863 5123 non
2913 5072 3070 5124 modo
3101 5088 3221 5126 cum
3261 5073 3327 5128 de
3371 5077 3606 5131 minimis

2012 5165 2191 5230 rebus,
2213 5166 2306 5219 sed
2335 5179 2454 5218 cum
2476 5164 2541 5218 de
2563 5163 2809 5216 maximis
2824 5165 3013 5232 agitur.
3033 5164 3138 5218 Nos
3158 5175 3333 5220 autem
3354 5169 3434 5222 vel
3461 5169 3606 5223 olera

2011 5267 2272 5322 ementes,
2295 5255 2448 5308 valde
2468 5254 2534 5308 de
2550 5255 2756 5308 duobus
2778 5254 2945 5308 obelis-
2963 5257 3340 5326 disceptantes,
3361 5260 3412 5313 in
3440 5261 3604 5314 famu-

2013 5350 2093 5404 los
2116 5350 2189 5403 ira
2215 5349 2465 5405 commoti
2493 5358 2543 5402 et
2569 5351 2974 5417 comminantes,
3007 5353 3170 5406 llemn
3200 5372 3412 5422 semper
3442 5356 3599 5409 advo-

2013 5457 2196 5495 camus
2227 5452 2436 5496 testem.
2469 5440 2745 5495 llomincm
2777 5442 2992 5510 quidem
3045 5446 3329 5514 ingenuum
3381 5449 3460 5501 vel
3503 5448 3600 5501 levi

2014 5531 2269 5602 dignitate
2309 5531 2608 5600 prwditum,
2638 5532 2704 5586 ad
2732 5533 3031 5602 hujusmodi
3078 5551 3162 5590 res
3195 5537 3242 5588 in
3274 5536 3388 5590 foro
3418 5547 3602 5591 testem

2014 5624 2275 5679 advocare
2297 5639 2400 5678 non
2423 5625 2607 5690 audes,
2643 5626 2722 5680 vel
2755 5628 2798 5680 si
2824 5628 3042 5692 audeas,
3066 5631 3400 5682 contumelia:
3425 5646 3606 5698 ραιιιειε

2015 5716 2203 5780 dabis;
2250 5715 2500 5770 mulorum
2548 5725 2725 5769 autem
2767 5717 2963 5787 Regem
2993 5729 3047 5771 et
3075 5719 3382 5787 angelorum
3434 5721 3608 5773 Domi-

2018 5827 2168 5878 ntnn,
2215 5811 2327 5865 sive
2372 5809 2440 5865 de
2486 5811 2784 5878 venalibus,
2834 5813 2944 5868 sive
2985 5811 3052 5866 de
3097 5811 3355 5881 pecnniis,
3386 5813 3500 5872 sive
3545 5815 3612 5864 de
