4066 6456
970 21 987 27 ν

0 774 11 877 ξ

0 884 11 997 ξ

2 1010 11 1059 ἱ

0 1078 11 1091 .

0 1112 13 1139 ‘l'

0 1144 13 1247 ἐ

6 1254 15 1323 ‘E

0 1342 14 1373 ,ι

0 1396 13 1443 i

2 1476 11 1513 ἐ

535 437 631 492 23!
1245 431 1304 487 S.
1342 428 1623 487 JOANNlS
1655 425 2138 484 CHRYSOSTOMI
2180 423 2498 482 ARClllEP.
2525 423 3057 485 CONSTANTINOP.
3726 436 3850 492 232

539 548 771 606 minimis
820 545 983 602 rebus
1027 555 1332 600 sermonem
1381 539 1612 604 habeas,
1660 539 1714 595 in
1762 538 2127 596 testimonium

539 641 742 706 trahis;
774 638 1010 693 h:ecciue
1057 632 1317 690 ferenda?
1345 631 1624 700 Quomodo
1679 631 1971 701 poterimus
1999 642 2128 700 ergo

535 732 603 787 ab
639 730 741 784 hac
765 729 902 784 mala
928 724 1317 784 consuetudine
1345 723 1599 779 liberari?
1623 723 1679 777 Si
1704 722 1974 787 custodes,
1997 737 2131 792 quos

533 823 666 885 dixi,
709 821 851 874 circa
896 833 992 874 nos
1031 832 1316 889 ponamus,
1351 824 1667 885 tempusque
1711 814 1864 871 nobis
1909 815 2038 883 ipsis
2062 812 2129 868 ad

537 910 931 981 correptiouem
961 906 1371 972 constituamus,
1403 920 1722 976 poenamque
1748 903 1899 959 nobis
1925 902 2130 958 indica-

532 1016 675 1068 ntus,
702 1003 747 1057 si
769 1001 954 1074 elapso
974 1008 1215 1069 tempore
1231 1013 1338 1054 non
1358 997 1625 1052 emendati
1646 996 1925 1051 fuerimus.
1947 995 2132 1064 Quod-

533 1109 656 1149 nam
688 1102 899 1165 tempus
923 1090 990 1145 ad
1041 1090 1146 1145 hoc
1185 1090 1319 1144 satis
1360 1088 1507 1143 erit?
1547 1087 1662 1143 Non
1703 1096 1830 1158 puto
1877 1101 1992 1153 eos,
2040 1087 2131 1156 qui

532 1186 823 1242 admodum
885 1184 1108 1255 vigilant
1159 1196 1375 1253 suaeque
1427 1179 1677 1236 curanda:
1727 1180 1886 1234 saluti
1942 1179 2131 1234 intenti

533 1288 682 1341 sunt,
716 1279 835 1348 plus
860 1276 1047 1332 decem
1093 1274 1282 1329 diebus
1308 1288 1442 1343 opus
1475 1273 1693 1337 habere,
1722 1280 1779 1324 ut
1809 1286 1838 1323 a
1881 1269 2016 1324 mala
2041 1269 2129 1338 ju-

533 1379 901 1425 ramentorum
927 1365 1312 1422 consuetudine
1360 1378 1578 1434 prorsus
1623 1362 1932 1416 liberentur.
1978 1360 2132 1430 Quod

536 1463 582 1517 si
618 1472 737 1531 post
783 1460 904 1515 illos
949 1458 1138 1514 decem
1193 1457 1309 1512 dies
1348 1456 1593 1525 jurantes
1619 1452 2089 1524 deprehendamur
2112 1493 2129 1521 ,

538 1566 751 1622 pmnam
796 1549 951 1605 nobis
979 1549 1389 1612 constituamus,
1423 1545 1818 1600 damnationem
1845 1553 1901 1599 et
1927 1544 2130 1617 suppli-

2234 537 2377 592 cium
2424 552 2524 609 pro
2551 540 2990 609 pmaricatione
3034 541 3347 600 maximum.
3376 544 3547 615 Quam
3572 565 3701 608 vero
3734 554 3841 607 da-

2238 628 2609 684 mnationem?
2638 629 2694 685 ld
2722 645 2828 687 non
2865 647 2965 703 ego
2990 629 3262 704 definiam,
3309 636 3406 692 sed
3434 653 3528 694 vos
3552 646 3844 699 sententia:

2235 718 2483 776 dominos
2507 722 2799 778 constituo.
2826 721 2918 779 Sic
2944 738 3030 790 ea,
3055 741 3175 797 qua:
3196 741 3296 783 nos
3320 740 3586 800 spectant,
3615 732 3841 805 dispen-

2234 825 2438 875 semus,
2487 828 2591 868 non
2643 813 2805 870 modo
2851 816 2992 872 circa
3037 816 3362 888 jurameuta,
3409 823 3504 879 sed
3542 824 3685 882 circa
3730 827 3841 885 alia

2235 903 2488 970 qutclihet
2532 903 2767 970 delicta;
2815 921 2881 963 ac
2943 916 3154 980 tempus
3199 910 3354 967 nobis
3406 916 3839 987 constituentes,

2235 997 2566 1067 gravissimis
2595 999 2862 1072 deputatis
2891 1003 3087 1073 paruis,
3119 1004 3163 1059 si
3194 1005 3482 1076 aliquando
3508 1009 3559 1063 in
3600 1025 3661 1065 ea
3693 1011 3841 1067 ioci-

2235 1088 2445 1155 damus,
2493 1093 2608 1160 puri
2635 1092 2701 1146 ad
2748 1093 3033 1148 Dominum
3081 1107 3323 1151 nostrum
3354 1099 3696 1166 accedemus,
3726 1113 3783 1157 et
3810 1119 3842 1157 a

2235 1180 2479 1251 gehenna
2507 1182 2643 1253 ignis
2669 1183 3031 1250 Iiberabimur,
3066 1186 3395 1260 tidenterque
3421 1192 3682 1249 stab‘mus
3712 1204 3846 1251 ante

2238 1272 2467 1328 tribunal
2513 1274 2710 1330 Christi
2745 1293 2758 1330 :
2790 1277 2930 1347 quod
2972 1293 3071 1332 nos
3099 1280 3315 1350 assequi
3346 1282 3640 1355 contingat,
3669 1287 3845 1355 gratia

2237 1373 2292 1419 et
2336 1364 2658 1436 benignitate
2702 1366 2914 1424 Domini
2970 1371 3136 1425 nostri
3186 1369 3313 1427 Jesu
3356 1371 3574 1440 ChriSti,
3619 1376 3847 1446 quicum

2239 1454 2381 1510 Patri
2411 1457 2581 1527 gloria
2611 1473 2717 1514 una
2747 1474 2867 1515 cum
2899 1460 3100 1531 Spiritu
3125 1472 3333 1529 sancto,
3366 1463 3418 1519 in
3444 1468 3639 1521 szccula
3663 1482 3850 1524 saecu-

2238 1545 2434 1603 lorum.
2463 1551 2654 1606 Amen.

1647 1677 3841 1712 ___.—____.________________

1596 1752 2574 1867 CATECHESIS
2643 1762 2789 1869 II

539 1982 622 2025 ΑΒ
665 1976 1157 2033 ιιιυιιιιιηυοε,
1204 1976 1285 2020 ΕΤ
1327 1975 1411 2019 νε
1452 1974 1842 2021 υυιῙΕΒιΒΠΩ
1884 1974 1961 2019 ΒΕ
1999 1973 2148 2019 TOR'l

2268 1977 2561 2026 CBINIBUS
2602 1983 2686 2028 ΕΤ
2751 1987 2927 2032 Αυιο
2964 1988 3387 2048 οιιυκτιιιυσ,
3434 1995 3517 2039 ΕΤ
3558 1997 3641 2042 ιιι
3681 1999 3852 2044 δια-

615 2052 925 2127 τηιέηοε
965 2076 1316 2131 ΥΔΤΙΟΙΝΙΔ,
1360 2075 1482 2119 νει.
1523 2074 1897 2133 ιιθλτυιιιε,
1943 2075 2065 2120 νει.
2114 2076 2618 2128 ιΝοΑητλσι-ιοιιιη
2661 2086 2680 2128 3
2723 2085 2869 2140 QUI
2935 2089 3183 2136 ουκ-η
3236 2094 3274 2137 Δ
3346 2094 3852 2147 οιιιιιετιιηιειο

615 2183 778 2228 δοκι*
819 2179 1074 2226 Αιιειιλ.

1966 2298 2411 2340 meum

614 2451 666 2504 1.
694 2449 873 2519 Nuper
896 2446 1159 2502 dictorum
1188 2442 1331 2513 apud
1373 2440 1649 2497 caritatem
1675 2449 1910 2497 vestram
1933 2439 2143 2498 fructus

540 2561 571 2599 a
602 2543 754 2599 vobis
783 2540 1110 2609 repetiturus
1151 2535 1341 2591 adventi
1376 2552 1391 2589 :
1424 2548 1534 2590 non
1563 2535 1709 2589 enim
1746 2543 2030 2603 propterea
2061 2534 2137 2588 lo-

540 2640 776 2709 quimur,
824 2644 876 2690 ut
914 2642 1119 2687 tantum
1161 2627 1417 2690 audiatis,
1443 2641 1630 2681 verum
1676 2633 1737 2680 ιιι
1774 2634 1833 2680 et
1876 2624 2144 2679 dictorum

546 2728 863 2786 memoriam
912 2722 1158 2782 servetis.
1203 2729 1261 2775 et
1290 2735 1385 2789 per
1428 2732 1593 2787 opera
1635 2716 1790 2772 nobis
1831 2715 2145 2771 memoriam

542 2818 961 2881 demonstretis;
991 2815 1101 2869 imo
1144 2826 1275 2867 vero
1316 2825 1421 2866 non
1456 2808 1631 2874 nobis,
1661 2807 1756 2864 sed
1788 2809 1900 2864 Deo
1940 2808 2138 2864 mentis

545 2928 739 2971 arcana
775 2910 984 2966 scienti.
1036 2908 1325 2977 l‘rnpterea
1368 2912 1424 2959 et
1450 2903 1768 2969 cateehesis,
1799 2902 1851 2957 id
1880 2913 1962 2959 est
1993 2902 2149 2956 insti-

553 3008 707 3072 tutio,
755 3005 970 3067 dicitur,
1002 3009 1064 3056 ut
1104 3009 1159 3056 et
1199 2998 1510 3053 absentibus
1539 2997 1694 3051 nobis
1738 3009 1920 3050 sermo
1970 3006 2152 3050 noster

546 3109 754 3155 mentes
797 3106 1004 3151 vestras
1050 3094 1308 3149 instituat.
1340 3091 1406 3146 Et
1448 3106 1515 3146 ne
1544 3089 1836 3156 miremini,
1866 3089 1910 3144 si
1962 3090 2148 3144 decent

544 3193 738 3250 diebus
769 3200 979 3248 tantum
1010 3186 1294 3243 transactis
1317 3185 1584 3241 seminum
1631 3183 1832 3238 fruetus
1875 3181 2150 3253 repetituri

545 3285 791 3341 venimus
827 3282 1072 3340 :etonim
1120 3280 1208 3336 die
1261 3294 1365 3334 una
1418 3278 1544 3333 licet
1595 3277 1794 3349 pariter
1840 3285 1897 3332 et
1944 3275 2149 3330 semina

543 3392 799 3449 spargere
826 3384 878 3432 et
910 3388 1142 3430 messem
1190 3374 1364 3427 facere
1396 3388 1411 3425 :
1443 3385 1549 3425 non
1579 3370 1721 3424 enim
1767 3367 1983 3439 prepria
2027 3375 2148 3422 tan-

547 3481 661 3525 tum
690 3470 904 3530 virtute,
937 3481 1125 3520 verum
1154 3475 1211 3518 et
1254 3463 1440 3518 divino
1465 3462 1663 3516 auxilio
1691 3460 1949 3527 roborati,
1979 3460 2058 3515 sic
2083 3461 2149 3515 ad

552 3562 847 3619 certamina
875 3573 1149 3612 vocamur.
1180 3555 1515 3625 Quicumque
1545 3553 1705 3624 igitur
1727 3552 1869 3608 dicta
1900 3567 2154 3621 suscepe-

552 3663 683 3711 runt
708 3663 763 3709 et
794 3668 889 3722 per
912 3665 1076 3719 Opera
1103 3649 1480 3718 impleverunt,
1508 3654 1761 3701 maneant
1786 3661 1847 3701 se
1864 3645 2154 3701 extenden-

553 3755 637 3800 tes
656 3746 708 3799 in
738 3743 1031 3798 anteriora.
1057 3741 1393 3810 Quicumque
1420 3754 1546 3794 vero
1574 3736 1766 3793 bonam
1792 3738 1927 3793 hanc
1957 3753 2151 3808 opera-

555 3839 755 3892 tionem
812 3835 1046 3890 nondum
1099 3832 1422 3903 attigerunt,
1474 3830 1585 3900 jam
1637 3830 1927 3901 attingant,
1981 3839 2039 3885 ut
2086 3845 2152 3885 ex

557 3940 776 3998 torpore
805 3935 982 3981 natam
1014 3925 1410 3980 damnationem
1443 3921 1620 3977 futuro
1644 3921 1821 3978 studio
1861 3921 2147 3992 repellant.

559 4021 706 4076 Licet
731 4021 898 4085 enim,
926 4020 1072 4083 licet,
1106 4018 1344 4088 inquam,
1376 4031 1499 4072 eum
1524 4017 1614 4087 qui
1659 4016 1882 4071 multum
1913 4015 2110 4085 torpuit
2134 4055 2151 4081 ,

559 4123 679 4183 post
707 4113 822 4168 hanc
845 4110 1114 4181 diligentia
1139 4108 1359 4172 utendo,
1383 4107 1639 4177 prmteriti
1661 4107 1918 4176 temporis
1940 4120 2154 4161 omnem

557 4209 758 4263 sarcire
779 4204 1062 4274 iacturam.
1094 4203 1298 4256 ltlcit‘Cu
1325 4200 1520 4255 dicitur
1551 4218 1566 4255 :
1601 4198 1768 4255 Hodie
1786 4200 1832 4254 si
1858 4216 2026 4255 vorem
2046 4201 2157 4271 eius

553 4300 837 4363 audieritis,
856 4298 1011 4352 nolite
1022 4296 1272 4350 obdurare
1293 4293 1449 4348 corda
1474 4303 1637 4348 vestra
1662 4294 1791 4348 sicut
1810 4294 1863 4347 in
1892 4293 2158 4348 exacerba-

556 4398 692 4450 tione
732 4392 904 4467 (Psut.
959 4390 1048 4445 94.
1082 4390 1161 4459 8).
1196 4389 1308 4444 Hoc
1354 4398 1533 4444 autem
1583 4387 1733 4452 dicit,
1781 4387 2077 4443 admonens
2103 4397 2159 4442 et

560 4487 850 4543 consulens
882 4498 1169 4553 numquam
1217 4481 1524 4551 desperare,
1572 4481 1671 4537 sed
1715 4482 1889 4537 donec
1931 4481 2018 4537 hic
2063 4496 2158 4538 su-

562 4592 705 4643 mus,
729 4578 920 4632 bonam
945 4574 1146 4628 habere
1169 4588 1319 4642 spem
1343 4582 1399 4629 et
1424 4574 1693 4628 anteriora
1722 4572 2157 4643 apprehendendi

561 4681 618 4727 et
648 4669 887 4726 bravium
912 4682 1157 4736 superum
1182 4666 1274 4720 Dei
1303 4666 1597 4721 vocationis
1626 4667 1978 4737 persequendi
2006 4666 2162 4733 (Phi-

563 4764 694 4833 lipp.
743 4760 798 4817 3.
834 4756 943 4831 14).
984 4756 1097 4813 Hoc
1141 4756 1300 4828 igitur
1339 4755 1616 4825 faciamus,
1666 4766 1721 4813 et
1751 4773 1956 4829 magna:
2000 4758 2160 4826 hujus

565 4853 869 4909 donationis
894 4851 1110 4905 nomina
1131 4851 1492 4921 exquiramus.
1520 4849 1672 4906 Sicut
1693 4848 1834 4905 enim
1856 4850 1983 4905 dum
2013 4851 2162 4920 igno-

569 4956 717 5000 ratur
739 4943 1012 5015 dignitatis
1042 4942 1369 5013 magnitudo,
1410 4941 1687 5010 segniores
1711 4949 1835 4995 sunt
1862 4941 1898 4996 ii
1942 4942 2030 5012 qui
2059 4941 2159 4995 ho-

570 5035 970 5092 noranturzita
1001 5034 1047 5089 si
1101 5043 1373 5096 noscatur,
1426 5041 1608 5102 gratos
1660 5032 1837 5087 reddit
1887 5043 1943 5088 et
1992 5034 2161 5104 magis

568 5130 841 5184 studiosos
867 5125 1052 5181 efﬁcit.
1083 5125 1332 5196 Alioquin
1371 5133 1425 5179 et
1454 5132 1605 5192 turpe
1635 5133 1775 5178 esset
1798 5131 1853 5178 et
1881 5124 2159 5179 ridiculum

565 5230 719 5277 tanto
761 5221 1026 5289 patientes
1062 5216 1201 5287 apud
1251 5217 1415 5271 Deum
1467 5214 1692 5280 honore,
1740 5230 1840 5270 nec
1868 5217 2008 5272 scire
2035 5216 2159 5287 quid

567 5314 734 5386 ipsius
762 5309 976 5367 tandem
1009 5310 1223 5364 nomina
1266 5307 1568 5378 signiﬁcare
1597 5306 1780 5361 velint.
1831 5307 1896 5363 Et
1938 5307 2064 5379 quid
2093 5307 2162 5363 de

571 5405 676 5462 hoc
703 5416 927 5460 munere
963 5401 1126 5456 dico?
1149 5401 1194 5455 si
1233 5400 1375 5453 enim
1420 5414 1706 5455 commune
1754 5400 1964 5469 generis
1995 5399 2163 5454 nostri

569 5511 768 5552 nomen
790 5491 1129 5564 cogitaveris,
1158 5489 1442 5545 maximam
1485 5489 1552 5545 ad
1580 5491 1827 5545 virtutem
1872 5492 2051 5561 capies
2078 5490 2165 5545 die

568 5587 849 5659 sciplinam
880 5592 936 5639 et
958 5581 1405 5638 exhortationem.
1437 5579 1550 5637 lloc
1573 5582 1717 5637 enim
1743 5596 1959 5648 nomen,
1990 5582 2159 5647 homo,

570 5695 670 5736 nos
699 5696 805 5736 non
834 5677 1127 5734 secundum
1152 5685 1407 5733 externos
1431 5675 1738 5744 deﬁnimus,
1768 5676 1860 5732 sed
1901 5686 1959 5731 ut
1985 5675 2163 5730 divina

567 5773 732 5841 jussit
759 5770 1056 5838 Scriptura.
1085 5768 1221 5825 Nam
1265 5767 1428 5823 homo
1450 5783 1556 5824 non
1585 5777 1667 5824 est
1691 5768 2010 5838 quicumque
2031 5766 2166 5822 sitn-

574 5864 784 5932 piiciter
813 5875 1005 5915 manus
1030 5861 1190 5916 habet
1211 5868 1264 5914 et
1294 5861 1456 5931 pedes
1489 5859 1773 5928 humanos,
1802 5875 1901 5918 nec
1925 5860 2168 5932 quicum-

2249 2460 2356 2515 que
2383 2457 2591 2503 tantum
2616 2451 2889 2507 rationalis
2911 2463 3028 2520 est;
3055 2455 3150 2512 sed
3170 2457 3492 2531 quicumque
3519 2461 3765 2532 pietatem
3788 2474 3852 2521 et

2251 2538 2503 2595 virtutem
2530 2556 2653 2597 cum
2682 2543 2873 2600 ﬁducia
2920 2557 3163 2602 exercet.
3197 2548 3334 2605 Audi
3366 2564 3596 2623 namque
3619 2554 3744 2624 quid
3774 2555 3852 2610 de

2247 2628 2351 2685 Job
2373 2630 2522 2687 dicit.
2542 2633 2687 2689 Cum
2715 2636 2859 2689 enim
2889 2636 3121 2693 dixisset
3163 2639 3305 2710 quod
3348 2637 3416 2695 In
3446 2650 3583 2697 terra
3610 2643 3848 2699 Assitide

2255 2722 2406 2777 homo
2430 2734 2559 2792 erat,
2589 2739 2694 2780 non
2719 2741 2786 2781 ex
2816 2728 2883 2783 iis
2909 2743 3033 2783 eum
3058 2729 3318 2786 describit
3361 2732 3625 2800 terminis,
3653 2735 3854 2805 quibus

2252 2812 2476 2880 ethnici,
2528 2831 2629 2871 nec
2656 2816 2760 2873 hoc
2802 2817 2955 2882 dicit,
3003 2820 3145 2890 quod
3193 2821 3330 2877 duos
3357 2823 3520 2893 pedes
3548 2823 3855 2881 haberetet

2256 2922 2460 2978 ungues
2489 2908 2625 2966 latos
2655 2929 2670 2979 ;
2699 2912 2793 2967 sed
2839 2912 3033 2968 indicia
3078 2915 3293 2986 pietatis
3323 2916 3466 2972 illius
3495 2918 3741 2987 praebens
3767 2918 3854 2973 di-

2254 3001 2428 3065 cebat,
2456 3001 2660 3070 Justus,
2692 3021 2861 3072 verax,
2888 3007 3063 3062 colens
3094 3007 3281 3075 Deum,
3325 3010 3578 3065 abstinens
3619 3012 3685 3065 ab
3711 3014 3855 3067 enini

2259 3093 2396 3147 rnatu
2434 3110 2490 3148 re
2520 3092 2640 3165 (Job
2671 3096 2722 3151 1.
2751 3097 2831 3169 1),
2858 3098 3235 3155 demonstrans
3259 3101 3400 3171 quod
3436 3101 3537 3158 hoc
3560 3112 3639 3157 est
3667 3103 3852 3171 homo,

2254 3187 2399 3242 sicut
2449 3188 2653 3244 scilicet
2681 3201 2737 3244 et
2789 3191 2927 3246 alius
2967 3193 3159 3258 inquit,
3210 3192 3372 3247 Deum
3414 3193 3564 3261 time,
3608 3205 3658 3248 et
3694 3196 3857 3266 ipsius

2255 3280 2495 3334 mandata
2524 3282 2741 3346 custodi,
2785 3284 3022 3353 quoniam
3050 3284 3146 3338 hoc
3171 3293 3245 3339 est
3285 3287 3451 3340 omnis
3477 3286 3626 3340 homo
3655 3284 3854 3358 (Eccle.

2257 3370 2345 3425 l2.
2378 3370 2490 3445 13).
2522 3371 2580 3428 Si
2604 3384 2782 3429 autem
2812 3376 2914 3430 hoc
2943 3390 3135 3431 nomen
3167 3376 3328 3432 homo
3354 3378 3565 3433 tantam'
3580 3379 3648 3433 ad
3680 3380 3855 3434 virtu-

2259 3474 2366 3520 tem
2398 3465 2600 3535 prtcbet
2627 3466 3078 3537 exhortationem,
3110 3470 3277 3525 multo
3304 3470 3473 3541 magis
3494 3471 3643 3537 illud,
3667 3472 3855 3539 ﬁdelis.

2254 3555 2454 3611 Fidelis
2478 3557 2620 3612 enim
2653 3557 2775 3613 ideo
2803 3560 3012 3615 vocaris
3032 3603 3045 3627 ,
3080 3560 3330 3631 quoniam
3363 3571 3417 3618 et
3442 3563 3620 3618 credis
3648 3563 3779 3629 Deo,
3802 3573 3861 3621 et

2256 3648 2326 3704 ab
2370 3664 2438 3704 eo
2486 3649 2742 3705 creditam
2790 3651 2905 3722 ipse
2945 3653 3206 3722 justitiam
3245 3653 3434 3722 habes,
3478 3656 3858 3722 sanctitatem,

2257 3740 2573 3795 munditiam
2622 3742 2834 3808 animae,
2889 3744 2942 3798 in
2991 3744 3157 3799 lilium
3210 3745 3575 3816 adoptionem.
3628 3765 3851 3821 regnum

2255 3831 2534 3897 (sclorum,
2562 3843 2615 3888 et
2641 3832 2759 3889 haec
2784 3835 2881 3890 tibi
2927 3836 3344 3892 commendavit.
3372 3838 3453 3893 Tu
3478 3837 3712 3894 vicissim
3758 3842 3859 3910 ipsi

2256 3922 2358 3977 alia
2382 3922 2659 3980 credidisti
2677 3934 2731 3979 et
2751 3926 3163 3994 commendasti,
3192 3928 3616 4001 eleemosynam,
3646 3945 3856 3999 preces,

2264 4013 2581 4069 modestiam
2627 4024 2684 4072 et
2709 4032 2923 4073 omnem
2969 4018 3128 4073 aliam
3156 4020 3427 4078 virtutem.
3473 4021 3541 4076 Et
3582 4023 3707 4093 quid
3737 4022 3862 4078 dico

2258 4105 2700 4178 eleemosynam'!
2727 4108 2772 4164 si
2804 4109 2885 4164 vel
2934 4109 3181 4182 frigidum
3209 4112 3307 4180 ipsi
3347 4112 3557 4168 dederis
3583 4113 3858 4185 poculum,

2262 4212 2365 4253 nec
2392 4197 2493 4253 hoc
2525 4200 2737 4256 amittes
2785 4200 2997 4272 (Matth.
3048 4201 3137 4258 10.
3169 4204 3282 4277 ιε),
3329 4218 3514 4259 verum
3562 4213 3620 4259 et
3666 4204 3770 4259 hoc
3805 4206 3861 4260 in

2263 4288 2415 4343 illum
2456 4300 2699 4346 reservat
2746 4294 2933 4348 sedqu
2981 4294 3143 4361 diem,
3186 4305 3241 4351 et
3286 4311 3410 4351 cum
3454 4297 3620 4352 multa
3672 4297 3862 4353 reddet

2266 4381 2803 4450 superabundantla:
2844 4387 2947 4441 hoc
2989 4387 3186 4456 quippe
3227 4387 3541 4444 admirabile
3583 4399 3688 4452 est,
3718 4389 3861 4457 quod

2266 4494 2372 4533 non
2424 4484 2631 4531 tantum
2681 4476 2927 4548 deposita
2976 4488 3175 4544 servet,
3229 4493 3413 4534 verum
3443 4487 3499 4535 et
3546 4480 3863 4551 multiplieet

2264 4567 2726 4623 retributionibus.

2336 4661 2643 4726 Illuntinati,
2670 4677 2757 4714 seu
2785 4660 3032 4732 θηρήιαιί
3055 4660 3293 4732 ofﬁcium.
3324 4690 3398 4704 --
3424 4660 3540 4717 Hoc
3575 4671 3632 4717 et
3674 4670 3729 4717 te
3769 4677 3860 4715 se-

2260 4753 2494 4808 cundum
2526 4752 2818 4822 potentiam
2847 4762 2990 4806 tuam
3019 4754 3194 4807 facere
3214 4751 3376 4822 jussit
3408 4752 3460 4807 in
3492 4753 3576 4817 iis,
3602 4768 3722 4823 qua:
3766 4752 3863 4808 tibi

2263 4844 2467 4900 credita
2515 4852 2638 4898 sunt
2670 4860 2687 4898 :
2721 4858 2913 4914 nempe
2961 4843 3321 4908 sanctitatem,
3351 4860 3511 4913 quam
3566 4844 3819 4914 accepisti
3843 4886 3861 4913 ,

2265 4937 2563 5002 intendere,
2590 4944 2645 4991 et
2666 4950 2732 4992 ex
2763 4937 2975 4991 lavacro
2995 4936 3255 5006 justitiam
3282 4935 3509 4991 reddere
3552 4936 3860 5001 clariorem,

2265 5038 2320 5084 et
2339 5028 2562 5100 gratiam
2588 5027 2936 5083 illustriorem
2968 5026 3146 5084 facere
3176 5045 3191 5083 :
3216 5027 3354 5084 sicut
3381 5029 3565 5098 utique
3591 5038 3644 5083 et
3667 5029 3864 5086 Paulus

2267 5121 2412 5186 fecit,
2443 5121 2792 5188 sequentilms
2846 5120 3117 5175 laboribus
3163 5129 3221 5176 et
3263 5120 3443 5176 studio
3480 5120 3865 5192 diligentiaque

2264 5228 2466 5283 augens
2509 5214 2687 5269 omnia
2716 5229 2836 5285 quae
2879 5214 3086 5283 accepit
3133 5213 3293 5268 bona.
3318 5213 3385 5268 Et
3433 5224 3559 5267 nota
3601 5212 3693 5269 Dei
3737 5230 3866 5284 pro-

2268 5303 2558 5359 videntiam
2593 5324 2606 5359 :
2639 5320 2740 5360 nec
2793 5303 2887 5360 tibi
2925 5312 3091 5359 totum
3141 5303 3245 5359 hoe
3291 5303 3483 5370 dedit,
3534 5319 3709 5376 neque
3752 5314 3866 5361 toto

2269 5397 2526 5467 privavit;
2567 5397 2661 5453 scd
2705 5398 2821 5453 bmc
2864 5396 3054 5463 dedit,
3108 5397 3195 5452 illa
3250 5397 3513 5468 promisit.
3571 5396 3643 5453 Et
3697 5413 3868 5469 quare

2268 5505 2375 5543 non
2407 5488 2493 5543 hic
2516 5496 2683 5543 totum
2716 5487 2900 5543 dedit?
2925 5485 2994 5544 Ut
3031 5496 3088 5542 tu
3128 5487 3289 5542 fidem
3331 5488 3384 5543 in
3422 5488 3595 5557 ipsum
3635 5488 3866 5544 demon-

2267 5593 2428 5648 stres,
2452 5581 2689 5637 nondum
2719 5579 2860 5636 datis
2898 5594 2966 5636 ex
3004 5580 3172 5650 ipsius
3222 5581 3578 5651 promissione
3605 5583 3717 5637 sola
3747 5599 3866 5638 cre-

2267 5675 2423 5731 dens.
2455 5675 2632 5742 Quare
2661 5688 2790 5729 vero
2832 5689 3043 5729 rursum
3086 5689 3193 5730 non
3234 5674 3416 5729 omnia
3460 5675 3566 5731 illic
3595 5677 3865 5744 servavit,

2270 5769 2365 5826 sed
2390 5769 2536 5825 dedit
2557 5778 2612 5824 et
2631 5767 2866 5840 Spiritus
2898 5767 3122 5839 gratiam
3142 5776 3197 5824 et
3227 5766 3493 5838 justitiam
3531 5780 3587 5825 et
3623 5772 3869 5825 sanctiﬁ-

2271 5864 2538 5918 cationcm
2557 5861 2583 5918 τ
2600 5861 2667 5919 Ut
2695 5860 2788 5917 tibi
2809 5860 3021 5917 labores
3049 5861 3194 5918 leves
3215 5859 3394 5930 faciat,
3420 5870 3474 5918 ct
3502 5878 3564 5918 cx
3586 5862 3696 5934 jam
3726 5864 3870 5920 datis
