4066 6424
286 330 384 386 2'51

1354 327 1445 382 AD
1485 328 2008 388 ILLUMINANDOS
2046 331 2479 390 CATECHESIS
2515 334 2576 388 11.

3647 342 3757 398 27,2

283 445 555 518 τυχόντων
580 444 981 515 διαλεγόμενος,
1011 442 1192 508 ἕλκεις
1219 443 1299 508 εἰς
1327 446 1638 517 μαρτυρίαν
1659 463 1674 478 ·
1712 447 1810 500 καί
1843 445 1962 512 πῶς
2063 447 2294 522 ταδίκη;
2334 451 2448 504 Οὐκ
2501 450 2581 505 ἔτι
2615 450 2771 505 τοῦτο
2819 451 2989 522 ὁρίζω
3035 451 3168 522 ἐγὼ,
3215 451 3331 508 ἀλλ’
3378 452 3524 526 ὑμᾶς
3553 455 3750 522 αὐτοὺς

279 533 457 587 ταῦτα
497 532 730 598 ἀνεκτά;
780 531 951 585 Πόθεν
984 527 1078 585 οὖν
1128 530 1582 602 ἀπαλλαγείημεν
1627 534 1691 587 ἐκ
1730 534 1828 605 τῆς
1862 551 1963 588 πο-

281 621 456 693 νηρᾶς
493 621 697 692 ταύτης
727 617 1048 690 συνηθείας;
1088 617 1227 682 Τοὺς
1258 617 1506 688 φύλακας
1545 620 1639 684 οὒς
1670 615 1825 676 εἷπον
1863 638 1960 674 πε-

286 709 658 780 ριστήσαντες,
690 706 882 778 χρόνον
910 706 1074 777 ῥητὸν
1099 705 1385 776 ὁρίσαντες
1413 707 1623 772 ἑαυτοῖς
1661 707 1798 779 πρὸς
1825 708 1962 780 διόρ-

282 795 470 860 θωσιν,
506 797 601 850 καὶ
640 795 939 866 καταδίκην
967 794 1270 860 ἐπιθέντες,
1312 795 1362 846 εἰ
1394 793 1488 848 τοῦ
1521 794 1720 865 χρόνου
1756 796 1962 866 παρελ-

282 882 467 946 θόντος
499 884 574 955 μὴ
608 881 1060 954 κατορθώσαιμεν
1085 880 1264 936 τοῦτο.
1293 882 1464 944 Πόσος
1485 878 1580 935 οὖν
1608 884 1742 953 ήμῖν
1767 883 1960 954 χρόνος

279 972 513 1044 ἀρκέσει
556 972 694 1044 πρὸς
722 971 914 1036 τοῦτο;
963 972 1078 1026 Οὐκ
1111 966 1268 1043 οἶμαι
1296 972 1421 1034 τούς
1452 970 1656 1041 σφόδρα
1694 973 1960 1043 νήφοντας

279 1059 377 1114 καί
397 1060 855 1131 διεγηγερμένους
885 1061 984 1114 καὶ
1012 1059 1153 1131 ὑπὲρ
1180 1060 1280 1130 τῆς
1305 1058 1516 1114 ἑαυτῶν
1541 1059 1960 1130 ἀγρυπνοῦντας

281 1147 556 1219 σωτηρίας
599 1147 759 1201 πλέον
797 1146 1020 1219 ήμερῶν
1051 1146 1190 1200 δέκα
1214 1146 1598 1218 δεηθήσεσθαι,
1635 1147 1775 1201 ῶστε
1821 1165 1959 1201 παν-

275 1235 449 1298 τελῶς
475 1234 857 1305 ἀπαλλαγῆναι
888 1234 988 1304 τῆς
1018 1234 1262 1305 πονηρᾶς
1295 1233 1403 1288 τῶν
1433 1235 1614 1306 ὅρκων
1647 1233 1955 1306 συνηθείας.

278 1323 342 1376 Εἰ
372 1323 428 1376 δὲ
461 1323 598 1394 μετὰ
625 1322 723 1386 τὰς
751 1322 884 1376 δέκα
913 1322 1128 1394 ἡμέρας
1154 1321 1454 1394 όφθείημεν
1487 1320 1773 1393 ὀμνύντες,
1801 1320 1958 1392 δίκην

277 1412 491 1474 ἑαυτοῖς
537 1410 840 1482 ἐπιθῶμεν,
891 1410 986 1464 καὶ
1024 1407 1298 1481 τιμωρίαν
1338 1407 1602 1480 μεγίστην
1657 1407 1754 1460 καὶ
1789 1424 1962 1461 κατα·

275 1499 432 1570 δίκην
465 1499 738 1572 ὁρίσωμεν
772 1503 870 1570 τῆς
901 1498 1292 1571 παραϐάσεως.
1329 1497 1427 1562 Τίς
1467 1492 1563 1551 οὖν
1602 1497 1751 1550 ἐστιν
1792 1497 1828 1566 ή
1872 1513 1974 1548 κα-

2067 536 2270 609 ἀφίημι
2325 539 2548 609 κυρίους
2576 541 2676 612 τῆς
2722 540 2906 612 ψήφου
2938 537 3099 596 εἶναι.
3131 541 3290 596 Οὕτω
3331 543 3402 598 τά
3451 543 3577 598 καθ’
3619 545 3748 600 ἐαυ-

2066 626 2194 688 τοὺς
2232 627 2626 698 οίκονομῶμεν,
2663 628 2738 700 μὴ
2765 630 2925 700 μόνον
2953 629 3046 683 ἐπὶ
3077 628 3188 684 τῶν
3234 631 3436 700 ὅρκων,
3481 631 3622 686 ἀλλὰ
3653 635 3751 688 καὶ

2067 712 2162 766 ἐπὶ
2211 713 2318 768 τῶν
2376 714 2551 769 ἄλλων
2597 715 3019 788 ἐλαττωμάτων,
3065 719 3161 772 καὶ
3213 719 3407 790 χρόνον
3464 720 3745 792 ὁρίζοντες

2066 800 2281 865 ἑαυτοῖς
2333 804 2628 876 τιμωρίαις
2676 805 3122 876 χαλεπωτάταις,
3159 807 3212 860 εί
3244 824 3376 860 ποτε
3438 808 3751 880 περιπέσω-

2069 907 2170 960 μεν
2219 890 2465 956 τούτοις,
2519 892 2752 963 καθαροί⁹
2803 893 2938 964 πρὸς
2979 893 3070 946 τὸν
3118 894 3389 968 ἡμέτερον
3448 897 3753 951 amem-

2069 978 2214 1050 μεθα
2238 980 2534 1051 Δεσπότην,
2567 981 2788 1052 καὶτῆς
2823 980 2924 1033 τοῦ
2956 981 3129 1053 πυρὸς
3172 984 3398 1054 γεέννης
3429 984 3751 1056 ἀπαλλαγη-

2070 1068 2309 1139 σόμεθα,
2353 1069 2449 1123 κα³ι
2508 1068 2650 1139 μετά
2701 1069 3018 1141 παρρησίας
3075 1069 3388 1141 στησόμεθα
3441 1071 3753 1145 ἔμπροσθεν

2066 1159 2161 1211 τοῦ
2212 1156 2456 1228 βήματος
2501 1156 2594 1210 τοῦ
2655 1155 2924 1225 Χριστοῦο
2964 1153 3032 1228 ἦς
3079 1157 3290 1226 γένοιτο
3340 1160 3550 1224 πάντας
3603 1162 3749 1232 ἡμᾶς

2068 1247 2368 1316 ἐπιτυχεῖν,
2409 1244 2594 1315 χάριτι
2634 1243 2732 1299 καλ⁵
2766 1243 3153 1316 φιλανθρωπίᾳ
3195 1246 3290 1300 τοῦ
3336 1247 3546 1318 Κυρίου
3593 1250 3750 1320 ήμῶν

2079 1332 2256 1404 Ἰησοῦ
2297 1331 2557 1403 Χριστοῦ,
2595 1331 2715 1402 μεθ’
2737 1325 2796 1385 οὗ
2823 1331 2914 1402 τῷ·
2933 1331 3112 1404 Πατρὶ
3144 1334 3179 1404 ή
3210 1333 3337 1399 δόξα
3369 1334 3468 1388 σὺν
3494 1335 3574 1406 τῷ
3611 1337 3752 1408 ἁγίῳ

2068 1421 2372 1491 Πνεύματι.
2403 1422 2484 1484 εἰς
2509 1421 2636 1486 τούς
2662 1419 2868 1483 αίῶνας
2896 1419 3008 1474 τῶν
3045 1417 3278 1474 αἰώνων.
3318 1421 3492 1493 Ἀμήν

361 1639 3576 1670 ___________________________________________

1394 1733 2042 1824 ΚΑΤΗΧΗΣΙΣ
2120 1728 2644 1819 ΔΕΥΤΕΡΑ.

214 1903 216 1905 ·
275 1887 434 1956 Πρὸς
471 1884 614 1952 τοὺς
656 1882 996 1956 μέλλοντας
1024 1878 1405 1950 φωτίζεσθαι·
1437 1877 1539 1932 καί
1588 1877 1723 1947 περὶ
1764 1872 2073 1946 γυναικῶν
2117 1872 2239 1927 τῶν
2287 1872 2358 1925 ἐν
2429 1867 2733 1938 πλέγμασι
2788 1862 2888 1918 καί
2955 1860 3160 1934 χρυσῷ
3235 1862 3752 1934 κατακοσμουσῶν

345 1977 594 2045 ἑαυτάς-ο
645 1953 744 2030 καί
794 1973 928 2043 περὶ
983 1971 1100 2028 τῶν
1155 1970 1609 2042 κληδονισμοῖς,
1647 1969 1686 2039 ἢ
1729 1967 2097 2038 περιάπτοις,
2139 1965 2179 2035 ἣ
2222 1961 2480 2028 ἐπῳδαῖς
2526 1955 2932 2030 κεχρημένων,
2976 1954 3127 2024 ἅπερ
3175 1953 3416 2010 ἅπαντα
3463 1955 3755 2021 ἀλλότρια

347 2067 821 2142 Χριστιανισμυῦ
849 2080 898 2124 ⁸.

351 2267 420 2316 α’.
445 2259 566 2313 Τῶν
594 2255 788 2330 πρώην
817 2252 1126 2327 εἰρημένων
1150 2250 1286 2322 πρὸς
1313 2249 1412 2321 τήν
1437 2247 1712 2320 ὑμετέραν
1738 2244 1957 2314 ἀγάτην

272 2349 541 2420 πρότερον
571 2348 701 2409 τούς
730 2343 983 2414 καρποὺς
1015 2337 1402 2412 παρεγενόμην
1429 2335 1755 2404 ἀπαιτήσων
1781 2332 1954 2402 ὐμᾶςο

272 2418 396 2492 οὐδὲ
427 2418 538 2508 γὰρ
577 2434 669 2489 διὰ
707 2432 868 2487 τοῦτο
905 2431 1160 2502 λέγομεν,
1195 2428 1282 2481 ἵνα
1313 2425 1587 2495 ἀκούσητε
1630 2423 1808 2490 μόνον,
1841 2418 1957 2473 ἀλλ’

278 2528 364 2580 ἵνα
394 2506 907 2595 καὶ-μνημονεύητε
941 2517 1052 2571 τῶν
1101 2514 1410 2586 εἰρημένων
1448 2512 1544 2566 καὶ
1588 2511 1688 2581 τήν
1719 2507 1807 2562 διά
1847 2506 1958 2560 τῶν

273 2615 452 2688 ἔργων
483 2612 746 2676 ἐπίδειξιν
785 2613 918 2682 ἡμῖν
949 2607 1302 2678 παράσχητε·
1348 2602 1552 2675 μᾶλλον
1579 2600 1637 2654 δέ
1662 2601 1764 2670 οὐχ
1803 2600 1956 2670 ήμῖν,

273 2703 410 2757 ἀλλὰ
438 2701 516 2772 τῷ
545 2701 664 2770 Θεῷ
699 2699 778 2769 τῷ
811 2697 879 2751 τὰ
906 2696 1193 2766 ἀπόρρητα
1237 2693 1336 2763 τῆς
1365 2690 1607 2752 διανοίας
1638 2689 1823 2741 είδότι.
1854 2687 1954 2740 Διά

272 2791 434 2845 τοῦτο
481 2789 575 2842 κοιλ⁸
627 2787 932 2857 κατήχησις
973 2783 1214 2849 λέγεται,
1260 2780 1348 2832 ἵνα
1381 2779 1477 2831 καί
1520 2775 1771 2830 ἀπόντων
1801 2775 1960 2846 ήμῶν

273 2882 304 2934 ὁ
341 2880 500 2948 λόγος
550 2876 702 2948 ὐμῶν
748 2874 916 2942 ἐνηχῇ
954 2871 1078 2932 ταῖς
1131 2867 1417 2930 διανοίαις.
1461 2864 1567 2919 Καὶ
1621 2865 1696 2934 μὴ
1745 2861 1962 2932 θαυμά-

277 2987 430 3042 σητε,
477 2969 525 3020 εἰ
575 2965 708 3018 δέκα
739 2960 966 3034 ήμερῶν
1014 2954 1412 3026 διαγενομένων
1460 2953 1620 3024 μόνον
1667 2950 1794 3013 τοὺς
1826 2966 1962 3021 καρ-

275 3037 411 3120 ποὺς
454 3053 690 3126 ἤλθομεν
719 3049 1119 3119 ἀπαιτήσοντες
1157 3043 1266 3098 τῶν
1309 3040 1678 3112 σπερμάτων
1715 3038 1809 3090 καὶ
1852 3037 1962 3108 γὰρ

275 3147 336 3198 ἐν
369 3123 554 3214 ἡμέρα
590 3141 687 3209 μιᾷ
726 3135 955 3190 δυνατὸν
987 3132 1124 3203 ὁμο]
1161 3131 1257 3185 καί
1301 3129 1594 3199 σπέρματα
1633 3123 1962 3178 καταϐαλεῖν

276 3231 373 3285 καὶ
414 3229 622 3300 ἀμητὸν
665 3223 1028 3294 ποιήσασθαιο
1065 3221 1127 3272 οὐ
1161 3219 1269 3289 γὰρ
1297 3217 1475 3286 οἰκείᾳ.
1513 3215 1742 3285 δυνάμει
1779 3213 1959 3284 μόνον,

274 3318 410 3373 ἁλλά
453 3298 546 3369 καί
577 3317 644 3385 τῇ
682 3314 831 3383 παρὰ
870 3309 967 3363 τοῦ
1007 3308 1142 3362 Θεοῦ
1178 3308 1318 3377 ῥοπῇ
1359 3302 1774 3374 δυναμούμενοι,
1820 3298 1963 3352 οὕτω

276 3409 412 3479 πρὸς
461 3407 586 3469 τούς
634 3403 854 3472 ἀγῶνας
888 3398 1222 3470 καλούμεθα.
1267 3398 1425 3449 Ὅσοι
1474 3395 1573 3465 μὲν
1615 3390 1709 3447 οὖν
1739 3391 1963 3446 κατεδέ-

275 3497 437 3562 ξαντο
483 3493 554 3547 τά
611 3491 911 3563 εἰρημένα,
964 3489 1058 3541 καὶ
1105 3486 1193 3540 διὰ
1223 3485 1333 3537 τῶν
1385 3483 1563 3550 ἔργων
1611 3481 1958 3552 ἐπλήρωσαν,

281 3583 594 3655 μενέτωσαν
647 3578 1090 3647 ἐπεκτεινόμενοι
1145 3573 1283 3645 πρὸς
1334 3572 1406 3624 τά
1453 3569 1802 3642 ἔμπροσθεν⁹
1846 3568 1962 3621 ὅσοι

274 3673 332 3726 δὲ
371 3671 583 3724 οὐδέπω
628 3669 728 3739 τῆς
778 3665 992 3736 ἀγαθῆς
1024 3662 1232 3731 ταύτης
1284 3660 1550 3732 ἐργασίας
1602 3658 1833 3728 ἥψαντο,
1872 3657 1963 3707 ἐν-

275 3759 468 3813 τεῦθεν
507 3756 862 3826 ἁψάσθωσαν,
911 3753 1000 3805 ἵνα
1030 3752 1124 3804 καὶ
1168 3750 1267 3818 τὴν
1307 3749 1370 3800 ἐκ
1404 3746 1505 3815 τῆς
1550 3744 1824 3816 ῥᾳθυμίας
1869 3759 1966 3796 κα-

277 3847 504 3916 ταδίκην
533 3849 598 3916 τῇ
645 3843 782 3915 μετὰ
805 3841 981 3895 ταῦτα
1009 3835 1294 3909 προθυμίᾳ
1337 3831 1811 3903 ἀποκρούσωνται.
1845 3831 1965 3882 Ἕνι

279 3936 410 4006 γὰρ,
458 3933 536 3986 ἔνι
577 3934 671 3986 καὶ
718 3931 809 3984 τόν
864 3924 1297 4000 ἐρῥᾳθυμηκότα
1349 3921 1556 3992 σφόδρα
1615 3919 1753 3990 μετά
1793 3916 1968 3970 ταῦτα

281 4005 628 4095 χρησάμενον
658 4018 815 4091 [2551
842 4018 908 4088 τῇ
940 4012 1224 4086 προθυμία
1252 4008 1348 4063 τοῦ
1379 4007 1744 4080 παρελθόντος
1772 4005 1965 4077 χρόνον

279 4093 464 4166 πᾶσαν
498 4109 779 4165 ἀνασῶσαι
800 4108 826 4146 ι)
855 4105 954 4176 τὴν
997 4101 1224 4174 ζημίαν.
1252 4098 1343 4152 Διό
1373 4113 1527 4168 φησι,
1557 4094 1832 4164 Σήμερον
1858 4093 1970 4146 ἐὰν

277 4197 389 4268 τῆς
433 4197 640 4268 φωνῆς
686 4194 872 4251 αὑτοῦ
911 4192 1241 4257 ἀκούσητε,
1295 4186 1384 4255 μὴ
1424 4184 1814 4251 σκληρύνητε
1858 4181 1968 4246 τὰς

285 4287 531 4356 καρδίας
571 4283 762 4352 ὑμῶν,
805 4285 887 4348 ὠς
933 4279 1004 4333 ἐν
1041 4277 1122 4343 τῷ
1158 4269 1664 4343 παραπικρασμῷ.
1699 4268 1870 4322 Τοῦτο
1911 4268 1968 4322 δέ

279 4377 430 4444 λέγει
486 4371 771 4445 παραινῶν
825 4370 923 4423 καὶ
977 4363 1390 4436 συμϐουλεύων,
1448 4359 1719 4432 μηδέποτε
1775 4359 1969 4425 ἀπογι-

281 4465 536 4530 νώσκειν,
570 4444 707 4516 ἀλλ’
753 4459 860 4524 ἕως
911 4455 977 4511 ἂν
1022 4451 1260 4508 ἐνταῦθα
1307 4445 1480 4520 ὦμεν,
1525 4446 1770 4519 χρηστὰς
1824 4444 1969 4515 ἔχειν

284 4555 383 4618 τὰς
420 4553 664 4617 ἐλπίδας,
699 4550 795 4604 καὶ
833 4547 943 4601 τῶν
984 4541 1296 4616 ἔμπροσθεν
1344 4533 1840 4609 ἐπιλαμϐάνεσθαι,
1875 4535 1971 4588 καὶ

285 4641 420 4711 πρὸς
451 4639 514 4692 τὸ
558 4637 811 4710 βραϐεῖον
854 4631 1072 4687 διώκειν
1111 4630 1211 4701 τῆς
1244 4628 1357 4683 ἀνω
1387 4625 1634 4697 κλήσεως
1672 4620 1769 4675 τοῦ
1805 4620 1966 4674 Θεοῦ.

285 4731 458 4785 Τοῦτο
485 4731 665 4784 τοίνυν
695 4727 1036 4798 ποιήσωμεν,
1066 4723 1164 4777 καὶ
1199 4720 1271 4774 τά
1314 4719 1557 4789 ὀνόματα
1587 4715 1688 4786 τῆς
1723 4713 1969 4786 μεγάλης

284 4819 491 4890 ταύτης
540 4815 885 4884 ἐξετάσωμεν
917 4811 1151 4883 δωρεᾶς.
1180 4809 1394 4878 Ὥσπερ
1445 4803 1560 4876 γὰρ
1604 4801 1974 4872 ἀγνοούμενον

286 4887 596 4978 ἀξιώματος
647 4902 878 4974 μέγεθος
935 4896 1348 4971 ῥᾳθυμοτέρους
1378 4894 1525 4946 ποιεῖ
1552 4891 1680 4953 τοὺς
1725 4887 1974 4960 τιμωμέ-

289 4976 442 5061 νους,
476 4993 623 5048 οὐτω
659 4989 1065 5062 γνωριζόμενον
1120 4984 1478 5056 εὐχαρίστους
1526 4978 1818 5049 καθίστησι
1883 4976 1972 5031 καὶ

291 5083 740 5155 σπουδαιοτέρους
795 5078 1112 5152 ἐργάζεται.
1156 5074 1269 5127 Καὶ
1314 5070 1489 5134 ἄλλως
1536 5068 1592 5121 δέ
1637 5065 1863 5138 αἰσχρὸν
1904 5062 1972 5118 ἂν

290 5174 376 5245 εἴη
423 5172 518 5226 καὶ
573 5153 985 5238 καταγέλαστον
1046 5161 1320 5232 τοσαύτης
1384 5157 1758 5219 ἀπολαύοντας
1812 5153 1971 5224 δόξης

290 5243 444 5333 παρά
482 5258 578 5314 τοῦ
609 5257 745 5312 Θεοῦ
778 5257 869 5311 καὶ
900 5255 1087 5327 τιμῆς,
1127 5250 1261 5323 μηδὲ
1291 5249 1361 5303 τά
1405 5247 1651 5315 ὀνόματα
1695 5243 1865 5315 αὐτῆς
1895 5244 1975 5295 εἰ-

289 5330 439 5404 δέναι
466 5350 524 5403 τί
556 5364 700 5402 ποτε
743 5343 1081 5413 ἐνδείξασθαι
1115 5339 1383 5413 βούλεται.
1410 5335 1525 5390 Καὶ
1569 5335 1624 5387 τί
1669 5333 1816 5402 λέγω
1846 5330 1978 5402 περὶ

291 5440 389 5510 τῆς
417 5440 628 5510 δωρεᾶς
663 5436 899 5507 ταύτης;
929 5434 995 5489 ἂν
1032 5432 1143 5504 γὰρ
1168 5429 1227 5482 τὸ
1263 5425 1444 5481 κοινὸν
1470 5422 1564 5478 τοῦ
1596 5421 1786 5492 γένους
1818 5418 1976 5491 ήμῶν

292 5533 554 5603 ἐννοήσῃς
597 5529 789 5598 ὄνομα,
826 5525 1093 5596 μεγίστην
1123 5520 1262 5593 πρὸς
1297 5515 1506 5590 ἀρετήν
1540 5512 1696 5603 λήψῃ
1719 5510 1978 5603 διδασκα-

292 5621 416 5675 λίαν
437 5597 546 5673 ⁷κᾶι
579 5597 947 5686 παράκλησιν.
995 5611 1071 5664 Τὸ
1103 5609 1216 5679 γάρ
1248 5605 1566 5674 ἄνθρωπος
1603 5598 1766 5654 τοῦτο
1801 5597 1976 5667 ὄνομα

357 5757 385 5787 ι
409 5755 522 5805 επ,
542 5754 648 5802 ἀλλ,
669 5747 965 5814 Χριστιανῶν
987 5744 1352 5814 ἀποδέδεικται..
1473 5799 1486 5814 ’
1599 5796 1622 5814 Δ
1780 5787 1868 5814 πλε

359 5814 387 5856 ιν
409 5790 788 5866 ἵε..
1213 5801 1294 5851 alii
1331 5796 1692 5852 ἀνασώσασθαι.
1734 5807 1752 5840 ι
1779 5790 1979 5842 Edilum

296 5865 457 5930 fuerat
481 5865 514 5926 ὁ
536 5874 782 5936 Mox-allio,
801 5865 1125 5929 ἀναστῆσαιον
1149 5865 1279 5914 Enn.

2065 2241 2126 2295 οὐ
2167 2238 2309 2293 κατά
2343 2237 2470 2302 τοὺς
2503 2234 2700 2301 ἔξωθεν
2729 2235 2891 2306 ἡμεῖς
2934 2229 3254 2304 ὁριζόμεθα,
3283 2230 3401 2285 ἀλλ’
3431 2232 3508 2297 ὡς
3554 2233 3586 2305 ή
3633 2234 3752 2289 θεία

2065 2327 2259 2400 Γραφή
2323 2325 2628 2379 ἐκέλευσεν.
2669 2321 2992 2392 Ἀνθρωπος
3049 2319 3160 2391 γάρ
3223 2321 3400 2384 ἐστιν,
3448 2321 3547 2391 οὐχ
3603 2320 3754 2386 ὅστις

2066 2415 2252 2478 ἁπλῶς
2310 2415 2502 2484 χεῖρας
2567 2410 2663 2464 καὶ
2711 2409 2880 2472 πόδας
2931 2407 3045 2477 ἔχει
3079 2407 3394 2478 ἀνθρώπου,
3443 2407 3552 2460 οὐδ’
3602 2408 3754 2471 ὅστις

2065 2503 2184 2556 ἐστί⁹
2221 2502 2439 2569 λογικὸς
2481 2500 2666 2570 μόνον,
2713 2496 2829 2550 ἀλλ’
2875 2497 3025 2559 ὅστις
3059 2493 3346 2548 εὐσέϐειαν
3399 2495 3495 2548 καὶ
3550 2495 3754 2566 ἀρετήν

2069 2591 2207 2664 μετὰ
2244 2587 2554 2660 παρρησίας
2601 2587 2780 2639 ἀσκεῖ.
2813 2584 3084 2636 ’Ἄκουσον
3132 2582 3266 2651 γοῦν
3321 2583 3452 2654 περὶ
3499 2583 3595 2636 τοῦ
3633 2582 3752 2636 Ἰὼϐ

2064 2681 2118 2734 τί
2157 2693 2356 2750 φησιν·
2389 2674 2561 2729 εἰπὼν
2595 2675 2725 2744 γὰρ,
2763 2673 2848 2725 ὅτι
2886 2673 2983 2724 ‘Er
3019 2669 3182 2741 χώρᾳ
3229 2669 3306 2738 τῇ
3334 2671 3609 2724 Αὐσίτιδι
3649 2671 3755 2724 dr-

2067 2771 2300 2836 θρωειος
2333 2760 2432 2834 ἦν,
2464 2764 2565 2816 οὐκ
2615 2761 2726 2816 ἀπὸ
2781 2759 2989 2813 τούτων
3041 2758 3206 2810 αὐτὸν
3271 2759 3581 2829 ὐπογράτει
3646 2758 3754 2811 τῶν

2065 2849 2228 2918 ὅρων,
2267 2849 2359 2918 ἀφ’
2388 2841 2464 2900 ὧν
2492 2849 2539 2900 οἱ
2565 2845 2788 2910 ἔξωθεν,
2814 2844 2936 2896 οὐδὲ
2965 2841 3123 2894 τοῦτο
3150 2840 3322 2910 λέγει,
3353 2843 3435 2895 ὃτι
3464 2843 3631 2906 πόδας
3661 2842 3756 2895 δύο

2065 2930 2180 3005 εἷχε
2230 2937 2324 2988 καὶ
2369 2935 2566 3004 δνυχας
2599 2933 2844 2995 πλατεῖς,
2877 2930 3014 2984 ἀλλά
3044 2930 3114 2984 τά
3150 2929 3488 3000 γνωριστικά
3528 2929 3627 2999 τῆς
3661 2931 3753 2982 εὐ-

2071 3021 2286 3086 σεϐείας
2320 3023 2540 3090 ἐκείνης
2588 3019 2860 3081 συντιθεὶς
2906 3017 3084 3085 ἔλεγε,
3135 3018 3395 3082 Δίκαιος,
3440 3016 3752 3084 ἀληθινὸς,

2068 3109 2378 3178 θεοσεϐὴς,
2419 3111 2797 3177 ἀπεχόμενος
2830 3105 2950 3159 ἀπὸ
3004 3105 3236 3169 παντὸς
3287 3102 3558 3170 πονηροῦ
3601 3103 3755 3170 πρά-

2067 3213 2307 3266 γματος,
2361 3196 2575 3258 δεικνὺς
2609 3195 2692 3246 ὅτι
2736 3191 2896 3245 τοῦτό
2942 3193 3092 3244 ἐστιν
3143 3189 3450 3260 ἄνθρωπος.
3483 3190 3761 3262 Καθάπερ

2068 3281 2162 3338 οὖν
2195 3285 2288 3336 καί
2322 3283 2510 3352 ἕτερός
2559 3295 2726 3350 φησι·
2772 3279 2884 3333 Τὸν
2929 3276 3080 3332 Θεὸν
3112 3275 3324 3345 φοϐοῦ,
3365 3275 3465 3328 καὶ
3500 3276 3608 3341 τὰς
3652 3276 3756 3330 ἐν·

2069 3373 2251 3437 το.ιίὰς
2295 3369 2484 3424 αὑτοῦ
2531 3370 2838 3438 φύλασσε,
2891 3365 2982 3418 ὅτι
3028 3363 3204 3417 τοῦτο
3243 3360 3364 3428 πᾶς
3417 3360 3753 3430 ἅνθρωπος.

2069 3460 2136 3514 Εἰ
2165 3459 2221 3512 δὲ
2249 3457 2311 3511 τὸ
2339 3456 2652 3526 ἄνθρωπος
2684 3454 2855 3523 ὄνομα
2883 3450 3154 3520 τοσαύτην
3204 3451 3286 3512 εἰς
3335 3447 3538 3519 ἀρετὴν
3578 3451 3759 3521 παρά.

2068 3547 2263 3616 κλησιν
2299 3544 2548 3614 παρέχει,
2581 3540 2760 3612 πολλῴ
2796 3539 2997 3611 μᾶλλον
3038 3538 3099 3590 τὸ
3125 3539 3344 3601 πιστός
3372 3551 3390 3599 ;
3419 3535 3618 3598 Πιστὸς
3646 3539 3756 3607 γὰρ

2065 3635 2156 3692 διὰ
2182 3634 2343 3688 τοῦτο
2371 3632 2533 3703 καλῇ,
2562 3631 2644 3684 ὅτι
2674 3629 2771 3683 καὶ
2797 3626 3079 3690 πιστεύεις
3109 3625 3187 3696 τῷ
3217 3624 3358 3694 Θεῷ,
3388 3625 3483 3676 καὶ
3521 3621 3758 3696 πιστεύῃ

2068 3723 2200 3793 παρ’
2237 3719 2404 3775 αὐτοῦ
2437 3719 2600 3782 αὐτὸς
2629 3715 2998 3785 δικαιοσύνην,
3036 3713 3370 3782 ἁγιωσύνην,
3403 3711 3757 3783 καθαρότητι

2066 3807 2268 3877 ψυχῆς,
2296 3805 2596 3871 υἱοθεσίαν,-
2615 3803 2896 3872 βασιλείαν
2933 3800 3184 3872 οὐρανῶν
3205 3817 3218 3830 ’
3270 3799 3626 3850 ἐνεπίστευσε
3661 3799 3758 3852 καὶ

2065 3894 2245 3949 ταῦτά
2287 3910 2370 3945 σοι
2418 3889 2872 3961 παρακατέθετο·
2927 3889 2993 3940 σὺ
3034 3886 3198 3939 πάλιν
3249 3885 3414 3955 ἐτερα
3465 3883 3616 3954 αὐτῷ
3671 3886 3760 3938 ἐνα-

2068 3983 2400 4043 επίστευσας
2427 3979 2523 4032 καὶ
2562 3975 2970 4048 παρακατέθου.
3008 3972 3403 4045 ἐλεημοσύνην,
3432 3971 3618 4042 εὐχὰς,
3652 3989 3759 4024 σω-

2069 4069 2364 4143 φροσύνην,
2415 4070 2516 4139 τήν
2571 4065 2740 4134 ἀλλην
2791 4062 3010 4116 ἃπασαν
3068 4061 3292 4131 ἀρετήν.
3332 4060 3442 4112 Καὶ
3491 4057 3545 4111 τί
3607 4058 3755 4126 λέγω

2069 4157 2478 4229 ἐλεημοσύνην;
2529 4153 2634 4208 κᾶν
2669 4150 2883 4222 ψυχροῦ
2939 4148 3088 4218 αὐτῷ
3141 4147 3404 4216 ποτήριον
3442 4145 3582 4216 δῷς,
3633 4147 3759 4200 οὐδὲ

2068 4248 2229 4303 τοῦτο
2271 4245 2590 4308 ἀπολέσεις,
2637 4241 2776 4296 ἀλλά
2814 4240 2910 4292 καὶ
2953 4236 3114 4290 τοῦτο
3160 4234 3283 4305 μετ’
3327 4234 3616 4305 ἀκριϐείας
3654 4251 3758 4302 φυ-

2067 4339 2260 4392 λάσσει
2299 4337 2381 4398 εἰς
2414 4333 2633 4402 ἐκείνην
2663 4329 2761 4400 τὴν
2789 4327 3028 4400 ἡμέραν,
3059 4325 3156 4377 καὶ
3207 4321 3348 4394 μετά
3391 4322 3592 4392 πολλῆς
3621 4323 3758 4375 ἀπο-

2068 4425 2230 4480 δώσει
2283 4424 2381 4495 τῆς
2431 4417 2784 4493 περιουσίαςο
2835 4414 2898 4468 τὸ
2945 4415 3056 4484 γὰρ
3101 4411 3166 4482 δὴ
3225 4409 3541 4480 θαυμαστὸν
3591 4409 3760 4462 τοῦτό

2069 4519 2238 4576 ἐστιν,
2267 4515 2349 4567 ὃτι
2378 4512 2438 4565 οὐ
2474 4509 2738 4581 φυλάττει
2765 4504 2868 4568 τὰς
2901 4498 3377 4574 παρακαταθήκας
3407 4498 3592 4569 μόνον,
3620 4497 3763 4552 ἀλλὰ

2070 4606 2163 4660 καὶ
2189 4600 2475 4666 πλεονάζει
2505 4598 2712 4661 ταύτας
2736 4597 2857 4657 ταῖς
2892 4590 3216 4647 ἀντιδόσεσι.

2141 4694 2314 4748 Τοῦτο
2362 4689 2458 4745 καί
2509 4688 2594 4742 σοί
2641 4686 2821 4738 ποιεῖν
2873 4680 3129 4734 ἐκέλευσε
3181 4675 3326 4732 κατὰ
3375 4674 3610 4744 δύναμιν
3658 4671 3765 4744 τὴν

2076 4783 2198 4855 σὴν,
2229 4784 2288 4835 ἐν
2332 4774 2416 4844 οἷς
2470 4773 2895 4843 ἐνεπιστεύθης,
2938 4770 3039 4841 τὴν
3104 4764 3420 4836 ἁγιωσύνην
3445 4763 3512 4833 ἣν
3566 4759 3762 4823 ἔλαϐες

2073 4871 2384 4930 ἐπιτείνειν,
2430 4869 2527 4922 ιιιαλ⁷
2573 4866 2674 4934 τὴν
2704 4857 3056 4928 δικαιοσύνην
3097 4857 3200 4927 τὴν
3228 4853 3341 4907 ἀπὸ
3389 4850 3484 4903 τοῦ
3529 4847 3764 4920 λουτροῦ

2071 4958 2460 5030 λαμπροτέραν
2490 4949 2843 5027 ἐργάζεσθαι,
2869 4946 2964 5000 καὶ
3009 4943 3072 4997 τὸ
3115 4943 3363 5013 χάρισμα
3401 4935 3763 5008 φαιδρότερον

2072 5023 2280 5101 ποίεῐνο
2315 5023 2570 5114 καθάπερ
2603 5037 2695 5094 οὖν
2727 5038 2822 5093 καὶ
2870 5033 3088 5096 Παῦλος
3143 5028 3404 5100 ἐποίησε,
3456 5028 3568 5089 τοῖς
3619 5023 3765 5095 μετὰ

2071 5136 2244 5190 ταῦτα
2283 5134 2466 5196 πόνοις
2498 5112 2594 5184 καὶ
2625 5131 2694 5199 τῇ
2726 5123 2930 5194 σπουδῇ
2967 5122 3063 5175 καὶ
3090 5121 3158 5190 τῇ
3193 5116 3474 5189 προθυμίᾳ
3515 5112 3764 5184 αὐξήσας

2072 5223 2313 5284 ἅπαντα,
2353 5221 2499 5288 ἅπερ
2534 5215 2751 5277 ἔλαϐεν,
2793 5208 2997 5278 ἀγαθά.
3033 5205 3145 5260 Καὶ
3181 5203 3376 5258 σκόπει
3418 5199 3555 5288 Θεοῦ
3596 5199 3763 5269 κηδε-

2077 5313 2302 5385 μονίανο
2349 5285 2475 5361 οὐτε
2531 5322 2612 5358 σοι
2661 5301 2724 5355 τὸ
2764 5301 2872 5354 πᾶν
2920 5298 3122 5351 ἔδωκεν
3175 5291 3446 5354 amco...
3495 5286 3617 5342 οὐτε
3663 5285 3766 5340 τοῦ

2077 5375 2277 5463 παντὸς
2333 5393 2733 5464 ἀπεστέρησεν,
2769 5387 2910 5442 άλλά
2941 5385 3012 5438 τά
3063 5383 3162 5455 μὲν
3201 5381 3393 5444 ἔδωκε,
3438 5376 3510 5430 τά
3651 5375 3762 5428 ὑπ.-

2077 5491 2285 5560 έσχετο.
2317 5483 2431 5538 Καὶ
2472 5463 2619 5542 τίνος
2665 5477 2858 5532 ἕνεκεν
2885 5475 2947 5530 οὐ
2977 5472 3040 5526 τὸ
3091 5472 3199 5525 πᾶν
3238 5464 3474 5521 ἐνταῦθα
3519 5463 3763 5526 ἓδωκενς
3845 5473 3850 5478 ’

2085 5553 2203 5631 Ἵνα
2244 5573 2308 5627 σύ
2351 5569 2449 5640 τὴν
2488 5567 2674 5620 πίστιν
2714 5564 2961 5633 ἐπιδείξῃ
2989 5559 3090 5630 τὴν
3129 5556 3258 5627 περὶ
3291 5553 3475 5640 αὐτὸν,
3508 5553 3627 5640 τοῖς
3656 5568 3765 5622 μη..

1978 5703 1992 5726 ο
2082 5665 2232 5719 δέπω
2277 5639 2510 5714 δοθεῖσιν
2554 5653 2666 5708 ἀπὸ
2694 5653 2796 5723 τῆς
2842 5648 3190 5718 ὑποσχέσεως
3235 5639 3408 5696 αὐτοῦ
3451 5639 3620 5710 μόνης
3671 5655 3762 5726 ιπιἸ

2087 5747 2312 5803 στεύων.
2346 5743 2505 5807 Τίνος
2546 5741 2605 5794 δὲ
2633 5741 2824 5794 ἕνεκεν
2867 5734 3023 5809 [256}
3073 5732 3236 5786 πάλιν
3285 5731 3350 5783 οὐ
3396 5727 3459 5783 τὸ
3494 5730 3602 5783 πᾶν
3648 5724 3764 5781 ἐκεῖ

2088 5833 2471 5909 ἐταμιεύσατο,
2526 5829 2640 5883 ἀλλ’
2701 5827 2867 5881 ἔδωκε
2921 5823 3017 5877 καί
3072 5818 3395 5890 Πνεύματος
3463 5815 3625 5888 χάριν
3665 5813 3764 5870 καὶ
