4066 6432
335 360 443 418 233

341 472 500 527 etiam
537 466 605 523 de
632 462 824 521 futuris
852 469 904 516 te
928 458 1083 514 bona:
1114 453 1228 526 spei
1266 453 1573 509 constituat.
1602 450 1922 522 Propterea-

336 580 443 637 que
467 567 715 618 recenter
736 555 1061 611 illuminatus
1083 547 1264 603 vocari
1289 545 1452 601 debes
1475 563 1490 599 :
1517 543 1768 615 quoniam
1790 554 1926 596 nova

339 633 428 709 lux
470 665 683 723 semper
727 646 843 712 tibi,
873 644 917 700 si
959 642 1117 707 velis,
1147 647 1202 695 et
1230 650 1520 707 numquam
1551 633 1924 704 exstinguitur.

338 745 487 799 lianc
514 753 707 811 nempe
730 739 907 793 lucem
936 743 990 789 et
1015 729 1321 787 volentibus
1343 727 1500 782 nobis
1526 735 1581 780 et
1616 723 1927 780 nolentibus

335 852 441 892 nox
474 832 850 904 subsequitur;
876 828 1024 882 illum
1058 836 1186 879 vero
1208 821 1416 877 radium
1443 818 1679 876 tenebrae
1705 832 1810 871 non
1830 832 1929 871 no-

336 937 463 982 runt
498 944 512 980 :
547 925 665 979 Lua:
690 922 835 978 enim
864 920 917 973 in
950 916 1162 973 tenebris
1189 922 1318 969 lucet
1339 954 1354 979 ,
1383 921 1426 967 et
1453 911 1666 966 tenebras
1691 925 1802 963 eam
1825 924 1927 963 non

335 1015 815 1090 comprehenderunt
850 1009 1025 1084 (Joan.
1057 1011 1108 1064 l.
1138 1008 1211 1079 5).
1245 1006 1361 1062 Non
1392 1006 1470 1061 sic
1506 1004 1649 1059 enim
1697 1002 1929 1057 mundus

338 1121 416 1166 est
446 1109 620 1165 clarus
646 1106 854 1162 oriente
883 1102 1052 1167 radio,
1074 1110 1132 1155 ut
1152 1099 1326 1153 anima
1350 1099 1646 1153 illustratur
1672 1102 1728 1150 et
1750 1095 1928 1165 splen-

334 1201 515 1256 didior
541 1199 598 1252 lit
625 1213 656 1253 a
686 1195 889 1265 Spiritu
927 1191 1153 1264 gratiam
1197 1189 1515 1259 suscipiens.
1546 1186 1615 1241 Et
1649 1184 1927 1241 considera

334 1290 645 1362 diligentius
672 1301 850 1341 rerum
879 1293 1142 1339 naturam.
1166 1280 1333 1335 Nocte
1357 1279 1501 1334 enim
1524 1287 1692 1332 terras
1713 1284 1927 1331 tenente

332 1394 388 1438 et
413 1380 646 1437 tenebris
662 1376 1031 1449 caligantibus,
1047 1388 1189 1443 smpe
1211 1370 1505 1426 funiculum
1531 1369 1648 1439 quis
1671 1383 1920 1435 cernens,

336 1484 641 1546 serpentem
671 1486 790 1527 esse
819 1469 1040 1540 putavit,
1074 1475 1127 1522 et
1151 1465 1380 1520 amicum
1407 1462 1752 1519 accedentem
1785 1470 1927 1516 tam-

335 1585 497 1641 quam
526 1567 796 1623 inimicum
822 1563 972 1633 fugit,
989 1570 1042 1617 et
1070 1560 1347 1630 strepitum
1372 1556 1673 1628 quempiam
1692 1554 1926 1611 sentiens

337 1659 576 1731 trepidus
600 1658 768 1712 factus
793 1662 908 1720 est;
940 1653 1152 1708 lucente
1176 1664 1306 1706 vero
1343 1649 1430 1703 die
1474 1647 1608 1703 nihil
1645 1646 1750 1701 tale
1788 1646 1930 1699 acci-

337 1753 501 1820 derit,
530 1749 625 1805 sed
673 1748 853 1803 omnia
890 1745 1064 1816 qualia
1099 1750 1223 1798 sunt
1250 1749 1509 1812 apparent
1541 1757 1556 1795 :
1596 1738 1738 1811 quod
1778 1746 1834 1793 et
1872 1737 1928 1792 in

335 1844 513 1898 anima
530 1850 714 1896 nostra
743 1837 1020 1906 contingit.
1043 1835 1329 1903 Postquam
1352 1831 1495 1886 enim
1511 1832 1679 1901 gratia
1707 1829 1929 1884 veniens

334 1943 517 1989 mente
542 1929 790 1986 tenebras
830 1925 1117 1997 expulerit,
1136 1938 1316 1978 rerum
1336 1921 1619 1977 veritatem
1647 1919 1923 1985 discimus,

335 2034 394 2080 et
414 2024 569 2080 nobis
597 2022 728 2077 ﬁunt
754 2018 1109 2090 despicabiles
1148 2031 1236 2071 res
1273 2015 1421 2085 prius
1465 2013 1757 2069 tremendae
1787 2030 1801 2066 :
1829 2028 1928 2068 nec

334 2117 480 2172 enim
514 2115 742 2185 amplius
792 2121 1021 2167 mortem
1078 2110 1347 2175 timemus,
1395 2106 1680 2178 diligenter
1720 2120 1785 2161 ex
1827 2105 1930 2160 hac

336 2224 488 2265 sacra
538 2206 841 2263 initiatione
888 2204 1183 2270 discentes,
1212 2208 1441 2255 mortem
1490 2214 1594 2255 non
1629 2214 1750 2255 esse
1786 2213 1930 2252 mor-

338 2310 467 2369 tem,
513 2299 606 2354 sed
655 2312 903 2353 somnum
956 2304 1010 2350 et
1063 2292 1440 2349 dormitionem
1505 2292 1926 2361 temporariam:

338 2409 446 2447 non
476 2390 807 2462 pauperiem,
838 2405 944 2444 non
975 2386 1245 2453 morbum,
1280 2399 1387 2440 non
1418 2383 1562 2438 aliud
1593 2383 1718 2454 quid
1748 2383 1931 2453 hujus-

340 2483 485 2539 modi
515 2481 927 2538 reformidamus
947 2522 963 2548 ,
991 2480 1224 2535 scientes
1252 2492 1353 2532 nos
1382 2476 1449 2531 ad
1493 2477 1769 2532 meliorem
1812 2485 1930 2531 ten-

338 2575 468 2631 dere
492 2577 652 2630 vitam
676 2616 691 2643 ,
716 2562 1074 2630 immortalem
1101 2580 1154 2628 et
1182 2572 1546 2642 incorruptam
1572 2612 1587 2638 ,
1615 2578 1670 2627 et
1692 2569 1761 2625 ab
1785 2570 1929 2625 omni

344 2667 433 2721 tali
463 2667 682 2722 liberam
713 2665 1095 2736 inaequalitate.

410 2758 465 2812 2.
506 2757 582 2813 Nc
613 2758 773 2828 igitur
806 2755 1036 2825 amplius
1063 2754 1128 2809 ad
1170 2752 1415 2808 mortalia
1434 2765 1750 2808 maneamus
1773 2750 1931 2807 bian-

340 2860 445 2917 tes,
477 2864 579 2904 ncc
608 2848 751 2902 circa
793 2861 996 2901 mensae
1033 2844 1274 2911 delicias,
1306 2859 1407 2899 nec
1454 2845 1599 2899 circa
1642 2845 1935 2901 vestimen-

343 2952 520 2996 torum
551 2945 798 2993 ornatum
828 2953 842 2989 :
868 2935 1034 2990 habes
1056 2935 1199 2989 enim
1223 2935 1511 2989 maximum
1537 2934 1930 3002 indumentum,

343 3031 510 3086 babes
538 3043 780 3084 mensam
810 3026 1140 3097 spiritualem
1165 3067 1179 3092 ,
1212 3025 1379 3081 habes
1405 3026 1635 3097 gloriam
1674 3041 1929 3097 superne,

347 3129 404 3176 et
428 3116 608 3176 omnia
640 3118 736 3173 tibi
763 3116 1013 3173 Christus
1033 3114 1202 3170 factus
1225 3122 1330 3180 est,
1365 3125 1417 3170 et
1445 3130 1630 3172 mensa
1650 3160 1665 3185 ,
1691 3126 1746 3172 et
1773 3118 1938 3173 vesti-

345 3219 606 3273 mentum,
633 3217 688 3265 et
730 3208 943 3274 domus,
981 3215 1036 3262 et
1084 3214 1261 3277 caput,
1289 3215 1344 3262 et
1384 3207 1557 3262 radix.
1588 3206 1845 3278 Quotquot
1882 3208 1936 3262 in

344 3300 545 3358 Christo
564 3300 705 3356 enim
735 3298 979 3368 baptizati
1006 3297 1123 3352 estis
1142 3338 1157 3363 ,
1192 3295 1449 3357 Christum
1476 3297 1711 3353 induistis
1733 3297 1932 3372 (σαῖσι.

345 3396 403 3452 ὅ.
435 3394 549 3460 27).
605 3393 744 3448 Ecce
794 3389 1068 3462 quomodo
1121 3390 1504 3445 veStimentum
1555 3390 1649 3447 tibi
1693 3398 1796 3447 est.
1844 3392 1939 3448 Vis

346 3487 556 3543 discere
577 3484 848 3557 quomodo
875 3492 930 3539 et
958 3498 1143 3539 mensa
1172 3483 1267 3539 tibi
1297 3482 1409 3538 sit?
1442 3482 1543 3551 Qui
1581 3499 1658 3537 me
1682 3485 1935 3553 comedit,

350 3576 559 3647 inquit,
591 3576 720 3630 sicut
770 3590 860 3645 ego
901 3574 1012 3628 vivo
1060 3582 1267 3644 propler
1319 3570 1528 3627 Patrem
1550 3614 1566 3641 ,
1597 3573 1725 3628 vivet
1770 3583 1817 3628 et
1854 3574 1941 3629 ille

349 3677 553 3738 prapter
571 3663 839 3737 me(Joan.
869 3662 922 3718 6.
955 3660 1069 3735 58).
1100 3662 1252 3730 Quod
1279 3671 1459 3717 autem
1488 3661 1680 3720 domus
1705 3664 1775 3719 sit
1803 3663 1935 3720 tibi:

350 3760 452 3825 Qui
476 3758 691 3814 comedit
730 3773 936 3811 carnem
985 3772 1150 3810 meam
1170 3795 1186 3823 ,
1218 3756 1272 3810 in
1310 3772 1390 3810 me
1422 3765 1591 3810 manet
1614 3766 1661 3811 et
1684 3774 1774 3829 ego
1801 3758 1854 3812 in
1881 3775 1939 3814 eo

349 3851 457 3921 (Ib.
488 3867 537 3905 υ.
566 3850 679 3921 57).
711 3848 780 3904 Ει.
805 3848 948 3920 quod
979 3849 1150 3916 radix,
1172 3864 1386 3903 rursum
1416 3848 1589 3919 inquit
1617 3839 1646 3903 τ’
1664 3848 1778 3921 Ego
1803 3851 1936 3917 vitis,

348 3961 435 4000 vos
480 3944 730 4015 palmites.
786 3942 855 3997 Et
881 3940 1023 4012 quod
1075 3938 1261 4002 frater.
1295 3948 1352 3996 et
1387 3940 1589 3996 amicus
1614 3982 1629 4009 ,
1661 3956 1891 4012 sponsus
1921 3959 1935 3995 :

352 4035 473 4091 Non
494 4036 713 4106 antplius
736 4050 823 4090 vos
852 4034 1019 4088 dicam
1038 4049 1223 4088 servos.
1255 4031 1354 4088 Vos
1381 4034 1513 4088 enim
1536 4034 1685 4088 amici
1700 4033 1794 4089 mei
1825 4035 1941 4089 estis

351 4128 529 4199 (Joan.
555 4128 642 4183 15.
667 4127 721 4182 5.
750 4136 797 4180 et
830 4126 920 4195 l5)
949 4143 964 4179 :
994 4133 1049 4181 et
1077 4125 1302 4179 Paulus:
1330 4124 1586 4196 Despondi
1608 4142 1692 4180 vos
1720 4127 1811 4181 uni
1835 4129 1940 4183 viro

349 4221 591 4292 virginem
618 4228 809 4273 castam
824 4216 1055 4273 exhibere
1071 4216 1270 4271 Christo
1287 4217 1367 4288 (2.
1383 4217 1502 4272 Cor.
1521 4219 1608 4286 11,
1622 4219 1681 4287 2)
1707 4237 1721 4286 ;
1748 4228 1803 4275 et
1818 4236 1939 4275 rur-

248 4342 253 4346 σ
349 4327 498 4368 sum:
528 4310 594 4367 Ut
621 4312 684 4366 sit
712 4311 819 4382 ipse
840 4311 1199 4380 primogenitus
1221 4311 1272 4363 in
1304 4309 1475 4364 multis
1502 4311 1937 4385 fratribus(liom.

350 4409 404 4462 8.
428 4405 540 4473 29).
570 4404 683 4460 Nec
727 4403 918 4460 fratres
947 4412 1152 4458 tantum
1194 4402 1378 4472 ipsius,
1413 4418 1599 4457 verum
1634 4412 1689 4458 et
1732 4404 1940 4472 pueruli

348 4511 565 4554 sumus:
592 4495 722 4550 Ecce
741 4495 893 4562 enim,
926 4493 1116 4563 inquit,
1146 4509 1236 4564 ego
1257 4501 1301 4548 et
1330 4493 1546 4565 pueruli,
1575 4510 1699 4563 quos
1723 4493 1936 4548 tradidit

350 4590 474 4645 mihi
500 4588 636 4644 Deus
665 4586 815 4661 (Isai.
843 4588 900 4644 8.
934 4585 1044 4659 18).
1071 4586 1189 4641 Νοη
1245 4586 1348 4641 hoc
1400 4594 1579 4641 autem
1624 4586 1821 4653 solum,
1849 4601 1940 4642 ve-

351 4699 470 4739 rum
496 4691 550 4739 et
573 4681 809 4738 membra
831 4681 996 4753 ipsius
1021 4690 1075 4736 et
1098 4694 1292 4751 corpus
1316 4680 1430 4750 ejus
1457 4681 1544 4751 (1.
1569 4679 1684 4734 Cor.
1715 4679 1802 4735 l2.
1823 4679 1937 4751 27).

352 4778 646 4846 Tamquam
677 4774 821 4829 enim
852 4789 959 4828 non
998 4772 1310 4827 sufficerent
1333 4787 1418 4838 ea,
1446 4787 1566 4843 quae
1597 4772 1846 4839 dixerat,
1872 4771 1940 4826 ad

351 4864 821 4925 demonstrandam
873 4865 1320 4930 benevolentiam,
1359 4872 1414 4918 et
1454 4864 1731 4919 caritatem
1777 4879 1937 4934 quam

351 4976 478 5032 erga
507 4974 608 5016 nos
634 4957 874 5023 exhibet,
902 4963 957 5011 et
979 4954 1122 5010 aliud
1144 4954 1228 5010 his
1267 4955 1439 5025 majus
1481 4964 1538 5011 et
1583 4955 1800 5027 propius
1834 4970 1935 5025 po-

352 5056 490 5121 suit,
544 5067 604 5109 se
650 5058 810 5122 caput
856 5060 1099 5105 nostrum
1139 5047 1413 5118 appellans
1461 5046 1686 5122 (Ephes.
1735 5048 1788 5104 1.
1820 5048 1935 5121 22).

353 5145 479 5199 Haec
503 5143 684 5200 omnia
712 5150 861 5198 certo
889 5141 1085 5203 sciens,
1105 5139 1328 5203 dilecte,
1360 5139 1435 5193 sis
1466 5148 1648 5210 gratus
1672 5155 1802 5209 erga
1843 5141 1938 5197 be-

352 5234 680 5291 nefactorem
709 5242 855 5288 tuum
879 5233 1077 5303 optima
1122 5230 1555 5294 conversatione,
1588 5238 1644 5287 et
1689 5232 1938 5287 sacrificii

350 5324 769 5396 magnitudinem
802 5322 1064 5393 cogitans,
1096 5336 1224 5376 orna
1269 5322 1510 5391 corporis
1543 5322 1620 5375 tui
1658 5322 1935 5379 membra:

350 5417 526 5486 cogita
551 5413 679 5485 quid
708 5429 866 5469 manu
895 5412 1095 5483 capias,
1123 5427 1221 5466 nec
1249 5425 1498 5482 umquam
1536 5411 1706 5471 ullum
1743 5413 1938 5469 verbe-

353 5520 473 5561 rare
523 5504 759 5571 audeas,
804 5518 903 5558 nec
951 5510 1099 5557 tanto
1138 5502 1442 5558 decoratam
1487 5517 1740 5569 munere,
1768 5503 1941 5574 plagae

354 5596 582 5652 crimine
631 5594 970 5650 dedecores:
1017 5594 1190 5664 cogita
1231 5594 1358 5664 quid
1403 5608 1565 5650 manu
1614 5595 1834 5665 capias,
1884 5604 1940 5651 et

359 5690 525 5760 ipsam
557 5688 626 5744 ab
653 5687 801 5743 omni
841 5685 1061 5740 avaritia
1087 5696 1142 5741 et
1169 5687 1353 5756 rapina
1394 5687 1618 5746 liberam
1655 5703 1933 5746 conserva.

361 5778 565 5849 chuta
595 5777 736 5851 quod
764 5792 869 5832 non
898 5784 1098 5830 tantum
1130 5792 1287 5831 manu
1320 5779 1499 5849 capias
1520 5823 1532 5847 ,
1562 5796 1749 5837 verum
1778 5789 1826 5838 et
1857 5782 1935 5839 ori

674 5875 947 5957 DATROL.
994 5878 1110 5954 Gtt.
1151 5864 1378 5942 XLlX.

1292 341 1384 396 AD
1423 335 1926 395 lLl.UMlNANDOS
1952 335 2372 395 CATECIIESIS
2396 339 2459 394 ll.

3511 351 3620 414 25L

2034 447 2342 515 admoveas,
2370 460 2424 506 ct
2452 450 2682 526 linguam
2709 454 2915 510 custodi
2959 471 2987 510 a
3020 460 3421 518 contumeliosis
3465 480 3621 520 mun-

2031 537 2153 592 dam
2177 549 2231 593 et
2262 540 2502 610 turpibus
2529 543 2724 610 verbis,
2758 545 3106 617 blasphemia,
3131 553 3389 621 periurio,
3419 564 3473 610 et
3503 557 3620 612 aliis

2032 630 2279 686 omnibus
2330 621 2654 702 hujusmodi.
2686 636 2895 692 Etenim
2944 642 3301 709 perniciosum
3348 655 3465 713 est,
3512 657 3621 704 tam

2034 721 2324 777 tremendis
2359 724 2750 780 ministrantem
2804 732 3075 798 mysteriis
3116 733 3352 804 linguam
3398 746 3453 790 et
3497 752 3622 793 sano

2031 812 2189 880 guine
2218 812 2307 868 tali
2336 826 2700 885 purpuratam,
2730 827 2784 873 et
2809 817 3002 875 factam
3029 837 3268 891 auream,
3293 826 3526 896 gladium
3548 828 3615 885 ad

2032 903 2269 960 convicia
2316 914 2373 961 et
2414 908 2766 964 contumelias
2815 920 2872 965 et
2911 914 3261 971 scurrilitates
3310 919 3621 976 transferre.

2032 994 2302 1053 Reverere
2328 997 2587 1054 honorem
2611 1016 2716 1071 quo
2738 1003 2879 1058 Deus
2904 1005 3073 1075 ipsam
3100 1007 3402 1079 honoravit,
3432 1029 3531 1069 nec
3554 1017 3621 1070 ad

2032 1089 2238 1158 peccati
2269 1103 2420 1144 usum
2445 1090 2612 1162 ipsam
2631 1092 2904 1163 deducas;
2930 1098 3024 1153 sed
3050 1114 3263 1157 rursum
3293 1105 3625 1162 animadver-

2035 1188 2175 1248 tens;
2205 1182 2344 1252 quod
2363 1194 2483 1253 post
2508 1201 2725 1241 manum
2748 1197 2801 1243 et
2824 1189 3054 1260 linguam
3090 1208 3186 1249 cor
3212 1198 3471 1269 suscipiat
3506 1210 3618 1256 tre-

2033 1272 2283 1328 mendum
2314 1275 2442 1330 illud
2473 1279 2784 1348 mysterium
2812 1322 2825 1346 ,
2852 1297 2919 1336 ne
2950 1299 3200 1355 umquam
3236 1287 3289 1342 in
3318 1291 3619 1359 proximum

2031 1377 2260 1420 consuas
2288 1364 2488 1435 dolum,
2518 1369 2614 1424 sed
2652 1381 2887 1426 mentem
2930 1381 3073 1428 tuam
3118 1376 3185 1432 ab
3229 1382 3373 1435 omni
3422 1383 3621 1439 malitia

2035 1458 2287 1512 mundam
2327 1472 2621 1529 conserva;
2652 1463 2729 1519 sic
2775 1473 2828 1520 et
2873 1468 3171 1535 oculos,et
3214 1487 3370 1529 aures
3413 1477 3625 1533 munire

2034 1547 2255 1616 poteris.
2286 1548 2569 1615 Quomodo
2604 1555 2748 1607 enim
2795 1571 2899 1609 non
2933 1566 3015 1612 est
3039 1559 3328 1617 absurdum
3362 1575 3481 1633 post
3510 1583 3626 1639 my-

2032 1639 2217 1694 sticam
2266 1641 2410 1696 illam
2464 1659 2649 1699 vocem
2700 1662 2732 1701 e
2787 1648 2931 1704 caulis
2962 1649 3216 1718 delatam,
3258 1670 3288 1708 a
3332 1654 3622 1714 Cberubim

2031 1730 2173 1800 dico,
2201 1734 2522 1791 meretriciis
2561 1738 2805 1793 cantibus
2850 1750 2904 1795 et
2944 1741 3124 1797 fractis
3170 1747 3418 1804 melodiis
3461 1765 3620 1809 aures

2032 1824 2352 1894 inquinare?
2379 1830 2645 1898 quomodo
2672 1847 2800 1886 vero
2827 1849 2934 1887 non
2957 1844 3194 1891 extrema
3224 1855 3378 1908 pmna
3405 1842 3622 1913 dignum

2031 1923 2116 1969 est
2137 1955 2151 1979 ,
2184 1917 2354 1973 oculis
2395 1919 2588 1988 quibus
2628 1935 2825 1976 arcana
2851 1923 2999 1980 vides
3030 1935 3082 1980 et
3113 1930 3387 1986 tremenda
3431 1946 3625 2005 myste-

2032 2006 2132 2072 ria,
2164 2006 2247 2062 his
2300 2010 2614 2067 meretrices
2665 2021 2931 2082 spectare,
2980 2026 3035 2072 ct
3068 2028 3250 2075 mente
3301 2022 3623 2083 adulterium
3662 2014 3667 2027 ί

2032 2100 2328 2155 exercere?
2355 2101 2438 2157 Ad
2469 2105 2681 2173 nuptias
2711 2116 2932 2162 vocatus
2961 2123 3021 2164 es
3043 2150 3058 2175 ,
3091 2110 3320 2169 dilecte:
3350 2131 3420 2171 ne
3457 2118 3624 2176 intres

2033 2191 2266 2247 sordidis
2299 2192 2520 2250 indutus
2558 2197 2913 2265 veStimeutis,
2956 2200 3052 2256 sed
3101 2205 3299 2274 nuptiis
3333 2222 3621 2281 congruam

2032 2298 2165 2353 cape
2183 2296 2415 2375 vestem.
2455 2287 2514 2343 Si
2555 2290 2698 2345 enim
2727 2291 2795 2346 ad
2822 2294 3039 2364 nuptias
3066 2298 3347 2355 sensibiles
3376 2299 3624 2361 homines

2034 2376 2255 2443 invitati,
2295 2380 2397 2435 etsi
2443 2383 2681 2438 omnium
2731 2388 3057 2456 pauperrimi
3100 2392 3241 2460 sint,
3293 2403 3480 2452 mutuo
3524 2413 3620 2453 suo

2035 2478 2242 2524 mentes
2267 2485 2410 2541 saepe
2428 2474 2515 2529 vel
2541 2486 2781 2533 ementes
2810 2480 3186 2538 vestimentum
3223 2486 3478 2543 mundum
3497 2529 3513 2555 ,
3545 2490 3625 2547 sic

2039 2574 2097 2616 se
2126 2563 2441 2620 vocantibus
2464 2579 2754 2624 occurrunt
2783 2589 2796 2624 :
2828 2580 2880 2626 et
2910 2582 2964 2627 tu
2993 2573 3058 2629 ad
3081 2578 3294 2647 nuptias
3322 2581 3626 2651 spirituales

2036 2663 2087 2707 et
2111 2655 2335 2725 prandia
2357 2668 2577 2714 vocatus
2607 2662 2830 2732 regalia,
2856 2665 3165 2722 consideres
3203 2670 3359 2740 quale
3404 2673 3625 2745 dignum

2036 2745 2103 2799 sit
2130 2757 2181 2802 te
2202 2749 2439 2818 nuptiale
2466 2752 2845 2810 vestimentum
2871 2771 3206 2828 comparare.
3239 2762 3432 2821 Verum
3482 2769 3624 2824 enim

2037 2850 2166 2891 vero
2186 2853 2288 2893 nec
2311 2854 2448 2909 opus
2472 2850 2555 2897 est
2582 2858 2916 2916 comparare,
2947 2849 3042 2904 sed
3074 2851 3189 2921 ipse
3217 2854 3304 2923 qui
3332 2865 3488 2913 vocat
3532 2860 3627 2915 tibi

2037 2928 2131 2983 dat
2175 2933 2375 3000 gratis,
2416 2950 2485 2991 ne
2508 2937 2590 2991 vel
2635 2950 3002 3009 paupertatem
3046 2948 3381 3014 praetendere
3422 2954 3624 3010 valcas.

2041 3019 2234 3078 Scrves
2262 3023 2441 3095 itaque
2473 3029 2612 3096 quod
2654 3034 2909 3101 accepisti
2948 3039 3326 3097 vestimentum
3352 3062 3367 3110 ;
3393 3047 3436 3101 si
3472 3064 3629 3104 nam-

2038 3126 2143 3181 que
2198 3114 2524 3183 perdideris,
2562 3120 2792 3189 amplius
2832 3128 3169 3185 commodato
3219 3135 3464 3204 accipere
3520 3156 3626 3194 non

2042 3204 2281 3273 poteris,
2327 3215 2421 3262 aut
2473 3224 2699 3266 emere:
2744 3229 3006 3285 nusquam
3045 3220 3189 3274 enim
3232 3225 3480 3281 venditur
3525 3231 3629 3286 tale

2041 3297 2433 3354 vestimentum.
2449 3301 2655 3359 Audisti
2684 3308 2951 3376 quomodo
2977 3322 3295 3379 gemuerunt
3317 3317 3440 3371 olim
3465 3321 3632 3378 sacris

2042 3388 2363 3457 introducti,
2405 3402 2459 3448 et
2511 3404 2694 3464 pectus
2728 3412 3134 3470 percusserunt,
3181 3421 3274 3462 eos
3324 3409 3632 3472 stimulante

2041 3482 2367 3539 conscientia
2391 3486 2407 3516 ¹
2426 3486 2449 3540 ?
2467 3486 2755 3545 Considera
2783 3491 2940 3562 igitur
2968 3504 3021 3550 et
3049 3505 3124 3563 tu,
3153 3497 3377 3568 dilecte,
3411 3521 3479 3563 ne
3507 3523 3629 3562 um-

2042 3589 2199 3645 quam
2227 3575 2329 3631 hoc
2357 3577 2595 3648 patiaris.
2620 3580 2899 3649 Quomodo
2921 3596 3098 3642 autem
3125 3607 3229 3645 non
3258 3595 3492 3664 patieris,
3524 3614 3634 3655 non

2043 3668 2259 3736 expulsa
2299 3685 2458 3738 prava
2509 3673 2771 3728 malorum
2811 3680 3236 3738 consuetudine?
3262 3684 3550 3757 Propterea
3579 3702 3633 3747 et

2044 3758 2190 3828 prius
2220 3760 2327 3815 dixi
2371 3770 2426 3817 et
2472 3779 2613 3818 nunc
2659 3765 2798 3831 dico,
2827 3776 2881 3823 et
2905 3769 3083 3826 dicere
3130 3788 3237 3827 non
3275 3776 3559 3848 desistam,
3587 3785 3634 3838 si

2043 3850 2163 3919 quis
2186 3865 2395 3907 morum
2417 3853 2540 3907 vitia
2568 3869 2671 3910 non
2702 3860 2933 3913 correxit
2955 3875 3057 3917 ncc
3094 3862 3193 3919 sibi
3231 3864 3438 3923 facilem
3474 3885 3633 3940 para-

2044 3944 2120 3998 vit
2155 3944 2403 4000 virtutcm
2427 3987 2441 4011 ,
2473 3961 2541 4003 ne
2590 3948 2906 4019 baptizatur.
2938 3953 3124 4009 Priora
3170 3972 3361 4029 nempe
3410 3965 3631 4020 crimina

2044 4036 2314 4091 lavacrum
2344 4038 2559 4096 abluere
2585 4051 2792 4110 potest;
2817 4042 2976 4099 timor
3009 4056 3185 4103 autem
3214 4066 3317 4105 non
3353 4068 3544 4123 parvus
3580 4070 3635 4113 et

2044 4130 2336 4198 periculum
2361 4147 2464 4186 non
2490 4133 2779 4202 mediocre,
2805 4151 2872 4192 ne
2889 4152 3103 4193 rursum
3133 4140 3200 4196 ad
3227 4144 3414 4201 eadem
3440 4148 3631 4205 redea-

2046 4235 2198 4288 mus,
2227 4233 2283 4277 et
2324 4222 2376 4277 in
2416 4224 2606 4279 vulnus
2649 4225 2802 4281 nobis
2840 4228 3106 4285 medicina
3138 4240 3396 4291 vertatur.
3424 4236 3635 4306 Quanto

2044 4329 2271 4385 namque
2310 4316 2480 4386 major
2508 4316 2646 4372 facta
2676 4327 2758 4373 est
2783 4320 2948 4390 gratia
2968 4361 2983 4387 ,
3018 4331 3164 4381 tauto
3188 4328 3414 4398 amplior
3446 4341 3633 4401 postea

2045 4407 2385 4477 peccantibus
2413 4423 2589 4477 poena.

2117 4498 2170 4551 '5.
2211 4497 2288 4552 Ne
2312 4497 2471 4569 igitur
2495 4499 2561 4555 ad
2589 4501 2870 4570 pristinum
2904 4503 3186 4562 redeamus
3209 4511 3498 4580 vomitum,
3522 4515 3633 4586 jam

2046 4604 2145 4644 nos
2169 4590 2313 4659 ipsos
2335 4591 2661 4648 erudiamus.
2686 4594 2838 4663 Quod
2867 4598 3012 4654 enim
3055 4611 3300 4670 oporteat
3340 4606 3488 4674 prius
3512 4624 3635 4680 pos-

2045 4681 2270 4737 nituisse
2298 4692 2353 4737 et
2376 4697 2404 4736 a
2429 4684 2697 4753 prioribus
2724 4686 2995 4745 destitisse
3022 4692 3197 4760 malis,
3222 4702 3277 4749 et
3313 4695 3394 4752 sic
3426 4699 3492 4754 ad
3515 4716 3638 4770 gra-

2044 4773 2171 4827 tiam
2216 4775 2507 4843 accedere,
2533 4777 2656 4834 audi
2700 4779 2827 4849 quid
2865 4780 3097 4837 Joannes
3144 4785 3304 4850 dicat,
3335 4789 3462 4858 quid
3505 4806 3634 4846 vero

2046 4864 2293 4936 princeps
2314 4867 2677 4934 apostolorum
2701 4868 2956 4938 baptizari
2975 4873 3310 4931 debentibus.
3327 4878 3418 4934 ille
3437 4896 3637 4953 nempe

2044 4953 2173 5010 dicit
2204 4972 2218 5010 :
2248 4954 2426 5011 Facite
2454 4959 2676 5028 fructum
2706 4958 2916 5031 dignum
2944 4964 3248 5032 pauitantia:
3272 4982 3293 5021 :
3322 4977 3369 5022 et
3405 4987 3469 5025 ne
3505 4972 3638 5028 inci-

2045 5047 2196 5116 piatis
2218 5048 2382 5103 dicere
2404 5049 2539 5103 intra
2561 5067 2667 5116 uos,
2697 5049 2906 5106 Patrem
2938 5053 3177 5112 habemus
3199 5056 3458 5116 Abraham
3478 5061 3629 5135 (Luc.

2046 5137 2195 5210 5.8).
2228 5138 2325 5194 llic
2352 5147 2527 5195 autem
2545 5141 2997 5212 interrogantibus
3038 5161 3226 5204 rursus
3263 5151 3478 5210 aiebat:
3505 5154 3632 5212 Ιτα-

2045 5229 2302 5282 nitmtiam
2327 5230 2478 5301 agite,
2510 5239 2556 5284 et
2597 5231 2877 5303 baptizetur
2922 5236 3131 5309 quisque
3170 5252 3386 5297 vestrum
3430 5246 3483 5300 in
3532 5265 3630 5303 no-

2044 5319 2178 5373 mine
2222 5318 2432 5375 Domini
2479 5323 2638 5376 nostri
2664 5322 2791 5378 Iesu
2818 5323 3005 5381 Christi
3032 5327 3166 5402 (Act.
3193 5332 3246 5386 2.
3267 5333 3383 5408 33).
3408 5335 3507 5404 Qui
3534 5354 3602 5394 au
3619 5370 3633 5383 ι

2046 5419 2151 5465 tem
2192 5413 2299 5503 agit
2343 5411 2732 5484 pmnitentiam,
2763 5433 2867 5474 non
2909 5422 3138 5491 amplius
3189 5425 3375 5483 eadem
3421 5430 3633 5503 attingit

2046 5502 2285 5572 negotia,
2317 5518 2544 5573 quorum
2572 5508 2819 5576 pmnituit
2848 5527 2863 5564 :
2893 5511 3118 5584 ideoque
3134 5515 3385 5585 iubemur
3406 5502 3588 5578 dicere
3612 5541 3627 5577 :

2046 5593 2379 5650 Abrenuntio
2404 5596 2518 5666 tibi,
2549 5605 2764 5669 satana,
2793 5616 2862 5658 ne
2887 5603 3116 5674 amplius
3143 5605 3211 5661 ad
3247 5607 3419 5678 ipsum
3450 5627 3631 5670 rever-

2108 5730 2131 5807 ξ
2142 5729 2502 5807 enidam‘atssq
2539 5738 2703 5797 pectus
2736 5742 3088 5799 percusserum,
3136 5736 3504 5807 conscientiam,
3536 5757 3632 5799 w-

2044 5792 2432 5856 pergefacientes.

3205 5878 3279 5938 15
