4066 6462
478 385 583 439 935

448 514 677 567 ‘tamur.
723 499 867 555 Sicut
924 495 1080 565 igitur
1122 494 1173 547 in
1225 490 1513 561 pictoribus
1579 485 1814 552 accidit,
1874 483 1951 539 sic
2000 491 2054 538 et

484 608 626 648 nunc
659 591 785 655 flat;
817 588 1011 645 etenim
1052 585 1128 639 illi
1158 582 1360 639 tabulas
1390 587 1785 652 proponentes,
1815 585 1869 632 et
1911 576 2058 631 albas

483 680 939 738 circumduccntes
990 676 1187 735 lineas.
1212 681 1267 729 et
1308 687 1481 742 regias
1506 669 1850 740 depingentes
1878 668 2060 735 imagi-

482 790 608 840 nes,
637 773 944 844 priusquam
995 767 1235 823 colorum
1284 766 1561 818 veritatem
1612 757 2054 829 superinducant,

479 879 598 919 rum
626 862 769 919 omni
797 861 1037 915 libertate
1066 856 1181 912 htee
1210 853 1419 924 quidem
1449 851 1663 917 delent,
1692 849 1779 903 illa
1808 862 1935 902 vero
1974 861 2059 900 re-

479 958 730 1027 pingunt,
758 959 812 1007 et
846 958 1023 1006 errata
1072 948 1399 1017 corrigentes
1422 953 1474 998 et
1516 941 1653 997 male
1701 956 1760 996 se
1810 938 2059 992 habentia.

478 1053 887 1117 transponentes
919 1062 932 1098 :
965 1050 1242 1114 postquam
1273 1053 1400 1093 vero
1431 1036 1541 1107 jam
1576 1034 1809 1089 colorem
1838 1031 2058 1085 induxe-

480 1141 604 1206 rint,
631 1153 740 1195 non
774 1135 1001 1206 amplius
1024 1134 1325 1188 libertatem
1357 1128 1553 1183 habent
1598 1140 1808 1181 rursum
1846 1121 2058 1178 delendi

478 1243 529 1285 et
551 1226 894 1299 depingendi,
925 1224 1173 1296 quoniam
1221 1220 1464 1291 imaginis
1493 1215 1869 1288 pulchritudini
1901 1228 2060 1267 noce-

481 1332 621 1391 rent,
651 1330 706 1378 et
731 1322 846 1376 sine
876 1319 1032 1387 culpa
1064 1315 1178 1371 ﬁeri
1220 1330 1324 1368 non
1355 1323 1534 1384 posset
1566 1329 1578 1365 :
1612 1311 1713 1364 hoc
1753 1317 1810 1363 tu
1847 1323 2059 1378 quoque

478 1418 754 1484 faczputa
798 1412 1030 1465 animam
1078 1422 1200 1463 esse
1242 1405 1336 1460 tibi
1387 1404 1696 1473 imaginem.
1743 1400 2057 1468 Priusquam

478 1508 637 1576 igitur
664 1504 1007 1575 superveniat
1032 1517 1157 1556 vera
1185 1498 1412 1571 Spiritus
1437 1499 1681 1559 tinctura,
1707 1494 1842 1549 male
1873 1493 2059 1548 insitas

480 1599 576 1654 tibi
607 1595 1022 1654 consuetudines
1071 1593 1188 1647 dele
1218 1610 1231 1645 :
1265 1591 1379 1645 sive
1405 1586 1585 1659 jurare
1608 1630 1622 1656 ,
1654 1587 1768 1642 sive
1815 1583 2053 1649 mentiri,

478 1691 591 1744 sive
615 1687 963 1744 contumelias
990 1684 1186 1739 inferre
1206 1723 1220 1748 ,
1246 1682 1357 1737 sive
1381 1680 1553 1751 turpia
1578 1678 1758 1749 loqui,
1788 1677 1901 1730 sive
1926 1673 2055 1729 ridi-

444 1784 447 1794 “
481 1782 601 1836 cuia
630 1782 805 1835 facere
826 1779 1015 1834 solitus
1040 1793 1120 1844 es,
1155 1777 1265 1830 sive
1291 1773 1414 1845 quid
1444 1771 1585 1827 aliud
1615 1769 1916 1841 huiusmodi
1949 1782 2056 1822 non

482 1875 683 1930 licitum
714 1871 941 1927 faciendi
963 1866 1403 1924 consuetudinem
1424 1863 1587 1919 habes
1609 1906 1623 1932 ,
1666 1876 1795 1917 erue
1828 1873 2056 1915 consue-

478 1964 718 2019 tudinem
740 1964 780 2027 ί,
806 1978 872 2017 ne
893 1969 1015 2032 post
1057 1958 1319 2027 baptisma
1344 1969 1555 2011 rursum
1582 1953 1649 2008 ad
1680 1953 1845 2023 ipsam
1876 1963 2059 2018 regre-

478 2055 661 2109 diaris.
713 2052 938 2108 Peccata
993 2049 1133 2105 delet
1174 2048 1443 2102 lavacrum
1476 2062 1490 2104 :
1521 2055 1576 2099 tu
1619 2040 2058 2099 consuetudinem

479 2147 686 2216 corrige
710 2186 724 2212 ,
752 2161 821 2200 ne
844 2145 954 2215 jam
990 2141 1219 2196 inductis
1246 2139 1514 2194 coloribus
1554 2146 1607 2192 et
1632 2136 1890 2191 illustrata
1927 2134 2060 2188 ima-

424 2254 443 2261 “
478 2243 598 2310 gine
627 2239 789 2308 regia,
817 2236 1044 2306 amplius
1076 2233 1279 2299 deleas,
1312 2239 1368 2289 et
1411 2231 1630 2286 vulnera
1680 2238 1735 2285 et
1784 2227 2059 2283 cicatrices

480 2331 677 2386 inferas
714 2345 742 2383 a
774 2329 883 2384 Deo
929 2327 1021 2381 tibi
1048 2326 1171 2381 dato
1209 2324 1408 2380 decori.
1436 2322 1655 2391 Corripe
1699 2319 1859 2391 igitur
1902 2318 2056 2381 iram,

480 2423 755 2491 exstingue
782 2419 1035 2484 furorem,
1064 2416 1177 2472 sive
1202 2416 1321 2486 quis
1350 2413 1546 2468 afﬁciat
1571 2411 1764 2481 injuria
1790 2410 1903 2464 sive
1927 2422 2058 2463 con-

481 2514 697 2569 tumelia
720 2555 734 2579 ,
767 2510 1015 2582 lacrymis
1059 2508 1209 2564 illum
1254 2518 1581 2577 prosequere
1613 2519 1628 2560 :
1661 2517 1727 2557 ne
1772 2499 2061 2569 indigneris

480 2616 535 2659 tu
555 2648 567 2669 ,
600 2602 845 2667 condole,
874 2616 941 2655 ne
969 2597 1305 2655 exacerberis
1334 2614 1347 2650 :
1382 2611 1449 2651 ne
1476 2595 1643 2661 dicas,
1678 2593 1730 2647 in
1759 2593 1932 2646 anima
1961 2604 2059 2660 pa-

482 2704 583 2756 tior
612 2698 878 2770 injuriam.
920 2695 1089 2751 Nemo
1123 2701 1208 2749 est
1241 2691 1293 2745 in
1328 2690 1503 2744 anima
1533 2686 1777 2758 injuriam
1820 2686 2057 2755 patiens,

482 2796 582 2848 nisi
630 2806 727 2846 nos
754 2791 898 2860 ipsos
937 2788 989 2842 in
1034 2786 1210 2840 anima
1248 2782 1442 2853 injuria
1481 2779 1808 2841 afﬁciamus;
1833 2784 1889 2831 ct
1927 2789 2062 2846 quo-

484 2885 644 2941 modo
670 2883 722 2938 id
753 2882 825 2936 ita
862 2881 961 2943 sit,
981 2880 1093 2948 jam
1118 2875 1312 2936 dicam,
1332 2872 1520 2928 Ablata
1551 2880 1633 2925 est
1671 2883 1759 2923 res
1803 2877 1926 2933 tua;
1954 2880 2060 2919 non

485 2991 672 3048 passus
706 2990 766 3030 es
793 2974 845 3029 in
875 2971 1068 3036 anima,
1101 2968 1196 3025 sed
1223 2967 1277 3022 in
1304 2965 1541 3038 pecuniis
1570 2981 1583 3017 :
1612 2962 1655 3018 si
1682 2972 1739 3017 tu
1771 2974 1899 3016 vero
1939 2958 2063 3013 mali

486 3067 801 3125 memoriam
845 3078 1047 3132 serves,
1072 3063 1124 3116 in
1168 3060 1348 3114 anima
1376 3067 1431 3112 tu
1463 3058 1690 3126 teipsum
1717 3053 1901 3108 larsisti
1932 3069 1944 3104 :
1970 3064 2065 3121 pe-

485 3161 656 3216 cuniae
682 3158 822 3215 enim
867 3156 1055 3211 ablatae
1080 3153 1212 3209 nihil
1240 3150 1472 3207 animam
1497 3150 1772 3212 laeserunt,
1802 3160 1984 3201 verum
2012 3153 2068 3199 et

486 3253 841 3322 adiuverunt;
890 3256 945 3302 tu
970 3261 1098 3301 vero
1120 3260 1228 3299 non
1261 3243 1392 3297 iram
1423 3239 1717 3322 dimittens,
1747 3250 1934 3307 poenas
1961 3235 2068 3289 illic

486 3343 644 3414 hujus
673 3349 902 3396 servata:
930 3337 1191 3392 malorum
1216 3332 1487 3389 memoria
1506 3316 1678 3385 dabis.
1705 3328 1973 3384 Conviciis
2017 3334 2069 3381 te

487 3434 749 3505 quispiam
775 3439 832 3486 et
853 3427 1192 3485 contumeliis
1217 3424 1424 3480 ali’ecit?
1449 3432 1499 3479 te
1526 3423 1600 3477 nil
1625 3422 1676 3475 in
1705 3421 1880 3475 anima
1910 3418 2067 3485 laesit,

488 3524 586 3582 sed
620 3537 719 3578 nec
747 3522 799 3575 in
829 3534 1072 3589 corpore.
1102 3518 1181 3571 Tu
1207 3516 1439 3571 vicissim
1476 3511 1827 3570 contumelias
1855 3517 1909 3567 et
1936 3525 2069 3567 con-

490 3618 628 3673 vicia
657 3613 921 3670 intulisti?
949 3612 1175 3681 teipsum
1212 3609 1266 3664 in
1293 3609 1468 3663 anima
1515 3605 1719 3670 laesisti,
1739 3620 1924 3660 eorum
1952 3618 2071 3674 quae

491 3707 694 3771 dixisti,
713 3704 821 3759 illic
839 3717 1025 3772 ptenas
1052 3700 1342 3755 subiturus.
1367 3698 1436 3752 Et
1461 3698 1562 3753 hoc
1581 3696 1819 3751 omnium
1840 3693 2072 3749 maxime

497 3813 589 3853 vos
629 3805 836 3852 certum
879 3794 1023 3848 scire
1066 3793 1225 3858 volo,
1255 3789 1617 3845 Christianum
1660 3795 1716 3842 et
1760 3785 1969 3841 ﬁdelem
2018 3783 2071 3839 in

494 3890 668 3945 anima
706 3902 867 3959 posse
905 3885 1100 3940 laedere
1141 3882 1537 3953 neminem,nee
1565 3882 1738 3951 ipsum
1781 3879 2070 3934 diabolum.

495 3981 602 4036 Nec
623 3979 725 4036 hoc
754 3986 956 4035 tantum
981 3983 1064 4031 est
1079 3974 1414 4040 admirabile,
1442 3971 1583 4043 quod
1614 3988 1711 4027 nos
1741 3971 1881 4025 Deus
1903 3969 2072 4025 omni-

496 4076 596 4129 bus
620 4070 826 4127 insidiis
849 4068 1288 4139 inexpugnabiles
1319 4067 1524 4133 fecerit,
1543 4080 1729 4121 verum
1760 4073 1814 4119 et
1840 4063 1980 4134 quod
2007 4063 2076 4118 ad

496 4179 711 4221 omnem
735 4161 949 4218 virtutis
977 4160 1341 4231 operationem
1369 4173 1466 4212 nos
1495 4166 1648 4227 aptos
1683 4157 1949 4226 paraverit
1979 4173 1992 4209 :
2023 4163 2078 4209 et

497 4257 933 4329 impedimentum
956 4255 1156 4308 nullum
1178 4264 1280 4320 est,
1299 4254 1342 4307 si
1374 4252 1616 4318 velimus,
1640 4251 1767 4305 licet
1793 4264 2075 4320 pauperes,

484 4352 611 4405 sive
636 4362 863 4418 corpore
892 4346 1185 4402 imbecilles
1205 4386 1218 4409 ,
1250 4346 1361 4400 sive
1383 4345 1573 4415 abjecti
1594 4386 1609 4410 ,
1641 4345 1752 4400 sive
1782 4343 2039 4415 ignobiles
2059 4384 2076 4411 ,

499 4443 612 4497 sive
635 4441 796 4495 servi.
825 4437 936 4493 Nec
960 4437 1101 4492 enim
1129 4447 1435 4507 paupertas,
1460 4450 1560 4491 nec
1589 4436 1951 4501 imbecillitas,
1979 4449 2080 4490 nec

500 4531 747 4602 corporis
803 4528 1088 4595 mutilatio,
1117 4542 1223 4582 non
1267 4528 1518 4594 servitus,
1551 4542 1656 4582 non
1702 4525 1845 4581 aliud
1893 4527 2079 4582 talium

500 4620 771 4693 quidpiam
799 4618 868 4673 ad
906 4618 1157 4673 virtutem
1185 4618 1618 4687 impedimentum
1649 4632 1769 4674 esse
1793 4625 1971 4688 queat.
2014 4617 2083 4672 Et

499 4711 627 4783 quid
655 4709 775 4765 dico
799 4722 1085 4780 pauperem
1118 4719 1172 4765 et
1190 4725 1400 4765 servum
1435 4718 1489 4765 et
1509 4703 1831 4781 ignobilem?
1855 4709 2013 4764 etiam
2038 4708 2083 4762 si

499 4803 742 4875 captivus
772 4802 868 4869 sis,
896 4816 996 4857 nec
1018 4800 1118 4857 hoc
1149 4802 1242 4858 tibi
1269 4801 1333 4857 ad
1357 4802 1607 4857 virtutem
1638 4800 2077 4870 impedimentum

494 4899 597 4963 ﬁt;
624 4904 679 4951 et
699 4910 807 4967 quo
832 4894 884 4949 id
906 4894 1066 4950 modo
1094 4895 1181 4959 sit,
1212 4894 1403 4949 dicam.
1422 4893 1645 4961 Quidam
1672 4892 2085 4947 domesticorum

506 5001 558 5047 te
592 4987 930 5043 contristavit
957 4995 1013 5041 et
1049 4986 1317 5041 irritavit?
1344 4986 1444 5055 ipsi
1490 4986 1622 5039 iram
1658 4984 1886 5039 remitte.
1917 4982 2085 5037 Num-

500 5077 630 5149 quid
659 5078 753 5133 tibi
788 5077 989 5134 adhoc
1030 5077 1237 5133 vincula
1279 5086 1333 5133 et
1361 5085 1647 5146 paupertas
1684 5083 1738 5129 et
1787 5074 2087 5145 ignobilitas

507 5168 953 5240 impedimentum
975 5169 1112 5224 facta
1144 5170 1310 5225 sunt?
1337 5168 1403 5222 Et
1427 5166 1554 5238 quid
1580 5166 1701 5222 dico
1728 5166 2084 5236 impedimen-

505 5280 616 5325 tum
637 5264 664 5319 ‘l
690 5272 747 5320 et
774 5266 952 5334 potius
976 5263 1193 5331 quidem
1220 5262 1471 5332 adjuvant
1498 5277 1514 5317 :
1541 5274 1773 5331 namque
1807 5269 1862 5315 et
1887 5274 2084 5329 coope-

506 5365 691 5415 rantur
718 5356 788 5411 ad
842 5356 1146 5425 superbiam
1187 5354 1664 5424 comprimendam.
1693 5353 1883 5410 Vidisti
1925 5353 2088 5409 alium

504 5449 733 5505 feliciter
768 5446 1059 5519 agentem?
1084 5463 1152 5502 ne
1180 5446 1418 5501 invideas
1441 5462 1456 5514 ;
1479 5461 1601 5502 nam
1628 5462 1728 5503 nec
1751 5446 1838 5502 hic
1869 5460 2094 5515 pauper-

511 5550 593 5595 tas
615 5540 1052 5611 impedimentum
1079 5546 1178 5594 est.
1206 5537 1434 5594 Rursum
1477 5555 1597 5596 cum
1633 5554 1789 5596 orare
1817 5538 2090 5605 convenit,
2164 5570 2167 5573 -

513 5630 688 5685 sobria
711 5639 765 5685 et
791 5630 936 5699 vigili
962 5637 1143 5686 mente
1168 5628 1270 5684 hoc
1301 5639 1494 5698 praesta
1520 5672 1536 5699 ,
1568 5640 1623 5688 et
1650 5645 1750 5687 nec
1789 5629 1875 5686 hic
1922 5628 2090 5686 ullum

578 5797 596 5828 ³
632 5797 713 5848 Alii
732 5815 839 5851 cum
870 5804 1027 5864 Savil..
1051 5804 1159 5855 dcte
1179 5807 1581 5859 cmtsuetudtnem.

1215 380 1271 435 s.
1311 374 1589 433 JOANNlS
1627 366 2100 429 CllltYSOSTOMl
2138 368 2449 426 ARClllEP.
2497 371 3033 433 CONSTANTINOP.

2168 488 2268 539 erit
2336 484 2691 543 obstaculum.
2784 488 3207 561 Benignitatem,
3279 498 3759 559 mansuetudinem

2163 590 2375 631 onmem
2424 578 2616 634 exhibe
2635 622 2650 645 ,
2680 580 2997 639 modestiam
3016 625 3030 648 ,
3062 584 3395 644 honestatem
3425 607 3439 643 :
3472 607 3571 649 nec
3596 596 3755 650 enim

2160 666 2259 721 ista
2291 668 2615 724 exteriorum
2642 671 2880 743 indigent
2903 676 3242 732 auxiliorum.
3284 680 3350 735 Et
3380 681 3482 737 hoc
3518 692 3601 741 est
3644 685 3757 741 im-

2163 760 2351 828 primis
2379 761 2673 817 maximum
2700 764 2714 795 ¹
2737 806 2752 830 ,
2783 765 2929 836 quod
2955 782 3062 821 non
3091 768 3309 837 divitiis,
3336 787 3441 826 non
3473 775 3753 844 potentia,

2162 863 2267 906 aon
2294 852 2481 923 gloria,
2506 869 2613 909 non
2651 854 2753 911 alia
2802 859 3049 928 quapiam
3078 860 3261 916 talium
3289 878 3465 918 rerum
3488 880 3622 936 opus
3647 866 3758 921 has

2163 942 2304 1010 beat,
2330 945 2422 1000 sed
2452 946 2628 1000 anima
2672 956 2876 1003 tantum
2919 951 3283 1019 sanctiﬁcata,
3311 961 3366 1008 et
3399 954 3475 1009 nil
3514 957 3756 1026 amplius

2162 1034 2413 1105 inquirat.
2446 1036 2673 1109 Respice
2700 1054 2827 1094 vero
2871 1048 2924 1095 et
2965 1040 3019 1095 in
3053 1043 3219 1111 gratia
3250 1043 3352 1098 hoc
3377 1044 3550 1114 ipsum
3580 1047 3700 1102 ﬁeri
3734 1066 3753 1103 :

2164 1126 2274 1181 sive
2300 1128 2418 1197 quis
2447 1128 2587 1183 enim
2608 1128 2894 1199 claudicet,
2923 1140 2978 1187 et
3002 1132 3202 1187 evulsis
3226 1134 3297 1188 sit
3319 1136 3487 1191 oculis
3508 1178 3525 1204 ,
3552 1146 3605 1192 et
3625 1152 3757 1193 cor-

2161 1230 2293 1288 pore
2349 1219 2585 1287 mutilus,
2628 1220 2739 1275 sive
2778 1221 2833 1276 in
2880 1230 3175 1278 extremam
3222 1223 3470 1295 delapsus
3516 1227 3755 1283 inﬁrmi-

2165 1318 2349 1374 tatcm,
2382 1310 2450 1365 ab
2478 1312 2667 1366 horum
2694 1313 2841 1367 nullo
2860 1316 3031 1384 gratia
3052 1316 3237 1372 venire
3264 1317 3592 1386 prohibetur.
3614 1323 3755 1376 Ani-

2161 1413 2304 1452 mam
2331 1401 2473 1455 enim
2501 1405 2732 1474 exquirit
2769 1404 2938 1459 solam
2989 1420 3048 1462 se
3090 1421 3214 1461 cum
3248 1408 3528 1465 alacritate
3565 1412 3750 1467 susci-

2165 1491 2397 1558 pientem
2428 1535 2442 1558 ,
2491 1504 2544 1549 et
2603 1497 2716 1551 hate
2790 1498 2970 1552 omnia
3032 1499 3297 1556 exteriora
3360 1504 3747 1571 praztercurrit.

2164 1583 2517 1639 Externorum
2546 1585 2757 1656 quidem
2792 1588 3018 1642 militum
3045 1598 3097 1644 et
3126 1592 3371 1660 corporis
3399 1600 3652 1648 staturam
3684 1601 3753 1649 et

2161 1674 2355 1729 bonam
2384 1678 2561 1731 carnis
2602 1676 2968 1735 habitudinem
3000 1683 3285 1750 exquirunt
3313 1684 3402 1753 qui
3434 1685 3578 1753 ipsos
3603 1687 3750 1741 mili-

2162 1765 2250 1819 tite
2293 1766 2639 1835 adscribunt;
2674 1783 2779 1822 non
2846 1770 2963 1826 haec
3008 1781 3185 1827 autem
3227 1774 3341 1829 sola
3394 1776 3748 1832 militaturum

2162 1867 2375 1928 Oportet
2404 1858 2623 1925 habere,
2657 1875 2845 1916 verum
2887 1870 2943 1916 et
2980 1862 3281 1919 libertatem
3303 1881 3318 1931 ;
3344 1865 3389 1920 si
3436 1867 3556 1936 quis
3595 1869 3744 1922 enim

2164 1950 2236 2004 sit
2282 1965 2469 2006 servus
2499 1993 2514 2019 ,
2563 1951 2803 2021 rejicitur
2844 1954 3139 2009 :czelorum
3191 1964 3370 2010 autem
3416 1957 3530 2013 Rex
3558 1960 3579 1990 ⁸
3608 1959 3745 2013 nihil

2164 2045 2267 2099 tale
2288 2045 2532 2115 requirit,
2559 2045 2655 2100 sed
2681 2054 2736 2101 et
2762 2061 2946 2101 servos
2974 2046 3025 2101 in
3059 2050 3355 2103 exercitum
3386 2066 3540 2105 suum
3567 2052 3744 2107 susci-

2165 2141 2264 2208 pit,
2297 2149 2352 2193 et
2383 2153 2562 2205 senes,
2588 2146 2643 2192 et
2688 2137 2949 2193 invalidos
2993 2140 3250 2196 membris
3271 2183 3288 2209 ,
3317 2157 3490 2211 neque
3508 2157 3631 2197 eum
3661 2152 3745 2197 ta-

2167 2234 2293 2289 lium
2329 2235 2489 2304 pudet
2520 2252 2533 2287 :
2565 2249 2671 2305 quo
2700 2234 2827 2306 quid
2861 2235 3142 2291 humanius
3173 2245 3266 2289 aut
3291 2236 3572 2307 benignius
3595 2237 3743 2308 cogi-

2167 2326 2263 2381 tari
2294 2326 2505 2394 potest?
2530 2326 2627 2382 Hic
2651 2328 2794 2383 enim
2820 2342 2883 2383 ea
2912 2328 3265 2394 solummodo,
3298 2344 3417 2399 quae
3462 2330 3517 2383 in
3564 2339 3745 2385 nostra

2165 2426 2429 2487 potestate
2477 2418 2579 2473 sita
2627 2426 2768 2483 sunt,
2799 2419 3029 2488 quaerit;
3060 2419 3133 2473 illi
3171 2434 3302 2473 vero
3347 2435 3465 2488 qua:
3504 2420 3602 2473 sita
3636 2435 3743 2473 non

2165 2519 2311 2564 sunt.
2340 2510 2581 2565 Servitus
2620 2510 2763 2565 enim
2799 2510 2886 2566 vel
2922 2511 3144 2566 libertas
3173 2510 3227 2564 in
3258 2518 3523 2580 potestate
3563 2519 3743 2563 nostra

2165 2602 2267 2657 sita
2293 2616 2398 2657 non
2428 2609 2591 2669 sunt,
2623 2601 3070 2671 quemadmodum
3102 2616 3276 2672 neque
3318 2600 3613 2671 proceritas
3633 2609 3744 2654 sta-

2168 2704 2301 2748 turae
2353 2703 2446 2747 aut
2479 2693 2754 2760 brevitas,
2787 2708 2962 2762 neque
3010 2692 3241 2760 senium,
3294 2701 3348 2747 et
3399 2706 3747 2762 quaecumque

2170 2787 2330 2852 talia;
2363 2794 2696 2841 mansuetum
2728 2795 2905 2841 autem
2934 2795 2989 2841 et
3021 2785 3205 2840 mitem
3235 2800 3375 2851 esse,
3407 2795 3462 2840 ct
3489 2784 3571 2839 his
3602 2784 3749 2840 siuti-

2168 2877 2238 2933 lia
2264 2920 2277 2944 ,
2308 2879 2597 2934 voluntatis
2641 2888 2841 2935 nostra}
2892 2887 3037 2933 sunt.
3073 2878 3142 2933 Et
3195 2877 3309 2932 haec
3351 2877 3465 2932 sola
3516 2893 3547 2932 a
3596 2875 3750 2931 nobis

2170 2970 2312 3026 Deus
2353 2970 2552 3041 exigit,
2584 2985 2811 3040 quorum
2859 2982 2958 3023 nos
3002 2968 3209 3024 domini
3254 2982 3473 3034 sumus,
3506 2976 3560 3021 et
3599 2965 3751 3021 valde

2169 3070 2532 3131 congruenter
2561 3079 2574 3115 :
2606 3075 2712 3114 non
2743 3061 2884 3114 enim
2907 3067 3126 3129 propter
3145 3058 3414 3130 propriam
3440 3057 3747 3122 utilitatem,

2171 3157 2265 3211 sed
2295 3165 2513 3226 prepter
2539 3151 2947 3208 beneﬁcentiam
2976 3165 3075 3205 nos
3104 3150 3171 3205 ad
3217 3164 3368 3204 suam
3394 3148 3622 3219 gratiam
3654 3163 3751 3201 vo-

2172 3257 2273 3311 cat,
2305 3262 2462 3315 reges
2489 3259 2619 3301 vero
2646 3244 2713 3298 ad
2742 3243 3096 3298 ministerium
3118 3256 3274 3297 suum
3308 3259 3324 3294 :
3354 3250 3409 3295 et
3438 3240 3516 3293 illi
3541 3238 3752 3309 quidem

2174 3337 2239 3392 ad
2287 3337 2483 3390 bellum
2516 3333 2731 3389 trahunt
2770 3333 3025 3387 sensibile
3049 3373 3065 3400 ,
3107 3331 3194 3386 hic
3231 3337 3407 3385 autem
3423 3328 3489 3385 ad
3525 3342 3754 3400 pugnam

2175 3428 2524 3501 spiritualem.
2552 3425 2662 3480 Nec
2689 3426 2742 3479 in
2769 3424 2923 3479 bellis
2951 3431 3152 3478 tantum
3179 3422 3417 3477 externis
3442 3461 3457 3486 ,
3486 3434 3668 3474 verum
3695 3426 3754 3473 et

2174 3520 2228 3574 in
2250 3516 2629 3574 certaminibus
2651 3515 2893 3571 eamdem
2916 3515 3034 3585 quis
3062 3514 3326 3569 rationem
3358 3511 3540 3568 videre
3567 3510 3752 3581 possit.

2177 3613 2233 3668 in
2262 3612 2391 3668 illud
2420 3611 2562 3667 enim
2588 3609 2854 3666 theatrum
2889 3608 2981 3679 qui
3012 3606 3262 3664 trahendi
3282 3614 3426 3672 sunt,
3458 3619 3566 3659 non
3607 3603 3757 3674 prius

2177 3704 2506 3761 descendunt
2552 3704 2604 3757 in
2648 3701 2937 3757 certamina
2965 3739 2981 3765 ,
3031 3699 3204 3753 donec
3263 3697 3409 3766 ipsos
3479 3709 3759 3750 assumens

2179 3812 2357 3869 praeco
2385 3795 2484 3851 sub
2510 3793 2751 3849 omnium
2788 3791 2958 3846 oculis
2993 3788 3361 3845 circumducat
3389 3787 3654 3851 clamans,
3681 3793 3760 3838 at-

2179 3905 2283 3960 que
2310 3887 2493 3944 dicens
2522 3904 2537 3941 :
2568 3885 2705 3940 Num
2744 3884 2862 3956 quis
2900 3882 3044 3937 hunc
3070 3880 3330 3936 accusat?
3358 3879 3459 3935 etsi
3506 3880 3613 3960 illic
3653 3893 3759 3933 non

2180 3956 2393 4048 animae,
2424 3979 2519 4034 sed
2544 3978 2787 4046 corporis
2815 3990 3007 4046 pugna:
3034 3974 3173 4029 sint:
3195 3987 3362 4044 quare
3390 3956 3548 4042 igitur
3573 3970 3761 4025 nobili-

2181 4077 2304 4130 tatis
2326 4075 2560 4129 rationes
2589 4069 2855 4140 requirisi
2880 4068 2978 4123 Hic
3001 4080 3131 4124 vero
3157 4065 3288 4119 nihil
3314 4065 3439 4130 tale,
3469 4062 3561 4118 sed
3592 4071 3760 4117 totum

2182 4168 2506 4225 contrarium
2560 4182 2575 4218 :
2617 4179 2740 4218 cum
2798 4175 2906 4217 non
2962 4161 3017 4214 in
3087 4172 3339 4212 manuum
3393 4154 3759 4211 collationibus

2185 4261 2293 4315 sint
2340 4258 2496 4313 nobis
2538 4253 2851 4319 certamina,
2883 4250 2981 4307 sed
3027 4250 3081 4305 in
3129 4249 3293 4304 animi
3328 4246 3666 4318 philosophia
3708 4253 3761 4299 et

2184 4350 2380 4406 mentis
2407 4349 2624 4414 virtute,
2654 4345 2980 4400 contrarium
3006 4339 3328 4411 agonotheta
3365 4345 3550 4393 noster
3593 4336 3714 4390 facit
3741 4353 3756 4388 :

2184 4459 2292 4499 non
2323 4442 2496 4513 ipsum
2526 4450 2805 4494 assumens
2831 4432 3202 4499 circumducit,
3234 4439 3290 4487 et
3311 4429 3464 4485 dicit:
3486 4428 3623 4482 Num
3648 4427 3760 4497 quis

2187 4535 2331 4590 hunc
2379 4529 2637 4587 accusat?
2674 4528 2770 4583 sed
2797 4526 3035 4583 clamat:
3069 4522 3221 4578 Licet
3264 4533 3453 4578 omnes
3498 4518 3760 4582 homines,

2187 4626 2312 4683 licet
2337 4626 2607 4682 daemones
2631 4636 2751 4678 cum
2779 4619 2993 4675 diabolo
3013 4617 3287 4674 constituti
3314 4617 3486 4687 ipsum
3516 4619 3764 4669 accusent

2188 4719 2256 4776 de
2281 4715 2600 4789 turpissimis
2626 4723 2681 4770 et
2708 4712 2931 4768 occultis
2965 4709 3296 4774 criminibus,
3325 4722 3432 4763 non
3459 4705 3644 4775 rejieio
3669 4718 3764 4759 nec

2189 4810 2489 4876 abominor,
2514 4805 2610 4863 sed
2635 4805 2702 4860 ab
2728 4802 3130 4861 accusatoribus
3159 4801 3332 4871 ipsum
3358 4799 3592 4854 liberans
3614 4802 3667 4851 et
3701 4793 3765 4848 ab

2190 4903 2470 4973 iniquitate
2513 4898 2832 4966 absolvens,
2882 4896 2962 4952 sic
3006 4895 3073 4950 ad
3119 4891 3412 4949 certamina
3457 4889 3641 4944 duco:
3673 4900 3765 4940 nec

2192 4993 2479 5048 immerito.
2511 4992 2623 5047 Illic
2652 4989 2795 5046 enim
2821 4987 3143 5059 agonotheta
3176 4985 3249 5040 nil
3279 4981 3608 5038 certantibus
3638 4992 3763 5033 con—

2195 5085 2295 5141 fert
2313 5083 2381 5139 ad
2403 5083 2677 5139 victoriam
2698 5123 2713 5150 ,
2737 5081 2831 5137 sed
2854 5079 3059 5136 medius
3093 5077 3411 5133 constitutus
3432 5082 3539 5139 est;
3568 5072 3654 5126 hic
3679 5086 3767 5123 att-

2194 5188 2300 5235 tem
2349 5176 2670 5248 agonotheta
2704 5174 2917 5246 pietatis
2954 5171 3436 5243 propugnatoribus
3479 5165 3767 5223 commilito

2196 5272 2255 5325 ﬁt
2284 5279 2337 5327 et
2365 5269 2668 5335 auxiliator,
2697 5282 2819 5322 cum
2861 5265 2988 5338 ipsis
3018 5274 3203 5320 contra
3232 5260 3503 5319 diabolum
3546 5271 3769 5329 pugnam

2196 5367 2555 5422 committens.

2269 5461 2321 5516 4.
2349 5458 2457 5515 Nec
2484 5458 2585 5514 hoc
2608 5465 2811 5513 tantum
2837 5463 2919 5511 est
2939 5453 3269 5525 admirabile,
3301 5451 3441 5525 quod
3470 5448 3622 5505 nobis
3649 5462 3772 5522 pce-

2208 5742 2218 5753 _
2265 5685 2281 5711 ¹
2324 5682 2423 5753 tiu,
2446 5683 2624 5753 hocpest
2657 5673 3101 5753 ίιηρτὴῃᾷειῑξὶγευιὶε
3129 5674 3429 5735 maxinutm;
3457 5669 3559 5731 alii,
3584 5669 3688 5721 har
3709 5671 3777 5717 est

2199 5742 2437 5810 imprimis
2461 5744 2646 5793 virtutis
2669 5740 2964 5810 magnitudo.

2271 5811 2292 5840 ³
2314 5804 2434 5860 Alii.
2454 5817 2775 5857 tuncet-sarum
2794 5808 2949 5851 auum
2974 5807 3090 5850 Rex.
