4066 6480
238 458 345 513 Q37

246 574 378 643 ἡμῖν
413 571 480 626 τὰ
512 569 899 642 ἁμαρτήματα,
930 564 1044 619 ἀλλ’
1068 564 1149 618 ὅτι
1200 562 1341 616 αὑτά
1393 560 1515 614 οὑδέ
1567 558 1922 620 ἐκκαλύπτει,

244 660 368 716 οὐδὲ
397 663 542 716 ποιεῖ
568 657 775 730 φανερά
796 655 889 710 καὶ
915 654 1070 724 δῆλα,
1096 653 1217 706 οὑδέ
1236 650 1535 720 ἀναγκάζει
1558 646 1924 719 παρελθόντας

248 752 329 812 είς
362 749 526 819 μέσον
552 746 785 812 ἐξειπεῖν
814 744 884 797 τά
913 739 1449 812 πεπλημμελημένα,
1467 735 1747 807 ἀλλάὑτῷ
1780 736 1925 808 μόνῳ

243 833 687 907 ἀπολογήσασθαι
704 830 917 885 κελεύει
941 829 1034 884 καὶ
1059 829 1196 901 πρὸς
1220 827 1382 882 αὑτὸν
1404 825 1922 895 ἐξομολογήσασθαι.

247 928 442 981 Καίτοι
482 941 546 991 γε
577 925 642 977 ἐκ
671 920 780 974 τῶν
808 918 1009 985 ἔξωθεν
1038 916 1308 972 δικαστῶν
1335 916 1388 968 εί
1412 932 1498 977 τις
1531 908 1654 966 εἶπέ
1685 930 1790 966 τινι
1818 912 1925 965 τῶν

247 1017 482 1069 ἁλόντων
511 1009 723 1086 λῃστῶν
751 1008 784 1080 ἥ
820 1005 1218 1079 τυμϐωρύχων,
1243 1004 1418 1057 εἰπεῖν
1442 1001 1513 1055 τά
1538 999 1928 1071 πεπλημμελη-

250 1104 406 1173 μένα,
437 1101 531 1154 καὶ
571 1097 839 1168 ἀφεθῆναι
869 1097 969 1166 τῆς
1014 1093 1313 1157 κολάσεως,
1356 1090 1505 1161 πάσῃ
1546 1087 1827 1160 προθυμίᾳ
1860 1086 1925 1140 ἂν

244 1187 598 1253 κατεδέξαντο
642 1184 823 1249 τοῦτο,
857 1185 922 1253 τῇ
958 1180 1060 1252 τῆς
1099 1179 1375 1250 σωτηρίας
1413 1174 1681 1247 ἐπιθυμίᾳ
1709 1174 1809 1245 τῆς
1838 1174 1918 1228 αί-

246 1277 449 1349 σχύνης
503 1270 998 1344 καταφρονοῦντες,
1038 1266 1307 1321 Ἐνταῦθα
1374 1265 1430 1318 δὲ
1482 1264 1634 1317 οὐδὲν
1688 1260 1927 1316 τοιοῦτόν

243 1371 412 1431 ἐστιν,
438 1366 574 1421 ἀλλὰ
598 1365 694 1419 καὶ
716 1363 914 1432 ἀφίησι
935 1360 1006 1413 τὰ
1025 1360 1247 1431 ἀμαρτή
1259 1375 1424 1428 ματα,
1439 1356 1542 1410 οιαὶ
1563 1355 1662 1408 οὑκ
1686 1353 1927 1421 ἀναγκά-

244 1459 326 1522 ζει
366 1454 653 1527 παρόντων
691 1449 853 1505 τινῶν
891 1446 1033 1502 αὑτὰ
1066 1444 1461 1517 ἐκπομπεύειν,
1514 1442 1629 1496 ἀλλ’
1660 1441 1718 1495 ἐν
1769 1440 1926 1511 μόνον

243 1545 415 1616 ζητεῖ,
446 1544 595 1605 ὅπως
630 1538 795 1602 αὑτὸς
824 1539 852 1591 6
879 1539 978 1607 τῆς
1022 1534 1272 1605 ἀφέσεως
1304 1530 1594 1587 ἀπολαύων
1641 1528 1804 1616 μάθοι
1830 1528 1929 1598 τῆς

241 1611 452 1704 δωρεᾶς
482 1630 543 1683 τὸ
576 1626 822 1700 μέγεθος.
865 1623 989 1687 Πῶς
1032 1618 1127 1675 οῦν
1159 1622 1258 1674 οὑκ
1289 1622 1488 1675 ἄτοπον
1531 1620 1588 1671 ἐν
1633 1611 1716 1681 οἷς
1765 1616 1928 1681 αὑτὸς

243 1721 394 1791 ἡμᾶς
419 1717 701 1789 εὐεργετεῖ
721 1716 769 1766 εί
789 1714 1009 1784 ἀρκοῖτο
1030 1712 1095 1781 τῇ
1120 1708 1249 1781 παρ’
1278 1707 1434 1779 ήμῶν
1460 1704 1738 1779 μαρτυρίᾳ
1766 1704 1924 1777 μόνῃ,

244 1811 406 1879 ἡμεῖς
433 1807 489 1860 δὲ
514 1806 572 1858 ἐν
603 1797 684 1865 οἷς
706 1800 866 1854 αὑτὸν
889 1797 1288 1869 θεραπεύομεν,
1319 1795 1538 1867 ἐτέρους
1560 1791 1927 1865 ἐπιζητοῦμεν

249 1897 529 1967 μάρτυρας
560 1890 655 1944 καὶ
684 1889 820 1960 πρὸς
848 1884 1106 1950 ἐπίδειξίν
1133 1902 1187 1938 τι
1214 1883 1504 1955 ποιοῦμεν;
1536 1881 1928 1952 Θαυμάσαντες

243 1983 421 2036 τοίνυν
457 1979 556 2051 τὴν
587 1976 749 2033 αὑτοῦ
780 1973 1182 2045 φιλοφροσύνην
1227 1969 1629 2042 ἐπιδειξώμεθα
1670 1968 1741 2023 τά
1797 1969 1927 2040 παρ’

245 2070 422 2142 ἡμῶν,
457 2068 553 2123 καὶ
602 2064 709 2137 πρὸ
762 2062 871 2117 τῶν
919 2061 1095 2115 ἄλλων
1127 2059 1382 2115 ἁπάντων
1412 2059 1511 2130 τὴν
1554 2058 1653 2129 τῆς
1682 2055 1929 2127 γλώττης

245 2157 631 2231 χαλινώσωμεν
666 2151 869 2225 ῥύμην,
902 2150 998 2204 καὶ
1030 2148 1104 2220 μὴ
1128 2148 1217 2202 ἀεὶ⁸
1244 2145 1613 2216 φθεγγώμεθα
1632 2163 1645 2177 ·
1696 2145 1791 2231 ’ξκ
1821 2144 1929 2216 γὰρ

246 2228 619 2315 πολυλογίας
651 2242 763 2295 οὐκ
788 2236 1053 2309 ἐκφεύξῃ
1094 2235 1517 2306 ἀμαρτίαν.“Αν
1553 2234 1650 2303 μὲν
1681 2228 1775 2288 οὖν
1801 2232 1931 2304 ἔχῃς

244 2355 296 2390 τι
357 2334 630 2405 χρήσιμον
692 2328 887 2388 εἰπεῖν,
919 2324 1130 2389 ἄνοιξον
1184 2322 1253 2376 τά
1309 2322 1485 2393 χείλη,
1541 2321 1608 2376 ἂν
1652 2321 1711 2375 δὲ
1764 2321 1932 2392 μηδὲν

248 2423 545 2490 ἀναγκαῖον
572 2415 629 2492 ᾗ,
662 2416 791 2484 σίγα
811 2428 826 2443 ’
859 2412 1066 2484 βέλτιον
1090 2410 1221 2482 γάρ.

320 2509 682 2579 Χειροτέχνης
734 2499 816 2567 el;
872 2498 1235 2569 καθεζόμενος
1262 2496 1464 2566 ψάλλε·
1510 2496 1626 2550 ἀλλ’
1652 2496 1713 2549 οὑ
1751 2494 1931 2566 βούλει

247 2598 326 2669 τῷ
355 2596 582 2665 στόματι
602 2590 858 2661 ψάλλειν;
881 2589 949 2659 τῇ
978 2585 1190 2656 διανοίᾳ
1217 2583 1377 2637 τοῦτο
1402 2582 1578 2635 ποίει·
1607 2583 1780 2653 μέγας
1802 2600 1931 2636 συν-

247 2686 434 2757 όμιλος
468 2685 496 2737 ό
525 2678 760 2751 ψαλμός.
790 2675 957 2731 Οὑδὲν
988 2672 1240 2727 ἐντεῦθεν
1274 2671 1556 2741 ὑποστήσῃ
1593 2669 1786 2735 δεινὸν,
1816 2669 1931 2723 ἀλλ’

247 2755 323 2838 ὥς
348 2774 406 2825 ἐν
429 2767 776 2843 μοναστηρίῳ
801 2766 858 2818 ἐν
883 2763 960 2833 τῷ
983 2759 1333 2834 ἐργαστηρίῳ
1352 2758 1558 2829 δυνήσῃ
1582 2755 1930 2821 καθέζεσθαιο

248 2863 310 2916 οὑ
340 2860 449 2930 γὰρ
477 2858 659 2911 τόπων
693 2850 1093 2923 ἐπιτηδειότης,
1136 2846 1274 2901 ἀλλά
1301 2845 1521 2918 τρόπων
1553 2843 1808 2917 ἀκρίϐεια
1836 2844 1934 2916 τὴν

250 2948 482 3018 ἡσυχίαν
512 2946 646 3015 ἡμῖν
690 2939 1011 3011 παρέξεται.
1053 2933 1269 2999 Παῦλος
1312 2932 1444 3002 γοῦν
1488 2934 1547 2987 ἐν
1582 2933 1935 3004 ἐργαστηρίῳ

248 3039 317 3107 τῇ
374 3035 537 3105 τέχνῃ
591 3030 951 3102 κεχρημένος,
1004 3024 1155 3078 οὐδὲν
1208 3023 1289 3087 είς
1334 3022 1432 3094 τὴν
1484 3020 1691 3074 οἰκείαν
1734 3020 1935 3093 ἀρετὴν

251 3120 601 3195 παρεϐλάϐη.
630 3117 724 3189 Μὴ
753 3116 934 3171 τοίνυν
964 3113 1090 3182 λέγε
1130 3109 1195 3164 σύ
1223 3125 1236 3140 ⁸
1276 3110 1401 3173 Πῶς
1429 3109 1729 3181 δυνήσομαι
1752 3126 1935 3195 χειρο-

249 3194 445 3284 τέχνης
470 3207 546 3262 ὢν
575 3206 668 3260 καὶ
697 3204 868 3275 πένης
901 3202 1247 3273 φιλοσοφεϊνς
1272 3198 1379 3252 Διά
1408 3197 1567 3253 τοῦτο
1594 3198 1693 3269 μὲν
1714 3194 1809 3253 οὖν
1828 3198 1934 3271 μά-

250 3302 409 3355 λιστα
441 3298 641 3368 δυνήσῃ
676 3293 1011 3364 φιλοσοφεῖν.
1045 3291 1157 3343 Kal
1201 3287 1312 3358 γὰρ
1357 3287 1519 3341 πενία
1557 3285 1812 3354 πλούτου,
1843 3288 1935 3341 καὶ

252 3388 487 3464 ἐργασία
520 3385 721 3460 ἀργίας
753 3382 891 3455 πρὸς
924 3378 1214 3433 εὐλάϐειαν
1236 3378 1368 3464 ἡμῖν
1390 3373 1936 3464 ἐπιτηδειότεροννὼς

251 3460 371 3546 ὅτγε
401 3475 628 3536 πλοῦτος
659 3473 773 3534 τοῖς
808 3469 882 3540 μὴ
911 3465 1245 3538 προσέχουσι
1287 3462 1382 3516 καὶ
1420 3462 1676 3533 ἐμπόδιον
1701 3460 1933 3531 γίνεται.

255 3569 426 3621 κοταν
459 3562 568 3634 γὰρ
597 3557 766 3631 ὀργὴν
793 3557 888 3629 δέῃ
921 3556 1161 3623 ἀφεῖναι,
1189 3552 1318 3604 ὅταν
1358 3548 1550 3603 σϐέσαι
1582 3549 1936 3618 φθόνον,ὅταν

254 3654 534 3726 χαλᾶὶσιιιι⁸
569 3645 762 3717 θυμὸν,
808 3644 936 3697 ὅταν
985 3640 1149 3711 εὑχὴν
1182 3636 1575 3704 ἐπιδείξασθαι,
1605 3637 1732 3689 ὃταν
1759 3637 1935 3691 ἐπιεί-

256 3724 413 3796 κειαν
446 3737 544 3792 καὶ
590 3731 897 3806 πραότητα,
928 3730 1056 3783 ὅταν
1098 3724 1500 3797 φιλοφροσύνην
1543 3724 1640 3779 καὶ
1688 3724 1932 3797 ἀγάπην,

257 3827 363 3883 ποῦ
386 3823 581 3897 γένοιτ’
601 3822 668 3876 ἂν
697 3819 927 3889 κώλυμα
957 3817 991 3889 ή
1023 3815 1216 3881 πενίας
1244 3812 1323 3868 Οὑ
1346 3812 1455 3884 γὰρ
1483 3811 1745 3886 ἀργύριον
1767 3830 1938 3868 κατα-

257 3916 521 3978 ϐαλόντας
559 3909 731 3967 ταῦτα
772 3906 967 3963 ἀνύσαι
1014 3903 1186 3970 ἐστιν,
1217 3901 1354 3957 ἀλλά
1398 3903 1723 3973 προαίρεσιν
1768 3901 1937 3974 ὀρθήν

258 4000 719 4073 ἐπιδειξαμένους.
735 3990 1107 4066 Ἐλεημοσύνη
1144 3988 1380 4062 μάλιστά
1400 3990 1546 4043 ἐστιν
1577 3992 1610 4060 ή
1638 3990 1937 4061 χρημάτων

256 4093 508 4164 δεομένη,
538 4085 675 4142 ἀλλά
698 4084 794 4139 καὶ
817 4082 955 4153 αὑτὴ
979 4079 1067 4133 διὰ
1085 4079 1185 4150 τῆς
1212 4077 1404 4140 πενίας
1432 4076 1694 4164 μειζόνως
1715 4075 1939 4148 ἐξέλαμ-

257 4163 362 4251 cpe?
414 4178 509 4233 καὶ
556 4176 666 4248 γάρ
705 4175 740 4245 ή
773 4171 899 4235 τοὺς
944 4167 1038 4223 δύο
1084 4165 1306 4229 ὀϐολοὺς
1332 4163 1481 4237 [241]
1527 4163 1933 4231 καταϐαλοῦσα,

259 4250 518 4322 ἀπάντων
551 4259 853 4333 ἀνθρώπων
898 4251 967 4329 ἦν
1016 4252 1341 4324 πενεστέρα,
1373 4252 1467 4305 καὶ
1515 4250 1722 4315 πάντας
1770 4251 1939 4322 ὑπερ·
1980 4254 1987 4257 ’

260 4355 531 4427 ηκόντισε.
560 4350 653 4419 Μὴ
687 4347 868 4400 τοίνυν
906 4343 1048 4415 μέγα
1076 4359 1131 4395 τι
1157 4338 1470 4412 νομίζωμεν
1505 4335 1643 4393 εἶναι
1685 4338 1933 4403 πλοῦτον,

264 4423 399 4513 μηδέ
432 4434 605 4508 πηλοῦ
636 4431 879 4505 βελτίονα
918 4423 1057 4481 εἶναι
1107 4426 1198 4480 τὸν
1247 4424 1446 4497 χρυσὸν
1494 4423 1869 4495 λογιζώμεθαο
1899 4426 1934 4495 ή

260 4511 372 4601 γάρ
397 4525 532 4597 τιμὴ
561 4522 662 4590 τῆς
690 4519 822 4590 ὑλης
847 4516 948 4570 οὑκ
977 4514 1088 4569 ἀπὸ
1127 4517 1227 4585 τῆς
1267 4513 1500 4583 φύσεως,
1547 4511 1661 4601 ἀλλ’
1689 4513 1799 4568 ἀπὸ
1839 4514 1939 4585 τῆς

260 4599 538 4687 ήμετέρας
568 4607 805 4669 διανοίας
830 4604 998 4659 ἐστίν.
1031 4603 1096 4656 Εί
1128 4603 1236 4674 γάρ
1268 4608 1356 4687 τις
1376 4600 1618 4672 ἀκριϐῶς
1641 4599 1935 4666 ἐξετάσειε,

262 4685 400 4753 πολὺ
431 4695 525 4749 τοῦ
554 4689 756 4765 χρυσοῦ
787 4688 1005 4761 σίδηρος
1049 4685 1471 4756 ἀναγκαιότερος
1490 4701 1504 4715 ο
1538 4686 1566 4738 ό
1598 4685 1697 4755 μὲν
1724 4685 1833 4757 γὰρ
1858 4687 1939 4750 εἰς

262 4788 354 4842 τὸν
409 4786 520 4858 βίον
574 4778 833 4851 οὐδεμίαν
871 4775 1084 4845 εἰσάγει
1115 4774 1325 4846 χρείαν,
1356 4768 1511 4837 οὗτος
1557 4772 1615 4827 δὲ
1667 4773 1728 4826 τὸ
1780 4773 1938 4828 πλέον

261 4877 396 4947 ἡμῖν
421 4867 792 4927 κατεσκεύασε
814 4864 917 4937 τῆς
938 4863 1128 4936 χρείας
1153 4862 1376 4934 μυρίαις
1398 4861 1614 4931 τέχναις
1644 4861 1941 4933 ὑπηρετού-

268 4946 449 5034 μενος.
486 4959 595 5012 Kal
622 4955 674 5010 τί
698 4954 841 5024 λέγω
873 4951 1077 5025 χρυσοῦ
1109 4951 1204 5004 καί⁵
1230 4949 1450 5019 σιδήρου
1478 4946 1803 5034 σύγκρισινς
1831 4948 1939 5002 τῶν

264 5025 374 5120 Ῑγὰρ
420 5042 721 5099 πολυτελῶν
767 5040 930 5094 λίθων
977 5035 1394 5105 ἀναγκαιότεροι
1419 5034 1469 5087 οἱ
1489 5032 1635 5120 λίθοι
1668 5025 1845 5087 οὗτοι’
1881 5033 1941 5100 ἐξ

265 5118 489 5189 ἐκείνων
522 5130 619 5201 μὲν
647 5127 755 5199 γάρ
789 5126 942 5180 οὐδὲν
977 5123 1044 5178 ἂν
1072 5123 1284 5192 γένοιτο
1308 5118 1563 5192 χρηστὸν,
1597 5119 1704 5172 ἀπὸ
1734 5119 1791 5173 δὲ
1818 5120 1941 5173 τού-

266 5238 373 5277 των
406 5220 572 5275 οἰκίαι
603 5234 664 5271 τε
696 5215 787 5270 καὶ
818 5214 973 5285 τείχη
1021 5212 1115 5265 καὶ
1147 5209 1330 5272 πόλεις
1363 5206 1621 5279 ἔστησαν.
1656 5209 1730 5261 Σὺ
1757 5207 1813 5262 δέ
1850 5226 1941 5280 μοι

264 5310 459 5379 δεῖξον,
494 5308 547 5364 τί
586 5307 649 5362 τὸ
699 5305 890 5377 κέρδος
941 5300 1050 5356 ἀπὸ
1092 5298 1203 5352 τῶν
1258 5296 1618 5369 μαργαριτῶν
1646 5297 1846 5366 γένοιτ’
1874 5299 1940 5353 ἂν

266 5401 490 5464 τούτων,
518 5396 718 5471 μᾶλλον
745 5393 803 5446 δὲ
826 5392 977 5445 ποῖον
1000 5387 1098 5440 οὑκ
1123 5386 1188 5441 ἂν
1211 5386 1421 5454 γένοιτο
1445 5384 1670 5455 βλάϐος;
1701 5386 1813 5441 Kal
1833 5385 1942 5459 γὰρ

268 5491 355 5543 ἵνα
394 5489 460 5543 σὺ
493 5487 693 5541 κόκκον
720 5480 818 5534 ’ἐνα
862 5475 1122 5548 φορέσῃς,
1162 5473 1344 5545 μυρίοι
1389 5471 1467 5543 τῷ
1516 5471 1661 5543 λιμῷ
1709 5473 1942 5543 πένητες

266 5580 555 5649 ἄγχονταν
587 5573 752 5635 ποίας
776 5561 868 5622 οὖν
911 5561 1209 5631 ἀπολογίας
1251 5559 1457 5632 τεύξῃς
1505 5560 1652 5626 τίνος
1697 5561 1942 5632 συγγνώ..

271 5675 379 5730 μης
395 5681 410 5727 ;

342 5749 527 5802 Βούλει
553 5746 825 5817 κοσμῆσαι
850 5741 912 5796 τὸ
939 5737 1261 5811 πρόσωπον;
1294 5737 1367 5810 μὴ
1396 5735 1787 5809 μαργαρίταις,
1808 5733 1945 5790 ἀλλά

274 5834 587 5909 σωφροσύνῃ
629 5834 722 5887 καὶ
768 5827 1097 5901 σεμνότητι·
1148 5821 1291 5878 οὑτω
1338 5823 1696 5898 χαριεστέραν
1751 5823 1940 5893 ὕψεται

332 5971 356 6000 ³
375 5969 468 6018 Alii
494 5965 771 6029 χαλινῶσαι.

1016 451 1076 506 S.
1116 446 1402 503 JOANMS
1442 441 1929 501 CHRYbOSTOMI
1965 441 2290 498 ARCHIEP.
2333 443 2883 500 CONSTANTINOP.

3599 445 3707 503 238

2029 557 2127 627 τὴν
2160 558 2280 629 ὄψιν
2304 562 2331 613 ό
2363 559 2520 631 ἀνήρ.
2542 560 2779 622 Ἐκεῖνος
2814 558 2912 629 μέν
2945 555 3053 629 γὰρ
3084 559 3112 611 ό
3137 557 3339 629 κόσμος
3370 558 3467 613 καὶ
3496 561 3576 626 είς
3598 558 3701 630 ζη-

2027 644 2285 709 λοτυπίας
2328 646 2561 716 ὑποψίαν
2608 646 2897 717 ἐμϐάλλειν
2927 645 3117 698 εἴωθεν
3144 645 3238 698 καὶ
3262 647 3350 709 είς
3373 646 3574 720 ἔχθρας
3605 651 3706 705 καὶ

2028 734 2358 803 φιλονεικίας
2392 737 2484 788 καὶ
2521 735 2701 805 μάχας
2721 750 2739 766 ο
2770 735 2923 788 οὐδὲν
2951 734 3062 805 γὰρ
3087 733 3302 803 ὄψεωςιι
3332 735 3706 811 ὑποπτευομέ-

2026 839 2125 893 νης
2158 823 2481 894 ἀηδέστερον
2500 841 2512 853 ·
2546 826 2573 877 6
2599 824 2656 876 δὲ
2688 825 2786 894 τῆς
2818 822 3186 893 ἐλεημοσύνης
3215 824 3310 877 καὶ
3347 825 3706 896 σωφροσύνης

2028 911 2230 980 κόσμος
2276 913 2457 966 πᾶσαν
2488 912 2585 983 μὲν
2615 911 2867 965 ἐκϐάλλει
2899 912 3143 981 πονηρὰν
3191 912 3467 975 ὑπόνοιαν,
3504 914 3707 979 παντὸς

2026 998 2083 1050 δὲ
2109 997 2308 1069 δεσμοῦ
2339 1000 2692 1072 σφοδρότερον
2719 1000 3084 1054 ἐπισπάσεται
3105 1000 3197 1054 τὸν
3216 1000 3571 1057 σύνοικον.οὑ
3593 1003 3705 1077 γάρ

2028 1086 2169 1139 οὕτω
2206 1086 2437 1150 κάλλους
2481 1088 2641 1156 φύσις
2675 1086 2950 1159 εὔμορφον
2992 1091 3136 1141 ποιεῖ
3159 1088 3404 1157 γίνεσθαι
3429 1090 3528 1161 τὴν
3556 1090 3701 1160 ὄψιν,

2028 1173 2101 1238 ὼς
2128 1176 2161 1246 ή
2192 1172 2285 1227 τοῦ
2318 1174 2653 1247 θεωροῦντος
2677 1176 2847 1246 αὑτὴν
2876 1175 3122 1239 διάθεσις
3148 1193 3160 1204 ·
3190 1176 3430 1231 διάθεσιν
3452 1177 3511 1231 δὲ
3547 1180 3704 1234 οὐδὲν

2027 1263 2219 1327 οὑτως,
2244 1264 2319 1328 ὼς
2351 1263 2670 1335 σωφροσύνη
2697 1265 2791 1318 xal
2823 1266 3091 1335 σεμνότης
3122 1267 3296 1318 ποιεῖν
3323 1265 3705 1322 είωθεν.’Ὡστα

2028 1353 2129 1410 κᾶν
2163 1353 2437 1426 εὔμορφος
2513 1373 2618 1419 τις,
2646 1355 2902 1426 ἀπεχθῶς
2923 1355 2981 1408 δέ
3007 1355 3144 1427 πρὸς
3174 1356 3344 1428 αὑτὴν
3366 1359 3394 1411 6
3416 1358 3557 1429 ἀνὴρ
3578 1358 3701 1433 ἔχῃ,

2028 1447 2243 1499 πάντων
2277 1446 2605 1518 αἰσχροτέρα
2631 1445 2777 1516 αὑτῷ
2812 1449 3056 1516 φανεῖται
3075 1464 3088 1476 ⁸
3121 1447 3222 1499 κᾶν
3256 1447 3330 1517 μή
3356 1447 3493 1519 τύχῃ
3518 1465 3601 1512 τις
3619 1449 3705 1511 εὑ-

2029 1536 2248 1605 πρεπὴς
2286 1531 2441 1600 οὖσα,
2469 1536 2643 1606 ἡδέως
2667 1536 2725 1591 δέ
2757 1535 2891 1605 πρὸς
2924 1534 3092 1605 αὐτὴν
3117 1537 3145 1588 6
3170 1534 3310 1606 ἀνὴρ
3337 1534 3455 1608 ἔχῃ,
3483 1535 3703 1590 πάντων

2026 1623 2405 1694 εὑμορφοτέρα
2452 1623 2603 1694 αὑτῷ
2634 1626 2881 1691 φανεῖται
2902 1640 2915 1654 ·
2947 1622 3007 1674 οὑ
3038 1621 3148 1692 γὰρ
3193 1622 3250 1673 ἐν
3288 1626 3354 1694 τῇ
3403 1622 3561 1692 φύσει
3590 1622 3703 1678 τῶν

2027 1711 2339 1780 ὁρωμένων,
2373 1710 2488 1764 ἀλλ’
2511 1714 2569 1765 ἐν
2594 1713 2661 1781 τῇ
2708 1710 2947 1763 διαθέσει
2990 1709 3099 1761 τῶν
3141 1709 3393 1780 ὁρώντων
3437 1711 3495 1763 al
3531 1710 3704 1781 ψῆφοι

2030 1801 2291 1868 γίνονται.
2326 1797 2680 1852 Καλλώπισον
2708 1798 2885 1851 τοίνυν
2915 1797 3015 1868 τὴν
3048 1797 3168 1867 ὗψιν
3200 1799 3543 1870 σωφροσύνῃ,
3570 1816 3706 1871 σεμ-

2031 1890 2235 1959 νότητι,
2265 1886 2625 1958 ἐλεημοσύνη,
2654 1885 3053 1957 φιλανθρωπίᾳ,
3083 1887 3296 1961 ἀγάπῃ,
3325 1891 3389 1959 τῇ
3437 1890 3565 1961 περὶ
3609 1889 3706 1943 τὸν

2031 1978 2198 2050 ἄνδρα
2242 1975 2627 2048 φιλοφροσύνῃ,
2665 1975 2956 2046 ἐπιεικείᾳ,
3005 1975 3295 2046 πραότητι,
3341 1974 3702 2049 ἀνεξικακίᾳ’

2030 2067 2204 2121 ταῦτα
2232 2067 2333 2137 τῆς
2366 2064 2570 2137 ἀρετῆς
2611 2063 2682 2117 τά
2730 2063 2999 2134 χρώματα
3019 2080 3032 2093 ·
3065 2064 3154 2117 διά
3181 2063 3383 2118 τούτων
3415 2065 3702 2134 ἀγγέλους,

2030 2155 2131 2209 οὑκ
2177 2153 2498 2225 ἀνθρώπους
2544 2150 2779 2223 ἐραστὰς
2826 2151 3127 2223 ἐπισπάσῃ,
3164 2150 3251 2206 διὰ
3293 2152 3497 2207 τούτων
3540 2155 3706 2208 αὑτὸν

2032 2244 2175 2313 ἔχεις
2222 2243 2310 2296 τὸν
2343 2240 2475 2294 Θεὸν
2502 2239 2822 2311 ἐπαινέτην·
2858 2239 2986 2292 ὃταν
3025 2239 3095 2292 δὲ·
3127 2241 3155 2293 6
3184 2239 3316 2304 Θεὸς
3359 2240 3703 2312 ἀποδέξηται,

2032 2332 2129 2386 καὶ
2174 2332 2265 2385 τὸν
2298 2331 2467 2399 ἄνδρα
2493 2345 2576 2382 σοι
2605 2327 2862 2393 ὑποτάξει
2904 2328 3141 2391 πάντως.
3192 2329 3255 2381 El
3282 2328 3392 2401 γὰρ
3418 2330 3577 2400 σοφία
3608 2329 3707 2384 ἀν-

2033 2420 2251 2492 θρώπου
2304 2418 2527 2488 φωτίζει
2577 2416 2641 2470 τὺ
2705 2416 3017 2487 πρόσωπον,
3067 2414 3246 2487 πολλῷ
3293 2417 3491 2487 μᾶλλον
3534 2418 3706 2490 ἀρετὴ

2030 2511 2285 2581 γυναικδς
2314 2509 2536 2579 φωτίζει
2559 2506 2657 2578 τὴν
2687 2507 2829 2576 δψιν.
2875 2508 2939 2560 El
2971 2506 3027 2559 δὲ
3061 2507 3235 2577 μέγαν
3278 2508 3522 2577 νομίζεις
3563 2504 3706 2562 εἶναι

2030 2601 2218 2654 τοῦτον
2262 2598 2354 2651 τὸν
2396 2597 2621 2667 κόσμον,
2655 2595 2777 2648 είπέ
2810 2611 2922 2665 μοι,
2952 2595 3004 2648 τί
3050 2611 3131 2647 σοι
3156 2593 3217 2647 τὸ
3242 2594 3431 2664 ὄφελος
3463 2593 3572 2649 ἀπὸ
3596 2594 3705 2650 τῶν

2036 2686 2391 2762 μαργαριτῶν
2416 2684 2620 2739 τούτων
2644 2686 2700 2737 ἐν
2728 2683 2912 2756 ἐκείνῃ
2944 2686 3010 2755 τῇ
3038 2683 3223 2754 ἡμέρᾳ
3248 2684 3570 2754 γενήσεται;
3594 2684 3705 2738 Kal

2032 2779 2083 2831 τί
2115 2778 2221 2849 χρὴ
2254 2776 2434 2845 λέγειν
2476 2771 2576 2844 τὴν
2623 2772 2838 2845 ἡμέραν
2871 2772 3108 2842 ἐκείνην,
3137 2771 3257 2839 ἐξὸν
3304 2773 3401 2826 καὶ
3441 2773 3553 2827 ἀπὸ
3593 2773 3706 2828 τῶν

2033 2868 2318 2939 παρόντων
2344 2862 2518 2918 ταῦτα
2547 2859 2828 2926 ἀποδεῖξαι
2861 2862 3069 2929 πάντα;
3107 2861 3239 2915 Ὅτε
3276 2860 3409 2932 γοῦν
3448 2863 3498 2916 οί
3531 2862 3707 2930 665m;-

2031 2972 2123 3019 τες
2152 2956 2232 3018 είς
2261 2953 2351 3008 τὸν
2381 2950 2607 3023 βασιλέα
2631 2949 2934 3023 ὑϐρικέναι,
2968 2950 3053 3013 είς
3082 2948 3144 3003 τὸ
3169 2950 3522 3023 δικαστήριον
3542 2962 3565 2992 ο
3596 2950 3707 3006 είλ-

2033 3062 2192 3098 κοντο
2220 3042 2313 3097 καὶ
2336 3042 2463 3113 περὶ
2491 3040 2600 3094 τῶν
2624 3039 2873 3110 ἐσχάτων
2901 3038 3259 3105 ἐκινδύνευον,
3299 3040 3419 3094 τότε
3451 3041 3506 3094 αἱ
3542 3041 3707 3113 μητέ-

2035 3149 2127 3204 ρες
2158 3132 2252 3185 καὶ
2279 3131 2336 3185 αἱ
2365 3130 2621 3199 γυναῖκες
2658 3126 2731 3180 τά
2770 3126 3126 3197 πριδέρραια
3161 3128 3256 3181 καὶ
3288 3127 3359 3181 τά
3385 3129 3583 3201 χρυσία
3611 3130 3708 3185 καὶ

2032 3222 2160 3285 τοὺς
2209 3216 2552 3291 μαργαρίτας
2583 3215 2919 3285 ἀποθέμεναι
2970 3216 3065 3268 καὶ
3109 3215 3202 3268 τὸν
3247 3216 3453 3288 κόσμον
3494 3217 3709 3272 ἅπαντα

2034 3313 2130 3364 καὶ
2175 3308 2247 3362 τὰ
2294 3307 2485 3379 ἱμάτια
2530 3305 2600 3359 τὰ
2653 3304 2851 3374 χρυσᾶ,
2885 3302 3038 3374 λιτὴν
3073 3303 3168 3357 καὶ
3204 3303 3397 3375 εὑτελῆ
3445 3303 3703 3360 λαϐοῦσαι

2033 3399 2258 3470 ἐσθῆτα,
2286 3396 2383 3449 καὶ
2408 3392 2600 3447 σποδὸν
2627 3391 3108 3463 καταπασάμεναι,
3137 3391 3232 3445 καὶ
3263 3392 3370 3463 πρὸ
3391 3392 3502 3447 τῶν
3531 3392 3708 3463 θυρῶν

2033 3486 2127 3540 τοῦ
2168 3482 2519 3553 δικαστηρίου
2566 3479 2995 3550 κυλινδούμεναι,
3027 3480 3172 3533 οὑτω
3216 3481 3344 3544 τοὺς
3391 3480 3707 3546 δικάζοντας

2032 3574 2406 3644 ἐπέκαμπτον,
2438 3571 2501 3623 El
2524 3569 2580 3622 δέ
2604 3569 2696 3621 ἐπὶ
2722 3567 2828 3622 τῶν
2858 3567 3093 3622 ἐνταῦθα
3124 3568 3491 3639 δικαστηρίων
3517 3569 3586 3623 τὰ
3612 3570 3708 3640 μὲν

2035 3661 2233 3734 χρυσία
2264 3659 2356 3714 καὶ
2380 3659 2429 3711 οί
2468 3659 2804 3727 μαργαρῖται
2831 3655 2927 3709 καὶ
2959 3656 2992 3725 ἡ
3020 3655 3237 3727 ποικίλη
3262 3656 3424 3726 ἐσθὴς
3449 3655 3707 3727 ἐπιϐουλὴ

2036 3751 2133 3805 καὶ
2179 3746 2441 3819 προδοσία
2485 3743 2633 3816 [249]
2670 3744 2868 3811 γένοιτ’
2891 3743 2978 3807 ἂν,
3028 3745 3062 3814 ἡ
3110 3743 3167 3796 δὲ
3221 3742 3489 3797 ἐπιείκεια
3534 3744 3626 3797 καὶ
3674 3745 3708 3817 ἡ

2035 3837 2282 3910 πραότης
2306 3834 2406 3888 καὶ
2429 3835 2463 3904 ὴ
2488 3832 2664 3902 τέφρα
2693 3832 2787 3885 καὶ
2807 3830 2874 3883 τά
2907 3829 3117 3901 δάκρυα
3142 3832 3237 3885 καὶ
3265 3831 3334 3885 τὰ
3367 3830 3556 3900 εὐτελῆ
3586 3832 3714 3902 ἱμά-

2035 3943 2126 3979 τια
2170 3922 2369 3995 μᾶλλον
2407 3920 2707 3973 ἐπισπᾶται
2734 3919 2825 3971 τὸν
2856 3916 3137 3988 δικαστὴν,
3166 3917 3346 3989 πολλῷ
3383 3919 3582 3989 μᾶλλον
3618 3919 3711 3972 ἐπὶ

2034 4013 2137 4082 τῆς
2162 4009 2461 4065 ἀδεκάστου
2507 4006 2688 4077 ψήφου
2740 4005 2837 4059 καὶ
2885 4004 3124 4075 φοϐερᾶς
3164 4006 3381 4075 ἐκείνης
3422 4006 3617 4073 γένοιτ’
3645 4005 3710 4063 ἂν

2033 4100 2214 4154 τοῦτο.
2240 4098 2374 4151 Τίνα
2420 4096 2530 4167 γὰρ
2577 4093 2739 4158 ἔξεις,
2790 4093 2911 4146 εἰπέ
2957 4110 3069 4163 μοι,
3111 4092 3269 4162 λόγον
3319 4095 3513 4157 εἰπεῖν,
3556 4094 3712 4148 ποίαν

2036 4187 2355 4255 ἀπολογίαν,
2388 4185 2514 4237 ὅταν
2546 4183 2574 4235 ὁ
2600 4180 2879 4251 Δεσπότης
2918 4181 3124 4252 ἐγκαλῇ
3152 4197 3235 4234 σοι
3278 4180 3408 4252 περὶ
3438 4180 3545 4235 τῶν
3574 4198 3711 4254 μαρ-

2036 4274 2279 4349 γαριτῶν
2306 4271 2530 4334 τούτων,
2564 4269 2657 4323 καὶ
2687 4269 2813 4348 τοῦς
2842 4269 3079 4337 πένητας
3122 4269 3203 4332 είς
3235 4268 3398 4338 μέσον
3425 4269 3607 4340 ἀγάγῃ
3636 4268 3715 4340 τῷ

2035 4362 2181 4436 λιμῷ
2209 4359 2635 4431 διαφθαρέντας;
2672 4356 2772 4410 Διά
2809 4354 2964 4409 τοῦτο
2992 4355 3021 4407 ὑ
3048 4354 3263 4419 Παῦλος
3296 4354 3484 4424 ἐλεγε”
3517 4356 3614 4426 Μὴ
3646 4358 3714 4412 ἐν

2037 4453 2399 4522 πλέγμασιν,
2417 4447 2456 4516 ἢ
2491 4446 2738 4517 χρυσίῳ,
2758 4445 2797 4516 ἢ
2816 4445 3224 4514 μαργαρίταις,
3248 4444 3285 4514 ἢ
3308 4443 3597 4515 ἱματισμῷ
3616 4457 3716 4499 πο-

2037 4540 2298 4597 λυτελεῖ.
2317 4537 2596 4594 Ἐντεῦθεν
2626 4535 2724 4607 μὲν
2756 4536 2864 4605 γὰρ
2883 4536 2916 4604 ἠ
2946 4532 3204 4604 ἐπιϐουλὴ
3235 4534 3431 4603 γένοιτ’
3452 4534 3517 4588 ἄν
3538 4552 3552 4565 ·
3583 4535 3631 4587 εί
3659 4533 3715 4587 δὲ

2040 4631 2133 4684 καὶ
2151 4628 2414 4699 διηνεκῶς
2436 4625 2613 4680 αὑτῶν
2635 4622 3066 4693 ἀπολαύσαιμεν,
3081 4621 3216 4678 ἀλλά
3241 4621 3319 4693 τῷ
3348 4622 3564 4693 θανάτῳ
3589 4621 3715 4676 πάν-

2037 4736 2146 4783 τως
2176 4714 2616 4789 ἀποστησόμεθα.
2637 4710 2767 4766 Ἀπὸ
2804 4710 2861 4766 δὲ
2890 4710 3091 4782 ἀρετῆς
3124 4710 3391 4779 ἀσφάλεια
3422 4711 3589 4770 πᾶσα,
3620 4712 3718 4765 καὶ

2042 4807 2315 4879 μεταϐολὴ
2329 4807 2424 4861 καὶ
2442 4804 2788 4876 μετάπτωσις
2798 4800 2917 4854 οὑδε
2925 4800 3041 4871 μία,
3056 4798 3192 4853 ἀλλὰ
3206 4799 3300 4853 καὶ
3322 4798 3552 4854 ἐνταῦθα
3566 4800 3601 4871 ἡ
3611 4799 3718 4870 μᾶς

2040 4899 2475 4971 ἀσφαλεστέρους
2525 4896 2688 4960 ποιεῖ,
2735 4893 2831 4947 καὶ
2879 4894 2996 4947 ἐκεῖ
3035 4890 3491 4961 συμμεθίσταται.
3528 4889 3718 4945 Βούλει

2041 4985 2346 5058 κτήσασθαι
2382 4981 2749 5055 μαργαρίτας,
2778 4979 2990 5034 καὶτὸν
3041 4976 3271 5031 πλοῦτον
3313 4976 3502 5030 τοῦτον
3548 4977 3714 5048 μηδέ-

2040 5092 2175 5130 ποτε
2195 5072 2494 5126 ἀποθέσθαι
2514 5087 2528 5134 ;
2554 5067 2916 5138 περιελομένη
2937 5066 3027 5119 τὸν
3047 5065 3251 5136 κόσμον
3277 5065 3494 5118 ἅπαντα
3518 5065 3599 5128 είς
3620 5063 3718 5128 τὰς

2039 5164 2135 5217 τοῦ
2162 5158 2399 5234 Χριστοῦ
2436 5160 2626 5229 χεῖρας
2651 5155 2854 5209 ἀπόθου
2882 5153 2969 5207 διά
3008 5152 3120 5206 τῶν
3167 5154 3415 5224 πενήτων
3441 5167 3456 5182 ⁸
3509 5152 3715 5218 ἐκεῖνός

2035 5269 2126 5317 ,σοι
2161 5248 2386 5322 φυλάξει
2411 5247 2503 5301 τὸν
2527 5243 2754 5299 πλοῦτον
2786 5242 3023 5308 ἅπαντα,
3060 5241 3282 5295 ἐπειδὰν
3307 5241 3586 5313 ἀναστήσῃ
3623 5258 3717 5295 σου

2040 5341 2102 5395 τὸ
2132 5338 2290 5411 σῶμα
2330 5335 2466 5408 μετά
2510 5333 2713 5404 πολλῆς
2736 5333 2838 5403 τῆς
2859 5329 3245 5402 λαμπρότητος
3265 5347 3280 5361 ·
3310 5330 3433 5384 τότε
3476 5347 3558 5384 σοι
3603 5328 3716 5400 βελ-

2040 5429 2190 5483 τίονα
2220 5424 2505 5497 περιθήσει
2538 5420 2767 5476 πλοῦτον
2814 5420 2909 5474 καὶ
2953 5417 3156 5489 κόσμον
3192 5419 3436 5489 μείζονα,
3471 5418 3549 5483 ὡς
3593 5418 3623 5472 6
3654 5435 3721 5489 γε

2043 5514 2234 5589 παρὼν
2278 5507 2434 5579 οὗτος
2464 5510 2688 5581 εὐτελὴς
2726 5508 2821 5563 καὶ
2855 5506 3280 5575 καταγέλαστος.
3299 5506 3586 5578 Ἐννόησον
3627 5503 3721 5561 οὖν

2042 5608 2185 5662 τίσιν
2230 5604 2485 5677 ἀρέσκειν
2516 5599 2714 5673 βούλει,
2750 5597 2845 5651 καὶ
2869 5595 2957 5648 διὰ
2985 5593 3134 5659 τίνας
3160 5596 3472 5667 περίκεισαι
3511 5594 3603 5647 τὸν
3632 5595 3719 5647 κό.

2046 5712 2181 5767 σμον
2205 5692 2414 5755 τοῦτον,
2444 5690 2583 5743 ἵναλό
2606 5682 3041 5756 σχοινοστρόφος,
3075 5682 3168 5736 καὶ
3192 5685 3220 5736 6
3246 5680 3608 5755 χαλκοτύπος.
3634 5686 3725 5737 καὶ

2043 5786 2072 5840 6
2101 5783 2361 5855 ἀγοραῖος
2398 5778 2598 5838 ἰδόντες
2629 5771 2984 5841 θαυμάσωσιν
3009 5787 3024 5802 '
3066 5768 3185 5824 εἶτα
3214 5771 3313 5824 οὐκ
3341 5769 3577 5844 αἰσχύνῃ
3605 5771 3726 5825 οὐδὲ

2109 5891 2140 5932 ι»
2166 5890 2366 5950 Aliquot
2398 5898 2513 5950 mss:
2539 5882 2619 5930 καὶ
2641 5879 2795 5950 μάχας
2817 5877 2989 5950 ἐνάγει,
3011 5876 3148 5950 οὐδὲν
3170 5876 3221 5924 δὲ
3248 5875 3421 5950 ᾇψεως.

2115 5958 2135 5984 ε
2164 5938 2398 6014 Ᾱιίἰιπρὸς
2416 5948 2470 5996 τὸ
2492 5938 2808 6005 δικαστηρίον.
2839 5941 2963 5989 lufra
2982 5939 3043 5988 al.
3069 5938 3354 6002 μαργαρίτας
3377 5938 3725 5999 ἀποτιθέμεναι.

2780 6024 2948 6034 conc--
