4066 6468
541 372 648 432 231

537 499 652 544 cata
693 487 942 555 dimittat,
979 501 1167 544 verum
1196 495 1246 544 et
1292 485 1429 558 quod
1473 485 1588 557 ipsa
1632 500 1738 540 non
1780 484 1983 541 revelet
2027 498 2128 539 nec

538 582 820 639 manifesta
852 583 1039 649 faciat,
1073 598 1173 639 nec
1217 581 1533 637 accedentes
1559 589 1714 650 cogat
1756 579 1809 633 in
1837 576 2014 633 medio
2041 591 2133 647 pa-

539 684 672 730 trata
695 675 926 743 edicere,
953 674 1047 731 sed
1075 675 1175 729 sibi
1206 674 1304 729 soli
1328 673 1589 728 rationem
1618 669 1842 725 reddere
1867 668 2050 738 jubeat
2078 676 2134 723 et

537 765 638 820 sibi
664 767 929 822 conﬁteri.
963 767 1174 823 Etenim
1198 782 1264 822 ex
1286 764 1629 820 smcularibus
1653 763 1922 834 indicibus
1948 762 1992 817 si
2013 762 2131 832 quis

538 857 699 913 aheni
727 867 1003 929 captorum
1030 859 1297 914 latronum
1319 857 1401 913 vel
1424 871 1610 912 eorum
1629 856 1719 927 qui
1741 855 1981 925 sepulcra
2002 853 2132 909 effo-

537 946 691 1004 diunt
717 948 939 1015 diceret,
977 958 1037 1004 nt
1063 959 1281 1021 peccata
1308 950 1674 1014 confiteretur,
1706 963 1814 1019 quo
1843 947 1942 1002 sibi
1972 959 2130 1016 ptrna

536 1039 917 1107 dimitteretur,
945 1057 1065 1096 cum
1093 1041 1239 1096 omni
1269 1049 1418 1096 certe
1452 1039 1731 1094 alacritate
1760 1038 1864 1092 hoc
1890 1038 2131 1106 suscipe-

540 1140 697 1199 rent,
727 1133 916 1188 salutis
956 1134 1246 1205 cupiditate
1276 1133 1533 1203 pudorem
1580 1138 2004 1186 contemnentes.
2034 1129 2131 1184 llic

537 1239 668 1278 vero
710 1225 842 1280 nihil
889 1226 994 1280 tale
1036 1233 1138 1293 est,
1172 1240 1351 1280 verum
1393 1232 1447 1279 et
1484 1231 1703 1292 peccata
1750 1221 1989 1289 dimittit,
2030 1234 2131 1275 nec

536 1315 680 1385 cogit
728 1316 1080 1385 praesentibus
1124 1315 1442 1387 quibusdam
1488 1315 1601 1385 ipsa
1658 1313 1924 1369 enuntiari
1967 1330 1981 1367 :
2034 1310 2129 1365 sed

534 1423 701 1462 unum
728 1408 901 1463 solum
929 1409 1121 1479 exigit,
1155 1418 1210 1463 ut
1253 1409 1366 1479 ipse
1413 1408 1730 1462 remissione
1760 1405 1963 1472 fruens,
2005 1404 2128 1460 doni

536 1498 951 1568 magnitudinem
984 1499 1171 1554 discat.
1202 1498 1481 1565 Quomodo
1504 1498 1667 1568 igitur
1685 1512 1789 1551 non
1817 1495 2126 1560 absurdum,

536 1598 592 1644 ut
622 1590 674 1645 in
706 1590 898 1661 quibus
924 1605 1022 1645 nos
1045 1591 1159 1661 ipse
1185 1591 1446 1646 beneﬁcio
1467 1589 1651 1656 afﬁcit,
1682 1589 1799 1645 solo
1824 1587 2129 1643 testimonio

534 1692 719 1738 nostro
743 1693 1023 1739 contentus
1045 1685 1145 1749 sit;
1170 1698 1266 1738 nos
1294 1693 1471 1739 autem
1500 1683 1553 1737 in
1579 1682 1772 1753 quibus
1793 1682 1966 1752 ipsum
1993 1680 2127 1735 coli-

533 1790 672 1842 mus,
702 1776 834 1830 alios
859 1785 1021 1831 testes
1043 1791 1345 1846 quzeramus
1371 1783 1425 1829 et
1446 1774 1510 1829 ad
1532 1773 1946 1829 ostentationem
1968 1771 2127 1843 quid-

504 1892 505 1895 η
535 1882 692 1936 quam
725 1866 1019 1922 faciamus?
1050 1866 1217 1936 Ipsius
1245 1865 1405 1937 igitur
1432 1865 1815 1935 benignitatem
1845 1863 2124 1926 admirati,

532 1965 715 2012 nostra
746 1958 846 2027 ipsi
876 1957 1254 2024 exhibeamus,
1284 1965 1338 2012 et
1367 1971 1476 2027 prae
1506 1956 1754 2011 omnibus
1789 1956 1983 2025 linguae
2022 1955 2125 2008 im-

534 2059 716 2120 petum
744 2050 1098 2120 refrenemus,
1130 2059 1275 2107 etne
1302 2066 1515 2121 semper
1548 2052 1845 2121 loquamur.
1878 2049 1962 2103 Ex
1992 2049 2125 2103 mul-

532 2144 742 2213 tiloquio
770 2161 987 2214 namque
1012 2162 1111 2199 non
1141 2144 1350 2216 e/I'ugies
1381 2155 1644 2214 peccatum
1675 2143 1854 2219 (Prov.
1886 2143 1973 2198 10.
2012 2140 2122 2211 19).

532 2236 590 2292 Si
620 2253 811 2308 nempe
835 2238 1116 2294 dicendum
1144 2239 1275 2294 utile
1304 2237 1430 2309 quid
1454 2237 1640 2305 habes,
1687 2238 1833 2307 aperi
1874 2236 2013 2291 labia
2040 2254 2051 2288 :
2080 2236 2127 2291 si

530 2328 661 2385 nihil
693 2330 762 2384 sit
788 2331 1182 2395 necessarium,
1214 2338 1365 2385 tace:
1391 2330 1581 2385 melius
1601 2338 1681 2385 cst
1702 2328 1867 2384 enim.

536 2489 540 2493 ι
606 2420 801 2491 Ubique
832 2421 967 2475 Deus
1010 2420 1110 2475 coli
1152 2430 1336 2492 potest.
1365 2452 1434 2461 —
1460 2420 1675 2475 Artifex
1722 2421 1983 2475 manualis
2030 2420 2126 2475 es?

532 2513 728 2571 sedens
753 2515 959 2585 psalle;
993 2514 1088 2570 sed
1137 2530 1243 2569 non
1291 2515 1369 2569 vis
1414 2530 1508 2569 ore
1530 2514 1798 2584 psallere?
1824 2513 1928 2568 hoc
1965 2513 2127 2569 facias

534 2615 717 2662 mente
753 2624 765 2660 :
797 2623 1021 2677 magnus
1071 2607 1470 2663 contubernalis
1515 2608 1773 2678 psalmus.
1813 2606 1954 2662 Nihil
2002 2606 2128 2663 hinc

530 2716 693 2772 grave
722 2702 1033 2767 sustinebis,
1061 2701 1156 2758 sed
1185 2709 1454 2771 tamquam
1486 2701 1537 2754 in
1565 2700 1894 2756 monasterio
1922 2701 1974 2754 in
2003 2698 2123 2754 ofﬁ-

531 2793 651 2847 cina
681 2793 870 2848 sedere
889 2794 1091 2863 poteris
1116 2810 1128 2845 :
1162 2808 1267 2848 non
1297 2792 1438 2848 enim
1471 2793 1710 2847 locorum
1739 2792 2088 2848 commoditas
2107 2833 2123 2859 ,

532 2882 628 2937 sed
659 2898 870 2937 morum
905 2882 1139 2951 probitas
1175 2883 1407 2951 quietem
1438 2882 1592 2936 nobis
1621 2882 1900 2952 praebebit.
1930 2882 2127 2938 Paulus

530 2973 673 3029 enim
702 2973 754 3027 in
782 2972 996 3027 officina
1019 2981 1207 3029 .artcm
1238 2988 1387 3027 suam
1427 2980 1662 3027 tractans
1683 3013 1698 3038 ,
1731 2973 1863 3027 nihil
1892 2973 1959 3028 ad
2001 2988 2125 3044 pro-

534 3064 703 3134 priam
721 3065 970 3120 virtutem
996 3065 1154 3120 laesus
1176 3074 1259 3120 est
1281 3065 1416 3133 (Act.
1450 3065 1536 3120 18.
1560 3066 1638 3135 5).
1666 3065 1740 3119 Nc
1764 3064 1908 3121 dicas
1929 3066 2122 3136 igitur:

531 3156 812 3224 Quomodo
842 3164 1046 3226 potero,
1081 3171 1201 3211 cum
1231 3155 1418 3211 artifex
1460 3166 1513 3212 et
1557 3171 1759 3226 panper
1794 3158 1918 3225 sim,
1949 3157 2125 3228 philo-

538 3246 797 3316 sophari?
844 3247 1135 3317 Pr0pterea
1180 3262 1373 3316 nempe
1419 3248 1587 3317 magis
1633 3248 1835 3318 poteris
1883 3247 2123 3320 philoso-

529 3337 702 3408 phari.
734 3337 862 3392 Nam
910 3346 1196 3408 paupertas
1244 3337 1474 3405 divitiis,
1505 3347 1559 3394 et
1601 3340 1872 3411 negotium
1917 3342 2026 3397 otio
2059 3342 2126 3397 ad

529 3430 782 3499 pietatem
823 3429 980 3484 nobis
1015 3438 1101 3484 est
1140 3430 1495 3500 opportunius
1525 3448 1537 3483 :
1566 3430 1764 3502 quippe
1792 3446 1912 3487 eum
1955 3442 2009 3488 et
2038 3433 2123 3490 di-

528 3521 670 3575 vitia:
712 3536 817 3576 non
851 3520 1259 3577 advertentibus
1308 3522 1749 3592 impedimentum
1796 3525 1944 3579 ﬁant.
1988 3525 2123 3582 Cum

527 3613 669 3667 enim
700 3612 833 3666 iram
871 3613 1141 3668 dimittere
1171 3622 1443 3684 oporteat,
1473 3629 1594 3669 cum
1642 3616 1895 3671 invidiam
1923 3620 2124 3673 exstin-

528 3719 712 3774 guere,
740 3719 861 3760 cum
901 3705 1177 3760 remittere
1225 3705 1496 3774 furorem,
1528 3722 1647 3761 eum
1696 3710 1993 3764 orationem
2040 3711 2122 3765 0f-

528 3793 699 3860 ferre,
746 3809 869 3849 cum
915 3794 1300 3865 benignitatem
1346 3805 1402 3851 et
1448 3797 1944 3865 mansuetudinem,
2002 3815 2124 3854 cum

529 3886 845 3942 modestiam
873 3895 926 3942 et
955 3887 1233 3942 caritatem
1262 3887 1537 3953 exhibere,
1567 3888 1657 3942 ubi
1700 3900 1986 3959 paupertas
2027 3892 2126 3945 im-

535 3978 899 4048 pedimentnm
944 3993 1062 4033 esse
1100 3978 1310 4032 valeat?
1336 3978 1451 4033 Non
1496 3981 1636 4034 enim
1683 3989 1960 4050 argentum
2004 3998 2126 4038 ero-

529 4078 714 4137 gantes
742 4068 857 4123 haec
886 4076 1101 4138 oportet
1126 4069 1297 4136 obire,
1329 4068 1423 4124 sed
1451 4080 1651 4125 rectam
1681 4070 1997 4126 exhibentes
2024 4089 2121 4126 vo-

531 4161 814 4217 luntatem.
850 4163 1203 4236 Eleemosyna
1232 4167 1463 4220 maxime
1490 4167 1733 4239 pecuniis
1762 4176 1902 4236 eget,
1937 4183 2121 4222 verum

531 4264 585 4309 et
614 4255 724 4324 ipsa
760 4271 852 4325 per
880 4266 1252 4326 paupertatem
1284 4260 1455 4329 magis
1484 4260 1700 4329 effulget
1732 4279 1744 4314 :
1777 4262 1972 4315 etenim
2004 4278 2123 4331 qua:

529 4344 665 4400 duos
705 4348 894 4402 obolos
940 4349 1197 4419 erogavit,
1245 4351 1482 4403 omnium
1513 4351 1788 4405 hominum
1833 4361 1948 4406 erat
1989 4367 2123 4422 pan-

530 4436 758 4505 perrima
800 4480 816 4504 ,
862 4445 916 4493 et
972 4453 1159 4494 omnes
1205 4440 1475 4510 superavit
1518 4440 1668 4513 (Luc.
1714 4442 1806 4497 21.
1849 4442 1990 4513 2-4).
2044 4443 2124 4499 Ne

528 4542 784 4598 magnum
833 4529 993 4600 igitur
1018 4530 1143 4600 quid
1186 4530 1399 4588 divitias
1424 4548 1544 4588 esse
1582 4542 1851 4602 putemus,
1884 4550 1982 4589 nec
2012 4535 2125 4591 luto

529 4623 719 4677 melius
747 4638 934 4678 aurum
962 4639 1082 4679 esse
1111 4627 1435 4696 cogitemus;
1472 4628 1708 4681 materias
1738 4643 1968 4699 namque
1997 4645 2119 4699 pre-

528 4714 658 4767 tium
687 4729 791 4767 non
843 4729 908 4769 ex
935 4722 1122 4770 natura
1153 4726 1235 4770 est
1260 4757 1275 4783 ,
1307 4716 1401 4771 sed
1429 4732 1495 4772 ex
1524 4717 1775 4789 opinione
1813 4730 2014 4774 nostra.
2065 4720 2119 4775 Si

528 4806 647 4875 quis
689 4806 833 4861 enim
879 4806 1162 4877 diligenter
1201 4810 1532 4879 inquireret,
1580 4811 1747 4865 multo
1783 4812 1950 4880 magis
1992 4827 2121 4866 anro

524 4900 725 4955 ferrum
754 4899 1115 4952 necessarium
1143 4916 1159 4953 :
1192 4899 1581 4971 illud'namque
1603 4900 1807 4955 nullum
1831 4902 1956 4955 vita:
1987 4916 2120 4955 con-

526 4988 631 5043 fert
651 5005 827 5057 usum,
860 4989 962 5045 hoc
991 5000 1168 5045 autem
1211 4992 1466 5063 pleraque
1505 4995 1808 5050 necessaria
1852 4997 2004 5051 nobis
2029 5011 2122 5052 ex»

526 5080 696 5153 pedit,
727 5081 1023 5137 innumeris
1053 5082 1258 5138 artibus
1284 5086 1546 5140 serviens.
1595 5087 1661 5142 Et
1687 5087 1815 5157 quid
1855 5087 1975 5143 dico
2004 5090 2121 5144 auri

525 5182 580 5227 et
626 5172 755 5229 ferri
803 5176 1297 5246 comparationem?
1340 5176 1395 5231 hi
1440 5180 1581 5233 enim
1622 5182 1866 5252 vulgares
1918 5183 2121 5254 lapides

526 5265 697 5334 magis
723 5267 1015 5322 necessarii
1058 5277 1217 5337 sunt,
1263 5285 1420 5340 quam
1469 5272 1689 5340 pretiosi
1723 5290 1737 5326 :
1777 5289 1898 5327 nam
1925 5289 1990 5329 ex
2038 5276 2120 5331 his

524 5356 658 5411 nihil
690 5358 820 5414 utile
848 5358 962 5414 ﬁeri
1002 5369 1203 5430 posset,
1234 5376 1300 5416 ex
1330 5361 1437 5416 illis
1476 5378 1603 5418 vero
1647 5365 1838 5421 domus
1866 5374 1920 5421 et
1947 5367 2116 5435 nmri,

524 5455 580 5501 et
610 5447 773 5502 urbes
800 5457 1121 5505 constructae
1151 5460 1292 5506 sunt.
1324 5451 1402 5506 Tu
1441 5467 1568 5509 vero
1610 5454 1741 5509 mihi
1772 5455 2078 5511 demonstra
2100 5498 2116 5525 ,

525 5552 645 5607 quae
684 5537 752 5593 de
794 5542 1094 5611 margaritis
1136 5543 1338 5598 utilitas
1386 5543 1521 5612 istis,
1564 5546 1803 5616 quinimo
1831 5549 1971 5618 quod
2011 5565 2115 5603 non

524 5626 651 5683 inde
685 5626 936 5684 damnum
969 5632 1214 5686 eveniat?
1242 5633 1458 5691 Etenint
1500 5645 1557 5689 ut
1585 5645 1638 5690 tu
1681 5636 1821 5691 feras
1863 5639 2117 5696 unionem

524 5736 711 5788 unum,
746 5720 1010 5778 innumeri
1062 5740 1321 5796 pauperes
1369 5727 1507 5784 fame
1553 5740 1906 5798 premuntur:
1957 5746 2115 5803 quam

524 5811 683 5882 igitur
704 5812 1089 5887 defensionem,
1123 5833 1281 5888 quam
1310 5820 1515 5879 veniam
1544 5824 1845 5893 assequeris
1878 5825 1899 5881 ἲ

1648 370 1739 426 AD
1779 366 2286 426 ILLUMINANDOS
2324 370 2749 431 CATECHESIS
2782 373 2860 434 11.

2316 483 2476 541 Verus
2502 488 2727 543 mulieris
2754 495 2984 543 ornatus.
3015 518 3089 531 —
3115 486 3210 545 Vis
3236 503 3431 548 ornare
3460 490 3696 549 faciem?
3726 510 3831 548 tum

2241 579 2541 647 margaritis
2561 594 2717 647 orna,
2743 579 2838 636 sed
2855 580 3117 637 modestia
3148 590 3201 636 et
3222 582 3524 650 honestate,
3553 584 3736 654 sicque
3753 588 3833 640 vir

2239 670 2527 740 gratiorem
2575 670 2765 726 faciem
2814 681 3016 728 cernet.
3065 672 3158 729 Ille
3193 688 3388 745 nempe
3438 684 3659 731 ornatus
3684 684 3738 731 et
3780 678 3832 731 in

2241 759 2517 832 zelotypiae
2542 761 2902 830 suspicionem
2940 761 3161 833 injicere
3195 779 3339 834 Stepe
3365 765 3501 822 solet
3527 775 3581 821 et
3607 764 3841 821 inimici-

2242 849 2340 903 tias
2369 860 2423 903 et
2464 852 2836 907 contentiones
2863 860 2916 907 et
2951 866 3154 923 pugnas
3184 853 3298 908 :nil
3348 863 3527 910 autem
3573 856 3719 912 vultu
3739 868 3833 911 sn-

2238 952 2423 1011 spccto
2451 942 2688 1012 turpius;
2712 943 3070 1014 eleemosynte
3091 959 3219 999 vero
3245 953 3300 999 et
3321 946 3596 1002 modestiae
3613 956 3833 1002 ornatus

2239 1048 2454 1088 omnem
2516 1033 2732 1104 quidem
2789 1034 3088 1105 improbam
3152 1037 3511 1107 suspicionem
3578 1039 3823 1110 expellit.

2237 1124 2382 1178 omni
2413 1133 2591 1179 autem
2619 1126 2832 1181 vinculo
2863 1126 3066 1182 ﬁrmius
3093 1128 3374 1201 conjugem
3401 1130 3650 1185 conciliat
3681 1147 3692 1183 :
3722 1146 3833 1185 non

2236 1217 2378 1271 enim
2424 1226 2529 1271 tam
2559 1218 2808 1273 decoram
2852 1230 3039 1274 natura
3081 1231 3234 1292 parat
3260 1221 3473 1289 faciem,
3501 1239 3660 1295 quam
3703 1238 3830 1294 spe-

2235 1310 2429 1365 ctantis
2482 1310 2704 1367 affectus
2753 1329 2766 1366 :
2819 1311 3067 1368 affectum
3101 1329 3232 1370 vero
3281 1316 3415 1371 nihil
3456 1317 3534 1372 sic
3586 1325 3643 1371 ut
3712 1332 3833 1371 mo-

2236 1402 2407 1459 destia
2471 1413 2524 1460 et
2588 1403 2842 1461 honestas
2900 1407 3185 1462 conciliare
3237 1407 3394 1464 solet.
3459 1408 3642 1479 Itaque
3708 1408 3833 1463 licet

2238 1496 2456 1565 pulchra
2504 1497 2573 1552 sit
2612 1497 2824 1564 mulier,
2858 1498 2940 1553 vir
2967 1506 3147 1554 autem
3192 1515 3318 1571 erga
3354 1500 3523 1570 ipsam
3569 1500 3709 1556 male
3754 1500 3831 1554 af-

2238 1586 2406 1643 fectus
2439 1590 2526 1655 sit,
2554 1590 2793 1645 omnium
2826 1590 2924 1661 ipsi
2958 1591 3265 1662 turpissima
3293 1592 3596 1660 videbitur;
3627 1594 3670 1647 si
3700 1609 3830 1649 vero

2236 1697 2342 1735 non
2370 1697 2492 1737 esse
2531 1682 2813 1753 pulchram
2851 1685 3081 1754 aliquam
3111 1685 3415 1755 contingat,
3442 1684 3529 1738 illa
3567 1694 3763 1750 tamen,
3787 1687 3831 1740 si

2235 1773 2350 1828 viro
2373 1789 2471 1829 suo
2498 1774 2725 1844 placeat,
2754 1774 2991 1829 omnium
3015 1774 3116 1845 ipsi
3146 1776 3504 1846 pulcherrima
3535 1790 3655 1832 esse
3680 1776 3830 1832 vide-

2236 1863 2410 1929 bitur;
2442 1880 2546 1919 non
2573 1867 2717 1920 enim
2752 1867 2805 1921 in
2841 1880 3027 1921 eorum
3050 1907 3066 1934 ,
3095 1882 3214 1937 qua:
3258 1875 3568 1932 cernuntur,
3618 1875 3828 1931 natura,

2234 1959 2327 2013 sed
2355 1960 2406 2013 in
2435 1960 2771 2015 cernentium
2805 1960 2999 2016 affectu
3023 1959 3224 2031 judicia
3270 1960 3700 2030 fiunt.,Specicm
3731 1960 3830 2030 igi-

2236 2058 2319 2104 tur
2343 2049 2451 2105 oris
2479 2066 2677 2107 exorna
2705 2051 2989 2119 modestia,
3018 2051 3322 2119 honestate,
3345 2053 3709 2124 eleemosyna,
3733 2051 3831 2106 hu-

2235 2141 2507 2207 manitate,
2542 2144 2784 2211 caritate,
2821 2160 2948 2216 erga
2977 2144 3150 2200 virum
3179 2144 3488 2209 dilectione,
3514 2152 3829 2199 mansuetu-

2236 2232 2380 2299 dine,
2415 2234 2777 2306 benignitate,
2807 2237 3069 2292 malorum
3112 2236 3396 2292 tolerantia
3428 2254 3441 2290 :
3476 2236 3533 2291 hi
3571 2246 3694 2292 sunt
3721 2237 3829 2291 vir-

2237 2325 2363 2379 tutis
2389 2326 2617 2392 colores,
2651 2342 2750 2396 per
2770 2327 2869 2382 hos
2898 2327 3102 2383 allieies
3140 2327 3379 2398 angelos,
3412 2344 3519 2383 non
3550 2328 3791 2383 homines
3811 2371 3826 2394 ,

2236 2432 2332 2486 per
2356 2418 2457 2473 hos
2486 2419 2659 2489 ipsum
2692 2419 2914 2477 habebis
2941 2421 3107 2475 Deum
3148 2419 3479 2474 laudatorem
3511 2437 3525 2475 :
3553 2434 3673 2474 cum
3700 2433 3830 2474 vero

2237 2510 2377 2565 Deus
2402 2513 2757 2581 acceptaverit
2778 2555 2792 2576 ,
2820 2524 2872 2568 ct
2915 2514 3088 2568 virum
3117 2513 3335 2569 omnino
3364 2512 3457 2568 tibi
3494 2512 3741 2584 placabit.
3772 2513 3829 2568 Si

2233 2602 2377 2656 enim
2424 2603 2525 2656 viri
2570 2604 2830 2675 sapientia
2872 2602 3062 2659 faciem
3108 2604 3401 2671 illuminat,
3451 2605 3618 2659 multo
3661 2605 3830 2675 magis

2231 2692 2402 2748 virtus
2424 2693 2661 2749 mulieris
2677 2695 2882 2751 vultum
2910 2695 3175 2751 illuminat
3202 2695 3397 2767 (Eccle.
3427 2697 3481 2752 8.
3508 2698 3580 2767 1).
3608 2696 3663 2751 Si
3702 2711 3829 2750 vero

2234 2794 2390 2855 putas
2412 2800 2532 2842 esse
2559 2800 2808 2857 magnum
2835 2787 2979 2844 hunc
2999 2797 3267 2854 ornatum,
3300 2787 3385 2844 dic
3403 2788 3551 2853 mihi,
3578 2804 3694 2857 qnze
3720 2788 3829 2841 uti-

2234 2878 2356 2932 litas
2401 2878 2494 2932 tibi
2526 2879 2577 2932 in
2613 2878 2702 2933 die
2750 2881 2838 2935 illa
2889 2880 2957 2935 de
3004 2881 3313 2951 margaritis
3361 2880 3476 2936 istis
3519 2880 3733 2935 veniet?
3764 2878 3832 2933 Et

2234 2969 2362 3037 quid
2405 2984 2540 3039 opus
2569 2969 2715 3026 diem
2760 2972 2907 3027 illam
2938 2988 3365 3029 commemorare
3387 3014 3403 3039 ,
3432 2988 3553 3027 cum
3592 2974 3752 3028 liceat
3777 2982 3832 3027 et

2234 3075 2297 3113 ex
2331 3060 2684 3128 prmsentibns
2710 3062 2825 3118 haec
2855 3064 3033 3118 omnia
3075 3064 3489 3121 demonstrare?
3518 3064 3654 3119 Cum
3683 3065 3828 3119 enim

2234 3150 2291 3218 ii,
2321 3152 2408 3221 qui
2440 3153 2754 3222 Imperatori
2784 3156 3166 3210 contumeliam
3198 3156 3525 3222 intulerant,
3558 3156 3623 3210 ad
3658 3155 3831 3211 tribu-

2234 3245 2320 3298 nal
2354 3244 2700 3301 trahebantur
2729 3255 2781 3301 et
2815 3246 2881 3302 de
2916 3250 3173 3303 extremis
3202 3248 3670 3319 periclitabantur,
3705 3256 3831 3303 tunc

2234 3348 2434 3393 matres
2460 3348 2514 3393 ct
2558 3354 2752 3395 uxores
2796 3340 3015 3394 monilia
3039 3355 3201 3394 aurea
3237 3348 3290 3393 et
3317 3340 3630 3409 margaritas
3662 3339 3831 3409 depo-

2234 3437 2425 3484 nentes
2469 3438 2951 3500 ornamentumque
2988 3444 3147 3486 omne
3193 3437 3247 3485 et
3284 3430 3601 3485 vestimenta
3645 3444 3829 3495 aurea,

2235 3523 2390 3577 vilem
2427 3532 2481 3580 et
2511 3522 2772 3593 ahjeetam
2803 3532 3007 3579 vestem
3050 3532 3347 3590 sumentes,
3374 3532 3428 3577 et
3470 3522 3705 3578 cinerem
3745 3522 3830 3577 in-

2234 3625 2548 3686 spergentes
2576 3616 2698 3682 sibi,
2732 3626 2785 3671 et
2817 3625 2942 3672 ante
2966 3617 3274 3686 forijanuas
3305 3632 3365 3672 se
3390 3616 3724 3681 volutantes,
3754 3615 3831 3671 sic

2228 3708 2436 3779 judices
2456 3708 2770 3764 exorabant.
2800 3709 2857 3765 Si
2886 3719 3063 3765 autem
3086 3709 3138 3764 in
3168 3709 3251 3764 his
3273 3708 3491 3781 judieiis
3521 3722 3680 3764 aurea
3709 3708 3831 3778 qui«

2232 3798 2356 3853 dem
2400 3800 2620 3854 monilia
2670 3808 2725 3854 et
2770 3800 3001 3855 uniones
3028 3808 3084 3855 et
3120 3800 3268 3854 varia
3313 3799 3479 3855 vestis
3528 3797 3735 3853 insidiae
3777 3806 3832 3853 et

2233 3891 2464 3960 proditio
2485 3890 2702 3957 fuerint,
2721 3890 3077 3946 mansuetudo
3099 3900 3302 3956 autem,
3327 3891 3650 3961 benignitas,
3671 3890 3827 3954 cinis,

2232 3982 2484 4054 lacryma:
2530 3990 2584 4036 et
2614 3983 2739 4037 vilia
2782 3984 3104 4037 vestimenta
3148 3983 3319 4052 magis
3362 3981 3600 4051 judicem
3650 3981 3832 4038 conci-

2233 4071 2406 4126 liant:
2441 4073 2610 4127 multo
2650 4073 2820 4143 magis
2850 4074 2902 4126 iu
2928 4072 3131 4143 judicio
3178 4072 3271 4127 illo
3299 4072 3593 4127 inevitabili
3631 4080 3686 4127 et
3714 4082 3827 4128 tre-

2232 4163 2429 4219 mendo
2483 4163 2585 4219 hoc
2640 4164 2751 4219 ﬁet.
2801 4164 2968 4232 Quam
3021 4166 3167 4220 enim
3222 4165 3487 4219 rationem
3545 4164 3827 4221 dicendam

2233 4256 2489 4312 habebis?
2517 4272 2697 4327 quam,
2739 4256 2825 4312 dic
2867 4257 3017 4324 mihi,
3066 4257 3464 4312 excusationem
3488 4299 3501 4323 ,
3530 4255 3746 4327 quando
3771 4266 3824 4312 te

2233 4348 2492 4404 Dominus
2540 4348 2811 4404 accusabit
2852 4347 2919 4404 de
2951 4349 3255 4419 margaritis
3291 4348 3429 4416 istis,
3464 4355 3522 4403 et
3561 4362 3826 4418 pauperes

2234 4438 2373 4495 fame
2418 4440 2658 4510 perditos
2706 4440 2760 4495 in
2805 4441 3040 4496 medium
3083 4440 3244 4511 aget?
3288 4440 3583 4510 Propterea
3628 4438 3829 4494 Paulus

2230 4531 2442 4587 dicebat
2471 4551 2484 4587 :
2520 4531 2643 4586 Non
2691 4533 2743 4586 in
2775 4534 2920 4587 (ortis
2961 4533 3216 4598 crinibus,
3247 4532 3323 4586 vel
3350 4548 3498 4597 auro,
3525 4532 3602 4586 vel
3624 4547 3826 4602 marga-

2229 4625 2361 4691 ritis,
2388 4625 2466 4679 vel
2487 4626 2775 4679 vestimento
2798 4625 3016 4696 pretioso
3035 4625 3111 4696 (1.
3137 4624 3268 4678 Tim.
3291 4625 3344 4678 2.
3366 4624 3445 4692 9).
3472 4623 3606 4679 llinc
3633 4639 3829 4692 nempe.

2229 4725 2503 4771 strucutur
2543 4716 2749 4772 insidia:
2806 4735 2818 4771 :
2874 4717 2972 4773 etsi
3018 4725 3197 4771 autem
3239 4716 3439 4787 jngiter
3492 4716 3621 4785 ipsis
3678 4714 3827 4769 frna-

2232 4825 2371 4874 mur,
2402 4818 2581 4865 tamen
2610 4810 2830 4864 omnino
2876 4825 2970 4879 per
3014 4818 3238 4863 mortem
3270 4809 3337 4864 ab
3368 4808 3498 4877 ipsis
3541 4808 3822 4876 separabi-

2230 4916 2368 4956 mur.
2397 4900 2476 4955 Ex
2495 4902 2694 4956 virtute
2719 4916 2846 4955 vero
2872 4900 3133 4955 securitas
3157 4899 3355 4963 omnis,
3384 4906 3439 4953 et
3466 4899 3692 4953 mutatio
3719 4897 3824 4953 rui-

2231 5008 2366 5047 nave
2393 4993 2560 5056 nulla,
2592 5007 2776 5047 verum
2818 5001 2871 5045 et
2912 4990 3000 5045 hic
3045 5006 3141 5045 nos
3184 5006 3244 5045 ea
3276 4988 3453 5046 reddit
3494 4989 3737 5056 tutiores,
3774 5000 3829 5044 et

2229 5084 2357 5138 illuc
2377 5085 2678 5139 comitatur.
2726 5083 2819 5137 Vis
2857 5083 3172 5152 margaritas
3214 5081 3519 5152 possidere,
3553 5097 3654 5138 nec
3693 5098 3815 5137 um-

2228 5191 2386 5246 quam
2410 5176 2506 5229 has
2529 5175 2744 5230 divitias
2787 5173 3092 5245 deponere?
3123 5184 3366 5229 ornatum
3415 5190 3630 5230 omnem
3671 5173 3821 5228 anfe-

2228 5283 2350 5323 rens
2381 5268 2433 5322 in
2462 5268 2659 5322 Christi
2688 5282 2878 5322 manus
2910 5283 3007 5336 per
3033 5282 3298 5338 pauperes
3320 5281 3522 5337 repone
3556 5285 3569 5321 :
3599 5266 3689 5321 ille
3720 5266 3815 5320 tibi

2227 5368 2447 5415 cunctas
2491 5358 2757 5413 custodiet
2804 5359 3049 5428 divitias,
3100 5368 3380 5429 postquam
3430 5372 3625 5426 corpus
3669 5367 3816 5413 tuum

2226 5452 2395 5507 multa
2423 5467 2544 5507 cum
2574 5452 2817 5508 claritate
2843 5455 3265 5518 resnseitaverit,
3300 5462 3423 5506 tunc
3447 5452 3537 5506 tibi
3570 5452 3819 5508 meliores

2229 5546 2595 5613 circumponet
2642 5543 2853 5601 divitias
2897 5556 2952 5601 ct
2994 5554 3238 5599 ornatum
3285 5544 3576 5612 majorem,
3620 5544 3818 5613 quippe

2226 5653 2347 5693 cum
2379 5639 2448 5693 sit
2479 5638 2564 5693 hic
2590 5654 2827 5708 prtesens
2851 5640 2971 5694 vilis
2999 5648 3053 5693 ct
3074 5637 3347 5693 ridiculus.
3378 5636 3561 5706 Cogita
3588 5652 3819 5706 namque

2228 5729 2422 5801 quibus
2450 5730 2528 5785 vis
2560 5731 2793 5800 placere,
2824 5742 2877 5786 et
2906 5739 3124 5800 propter
3166 5742 3300 5799 quos
3337 5727 3480 5783 hunc
3520 5728 3698 5783 induis
3721 5744 3816 5781 or-

2229 5828 2431 5893 natum,
2462 5832 2517 5879 ut
2550 5821 2788 5880 funarius
2816 5833 2867 5880 et
2905 5822 3123 5879 aerarius
3152 5831 3205 5877 ct
3244 5821 3456 5876 institor
3486 5820 3823 5877 admirentur
