4066 6436
366 293 473 349 239

1112 291 1168 347 S.
1210 291 1397 348 JOAN.
1440 294 1815 351 ClliiYSOST.
1857 297 2177 356 ARCIIIEP.
2217 297 2747 362 CONSTANTINOP.

3539 311 3669 368 940

362 416 890 478 conspicatuannon
915 407 1608 464 confunderisetcrubescis
1640 415 1691 462 te
1728 405 1833 460 illis
1870 420 1963 461 os-
2055 403 2272 465 culum?
2316 409 2569 468 Dicamne
2619 420 2674 468 et
2717 415 2861 470 aliud
2908 414 3290 479 ridiculosius?
3338 418 3663 481 Confumlor

366 513 602 569 tentans,
634 511 691 561 et
722 518 861 574 quos
886 516 986 557 nec
1023 499 1385 572 appellatione
1410 508 1501 557 tua
1526 500 1719 572 dignos
1743 514 1949 565 censes,

368 605 585 663 preptcr
607 594 705 649 hos
730 594 911 650 omnia
936 591 1176 648 faciens?

448 686 608 740 Verba
641 685 695 740 in
716 685 964 756 baptismo
986 684 1210 755 prolata.
1234 713 1310 726 —
1327 684 1609 752 Quomodo
1639 685 1799 756 igitur
1819 683 1957 739 hanc

361 792 574 833 omnem
602 774 895 832 vanitatem
929 773 1246 831 deridebis?
1270 774 1329 831 Si
1358 777 1503 831 vocis
1534 775 1676 832 illius
1701 774 1956 830 recorde-

364 871 457 936 ris,
485 884 641 939 quam
663 868 790 924 dum
814 869 980 924 sacris
1015 868 1319 938 initiareris,
1348 869 1574 925 emisisti
1620 887 1636 927 :
1667 869 1956 925 Abrenun-

363 962 434 1015 tio
458 959 573 1025 tibi,
613 968 821 1026 satana,
866 968 921 1016 et
950 974 1159 1031 pompae
1200 970 1303 1016 tuae
1342 971 1397 1016 et
1438 961 1602 1017 cultui
1645 969 1734 1017 tuo
1764 979 1778 1015 :
1811 962 1950 1017 circa

361 1051 762 1122 margaritarum
796 1053 940 1107 cnim
969 1052 1172 1108 cultum
1217 1053 1422 1108 insania
1448 1062 1533 1108 est
1568 1066 1764 1123 pompa
1807 1063 1951 1108 sata-

360 1145 499 1200 nica.
528 1145 729 1199 Aurum
758 1144 903 1201 enim
930 1145 1138 1216 cepisti,
1163 1161 1269 1201 non
1296 1155 1355 1201 ut
1377 1161 1572 1217 corpus
1604 1147 1829 1209 vincias,
1857 1146 1951 1202 sed

363 1245 421 1292 ut
450 1252 713 1308 pauperes
739 1240 922 1295 solvas
946 1247 1001 1295 et
1027 1240 1284 1295 enutrias.
1320 1240 1413 1295 Dic
1436 1240 1594 1310 igitur
1619 1238 1948 1311 frequenter,

360 1331 693 1387 Abt-enuntio
750 1332 864 1401 tibi,
929 1333 1311 1391 satanaznihil
1350 1332 1451 1389 hac
1498 1332 1661 1388 tutius
1701 1347 1852 1399 voce,
1906 1333 1952 1387 si

356 1422 525 1492 ipsam
546 1440 643 1497 per
667 1439 830 1494 opera
856 1439 917 1481 ex
927 1424 1225 1481 hibeamus.

431 1516 486 1571 5.
520 1516 667 1570 lianc
694 1526 749 1571 et
777 1531 873 1571 vos
902 1518 1140 1573 initiandi
1197 1528 1250 1572 ttt
1272 1518 1506 1586 tliscatis,
1539 1520 1762 1575 obsecro
1790 1538 1803 1573 :
1836 1520 1951 1577 haec

358 1608 500 1661 enim
527 1623 628 1662 vox
656 1607 1040 1664 confoederatio
1065 1624 1184 1664 eum
1208 1610 1443 1665 Domino
1464 1618 1566 1665 est.
1597 1610 1665 1665 Et
1687 1611 1823 1666 sicut
1848 1626 1950 1666 nos

366 1713 554 1755 servos
578 1709 837 1768 ementes,
863 1700 1007 1771 ipsos
1035 1702 1123 1772 qui
1146 1700 1466 1770 venduntur,
1487 1702 1634 1770 prius
1652 1704 1950 1774 interroga-

360 1804 481 1844 mus
509 1805 577 1845 an
605 1791 759 1847 nobis
805 1792 1008 1849 servire
1059 1793 1270 1849 velint:
1300 1793 1373 1851 ita
1408 1794 1531 1850 facit
1581 1805 1636 1850 et
1672 1793 1947 1863 Christus;

357 1880 567 1949 quando
586 1881 747 1939 debet
777 1892 827 1937 te
852 1883 907 1938 in
936 1885 1247 1941 servitutem
1273 1900 1489 1955 capere,
1521 1886 1670 1957 prius
1711 1887 1944 1943 interro-

310 2044 315 2045 ί
356 1984 446 2042 gat
472 1989 540 2028 an
583 1974 716 2030 velis
764 1975 913 2030 illum
954 1977 1227 2033 crudelem
1272 1985 1554 2048 tyrannum
1594 1978 1862 2034 dimittere
1898 1988 1953 2035 et

356 2065 618 2121 immitem
646 2107 662 2133 ,
712 2075 766 2122 et
810 2066 876 2122 ad
929 2066 1133 2129 foedera
1178 2069 1439 2139 suscipit:
1497 2084 1602 2124 non
1641 2070 1782 2125 enim
1821 2085 1950 2125 coa-

354 2166 501 2209 etum
528 2164 611 2211 est
644 2156 813 2225 ipsius
840 2158 1141 2230 imperium.
1174 2160 1242 2215 Et
1281 2160 1402 2216 vide
1434 2159 1527 2215 Dei
1545 2161 1946 2233 benignitatem.

356 2245 467 2303 Nos
495 2260 689 2320 nempe
736 2252 1044 2322 priusquam
1088 2254 1320 2324 pretium
1367 2269 1671 2326 erogemus,
1714 2256 1953 2311 interro—

353 2356 542 2411 gamus
584 2359 679 2405 eos
721 2347 809 2415 qui
860 2346 1182 2415 vendantur,
1218 2358 1271 2405 et
1305 2363 1426 2404 cum
1470 2348 1814 2405 didicerimus
1856 2366 1950 2406 cos

354 2432 516 2500 velle,
567 2443 692 2490 tunc
736 2439 965 2505 pretium
1006 2453 1309 2509 erogamus.
1337 2439 1583 2495 Christus
1629 2449 1806 2495 autem
1842 2456 1951 2496 non

356 2524 457 2590 ita;
490 2540 676 2580 verum
717 2535 771 2581 et
809 2528 1034 2597 pretium
1080 2529 1320 2600 erogavit
1354 2544 1452 2599 pro
1502 2530 1750 2586 omnibus
1796 2532 1951 2587 nobis

356 2617 647 2685 pretiosum
697 2621 1010 2691 sanguinem
1064 2638 1221 2678 suum
1264 2639 1279 2677 :
1329 2621 1505 2679 Pretio
1546 2624 1710 2691 enim,
1756 2625 1948 2696 inquit,

358 2712 515 2780 empti
553 2713 668 2767 estis
694 2713 782 2785 (l.
814 2712 931 2768 Cor.
956 2715 1007 2769 7.
1038 2715 1110 2770 25
1138 2715 1157 2787 )
1188 2732 1200 2769 :
1231 2723 1286 2771 et
1326 2724 1504 2771 tamen
1524 2731 1695 2786 neque
1716 2716 1951 2789 siccogit

351 2803 452 2857 sibi
483 2804 685 2859 servire
705 2806 971 2873 nolentes,
1005 2807 1099 2862 sed
1127 2807 1227 2861 nisi
1260 2808 1485 2878 gratiam
1513 2809 1710 2864 habeas
1740 2819 1793 2863 et
1822 2825 1852 2864 a
1895 2819 1948 2867 te

353 2895 474 2964 ipso
493 2902 547 2948 et
567 2904 758 2964 sponte
784 2897 900 2966 ejus
927 2898 1057 2952 velis
1084 2896 1377 2953 dominatui
1397 2897 1777 2962 adscribi,Non
1791 2914 1946 2971 cogo,

352 2985 544 3057 inquit,
574 3001 745 3056 neque
773 2990 1056 3059 compello.
1082 2990 1149 3045 Et
1176 3004 1274 3045 nos
1302 2989 1517 3060 quidem
1540 2990 1813 3061 improbos
1830 3007 1948 3049 ser-

354 3090 448 3130 vos
484 3091 551 3132 nc
593 3078 820 3133 emimus
869 3080 1083 3151 quidem
1113 3098 1125 3134 :
1154 3080 1297 3151 quod
1343 3081 1389 3136 si
1422 3080 1638 3152 quando
1682 3097 1944 3150 emamus,

352 3183 517 3238 pravo
556 3171 780 3226 consilio
812 3173 916 3229 tale
946 3173 1174 3251 pretium
1205 3188 1529 3245 erogamus:
1568 3172 1813 3230 Christus
1854 3190 1948 3230 au-

353 3268 457 3314 tem
487 3260 720 3331 ingratos
745 3278 930 3320 emens
971 3279 1157 3320 servos
1179 3265 1411 3336 iniquos,
1439 3265 1626 3336 Optimi
1652 3268 1791 3322 servi
1822 3281 1948 3335 pre-

353 3351 481 3407 tium
510 3354 749 3425 erogavit
775 3373 788 3410 :
819 3356 926 3411 imo
952 3371 1081 3411 vero
1104 3358 1270 3411 multo
1298 3356 1488 3428 majus,
1512 3340 1575 3413 ac
1600 3366 1748 3413 tanto
1774 3358 1949 3429 majus

353 3454 409 3498 ut
436 3459 611 3515 neque
646 3446 783 3501 ratio
809 3462 983 3518 neque
1020 3464 1176 3504 mens
1215 3449 1381 3519 ipsius
1410 3449 1824 3518 magnitudinem
1855 3465 1948 3505 ca-

354 3535 466 3604 piat
494 3552 509 3589 :
539 3551 644 3592 non
670 3538 811 3593 enim
851 3538 1042 3593 caelum
1070 3548 1125 3594 et
1154 3548 1349 3595 terram
1397 3548 1452 3595 et
1475 3555 1623 3596 mare
1657 3540 1812 3607 dans,
1851 3542 1947 3598 sed

360 3629 609 3684 omnibus
634 3628 717 3684 his
738 3630 1105 3699 pretiosiorem
1128 3631 1438 3702 sanguinem
1466 3647 1620 3687 suum
1643 3631 1945 3702 effundens,

354 3721 425 3774 ita
443 3733 542 3775 nos
558 3720 821 3779 redemit:
847 3730 901 3777 et
928 3730 1044 3792 post
1062 3721 1174 3779 hate
1189 3723 1364 3778 omnia
1390 3739 1495 3779 non
1525 3731 1685 3781 testes
1709 3739 1739 3779 a
1766 3726 1943 3796 nobis,

354 3826 463 3867 non
492 3811 843 3883 chirographa
865 3815 1057 3886 exigit,
1087 3814 1180 3871 sed
1204 3816 1317 3870 sola
1350 3825 1632 3873 contentus
1662 3827 1747 3873 est
1774 3833 1904 3874 voce
1929 3837 1943 3874 :

352 3905 471 3960 etsi
491 3904 637 3962 dicas
657 3921 721 3965 ex
744 3906 924 3973 corde,
950 3907 1283 3963 Abrenuntio
1305 3909 1417 3977 tibi,
1440 3917 1645 3976 satana,
1669 3918 1721 3964 et
1737 3925 1946 3981 pompa:

351 4007 488 4064 tuae,
523 4007 691 4060 totum
721 4000 942 4075 recepit.
979 4000 1091 4055 Hoc
1119 4002 1281 4072 igitur
1309 4001 1548 4057 dicamus
1567 4044 1582 4068 ,
1612 4002 1946 4061 Abrenuntio

352 4090 468 4152 tibi,
494 4098 678 4155 satana
704 4108 716 4144 :
749 4101 1016 4163 tamquam
1044 4093 1094 4147 in
1120 4094 1205 4147 illa
1231 4093 1319 4149 die
1339 4094 1495 4165 hujus
1513 4095 1662 4150 vocis
1683 4096 1945 4151 rationem

350 4180 633 4250 reddituri,
661 4189 715 4239 et
743 4182 912 4254 ipsam
935 4183 1318 4251 custodiamus,
1348 4193 1408 4239 ut
1436 4186 1640 4241 salvum
1673 4195 1797 4241 tunc
1818 4187 1943 4245 red-

350 4273 542 4333 damus
571 4273 893 4354 depositum.
917 4275 1119 4347 Pompa
1146 4290 1274 4332 vero
1298 4276 1533 4332 sataniea
1562 4286 1684 4332 sunt
1706 4276 1909 4333 theatra
1926 4320 1941 4345 ,

352 4368 643 4437 circenses,
692 4377 746 4425 et
793 4384 956 4426 omne
998 4378 1306 4441 peccatum,
1350 4370 1560 4425 dierum
1605 4369 1938 4437 observatio,

352 4459 660 4531 prmstigite,
679 4470 733 4518 et
748 4460 948 4517 omina.

424 4550 680 4609 Adversus
709 4553 1080 4607 omium—Et
1121 4552 1247 4623 quid
1289 4552 1501 4608 tandem
1550 4563 1676 4611 sunt
1724 4555 1944 4611 omina?

349 4643 507 4713 Sa‘pe
534 4644 695 4699 domo
734 4645 853 4716 quis
879 4661 976 4700 sua
1005 4660 1254 4717 egressus
1279 4645 1549 4707 hominem
1579 4646 1709 4702 vidit
1735 4664 1940 4703 unocu-

348 4737 495 4802 lum,
543 4735 630 4791 vel
670 4736 1091 4806 claudieantem,
1139 4745 1196 4795 et
1237 4738 1504 4793 ominatus
1548 4745 1650 4793 est.
1694 4738 1819 4792 llaec
1859 4747 1943 4792 est

346 4842 541 4901 pompa
571 4829 805 4885 satanica
837 4847 850 4884 :
880 4846 985 4885 non
1010 4830 1152 4887 enim
1198 4829 1428 4886 hominis
1457 4844 1711 4886 occursus
1746 4830 1941 4884 malum

350 4920 472 4975 taeit
498 4919 663 4987 diem,
692 4921 786 4977 sed
816 4923 869 4977 in
899 4923 1133 4992 peccatis
1163 4924 1362 4978 vivere.
1385 4921 1519 4979 Cum
1543 4922 1703 4990 igitur
1722 4921 1938 4987 exieris,

349 5028 512 5070 unum
556 5012 716 5070 modo
754 5030 901 5078 cave.
944 5031 1012 5071 ne
1055 5025 1301 5072 occurrat
1346 5015 1442 5071 tibi
1483 5022 1756 5084 peceatum
1789 5031 1802 5068 :
1842 5015 1943 5070 hoc

345 5106 488 5160 enim
515 5115 600 5163 est
621 5107 765 5177 quod
793 5109 1121 5179 supplantat,
1160 5118 1355 5180 praeter
1395 5107 1498 5162 hoc
1533 5122 1663 5162 vero
1693 5123 1791 5162 nec
1827 5108 1941 5177 ipse

346 5197 589 5254 diabolus
632 5213 733 5255 nos
778 5200 1044 5270 quidpiam
1094 5201 1291 5257 laedere
1344 5199 1560 5269 poterit.
1601 5199 1739 5267 Quid
1774 5199 1941 5255 dicis?

347 5287 620 5347 hominem
665 5293 873 5358 cernis,
920 5300 976 5346 et
1014 5293 1297 5357 ominaris,
1327 5305 1429 5347 nec
1472 5293 1648 5347 cernis
1691 5292 1937 5362 laqueum

348 5379 672 5437 diabolicum
695 5383 746 5450 ί,
777 5383 1047 5454 quomodo
1071 5392 1123 5438 te
1149 5384 1246 5452 illi,
1278 5384 1366 5454 qui
1397 5392 1448 5439 te
1476 5382 1619 5440 nulla
1655 5383 1831 5439 aﬂeeit
1861 5383 1942 5438 in-

343 5471 506 5537 juria,
536 5472 709 5531 reddit
739 5475 1049 5529 inimicum?
1075 5477 1341 5545 quomodo
1378 5485 1430 5533 te
1470 5477 1621 5534 fratri
1663 5478 1939 5533 constituit

349 5560 711 5620 adversarium
732 5582 796 5621 ex
819 5566 959 5620 nulla
979 5566 1120 5633 justa
1143 5570 1456 5626 occasione?
1475 5569 1542 5625 Et
1566 5572 1703 5625 Deus
1721 5569 1937 5639 quidem

349 5652 434 5702 vel
462 5651 705 5711 inimicos
728 5672 913 5711 amare
938 5670 1034 5710 nos
1051 5658 1241 5727 jussit'
1274 5667 1329 5715 tu
1351 5671 1527 5716 autem
1559 5660 1631 5714 nil
1661 5660 1944 5717 laedentem

353 5744 636 5808 aversaris,
665 5747 734 5799 nil
759 5745 1120 5803 accusandum
1152 5749 1376 5817 habens,
1403 5766 1504 5809 nec
1526 5752 1747 5823 cogitas,
1771 5768 1944 5824 quan-

355 5833 436 5874 “'5
465 5827 624 5896 “3‘15,
654 5846 907 5901 quantum
941 5835 1193 5905 dedecus,
1226 5840 1333 5897 imo
1360 5860 1487 5901 vero
1517 5853 1770 5915 quantum
1803 5846 1944 5916 peri-

2054 514 2246 572 nempe
2273 510 2328 557 et
2368 505 2649 572 erubesco,
2676 505 2774 563 sed
2817 521 2981 581 cogor
3021 522 3242 582 propter
3285 514 3514 572 salutem
3543 534 3660 574 ve-

2052 598 2218 648 stram
2241 592 2440 650 dicere.
2470 595 2525 651 Si
2544 595 2717 668 virgo,
2741 597 2933 670 inquit,
2957 604 3277 671 occurrerit,
3307 607 3507 663 sterilis
3526 608 3661 664 dies

2051 684 2185 750 erit;
2233 686 2280 741 si
2326 702 2455 742 vero
2501 690 2777 760 meretrix,
2827 692 3055 751 dextera
3095 704 3152 753 et
3195 696 3358 765 bona,
3386 707 3441 755 et
3479 702 3657 757 multa

2051 779 2380 835 mereatione
2408 780 2583 850 plena.
2610 781 2987 855 Oeeultamini,
3014 796 3067 843 et
3093 787 3319 846 frontem
3342 793 3655 861 percutitis,

2050 878 2102 923 et
2130 869 2195 924 ad
2224 880 2417 926 terram
2446 872 2715 929 inclinatis
2747 892 2761 928 :
2793 876 2889 931 sed
2918 892 3022 933 non
3054 895 3195 935 nunc
3234 880 3361 936 dum
3388 883 3659 939 dicuntur

2050 961 2228 1024 verba,
2258 961 2352 1016 sed
2374 977 2493 1017 cum
2526 964 2658 1018 ﬁunt
2684 981 2867 1036 opera,
2896 968 3318 1027 erubescendum
3348 981 3483 1030 erat.
3508 974 3654 1030 Vide

2050 1065 2245 1121 nempe
2272 1053 2539 1123 quomodo
2568 1062 2621 1109 et
2650 1054 2739 1110 hic
2764 1056 3007 1114 diabolus
3031 1058 3213 1115 dolum
3244 1062 3553 1131 abscondit,
3587 1073 3657 1119 ut

2047 1143 2349 1198 modestam
2381 1145 2594 1216 quidem
2636 1162 2978 1219 aversemur,
3017 1151 3336 1222 impudicam
3368 1169 3494 1210 vero
3522 1171 3655 1226 gra-

2049 1243 2156 1289 tam
2206 1235 2499 1292 habeamus
2537 1247 2593 1295 et
2638 1254 2901 1297 amemus.
2949 1242 3213 1312 Quoniam
3259 1246 3404 1302 enim
3443 1248 3654 1303 audivit

2046 1325 2320 1383 Christum
2366 1329 2659 1398 dicentem,
2699 1330 2803 1399 Qui
2838 1335 3020 1401 aspicit
3052 1336 3315 1393 mulierem
3355 1338 3424 1392 ad
3456 1356 3652 1394 concu-

2048 1418 2359 1486 piscendum,
2371 1421 2484 1491 jam
2506 1421 2783 1477 moechatus
2800 1433 2873 1478 est
2884 1440 2993 1480 eam
3012 1424 3218 1499 (Matth.
3239 1428 3293 1484 5.
3310 1428 3425 1500 28),
3441 1438 3495 1485 et
3512 1431 3651 1485 vidit.

2046 1508 2244 1565 multos
2293 1510 2564 1566 lasciviam
2605 1513 2842 1580 vincere,
2872 1515 3058 1571 volens
3085 1534 3297 1572 rursum
3341 1537 3435 1591 per
3479 1521 3644 1576 aliam

2047 1601 2187 1656 viam
2217 1602 2362 1673 ipsos
2393 1603 2447 1657 in
2477 1614 2755 1675 peccatum
2788 1605 3081 1678 impellere,
3105 1625 3202 1680 per
3219 1610 3357 1665 hanc
3380 1611 3640 1666 observa-

2051 1694 2249 1749 tionem
2279 1696 2569 1753 meritoriis
2586 1696 2900 1755 mulieribus
2918 1698 3149 1757 libenter
3168 1701 3350 1757 oculos
3367 1702 3647 1760 intendere

2048 1787 2337 1855 persuasit.

2120 1876 2289 1935 Erea
2317 1879 2599 1937 Alexandri
2630 1881 2709 1938 Η.
2754 1887 3061 1941 numismata
3102 1886 3447 1959 superstitiose
3472 1906 3628 1945 usur-

2050 1984 2188 2045 pata.
2208 2006 2277 2018 -—
2309 1975 2447 2044 Quid
2474 1993 2604 2033 vero
2628 1978 2834 2036 diceret
2861 1980 3056 2052 aliquis
3093 1980 3162 2037 de
3201 1982 3285 2048 iis,
3313 1984 3404 2053 qui
3434 1984 3638 2039 carmi—

2048 2066 2205 2122 nibus
2243 2074 2297 2123 ct
2334 2067 2575 2138 ligaturis
2635 2080 2874 2141 utuntur,
2931 2079 2988 2127 et
3035 2071 3103 2127 de
3153 2071 3645 2144 circumligantibus

2048 2175 2189 2215 terea
2217 2160 2508 2220 Alexandri
2533 2162 2837 2220 Macedonis
2864 2165 3181 2220 numismata
3199 2165 3357 2237 capiti
3378 2166 3463 2221 vel
3494 2166 3645 2238 pedi-

2048 2252 2190 2307 bus?
2216 2253 2311 2309 Dic
2338 2256 2492 2323 mihi,
2523 2271 2589 2311 an
2618 2255 2703 2311 ha:
2729 2266 2852 2311 sunt
2873 2258 3302 2327 exspectationes
3331 2267 3549 2325 nostrae,
3582 2266 3646 2313 ut

2050 2352 2173 2415 post
2200 2359 2416 2401 crucem
2446 2355 2501 2403 et
2526 2358 2753 2403 mortem
2787 2348 3118 2403 Dominicam
3164 2349 3217 2403 in
3257 2349 3469 2419 gentilis
3501 2349 3644 2419 regis

2049 2436 2283 2507 imagine
2309 2453 2459 2511 spem
2490 2439 2679 2494 salutis
2708 2438 3039 2495 habeamus?
3057 2438 3275 2510 lgnoras
3296 2450 3491 2510 quanta
3508 2455 3642 2495 crux

2050 2527 2319 2598 perfecit?
2350 2540 2578 2586 mortem
2609 2530 2856 2586 dissolvit
2880 2540 3206 2601 {peccatum
3237 2532 3528 2598 exstinxit,
3558 2547 3644 2587 or-

2049 2636 2171 2677 cum
2198 2622 2410 2677 inanem
2440 2622 2695 2692 reddidit,
2725 2623 2933 2679 diaboli
2961 2624 3116 2679 solvit
3143 2625 3429 2695 potentiam
3451 2668 3464 2691 ,
3494 2635 3548 2680 et
3571 2625 3641 2681 ad

2049 2715 2294 2785 corporis
2323 2715 2606 2771 sanitatem
2652 2716 3008 2787 praestandam
3054 2732 3158 2772 non
3191 2727 3275 2773 est
3306 2717 3407 2773 fide
3432 2717 3589 2789 digna
3616 2721 3644 2772 ’ρ

2049 2813 2220 2862 totum
2251 2804 2438 2861 orbem
2462 2807 2830 2874 exsuscitavit,
2862 2815 2917 2863 et
2944 2818 2997 2862 tu
3027 2808 3079 2862 in
3109 2810 3225 2878 ipsa
3253 2824 3360 2862 non
3391 2808 3642 2865 conﬁdis?

2050 2900 2257 2971 etquid
2285 2900 2393 2970 pati
2423 2899 2618 2970 dignus
2671 2915 2779 2955 non
2821 2899 3031 2956 fueris?
3074 2900 3190 2956 Non
3236 2900 3486 2972 ligaturas
3509 2915 3644 2956 vero

2049 3002 2253 3050 tantum
2277 3035 2293 3062 ,
2319 2995 2415 3051 sed
2450 2995 2613 3050 etiam
2642 3002 3057 3050 excantamenta
3105 2994 3201 3050 tibi
3248 2995 3600 3051 circumducis
3621 3037 3638 3059 ,

2047 3086 2254 3142 vetulas
2280 3085 2456 3142 ebrias
2478 3095 2532 3142 et
2555 3085 2844 3142 titubantes
2870 3085 3086 3141 domum
3114 3086 3319 3141 ducens
3349 3103 3364 3142 :
3394 3102 3493 3143 nec
3511 3102 3645 3142 con-

2049 3175 2315 3244 funderis,
2349 3191 2451 3233 nec
2481 3178 2776 3243 erubescis,
2809 3187 2932 3248 post
2961 3186 3161 3232 tantam
3213 3177 3281 3232 ad
3326 3177 3440 3232 haec
3478 3178 3643 3247 trepi-

2049 3267 2184 3324 dans
2211 3268 2548 3339 disciplinam
2575 3276 2667 3325 :et
2694 3269 2836 3340 quod
2858 3268 3073 3340 gravius
3096 3276 3177 3323 est
3201 3283 3407 3337 errore,
3426 3269 3640 3340 quando

2052 3358 2168 3416 haec
2194 3360 2549 3415 admonemus
2583 3368 2640 3415 et
2668 3359 3042 3416 dissuademus
3067 3402 3082 3427 ,
3114 3368 3367 3430 putantes
3391 3376 3449 3417 se
3478 3376 3641 3416 excu-

2048 3456 2177 3521 sari,
2200 3453 2406 3522 dicunt,
2433 3452 2734 3509 Christiana
2765 3463 2846 3508 est
2870 3453 3064 3508 mulier
3094 3452 3208 3508 haec
3245 3460 3554 3520 excantans,
3584 3463 3641 3508 et

2048 3544 2181 3600 nihil
2219 3544 2361 3600 aliud
2415 3545 2690 3614 loquitur,
2722 3558 2881 3616 quam
2924 3545 3017 3599 Dei
3076 3559 3293 3600 nomen.
3346 3543 3638 3614 Propterea

2049 3652 2281 3708 namque
2311 3635 2651 3706 potissimum
2685 3635 2856 3706 ipsam
2889 3635 2980 3691 odi
3033 3640 3092 3689 et
3127 3650 3359 3700 aversor,
3379 3635 3519 3704 quod
3546 3635 3635 3689 Dei

2049 3728 2267 3784 nomine
2293 3728 2359 3783 ad
2381 3728 2761 3784 contumeliam
2791 3736 2998 3794 utatur,
3029 3726 3171 3797 quod
3205 3742 3266 3783 se
3290 3727 3479 3782 dicens
3519 3743 3639 3787 esse

2048 3819 2424 3891 Christianam,
2468 3819 2747 3890 gentilium
2794 3833 2956 3889 opera
2986 3817 3143 3872 iaciat
3171 3837 3183 3872 :
3212 3819 3410 3874 etenim
3439 3826 3495 3874 et
3525 3818 3634 3873 dte-

2048 3927 2235 3968 moncs
2266 3913 2359 3968 Dei
2374 3908 2578 3966 nomen
2612 3909 2972 3983 proferebant,
3014 3910 3109 3967 sed
3143 3922 3317 3966 tamen
3345 3918 3503 3966 erant
3531 3910 3639 3964 dte-

2048 4020 2256 4072 mones,
2277 4013 2331 4062 et
2360 4006 2434 4060 ita
2462 4004 2680 4060 Christo
2713 4004 2961 4059 dicebant
2994 4022 3007 4059 :
3055 4004 3258 4060 Scimus
3300 4014 3383 4075 te,
3410 4005 3498 4077 qui
3546 4005 3636 4070 sis,

2048 4106 2251 4153 sanctus
2281 4096 2378 4152 Dei
2413 4096 2604 4171 (Marc.
2635 4098 2685 4153 Ι.
2714 4096 2807 4171 25)
2846 4116 2859 4153 :
2889 4108 2943 4153 et
2965 4107 3142 4153 tamen
3171 4099 3316 4167 ipsos
3343 4099 3640 4168 increpavit

2048 4200 2101 4246 et
2138 4190 2316 4261 ejecit.
2339 4190 2631 4262 Propterea
2663 4192 2858 4263 quippe
2882 4190 3036 4247 vobis
3062 4190 3303 4261 supplico
3323 4230 3342 4260 ,
3370 4199 3430 4246 ut
3449 4190 3516 4244 ab
3539 4189 3641 4246 hac

2047 4284 2164 4338 sitis
2193 4283 2397 4339 fallacia
2437 4284 2556 4354 puri
2581 4326 2597 4351 ,
2621 4292 2677 4340 et
2702 4293 2971 4354 tamquam
2999 4281 3247 4337 baculum
3284 4282 3388 4337 hoc
3415 4281 3637 4338 verbum

2048 4375 2310 4432 habeatis.
2339 4375 2408 4432 Et
2450 4377 2589 4431 sicut
2625 4376 2743 4431 sine
2780 4374 3155 4430 calceamentis
3193 4372 3276 4428 vel
3307 4373 3637 4429 vestimentis

2048 4477 2284 4527 vestrum
2318 4482 2477 4525 nemo
2519 4468 2570 4523 in
2613 4466 2790 4525 forum
2827 4465 3162 4523 descendere
3187 4465 3387 4521 vellet:
3420 4466 3490 4520 ita
3522 4466 3639 4527 sine

2045 4561 2211 4619 verbo
2240 4561 2342 4617 hoc
2379 4574 2668 4629 numquam
2719 4559 2775 4614 in
2815 4556 2990 4613 forum
3021 4556 3274 4628 prodeas,
3306 4557 3399 4612 sed
3429 4573 3552 4613 cum
3578 4572 3638 4612 es

2042 4654 2220 4724 januae
2269 4651 2532 4708 vestibula
2574 4659 3004 4721 transgressurus
3027 4688 3043 4716 ,
3086 4646 3191 4703 hoc
3230 4649 3379 4719 prius
3418 4649 3641 4719 loquere

2047 4747 2292 4809 verbum,
2339 4744 2671 4803 Abrenuntio
2701 4743 2794 4798 tibi
2821 4784 2835 4808 ,
2869 4751 3055 4797 satana
3084 4782 3099 4806 ,
3128 4749 3182 4796 et
3207 4755 3418 4812 pompae
3446 4750 3549 4795 tute
3584 4748 3640 4796 et

2047 4837 2209 4892 cultui
2240 4846 2329 4893 tuo
2352 4877 2368 4904 ,
2400 4846 2456 4891 et
2493 4834 2789 4905 conjungor
2816 4833 2910 4890 tibi
2931 4874 2947 4901 ,
2977 4833 3214 4889 Christe.
3254 4830 3334 4888 Ne
3383 4847 3637 4901 umquam

2048 4927 2249 5000 absque
2276 4927 2378 4982 hac
2405 4941 2535 4982 voce
2564 4940 2725 4981 exeas
2755 4943 2768 4979 :
2808 4924 2926 4980 btec
2952 4925 3056 4983 erit
3095 4923 3189 4979 tibi
3220 4922 3441 4979 baculus
3465 4964 3480 4988 ,
3525 4923 3639 4977 haec

2047 5030 2314 5079 armatura
2340 5061 2354 5086 ,
2388 5018 2504 5074 hrcc
2526 5017 2686 5072 turris
2713 5017 3157 5089 inexpugnabilis.
3186 5015 3319 5071 Cum
3350 5015 3454 5070 hoe
3475 5014 3638 5069 verbo

2047 5122 2102 5170 ct
2142 5127 2353 5168 crucem
2394 5111 2447 5164 in
2482 5109 2658 5165 fronte
2688 5109 2938 5179 imprime
2968 5126 2980 5162 :
3015 5109 3093 5163 sic
3122 5108 3264 5163 enim
3296 5121 3399 5161 non
3432 5115 3634 5163 tantum

2048 5206 2209 5261 homo
2228 5218 2534 5270 occurrens,
2560 5217 2749 5257 verum
2772 5217 2871 5257 nec
2889 5202 3002 5271 ipse
3019 5201 3263 5256 diabolus
3285 5210 3333 5255 te
3348 5200 3634 5270 quidquam

2049 5298 2247 5355 lzedere
2277 5298 2488 5367 poterit,
2521 5311 2641 5351 cum
2673 5295 2756 5349 his
2784 5304 2836 5350 te
2860 5310 3088 5350 cernens
3114 5294 3278 5348 armis
3309 5293 3503 5364 ubique
3538 5308 3636 5362 ap-

2046 5399 2341 5462 parentem.
2375 5389 2441 5443 Et
2470 5388 2584 5443 hme
2613 5389 2838 5457 teipsum
2857 5388 2964 5456 jam
2996 5385 3121 5441 itine
3148 5385 3298 5452 doce,
3330 5395 3388 5440 ut
3410 5401 3528 5440 cum
3560 5387 3635 5441 si-

2053 5496 2215 5550 gnum
2260 5480 2488 5552 ceperis,
2522 5479 2596 5537 sis
2638 5479 2791 5537 miles
2819 5485 3131 5549 paratus,et
3154 5490 3339 5533 contra
3365 5475 3633 5529 diabolum

2048 5579 2309 5640 tropaeum
2365 5570 2575 5640 erigens
2600 5608 2617 5637 ,
2672 5567 2891 5638 justitite
2925 5580 3179 5620 coronam
3220 5563 3451 5633 accipias
3482 5574 3642 5629 quam

2055 5673 2153 5715 nos
2203 5675 2391 5716 omnes
2443 5658 2654 5729 assequi
2703 5657 2993 5727 contingat,
3023 5656 3188 5726 gratia
3227 5662 3281 5710 et
3319 5651 3643 5723 benignitate

2049 5751 2258 5807 Domini
2311 5752 2479 5807 nostri
2529 5749 2653 5805 Jesu
2700 5747 2919 5811 Christi,
2957 5762 3077 5801 cum
3125 5761 3230 5817 quo
3282 5744 3424 5799 Patri
3470 5743 3635 5814 gloria

2050 5846 2207 5902 Simul
2227 5855 2279 5903 ct
2305 5852 2489 5902 sancto
2519 5840 2756 5913 Spiritui,
2778 5840 2830 5896 in
2860 5840 3053 5897 szecula
3084 5838 3416 5895 smculorum.
3438 5838 3628 5891 Amen.
