4066 6468
432 364 534 421 215

434 491 577 534 tores
605 493 712 533 non
737 477 998 541 desinam,
1026 481 1079 530 ct
1105 473 1375 528 assiduam
1407 485 1649 526 mensam
1677 468 1828 524 vobis
1857 483 2022 539 appo.

432 585 576 632 natu,
608 584 671 622 ac
715 569 929 638 plenum
978 573 1205 618 statuam
1239 562 1497 617 doctrinae
1525 569 1811 614 craterem.
1839 559 2020 628 Siqui-

433 664 555 714 dem
585 660 739 714 video
770 674 885 723 vos,
913 657 1000 711 ubi
1025 665 1195 710 totum
1224 655 1373 710 illum
1396 653 1773 719 exhauseritis,
1797 651 2023 707 silibon-

433 754 528 804 dos
582 764 764 803 rursus
794 748 1088 803 discedere.
1137 749 1312 816 Atque
1360 745 1464 799 hoc
1512 743 1729 814 quidem
1774 743 1841 797 ab
1870 741 2021 796 omni

436 852 677 909 tempore
701 840 810 908 jam
856 839 1108 903 innotuit,
1143 838 1438 908 praesertim
1480 846 1659 890 autem
1689 850 1718 888 a
1750 834 2020 889 Dominiea

435 930 733 1000 superiore.
762 929 1060 998 Numquam
1082 929 1224 983 enim
1251 927 1430 981 divina
1459 925 1611 980 vobis
1639 925 1847 993 eloquia
1875 923 2024 977 fasti-

434 1020 579 1074 dium
625 1035 835 1091 parere,
868 1020 984 1075 dies
1028 1020 1117 1075 ille
1166 1018 1462 1089 praesertim
1490 1017 1762 1083 indicavit,
1783 1032 1890 1086 quo
1916 1030 2022 1069 non

434 1111 632 1166 debere
678 1126 774 1167 vos
816 1122 1002 1168 mutuo
1046 1112 1200 1167 vobis
1246 1110 1567 1166 maledicere
1595 1110 1886 1174 docebam;
1917 1122 2025 1177 quo

435 1204 594 1257 etiam
626 1212 865 1274 tempore
901 1203 1058 1259 vobis
1085 1202 1403 1258 tutissimam
1449 1202 1749 1271 praebebam
1781 1200 2021 1254 occasio-

437 1309 559 1349 nem
590 1295 963 1361 accusationis,
993 1310 1113 1350 cutn
1142 1294 1209 1349 ad
1245 1293 1457 1363 propria
1482 1301 1699 1361 peccata
1726 1290 2025 1345 maledictis

440 1383 753 1440 incessentia
799 1399 897 1439 vos
926 1385 1258 1450 cohortarer,
1291 1398 1397 1439 non
1445 1384 1511 1438 ad
1550 1384 1719 1437 aliena
1764 1381 2026 1437 curiosius

440 1475 807 1546 investiganda
837 1494 850 1529 :
878 1492 998 1532 cum
1042 1486 1256 1533 sanctos
1304 1477 1357 1531 in
1404 1477 1637 1531 medium
1682 1475 2023 1541 adducerem,

440 1568 530 1636 qui
575 1569 782 1637 seipsos
838 1569 1179 1634 accusabant,
1221 1569 1339 1623 aliis
1382 1584 1510 1623 vero
1549 1567 1857 1636 parcebant,
1891 1567 2029 1621 Pau-

441 1658 551 1713 lum
584 1659 754 1728 ipsum
787 1660 1073 1727 dicentem,
1122 1661 1468 1715 Peccatorum
1512 1662 1715 1729 primus
1745 1673 1844 1729 ego
1883 1674 2025 1723 sum,

444 1760 645 1806 etcum
678 1767 850 1806 essem
881 1752 1227 1822 blasphemus
1254 1761 1312 1808 et
1354 1764 1708 1823 persequutor
1753 1762 1805 1806 et
1834 1761 2027 1806 contu-

444 1843 698 1898 meliosus
719 1844 1138 1898 misericordiam
1164 1844 1257 1899 Dei
1278 1853 1642 1914 consequutus
1666 1859 1781 1898 sum
1808 1841 2026 1915 (LTim.

444 1933 498 1985 Ι.
532 1934 614 1988 l5.
647 1944 694 1987 et
722 1933 846 2005 16),
890 1944 946 1989 ει
982 1936 1283 1989 abortivum
1327 1935 1559 2005 seipsum
1605 1944 1901 1995 vocantem,
1933 1947 2032 1987 nec

444 2036 504 2076 se
563 2025 925 2091 apostolorum
990 2025 1350 2094 appellatione
1401 2025 1618 2094 dignum
1683 2024 2030 2078 arbitrantem

444 2111 519 2178 (l.
545 2112 660 2166 Cor.
690 2115 773 2167 13.
809 2114 862 2184 8)
892 2132 904 2168 :
938 2114 1153 2168 Petrum
1185 2116 1274 2185 qui
1306 2116 1534 2178 dicebat,
1570 2115 1669 2169 Exi
1704 2131 1738 2168 a
1776 2132 1875 2181 me,
1909 2115 2031 2183 quia

444 2202 592 2256 homo
620 2215 849 2272 peccator
886 2222 999 2259 sum
1029 2204 1177 2276 (Luc.
1202 2207 1255 2260 5.
1284 2205 1340 2277 8)
1368 2224 1381 2260 :
1415 2206 1743 2268 Matthaaum,
1773 2206 1864 2275 qui
1899 2215 2033 2258 tem-

444 2309 574 2363 pore
595 2297 922 2365 apostolatus
951 2298 1290 2367 publicanum
1318 2300 1552 2367 seipsum
1570 2298 1794 2352 vocabat
1818 2296 2029 2370 (Matth.

448 2386 534 2439 10.
553 2388 638 2457 5):
664 2388 938 2453 Davidem,
957 2390 1046 2459 qui
1077 2392 1315 2444 clamans
1339 2390 1512 2444 aiebat
1542 2407 1555 2443 :
1584 2387 1884 2459 lniquitates
1912 2403 2035 2442 utea:

447 2494 783 2549 supergressw
808 2492 921 2534 sunt
951 2492 1103 2549 caput
1134 2498 1319 2546 meum,
1344 2492 1389 2536 ct
1427 2483 1556 2536 sicut
1586 2498 1713 2535 onus
1740 2496 1888 2551 grave
1916 2497 2035 2552 gra-

446 2581 576 2623 t'otw
602 2582 719 2623 sunt
758 2589 910 2641 super
936 2589 1013 2624 me
1040 2572 1206 2645 (Psal.
1236 2574 1325 2627 57.
1355 2573 1412 2644 5)
1445 2590 1459 2624 :
1508 2582 1561 2627 et
1592 2571 1782 2626 Isaiam
1824 2572 1913 2641 qui
1961 2572 2036 2624 la-

449 2668 722 2713 mentatur
747 2677 809 2713 ac
833 2662 1008 2729 luget:
1040 2659 1339 2715 Immundas
1368 2678 1497 2727 sum,
1529 2671 1577 2716 et
1598 2660 1857 2714 immunda
1879 2660 2036 2715 habeo

448 2749 582 2802 labia
618 2749 768 2819 (Isai.
796 2752 850 2806 6.
883 2754 937 2822 5)
970 2770 982 2805 :
1028 2761 1135 2806 tres
1188 2767 1385 2821 pueros
1412 2753 1499 2823 qui
1548 2755 1602 2806 in
1646 2752 1857 2806 camino
1899 2752 2036 2821 ignis

448 2844 790 2908 conﬁtentur,
818 2860 879 2898 ac
905 2844 1108 2911 dicunt,
1141 2862 1197 2900 se
1226 2860 1497 2917 peccasse,
1529 2845 1699 2915 legem
1718 2860 1837 2899 esse
1864 2854 2037 2900 trans-

447 2950 683 3005 gressus,
735 2953 906 3006 neque
960 2938 1051 2991 Dei
1103 2939 1367 2993 mandatis
1413 2938 1730 3007 paruisse‘:
1764 2937 2035 2992 Danielem

451 3024 554 3079 hoc
600 3026 771 3095 ipsum
816 3028 1203 3095 deplorantem.
1237 3028 1354 3095 Quo
1387 3038 1645 3097 tempore,
1690 3034 1770 3081 tot
1813 3041 2037 3082 enume-

449 3115 582 3168 ratis
626 3116 823 3169 sanctis
872 3117 1006 3182 istis,
1037 3131 1246 3171 muscas
1293 3117 1451 3171 etiam
1483 3116 1840 3171 accusatrices
1866 3116 2035 3171 advo-

448 3206 588 3269 cavi,
608 3219 670 3259 ac
695 3206 980 3276 legitimam
1008 3208 1236 3276 exempli
1259 3223 1477 3263 causam
1505 3207 1740 3277 adjunxi,
1759 3222 1881 3263 cum
1902 3207 2032 3271 dixi,

448 3295 892 3363 quemadmodum
917 3298 1107 3352 alienis
1137 3299 1241 3353 illa:
1264 3299 1574 3353 vulneribus
1599 3289 1853 3365 itisident,
1882 3299 1960 3353 sic
1982 3307 2040 3354 et

447 3396 786 3443 accusatores
805 3390 977 3443 aliena
1001 3401 1216 3459 peccata
1244 3391 1511 3456 vellicare,
1540 3392 1892 3461 morbumque
1914 3390 2037 3447 inde

448 3477 736 3531 conciliare
764 3479 889 3543 illis,
923 3480 1013 3545 qui
1041 3495 1161 3533 cum
1199 3481 1328 3550 ipsis
1369 3489 1680 3546 versontur;
1712 3496 1804 3535 eos
1831 3489 2031 3548 autem,

448 3566 539 3634 qui
583 3569 850 3621 contraria
898 3569 1167 3637 facerent,
1201 3586 1329 3639 apes
1378 3570 1730 3639 appellabam,
1762 3587 1868 3625 non
1918 3588 2037 3641 qua:

448 3656 760 3726 colligerent
788 3659 1155 3727 aegritudines,
1187 3661 1279 3714 sed
1308 3677 1425 3730 qua!
1454 3676 1677 3715 summa:
1722 3662 1932 3730 pietatis
1956 3662 2035 3716 fa-

448 3763 546 3801 vos
576 3750 982 3818 concinnarent,
1017 3768 1081 3807 ac
1122 3753 1316 3809 deinde
1356 3754 1598 3809 volantes
1628 3764 1780 3824 prato
1828 3756 2036 3812 virtutis

450 3855 758 3898 Sanctorum
784 3846 1081 3902 insiderent
1113 3863 1125 3901 :
1155 3856 1266 3903 tum
1297 3848 1573 3914 nimirum,
1607 3857 1717 3903 tum
1744 3848 2036 3919 inexplebi-

451 3930 556 3986 lem
609 3950 718 4003 prte
762 3936 913 3991 vobis
956 3952 1193 3993 amorem
1247 3939 1462 3993 tulistis.
1494 3939 1628 3994 Nam
1681 3942 1931 4010 quoniam
1981 3941 2032 3995 in

448 4022 806 4084 prolixitatem
851 4042 1028 4081 sermo
1056 4040 1238 4084 noster
1263 4038 1346 4084 est
1376 4029 1684 4099 productus,
1714 4046 1777 4086 ac
1811 4032 2034 4102 prolixi—

450 4119 611 4167 tatem
666 4114 1004 4184 immensam,
1055 4128 1109 4173 et
1146 4127 1344 4188 quanta
1391 4137 1678 4191 numquam
1713 4122 1827 4189 fuit,
1871 4123 1948 4177 sic
1979 4133 2037 4177 ut

450 4215 751 4261 metuerent
797 4207 968 4272 multi,
1023 4223 1090 4262 ne
1141 4209 1425 4263 verborum
1479 4211 1821 4267 multitudine
1869 4213 2032 4266 animi

449 4298 611 4352 vestri
640 4299 889 4353 alacritas
941 4299 1391 4370 exstingueretur,
1442 4303 1767 4357 contrarium
1822 4303 2035 4372 penitus

450 4391 662 4445 accidit.
691 4391 933 4460 Amplius
952 4392 1094 4447 enim
1123 4408 1218 4447 cor
1245 4402 1482 4448 vestrum
1513 4395 1891 4460 inealescebat,
1920 4412 2036 4450 am-

450 4480 588 4547 plius
631 4480 957 4535 desiderium
1011 4483 1417 4538 exardescebat.
1470 4484 1624 4545 Unde
1681 4486 1733 4541 id
1783 4488 2035 4543 constat?

447 4569 677 4636 Maiores
707 4570 922 4639 quidem
961 4580 1106 4625 certe
1150 4573 1363 4640 plausus
1387 4576 1487 4630 sub
1529 4576 1688 4630 ﬁnem
1720 4576 1951 4645 fuerunt,
1982 4588 2036 4634 et.

447 4663 702 4718 clariores
752 4666 1193 4732 acclamationes,
1254 4666 1502 4737 idemque
1549 4671 1743 4725 accidit
1789 4672 1931 4743 quod
1979 4673 2034 4727 in

447 4754 767 4809 fornacibus.
821 4754 889 4811 Ut
932 4756 1074 4810 enim
1119 4756 1225 4811 illic
1266 4758 1415 4813 initio
1444 4760 1658 4830 quidem
1705 4778 1811 4816 non
1842 4763 2032 4818 admo-

447 4846 570 4901 dum
604 4846 805 4900 clarum
837 4857 917 4900 est
947 4847 1124 4903 lumen
1156 4848 1325 4918 ignis;
1372 4862 1651 4922 postquam
1686 4862 1863 4907 autem
1892 4854 2031 4923 ligna

445 4941 645 5004 omnia,
676 4957 795 5009 qua:
845 4941 1088 5009 imposita
1132 4941 1360 5009 fuerant,
1394 4943 1605 5001 flamma
1649 4945 1927 5015 corripuit,
1981 4948 2032 5001 in

444 5043 693 5098 magnam
728 5030 930 5085 tollitur
960 5032 1326 5088 altitudinem:
1350 5036 1427 5090 sic
1452 5044 1508 5089 et
1531 5036 1624 5090 illo
1649 5035 1735 5089 die
1761 5045 1869 5090 tum
1901 5047 2035 5093 tem-

444 5120 592 5187 poris
614 5120 715 5173 hoc
739 5122 932 5176 evenit.
960 5122 1115 5177 loitio
1159 5125 1371 5193 quidem
1421 5141 1527 5180 non
1568 5125 1853 5180 admodum
1899 5128 2031 5183 mihi

445 5211 883 5265 commovebatur
910 5212 997 5266 hic
1030 5225 1229 5280 enatus;
1278 5215 1370 5269 ubi
1417 5230 1548 5271 vero
1597 5216 1803 5287 loogius
1853 5233 2031 5273 sermo

445 5301 738 5370 productus
764 5313 846 5356 est
876 5313 931 5356 et
976 5319 1162 5361 omnes
1204 5306 1504 5374 argumenti
1538 5308 1800 5377 propositi
1846 5318 2030 5379 partes

443 5391 657 5454 invasit,
705 5394 1038 5463 ampliorque
1087 5398 1446 5464 proseminata
1487 5398 1732 5454 doctrina
1771 5410 1872 5467 est,
1919 5412 2028 5456 tum

445 5484 693 5538 nimirum
746 5485 811 5539 ad
870 5487 1128 5554 majorem
1187 5488 1436 5544 audiendi
1484 5492 1826 5560 cupiditatem
1878 5509 2033 5548 exar-

445 5572 607 5633 sistis.
642 5590 706 5629 ac
744 5576 1113 5630 vehementior
1153 5578 1372 5647 plausus
1425 5585 1620 5654 erupit.
1667 5584 1783 5651 Quo
1834 5584 2029 5643 factum

509 5706 687 5787 139.115
702 5712 855 5787 εῑοέιγη
896 5713 1211 5787 ρθςιξαιῄηῃς.
1243 5716 1394 5783 legem
1437 5723 1727 5787 lramgressi
1769 5738 1965 5787 sumus;
1984 5729 2034 5777 et

448 5766 670 5817 Mandata
696 5765 1393 5827 ιιεὶνιὸηέιιδιοάἱυίηιίεεξν””’
1437 5765 1725 5787 ”’””³””“’
1770 5765 1962 5789 ἰ’-νων»

1219 358 1280 415 S.
1317 353 1597 412 JOANNIS
1630 353 2105 412 CIIRYSOSTOMI
2142 355 2464 414 ARCHTEP.
2501 354 3033 415 CONSTANTINOP.

3595 348 3740 407 246

2126 481 2230 539 est,
2260 480 2318 527 ut
2345 473 2552 527 tametsi
2585 486 2673 526 me
2714 470 2780 525 ad
2818 470 3065 541 pauciora
3090 466 3316 523 dicenda
3355 479 3735 537 comparave—

2126 580 2259 628 ram,
2292 573 2404 617 tum
2447 563 2664 617 modum
2695 562 3053 625 excesserim;
3102 560 3209 613 imo
3254 572 3384 613 vero
3414 568 3737 627 numquam

2127 670 2226 724 ego
2247 635 2462 708 modum
2494 649 2700 708 excessi
2740 666 2756 702 :
2794 650 3054 721 siquidem
3081 650 3337 703 doctrina:
3357 649 3737 719 quantitatem

2125 761 2233 800 non
2271 760 2335 800 ex
2368 760 2550 801 eorum
2579 760 2697 814 quae
2722 742 2973 796 dicuntur
3015 740 3372 804 multitudine,
3409 739 3504 794 sed
3534 754 3597 793 ex
3625 737 3737 791 af-

2128 835 2266 889 fectu
2312 850 2520 900 eorum,
2553 834 2641 903 qui
2693 832 2937 892 audiunt.
2992 832 3141 886 soleo
3189 829 3387 884 metiri.
3441 830 3571 883 Nam
3618 829 3738 898 qui

2128 934 2452 982 nauseantes
2478 933 2664 979 nactus
2692 933 2773 979 est
2794 922 3089 987 auditores,
3111 921 3237 977 licet
3261 920 3556 976 doctrinam
3578 935 3738 975 eon-

2129 1019 2371 1084 traxerit,
2392 1017 2688 1071 molestiam
2716 1015 2925 1070 videtur
2949 1013 3240 1079 exhibere;
3268 1012 3358 1082 qui
3383 1025 3513 1067 vero
3541 1018 3741 1065 atten—

2130 1117 2214 1163 tos
2244 1124 2307 1164 ac
2337 1109 2541 1179 vigiles,
2568 1108 2691 1161 licet
2719 1104 3029 1178 produxerit
3054 1104 3280 1175 longius,
3305 1117 3376 1157 ne
3400 1103 3472 1157 ita
3498 1101 3739 1172 quidem

2130 1200 2310 1269 explet
2335 1199 2703 1268 cupiditatem.

2205 1291 2327 1346 Non
2353 1290 2533 1344 debent
2553 1290 2745 1355 inﬁrmi
2771 1290 2968 1359 exigere
3002 1303 3034 1342 a
3070 1287 3424 1341 condonatore
3444 1295 3500 1340 ut
3523 1283 3739 1340 brevior

2133 1385 2216 1439 sit.
2242 1415 2313 1425 --
2338 1383 2443 1439 Sed
2471 1383 2721 1453 quoniam
2749 1396 3148 1451 nonnumquam
3173 1379 3381 1444 accidit,
3408 1388 3461 1433 ut
3485 1388 3629 1433 tanto
3660 1378 3731 1432 in

2131 1475 2328 1548 populo
2350 1475 2458 1531 sint
2484 1473 2778 1528 imbecilles
2805 1471 3068 1539 nonnulli,
3098 1470 3189 1541 qui
3216 1469 3479 1525 sermonis
3501 1468 3733 1538 prolixi-

2135 1578 2298 1622 tatem
2327 1570 2538 1636 assequi
2570 1565 2790 1620 minime
2820 1572 3063 1634 prissunt,
3093 1562 3160 1617 ad
3188 1561 3291 1618 hoc
3311 1577 3405 1618 eos
3430 1562 3587 1616 statui
3617 1576 3730 1616 co-

2136 1658 2368 1722 hortari,
2399 1665 2458 1711 ut
2484 1672 2604 1711 cum
2641 1655 2937 1719 audierint,
2971 1664 3227 1723 quantum
3254 1669 3446 1723 capere
3476 1661 3725 1723 possunt,

2135 1757 2189 1804 et
2208 1764 2327 1803 eum
2353 1748 2585 1818 acceptis
2610 1748 2674 1801 iis
2697 1788 2711 1813 ,
2741 1762 2859 1817 quae
2886 1746 3155 1801 sufﬁciunt
3183 1744 3287 1798 illis
3310 1785 3324 1809 ,
3353 1742 3673 1799 recesserint
3707 1760 3723 1795 :

2138 1857 2296 1897 nemo
2320 1842 2516 1912 quippe
2544 1849 2686 1895 vetat
2716 1855 2890 1908 neque
2927 1839 3090 1908 cogit,
3121 1845 3181 1891 ut
3209 1837 3348 1891 ultra
3384 1851 3543 1904 quam
3573 1835 3726 1890 vires

2138 1939 2374 2005 ipsorum
2400 1935 2611 2000 ferant,
2648 1934 2733 1988 hic
2761 1939 3049 1996 maneant,
3079 1945 3149 1985 ne
3176 1929 3331 1983 nobis
3359 1937 3483 1982 ante
3513 1936 3729 1996 tempus

2139 2028 2356 2084 ﬁniendi
2397 2042 2697 2083 sermonem
2744 2024 3115 2080 necessitatem
3163 2022 3457 2092 imponant.
3502 2019 3633 2075 Nam
3664 2031 3729 2075 tu

2138 2121 2351 2191 quidem
2380 2120 2625 2188 expletus
2650 2132 2730 2182 es,
2762 2117 2856 2171 sed
2887 2116 3049 2169 frater
3079 2124 3199 2169 tuus
3223 2114 3397 2168 adhuc
3426 2113 3594 2167 esurit
3618 2128 3632 2164 :
3667 2121 3730 2165 et

2141 2222 2193 2267 tu
2226 2229 2409 2267 eorum
2440 2227 2558 2281 qua:
2588 2210 2725 2263 dicta
2770 2217 2894 2263 sunt
2922 2208 3073 2277 copia
3103 2206 3284 2261 ebrius
3311 2218 3404 2271 es,
3437 2204 3529 2259 sed
3560 2203 3730 2257 frater

2140 2314 2260 2359 tuus
2288 2304 2461 2357 adhuc
2500 2302 2628 2356 sitit.
2676 2300 2856 2370 Neque
2896 2308 3037 2353 tuam
3084 2296 3502 2352 imbecillitatem
3540 2302 3731 2364 gravet

2140 2397 2229 2451 ille
2257 2396 2405 2464 plura
2434 2392 2671 2463 cogendo
2697 2394 2991 2461 suscipere,
3020 2406 3175 2461 quam
3207 2400 3313 2443 tua;
3338 2389 3476 2443 vires
3506 2388 3676 2442 ferant
3708 2404 3724 2440 :

2141 2505 2315 2558 neque
2336 2486 2676 2557 cupiditatem
2708 2486 2822 2554 ejus
2847 2499 3010 2540 vexes
3038 2481 3391 2554 prohibendo,
3418 2496 3486 2536 ne
3512 2487 3678 2536 totum
3705 2521 3721 2547 ,

2139 2580 2280 2650 quod
2307 2594 2499 2645 capere
2526 2585 2715 2645 potest,
2747 2575 3013 2630 admittat.

2211 2670 2263 2723 2.
2308 2669 2420 2722 lloc
2461 2678 2514 2722 et
2550 2667 2600 2721 in
2633 2666 2869 2736 profanis
2911 2666 2968 2719 ﬁt
3007 2664 3207 2720 mensis
3239 2682 3252 2717 :
3280 2663 3371 2718 alii
3411 2662 3600 2728 citius,
3627 2659 3725 2715 alii

2143 2763 2343 2817 tardius
2365 2762 2666 2831 explentur,
2691 2767 2744 2816 et
2769 2773 2941 2829 neque
2966 2758 3083 2813 illos
3108 2756 3160 2811 hi
3186 2754 3599 2826 reprehendunt,
3622 2768 3726 2808 ne-

2140 2872 2242 2924 que
2261 2854 2359 2908 hos
2385 2854 2456 2906 illi
2477 2852 2854 2907 condemnant.
2873 2850 3070 2906 Verum
3092 2849 3197 2904 illic
3219 2848 3431 2919 quidem
3453 2846 3557 2902 cito
3578 2859 3728 2901 rece-

2141 2946 2266 3000 dere
2282 2945 2544 2999 laudabile
2563 2953 2645 2999 est
2666 2961 2679 2997 :
2701 2943 2785 2998 hic
2798 2958 2928 2998 vero
2947 2943 3054 2997 cito
3073 2940 3324 2997 recedere
3337 2956 3441 2995 non
3458 2939 3727 2994 laudabile

2141 3047 2245 3102 est,
2275 3035 2367 3089 St‘d
2398 3036 2548 3089 venia
2574 3034 2792 3106 dignum
2826 3051 2840 3088 τ
2874 3034 2980 3089 illic
3004 3032 3206 3087 tardius
3230 3046 3441 3087 cessare
3464 3030 3727 3100 vituperio

2141 3142 2204 3181 ac
2228 3125 2631 3196 reprehensioni
2653 3125 2970 3190 obnoxium,
2994 3124 3081 3180 hic
3101 3139 3228 3179 vero
3252 3123 3455 3178 tardius
3474 3121 3727 3178 recedere

2142 3217 2355 3272 laudem
2401 3225 2457 3271 et
2497 3215 3014 3271 commendationem
3056 3215 3195 3284 parit
3233 3213 3545 3269 maximam.
3585 3212 3727 3279 Quid

2142 3308 2247 3361 ita?
2272 3306 2423 3373 Quod
2456 3307 2563 3362 illic
2591 3306 2804 3376 quidem
2838 3306 3057 3361 tarditas
3081 3321 3146 3360 ex
3176 3304 3404 3375 ingluvie
3434 3313 3721 3358 nascatur:

2141 3396 2229 3453 hic
2270 3414 2397 3453 vero
2435 3413 2502 3453 ex
2548 3398 2807 3467 spiriluuli
2856 3397 3146 3468 cupiditate
3191 3410 3450 3467 sacroque
3492 3392 3726 3466 appetitu

2142 3490 2438 3544 constantia
2465 3489 2777 3544 concilietur
2800 3495 2855 3543 et
2879 3487 3150 3558 patientia.

2217 3577 2364 3633 Unde
2407 3578 2652 3648 originem
2695 3577 2892 3631 duxerit
2939 3576 3117 3630 divisio
3166 3575 3477 3646 linguarum.
3515 3601 3585 3614 --
3618 3572 3726 3629 Sed

2135 3668 2245 3739 jam
2297 3668 2426 3724 satis
2472 3667 2737 3722 indultum
2787 3668 2856 3722 sit
2897 3666 3208 3737 prooemiis;
3257 3679 3356 3720 nos
3403 3680 3532 3721 vero
3569 3663 3723 3719 dein-

2141 3777 2266 3832 ceps
2306 3761 2373 3816 ad
2418 3761 2551 3816 illud
2595 3761 2829 3817 debitum
2885 3776 3200 3831 pergamus,
3249 3759 3390 3829 quod
3433 3759 3586 3815 nobis
3631 3758 3724 3815 illo

2140 3852 2227 3908 die
2254 3853 2516 3922 reliquum
2546 3852 2668 3906 fuit.
2695 3852 2831 3921 Quid
2859 3851 3017 3922 igitur
3043 3850 3172 3906 illud
3202 3850 3299 3905 fuit
3325 3849 3467 3920 quod
3499 3859 3610 3905 tum
3638 3848 3724 3902 di-

2138 3944 2433 3998 cebamus?
2459 3943 2630 4000 Unam
2655 3944 2857 4013 scilicet
2903 3953 3011 3997 tum
3053 3941 3217 3996 fuisse
3245 3942 3476 4012 linguam
3515 3940 3721 3996 cunctis

2141 4035 2451 4090 hominibus
2470 4077 2485 4101 ,
2514 4028 2959 4105 quemadmodum
2987 4043 3042 4090 et
3067 4046 3310 4089 naturam
3343 4050 3520 4103 unam,
3552 4049 3723 4104 neque

2141 4128 2305 4181 ullum
2337 4127 2499 4181 fuisse
2523 4127 2670 4181 vocis
2696 4127 2915 4181 alterius
2939 4126 3024 4180 vel
3067 4127 3289 4181 alterius
3328 4126 3541 4196 liugum.
3568 4124 3725 4181 Unde

2140 4217 2300 4287 igitur
2330 4226 2473 4273 tanta
2503 4218 2767 4272 sermonis
2794 4216 3119 4272 diversitas?
3158 4218 3233 4272 Ex
3262 4217 3578 4288 negligentia
3605 4216 3726 4271 illo-

2139 4323 2258 4362 rum
2278 4347 2292 4371 ,
2315 4308 2405 4377 qui
2433 4306 2629 4361 donum
2656 4316 2975 4376 acceperant
3003 4325 3017 4361 ς
3044 4323 3271 4378 quorum
3302 4318 3584 4378 utrumque
3606 4314 3717 4364 tum

2139 4399 2371 4454 diximus
2395 4442 2408 4465 ,
2439 4409 2494 4455 et
2519 4416 2581 4455 ex
2611 4401 2814 4455 unitate
2854 4402 3119 4456 sermonis
3150 4401 3358 4456 Domini
3386 4401 3723 4457 clementiam

2140 4491 2624 4549 demonstravimus
2649 4503 2809 4564 atque
2838 4509 2901 4549 ex
2924 4494 3230 4551 diversitate
3255 4494 3516 4549 sermonis
3543 4495 3720 4564 ingra-

2142 4596 2314 4640 torum
2342 4586 2736 4657 improbitatem
2765 4602 3060 4641 servorum.
3090 4587 3220 4642 Nam
3263 4588 3353 4643 ille
3382 4588 3595 4657 quidem
3622 4586 3723 4642 etsi

2140 4677 2459 4747 prreviderat
2481 4692 2580 4732 nos
2603 4678 2801 4732 donum
2828 4678 3140 4745 amissuros,
3166 4688 3341 4733 tamen
3364 4679 3581 4747 largitus
3602 4687 3684 4733 est
3706 4693 3722 4744 ;

2138 4780 2191 4823 at
2221 4769 2258 4823 ii
2286 4769 2476 4839 quibus
2501 4768 2761 4823 creditum
2793 4777 2909 4834 est,
2939 4769 3195 4824 malitiam
3237 4784 3387 4824 suam
3416 4770 3471 4824 in
3500 4768 3727 4839 depositi

2138 4863 2543 4918 conservatione
2571 4860 2932 4917 declararunt.
2963 4862 3058 4917 llic
3088 4863 3247 4933 igitur
3272 4879 3406 4918 unus
3432 4873 3515 4918 est
3537 4862 3725 4918 defeno

2139 4953 2303 5007 sionis
2335 4951 2521 5006 modus
2542 4993 2555 5016 ,
2587 4952 2751 5007 Deum
2792 4968 2889 5007 nos
2918 4952 3009 5007 illo
3035 4951 3177 5008 dono
3209 4954 3425 5008 minime
3452 4954 3723 5024 privasse,

2137 5061 2322 5100 verum
2350 5060 2446 5099 nos
2472 5060 2590 5113 qua:
2619 5044 2739 5099 data
2783 5043 3029 5113 fuerant,
3059 5045 3324 5101 amisisse.
3353 5044 3631 5100 Secundus
3658 5043 3729 5100 ab

2138 5137 2227 5191 illo
2255 5145 2370 5199 est,
2403 5135 2544 5206 quod
2591 5135 2793 5205 majora
2833 5151 2991 5206 quam
3033 5135 3244 5191 fuerant
3277 5136 3469 5190 amissa
3490 5177 3504 5201 ,
3540 5143 3726 5204 postea

2136 5228 2259 5282 data
2281 5228 2385 5282 sint
2412 5227 2565 5281 nobis
2591 5269 2604 5293 ,
2637 5243 2700 5282 ac
2725 5242 2821 5299 pro
2855 5228 3127 5284 laboribus
3158 5228 3492 5298 temporariis
3521 5237 3725 5283 aeterna

2138 5323 2242 5374 vita
2277 5335 2373 5373 nos
2418 5330 2786 5374 remuneratus
2830 5321 2931 5386 sit,
2972 5328 3026 5375 et
3063 5320 3299 5376 effecerit
3339 5334 3438 5390 pro
3468 5318 3638 5388 spinis
3662 5332 3728 5373 ac

2141 5413 2346 5467 tribulis
2366 5422 2422 5466 ut
2446 5415 2645 5467 fructus
2664 5412 2893 5482 Spiritus
2921 5413 2972 5467 in
2998 5412 3275 5467 animabus
3297 5412 3497 5466 nostris
3524 5408 3726 5481 germi-

2140 5514 2309 5559 naret.
2341 5504 2482 5559 Nihil
2505 5505 2585 5575 (τι)
2607 5515 2721 5559 erat
2742 5506 2956 5560 homine
2984 5504 3163 5573 vilius,
3194 5514 3245 5560 et
3269 5505 3397 5560 nihil
3424 5503 3619 5559 factum
3644 5513 3727 5561 est

2199 5723 2454 5790 (n)_t,ocus
2474 5723 2538 5790 de
2559 5723 2887 5790 magnitudine
2918 5723 3126 5776 hominis
3148 5724 3358 5790 reparati
3381 5723 3554 5775 citatus
3587 5729 3666 5775 est
3695 5733 3721 5771 a

2139 5786 2462 5852 't‘lieodoreto,
2487 5786 2601 5836 Dial.
2632 5787 2677 5836 1.

2792 5960 2834 5980 Ἶ-
