4066 6424
139 342 256 403 255

936 320 1288 383 ΝΕΜΟΝΕΒ
1328 318 1471 377 NON
1509 311 1946 375 GUBERNARE
1983 302 2303 373 MUNDUM.
2344 314 2581 373 HOMIL.
2622 313 2666 371 1.

3306 316 3415 374 τιὸ
3496 306 3505 315 ’

140 463 333 531 πλήρη
380 455 474 511 τδν
521 450 777 529 κρατῆρα
811 447 908 520 τῆς
960 442 1311 506 διδασκαλίας
1356 437 1554 531 ἱοξῐόιςἈ
1586 429 1728 531 ’ρρῶ
1837 432 1971 505 έϐην
1997 433 2121 487 τότε
2172 434 2274 507 τήν
2298 436 2663 507 συμμετρίαν·
2708 434 2908 506 μᾶλλον
2951 434 3009 489 δὲ
3034 433 3291 489 οὐδέποτε
3319 440 3420 509 τὴν

138 523 367 621 γὰρ-ὅτι
400 542 539 616 μετὰ
558 523 621 596 τὸ
644 523 823 594 πάντα
854 535 1018 590 αὑτὸν
1059 535 1294 599 ἐκπιεῖν,
1330 528 1493 583 πάλιν
1531 523 1729 621 διψῶνῑ

1838 526 2181 599 συμμετρίαν
2227 526 2523 601 ὑπερέϐηνη
2551 526 2683 597 ἐγώ·
2723 526 2821 599 τὴν
2870 527 2978 599 γὰρ
3008 527 3282 595 ποσότητα
3320 528 3421 598 τῆς

275 612 629 707 ἀναχωρεῖτε.
666 630 773 686 Καλ⁸
802 627 962 683 τοῦτο
1015 624 1173 693 δῆλον
1225 621 1324 693 μὲν
1377 619 1471 673 καὶ
1520 617 1586 670 ἐκ
1614 612 1729 707 ,τοῦ
1837 619 2185 684 διδασκαλίας
2211 621 2272 674 οὑ
2305 620 2386 691 τῷ
2433 621 2629 692 πλήθει
2675 620 2784 675 τῶν
2817 619 3149 692 λεγομένων,
3185 619 3322 675 ἀλλά
3351 622 3421 692 τῇ

143 728 350 791 παντὸς
380 703 598 795 ἐγένετο
618 722 830 794 χρόνου,
863 717 1097 791 μάλιστα
1118 714 1176 769 δέ
1209 715 1275 767 ἐκ
1298 710 1399 783 τῆς
1428 703 1732 780 παρελθού·
1837 712 2076 769 διαθέσει
2097 714 2209 767 τῶν
2249 725 2272 754 ο
2313 715 2683 786 ἀκροωμένων
2735 718 2955 786 μετρεῖν
2985 714 3051 769 ἂν
3083 714 3321 784 πέφυκα.
3366 713 3425 767 '0

144 834 250 887 σης
266 814 569 886 Κυριακῆς.
603 811 728 864 Ὀτι
778 807 888 880 γὰρ
918 804 1245 877 ¹όικορέστως
1287 801 1445 872 ὑμεῖς
1477 796 1731 887 μετέχετε

150 884 258 958 τῶν
286 884 445 957 θείων
463 884 681 971 λογίων,
711 898 894 970 ἐκείνη
951 894 1184 967 μάλιστα
1230 887 1432 955 ἔδειξεν
1458 889 1493 959 ή
1527 884 1730 958 ἡμέρα,

146 995 207 1046 ἐν
301 988 546 1062 περὶτοῦ
583 988 656 1060 μὴ
681 987 789 1043 δεῖν
821 984 1005 1049 κακῶς
1032 983 1215 1052 λέγειν
1261 977 1526 1050 ἀλλήλους
1563 972 1734 1027 διελε-

148 1083 351 1153 γόμην,
386 1080 474 1134 ὅτε
500 1078 595 1132 καὶ
634 1077 891 1132 ὑπόθεσιν
936 1076 1064 1147 ὑμῖν
1097 1069 1432 1143 κατηγορίας
1474 1067 1735 1153 παρεῖχον

147 1150 590 1238 ἀσφαλεστάτην,
630 1164 913 1236 παραινῶν
937 1163 1007 1217 τά
1035 1164 1211 1217 οἰκεῖα
1241 1157 1618 1230 ἁμαρτήματα
1641 1150 1736 1204 λέ-

148 1275 269 1331 γειν
324 1254 530 1320 κακῶς,
561 1252 699 1308 ἀλλά
730 1251 803 1324 μὴ
849 1250 918 1304 τὰ
962 1250 1218 1320 ἀλλότρια
1252 1239 1733 1331 περιεργάζεσθαι·

147 1328 239 1399 ὅτε
268 1346 394 1409 τοὺς
427 1342 613 1412 ἁγίους
639 1341 961 1413 παρήγαγον
997 1336 1206 1391 ἑαυτῶν
1253 1334 1352 1406 μὲν
1373 1327 1739 1401 κατηγοροῦν-

147 1452 271 1501 τας,
298 1433 407 1487 τῶν
432 1431 490 1485 δὲ
518 1431 691 1485 ἄλλων
723 1426 1092 1499 φειδομένους·
1124 1425 1215 1480 τὸν
1243 1421 1452 1476 Παῦλον
1481 1419 1734 1487 λέγοντα,

143 1525 227 1577 ὅτι
281 1518 648 1592 Ἀμαρτωλῶν
682 1516 897 1588 πρῶτός
922 1516 1037 1586 εἰμι
1079 1511 1212 1582 ἐγὼ,
1248 1511 1342 1564 καὶ
1382 1510 1464 1563 ὅτι
1492 1506 1740 1578 βλάσφηο

148 1631 250 1686 μον
283 1614 411 1667 ὄντα
438 1611 533 1666 καὶ
565 1608 801 1680 διώκτην
849 1606 944 1660 καὶ
974 1602 1235 1677 ὑϐριστὴν
1265 1604 1292 1655 6
1339 1600 1472 1662 Θεὸς
1511 1597 1737 1668 ἠλέησε,

143 1704 240 1757 καὶ
277 1702 542 1774 ἐκτρωμα
566 1700 757 1754 ἐαυτὸν
786 1696 1075 1759 καλοῦντα,
1104 1696 1199 1749 καὶ
1213 1692 1332 1746 οὑδέ
1358 1691 1456 1761 τῆς
1485 1688 1592 1744 τῶν
1613 1687 1743 1740 ἀπο-

144 1792 359 1846 στόλων
394 1789 767 1862 προσηγορίας
793 1787 941 1854 ἄξιον
978 1780 1118 1839 εἶναι
1163 1780 1470 1852 νομίζοντα·
1495 1775 1586 1829 τὸν
1631 1775 1740 1828 Πέ-

140 1899 269 1954 τρον
301 1880 549 1949 λέγοντα·
577 1866 826 1941 Ἐ’ξελθε
863 1876 965 1930 ἀπ’
992 1871 1138 1944 ἐμοῦ
1170 1869 1259 1923 ὅτι
1287 1864 1444 1935 ἀνὴρ
1472 1865 1741 1936 ἀμαρτω-

139 1972 251 2037 .ίός
295 1971 433 2038 εἰμι·
468 1967 559 2020 τὸν
598 1965 885 2019 Ματθαῖον
937 1960 1177 2030 τελώνην
1226 1955 1421 2011 ἐαυτὸν
1466 1970 1743 2027 προσαγο-

148 2060 383 2132 ρεύοντα
423 2058 516 2112 καὶ
545 2057 603 2110 ἐν
644 2054 720 2126 τῷ
753 2052 931 2126 καιρῷ
973 2052 1075 2122 τῆς
1101 2047 1428 2119 ἀποστολῆς·
1462 2045 1554 2100 τὸν
1583 2044 1743 2098 Δαυῖδ

149 2149 367 2219 βοῶντα
426 2149 521 2201 καὶ
575 2146 826 2215 λέγοντα,
884 2145 956 2198 Αἱ
999 2142 1242 2210 ἀνομίαι
1271 2156 1392 2209 μου
1434 2135 1744 2204 ὑπερῆραν

146 2238 263 2306 τὴν
294 2235 575 2306 κεφαλήν·
619 2251 760 2305 μου·
815 2230 959 2284 ὡσεὶ
1006 2229 1255 2299 φορτίον
1284 2226 1446 2294 βαρὺ
1498 2225 1745 2290 ἐϐαρύν-

148 2333 352 2394 (Ino-ar
383 2325 475 2377 ἐπ’
502 2322 624 2394 ἐμέ·
658 2321 751 2375 καὶ
797 2320 889 2373 τὸν
930 2317 1159 2372 Ἡσαΐαν
1206 2314 1612 2387 ἀποδυρόμενον
1651 2311 1745 2364 καὶ

149 2414 477 2485 θρηνοῦντα,
529 2412 610 2465 ὅτι
670 2408 1032 2479 Ἀκάθαρτός
1094 2409 1231 2476 εἶμι,
1283 2405 1381 2457 καὶ
1438 2401 1745 2467 ἀκάθαρτα

149 2505 329 2572 χείλη
363 2502 501 2572 ἔχω·
558 2500 686 2563 τοὺς
715 2501 865 2571 τρεῖς
911 2497 1109 2558 παῖδας
1138 2497 1195 2547 ἐν
1218 2495 1283 2564 τῇ
1325 2489 1540 2561 καμίνῳ
1574 2489 1746 2559 πυρὸς

149 2589 682 2662 ἐῷμολογουμένους
733 2589 829 2641 καὶ
884 2587 1166 2656 λέγοντας,
1220 2585 1304 2636 ὅτι
1355 2581 1606 2651 ἥμαρτον
1655 2578 1748 2631 καὶ

148 2681 440 2752 ὴνόμησαν
480 2679 576 2733 καὶ
602 2679 686 2754 τάν
704 2676 1110 2748 προστάγματα
1145 2670 1244 2724 τοῦ
1273 2669 1409 2723 Θεοῦ
1428 2667 1745 2735 οὑκέφυλά-

152 2769 316 2832 ξαντο
330 2780 380 2808 ⁸·
403 2768 496 2821 τὸν
512 2766 709 2836 Δανιὴλ
724 2765 787 2818 τὸ
802 2763 933 2816 αὑτὸ
952 2761 1112 2815 τοῦτο
1132 2758 1295 2812 πάλιν
1317 2756 1488 2811 ἀποδυ
1499 2756 1743 2825 ρόμενον.

152 2857 288 2914 Ὅτε
320 2856 458 2929 μετά
516 2855 607 2908 τὸν
649 2853 759 2906 τῶν
820 2851 994 2918 ἁγίων
1041 2847 1344 2914 κατάλογον
1400 2842 1609 2895 τούτων
1652 2841 1750 2929 καὶ

154 2928 330 3018 μυίας
352 2944 588 2999 ἐκάλεσα
629 2941 758 3003 τοὺς
801 2936 1165 3007 κατηγόρους,
1207 2933 1304 2986 καλ⁹
1347 2930 1443 2983 τοῦ
1467 2928 1751 3018 ,παραδεί-

150 3017 366 3106 γματος
412 3031 631 3085 δικαίαν
676 3028 957 3099 ἐπήγαγον
1016 3023 1115 3094 τὴν
1161 3020 1364 3084 αἰτίαν,
1417 3017 1614 3086 λέγων,
1660 3017 1751 3106 γὸτι

149 3105 410 3195 καθάπερ
445 3122 649 3174 ἐκεῖναι
681 3120 793 3180 τοῖς
825 3114 1138 3188 τραύμασιν
1170 3108 1559 3179 ἐγκαθέζονται
1588 3105 1749 3158 ἀλλος

148 3211 351 3283 τρίοις,
385 3208 529 3264 οὕτω
562 3208 656 3261 καὶ
688 3206 739 3259 οἱ
762 3205 1057 3273 κατήγοροι
1082 3200 1150 3255 τὰ
1183 3197 1442 3269 ἀλλότρια
1464 3196 1753 3251 δάκνουσιν

153 3298 559 3371 ἁμαρτήματα,
584 3294 739 3349 νόσον
776 3291 985 3346 ἐκεῖθεν
1010 3292 1123 3352 τοῖς
1167 3284 1583 3356 συγγινομένοις
1621 3283 1752 3336 συλ-

151 3392 434 3461 λέγοντες·
475 3388 568 3442 καὶ
606 3388 733 3450 τοὺς
767 3383 1031 3439 τάναντία
1073 3381 1131 3435 δέ
1166 3378 1456 3441 ποιοῦντας
1498 3376 1754 3448 μελίττας

156 3482 596 3556 προσηγόρευον,
627 3481 748 3551 οὑχὶ
776 3479 1059 3548 νοσήματα
1092 3472 1452 3543 συναγούσας,
1487 3469 1626 3524 ἀλλά
1657 3486 1757 3539 κη-

159 3574 253 3647 ρία
287 3571 645 3645 πηγνυμένας
690 3568 978 3630 εὐλαϐείας
1023 3566 1310 3638 μεγίστης,
1345 3564 1440 3617 καὶ
1480 3560 1625 3614 οὕτω
1680 3557 1756 3630 τῷ

156 3665 389 3739 λειμῶνι
414 3664 512 3734 τῆς
539 3662 740 3735 ἀρετῆς
773 3659 881 3714 τῶν
913 3658 1085 3727 ἁγίων
1120 3656 1501 3726 ἐφιπταμένας
1533 3653 1593 3693 1³·
1628 3652 1755 3704 τότε

159 3761 244 3832 δὴ,
277 3759 402 3814 τότε
424 3757 518 3811 τὸν
549 3755 844 3827 ἀκόρεστον
870 3751 1024 3822 ὑμῶν
1048 3749 1288 3814 ἐδείξατε
1316 3748 1516 3819 ἔρωτα.
1539 3744 1757 3811 Ἐπειδὴ

162 3850 274 3921 γὰρ
292 3851 373 3911 εἰς
411 3847 584 3919 μῆκος
610 3846 742 3915 ἡμῖν
765 3844 793 3896 ὁ
819 3842 977 3911 λόγος
1004 3839 1258 3910 ἐξετάθη,
1289 3840 1382 3893 καὶ
1412 3838 1586 3909 μῆκος
1604 3835 1761 3889 ἄπει-

169 3958 283 4013 ρον,
321 3940 417 3994 καὶ
448 3940 572 3992 ὅσον
604 3936 883 3998 οὐδέποτε,
933 3932 1121 3986 πολλοὶ
1158 3932 1259 4003 μὲν
1310 3929 1657 4001 προσεδόκων
1685 3924 1761 3995 τῷ

165 4026 364 4102 πλήθει
391 4027 500 4083 τῶν
529 4027 836 4095 λεγομένων
879 4024 978 4095 τὴν
1024 4020 1335 4093 προθυμίαν
1365 4020 1492 4089 ὑμῖν
1532 4016 1762 4085 σϐεσθῆ-

170 4123 383 4181 σεσθαι.
422 4122 669 4190 ἐγίγνετο
705 4119 762 4172 δέ
793 4115 1126 4171 τούναντίον·
1177 4113 1377 4184 μᾶλλον
1416 4110 1526 4182 γὰρ
1560 4112 1688 4180 ὑμῖν
1729 4110 1762 4178 ή

168 4217 367 4290 καρδία
401 4213 831 4285 διεθερμαίνετο,
867 4209 1064 4281 μᾶλλον
1089 4207 1354 4277 ἐξήπτετο
1383 4206 1411 4258 6
1441 4202 1626 4267 πόθος.
1658 4201 1765 4254 Καὶ

170 4311 336 4364 πόθεν
362 4309 522 4379 δῆλον
544 4324 557 4373 ;
594 4305 658 4360 OE
689 4304 821 4374 γοῦν
846 4304 981 4377 πρὸς
1002 4302 1078 4374 τῷ
1101 4302 1243 4354 τέλει
1271 4299 1558 4369 γενόμενοι
1580 4296 1765 4367 κρότοι

175 4403 396 4472 μείζους
434 4397 595 4472 ἦσαν,
623 4397 718 4452 καὶ
763 4396 1142 4467 λαμπρότεραι
1177 4394 1234 4446 αἱ
1277 4392 1414 4461 βοαί·
1445 4390 1540 4443 καὶ
1572 4388 1736 4443 ταυτὸ

176 4493 510 4557 συνέϐαινεν,
547 4487 657 4546 οἷον
683 4492 775 4543 ἐπὶ
802 4489 912 4542 τῶν
940 4486 1207 4558 καμίνων.
1238 4484 1509 4553 Καθάπερ
1526 4482 1634 4551 γάρ
1652 4482 1769 4533 ἐκεῖ

177 4583 328 4654 παρά
363 4585 460 4653 μέν
492 4582 592 4653 τὴν
623 4581 795 4652 ἀρχὴν
824 4580 884 4633 ού
938 4578 1146 4648 σφόδρα
1195 4574 1447 4645 λαμπρόν
1502 4575 1619 4625 ἐστι
1672 4568 1767 4622 τοῦ

179 4673 350 4745 πυρὸς
377 4673 440 4727 τὸ
470 4672 608 4741 φῶς,
662 4668 882 4722 ἐπειδὰν
910 4668 966 4720 δὲ
1010 4668 1265 4720 ἁπάντων
1304 4662 1632 4734 ἐπιλάϐηται
1664 4661 1770 4713 τῶν

180 4763 334 4835 [248]
376 4761 740 4831 ἐπικειμένων
792 4759 962 4823 ξύλων
994 4761 1028 4829 ή
1061 4757 1217 4826 φλὸξ,
1251 4758 1330 4820 είς
1374 4754 1509 4825 ῦίζαος
1555 4755 1770 4827 αἴρεται

187 4856 347 4926 μέγα·
370 4857 520 4910 οὑτω
553 4855 617 4926 δὴ
654 4853 747 4907 καὶ
777 4852 871 4905 ἐπί
900 4852 998 4921 τῆς
1027 4850 1243 4921 ἡμέρας
1274 4848 1398 4901 τότε
1419 4846 1637 4918 ἐκείνης
1653 4844 1774 4899 τοῦ-

181 4965 243 5000 το
274 4949 494 5020 συνέϐη.
530 4944 689 5017 Παρὰ
727 4944 824 5016 μὲν
874 4941 973 5014 τὴν
1030 4939 1206 5012 ἀρχὴν
1254 4941 1316 4994 06
1372 4939 1581 5010 σφόδρα
1627 4954 1716 5009 μοι
1746 4938 1775 4990 6

188 5040 445 5108 σύλλογος
485 5034 639 5102 οὗτος
662 5036 971 5110 ἐκεκίνητο·
1007 5033 1196 5103 ἐπειδὴ
1219 5032 1277 5086 δέ
1299 5034 1327 5086 6
1365 5031 1525 5101 λόγος
1557 5031 1639 5094 εἰς
1672 5028 1777 5099 μῆ-

188 5151 282 5198 κος
303 5133 529 5205 ἐξετάθη
561 5134 656 5187 καὶ
674 5131 888 5185 πάντων
913 5127 1211 5183 ἐπελάϐετο
1242 5125 1351 5179 τῶν
1375 5122 1776 5194 ὑποκειμένων,

189 5227 284 5279 καὶ
310 5227 513 5281 πλείων
553 5227 587 5297 ἡ
629 5224 951 5279 διδασκαλία
995 5220 1328 5292 κατεϐλήθη,
1354 5217 1478 5272 τότε
1528 5216 1615 5288 δὴ,
1657 5216 1779 5268 τότε

192 5315 319 5385 ὑμῖν
346 5315 623 5380 ἐξεκαίετο
644 5314 742 5385 τῆς
786 5313 1107 5385 ἀκροάσεως
1137 5309 1349 5381 ήέπιθυ
1360 5307 1483 5381 μία,
1522 5307 1619 5360 καὶ
1647 5320 1780 5375 σφο-

193 5403 446 5474 δρότερος
487 5406 515 5457 6
559 5403 753 5475 κρότος
794 5401 1181 5474 ἐξερρήγνντο.
1235 5397 1333 5451 Διά
1363 5396 1543 5459 τοῦτο,
1601 5394 1781 5448 καίτοι

196 5495 401 5549 ἐλάττω
420 5496 525 5551 τῶν
544 5476 849 5567 εἰρημένων
865 5490 1383 5562 παρεσκευασμένος
1404 5490 1580 5543 εἰπεῖν
1624 5486 1795 5550 ὑπερ-

262 5670 286 5737 ξ
307 5674 443 5737 Unus
461 5678 596 5728 Cnib.
621 5677 894 5737 ἡμάρτομεν
913 5677 994 5726 καὶ
1019 5676 1388 5737 ἠνομήσαμεν...
1414 5670 1719 5737 έφυλᾴξαμεν.

223 5734 454 5838 lP26.1933
474 5739 614 5790 Colb.
652 5734 981 5804 ἐφαπτομένας.
1015 5734 1407 5799 υιτέιιιυσιοςιὶο
1425 5734 1668 5797 Quadi-are
1694 5744 1786 5795 po-

1843 807 1942 879 μὲν
1969 807 2077 879 γὰρ
2106 806 2438 871 ναυτιῶντας
2466 806 2644 861 λαϐὼν
2673 807 2969 878 ἀκροατὰς,
3018 806 3118 861 κᾶν
3171 804 3425 877 συστείλῃ

1840 899 1939 972 τὴν
1975 899 2347 963 διδασκαλίαν,
2402 900 2755 972 παρενοχλεῖν
2803 900 2968 954 δοκεῖ·
3016 903 3045 954 6
3088 899 3145 952 δὲ
3188 899 3426 972 θερμούς

1841 970 1937 1046 καὶ
1967 992 2427 1064 διεγηγερμένους
2463 970 2559 1046 καὶ
2594 995 2883 1064 νήφοντας,
2914 993 3019 1046 κᾶν
3046 991 3262 1063 ἐκτείνῃ
3289 970 3426 1072 πρδς

1845 1084 2039 1156 μῆκος,
2068 1084 2190 1137 οὑδέ
2224 1084 2367 1139 οὑτω
2402 1084 2503 1155 τὴν
2531 1084 2829 1156 ἐπιθυμίαν
2855 1083 3214 1156 ἐμπίπλησιν.

1927 1195 2066 1250 Ἀλλ’
2091 1195 2278 1268 ἐπειδὴ
2312 1196 2598 1268 συμϐαίνει
2628 1195 2767 1251 εἷναί
2787 1216 2941 1262 τινας
2976 1199 3068 1253 καὶ
3093 1198 3344 1263 ἀσθενεῖς
3371 1198 3430 1252 ἐν

1843 1291 1906 1362 δή
1917 1307 2002 1361 μῳ
2021 1290 2282 1361 τοσούτῳ,
2309 1291 2706 1354 ἀδυνατοῦντας
2734 1291 3209 1363 παρακολουθῆσαι
3232 1290 3311 1362 τῷ
3331 1292 3433 1363 μή·

1847 1398 1934 1435 κει
1981 1381 2077 1435 τοῦ
2103 1381 2285 1451 λόγου,
2319 1383 2498 1436 ἐκεῖνο
2544 1384 2743 1446 αὑτοὺς
2781 1383 3111 1455 παραινέσαι
3150 1383 3431 1453 βούλομαι,
3504 1364 3507 1367 ’

1846 1473 2191 1537 ἀκούσαντας
2218 1473 2319 1527 ὅσα
2346 1474 2603 1528 δύνανται
2630 1473 2907 1538 δέξασθαι,
2942 1475 3037 1527 καὶ
3068 1474 3135 1526 τὰ
3160 1474 3436 1543 ἀρκοῦντα

1847 1566 2111 1630 λαϐόντας
2149 1569 2528 1640 ἀναχωρῆσαι·
2579 1568 2754 1632 οὐδεὶς
2793 1570 2822 1621 6
2851 1567 3078 1622 κωλύων
3102 1568 3224 1621 οὑδέ
3252 1568 3438 1637 βιαζό-

1853 1678 2012 1732 μενος
2031 1661 2175 1734 πέρα
2195 1662 2294 1733 τῆς
2323 1662 2531 1726 οἰκείας
2570 1661 2753 1731 μένειν
2782 1661 3086 1732 δυνάμεως·
3126 1660 3220 1714 τὸν
3253 1659 3439 1731 μέντοι

1848 1753 2008 1823 λόγον
2041 1755 2116 1826 μὴ
2134 1753 2598 1823 ἀναγκαζέτωσαν
2622 1754 2727 1826 πρὸ
2762 1752 2855 1807 τοῦ
2879 1752 3072 1826 καιροῦ
3098 1753 3193 1807 καὶ
3226 1751 3330 1822 τῆς
3355 1752 3440 1806 0!-

1850 1847 2009 1911 κείας
2034 1846 2185 1918 ὧρας
2217 1846 2623 1901 συστέλλεσθαι.
2671 1846 3046 1918 Ἔνεπλήσθης
3076 1846 3187 1918 γὰρ
3218 1845 3304 1910 σὺ,
3324 1840 3437 1897 ἀλλ’

1850 1944 1879 1996 6
1903 1943 2130 2011 ἀδελφός
2162 1959 2257 1996 σου
2283 1941 2363 1996 ἔτι
2396 1943 2579 2013 πεινᾷ·
2635 1940 2732 1994 καὶ
2758 1941 2822 1994 σὺ
2864 1939 3086 2011 μεθύεις
3123 1939 3202 2010 τῷ
3242 1938 3439 2009 πλήθει

1851 2039 1959 2093 τῶν
2006 2037 2335 2110 εἰρημένων,
2366 2037 2482 2091 ἀλλ’
2508 2038 2536 2091 6
2563 2035 2796 2105 ἀδελφός
2844 2052 2938 2088 σου
2980 2035 3063 2086 ἐτι
3094 2033 3244 2104 διψᾷ.
3281 2034 3441 2103 Μήτε

1852 2132 2059 2193 ἐκεῖνος
2123 2128 2456 2199 συντριϐέτω
2518 2145 2613 2180 σου
2681 2128 2781 2197 τὴν
2841 2126 3145 2191 ἀσθένειαν,
3199 2124 3443 2193 ἀναγκά-

1854 2219 1962 2284 ζων
1985 2218 2155 2273 πλείω
2187 2219 2288 2287 τῆς
2334 2217 2544 2279 οἰκείας
2573 2216 2830 2281 δέξασθαι
2866 2217 3171 2287 δυνάμεως,
3206 2216 3344 2286 μήτε
3374 2216 3440 2270 σὺ

1854 2312 2127 2383 ἐπηρέαζε
2143 2315 2207 2383 τῇ
2241 2311 2450 2364 ἐκείνου
2475 2309 2743 2383 ἐπιθυμίᾳ.
2772 2309 2998 2363 κωλύων
3027 2307 3443 2376 ἆπαν,ὄσονδύ-

1854 2422 2012 2460 ναται
2040 2404 2316 2471 δέξασθαι,
2346 2404 2554 2457 λαϐεῖν.

1928 2530 1992 2601 β’.
2013 2530 2183 2584 Τοῦτο
2214 2530 2307 2584 καὶ
2338 2531 2430 2583 ἐπὶ
2457 2529 2566 2583 τῶν
2595 2528 2794 2594 ἔξωθεν
2822 2520 3034 2599 γίνεται
3058 2530 3369 2602 τραπεζῶν·
3395 2530 3446 2584 οἱ

1860 2624 1958 2695 μέν
1999 2623 2214 2687 θᾶττον,
2246 2624 2295 2676 οἱ
2324 2623 2381 2676 δὲ
2417 2621 2747 2694 βραδύτερον
2774 2622 3174 2694 ἐμπίπλανται,
3198 2623 3295 2676 καὶ
3321 2620 3447 2677 οὔτε

1855 2709 2003 2768 οῦτοι
2030 2714 2354 2783 ἐγκαλοῦσιν
2381 2714 2635 2781 ἐκείνοις,
2661 2719 2787 2774 οὗτε
2808 2718 3003 2770 ἐκεῖνοι
3039 2715 3246 2771 τούτων
3275 2734 3448 2772 κατα-

1857 2805 2240 2875 γινώσκουσιν·
2268 2807 2382 2861 ἀλλ*
2420 2809 2540 2861 ἐκεῖ
2570 2808 2668 2879 μὲν
2686 2806 2751 2862 τδ
2777 2808 3076 2881 ταχύτερον
3120 2810 3451 2881 ἀποστῆναι,

1860 2898 2159 2969 ἐγκώμιον,
2192 2899 2426 2954 ἐνταῦθα
2450 2900 2508 2953 δὲ
2548 2900 2610 2952 τὸ
2643 2900 2942 2973 ταχύτερον
2971 2903 3298 2973 ἀποστῆναι,
3329 2903 3454 2975 οὐχὶ

1860 2990 2159 3062 ἐγκώμιον,
2197 2992 2336 3046 ἀλλά
2376 2992 2708 3063 συγγνώμης
2750 2992 2920 3057 ἄξιον·
2955 2996 3072 3047 ἐκεῖ
3100 2995 3162 3048 τὸ
3194 2994 3453 3066 βραδύτε-

1864 3104 1957 3159 ρον
1988 3085 2325 3152 παύσασθαι,
2355 3087 2665 3157 κατηγορία
2716 3087 2812 3139 καὶ
2850 3086 3077 3157 μέμψις,
3106 3087 3345 3143 ἐνταῦθα
3391 3089 3455 3143 τὸ

1865 3178 2193 3250 βραδύτερον
2221 3177 2543 3246 ἀποστῆναι,
2566 3176 2789 3240 ἔπαινος
2809 3178 2904 3232 καὶ
2924 3178 3170 3248 εὐφημία
3197 3179 3452 3248 μεγίστη.

1863 3272 1928 3324 Τί
1947 3271 2179 3341 δήποτες
2225 3271 2347 3323 Ὀτι
2375 3272 2494 3323 ἐκεῖ
2541 3269 2640 3340 μὲν
2666 3269 2725 3334 ἐξ
2756 3269 3095 3339 ἀδδηφαγίας
3118 3272 3152 3341 ή
3185 3270 3455 3341 βραδύτης

1863 3364 2095 3432 γίνεται,
2144 3362 2380 3417 ἐνταῦθα
2404 3361 2460 3415 δέ
2489 3361 2547 3429 ἐξ
2576 3360 2871 3431 ἐπιθυμίας
2923 3362 3299 3432 πνευματικῆς
3360 3361 3457 3415 καὶ

1865 3454 2014 3518 θείας
2030 3453 2310 3525 όρέξεωςή
2330 3452 2623 3525 παραμονὴ
2653 3451 2748 3505 καὶ
2770 3454 2803 3522 ή
2824 3451 3092 3522 καρτερία
3117 3451 3453 3505 συνίσταται.

1938 3546 2101 3599 Ἀλλὰ
2133 3545 2243 3599 τῶν
2266 3546 2365 3616 μὲν
2397 3545 2699 3616 προοιμίων
2740 3543 2880 3607 ἃλις·
2906 3544 3065 3614 ἡμεῖς
3083 3544 3139 3597 δέ
3155 3543 3340 3597 λοιπὸν
3365 3544 3460 3597 ἐπὶ

1865 3639 1926 3692 τὸ
1950 3638 2113 3709 χρέος
2169 3640 2348 3691 ἐκεῖνο
2378 3636 2732 3707 βαδιούμεθα,
2776 3637 2914 3707 ὅπερ
2962 3636 3021 3701 ἐξ
3061 3636 3277 3707 ἐκείνης
3328 3638 3462 3707 ἡμῖν

1868 3731 2168 3802 ὑπελείφθη
2199 3733 2302 3801 τῆς
2332 3732 2567 3803 ἡμέρας.
2596 3731 2661 3784 Τί
2682 3727 2776 3785 οῦν
2799 3732 2860 3785 τὸ
2881 3731 3174 3803 λεγόμενον
3194 3730 3318 3784 τότε
3356 3727 3459 3803 ἦν;

1869 3825 1994 3878 Ὀτι
2034 3826 2133 3895 μία
2164 3825 2315 3895 φωνὴ
2369 3826 2534 3878 πᾶσιν
2589 3824 2900 3895 ἀνθρώποις
2951 3820 3040 3895 ῆν,
3084 3823 3337 3893 καθάπερ
3366 3825 3463 3877 καὶ

1871 3915 2033 3985 φύσις
2064 3916 2181 3985 μία,
2200 3915 2295 3969 καὶ
2318 3915 2493 3977 οὐδεὶς
2522 3915 2857 3986 ἐτερόφωνος
2884 3914 2915 3985 ἢ
2942 3914 3342 3988 ἐτερόγλωσσος
3369 3909 3459 3985 ῆν.

1873 4006 2043 4058 Πόθεν
2070 4002 2161 4058 οῦν
2194 4008 2226 4076 ή
2259 4005 2501 4074 τοσαύτη
2536 4005 2845 4073 διαφωνία;
2887 4005 3019 4059 ’Λπό
3053 4008 3150 4078 τῆς
3188 4005 3464 4078 ῥᾳθυμίας

1870 4095 1980 4147 τῶν
2005 4093 2279 4146 λαϐόντων
2302 4093 2363 4146 τὸ
2389 4093 2582 4165 δῶρον·
2609 4093 2753 4164 ἆπερ
2778 4094 3066 4165 ἀμφότερα
3094 4077 3213 4147 τότε
3244 4095 3465 4165 εἰρήκα-

1877 4205 1997 4260 μεν,
2044 4187 2140 4241 καὶ
2169 4187 2257 4241 διὰ
2278 4188 2376 4259 τῆς
2396 4187 2709 4259 ὁμοφωνίας
2726 4188 2823 4260 τὴν
2848 4187 2942 4243 τοῦ
2982 4188 3253 4242 Δεσπότου
3278 4187 3465 4256 φιλαν-

1875 4280 2122 4354 θρωπίαν
2172 4278 2495 4343 δεικνύντες,
2510 4278 2604 4332 καὶ
2621 4276 2709 4332 διὰ
2730 4278 2822 4350 τῆς
2839 4278 2868 4332 6
2890 4279 3132 4348 αφωνίας
3172 4279 3269 4350 τὴν
3285 4280 3466 4349 ἀγνωι

1880 4372 2122 4446 μοσύνην
2150 4371 2261 4425 τῶν
2288 4386 2536 4424 οικετων.
2592 4371 2635 4424 Ο
2673 4370 2771 4441 μὲν
2801 4371 2911 4442 γάρ
2943 4372 3036 4427 καὶ
3068 4371 3356 4440 προειδὼς,
3381 4372 3465 4424 ὅτι

1876 4464 2185 4533 ἀπολοῦμεν
2214 4462 2275 4516 τὸ
2306 4463 2499 4534 δῶρον,
2545 4463 2696 4534 ὅμως
2725 4463 2941 4519 ἔδωκεν·
2978 4467 3027 4520 οἱ
3077 4464 3135 4518 δέ
3167 4467 3469 4537 ἐμπιστεύσ-

1879 4556 2062 4618 θέντες
2076 4553 2228 4627 [249]
2244 4554 2404 4608 κακοὶ
2435 4555 2562 4626 περί
2584 4553 2680 4628 τὴν
2698 4555 3177 4627 παρακαταθήκην
3196 4557 3468 4625 ἐγένοντο.

1879 4645 1975 4714 Εἷς
1995 4650 2093 4719 μὲν
2124 4645 2219 4702 οῦν
2250 4647 2548 4714 ἀπολογίας
2567 4643 2722 4711 οὗτος
2750 4651 2778 4701 6
2798 4649 3019 4723 τρόπος,
3049 4650 3130 4703 ὅτι
3165 4650 3262 4721 οὑχ
3284 4651 3312 4701 6
3337 4648 3473 4713 Θεὸς

1880 4742 2104 4809 ἐξέϐαλε
2135 4742 2234 4813 τῆς
2260 4740 2493 4811 δωρεᾶς,
2544 4742 2659 4796 ἀλλ’
2684 4744 2846 4813 ἡμεῖς
2884 4742 3253 4811 ἀπωλέσαμεν
3283 4740 3351 4793 τὰ
3382 4740 3471 4793 δο-

1882 4836 2062 4890 θέντα·
2099 4835 2351 4908 δεύτερος
2373 4836 2429 4890 δὲ
2458 4836 2574 4907 μετ’
2609 4837 2839 4897 ἐκεῖνον,
2856 4836 2938 4888 ὅτι
2960 4835 3178 4906 μείζονα
3201 4833 3309 4887 τῶν
3333 4833 3471 4886 ἀπο-

1881 4929 2130 4984 λωλότων
2172 4930 2241 4983 τὰ
2287 4929 2508 4983 δοθέντα
2554 4928 2781 5000 ὕστερον
2813 4928 3101 4999 ἐλάϐομεν·
3143 4925 3263 4980 ἀντλ⁵
3293 4924 3472 4979 πόνων

1884 5022 2237 5095 προσκαίρων
2267 5023 2531 5092 ἐτίμησεν
2555 5019 2760 5091 αἰωνίῳ
2786 5018 2921 5091 ζωῇ,
2946 5020 3068 5073 ἀντὶ
3096 5016 3351 5074 ἀκανθῶν
3378 5016 3474 5071 καὶ

1883 5117 2149 5189 τριϐόλων
2174 5116 2266 5169 τὸν
2302 5116 2516 5187 καρπὸν
2545 5114 2642 5169 τοῦ
2691 5113 2831 5169 Πνεύ
2840 5131 3009 5185 ματος
3037 5113 3094 5165 ἐν
3120 5115 3244 5169 ταῖς
3271 5111 3475 5183 ψυχαῖς

1886 5212 2044 5283 ήμῶν
2115 5211 2416 5282 βλαστῆσαι
2480 5208 2915 5281 παρεσκεύασεν.
2970 5206 3138 5261 Οὐδὲν
3193 5201 3262 5278 ἦν
3320 5206 3475 5261 εὑτε-

1887 5307 2142 5376 λέστερον
2197 5304 2509 5376 ἀνθρώπου,
2568 5304 2665 5358 καὶ
2718 5303 2873 5357 οὐδὲν
2911 5304 3103 5373 γέγονε
3150 5301 3475 5371 τιμιώτερον

1890 5392 2199 5465 ἀνθρώπου.
2227 5394 2300 5447 Τὸ
2326 5392 2554 5464 ἔσχατον
2585 5393 2750 5465 μέρος
2785 5395 2884 5465 τῆς
2920 5393 3147 5463 λογικῆς
3183 5390 3412 5450 κτίσεως
3446 5384 3475 5427 ἀ

1890 5479 2045 5550 οὗτος
2069 5481 2138 5540 ἦν
2158 5502 2170 5517 ·
2194 5485 2310 5539 ἀλλ’
2345 5487 2395 5539 οἱ
2429 5486 2589 5551 πόδες
2615 5486 2863 5556 ἐγένοντο
2891 5483 3124 5555 κεφαλὴ,
3152 5481 3247 5536 καὶ
3274 5481 3354 5543 είς
3385 5476 3477 5531 τδν

1958 5670 1980 5730 °_
2003 5665 2221 5730 Colbert.
2245 5678 2376 5730 gnos
2399 5665 2520 5714 ἀλλὰ
2538 5671 2597 5729 τῇ
2616 5665 2851 5730 προθυμίᾳ
2867 5667 3015 5730 τῶι,
3085 5720 3114 5730 ._
3164 5718 3176 5728 ,
3240 5723 3250 5730 ,
3330 5723 3363 5730 ,,
3429 5713 3440 5724 .

1956 5727 1982 5767 (Ι
2023 5730 2055 5778 υ
2064 5742 2156 5776 nus
2179 5728 2315 5791 Cnlb.
2362 5728 2553 5789 λογικῆς
2575 5720 2777 5791 φύσεως,
2800 5720 2853 5777 εἰ
2877 5729 2950 5775 sic
2984 5720 3136 5774 Savil.
3164 5720 3212 5769 in
3238 5723 3403 5782 tcxlﬂ,
3428 5720 3476 5766 in

1894 5805 2047 5854 marg.
2081 5804 2197 5837 vero
2221 5789 2439 5845 κτίσεως.
