4066 6436
646 315 753 373 267

649 429 839 501 θρόνον
866 425 1243 499 ἀνηνέχθησαν
1264 422 1356 480 τὸν
1397 422 1676 495 βασιλικὸν
1703 421 1791 476 διά
1819 422 1918 492 τῆς
1946 421 2223 493 ἀπαρχῆς.

646 519 915 592 Καθάπερ
943 518 1053 590 γάρ
1073 515 1361 587 ἄνθρωπός
1384 532 1471 580 τις
1494 514 1777 586 φιλότιμος
1799 514 1894 567 καὶ
1921 513 2228 585 μεγαλόδω-

647 627 743 683 ρος
766 610 887 663 ἰδών
909 625 1033 662 τινα
1064 610 1129 662 ἐκ
1160 605 1418 675 ναυαγίου
1456 604 1809 676 διαφυγόντα,
1846 605 1941 659 καὶ
1972 602 2032 656 τὸ
2066 601 2228 673 σῶμα

578 712 582 717 ’
645 701 851 774 γυμνὸν
876 701 984 756 ἀπὸ
1015 700 1124 753 τῶν
1150 699 1412 770 κυμάτων
1431 696 1694 751 διασῶσαι
1712 695 2010 766 δυνηθέντα
2042 694 2222 765 μόνον,

643 796 937 868 δεξάμενος
973 794 1194 860 ὑπτίαις
1223 797 1345 859 ταῖς
1387 795 1579 867 χερσὶ.
1637 791 1897 863 λαμπρὰν
1939 793 2223 865 περιϐάλοι

645 889 858 962 στολὴν,
894 889 986 942 καὶ
1016 889 1155 961 πρὸς
1187 888 1355 959 τιμὴν
1386 887 1584 956 ἀγάγοι
1608 886 1708 958 τὴν
1737 884 2001 941 ἀνωτάτω
2022 901 2037 916 ·
2084 885 2226 940 οὕτω

645 984 739 1037 καὶ
761 983 790 1035 ὁ
821 982 953 1046 Θεὸς
977 983 1069 1034 ἐπὶ
1095 981 1200 1051 τῆς
1240 981 1456 1050 φύσεως
1485 980 1585 1048 τῆς
1635 981 1910 1053 ἡμετέρας
1961 981 2187 1051 ἐποίησε
2206 998 2221 1013 ο

643 1076 823 1129 πάντα
842 1073 1134 1137 ἀπέϐαλεν,
1164 1074 1266 1126 ὅσα
1293 1068 1458 1142 εἶχεν,
1483 1074 1512 1125 ό
1546 1071 1851 1143 ἄνθρωπος,
1874 1071 1974 1143 τὴν
2008 1075 2229 1144 παρῤη-

644 1166 786 1235 σίαν,
819 1164 917 1236 τὴν
946 1164 1082 1235 πρὸς
1115 1162 1248 1216 Θεὸν
1277 1163 1518 1232 ὁμιλίαν,
1572 1161 1670 1232 τὴν
1702 1162 1760 1215 ἐν
1797 1162 1877 1231 τῷ
1911 1163 2226 1234 παραδείσῳ

641 1253 937 1328 διαγωγὴν,
973 1257 1063 1311 τὸν
1115 1254 1498 1327 ἀταλαίπωρον
1555 1254 1691 1325 βίον,
1746 1255 1841 1309 xal
1879 1255 2127 1327 καθάπερ
2162 1259 2226 1310 ἐκ

642 1350 925 1419 ναυαγίου,
958 1351 1165 1422 γυμνὸς
1187 1348 1396 1402 ἐκεῖθεν
1431 1347 1679 1419 ἐξῆλθεν·
1697 1346 1809 1400 ἀλλ’
1836 1351 1864 1402 ὁ
1894 1347 2025 1411 Θεὸς
2058 1349 2222 1403 αὐτὸν

640 1441 934 1514 δεξάμενος
959 1443 1330 1514 περιέστειλεν
1356 1441 1575 1505 εὐθέως,
1599 1440 1693 1493 καὶ
1721 1441 1865 1495 κατὰ
1887 1441 2084 1513 μικρὸν
2114 1460 2228 1513 χει-

647 1535 913 1606 ραγωγῶν
939 1535 1074 1606 πρὸς
1108 1535 1200 1589 τὸν
1233 1535 1459 1606 οὐρανὸν
1493 1536 1738 1606 ἀνήγαγε
1758 1553 1771 1565 ·
1816 1534 1992 1588 καίτοι
2018 1535 2119 1588 οὐκ
2155 1531 2224 1606 ἦν

645 1628 975 1699 συγγνώμης
998 1628 1058 1680 τὸ
1089 1628 1344 1699 ναυάγιον
1379 1627 1549 1691 ἀξιον.
1580 1628 1657 1681 Οὐ
1685 1629 1793 1699 γὰρ
1822 1628 1974 1701 παρὰ
2000 1627 2224 1699 τὴντῶν

645 1722 970 1793 πνευμάτων
1000 1724 1141 1794 βίαν,
1168 1726 1302 1780 ἀλλά
1340 1728 1492 1799 παρὰ
1523 1729 1620 1800 τήν
1649 1728 1744 1782 τοῦ
1776 1727 2031 1792 πλέοντος
2055 1724 2224 1798 ῥαθυ-

645 1815 775 1885 μίαν
795 1816 939 1870 ἀπαν
975 1816 1173 1888 συνέϐη
1200 1819 1261 1870 τὸ
1283 1818 1572 1874 κλυδώνιον
1601 1819 1778 1874 τοῦτο.

724 1926 863 1979 Ἀλλ’
892 1927 953 1980 οὐ
982 1927 1118 2000 πρὸς
1146 1928 1304 1983 τοῦτο
1327 1927 1467 1984 εἶδεν
1500 1933 1528 1984 ὁ
1556 1930 1707 1996 Θεὸς,
1744 1932 1879 1987 ἀλλά
1901 1934 1961 1987 τὸ
1997 1932 2225 2004 μέγεθος

638 2009 740 2081 τῆς
765 2018 1051 2086 συμφορᾶς
1093 2019 1419 2091 κατηλέησε,
1447 2020 1541 2073 καὶ
1569 2020 1662 2073 τὸν
1686 2023 1744 2075 ἐν
1769 2021 1949 2093 λιμένι
1983 2023 2224 2075 παθόντα

638 2103 914 2173 ναυάγιον,
943 2105 1196 2176 καθάπερ
1234 2108 1291 2160 ἐν
1332 2107 1484 2179 μέσῳ
1521 2107 1599 2179 τῷ
1635 2109 1864 2178 πελάγει
1907 2109 2065 2164 τοῦτο
2090 2111 2225 2164 ὑπο·

640 2191 921 2260 μείναντα,
949 2192 1094 2248 οὕτω
1132 2194 1473 2266 φιλοφρόνως
1517 2196 1736 2262 ἐδέξατο
1755 2212 1767 2224 ’
1795 2196 1857 2250 τὸ
1889 2196 2000 2267 γάρ
2031 2199 2090 2251 ἐν
2120 2216 2227 2251 πα-

638 2279 872 2350 ραδείσῳ
901 2284 1108 2346 πεσεῖν,
1135 2283 1193 2336 ἐν
1232 2283 1412 2354 λιμένι
1442 2284 1701 2353 ναυάγιόν
1732 2286 1881 2339 ἐστιν
1907 2286 2220 2357 ὑπομεῖναι.

637 2365 703 2420 Τί
726 2365 962 2438 δήποτε;
995 2370 1117 2422 ’Ότι
1163 2371 1378 2425 οὐδέπω
1424 2371 1623 2443 λύπης,
1668 2373 1882 2427 οὐδέπω
1919 2375 2220 2446 φροντίδος,

635 2452 760 2506 οὐδὲ
788 2456 986 2521 πόνων,
1018 2456 1138 2509 οὐδὲ
1173 2457 1411 2528 μόχθων,
1439 2459 1561 2513 οὐδέ
1586 2459 1694 2512 τῶν
1732 2461 1940 2531 μυρίων
1972 2463 2073 2533 τῆς
2105 2464 2227 2517 ἐπι-

637 2540 840 2612 θυμίας
868 2544 1129 2614 κυμάτων
1153 2546 1615 2615 ὲπικωμαζόντων
1647 2551 1712 2619 τῇ
1739 2549 1900 2618 φύσει
1926 2554 1993 2623 τῇ
2027 2552 2225 2622 ἡμετέ-

639 2646 731 2703 ρᾳ,
767 2631 1131 2704 ὐπεσκελίσθη
1158 2633 1253 2686 καὶ
1285 2635 1575 2688 κατέπεσε.
1618 2635 1725 2690 Καὶ
1757 2638 2009 2710 καθάπερ
2042 2641 2091 2692 οἱ
2126 2639 2224 2712 τήν

639 2720 916 2775 θάλατταν
945 2723 1201 2787 πλέοντες
1224 2723 1541 2796 κακοῦργοι,
1576 2726 1758 2798 μικρῷ
1793 2727 1995 2800 σιδήρῳ
2021 2729 2224 2785 πολλάς·

638 2826 727 2873 κις
755 2810 855 2882 τὴν
881 2812 1016 2866 ναῦν
1052 2812 1459 2886 διατρήσαντες,
1487 2816 1703 2872 ἃπασαν
1741 2818 2091 2888 ἐπεισάγουσι
2120 2820 2224 2875 κά-

636 2897 808 2951 τωθεν
846 2899 924 2970 τῷ
956 2900 1126 2973 πλοίῳ
1172 2902 1270 2973 τὴν
1318 2902 1621 2959 θάλατταν
1679 2905 1823 2960 οὕτω
1865 2908 1929 2979 δὴ
1968 2910 2063 2962 καλ⁸
2101 2910 2223 2964 τότε

643 2985 766 3041 ἰδὼν
790 2988 853 3043 τὸ
901 2988 1084 3044 πλοῖον
1121 2991 1214 3045 τοῦ
1256 2992 1482 3064 ’Δδάμό
1528 2993 1795 3061 διάϐολος,
1842 2997 2092 3053 τουτέστι
2122 2999 2222 3072 τὴν

635 3076 814 3148 ψυχήν
847 3078 1059 3132 πολλῶν
1081 3080 1361 3151 γέμουσαν
1384 3082 1628 3151 ἀγαθῶν,
1660 3084 1852 3157 ὥσπερ
1877 3088 1985 3140 τινὶ
2020 3087 2224 3159 σιδήρῳ

639 3165 842 3239 μικρῷ,
893 3170 961 3239 τῇ
1026 3167 1155 3240 ψιλῇ
1211 3173 1363 3242 φωνῇ
1395 3170 1709 3243 προσελθὼν
1761 3175 1856 3228 καὶ
1901 3174 2220 3248 διατρήσας,

636 3254 853 3311 ᾶπαντα
884 3255 1150 3311 ἐκένωσεν
1171 3260 1381 3314 ἐκείνου
1405 3260 1498 3316 τὸν
1527 3261 1779 3326 πλοῦτον,
1812 3264 1907 3316 καὶ
1931 3264 1992 3317 τὸ
2018 3266 2224 3334 σκάφος

633 3343 770 3398 αὐτὸ
788 3345 1105 3401 κατέδυσεν.
1153 3347 1291 3401 Ἀλλ’
1321 3350 1349 3401 ὁ
1369 3348 1504 3413 Θεὸς
1533 3350 1706 3420 μείζω
1729 3354 1832 3421 τῆς
1885 3351 2090 3422 ζημίας
2123 3356 2223 3424 τὴν

635 3432 908 3503 ἐμπορίαν
935 3433 1251 3505 ἐποιήσατο,
1282 3435 1379 3488 καὶ
1404 3436 1541 3507 πρὸς
1570 3438 1661 3491 τὸν
1690 3438 1878 3509 θρόνον
1901 3440 1992 3492 τὸν
2016 3439 2225 3510 βασιλι-

636 3516 731 3569 κὸν
752 3516 852 3587 τὴν
872 3516 1035 3587 φύσιν
1064 3520 1307 3591 ἀνήγαγε
1333 3521 1432 3593 τὴν
1457 3525 1751 3596 ήμετέραν.
1782 3525 1873 3578 Διὸ
1898 3528 1992 3581 καὶ
2014 3527 2224 3593 Παῦλος

636 3602 758 3674 βοᾷ,
785 3604 959 3674 λέγων
985 3622 999 3638 ·
1031 3608 1358 3677 Συνήγειρε
1391 3610 1491 3664 καὶ
1521 3611 1928 3668 συνεκάθισεν
1948 3615 2105 3685 ἡμᾶς
2153 3616 2224 3672 ἐν

636 3692 805 3761 δεξιᾷ
832 3695 1022 3750 αὐτοῦ
1042 3697 1113 3751 ἐν
1144 3699 1268 3765 τοῖς
1295 3700 1676 3770 ἐπουρανίοις
1694 3743 1710 3767 ,
1752 3704 1853 3758 ἵνα
1884 3705 2223 3775 ἐνδείξηται

633 3779 706 3833 ἐν
718 3780 845 3847 τοῖς
862 3781 1035 3837 αίῶσι
1054 3783 1180 3852 τοῖς
1199 3785 1620 3857 ἐπερχομένοις
1639 3791 1747 3845 τὸν
1763 3793 2223 3862 ὑπερϐάλλοντα

633 3869 907 3924 πλοῦτον
948 3871 1061 3943 τῆς
1105 3873 1351 3943 χάριτος
1388 3878 1575 3932 αὐτοῦ
1616 3880 1687 3934 ἐν
1717 3884 2075 3953 χρηστότητι
2126 3885 2220 3956 ἐφ’

632 3956 814 4026 ἡμᾶς.
842 3959 907 4012 Τί
937 3960 1150 4031 λέγεις;
1183 3965 1285 4036 ’ήδη
1326 3965 1387 4018 τὸ
1433 3968 1666 4039 πρᾶγμα
1695 3972 1887 4039 γέγονε
1938 3973 2033 4027 καὶ
2067 3974 2220 4040 τέλος

633 4043 769 4115 ἔχει,
801 4047 895 4101 καὶ
950 4048 1157 4117 λέγεις’
1194 4051 1322 4107 Ἵνα
1374 4053 1445 4106 ἐν
1472 4054 1598 4122 τοῖς
1652 4055 1827 4111 αὶῶσι
1882 4059 2221 4127 ἐνδείξηται

633 4134 758 4201 τοῖς
788 4136 1218 4207 ἐπερχομένοις
1235 4159 1254 4207 ;
1275 4142 1336 4194 οὐ
1363 4142 1473 4214 γὰρ
1508 4143 1811 4211 ἐνεδείξατο
1837 4164 1852 4214 ;
1888 4146 2221 4213 Ἐνεδείξατο

636 4219 737 4291 μὲν
774 4221 899 4309 ήδη,
926 4224 1046 4278 ἀλλ’
1083 4226 1205 4299 οὐχὶ
1236 4230 1404 4283 πᾶσιν
1438 4230 1747 4303 ἀνθρώποις
1769 4274 1783 4297 ,
1836 4235 1950 4288 ἀλλ’
1985 4237 2109 4307 ἐμοὶ
2141 4236 2219 4309 τῷ

635 4307 831 4378 πιστῷ*
881 4313 911 4364 ό
935 4311 992 4365 δὲ
1020 4313 1248 4379 ἄπιστος
1280 4316 1492 4371 οὐδέπω
1522 4319 1581 4372 τὸ
1608 4318 1795 4391 θαῦμα
1823 4318 1951 4377 εἶδε.
1984 4324 2118 4379 Τότε
2159 4307 2219 4379 δέ

634 4396 694 4450 ὲν
725 4398 909 4472 ἐκείνῃ
939 4403 1005 4472 τῇ
1038 4403 1221 4475 ἡμέρᾳ
1242 4406 1391 4458 πᾶσα
1421 4407 1586 4477 ήτῶν
1614 4408 1919 4480 ἀνθρώπων
1943 4411 2104 4482 φύσις
2137 4416 2217 4478 εἰς

635 4483 800 4553 μέσον
835 4487 1063 4541 ἐλθοῦσα
1096 4489 1434 4563 θαυμάσεται
1453 4495 1514 4548 τὸ
1545 4501 1933 4569 γεγενημένον,
1956 4500 2128 4566 ἄλλως
2154 4520 2216 4557 τε

755 4577 1045 4667 ή-μϊντότεᾼ
1079 4582 1459 4655 φανερώτερον
1515 4586 1690 4641 ἔσται.
1739 4590 2076 4664 Πιστεύομεν
2105 4594 2217 4667 γὰρ

632 4661 725 4753 καὶ
744 4662 864 4753 νῦν,
892 4665 1006 4719 ἀλλ’
1033 4665 1186 4741 [250]
1216 4671 1313 4742 οὐχ
1333 4672 1535 4742 ὁμοίως
1563 4674 1625 4727 τὸ
1662 4675 1849 4749 θαῦμα
1882 4661 2215 4753 παρίστησιν

630 4749 768 4822 ἀκοὴ
800 4753 893 4807 καὶ
915 4754 1065 4826 δψις·
1092 4756 1207 4811 ἀλλ’
1230 4759 1419 4831 ὥσπερ
1448 4762 1672 4818 ἐπὶτῶν
1696 4749 1973 4834 βασιλέων
1997 4749 2222 4823 ἀκούον-

630 4858 722 4907 τες
748 4842 845 4916 τὴν
879 4845 1172 4920 ἁλουργίδα
1200 4849 1373 4904 καὶτὸ
1399 4851 1638 4925 διάδημα
1670 4856 1765 4908 καὶ
1791 4856 1859 4909 τὰ
1880 4860 2058 4928 χρυσᾶ
2090 4860 2216 4930 ἱμᾶ-

630 4948 721 4984 τια
755 4935 850 4987 καὶ
877 4935 966 4989 τὸν
1002 4936 1190 5008 θρόνον
1220 4939 1310 4993 τὸν
1345 4939 1621 5010 βασιλικὸν
1647 4983 1661 5009 ,
1700 4942 2062 5016 θαυμάζομεν
2091 4949 2212 5017 μὲν,

636 5019 898 5091 μειζόνως
947 5023 1005 5077 δέ
1039 5026 1196 5080 τοῦτο
1245 5027 1548 5099 πάσχομεν,
1586 5032 1713 5085 ὅταν
1738 5031 1844 5087 τῶν
1890 5052 2214 5107 παραπετα-

633 5110 858 5181 σμάτων
904 5114 1371 5173 συνελκυσθέντων
1428 5119 1627 5190 ἴδωμεν
1660 5122 1820 5175 αὐτὸν
1869 5124 1953 5192 ἐφ’
2005 5125 2213 5196 ὑψηλοῦ

632 5199 725 5253 τοῦ
760 5202 1003 5274 βήματος
1023 5208 1443 5280 προκαθήμενον
1466 5225 1480 5238 ·
1507 5208 1650 5263 οὕτω
1685 5212 1778 5265 καὶ
1826 5214 1919 5267 ἐπὶ
1957 5214 2053 5268 τοῦ
2095 5217 2211 5269 Μο-

632 5291 883 5359 νογενοῦς
905 5309 919 5322 ο
953 5295 1081 5348 ὅταν
1099 5295 1299 5366 ἴδωμεν
1321 5297 1389 5351 τά
1416 5301 1894 5370 παραπετάσματα
1918 5301 2026 5356 τῶν
2046 5304 2106 5356 οὐ
2117 5320 2211 5375 ρα-

630 5379 738 5434 νῶν
794 5382 1239 5447 συνελκυσθέντα,
1276 5385 1372 5438 καὶ
1413 5387 1808 5442 καταϐαίνοντα
1854 5390 1944 5444 τὸν
1986 5390 2209 5461 βασιλέα

631 5468 739 5522 τῶν
767 5470 1015 5538 ἀγγέλων
1065 5471 1271 5526 ἐκεῖθεν
1301 5476 1393 5528 καὶ
1444 5476 1912 5550 δορυφορούμενον
1953 5481 2057 5534 ὑπὸ
2100 5480 2210 5535 τῶν

632 5555 897 5626 οὐρανίων
914 5560 1120 5628 δήμων,
1145 5560 1269 5612 τότε
1292 5562 1477 5633 μεῖζον
1502 5566 1609 5620 ἀπὸ
1632 5569 1731 5637 τῆς
1752 5567 1927 5637 ὅψεως
1947 5570 2005 5622 τὸ
2026 5569 2211 5640 θαῦμα

631 5641 918 5731 δεχόμεθα.
966 5649 1247 5718 Ἐννόησον
1275 5654 1383 5725 γάρ
1432 5673 1519 5725 μοι
1547 5696 1561 5720 ,
1610 5650 1721 5710 οἷόν
1752 5659 1899 5712 ἐστιν
1955 5659 2079 5713 ἰδεῖν
2112 5661 2209 5731 τὴν

561 5781 567 5787 _
633 5726 794 5790 φύσιν
828 5727 926 5799 τὴν
963 5735 1237 5806 ήμετέραν
1289 5742 1381 5796 ἐπὶ
1433 5746 1541 5800 τῶν
1576 5745 1853 5816 Χερουϐὶμ
1879 5748 2203 5821 ὀχουμένην»

1332 317 1389 374 S.
1428 310 1718 372 JOANNIS
1756 307 2246 367 CHRYSOSTOMI
2286 309 2603 372 ARCHIEP.
2637 314 3187 376 CONSTANTINOP.

3836 323 3959 382 248

2331 426 2424 480 καὶ
2456 429 2636 482 πᾶσαν
2657 431 2793 503 αὐτῇ
2822 433 2921 504 τὴν
2947 432 3246 507 ἀγγελικὴν
3273 438 3733 512 περικεχυμένην
3768 440 3961 497 δόνα-

2331 536 2444 589 μιν.

2397 616 2469 680 γ’.
2500 610 2699 666 Σκόπει
2725 615 2783 668 δέ
2812 632 2901 685 μοι
2930 616 3025 670 καὶ
3042 618 3141 689 τὴν
3159 619 3376 675 Παύλου
3392 623 3608 692 σοφίαν,
3633 625 3797 680 πόσα
3820 626 3957 681 ὀνό-

2331 718 2475 772 ματα
2504 705 2768 776 ἐπιζητεῖ,
2792 707 2932 761 ὥστε
2953 712 3300 783 παραστῆσαι
3337 712 3432 767 τοῦ
3464 714 3604 769 Θεοῦ
3641 717 3758 787 τὴν
3806 720 3955 787 φιλ·

2327 795 2664 867 ανθρωπίαν.
2698 799 2773 852 Οὐ
2807 800 2916 871 γάρ
2950 797 3103 856 εἶπεν
3129 805 3315 869 ἁπλῶς
3338 807 3438 877 τὴν
3465 809 3648 881 χάριν,
3673 812 3817 864 οὐδὲ
3848 812 3954 865 τὸν

2327 886 2556 942 πλοῦτον
2578 889 2783 956 ἁπλῶς,
2820 892 2957 945 ἀλλά
2981 893 3038 947 τί
3047 913 3060 960 ;
3098 895 3211 950 Τὸν
3234 898 3701 966 ὑπερϐάλλοντα
3729 897 3953 956 πλοῦ-

2326 994 2435 1032 τον
2462 977 2572 1046 τῆς
2591 979 2830 1048 χάριτος
2849 982 2920 1035 ἐν
2949 985 3329 1054 χρηστότητι.
3366 986 3506 1041 Ἀλλ’
3533 988 3685 1058 ὅμως
3712 991 3821 1044 καὶ
3849 989 3955 1043 οῖ’)-

2325 1088 2433 1135 τως
2456 1072 2709 1143 ἠτόνησε.
2743 1073 2854 1126 Καὶ
2883 1074 3135 1146 καθάπερ
3168 1077 3237 1130 τὰ
3275 1077 3538 1149 όλισθηρά
3565 1079 3674 1132 τῶν
3732 1083 3951 1148 σωμά-

2325 1177 2434 1213 των
2471 1163 2693 1233 μυρίαις
2725 1166 3068 1237 κατεχόμενα
3088 1169 3266 1240 χερσὶ,
3300 1168 3582 1239 διαφεύγει
3615 1171 3724 1235 τάς
3753 1172 3950 1237 λαϐάς

2328 1253 2360 1323 ή
2370 1253 2484 1323 μῶν
2514 1256 2606 1308 καὶ
2631 1255 2975 1311 διολισθαίνει
3000 1260 3198 1331 ῥᾳδίως
3217 1280 3230 1291 ο
3255 1260 3396 1315 οὕτω
3419 1264 3513 1317 καὶ
3532 1263 3631 1335 τὴν
3655 1265 3762 1319 τοῦ
3791 1266 3947 1321 Θεοῦ

2328 1346 2755 1419 φιλανθρωπίαν,
2788 1351 2933 1415 ὅσοις
2953 1353 3019 1405 ἂν
3050 1353 3217 1424 αὐτὴν
3240 1358 3600 1427 κατάσχωμεν
3627 1358 3943 1429 ὀνόμασιν,

2327 1436 2446 1489 οὐδὲ
2478 1438 2622 1492 οὕτω
2649 1439 2925 1510 δυνάμεθα
2959 1444 3293 1516 περιλαϐεῖν,
3328 1446 3463 1501 ἀλλὰ
3491 1450 3619 1521 νικᾷ
3656 1451 3721 1504 τὸ
3758 1453 3942 1521 μέγε-

2329 1524 2419 1590 θος
2450 1526 2622 1597 αὐτῆς
2652 1530 2716 1582 ὲκ
2755 1530 2954 1602 πολλῆς
3000 1534 3319 1601 περιουσίας
3348 1536 3455 1592 τῶν
3490 1540 3790 1611 ἡμετέρων
3828 1546 3939 1612 ρη-

2331 1615 2515 1685 μάτων
2542 1616 2638 1689 τήν
2669 1620 2887 1673 ἀτονίαν
2917 1634 2965 1676 ι.
2999 1624 3179 1695 Ὅπερ
3210 1621 3300 1679 οὐν
3323 1630 3419 1681 καὶ
3444 1630 3659 1695 Παῦλος
3702 1633 3937 1693 παθὼν.

2327 1705 2420 1758 καὶ
2448 1704 2570 1759 ἰδὼν
2613 1708 2933 1780 ἡττωμένην
2982 1712 3090 1766 τῶν
3118 1715 3378 1785 ῥημάτων
3416 1717 3515 1790 τὴν
3560 1719 3807 1791 δύναμιν
3832 1723 3937 1776 τοῦ

2331 1797 2595 1866 μεγέθους
2637 1800 2827 1869 αὐτῆς,
2869 1800 2927 1854 ἐν
2970 1802 3138 1857 εἰπὼν
3168 1807 3319 1876 ῥῆμα
3368 1807 3603 1881 ἀπέστη.
3663 1812 3839 1866 Ποῖον
3874 1813 3937 1867 δὲ

2325 1886 2517 1953 τοῦτο;
2553 1889 2726 1957 Χάρις
2757 1889 2826 1942 δὲ
2855 1889 2934 1956 τῷ
2968 1891 3091 1957 Θεῷ
3118 1893 3217 1946 ἐπὶ
3252 1892 3325 1964 τῇ
3370 1896 3795 1967 ἀνεκδιηγήτῳ
3825 1904 3936 1954 αὐ-

2325 1980 2434 2033 τοῦ
2466 1978 2676 2048 δωρεᾷ.
2703 1980 2840 2035 Οὐτε
2874 1981 2984 2053 γάρ
3010 1983 3194 2052 λόγος,
3221 1984 3345 2039 οὐτε
3370 1986 3494 2050 νοῦς
3529 1989 3710 2053 οὐδεὶς
3743 2009 3934 2063 παρα-

2329 2070 2521 2140 στῆσαι
2552 2070 2839 2142 δυνήσεται
2864 2073 2957 2127 τοῦ
2981 2073 3115 2128 Θεοῦ
3144 2076 3240 2147 τὴν
3267 2078 3607 2149 κηδεμονίαν.
3635 2081 3743 2135 Διά
3766 2085 3933 2139 τοῦτο

2327 2162 2559 2217 ἐνταῦθα
2584 2165 2681 2235 μὲν
2699 2166 3090 2237 ἀνεκδιήγητον
3120 2170 3289 2243 αὐτὴν
3306 2167 3444 2225 εἷναί
3466 2191 3654 2244 φησιν.
3681 2176 3929 2248 ἀλλαχοῦ

2326 2249 2406 2313 δὲ,
2440 2253 2535 2306 καὶ
2559 2254 2649 2308 τὸν
2675 2254 2801 2310 νοῦν
2849 2257 3007 2327 ἡμῶν
3040 2260 3410 2331 ὑπερϐαίνειν,
3445 2264 3647 2318 οὑτωσὶ
3699 2267 3886 2336 λέγων
3909 2286 3925 2302 ·

2337 2343 2401 2398 Ἠ
2427 2345 2637 2413 εἰρήνη
2680 2346 2788 2402 τοῦ
2830 2348 2977 2403 Θεοῦ
3024 2353 3060 2420 ἠ
3099 2353 3483 2422 ὑπερέχουσα
3516 2356 3719 2412 πάντα
3769 2361 3931 2416 γοῦν
3998 2348 3999 2397 ἶ

2326 2435 2655 2504 φρουρήσει
2686 2438 2794 2505 τὰς
2819 2440 3071 2509 καρδίας
3096 2442 3280 2512 ὑμῶν.

2414 2544 2551 2597 Ἀλλ’
2574 2546 2709 2619 ὅπερ
2734 2547 2941 2617 ἔλεγον,
2992 2550 3087 2604 δύο
3136 2553 3233 2622 μὲν
3259 2548 3402 2608 οὗτοι
3453 2556 3591 2622 τέως
3617 2560 3931 2632 ἀπολογίας

2329 2634 2586 2707 εὕρηνται
2623 2640 2837 2711 τρόποι,
2860 2635 2942 2706 εἷς
3000 2642 3120 2713 μὲν,
3149 2646 3231 2698 ὅτι
3256 2647 3352 2715 οὐχ
3391 2649 3419 2700 ὁ
3456 2648 3588 2713 Θεὸς
3639 2649 3923 2719 ἐξέϐαλεν,

2329 2727 2444 2780 ἀλλ’
2472 2730 2634 2799 ήμείς
2662 2730 3047 2802 ἀπωλέσαμεν⁸
3082 2735 3333 2809 δεύτερος
3361 2737 3437 2803 δὲ,
3475 2739 3556 2794 ὃτι
3592 2740 3766 2796 πλείω
3812 2746 3923 2799 τῶν

2328 2820 2687 2875 ἀπολωλότων
2739 2823 2835 2877 καὶ
2879 2824 3104 2895 μείζονα
3155 2830 3225 2879 τά
3275 2826 3500 2882 δοθέντα
3544 2831 3682 2901 ἡμῖν
3709 2834 3916 2901 ἀγαθά.

2327 2910 2598 2983 Βούλομαι
2620 2912 2679 2966 δὲ
2712 2913 2806 2967 καὶ
2847 2915 3026 2987 τρίτον
3069 2917 3262 2972 εἰπεῖν.
3305 2918 3400 2982 Τίς
3429 2916 3522 2974 οὖν
3557 2922 3709 2977 ἐστιν
3739 2927 3767 2977 ό
3798 2926 3919 2997 τρί-

2325 3022 2452 3069 τος;
2492 3006 2616 3059 Ὅτι
2644 3008 2693 3059 εί
2716 3005 2811 3060 καὶ
2840 3008 2914 3079 μὴ
2941 3007 3107 3062 ἔδωκε
3139 3008 3311 3079 μείζω
3335 3012 3442 3065 τῶν
3466 2996 3915 3072 ἀπολωλότωντά
3998 2996 3999 3035 1

2329 3097 2467 3168 μετά
2490 3097 2683 3162 ταῦτα,
2716 3097 2832 3152 ἀλλ’
2881 3100 3133 3168 ἀφείλετο
3163 3103 3329 3173 μόνον
3376 3104 3441 3158 τά
3495 3106 3720 3164 δοθέντα
3758 3113 3908 3183 ἡμῖν,

2324 3189 2483 3262 ήμῶν
2507 3192 2857 3263 παρεχόντων
2872 3193 2972 3265 τὴν
2994 3193 3175 3248 αἰτίαν
3198 3195 3376 3265 (τοῦτο
3391 3197 3505 3268 γάρ
3523 3202 3907 3274 προσκείσθω)’

2325 3282 2421 3335 καὶ
2451 3282 2613 3336 τοῦτο
2666 3284 2850 3338 ἱκανὸν
2876 3284 2999 3338 καθ’
3030 3285 3194 3339 ἑαυτὸ
3224 3287 3395 3354 δεῖξαι
3444 3290 3545 3360 τὴν
3585 3292 3910 3364 κηδεμονίαν

2324 3375 2491 3429 αὐτοῦ
2522 3377 2620 3449 τὴν
2653 3378 2735 3441 είς
2761 3379 2933 3450 ἡμᾶς.
2983 3379 3057 3431 υύ
3097 3378 3205 3452 γὰρ
3235 3380 3297 3433 τὸ
3330 3380 3515 3436 δοῦναι
3546 3384 3727 3454 μόνον,
3774 3387 3910 3440 ἀλλά

2325 3469 2418 3523 καὶ
2442 3469 2502 3522 τὸ
2527 3468 2916 3540 ἀφελέσθαιτά
2941 3470 3185 3537 δοθέντα,
3213 3472 3479 3546 μεγίστης
3500 3475 3909 3549 φιλανθρωπίας

2324 3560 2473 3613 ἐστί’
2499 3560 2614 3626 καὶ,
2648 3562 2699 3614 εί
2729 3560 3012 3631 βούλεσθε,
3044 3562 3138 3616 ἐπὶ
3154 3562 3248 3616 τοῦ
3277 3565 3605 3636 παραδείσου
3636 3568 3728 3621 τὸν
3755 3569 3907 3639 λόγον

2324 3653 2722 3723 γυμνάσωμεν.
2739 3653 2963 3707 ⁵Ἔδωκε
2992 3652 3083 3707 τὸν
3108 3655 3437 3726 παράδεισον
3460 3675 3474 3688 '
3509 3659 3668 3715 τοῦτο
3693 3662 3791 3733 τῆς
3813 3664 3908 3715 αὐ-

2324 3745 2418 3798 τοῦ
2445 3745 2772 3818 κηδεμονίας
2790 3763 2805 3776 ο
2839 3746 3047 3815 ἀνάξιοι
3077 3747 3178 3819 τῆς
3204 3748 3413 3819 δωρεᾶς
3439 3749 3731 3824 ώφθημενυ
3750 3755 3905 3809 τοῦτο

2324 3839 2422 3908 τῆς
2459 3838 2735 3908 ἡμετέρας
2782 3840 3209 3911 ἀγνωμοσύνης·
3256 3842 3511 3912 ἀφείλετο
3550 3845 3650 3916 τὴν
3702 3845 3905 3919 δωρεὶν

2325 3931 2563 3996 ἀναξίοις
2587 3920 2900 4003 γενομένοις
2918 3949 2932 3961 ·
2954 3932 3113 3987 τοῦτο
3139 3935 3240 4006 τῆς
3266 3934 3431 3989 αὐτοῦ
3457 3935 3681 4006 γέγονεν
3713 3940 3906 4009 ἀγαθό-

2322 4041 2503 4094 τητος.
2542 4025 2655 4079 Kal
2690 4024 2819 4077 ποία
2844 4025 3138 4098 ἀγαθότης,
3180 4030 3335 4100 φησὶ,
3374 4029 3435 4083 τὸ
3481 4030 3772 4100 ἀφελέσθαι
3804 4036 3907 4106 τὴν

2322 4115 2569 4185 δωρεάν;
2612 4116 2951 4187 Ἀνάμεινον,
2986 4120 3081 4172 καὶ
3107 4120 3317 4193 ἀκούσῃ
3342 4121 3581 4187 πάντως.
3624 4124 3904 4197 Ἐννόησον

2323 4208 2430 4277 γὰρ
2462 4207 2547 4273 τίς
2568 4206 2795 4279 ἔμελλεν
2819 4211 2849 4262 ό
2888 4210 3028 4265 Κάἳν
3072 4210 3314 4278 ἔσεσθαι,
3342 4214 3400 4268 ἐν
3446 4215 3759 4288 παραδείσῳ
3788 4219 3905 4272 δια·

2321 4301 2526 4371 τρίϐων
2576 4300 2717 4371 μετὰ
2759 4302 2858 4372 τὴν
2892 4304 3229 4373 μιαιφονίαν.
3278 4307 3342 4359 El
3378 4307 3490 4379 γάρ
3527 4310 3624 4362 καὶ
3657 4312 3904 4366 ἐκπεσὼν

2322 4393 2537 4466 ἐκείνης
2564 4395 2665 4464 τῆς
2706 4394 2954 4464 διαίτης,
2994 4397 3042 4448 εί
3073 4397 3261 4467 μόχθῳ
3298 4398 3393 4451 καὶ
3420 4398 3571 4471 πόνῳ
3604 4402 3895 4455 καταδικαι

2325 4486 2472 4550 σθεὶς
2524 4487 2620 4542 καὶ
2662 4487 2758 4540 τοῦ
2797 4486 3028 4541 θανάτου
3077 4489 3175 4559 τὴν
3228 4490 3460 4561 ἀπειλὴν
3515 4493 3897 4571 ἐπηρτημένην

2320 4580 2483 4653 ὀρῶν,
2505 4581 2552 4633 εί
2579 4580 2671 4633 τοῦ
2696 4580 2902 4652 πατρὸς
2932 4581 3038 4653 πρὸ
3063 4580 3482 4653 τῶνρφθαλμῶν
3515 4583 3725 4653 βλέπων
3747 4583 3895 4659 [9.5!]

2318 4673 2417 4745 τὴν
2453 4670 2738 4743 συμφορὰν
2767 4672 2863 4725 καὶ
2886 4672 2945 4724 ἐν
2972 4674 3159 4743 χερσὶν
3182 4674 3320 4744 έχων
3364 4673 3444 4728 ἔτι
3476 4676 3577 4747 τῆς
3607 4676 3773 4747 ὀργῆς
3801 4677 3896 4732 τοῦ

2319 4765 2453 4819 Θεοῦ
2488 4764 2559 4817 τά
2594 4763 2735 4835 ἴχνη,
2766 4765 2860 4818 καὶ
2886 4765 3162 4830 τοσούτοις
3212 4767 3750 4838 περιεστοιχισμένος
3792 4768 3897 4823 δει-

2318 4863 2450 4923 νοῖς,
2484 4860 2563 4923 είς
2589 4858 2842 4913 τοσοῦτον
2881 4857 3194 4925 ἐξελάκτισε
3227 4860 3515 4932 πονηρίας,
3555 4861 3684 4915 ὥστ’
3707 4863 3895 4932 ἀγνοῆ-

2320 4970 2410 5004 σαι
2441 4952 2539 5025 τὴν
2576 4952 2760 5022 φύσιν,
2815 4954 2911 5008 κα)⁸
2944 4952 3295 5007 ἐπιλαθέσθαι
3338 4954 3439 5018 τῆς
3480 4953 3763 5019 κοινωνίας
3789 4955 3893 5008 τῶν

2317 5043 2543 5108 ώδίνων,
2579 5045 2672 5099 καὶ
2709 5045 2802 5098 τὸν
2831 5045 2983 5098 οὐδὲν
3006 5043 3307 5116 ἠδικηκότα
3333 5042 3537 5111 σφάξαι
3557 5081 3571 5106 ,
3621 5044 3713 5096 καὶ
3747 5042 3891 5097 ἀδελ-

2318 5134 2478 5205 φικοῦ
2516 5136 2766 5208 σώματος
2790 5136 3032 5207 ἆψασθαι
3084 5137 3179 5191 καὶ¹
3208 5135 3441 5207 αἱμάξαι
3462 5135 3561 5206 τὴν
3582 5134 3774 5202 δεξιὰν,
3798 5137 3887 5189 καὶ

2315 5228 2409 5281 τοῦ
2439 5228 2572 5282 Θεοῦ
2606 5230 2994 5304 παραινοῦντος
3025 5230 3319 5302 ἡσυχάζειν
3343 5228 3418 5299 μὴ
3448 5227 3756 5297 ἀνέχεσθαι,
3776 5227 3884 5281 ἀλλ’

2317 5321 2535 5392 ὑϐρίσαι
2573 5322 2665 5376 τὸν
2700 5323 3066 5393 πεποιηκότα,
3103 5321 3371 5392 ἀτιμάσαι
3416 5321 3546 5385 τοὺς
3578 5323 3861 5392 γεγεννηκό

2314 5432 2434 5479 τας,
2465 5417 2515 5470 εί
2542 5418 2597 5468 ἐν
2630 5415 2944 5485 παραδείσῳ
2980 5414 3251 5486 διέτριϐεν
3298 5408 3491 5479 οὗτος,
3533 5414 3720 5467 σκόπει
3759 5413 3886 5487 πρὸς

2314 5510 2447 5580 ὅσην
2475 5508 2540 5563 ἂν
2570 5508 2738 5578 ήλασε
2767 5507 2987 5561 κακίαν.
3018 5508 3080 5560 Εἰ
3103 5507 3212 5579 γὰρ
3233 5507 3505 5562 τοσούτων
3537 5508 3888 5576 ἐπικειμένων

2313 5600 2420 5654 τῶν
2465 5598 2721 5671 χαλινῶν,
2783 5597 3059 5669 θανάσιμα
3110 5599 3405 5671 ἐσκίρτησε
3449 5600 3807 5671 σκιρτήματα,
3835 5601 3881 5652 οξ

2378 5760 2403 5788 ⁸
2431 5757 2563 5808 [Σηυδ
2585 5754 2720 5809 Colb.
2749 5757 2832 5814 τήν
2857 5755 3080 5805 ἐπίνοιαν.
