4066 6422
128 354 251 412 24⁸1

130 469 368 525 homine
407 467 709 539 gloriosius.
755 467 880 523 Erat
922 468 1009 524 ille
1058 478 1323 539 postrema
1366 485 1491 541 pars
1529 470 1737 525 ratione

130 559 387 630 praedita:
412 566 673 613 creaturae
698 599 712 624 ,
744 556 839 613 sed
872 559 1033 627 pedes
1071 569 1231 629 caput
1260 571 1543 616 evaserunt
1561 602 1577 626 ,
1606 569 1659 616 et
1687 561 1739 615 in

131 648 404 705 thronum
444 648 649 719 regium
680 663 773 717 per
801 648 1057 717 primitias
1094 659 1220 705 sunt
1257 651 1444 706 evecti.
1474 650 1743 719 Quemad-

131 742 366 797 modum
398 741 539 796 enim
567 742 610 795 si
650 740 810 797 homo
836 742 1099 812 quispiam
1144 743 1384 800 liberalis
1409 759 1473 799 ac
1501 744 1743 816 magnifi-

126 851 256 900 cus,
296 849 420 889 cum
447 832 641 888 viderit
668 833 901 903 aliquem
929 833 1264 906 naufragum,
1296 836 1384 906 qui
1415 836 1586 891 solum
1616 853 1740 892 cor—

132 943 239 995 pus
269 926 474 981 nudum
500 941 567 981 ex
596 927 843 982 fluctibus
866 927 1073 999 eripere
1110 928 1318 998 potuit,
1345 928 1548 998 supinis
1574 928 1744 983 mani-

130 1019 237 1072 bus
269 1033 397 1072 eum
419 1017 667 1088 excipiat,
695 1028 749 1073 et
772 1018 996 1073 candida
1016 1027 1163 1074 veste
1186 1019 1427 1073 indutum
1455 1020 1509 1073 in
1534 1034 1743 1073 summo

136 1110 375 1165 Imnoris
412 1109 581 1180 gradu
621 1110 847 1165 collocet
876 1126 891 1164 :
924 1110 996 1165 ita
1035 1111 1176 1167 Deus
1216 1120 1459 1166 naturam
1506 1120 1741 1166 nostram

136 1203 419 1257 tractavit.
444 1201 633 1257 Omnia
655 1217 775 1273 quae
801 1201 1031 1259 habebat
1056 1202 1216 1257 homo
1238 1202 1560 1272 perdiderat,
1584 1202 1745 1258 iiber-

137 1303 311 1348 tatem
340 1293 593 1364 loquendi
619 1308 681 1348 ac
707 1292 975 1360 ﬁduciam,
1003 1294 1443 1350 consuetudinem
1465 1310 1585 1349 cum
1610 1295 1741 1362 Deo,

135 1385 616 1441 Conversationem
644 1385 698 1440 in
730 1387 999 1456 paradiso,
1027 1386 1189 1441 vitam
1214 1386 1532 1441 calamitatis
1558 1402 1746 1455 exper-

136 1490 270 1543 tem,
308 1488 370 1533 et
396 1489 662 1549 tamquam
694 1496 761 1535 ex
798 1479 1074 1551 naufragio
1104 1480 1278 1536 nudus
1318 1480 1442 1536 inde
1468 1481 1742 1547 exiverat;

132 1572 231 1627 sed
266 1572 414 1627 Deus
441 1573 590 1628 illum
621 1581 900 1643 exceptum
939 1572 1221 1629 confestim
1257 1574 1459 1628 amiciit
1483 1615 1498 1640 ,
1530 1582 1586 1629 et
1610 1588 1745 1642 pau-

138 1666 293 1721 latim
327 1681 492 1720 manu
521 1666 739 1722 ductum
769 1666 821 1721 in
860 1666 1050 1720 caelum
1083 1665 1277 1721 evexit.
1309 1665 1468 1735 Atqui
1501 1679 1604 1719 non
1632 1672 1749 1719 erat

136 1761 296 1815 venia
324 1759 552 1830 dignum
584 1758 952 1828 naufragium;
981 1773 1154 1828 neque
1192 1758 1335 1812 enim
1364 1757 1435 1813 ob
1464 1764 1744 1812 ventorum

138 1856 434 1924 impetum,
467 1851 561 1907 sed
591 1852 659 1906 ob
684 1851 963 1921 segnitiem
989 1851 1103 1921 ejus
1127 1892 1142 1918 ,
1170 1851 1259 1921 qui
1290 1849 1607 1922 navigabat,
1638 1856 1746 1905 tota

141 1945 227 1999 illa
260 1952 561 2013 tempestas
586 1943 870 1999 acciderat.

214 2035 284 2090 In
307 2044 464 2105 portu
498 2034 826 2107 naufragium
853 2034 969 2105 fecit
999 2034 1243 2089 Adamus.
1271 2064 1344 2075 —
1368 2032 1748 2091 Verumtamen

144 2128 212 2184 ad
246 2128 353 2183 hoc
395 2142 506 2181 non
548 2128 786 2197 respexit
831 2127 972 2183 Deus
995 2168 1011 2195 ,
1043 2128 1137 2183 sed
1166 2127 1280 2196 ejus
1324 2127 1748 2184 misericordiam

145 2218 478 2276 calamitatis
497 2219 806 2290 magnitudo
825 2219 1134 2286 commovit,
1164 2234 1393 2289 eumque
1409 2220 1496 2289 qui
1519 2220 1569 2274 in
1594 2229 1748 2291 portu

145 2311 491 2383 naufragium
520 2309 738 2377 fecerat,
774 2310 996 2380 perinde
1021 2311 1175 2382 quasi
1201 2311 1377 2366 medio
1403 2313 1455 2367 in
1483 2312 1672 2384 pelago
1698 2312 1751 2367 id

148 2420 343 2477 passus
364 2414 538 2471 esset,
569 2404 796 2475 benigne
822 2419 884 2459 ac
906 2404 1195 2459 liberaliter
1218 2406 1426 2475 excepit
1452 2423 1465 2459 :
1487 2404 1749 2475 siquidem

147 2499 200 2553 in
226 2496 484 2567 paradiso
512 2496 720 2567 lapsum
750 2510 890 2561 esse,
916 2494 969 2549 id
998 2510 1129 2550 vero
1154 2505 1236 2550 est
1264 2495 1317 2549 in
1349 2502 1506 2566 portu
1531 2493 1750 2549 naufra-

146 2589 294 2660 gium
325 2588 539 2643 fecisse.
570 2587 706 2655 Quid
748 2586 861 2642 ita?
887 2585 1021 2653 Quia
1065 2602 1185 2641 cum
1231 2586 1466 2642 nondum
1495 2586 1707 2641 tristitia
1732 2627 1748 2653 ,

150 2680 396 2735 nondum
424 2679 725 2735 sollicitudo
744 2720 759 2744 ,
798 2694 899 2734 nec
923 2679 1135 2748 labores
1154 2720 1169 2745 ,
1200 2694 1301 2734 nec
1333 2694 1585 2735 mrumnae
1605 2722 1620 2745 ,
1653 2695 1753 2736 nec

151 2773 427 2827 innumeri
451 2773 645 2827 fluctus
667 2772 946 2826 libidinum
975 2770 1029 2824 in
1061 2778 1300 2825 naturam
1329 2780 1567 2826 nostram
1594 2772 1754 2826 δειξνί-

148 2871 310 2928 rent,
345 2863 720 2933 supplantatus
750 2870 833 2916 est
862 2871 917 2916 et
945 2861 1165 2915 corruit.
1207 2861 1277 2915 Et
1304 2862 1753 2932 quemadmodum

146 2955 243 3025 qui
271 2956 326 3009 in
361 2954 498 3008 mari
526 2953 779 3022 navigant
818 2950 1047 3006 malefici
1076 2951 1320 3006 homines
1344 2993 1358 3017 ,
1390 2953 1583 3022 exiguo
1612 2953 1753 3008 ferro

148 3048 335 3102 navim
369 3060 515 3115 srepe
545 3044 908 3115 perforantes,
937 3050 1106 3097 totum
1137 3058 1284 3098 mare
1314 3045 1365 3098 in
1390 3043 1657 3114 navigium
1686 3044 1755 3099 ab

150 3136 405 3192 inferiori
455 3144 605 3204 parte
657 3134 950 3189 immittunt
993 3151 1007 3188 :
1048 3135 1127 3190 sic
1178 3134 1431 3189 nimirum
1486 3144 1540 3189 et
1578 3136 1752 3189 navim

148 3230 353 3287 Adami
384 3243 508 3283 cum
539 3228 744 3283 videret
768 3227 1035 3294 diabolus,
1067 3227 1172 3284 hoc
1200 3236 1282 3283 est
1308 3228 1542 3281 animam
1575 3227 1755 3283 multis

146 3325 413 3380 refertam
446 3323 636 3390 bonis,
680 3323 939 3378 accedens
979 3331 1247 3391 tamquam
1288 3320 1496 3376 minuto
1524 3318 1756 3389 quodam

148 3415 296 3472 ferro
339 3415 573 3484 simplici
602 3429 734 3470 voce
777 3413 1103 3485 perforavit,
1144 3421 1199 3469 et
1241 3426 1427 3468 omnes
1466 3410 1583 3481 ejus
1625 3426 1756 3482 opes

150 3506 446 3572 exhausit,
481 3506 757 3578 ipsamque
782 3507 1026 3580 cymbam
1055 3506 1362 3562 submersit.
1404 3505 1475 3559 At
1505 3504 1644 3560 Deus
1673 3504 1756 3559 cf-

153 3598 319 3666 fccit,
351 3606 413 3653 ut
453 3597 659 3654 lucrum
698 3599 896 3653 damno
920 3597 1092 3669 majus
1119 3606 1296 3665 esset,
1329 3606 1383 3653 et
1409 3598 1477 3652 ad
1505 3597 1756 3652 thronum

154 3692 366 3763 regium
419 3699 664 3745 naturam
717 3698 951 3747 nostram
994 3690 1204 3745 extulit.
1249 3688 1511 3757 Quocirca
1559 3689 1757 3744 Paulus

155 3784 318 3839 etiam
347 3783 549 3839 clamat
572 3781 759 3839 dicens
787 3800 800 3836 :
831 3780 1274 3848 Conresuscitavit,
1301 3790 1347 3835 ct
1367 3782 1638 3837 consedere
1665 3798 1758 3836 nos

163 3877 280 3947 fecit
308 3877 364 3931 in
406 3875 616 3930 dextera
641 3891 737 3929 sua
772 3875 825 3929 in
851 3874 1129 3929 cwlestibus
1151 3915 1165 3939 ,
1196 3883 1251 3927 ut
1279 3872 1559 3929 ostenderet
1584 3872 1637 3926 in
1663 3888 1759 3927 str-

159 3969 287 4023 culis
307 3967 772 4039 supervenientibus
798 3964 1114 4020 abundantes
1139 3965 1338 4018 diuitias
1361 3964 1539 4033 gratia:
1557 3978 1681 4026 suae,
1705 3962 1759 4017 in

158 4060 386 4115 bonitate
410 4075 566 4129 super
591 4076 683 4114 nos
709 4056 936 4132 (Ep/res.
964 4056 1021 4111 2.
1050 4057 1101 4111 6.
1129 4053 1214 4127 7).
1244 4054 1377 4123 Quid
1405 4053 1647 4132 ais?jam
1671 4068 1759 4108 res

160 4151 339 4206 evenit
364 4160 421 4206 et
447 4150 608 4205 finem
640 4129 820 4215 habet,
848 4157 903 4204 et
927 4148 1061 4204 dicis
1087 4165 1100 4201 :
1129 4145 1195 4201 Ut
1225 4129 1504 4211 ostenderet
1528 4146 1582 4198 in
1601 4160 1760 4198 scaeu-

161 4240 222 4295 εἰς
259 4240 767 4313 supervenientibus?
795 4255 970 4295 annon
1009 4239 1151 4294 enim
1192 4236 1465 4293 ostendit?
1490 4237 1607 4291 Jam
1638 4236 1760 4306 qui-

164 4330 281 4386 dem
309 4331 589 4397 ostendit,
620 4332 715 4387 sed
746 4345 851 4385 non
883 4331 1131 4386 omnibus
1169 4329 1471 4384 hominibus
1492 4370 1506 4393 ,
1537 4335 1591 4381 at
1630 4327 1761 4381 mihi

164 4424 251 4492 qui
282 4438 400 4479 sum
433 4422 611 4479 ﬁdelis
652 4440 666 4476 :
708 4422 936 4477 infidelis
973 4431 1149 4476 autem
1179 4420 1493 4475 miraculum
1525 4417 1761 4472 nondum

167 4514 318 4570 vidit.
350 4516 489 4570 Tum
518 4530 645 4571 vero
673 4514 764 4568 illo
789 4513 875 4568 die
902 4521 1086 4568 natura
1114 4512 1289 4567 omnis
1316 4510 1547 4566 humana
1570 4510 1623 4564 in
1650 4523 1763 4564 meo

165 4607 312 4664 dium
341 4622 645 4680 progressa,
676 4606 817 4678 quod
840 4607 931 4662 ﬁet
956 4604 1323 4671 admirabitur,
1350 4603 1615 4674 praecipue
1632 4617 1762 4657 vero

167 4700 321 4755 nobis
339 4700 505 4756 etiam
532 4708 641 4753 tum
668 4697 1000 4753 manifestius
1022 4697 1144 4751 erit.
1173 4695 1288 4751 Jam
1310 4695 1450 4750 enim
1471 4694 1761 4758 credimus,

167 4791 261 4847 sed
285 4805 391 4846 non
409 4807 481 4846 ex
506 4804 659 4859 :equo
681 4788 992 4843 miraculum
1015 4789 1262 4865 exprimit
1283 4787 1494 4842 auditus
1512 4796 1567 4842 et
1583 4787 1759 4841 visus:

169 4882 263 4936 sed
294 4882 751 4954 quemadmodum
780 4881 832 4935 in
857 4881 1069 4951 regibus
1097 4880 1222 4936 dum
1252 4895 1536 4950 purpuram
1568 4889 1619 4936 et
1645 4879 1764 4934 dia-

173 4971 328 5028 dema
370 4983 425 5030 et
460 4988 654 5030 aureas
680 4982 855 5028 vestes
891 4972 1191 5041 soliumque
1232 4972 1437 5041 regium
1477 4970 1722 5026 audimus
1746 5010 1762 5035 ,

174 5062 505 5120 admiramur
526 5063 763 5136 quidem,
784 5074 838 5119 at
862 5063 1030 5119 multo
1053 5062 1279 5131 amplius
1302 5061 1351 5116 id
1373 5062 1527 5117 nobis
1549 5061 1762 5126 accidit,

174 5167 296 5209 cum
324 5156 616 5212 contractis
643 5155 825 5211 aulaeis
852 5156 1023 5226 ipsum
1064 5154 1117 5208 iu
1148 5152 1361 5208 sublimi
1388 5152 1766 5224 praesidentem

176 5246 445 5303 cernimus
466 5246 717 5302 tribunali
743 5263 760 5300 :
788 5246 864 5302 sic
883 5254 939 5302 et
962 5246 1015 5300 in
1040 5243 1344 5315 Unigenito,
1372 5258 1492 5298 cum
1514 5242 1767 5298 caelorum

178 5335 468 5395 viderimus
491 5338 658 5395 anima
683 5346 975 5403 contracta,
1007 5347 1061 5394 et
1079 5337 1278 5408 Regem
1308 5336 1615 5406 angelorum
1646 5335 1769 5390 inde

183 5426 597 5488 descendentem
623 5446 653 5486 a
675 5431 977 5487 caelestibus
1006 5431 1193 5486 turmis
1215 5429 1486 5499 stipatum,
1510 5436 1618 5483 tum
1638 5443 1768 5483 vero

187 5520 356 5589 majus
384 5522 700 5579 miraculum
731 5522 885 5579 nobis
914 5522 1191 5578 oculorum
1221 5520 1517 5575 ministerio
1540 5533 1770 5589 appare-

187 5609 278 5665 bit.
304 5613 490 5685 Cogita
513 5631 742 5687 namque
768 5616 923 5687 quale
947 5615 1018 5671 sit
1043 5625 1283 5670 naturam
1311 5624 1546 5669 nostram
1570 5613 1769 5667 Cheru-

186 5701 322 5762 binis
343 5707 602 5764 invectam
627 5708 840 5776 intueri,
861 5715 1134 5779 totumque
1158 5705 1451 5779 angelicum
1473 5704 1770 5761 exercitum

188 5791 260 5848 illi
289 5795 684 5854 circumfusum.

927 361 1273 421 DEMONES
1312 361 1448 417 NON
1486 357 1909 417 CUBERNARE
1949 358 2258 418 MUNDUM.
2304 362 2533 418 HOMIL.
2572 360 2612 415 l.

3329 367 3432 425 ειε

1906 468 1972 526 ‘5.
2014 470 2164 525 Pauli
2194 486 2322 527 vero
2358 473 2673 544 sapientiam
2709 487 2923 546 quoque
2960 476 3093 534 mihi
3117 479 3434 550 considera,

1844 576 2003 631 quam
2035 561 2202 617 multa
2232 563 2449 618 nomina
2478 564 2793 635 conquirat,
2824 574 2884 621 ut
2908 566 3142 625 divinam
3171 576 3439 642 exprimat

1844 650 2247 722 benignitatem.
2291 652 2408 709 Non
2452 656 2595 710 enim
2643 655 2776 711 dixit
2823 658 3138 729 simpliciter
3165 662 3389 733 gratiam
3420 704 3438 730 ,

1846 760 2020 815 neque
2047 745 2361 816 simpliciter
2389 746 2601 802 divitias
2624 790 2639 815 ,
2669 748 2764 805 sed
2806 750 2968 820 quid?
2997 751 3323 810 Abundantes
3353 755 3437 808 di-

1845 839 1992 894 vitias
2018 840 2195 909 gratia:
2218 840 2272 895 in
2303 840 2523 894 bonitate
2563 839 2792 912 (Ephes.
2821 841 2878 896 2.
2908 842 2992 913 7).
3022 843 3129 900 Sed
3154 861 3326 918 neque
3360 847 3439 902 sic

1850 942 2026 988 tamen
2055 933 2356 1002 exprimere
2394 932 2583 1002 potuit.
2617 931 2685 988 Et
2728 934 3175 1003 quemadmodum
3206 936 3355 996 laevia
3385 948 3440 994 et

1847 1024 2049 1079 lubrica
2086 1039 2311 1094 corpora
2342 1025 2466 1080 licet
2505 1025 2800 1081 innumeris
2838 1026 3083 1082 manibus
3119 1035 3437 1095 teneantur,

1849 1114 2004 1170 nobis
2023 1115 2305 1171 elabuntur
2324 1125 2378 1171 et
2402 1114 2556 1171 facile
2583 1115 2841 1187 effugiunt
2865 1133 2878 1171 :
2902 1119 2981 1174 sic
2999 1128 3052 1174 et
3078 1120 3173 1175 Dei
3194 1122 3440 1192 benigni-

1850 1217 2011 1265 tatem
2041 1210 2483 1279 quantiscumque
2512 1208 2817 1265 nominibus
2844 1210 3128 1281 complecti
3158 1227 3436 1282 conemur,

1849 1315 1918 1355 ne
1944 1299 2020 1355 sic
2049 1300 2263 1370 quidem
2292 1300 2749 1370 comprehendere
2777 1317 3093 1370 possumus,
3125 1304 3219 1359 sed
3243 1305 3437 1361 verbo-

1849 1406 1968 1445 rum
1994 1400 2294 1445 nostrorum
2322 1389 2740 1446 imbecillitatem
2767 1391 2784 1423 ⁸
2807 1392 2924 1460 ejus
2951 1392 3259 1463 magnitudo
3280 1395 3440 1465 longo

1851 1491 2068 1552 superat
2097 1483 2397 1537 intervallo.
2427 1482 2581 1550 Quod
2610 1498 2731 1539 cum
2758 1493 3009 1555 expertus
3035 1495 3178 1539 esset
3203 1485 3400 1542 Paulus
3418 1527 3439 1554 ,

1850 1583 1904 1630 et
1952 1575 2118 1645 ipsius
2164 1574 2528 1645 magnitudine
2570 1575 2854 1630 verborum
2904 1576 3012 1631 vim
3061 1585 3305 1633 cerneret
3347 1594 3441 1634 su-

1850 1666 2028 1736 perari
2053 1707 2068 1733 ,
2100 1680 2208 1721 uno
2249 1664 2459 1737 prolato
2487 1666 2651 1721 verbo
2693 1665 2960 1722 discessit.
2991 1666 3272 1735 Quodnam
3313 1669 3441 1725 illud

1853 1769 1935 1814 est
1965 1758 2176 1815 tandem
2191 1757 2216 1812 'I
2251 1756 2430 1812 Gratia
2455 1768 2621 1812 autem
2648 1757 2757 1813 Deo
2773 1775 2926 1830 super
2954 1759 3285 1814 inenarrabili
3311 1760 3444 1815 dono

1852 1854 1963 1923 ejus
1987 1852 2006 1926 (
2023 1853 2076 1908 2.
2107 1852 2225 1907 Cor.
2253 1852 2306 1907 9.
2336 1851 2458 1936 15.).
2487 1851 2669 1923 Neque
2693 1852 2835 1908 enim
2866 1866 3047 1907 sermo
3073 1852 3246 1916 ullus,
3271 1867 3445 1923 neque

1853 1960 2006 2002 mens
2022 1946 2127 2002 ulla
2143 1945 2235 2001 Dei
2253 1945 2636 2015 providentiam
2655 1945 2848 2016 poterit
2862 1944 3443 2016 exprimere.Propter-»

1858 2053 1923 2094 ea
1948 2037 2033 2093 hic
2057 2037 2269 2108 quidem
2285 2035 2696 2092 inenarrabilem
2715 2035 2859 2091 illam
2875 2036 2951 2090 ait
2968 2050 3111 2103 esse,
3130 2034 3446 2091 alibiautem

1854 2138 1908 2185 et
1928 2138 2161 2185 mentem
2187 2136 2425 2185 nostram
2454 2126 2896 2198 exsuperare.,sic
2921 2125 3104 2181 dicens
3132 2143 3146 2180 :
3176 2124 3293 2180 Paa:
3316 2124 3442 2193 Dei,

1853 2238 1967 2292 qua:
1995 2231 2261 2288 exsuperat
2298 2237 2495 2276 omnem
2521 2228 2766 2287 mentem,
2799 2219 3045 2275 custodiet
3081 2219 3237 2275 corda
3256 2229 3443 2275 uestra.

1857 2314 2041 2387 (ΡΙιὶι.
2069 2317 2125 2373 t.
2158 2316 2246 2387 7).

1929 2429 2067 2484 Deus
2087 2446 2184 2483 non
2201 2446 2316 2484 cum
2337 2430 2425 2484 dat
2445 2428 2614 2496 modo,
2632 2429 2722 2484 sed
2744 2428 2895 2483 etiam
2922 2444 3036 2482 cum
3055 2430 3243 2500 aufert,
3266 2426 3445 2482 bonus.

1855 2551 1924 2562 —
1946 2521 2050 2578 Sed
2074 2520 2215 2591 quod
2237 2520 2501 2587 dicebam,
2520 2520 2625 2576 duo
2645 2519 2858 2590 quidem
2882 2518 3137 2573 hactenus
3151 2516 3448 2573 defensioni

1857 2613 2056 2685 reperti
2082 2622 2206 2668 sunt
2251 2612 2439 2668 modi:
2470 2626 2609 2668 unus
2632 2652 2647 2677 ,
2679 2610 2820 2682 quod
2864 2626 2971 2666 non
3017 2610 3155 2665 Deus
3191 2609 3445 2679 ejecerit,

1857 2705 1953 2763 sed
1992 2720 2090 2760 nos
2131 2705 2469 2761 amiserimus
2510 2723 2523 2758 :
2568 2703 2868 2770 secundus,
2912 2701 3054 2773 quod
3100 2701 3248 2770 plura
3287 2716 3448 2772 quam

1858 2801 2069 2857 fuerant
2088 2815 2118 2854 a
2140 2798 2295 2854 nobis
2321 2800 2538 2865 amissa,
2564 2798 2615 2852 in
2647 2812 2746 2851 nos
2771 2796 2964 2850 collata
2990 2794 3098 2849 sint
3125 2794 3264 2848 bona
3289 2809 3303 2848 :
3327 2794 3448 2848 volo

1860 2901 2035 2946 autem
2067 2900 2121 2945 et
2150 2891 2364 2945 tertium
2389 2889 2592 2944 dicere.
2620 2887 2751 2954 Quis
2778 2901 2906 2957 ergo
2928 2888 3114 2941 tertius
3142 2885 3268 2941 est?
3295 2882 3450 2952 Quod

1859 2983 2108 3037 nimirum
2136 2981 2344 3037 etiamsi
2370 2979 2574 3050 majora
2601 2994 2760 3049 quam
2788 2977 2999 3033 fuerant
3021 2977 3237 3043 amissa,
3266 2984 3451 3046 postea

1858 3090 1967 3129 non
1998 3073 2255 3139 dedisset,
2288 3072 2385 3128 sed
2415 3087 2532 3141 quae
2557 3069 2681 3125 data
2709 3068 2941 3134 fuerant,
2972 3076 3176 3124 tantum
3203 3068 3451 3123 abstulis-

1860 3176 1962 3231 set,
1985 3181 2105 3221 cum
2128 3179 2227 3219 nos
2246 3179 2460 3219 causam
2481 3162 2812 3217 dedissemus
2834 3159 2970 3227 (hoc
2990 3159 3130 3214 enim
3153 3156 3409 3228 addatur)
3430 3174 3447 3211 :

1861 3256 1963 3312 hoc
1990 3271 2200 3327 quoque
2228 3254 2526 3310 sull'ecisset
2555 3268 2715 3307 unum
2758 3251 2826 3306 ad
2866 3252 3031 3321 ipsius
3065 3249 3450 3321 providentiam

1861 3360 1916 3406 et
1943 3364 2125 3405 curam
2155 3362 2281 3418 erga
2324 3362 2422 3402 nos
2460 3342 2868 3402 ostendendam.
2910 3342 3092 3412 Neque
3136 3342 3280 3397 enim
3310 3341 3451 3412 quod

1861 3445 1952 3499 det
1979 3452 2180 3498 tantum
2202 3484 2217 3510 ,
2241 3441 2337 3497 sed
2373 3441 2533 3495 etiam
2565 3437 2706 3509 quod
2746 3452 2864 3507 quae
2901 3435 3022 3490 data
3059 3444 3185 3493 sunt
3209 3434 3448 3498 auferat,

1863 3537 2110 3593 maxima:
2135 3535 2405 3606 specimen
2434 3546 2542 3602 prae
2567 3545 2625 3585 se
2654 3530 2755 3585 fert
2778 3527 3141 3599 benignitatis.
3169 3527 3245 3581 Ac
3270 3528 3314 3580 si
3340 3525 3453 3595 pla-

1862 3637 1981 3695 cet,
2013 3642 2077 3682 ex
2117 3640 2367 3681 sermone
2394 3623 2461 3679 de
2490 3621 2734 3692 paradiso
2779 3619 2829 3675 id
2860 3618 3145 3675 ostendere
3178 3616 3454 3689 aggredia-

1863 3735 2005 3775 mur.
2027 3716 2339 3773 Paradisum
2366 3714 2608 3780 dederat,
2644 3713 2745 3767 hoc
2773 3711 2941 3781 ipsius
2968 3724 3109 3765 cura:
3139 3707 3240 3762 fuit
3268 3725 3280 3760 :
3311 3707 3452 3761 indi-

1863 3812 1953 3883 gni
1977 3810 2081 3866 hoc
2110 3824 2330 3864 munere
2357 3807 2457 3862 visi
2486 3819 2692 3870 sumus,
2719 3804 2823 3859 hoc
2850 3814 3045 3858 nostra:
3072 3801 3168 3855 fuit
3193 3800 3452 3869 improbi-

1864 3903 1987 3958 tatis
2017 3918 2029 3955 :
2057 3901 2281 3957 abstulit
2322 3914 2517 3953 munus
2564 3897 2668 3950 illis
2689 3936 2705 3961 ,
2737 3895 2825 3964 qui
2878 3893 3077 3963 indigni
3123 3900 3402 3946 evaserant
3436 3907 3450 3942 :

1866 3993 1969 4049 hoc
2008 3990 2437 4062 ipsius-bonitati
2479 3984 2820 4042 tribuendum
2863 3990 2965 4039 est.
2997 3983 3063 4036 Et
3089 3997 3208 4051 quas
3239 3980 3451 4036 tandem

1867 4088 1982 4142 lucc
2009 4086 2221 4142 bonitas
2241 4093 2324 4138 est
2348 4098 2462 4138 rem
2490 4081 2666 4136 datam
2694 4077 2948 4133 auferre?
2975 4076 3318 4143 Exspecta,et
3338 4088 3456 4127 om-

1866 4178 1996 4233 nino
2019 4175 2225 4232 audies.
2252 4173 2439 4243 Cogita
2466 4185 2694 4238 namque
2716 4169 2834 4239 quis
2864 4165 3072 4221 futurus
3095 4164 3278 4218 fuisset
3299 4162 3451 4227 Cain,

1866 4269 1913 4324 si
1950 4276 2075 4340 post
2118 4264 2463 4320 homicidium
2507 4264 2558 4315 in
2598 4259 2845 4331 paradiso
2887 4255 3190 4311 mansisset.
3216 4253 3271 4309 Si
3310 4252 3453 4308 enim

1867 4374 1988 4416 cum
2018 4359 2084 4414 ab
2114 4357 2200 4412 illa
2246 4353 2573 4410 habitatione
2614 4350 2899 4407 excidisset
2923 4390 2938 4414 ,
2973 4349 3016 4401 si
3044 4346 3109 4401 ad
3146 4346 3378 4401 laborem
3400 4354 3454 4400 et

1868 4467 2132 4509 aerumnas
2154 4451 2438 4505 damnatus
2457 4455 2511 4502 et
2536 4445 2723 4501 mortis
2749 4444 2920 4498 minas
2941 4443 3152 4496 intuens
3173 4440 3458 4495 imminen-

1870 4557 1972 4614 tes,
2004 4546 2048 4601 si
2074 4559 2193 4600 cum
2219 4550 2342 4597 ante
2370 4539 2558 4595 oculos
2582 4536 2810 4609 positam
2841 4534 3074 4604 parentis
3100 4532 3457 4588 calamitatem

1872 4639 2169 4693 haberetet
2195 4634 2403 4702 objecta
2436 4629 2660 4700 pedibus
2696 4627 2807 4681 suis
2842 4625 2934 4680 irae
2965 4623 3055 4679 Dei
3087 4622 3306 4693 vestigia
3338 4636 3460 4677 cer-

1870 4741 2045 4799 neret,
2083 4745 2146 4785 ac
2183 4728 2342 4782 tantis
2371 4725 2526 4780 malis
2552 4724 2941 4789 circumseptus
2965 4725 3142 4778 esset.
3174 4717 3227 4771 in
3258 4724 3459 4770 tantam

1869 4823 2045 4894 erupit
2074 4818 2468 4891 improbitatem
2494 4857 2508 4879 ,
2541 4824 2601 4869 ut
2628 4825 2870 4867 naturam
2904 4811 3188 4879 ignoraret,
3213 4818 3460 4859 commu-

1872 4914 2047 4970 nionis
2073 4923 2256 4983 partus
2286 4909 2711 4970 oblivisceretur,
2744 4916 2888 4968 eum,
2915 4915 2944 4952 a
2976 4912 3080 4969 quo
3108 4897 3255 4951 nulla
3289 4894 3462 4950 fuerat

1872 5005 2094 5062 aii‘ectus
2119 5001 2329 5071 injuria,
2360 5005 2594 5063 necaret,
2628 4995 2915 5049 fraternum
2948 4987 3256 5059 sanguinem
3282 4984 3463 5040 funde-

1876 5106 1993 5166 ret,
2021 5097 2296 5152 dexteram
2323 5095 2648 5153 cruentaret,
2674 5097 2903 5154 cumque
2928 5082 3070 5137 Deus
3096 5078 3244 5133 illum
3271 5076 3464 5133 admo-

1874 5195 2031 5244 neret
2079 5195 2139 5241 ut
2182 5184 2501 5256 quiesceret,
2549 5192 2655 5233 non
2700 5182 2947 5246 pareret,
2989 5170 3081 5227 sed
3129 5169 3463 5226 conditorem

1874 5296 2030 5338 suum
2057 5278 2253 5349 probro
2282 5274 2557 5339 afficeret,
2587 5267 2894 5340 parentibus
2921 5264 3262 5337 ignominiam
3295 5261 3463 5317 infer-

1875 5382 1995 5439 ret,
2024 5369 2115 5425 hic
2150 5369 2195 5423 si
2237 5367 2291 5423 in
2334 5364 2582 5436 paradiso
2609 5370 2854 5417 versatus
2891 5358 3077 5414 fuisset
3098 5398 3115 5424 ,
3143 5353 3384 5426 expende
3409 5354 3464 5408 in

1876 5471 2128 5535 quantam
2159 5457 2451 5530 nequitiam
2496 5454 2841 5526 prorupisset.
2880 5451 3013 5507 Nam
3059 5450 3104 5505 si
3146 5458 3252 5503 tam
3283 5445 3464 5535 multis

1877 5532 2039 5611 frenis
2064 5551 2307 5622 injectis,
2335 5556 2414 5603 tot
2439 5547 2629 5604 letales
2657 5544 2822 5602 saltus
2847 5543 3028 5609 dedit,
3056 5538 3103 5596 si
3129 5537 3322 5594 sublati
3342 5532 3469 5615 obi-

1941 5775 1960 5808 ³
1994 5778 2124 5823 tinus
2142 5769 2296 5833 (1011).,
2320 5766 2524 5833 capiant-
