4066 6422
327 344 437 397 249

331 464 426 517 καὶ
454 460 522 515 τά
553 458 734 530 τειχία
784 456 956 510 ταῦτα
988 454 1250 526 ἀνῄρητο,
1311 450 1416 506 ποῦ
1466 452 1566 507 οὐκ
1592 453 1678 522 ,ἂν
1713 452 1903 507 ἐαυτὸν

329 550 732 621 κατεκρήμνισε
751 564 767 612 ς

400 638 589 693 Βούλει
620 636 714 691 καὶ
747 633 855 688 ἀπὸ
892 633 991 703 τῆς
1031 630 1224 684 τούτου
1260 628 1468 700 μητρὸς
1519 628 1744 697 μαθεῖν,
1783 627 1906 682 δστν

331 726 533 796 ἀγαθὸν
553 725 745 793 γέγονε
774 721 834 774 τὸ
863 720 963 791 τῆς
988 718 1081 773 τοῦ
1130 717 1461 789 παραδείσου
1510 715 1720 787 διαίτης
1746 717 1908 768 ἐκπε-

334 818 486 880 adv;
528 811 809 876 Ὲξέτασον
853 809 935 872 τίς
966 803 1035 878 ἦν
1065 808 1098 876 ἡ
1143 805 1257 858 Εὕα
1297 805 1403 876 πρὸ
1454 803 1667 867 τούτου,
1695 804 1794 859 καὶ
1826 800 1909 864 τίς

332 902 544 972 ἐγένετο
579 896 720 969 μετά
756 896 948 950 ταῦτα.
990 893 1103 965 Πρὸ
1134 892 1322 946 τούτου
1353 891 1451 961 μὲν
1492 891 1584 943 τὸν
1619 888 1909 942 ἀπατεῶνα

332 987 593 1050 διάϐολον,
614 985 707 1039 τὸν
737 983 971 1055 πονηρὸν
993 981 1221 1051 δαίμονα
1242 982 1446 1034 ἐκεῖνον
1473 977 1910 1047 ἀξιοπιστότερον

333 1072 473 1130 εἶναι
503 1073 718 1145 ἐνόμισε
736 1070 845 1123 τῶν
876 1068 969 1122 τοῦ
992 1067 1127 1122 Θεοῦ
1162 1066 1597 1136 προσταγμάτων
1618 1104 1633 1129 ,
1670 1062 1764 1116 καὶ
1801 1062 1910 1116 ἀπὸ

332 1164 494 1234 ψιλῆς
518 1160 693 1230 ὅψεως
710 1159 805 1211 τοῦ
830 1156 1048 1225 δένδρου
1070 1153 1418 1224 κατεπάτησε
1446 1152 1537 1206 τὸν
1578 1150 1706 1223 παρ’
1744 1148 1908 1203 αὑτοῦ

335 1252 559 1306 τεθέντα
602 1248 801 1318 νόμον·
836 1242 1101 1313 ἐπειδὴδέ
1134 1242 1359 1306 ἐξέπεσε
1408 1239 1502 1292 τοῦ
1556 1238 1906 1309 παραδείσου,

337 1340 527 1394 σκόπει
549 1336 668 1399 πῶς
701 1333 923 1405 βελτίων
954 1331 1173 1399 ἐγένετο
1211 1329 1306 1382 καὶ
1349 1324 1793 1397 σωφρονεστέρα·
1823 1342 1912 1378 τεο

333 1427 506 1482 κοῦσα
529 1423 640 1495 γάρ
665 1422 802 1487 υἱὸν,
836 1418 1001 1491 φησίν
1017 1436 1032 1452 ·
1074 1416 1456 1485 Ἐκτησάμην
1482 1414 1796 1481 ἄνθρωπον
1813 1412 1913 1466 διὰ

335 1518 443 1572 τοῦ
484 1513 651 1570 Θεοῦ.
696 1511 822 1565 Ἐπὶ
858 1508 950 1562 τὸν
1001 1507 1277 1577 Δεσπότην
1304 1503 1505 1567 εὐθέως
1533 1502 1839 1573 κατέφυγεν
1874 1503 1908 1571 ἡ

334 1604 426 1661 τοῦ
448 1602 718 1656 Δεσπότου
762 1597 871 1669 πρὸ
896 1594 1089 1649 τούτου
1120 1592 1601 1663 καταφρονήσασα,
1650 1590 1744 1643 καὶ
1792 1588 1913 1659 οὐχὶ

335 1696 402 1766 τῇ
430 1690 589 1762 φύσει
620 1687 683 1741 τὸ
704 1687 935 1757 πρᾶγμα
961 1682 1256 1766 λογίζεται,
1289 1680 1411 1732 οὐδὲ
1444 1678 1592 1749 νόμῳ
1617 1676 1797 1747 γάμου
1822 1676 1911 1728 τὸν

335 1764 493 1835 τόκον
527 1774 844 1845 ἀνατίθησιν
869 1790 883 1804 ·
923 1770 1037 1825 ἀλλ’
1071 1765 1179 1823 οἶδε
1209 1768 1301 1820 τὸν
1333 1766 1433 1836 τῆς
1461 1766 1675 1834 φύσεως
1709 1764 1912 1816 Δεσπό-

336 1886 457 1941 την,
484 1865 722 1935 κάκείνῳ
761 1862 992 1933 χάριτας
1020 1856 1160 1928 ὑπὲρ
1187 1854 1286 1925 τῆς
1328 1854 1424 1906 τοῦ
1474 1852 1686 1941 παιδίου
1715 1851 1915 1941 γεννή-

341 1939 478 2021 σεως
501 1954 769 2026 ὁμολογεῖ.
804 1949 915 2004 Καὶ⁸
948 1950 982 2019 ἡ
1022 1946 1129 2019 πρὸ
1159 1944 1352 1998 τούτου
1371 1942 1460 1996 τὸν
1484 1940 1652 2011 ἄνδρα
1702 1939 1913 2008 ἀπατή-

340 2062 501 2109 σασα,
536 2042 763 2111 ὕστερον
798 2038 894 2093 καὶ
919 2036 981 2090 τὸ
1007 2034 1219 2088 παιδίον
1242 2030 1554 2092 ἐπαίδευσε,
1604 2028 1700 2081 καὶ
1745 2026 1914 2095 ὄνομα

339 2129 644 2202 ἐπιτίθησιν
684 2124 833 2196 αὐτῷ
865 2123 925 2177 τὸ
976 2121 1273 2191 δυνάμενον
1303 2116 1434 2170 αὐτὸ
1476 2117 1557 2178 είς
1612 2113 1916 2202 ὑπόμνησιν

339 2219 492 2288 ἄγειν
522 2199 622 2287 τῆς
648 2213 742 2270 τοῦ
771 2208 906 2267 Θεοῦ
939 2209 1148 2280 δωρεᾶς
1167 2223 1181 2239 ·
1205 2205 1303 2260 καὶ
1329 2204 1493 2258 πάλιν
1521 2203 1708 2288 ἕτερον
1735 2199 1919 2288 τεκοῦῖ

340 2283 431 2369 σα,
478 2283 641 2375 φησίν
658 2317 671 2332 ο
736 2293 1145 2363 Ἐξανέστησέ
1169 2311 1272 2362 μοι
1292 2295 1325 2347 ό
1353 2291 1496 2355 Θεὸς
1520 2287 1759 2356 σπέρμα
1783 2283 1917 2341 ἀντὶ

346 2396 536 2457 Ἅϐελ,
556 2392 628 2447 ὃν
646 2389 956 2446 ἀπέκτεινε
976 2383 1143 2439 Κάϊν.
1170 2383 1459 2451 Μέμνηται
1485 2379 1583 2448 τῆς
1610 2375 1917 2445 συμφορᾶς,

343 2481 561 2536 καὶούκ
590 2477 953 2533 ἀποδυσπετεῖ
984 2472 1046 2527 τὸ
1075 2472 1322 2539 γύναιον.
1355 2465 1468 2519 ἀλλ’
1498 2462 1813 2534 εὐχαριστεῖ
1844 2457 1922 2530 τῷ

208 2563 229 2574 “
340 2568 459 2638 Θεῷ
490 2566 669 2631 πάλιν,
698 2565 792 2618 καὶ
819 2562 881 2617 τὸ
905 2558 1115 2614 παιδίον
1142 2555 1252 2609 ἀπὸ
1276 2554 1374 2624 τῆς
1398 2552 1606 2621 δωρεᾶς
1632 2546 1923 2638 καλεῖεδι-

339 2633 513 2729 ηνεκῆ
547 2653 860 2724 παρέχουσα
890 2647 1039 2717 αὐτῷ
1077 2642 1427 2704 διδασκαλίας
1464 2640 1741 2693 ὑπόθεσιν.
1767 2633 1924 2729 (λῦτω

342 2722 437 2800 καὶ
465 2722 521 2797 ἐν
548 2722 701 2810 αὐτῷ
719 2739 799 2809 τῷ
820 2733 1112 2806 ἀφελέσθαι
1149 2731 1370 2802 μείζονα
1411 2728 1706 2799 ἐχαρίσατο
1732 2726 1761 2778 ό
1792 2722 1925 2785 Θεὸς

344 2830 559 2902 ἀγαθά·
601 2827 824 2893 ἐξέπεσε
859 2821 955 2876 τοῦ
989 2819 1319 2889 παραδείσου
1352 2818 1386 2886 ή
1431 2813 1590 2884 γυνὴ,
1612 2812 1759 2902 ,ἀλλά
1789 2812 1926 2902 πρὸς

345 2898 676 2987 θεογνωσίαν
728 2906 1145 2981 ἐχειραγωγήθη
1205 2904 1292 2957 διὰ
1329 2904 1427 2973 τῆς
1479 2900 1729 2987 ἐκϐολῇς,
1785 2898 1925 2951 ὥστε

349 2982 534 3079 μεῖξον
558 2997 735 3072 εὗρεν,
766 3000 799 3069 ἢ
837 2996 1109 3050 ἀπώλεσε.
1135 2994 1244 3047 Καὶ
1266 2992 1315 3043 εί
1353 2990 1626 3079 χρήσιμον
1645 2982 1736 3079 ᾖν,
1770 2987 1924 3079 φησὶ,

346 3073 406 3146 τὸ
426 3092 677 3145 ἐκπεσεῖν
704 3086 799 3139 τοῦ
829 3081 1182 3151 παραδείσου,
1205 3079 1347 3140 τίνος
1362 3078 1547 3130 ἐνεκεν
1578 3074 1745 3127 ἐδίδου
1777 3073 1930 3142 παρά

347 3183 446 3249 τὴν
479 3177 653 3249 ἀρχὴν
686 3176 775 3227 τὸν
811 3170 1136 3242 παράδεισον
1171 3170 1199 3219 ό
1239 3165 1402 3229 Θεός;
1430 3162 1730 3233 Χρησίμως
1772 3160 1929 3249 τοῦτο

348 3248 439 3319 διά
464 3248 564 3335 τὴν
606 3259 897 3334 ρᾳθυμίαν,
926 3256 1201 3327 ἄνθρωπε,
1234 3252 1449 3315 ἐγένετο
1478 3250 1575 3320 τὴν
1614 3248 1888 3318 ἡμετέραν
1911 3262 1925 3276 ⁸

348 3356 424 3417 ώς
455 3354 508 3407 εἴ
537 3369 600 3421 γε
627 3352 913 3422 προσεῖχον
934 3347 1145 3406 ἑαυτοῖς
1168 3345 1364 3396 ἐκεῖνοι
1402 3340 1496 3393 καὶ
1527 3340 1617 3391 τὸν
1656 3336 1930 3405 Δεσπότην

350 3443 739 3511 ἐπεγίνωσκον,
780 3437 873 3490 καὶ
913 3434 1209 3503 σωφρονεῖν
1232 3431 1531 3501 ἠπίσταντο
1577 3428 1671 3480 καὶ
1710 3424 1933 3497 μετριά-

352 3536 483 3599 ζειν,
511 3530 728 3601 ἔμειναν
760 3524 825 3579 ἂν
844 3527 935 3577 ἐπὶ
967 3524 1066 3593 τῆς
1100 3520 1267 3591 τιμῆς
1297 3538 1309 3551 ·
1343 3519 1531 3588 ἐπειδὴ
1556 3518 1612 3569 δέ
1641 3515 1931 3588 ἐξύϐρισαν

352 3623 431 3683 είς
463 3618 558 3688 τὴν
582 3615 826 3668 δοθεῖσαν
845 3610 1074 3682 δωρεὰν,
1096 3606 1400 3679 τηνικαῦτα
1427 3607 1695 3678 χρήσιμον
1718 3604 1933 3672 ἐγένετο

352 3709 413 3763 τὸ
461 3704 815 3777 ἐκϐληθῆναι.
859 3700 1016 3763 Τίνος
1061 3693 1152 3753 οὖν
1194 3698 1380 3749 ἕνεκεν
1428 3694 1577 3764 παρὰ
1613 3695 1712 3763 τὴν
1760 3693 1932 3764 ἀρχὴν

356 3797 555 3850 ἔδωκεν
584 3797 611 3847 ὁ
644 3793 811 3854 θεόςς
847 3789 961 3840 Ἰνα
991 3789 1089 3857 τὴν
1137 3785 1344 3838 οἰκείαν
1370 3782 1704 3852 ἐπιδιίξηται
1748 3780 1934 3849 φιλαν-

358 3884 624 3957 θρωπίαν,
654 3880 746 3935 καὶ
777 3880 858 3932 ὃτι
886 3876 1046 3940 αὐτὸς
1079 3875 1174 3945 μὲν
1213 3870 1626 3943 παρεσκεύαστο
1656 3868 1790 3940 πρὸς
1821 3866 1937 3937 μεί-

359 3949 488 4033 ζονα
516 3964 678 4035 τιμὴν
704 3964 854 4030 ἄγειν
873 3960 1016 4030 ἡμᾶς
1045 3958 1153 4019 ἀεὶ,
1194 3958 1354 4026 ἡμεῖς
1379 3953 1434 4005 δέ
1466 3952 1626 4005 αἴτιοι
1661 3949 1933 4019 πανταχοῦ

358 4050 468 4102 τῶν
500 4034 771 4102 κολάσεων
797 4044 891 4095 καὶ
912 4041 1021 4093 τῶν
1036 4038 1336 4109 τιμωριῶν,
1366 4036 1683 4097 ἐκϐαλόντες
1711 4034 1937 4095 ἐαυτοὺς

359 4135 447 4187 διὰ
489 4131 757 4203 ῥᾳθυμίας
790 4127 896 4181 τῶν
920 4124 1215 4193 δεδομένων
1240 4123 1370 4192 ἡμῖν
1393 4118 1637 4203 ἀγαθῶν..
1672 4116 1936 4203 Καθάπερ

358 4214 455 4271 οὖν
489 4200 672 4283 πατὴρ
704 4211 1056 4281 φιλόστοργος
1086 4205 1237 4275 παρὰ
1263 4203 1363 4273 μέν
1392 4202 1488 4272 τὴν
1514 4200 1687 4270 ἀρχὴν
1714 4200 1938 4283 ἀφίησιν

364 4300 460 4355 ἐπὶ
495 4298 594 4367 τῆς
623 4282 797 4357 οἰκίας
818 4293 906 4346 τὸν
932 4291 1096 4344 παῖδα
1120 4289 1210 4341 τὸν
1250 4286 1444 4340 ἐαυτοῦ
1472 4283 1802 4354 διατρίϐειν,
1847 4282 1940 4335 καὶ

363 4383 474 4437 τῶν
525 4365 795 4450 πατρῴων
841 4373 1135 4429 ἀπολαύειν
1179 4371 1463 4425 ἁπάντων
1514 4366 1731 4419 ἐπειδάν
1764 4366 1820 4419 δὲ
1856 4365 1938 4435 ἴδῃ

365 4466 567 4536 φαῦλον
590 4448 656 4533 τῇ
691 4463 823 4532 τιμῇ
847 4457 1213 4528 γεγενημένον
1235 4495 1249 4519 ,
1293 4454 1495 4521 ἀπάγει
1531 4451 1631 4521 τῆς
1660 4448 1940 4536 τραπέζης

365 4531 462 4604 καὶ
485 4531 767 4617 πόρρωθεν
790 4531 887 4615 τῆς
910 4544 1119 4604 οἰκείας
1148 4539 1324 4609 ὅψεως
1347 4536 1658 4604 καθίστησι,
1682 4531 1941 4617 πολλάκις

364 4634 420 4687 δέ
455 4615 739 4698 καὶ-αὐτῆς
769 4627 1019 4682 ἐκϐάλλει
1044 4625 1143 4695 τῆς
1166 4621 1421 4693 πατρῴας
1453 4617 1600 4692 [252]
1632 4617 1830 4679 οἰκίας.
1856 4615 1943 4669 ἶνα

366 4713 619 4771 ἐκπεσὼν
656 4715 861 4774 ἐκεῖνος
895 4710 991 4763 καὶ
1026 4707 1246 4778 βελτίων
1293 4704 1584 4773 γενόμενος
1602 4702 1721 4763 ταῖς
1755 4698 1942 4769 ὕϐρεσι

367 4798 595 4861 ταύταις
615 4795 709 4849 καὶ
738 4797 857 4856 ταῖς
905 4790 1169 4860 ἀτιμίαις,
1199 4787 1348 4854 ἀξιον
1392 4786 1582 4840 ἐαυτὸν
1615 4784 1870 4854 ἀποφήνῃ
1916 4794 1943 4823 ι

369 4882 467 4953 τῆς
488 4880 748 4936 ἐπανόδου
773 4877 955 4939 πάλιν,
974 4873 1178 4927 καὶτὸν
1206 4870 1460 4942 πατρῷον
1487 4869 1794 4939 διαδέξηται
1821 4868 1948 4953 κλῆ-

375 4952 466 5037 ρον
485 4982 500 4997 ⁸
539 4963 684 5018 οὕτω
712 4963 807 5016 καὶ
829 4963 858 5014 ὁ
884 4959 1016 5021 Θεὸς
1038 4956 1314 5027 ἐποίησεν.
1343 4954 1551 5037 Ἔδωκε
1569 4953 1645 5023 τῷ
1674 4952 1947 5037 ἀνθρώπῳ

369 5035 462 5103 τὸν
494 5047 820 5119 παράδεισον
840 5061 853 5074 ·
886 5041 1104 5109 ἀνάξιον
1139 5039 1380 5109 φανέντα
1431 5036 1706 5101 ἐξέϐαλεν,
1740 5037 1828 5091 ἵνα
1860 5035 1949 5090 διά

370 5134 473 5203 τῆς
501 5132 605 5198 ἐξω
628 5129 912 5203 διατριϐῆς
944 5126 1040 5183 καὶ
1069 5124 1170 5194 τῆς
1215 5122 1440 5193 ἀτιμίας
1476 5121 1698 5191 βελτίων
1730 5120 1950 5190 γενόμε-

372 5233 462 5280 νος
490 5218 583 5269 καὶ
618 5212 1076 5284 σωφρονέστερος,
1096 5209 1245 5274 ἄξιος
1271 5208 1410 5276 φανῇ
1434 5207 1533 5275 τῆς
1561 5204 1820 5259 ἐπανόδου
1845 5204 1949 5257 πάρ

370 5298 478 5352 λιν.
535 5296 754 5367 Ἐπειδὴ
805 5295 981 5348 τοίνυν
1039 5291 1177 5363 μετά
1216 5289 1389 5342 ταῦτα
1437 5286 1662 5358 βελτίων
1710 5287 1947 5355 ἐγένετο,

378 5382 642 5449 ἐπανάγει
665 5380 824 5434 πάλιν
840 5380 1022 5441 αὑτὸν,
1046 5377 1139 5432 καί
1174 5394 1305 5447 φησι
1327 5392 1339 5406 ·
1364 5374 1632 5444 Σήμερον
1652 5375 1779 5444 μετ’
1804 5372 1950 5443 ἐμοῦ

380 5469 495 5534 ἔσῃ
522 5465 593 5518 ἐν
620 5462 700 5530 τῷ
731 5462 1091 5530 παραδείσῳ.
1137 5461 1300 5531 Ὁρᾷς
1331 5460 1412 5511 ὅτι
1449 5458 1510 5510 οὐ
1544 5459 1605 5511 τὸ
1640 5456 1824 5512 δοῦναι
1860 5457 1951 5511 τὸν

382 5548 734 5621 παράδεισον,
780 5546 916 5599 ἀλλά
960 5546 1054 5599 καὶ
1085 5544 1147 5598 τὸ
1180 5542 1428 5598 ἐκϐαλεῖν
1466 5541 1561 5596 τοῦ
1599 5541 1949 5613 παραδείσου,

376 5637 477 5709 τῆς
504 5635 765 5707 μεγίστης
794 5631 1119 5705 κηδεμονίας
1142 5628 1209 5704 ἦν
1230 5649 1245 5700 ;
1270 5633 1317 5686 εἱ
1354 5631 1428 5703 μὴ
1457 5629 1567 5701 γάρ
1595 5629 1819 5696 ἐξέπεσε
1855 5629 1949 5684 τοῦ

448 5779 474 5802 ⁸
495 5769 629 5822 ωδ.
651 5768 890 5832 ἀποδείξῃ.

1112 334 1470 391 DzﬁMONES
1508 332 1645 389 NON
1685 332 2116 390 GUBERNARE
2156 335 2482 396 MUNDUM.
2523 336 2760 394 llOMIL.
2800 339 2839 395 ί.

3478 347 3583 405 250

2023 453 2392 523 παραδείσου,
2437 457 2537 510 οὐκ
2579 454 2646 510 ἂν
2694 457 2866 527 ἐφάνη
2922 455 3020 511 τεῦ
3062 457 3386 529 παραδείσου
3426 459 3585 518 πάλιν

2012 539 2182 604 ἄξιος.

2086 627 2148 682 δ’.
2175 629 2375 683 Τοῦτον
2392 629 2572 685 τοίνυν
2589 630 2879 694 διαπαντὸς
2892 630 3151 702 τηρῶμεν
3167 631 3259 685 τὺν
3274 633 3450 701 λόγον,
3468 633 3586 687 τοῦ-

2016 732 2108 771 τον
2132 718 2226 771 καὶ
2246 718 2339 771 ἐπὶ
2367 720 2467 789 τῆς
2496 717 2882 789 προκειμένης,
2913 720 2962 771 εί
3003 718 3275 789 βούλεσθε,
3305 721 3589 791 γυμνάσω-

2021 823 2120 877 μεν
2154 806 2483 870 ὑποθέσεως.
2516 808 2723 863 Ἔδωκε
2757 808 2939 880 φωνὴν
2967 808 3152 879 κοινὴν
3190 809 3358 863 ἆπασι
3380 825 3393 839 ’
3434 808 3591 862 τοῦτο

2016 893 2117 962 τῆς
2170 892 2333 945 αὑτοῦ
2387 894 2812 966 φιλανθρωπίας.
2865 897 2978 950 Οὐκ
3011 897 3313 967 ἐχρήσαντο
3351 898 3430 959 είς
3473 897 3591 949 δέον

2022 980 2221 1032 ἐκεῖνοι
2248 980 2325 1050 τῷ
2353 980 2531 1053 δώρῳ,
2568 983 2704 1036 ἀλλά
2739 983 2876 1054 πρὸς
2909 983 3089 1038 ἄνοιαν
3123 983 3397 1048 ἐξέκλιναν
3429 984 3591 1053 ἐσχά-

2019 1086 2119 1140 την
2135 1086 2148 1100 ·
2179 1070 2430 1138 ἀφείλετο
2452 1076 2511 1123 τὸ
2535 1072 2686 1125 δοθὲν
2707 1073 2887 1128 πάλιν.
2912 1074 2973 1126 Εἰ
2995 1074 3104 1144 γάρ
3132 1074 3320 1146 ἐπειδὴ
3341 1073 3592 1141 γλῶσσαν

2019 1152 2166 1226 εἶχον
2203 1157 2350 1227 μίαν,
2390 1159 2468 1221 είς
2499 1159 2766 1229 τοσαύτην
2804 1159 3059 1224 ἐξέπεσον
3091 1159 3310 1223 ἄνοιαν,
3345 1161 3420 1224 ώς
3466 1162 3594 1229 βου·

2021 1243 2251 1315 ληθῆναι
2278 1245 2487 1317 πύργον
2516 1247 2619 1309 ἐως
2651 1247 2742 1299 τοῦ
2765 1246 2992 1318 ούρανοῦ
3017 1249 3399 1319 οἰκοδομῆσαι,
3435 1249 3484 1300 εί
3518 1248 3593 1319 μὴ

2022 1333 2367 1404 παραχρῆμα
2418 1333 2810 1405 ἐκολάσθησαν,
2847 1331 2957 1406 ἆρα
3008 1337 3107 1389 οὐκ
3146 1336 3210 1389 ἂν
3242 1336 3596 1407 ἐπεθύμησαν

2022 1420 2119 1474 καὶ
2168 1422 2342 1492 αὐτῆς
2390 1420 2482 1473 τοῦ
2533 1421 2765 1494 ούρανοῦ
2805 1422 2905 1491 τῆς
2936 1423 3182 1493 κορυφῆς
3211 1422 3592 1488 ἐπιλαϐέσθαι;

2018 1507 2084 1560 Τί
2107 1508 2216 1579 γάρ
2236 1526 2251 1575 ;
2274 1509 2336 1562 El
2361 1509 2454 1563 καὶ
2478 1509 2735 1562 ἀδύνατον
2756 1504 2823 1581 ἦν
2853 1509 3100 1576 ἐκείνοις,
3126 1509 3240 1562 ἀλλ’
3256 1511 3402 1581 ὅμως
3420 1512 3483 1562 ἐκ
3497 1510 3597 1580 τῆς

2021 1598 2331 1668 προθέσεως
2355 1600 2422 1652 τά
2443 1600 2540 1669 τῆς
2569 1599 2822 1662 ἀσεϐείας
2844 1599 3025 1662 αὐτοῖς
3051 1598 3399 1669 ἀπηρτίζετο.
3419 1597 3557 1649 "Am:
3566 1614 3599 1667 ρ

2021 1681 2239 1735 ἅπαντα
2274 1682 2522 1753 προορῶν
2552 1685 2579 1735 ὁ
2610 1681 2763 1744 Θεὸς,
2809 1681 2998 1752 ἐπειδὴ
3046 1685 3126 1746 είς
3157 1682 3273 1734 δέον
3298 1683 3396 1734 οὐκ
3429 1682 3599 1752 ἐχρή-

2024 1785 2185 1824 σαντο
2210 1772 2275 1840 τῇ
2305 1770 2604 1840 όμοφωνίᾳ,
2640 1771 2723 1832 είς
2761 1768 2880 1823 δέον
2919 1769 3116 1831 αὐτοὺς
3145 1769 3343 1841 διαιρεῖ
3387 1770 3452 1838 τῇ
3485 1769 3600 1821 δια-

2022 1856 2220 1927 φωνία.
2264 1858 2373 1910 Καὶ
2424 1858 2612 1910 σκόπει
2680 1874 2768 1927 μοι
2811 1858 2914 1927 τὴν
2951 1856 3356 1927 φιλανθρωπίαν
3408 1855 3597 1910 αὑτοῦ.

2034 1944 2212 2009 Ἰδοὺ,
2243 1944 2397 2015 φησι,
2424 1943 2596 2014 φωνὴ
2634 1945 2745 2014 μία
2773 1942 2947 2011 πᾶσι,
2986 1944 3086 1999 καί
3124 1943 3301 1997 τοῦτο
3336 1943 3611 2011 ἤρξαντο,

2023 2046 2292 2103 ποιησαι.

2096 2138 2254 2203 Τίνος
2279 2138 2466 2193 ἐνεκεν
2509 2138 2609 2193 οὐκ
2650 2137 2850 2204 εὐθέως
2886 2134 3051 2211 ἦλθεν
3092 2138 3185 2191 ἐπὶ
3225 2137 3283 2190 τὸ
3324 2137 3603 2207 διατεμεῖν

2024 2227 2122 2299 τὴν
2151 2229 2415 2297 γλῶτταν,
2447 2228 2583 2282 ἀλλά
2626 2228 2888 2300 πρότερον
2931 2228 3309 2297 ἀπολογεῖται,
3352 2226 3605 2299 καθάπερ

2027 2318 2084 2370 ἐν
2144 2317 2477 2388 δικαστηρίῳ
2538 2316 2818 2388 κρίνεσθαι
2867 2317 3107 2388 μέλλων;
3164 2317 3340 2370 καίτοι
3394 2331 3459 2384 γε
3512 2316 3607 2368 ού-

2024 2404 2138 2469 δεὶς
2160 2403 2308 2475 αὐτῷ
2330 2407 2462 2476 ἐρεῖ·
2496 2406 2561 2458 Τί
2593 2406 2884 2475 ἐποίησας;
2908 2404 3045 2458 ἀλλά
3069 2404 3259 2476 κύριός
3287 2406 3405 2457 ἐστι
3429 2403 3607 2459 πάντα

2030 2497 2204 2548 ποιεῖν
2226 2496 2327 2548 ὅσα
2352 2494 2619 2565 βούλεται.
2664 2495 2801 2547 Ἀλλ’
2828 2496 2978 2565 ὅμως
3001 2495 3252 2566 καθάπερ
3281 2495 3490 2565 μέλλων
3513 2496 3605 2548 εὑο

2032 2582 2197 2645 θύνας
2238 2582 2479 2653 ὑπέχειν,
2505 2582 2677 2646 οὕτως
2718 2583 3015 2652 ἀπολογίας
3052 2582 3284 2653 τίθησιν,
3328 2585 3476 2653 ἡμᾶς
3525 2583 3607 2636 δι-

2029 2670 2245 2724 δάσκων
2297 2671 2537 2741 ἡμέρους
2577 2667 2717 2723 εἶναι
2756 2671 2851 2724 καὶ
2880 2669 3316 2743 φιλανθρώπους.
3355 2672 3417 2723 El
3444 2671 3550 2741 γὰρ
3580 2670 3612 2724 δ

2032 2758 2309 2828 Δεσπότης
2332 2761 2445 2821 τοῖς
2471 2757 2675 2821 δούλοις
2709 2758 3079 2826 ἀπολογεῖται,
3112 2758 3400 2812 καὶταῦτα
3424 2759 3614 2828 ἠδικη-

2033 2847 2173 2909 κόσι,
2209 2845 2389 2915 πολλῷ
2414 2845 2609 2917 μᾶλλον
2637 2846 2783 2915 ἡμᾶς
2804 2845 3056 2916 ἀλλήλοις
3083 2846 3466 2915 ἀπολογεῖσθαι
3482 2846 3610 2917 χρὴ.

2036 2933 2140 2986 κᾶν
2164 2932 2233 2985 τά
2270 2934 2499 3002 μέγιστα
2528 2926 2678 3002 ὦμεν
2735 2932 3083 3003 ἠδικημένοι.
3124 2933 3268 3004 Ὅρα
3316 2933 3447 3000 γοῦν
3494 2932 3616 2995 πῶς

2037 3019 2383 3087 ἀπολογεῖται
2404 3036 2419 3050 ο
2452 3019 2598 3072 Ἰδοὺ
2623 3018 2827 3086 χεῖλος
2860 3017 2931 3071 ἓν
2963 3020 3063 3075 καὶ
3101 3019 3271 3087 φωνὴ
3295 3020 3407 3087 μία
3435 3017 3609 3083 πᾶσι,

2039 3107 2194 3177 φησὶ,
2236 3108 2335 3160 καὶ
2375 3106 2547 3159 τοῦτο
2567 3105 2832 3173 ἤρξαντο
2865 3105 3138 3172 ποιῆσαι.
3180 3107 3392 3159 Ὠσανεὶ
3426 3106 3611 3173 ἔλεγε·

2035 3196 2240 3266 Μηδεὶς
2265 3194 2564 3263 ἐγκαλείτω
2592 3211 2681 3264 μοι
2715 3193 2886 3246 ταῦτα
2912 3192 3011 3264 τὴν
3048 3193 3296 3261 γλῶτταν
3330 3192 3615 3262 διατεμνο-

2041 3284 2208 3355 μένην
2243 3283 2403 3352 ὀρῶν,
2448 3282 2638 3352 μηδεὶς
2671 3279 2730 3345 ἐξ
2761 3280 2940 3350 ἀρχῆς
2981 3280 3251 3349 νομιζέτω
3284 3280 3381 3348 τὴν
3411 3279 3617 3347 διαφω-

2038 3372 2158 3425 νίαν
2187 3370 2392 3441 ταύτην
2412 3372 2526 3432 τοῖς
2545 3368 2848 3439 ἀνθρώποις
2867 3366 3433 3436 συγκαταϐεϐλῆσθαι.
3466 3365 3613 3419 Ἰδοὺ

2039 3460 2241 3531 χεῖλος
2275 3458 2342 3511 ἓν
2363 3458 2460 3511 καὶ
2480 3459 2591 3527 μία
2620 3456 2787 3526 φωνὴ
2822 3454 3015 3509 πᾶσιν
3035 3472 3049 3484 ·
3079 3456 3313 3509 ἁλλόύκ
3344 3457 3617 3525 ἐχρήσαν-

2037 3566 2101 3602 το
2126 3550 2207 3611 είς
2242 3548 2359 3601 δέον
2387 3550 2454 3618 τῇ
2488 3546 2685 3617 δωρεᾷ.
2720 3546 2828 3599 Καὶ
2856 3545 2943 3598 ἵνα
2982 3545 3157 3616 μάθῃς
3187 3545 3267 3597 ὅτι
3302 3546 3360 3597 ού
3386 3544 3446 3596 τὸ
3473 3545 3619 3612 γινό-

2045 3653 2206 3709 μενον
2239 3634 2458 3699 κολάζει
2496 3633 2770 3698 τοσοῦτον,
2797 3634 2919 3687 ὅσον
2947 3632 3009 3684 τὸ
3044 3631 3235 3702 μέλλον
3270 3630 3621 3702 προδιορθοῦ-

2042 3743 2153 3790 ται,
2183 3725 2414 3778 ἄκουσον
2440 3725 2541 3793 τῆς
2573 3724 2868 3794 ἐπαγωγῆς
2889 3739 2903 3751 ·
2934 3722 3043 3776 Καὶ
3070 3723 3187 3774 νῦν
3220 3724 3292 3774 οὺ
3312 3721 3398 3789 μὴ
3427 3719 3620 3774 ἐκλεί-

2042 3815 2132 3880 ψῃ
2170 3812 2240 3877 ἐξ
2270 3810 2470 3865 αὐτῶν
2505 3811 2723 3874 πάντα,
2751 3810 2867 3864 ὅσα
2897 3808 2973 3863 ἂν
3004 3808 3315 3863 ἐπιθῶνται
3345 3808 3621 3874 ποιῆσαι.

2050 3905 2116 3954 Ὃ
2146 3901 2201 3953 δέ
2233 3901 2381 3969 λέγει
2412 3900 2651 3953 τοιοῦτόν
2678 3901 2825 3951 ἐστιν
2846 3915 2859 3928 ·
2904 3898 3029 3951 Ἐάν
3065 3898 3139 3967 μὴ
3167 3896 3297 3948 δῶσι
3319 3896 3473 3965 δίκην
3501 3894 3616 3960 νῦν,

2045 3990 2138 4043 καὶ
2167 3988 2275 4040 ἀπὸ
2300 3991 2400 4059 τῆς
2431 3987 2587 4058 ῥίζης
2618 3985 2790 4055 αὐτῆς
2816 3984 2926 4037 τῶν
2958 3982 3370 4055 ἁμαρτημάτων
3405 3983 3624 4051 ἀναχαι-

2044 4075 2321 4142 τισθῶσιν,
2352 4075 2413 4127 οὐ
2442 4076 2726 4144 στήσονται
2748 4074 2845 4143 τῆς
2873 4072 3137 4141 πονηρίας
3161 4069 3394 4139 οὐδαμοῦ
3417 4084 3429 4097 ·
3463 4068 3623 4122 τοῦτο

2046 4166 2153 4236 γάρ
2186 4163 2448 4224 ἐστιν,οὐ
2469 4161 2554 4231 μὴ
2577 4161 2831 4228 ἐκλείψῃ
2849 4159 2917 4221 ἐξ
2939 4154 3137 4211 αὐτῶν
3166 4156 3381 4222 πάντα,
3408 4156 3525 4209 ὅσα
3544 4157 3623 4210 ἂν

2045 4250 2358 4307 ἐπιθῶνται
2387 4248 2661 4317 ποιῆσαι·
2692 4248 2891 4300 ὡσανεὶ
2913 4245 3083 4313 ἔλεγε·
3123 4245 3230 4298 Καὶ
3264 4244 3426 4316 ἐτερα
3456 4260 3627 4316 προσ-

2048 4342 2272 4413 θήσουσι
2316 4337 2539 4409 μείζονα
2587 4336 2938 4406 ἀτοπήματα.
2967 4333 3223 4386 Τοιοῦτον
3250 4332 3358 4403 γὰρ
3388 4333 3421 4403 ή
3457 4350 3624 4403 πονη..

2053 4433 2171 4503 ρία’
2207 4431 2336 4484 ὅταν
2376 4428 2550 4500 ἀρχὴν
2576 4426 2818 4480 λαϐοῦσα
2849 4426 2924 4497 μὴ
2959 4423 3198 4493 κωλυθῇ,
3227 4422 3481 4494 καθάπερ
3512 4422 3627 4494 πῦρ

2052 4519 2184 4589 ῦλης
2226 4516 2377 4589 [255]
2428 4514 2837 4584 ἐπιλαϐόμενον,
2868 4513 3012 4566 οὕτω
3055 4513 3192 4582 πρὸς
3233 4510 3366 4579 ὕψος
3411 4511 3627 4580 ἀνίησιν

2050 4608 2276 4676 ἄφατον.
2325 4605 2490 4675 Ὁρᾷς
2530 4603 2609 4655 ὅτι
2644 4602 2739 4655 καὶ
2768 4600 2829 4653 τὸ
2857 4599 3152 4669 ἀφελέσθαι
3179 4599 3280 4669 τὴν
3314 4598 3629 4669 ὁμοφωνίαν

2052 4690 2466 4767 φιλανθρωπίας
2492 4690 2710 4758 ἐγένετο
2744 4687 2974 4757 πολλῆς;
3017 4685 3270 4739 Ἐνέϐαλε
3293 4687 3401 4756 γάρ
3430 4685 3629 4749 αὐτοὺς

2053 4786 2135 4847 είς
2159 4781 2478 4851 διαφωνίαν,
2508 4778 2594 4833 ἵνα
2634 4777 2708 4849 μὴ
2742 4776 3046 4831 ἐκπέσωσιν
3090 4777 3171 4837 είς
3210 4774 3473 4843 πονηρίαν
3506 4774 3631 4843 μεί-

2055 4874 2204 4939 ζονα.
2242 4870 2443 4925 Τοῦτον
2481 4867 2545 4939 δή
2601 4885 2690 4938 μοι
2720 4866 3023 4935 διατηρεῖτε
3055 4863 3145 4916 τὸν
3174 4862 3353 4930 λόγον,
3395 4860 3491 4914 καὶ
3528 4876 3631 4913 πε-

2056 4961 2251 5031 πηγὼς
2295 4958 2383 5011 ἀεὶ
2418 4957 2549 5028 παρ’
2590 4954 2718 5023 ὑμῖν
2761 4952 2901 5005 ἔστω
2951 4952 3046 5005 καὶ
3090 4950 3366 5020 ἀκίνητος,
3400 4949 3482 5001 ὅτι
3528 4950 3630 5003 οὐκ

2057 5046 2360 5119 εὐεργετῶν
2388 5044 2568 5115 μόνον,
2593 5040 2728 5095 ἀλλά
2760 5039 2854 5091 καὶ
2880 5036 3124 5099 κολάζων
3165 5036 3365 5105 ἀγαθός
3389 5038 3504 5089 ἐστι
3536 5037 3632 5093 καὶ

2058 5136 2437 5207 φιλάνθρωπος
2464 5132 2493 5183 ὁ
2519 5130 2650 5193 Θεός
2669 5145 2684 5159 ·
2717 5128 2811 5181 καὶ
2843 5127 2949 5199 γάρ
2976 5126 3032 5179 αί
3062 5125 3311 5188 κολάσεις
3338 5124 3505 5178 αὐτοῦ
3537 5127 3633 5179 καὶ

2057 5228 2113 5279 αἱ
2144 5222 2405 5293 τιμωρίαι
2465 5218 2721 5289 μέγιστον
2760 5214 3081 5284 εὐεργεσίας
3133 5212 3317 5283 μέρος,
3376 5214 3635 5284 μέγιστον

2058 5309 2317 5380 προνοίας
2358 5302 2496 5367 εἶδός
2531 5306 2689 5356 εἰσιν.
2729 5301 2899 5353 ’Όταν
2922 5296 3013 5355 οὖν
3042 5300 3158 5373 ἴδῃς
3182 5300 3373 5368 λιμοὺς
3403 5298 3636 5369 γενομέ-

2056 5415 2198 5462 νους,
2232 5397 2329 5449 καὶ
2364 5393 2607 5463 λοιμοὺς,
2640 5390 2735 5444 καὶ
2761 5389 3026 5461 αὐχμοὺς,
3063 5388 3157 5443 καὶ
3179 5386 3503 5458 ἐπομϐρίας,
3539 5386 3636 5440 καὶ

2057 5493 2234 5562 ἀέρων
2268 5485 2599 5558 ἀνωμαλίας,
2635 5484 2668 5554 ἦ
2693 5483 2819 5536 ἄλλο
2850 5501 2902 5535 τι.
2935 5481 3044 5535 τῶν
3064 5481 3318 5534 τοιούτων
3340 5479 3446 5531 τῶν
3471 5476 3637 5531 κολα·-

2058 5580 2255 5645 ζόντων
2269 5575 2366 5647 τὴν
2380 5571 2719 5645 ἀνθρωπίνην
2730 5573 2909 5642 φύσιν,
2919 5571 2994 5641 μὴ
3008 5568 3337 5640 δυσχεράνῃς
3354 5565 3488 5636 μηδέ
3499 5566 3637 5618 ἀπο-

2058 5668 2421 5739 δυσπετήσῃς,
2446 5664 2582 5717 ἀλλὰ
2605 5659 2978 5733 προσκύνησον
2998 5657 3087 5710 τὸν
3114 5654 3388 5708 ποιοῦντα.
3422 5653 3522 5708 θαύ
3534 5671 3632 5721 μαι

2065 5773 2155 5811 σον
2176 5754 2335 5809 αὐτὸν
2356 5754 2453 5823 τῆς
2478 5747 2825 5824 κηδεμονίας.
2854 5745 3091 5808 Ἐκεῖνος
3111 5742 3219 5814 γάρ
3241 5742 3386 5798 ἐστιν
3415 5744 3445 5797 ὁ
3477 5742 3640 5798 ταῦτα
