4066 6432
484 359 584 416 9.51

484 473 679 537 ποιῶν,
701 472 795 527 καὶ
822 471 884 524 τὸ
912 470 1071 540 σῶμα
1099 467 1366 532 κολάζων,
1391 469 1479 522 ἵνα
1510 468 1609 539 τὴν
1636 468 1816 540 ψυχὴν
1846 485 2061 540 σωφρο-

483 557 627 630 νίσῃ.
654 555 764 609 Καὶ
799 555 829 606 6
860 552 992 615 Θεὸς
1017 549 1189 604 ταῦτα
1223 553 1385 615 ποιεῖ,
1415 550 1609 622 φησίν;
1638 552 1699 604 Ὀ
1732 551 1864 615 Θεὸς
1893 551 2066 604 ταῦτα

484 642 657 694 ποιεῖ’
710 639 815 692 κᾶν
852 635 1069 707 ἡπόλις
1123 637 1274 705 παρῇ
1329 636 1500 698 πᾶσα,
1554 634 1659 689 κᾶν
1696 637 1730 706 ἡ
1768 635 2063 705 οἰκουμένη

484 725 658 780 πᾶσα.
693 721 793 774 οὐκ
830 720 1049 789 ὀκνήσω
1075 717 1236 771 τοῦτο
1272 720 1469 773 εἰπεῖν.
1511 717 1638 772 Εἴθε
1675 736 1766 787 μοι
1816 719 1912 772 καὶ
1940 717 2067 770 σάλ-

484 822 678 873 πιγγος
705 800 773 874 ἦν
808 803 960 871 φωνὴ
992 801 1378 872 λαμπροτέρα,
1409 803 1505 857 καὶ
1537 806 1597 857 ἐν
1638 802 1828 873 ὑψηλῷ
1875 805 2065 871 στῆναι

478 889 664 961 χωρίῳ
693 886 917 940 δυνατὸν
948 878 1035 956 ἦν,
1069 886 1165 939 καὶ
1204 888 1338 940 πᾶσι
1370 886 1564 956 βοῆσαι
1617 888 1714 941 καὶ
1762 885 2065 958 διαμαρτύσ⁸

483 972 701 1043 ρασθαι,
738 972 820 1023 ὅτι
872 970 900 1021 6
933 968 1065 1033 Θεὸς
1109 969 1284 1022 ταῦτα
1332 971 1497 1023 ποιεῖ.
1559 970 1673 1022 Ούκ
1711 967 1771 1034 ἐξ
1808 968 2067 1030 ἀπονοίας

478 1056 651 1109 ταῦτα
689 1053 854 1123 λέγω,
887 1053 1005 1106 ἀλλ’
1030 1052 1142 1123 ἔχω
1165 1052 1493 1123 παρεστῶτα
1510 1052 1600 1107 τὸν
1626 1054 1917 1124 προφήτην
1950 1052 2065 1121 μετ’

478 1138 611 1209 ἐμοῦ
648 1137 857 1207 βοῶντα
885 1136 978 1189 καὶ
1012 1135 1262 1204 λέγοντα,
1290 1137 1372 1189 ὅτι
1427 1137 1551 1188 Οὐκ
1603 1133 1737 1188 ἐστι
1778 1135 1959 1187 κακία
1997 1134 2068 1187 ἐν

479 1222 673 1287 πόλει,
717 1220 797 1289 ἣν
830 1221 1046 1288 Κύριος
1080 1223 1191 1273 οὐκ
1222 1220 1511 1287 ἐποίησέ⁹
1551 1219 1721 1273 κακία
1763 1219 1819 1273 δέ
1854 1217 2067 1289 ὁμώνυσ

482 1306 579 1376 μόν
628 1308 778 1360 ἐστιν
825 1306 1032 1375 ὄνομα·
1080 1304 1175 1356 καὶ¹
1226 1304 1329 1373 τῆς
1378 1304 1752 1376 προσηγορίας
1800 1306 2067 1374 ἑκατέρας

481 1389 743 1461 βούλομαι
796 1390 897 1461 τὴν
935 1389 1140 1461 ἀκριϐῆ
1192 1388 1384 1459 μαθεῖν
1441 1390 1585 1460 ὑμᾶς
1639 1389 1937 1460 σημασίαν,
1980 1390 2067 1443 ἵνα

482 1472 558 1545 μὴ
596 1474 683 1526 διά
712 1473 807 1545 τὴν
838 1472 1163 1544 ὁμωνυμίαν
1205 1473 1315 1526 τῶν
1347 1474 1691 1545 πραγμάτων
1744 1474 2066 1544 συγχέοντες

477 1554 577 1627 τὴν
612 1557 792 1625 φύσιν,
822 1558 902 1620 είς
928 1556 1277 1628 βλασφημίαν
1304 1557 1602 1630 ἐμπέσητε.

551 1770 612 1818 ε’.
658 1765 815 1817 ’Ἐστι
831 1765 1008 1821 τοίνυν
1024 1764 1211 1831 κακία,
1231 1765 1266 1835 ἡ
1282 1764 1452 1829 ὅντως
1473 1764 1659 1827 κακία,
1680 1764 1925 1834 πορνεία,
1949 1781 2068 1834 μοι-

481 1848 622 1919 χεία,
650 1848 954 1912 πλεονεξία.
987 1849 1083 1902 καὶ
1108 1849 1178 1901 τὰ
1206 1848 1378 1920 μυρία
1401 1848 1555 1901 δεινά
1589 1848 1658 1902 τὰ
1688 1847 1793 1902 τῶν
1823 1849 2069 1918 ἐσχάτων

480 1932 609 1985 ὀντα
650 1931 1022 2002 ἐγκλημάτων
1071 1932 1200 1998 ἀξια
1236 1932 1333 1985 καὶ
1392 1931 1697 2004 τιμωριῶν.
1739 1932 1907 1986 Πάλιν
1954 1931 2070 1983 ἐστὶ

479 2013 671 2077 κακία,
711 2013 913 2085 μᾶλλον
962 2014 1018 2067 δέ
1064 2015 1165 2067 ούκ
1214 2014 1387 2080 ἔστιν,
1433 2014 1569 2068 ἀλλά
1611 2013 1851 2082 λέγεται,
1889 2012 2065 2083 λιμὸς,

478 2096 685 2168 λοιμὸς,
719 2098 970 2161 θάνατος,
999 2098 1174 2161 νόσος,
1208 2099 1300 2151 καὶ
1335 2099 1435 2151 ὅσα
1463 2096 1720 2151 τοιαῦτα·
1757 2099 1928 2150 ταῦτα
1958 2096 2067 2167 γάρ

477 2182 578 2234 οὑκ
607 2182 673 2234 ἂν
696 2180 780 2251 εἴη
812 2181 958 2234 κακά
978 2197 990 2210 ·
1013 2180 1102 2234 διά
1120 2179 1278 2233 τοῦτο
1301 2177 1476 2245 εἶπον,
1500 2180 1766 2249 Λέγεται,
1792 2180 1969 2251 μόνον.
2004 2179 2068 2233 Τί

477 2264 706 2336 δήποτε;
742 2266 860 2317 Ὅτι
895 2265 944 2316 εί
982 2265 1127 2318 κακά
1164 2260 1252 2335 ἦν,
1287 2265 1388 2319 οὑκ
1410 2265 1476 2318 ἂν
1501 2263 1724 2333 ἀγαθῶν
1752 2266 1886 2335 ἡμῖν
1922 2264 2071 2318 αἴτια

479 2347 746 2416 ἐγεγόνει,
789 2348 1190 2419 σωφρονίζοντα
1247 2347 1348 2419 τὴν
1401 2347 1682 2413 ἀπόνοιαν,
1730 2345 2069 2415 ἐγκόπτοντα

478 2430 577 2503 τὴν
614 2430 887 2502 ῥαθυμίαν
911 2430 1006 2483 καὶ
1047 2431 1187 2502 πρὸς
1216 2429 1454 2502 σπουδὴν
1500 2431 1862 2498 ἐπανάγοντα,
1897 2446 2069 2500 προσ-

480 2513 877 2583 εκτικωτέρους
932 2512 1213 2567 ποιοῦντα.
1242 2514 1373 2566 Ὅτε
1402 2511 1533 2584 γάρ,
1568 2512 1755 2584 φησὶν,
1800 2512 2072 2566 ἀπέκτει-

478 2614 588 2653 νεν
610 2597 854 2663 αὐτοὺς,
886 2598 1020 2650 τότε
1061 2595 1387 2664 ἐξεζήτουν
1422 2597 1631 2662 αὐτὸν,
1661 2596 1757 2651 καὶ
1791 2594 2073 2663 ἐπέστρεο

478 2697 618 2750 φον,
659 2679 759 2733 καὶ
792 2678 1072 2747 ὡρθριζον
1126 2679 1280 2749 πρὸς
1322 2679 1431 2733 τὸν
1489 2680 1657 2734 Θεόν.
1710 2678 1928 2732 Κακίαν
1977 2673 2071 2731 οὖν

477 2765 684 2833 ταύτην
737 2763 873 2833 φησὶ
925 2763 1024 2834 τὴν
1084 2762 1549 2835 σωφρονίζουσαν,
1615 2764 1716 2835 τὴν
1781 2763 2071 2835 λαμπροὺς

479 2847 774 2910 ποιοῦσαν,
828 2845 927 2917 τὴν
977 2847 1430 2918 σπουδαιοτέρους
1488 2845 1906 2917 ἐργαζομένην,
1970 2846 2071 2917 τὴν

480 2931 616 3001 πρὸς
647 2929 963 2999 φιλοσοφίαν
998 2930 1403 2999 ἐπανάγουσαν,
1437 2931 1538 2984 οὐκ
1578 2931 1793 3001 ἐκείνην
1824 2929 1922 3001 τὴν
1951 2929 2068 2983 δια-

476 3011 822 3084 ϐεϐλημένην
857 3015 950 3068 καὶ
997 3013 1362 3085 ἐγκλημάτων
1411 3014 1598 3082 ἀξίαν
1648 3014 1834 3087 ἐκείνη
1867 3015 1979 3085 γάρ
2007 3013 2069 3067 ού

479 3097 616 3151 Θεοῦ
649 3098 833 3169 ἔργον,
869 3097 1007 3153 ἀλλά
1041 3099 1139 3169 τῆς
1183 3098 1465 3170 ἡμετέρας
1505 3099 1885 3171 προαιρέσεως
1916 3098 2069 3169 εὕρε-

484 3198 580 3251 μα,
600 3180 741 3252 αὕτη
764 3180 821 3233 δὲ
845 3181 980 3250 πρὸς
1008 3183 1108 3252 τὴν
1138 3181 1357 3254 ἐκείνης
1384 3183 1668 3255 ἀναίρεσιν
1693 3182 1922 3251 γίνεται.
1952 3180 2068 3234 Κα-

478 3264 606 3318 κίαν
636 3261 729 3317 οὖν
756 3263 959 3335 ταύτην
991 3264 1148 3318 καλεῖ
1192 3265 1291 3336 τὴν
1319 3266 1587 3328 κάκωσιν,
1618 3266 1716 3335 τὴν
1748 3268 1813 3319 ἐκ
1840 3264 1950 3318 τῶν
1983 3281 2067 3317 τι-

482 3346 704 3418 μωριῶν
750 3347 1044 3417 γινομένην
1078 3348 1231 3417 ἡμῖν,
1266 3348 1325 3400 ού
1353 3348 1497 3402 κατά
1520 3348 1619 3420 τὴν
1647 3348 1854 3401 οἰκείαν
1885 3347 2066 3417 φύσιν,

479 3431 622 3485 ἀλλὰ
654 3431 797 3483 κατά
822 3430 920 3498 τὴν
967 3430 1222 3483 ὑπόνοιαν
1255 3429 1363 3483 τῶν
1396 3431 1722 3502 ἀνθρώπων,
1764 3429 1936 3494 οὕτως
1969 3432 2066 3483 αύο

480 3517 583 3586 τὴν
611 3513 914 3583 ὀνομάζων.
959 3512 1179 3582 Ἐπειδὴ
1208 3512 1315 3584 γάρ
1341 3514 1542 3567 κακίαν
1561 3515 1748 3568 καλεῖν
1774 3514 2067 3585 εἰώθαμεν,

480 3598 543 3651 ού
576 3598 676 3661 τὰς
699 3595 903 3654 κλοπάς
934 3596 1030 3649 καὶ
1061 3595 1156 3660 τὰς
1186 3596 1430 3667 μοιχείας
1456 3597 1636 3668 μόνον,
1677 3597 1813 3651 ἀλλά
1852 3599 1946 3651 καὶ
1971 3598 2070 3663 τὰς

484 3681 794 3751 συμφορὰς,
824 3680 932 3732 ἀπὸ
964 3680 1066 3749 τῆς
1100 3679 1208 3733 τῶν
1263 3680 1570 3751 ἀνθρώπων
1618 3682 1802 3754 ψήφου
1832 3683 1974 3736 οὕτω
2006 3684 2068 3737 τὸ

484 3765 719 3836 πρᾶγμα
753 3762 1001 3816 ἐκάλεσε.
1045 3763 1217 3816 Τοῦτο
1270 3760 1364 3818 οὖν
1394 3765 1543 3820 ἐστιν
1584 3766 1613 3819 ὅ
1657 3783 1823 3836 φησιν
1857 3764 2007 3839 [2541
2042 3770 2069 3820 ὀ

484 3849 795 3919 προφήτης,
829 3848 912 3899 ὅτι
944 3848 1066 3900 Οὐκ
1113 3848 1248 3902 ἔστι
1300 3849 1481 3903 κακία
1512 3849 1582 3903 ἐν
1618 3850 1813 3914 πόλει,
1843 3848 1921 3918 ἣν
1951 3852 2067 3904 Κύ-

474 3948 607 4002 ριος
637 3932 750 3985 οὐκ
785 3930 1061 3999 ἐποίησε.
1105 3931 1275 3983 Τοῦτο
1317 3934 1412 3986 καὶ
1446 3932 1534 3986 διὰ
1575 3934 1798 3987 Ἡσαΐου
1839 3935 2071 4007 παρεδή-

483 4014 652 4068 λωσεν
673 4016 700 4067 ὀ
723 4013 856 4077 Θεὸς
876 4016 1048 4068 εἰπών
1068 4030 1080 4042 ·
1117 4013 1259 4085 Ἐγὼ
1287 4015 1432 4082 Θεὸς
1458 4015 1647 4070 ποιῶν
1668 4017 1940 4086 εἰρήνην,
1970 4020 2069 4074 καί

481 4095 692 4158 κτίζων
722 4096 906 4151 κακά’
948 4098 1093 4151 κακά
1138 4097 1299 4152 πάλιν
1327 4099 1423 4162 τὰς
1456 4102 1742 4171 συμφορὰς
1762 4103 2063 4173 ὀνομάζων.

482 4182 699 4252 Ταύτην
729 4184 824 4236 καὶ
844 4184 871 4235 ό
897 4183 1131 4254 Χριστὸς
1153 4183 1253 4253 τὴν
1272 4183 1470 4235 κακίαν
1492 4185 1548 4236 ἐν
1579 4188 1690 4248 τοῖς
1714 4186 2068 4254 Εὑαγγελίοις

482 4267 796 4326 αἰνίττεται,
831 4263 974 4319 οὓτω
1002 4265 1177 4334 λέγων
1207 4268 1318 4329 τοῖς
1348 4266 1619 4337 μαθηταῖς
1639 4286 1652 4300 ο
1703 4268 1974 4336 Ἀρκετὸν
1995 4270 2069 4339 τῇ

484 4348 671 4418 ἡμέρᾳ
699 4349 737 4416 ἠ
765 4350 945 4403 κακία
976 4349 1188 4417 αὐτῆς,
1218 4351 1518 4413 τουτέστιν,
1559 4352 1592 4422 ὴ
1621 4350 1883 4417 κάκωσις,
1915 4355 1947 4424 ἡ
1980 4371 2070 4407 ταο

481 4434 775 4505 λαιπωρία.
808 4434 1154 4504 Πανταχόθεν
1176 4431 1271 4489 οὖν
1307 4434 1490 4506 δῆλον,
1526 4436 1608 4489 ὃτι
1657 4439 1858 4491 κακίαν
1885 4440 2069 4495 ἐνταῦ-

483 4518 554 4572 θα
575 4519 671 4580 τὰς
706 4517 978 4587 τιμωρίας
1027 4517 1205 4580 καλεῖ,
1242 4519 1337 4571 καὶ
1379 4519 1583 4582 ταύτας
1612 4522 1745 4591 ἡμῖν
1784 4522 1949 4587 αὐτὸς
1970 4527 2067 4579 ἐπ·-

483 4603 631 4670 άγει,
665 4601 920 4672 μέγιστον
950 4602 1205 4671 προνοίας
1235 4597 1374 4665 είδος
1411 4603 1805 4675 παρεχόμενος.
1825 4608 1931 4661 Καὶ
1959 4610 2067 4681 γάρ

480 4690 510 4741 ὁ
539 4687 740 4758 ἰατρὸς,
768 4687 866 4756 οὑχ
884 4686 1012 4740 ὅταν
1044 4688 1123 4749 εἰς
1160 4686 1522 4758 παραδείσους
1557 4691 1649 4743 καὶ
1677 4690 1948 4762 λειμῶνας
1982 4693 2069 4758 ἐξ-

481 4773 668 4847 αγάγῃ
692 4771 783 4825 τὸν
818 4772 1116 4841 κάμνοντα,
1133 4771 1447 4842 θαυμαστός
1470 4775 1585 4827 ἐστι
1613 4776 1793 4845 μόνον,
1811 4777 1918 4829 οὐδ’
1939 4779 2067 4832 ὅταν

481 4856 565 4921 είς
599 4855 858 4926 βαλανεῖα
916 4857 1011 4909 καὶ
1067 4856 1457 4929 κολυμϐήθρας
1515 4858 1746 4923 ὑδάτων,
1799 4862 1909 4915 οὐδ’
1939 4863 2068 4917 ὅταν

480 4941 760 5013 τράπεζαν
794 4939 1071 5012 παρατιθῇ
1124 4941 1408 5006 πλουσίαν,
1445 4942 1581 4997 άλλά
1604 4945 1699 4997 καὶ
1729 4945 1857 5000 ὅταν
1883 4945 2068 5002 ἄσιτον

481 5023 680 5095 κελεύῃ
701 5024 994 5093 διαμένειν,
1021 5026 1116 5080 καὶ
1135 5027 1262 5080 ὅταν
1288 5025 1431 5098 άγχῃ
1455 5026 1602 5098 λιμῷ
1626 5030 1721 5082 καὶ
1741 5029 1866 5102 δίψῃ
1898 5049 2069 5087 κατα-

481 5107 655 5179 τείνῃ,
693 5109 759 5177 τῇ
793 5106 947 5179 κλίνῃ
980 5109 1271 5181 προσηλῶν
1302 5113 1396 5164 καὶ
1424 5112 1525 5182 τὴν
1560 5112 1739 5166 οἰκίαν
1781 5113 2068 5188 δεσμωτή-

482 5207 599 5261 ριον
630 5189 1012 5261 ποιούμενος-⁸,
1041 5193 1137 5246 καὶ
1171 5193 1338 5248 αὑτοῦ
1384 5194 1479 5248 τοῦ
1523 5196 1700 5265 φωτὸς
1746 5199 2068 5270 ἀποστερῶν

480 5273 575 5330 καὶ
606 5273 1295 5348 συσκιάζωνπανταχόθεν
1344 5279 1406 5333 τὸ
1441 5280 1714 5351 δωμάτιον
1750 5286 2070 5356 παραπετά-

481 5374 672 5443 σμασι,
691 5357 785 5412 καὶ
808 5358 936 5443 όταν
964 5359 1156 5432 τέμνῃ,
1183 5361 1277 5413 καὶ
1303 5363 1432 5416 ὅταν
1456 5364 1715 5438 καίῃ,καὶ
1740 5369 1869 5423 ὅταν
1896 5370 2070 5443 πικρά

482 5441 734 5513 προσάγῃ
769 5439 1060 5511 φάρμακα,
1117 5443 1299 5516 ἰατρός
1355 5446 1503 5502 ἐστιν
1551 5447 1776 5520 ὁμοίως.
1806 5451 1932 5516 Πῶς
1974 5439 2070 5509 οῦν

477 5524 580 5604 οὐκ
599 5526 801 5579 ἄτοπον
835 5525 1043 5577 ἐκεῖνον
1093 5525 1191 5594 μὲν
1223 5528 1463 5583 τοσαῦτα
1502 5531 1875 5604 ἐργαζόμενον
1923 5537 2069 5592 κακὰ

483 5601 666 5678 ιατρὸν
707 5604 917 5669 καλεῖν,
948 5604 1040 5659 τὸν
1068 5606 1125 5659 δὲ
1154 5608 1308 5678 Θεὸν,
1332 5611 1388 5665 εί
1422 5601 1554 5668 ποτε
1578 5613 1636 5671 ἓν
1669 5601 1874 5675 τούτων
1906 5622 2067 5693 ποιή-

542 5792 564 5819 °
590 5793 709 5845 Colb
749 5800 968 5855 ulerQue
993 5796 1310 5863 ἐργαζόμενος,

1189 354 1243 407 S.
1289 349 1575 407 JOANNIS
1614 348 2109 406 CHRYSOSTOMI
2162 349 2481 405 ARCIIIEP.
2525 345 3075 405 CONSTANTINOP.

3653 340 3773 397 9.53

2171 485 2337 533 σειεν,
2372 462 2485 522 οἷον
2510 466 2543 536 ἢ
2573 465 2729 537 λιμὸν
2758 466 2791 538 ἢ
2821 463 3051 517 θάνατον
3083 458 3375 529 ἐπαγάγοι,
3413 455 3769 528 βλασφημεῖν

2168 552 2261 605 καὶ
2290 552 2388 622 τῆς
2427 550 2521 603 τοῦ
2553 549 2755 611 παντὸς
2788 546 3071 602 ἐκϐάλλειν
3096 541 3391 614 προνοίας;
3416 539 3597 593 καίτοι
3629 557 3699 608 γε
3730 542 3767 594 6

2166 634 2377 707 ἀληθὴς
2424 633 2605 707 ίατρὸς
2631 626 2787 695 οὗτος
2830 632 2986 702 μόνος
3017 629 3135 683 ἐστὶ
3163 627 3258 682 καὶ
3288 625 3480 697 ψυχῶν
3515 624 3614 678 καὶ
3650 641 3765 678 σω-

2169 719 2376 790 μάτων.
2414 717 2514 771 Διά
2547 715 2704 769 τοῦτο
2733 715 2992 777 πολλάκις
3024 712 3123 782 τὴν
3166 711 3327 781 φύσιν
3353 710 3453 780 τὴν
3476 707 3762 790 ἡμετέραν

2167 788 2507 875 παραλαϐὼν
2560 799 2619 864 ἐξ
2667 799 2922 871 εὐθηνίας
2975 796 3319 868 σκιρτῶσαν,
3368 793 3466 847 καὶ
3508 788 3756 863 ’πυρετὸν

2169 887 2581 958 ἁμαρτημάτων
2610 884 2929 945 ὠδίνουσαν,
2971 881 3146 951 ἐνδείᾳ
3168 880 3263 933 καὶ
3290 876 3436 948 λιμῷ
3469 875 3564 958 καὶ
3597 875 3762 930 θανά-

2166 955 2244 1041 τω
2274 955 2458 1023 καὶ-συ
2470 970 2704 1039 μφοραῖς
2728 966 2965 1035 ἐτέραις,
3000 964 3094 1018 καὶ
3121 964 3233 1026 τοῖς
3264 961 3444 1024 ἀλλοις
3481 955 3563 1023 οἷς
3590 958 3757 1041 αὐτὸς

2167 1040 2277 1105 οἶδε
2326 1053 2641 1123 φαρμάκοις
2674 1047 3012 1103 ἀπαλλάττει
3064 1046 3171 1099 τῶν
3211 1043 3557 1115 νοσημάτων.
3612 1040 3756 1094 Ἀλλ’

2167 1137 2217 1188 οἱ
2236 1134 2468 1203 πένητες
2496 1133 2844 1187 αἰσθάνονται
2876 1131 3029 1202 μόνοι
3061 1128 3154 1183 τοῦ
3185 1126 3575 1198 λιμοῦ,φησίν.
3611 1124 3755 1178 Ἀλλ’

2167 1220 2288 1288 οὐχὶ
2319 1219 2464 1289 μόνῳ
2491 1217 2637 1288 λιμῷ
2678 1216 2916 1280 κολάζει,
2953 1213 3091 1268 ἀλλά
3138 1213 3233 1266 καὶ
3261 1211 3468 1283 ἐτέροις
3502 1211 3751 1281 μυρίοις’

2166 1304 2259 1356 τὸν
2287 1306 2344 1356 ἐν
2370 1302 2531 1373 πενίᾳ
2563 1303 2656 1372 μὲν
2687 1300 2819 1353 ὀντα
2838 1298 2983 1370 λιμῷ
3005 1297 3266 1359 πολλάκις
3281 1294 3635 1366 ἐσωφρόνισε,
3659 1292 3755 1346 τὸν

2169 1385 2502 1441 πλουτοῦντα
2544 1385 2598 1438 δὲ
2647 1386 2742 1439 καὶ
2795 1381 3055 1451 εὐπορίας
3090 1378 3433 1433 ἀπολαύοντα
3465 1375 3752 1441 κινδύνοις,

2167 1472 2458 1540 νοσήμασι,
2489 1469 2736 1531 θανάτοις
2762 1466 2990 1536 άώροις’
3008 1466 3317 1534 εὐμήχανος
3347 1461 3458 1532 γάρ
3481 1462 3621 1526 ἐστι,
3656 1460 3755 1512 καὶ

2169 1554 2387 1606 ποικίλα
2415 1553 2528 1625 ἔχει
2556 1556 2655 1624 τῆς
2695 1550 2971 1622 σωτηρίας
2998 1546 3155 1620 ἡμῶν
3191 1545 3261 1599 τά
3284 1546 3573 1617 φάρμακα.

2241 1700 2398 1754 Οὕτω
2428 1701 2521 1754 καὶ
2545 1699 2798 1753 δικασταὶ
2839 1695 3086 1752 ποιοῦσιν
3107 1711 3120 1724 ⁶
3159 1697 3221 1749 ού
3253 1693 3453 1766 τιμῶσι
3487 1694 3643 1763 μόνον
3669 1709 3756 1746 ου·

2169 1785 2223 1837 δέ
2265 1784 2589 1853 στεφανοῦσι
2642 1785 2768 1846 τοὺς
2821 1781 2921 1844 τάς
2953 1781 3140 1843 πόλεις
3170 1776 3472 1840 οἰκοῦντας,
3508 1775 3627 1829 οὐδὲ
3652 1775 3758 1827 δω-

2172 1867 2299 1938 ρεὰς
2333 1867 2634 1938 παρέχουσι
2661 1866 2844 1937 μόνον,
2877 1864 3012 1918 ἀλλά
3035 1863 3129 1916 καλ⁸
3164 1861 3449 1926 κολάζουσι
3473 1858 3752 1921 πολλάκις.

2170 1950 2269 2004 Διά
2302 1950 2460 2004 τοῦτο
2489 1953 2584 2004 καὶ
2615 1950 2766 2019 ξίφος
2807 1950 2992 2011 αὐτοῖς
3040 1946 3328 2017 ἡκόνηται,
3364 1945 3459 1997 καὶ
3506 1942 3756 2014 βάραθρα

2171 2035 2643 2106 παρεσκεύασται,
2672 2033 2764 2087 καὶ
2798 2031 3015 2102 τροχὸς,
3057 2030 3154 2084 καὶ
3186 2028 3340 2095 ξύλα,
3395 2029 3491 2081 καὶ
3549 2020 3750 2098 δήμιοι,

2173 2121 2267 2174 καὶ
2298 2120 2462 2192 ἐτερα
2491 2120 2663 2192 μυρία
2712 2120 2990 2175 κολάσεων
3022 2119 3161 2189 είδη.
3188 2117 3370 2186 Ὀπερ
3407 2108 3501 2167 οὖν
3522 2111 3615 2165 ἐπὶ
3645 2109 3757 2164 τῶν

2171 2203 2444 2258 δικαστῶν
2463 2206 2492 2257 ὀ
2524 2204 2738 2275 δήμιος,
2766 2203 2925 2257 τοῦτο
2960 2204 3052 2257 ἐπὶ
3075 2201 3170 2256 τοῦ
3196 2199 3332 2253 Θεοῦ
3366 2196 3546 2268 λιμὸς,
3586 2192 3758 2249 καθὰ-

2171 2304 2279 2359 περ
2330 2283 2542 2355 δήμιος,
2568 2277 3077 2353 σωφρονίζωνὴμᾶς
3127 2284 3222 2338 καὶ
3260 2283 3357 2354 τῆς
3410 2280 3610 2342 κακίας
3645 2279 3755 2332 ἀπ-

2172 2372 2341 2439 άγων.
2362 2369 2519 2423 Οῦτω
2538 2371 2634 2423 καὶ
2659 2371 2752 2424 ἐπὶ
2771 2369 2879 2424 τῶν
2905 2368 3170 2441 γεωργῶν
3192 2367 3338 2420 ἐστιν
3368 2364 3515 2418 ἰδεῖν.
3545 2363 3619 2415 Οὐ
3648 2360 3759 2431 γὰρ

2169 2454 2235 2525 δὴ
2279 2454 2440 2524 μόνον
2470 2453 2882 2524 περιστέλλουσι
2908 2454 3007 2525 τὴν
3045 2452 3203 2524 ῥίζαν
3229 2450 3331 2518 τῆς
3356 2446 3601 2520 ἀμπέλου
3636 2445 3758 2499 οὐδὲ

2172 2538 2658 2610 περιφράττουσιν,
2689 2537 2829 2591 ἀλλά
2859 2542 2954 2591 καὶ
3005 2536 3399 2607 περικόπτουσι
3446 2533 3542 2585 καὶ
3585 2527 3755 2583 πολλὰ

2169 2622 2279 2675 τῶν
2310 2622 2607 2694 κλημάτων
2637 2621 3037 2692 ἀποτέμνουσι·
3061 2620 3151 2674 διά
3179 2617 3340 2671 τοῦτο
3360 2616 3482 2687 οὐχ).
3503 2612 3756 2681 σκαπάνη

2173 2705 2336 2776 μόνον
2384 2706 2636 2770 ἐκείνοις,
2676 2704 2926 2759 ἀλλὰκαὶ
2964 2703 3206 2775 δρέπανα
3264 2701 3403 2772 πρὸς
3430 2697 3601 2769 τομὴν
3632 2699 3756 2749 ἐπι-

2170 2790 2379 2863 τήδεια.
2420 2790 2561 2843 Ἀλλ’
2588 2791 2738 2861 ὅμως
2784 2790 2887 2844 οὐκ
2933 2786 3279 2858 ἐγκαλοῦμεν
3331 2783 3453 2837 οὑδέ
3503 2780 3753 2843 τούτοις·

2171 2875 2308 2930 ἀλλά
2328 2876 2423 2929 καὶ
2442 2875 2565 2929 τότε
2588 2876 2823 2947 μάλιστα
2850 2874 3050 2936 αὐτοὺς
3077 2871 3177 2924 θαυ
3187 2868 3450 2941 μάζομεν,
3480 2867 3608 2920 ὅταν
3628 2864 3758 2918 1'6»-

2174 2977 2274 3031 μεν
2296 2958 2469 3013 πολλὰ
2497 2958 2606 3012 τῶν
2630 2959 2921 3030 ἀχρήστων
2960 2956 3351 3016 ἐκκόπτοντας,
3383 2951 3525 3006 ὥστε
3557 2951 3621 3019 τῇ
3645 2948 3759 3002 τῶν

2170 3043 2443 3117 περιττῶν
2462 3036 2704 3115 ἀποϐόλῇ
2731 3044 2843 3108 τοῖς
2863 3042 3085 3113 μένουσι
3108 3039 3308 3110 πολλὴν
3339 3034 3760 3117 παρασκευάσαι

2168 3116 2268 3200 τὴν
2300 3128 2596 3198 σωτηρίαν.
2636 3127 2761 3190 Πῶς
2803 3122 2896 3179 οὖν
2939 3126 3043 3179 ούκ
3102 3123 3326 3188 ἄτοπον,
3368 3119 3581 3191 πατέρα
3618 3116 3759 3200 μὲν,

2169 3199 2266 3267 καὶ
2302 3213 2508 3284 ίατρὸν,
2544 3214 2638 3266 καὶ
2670 3210 2952 3274 δικαστὴν,
2982 3208 3078 3263 καὶ
3125 3205 3374 3279 γεωργὸν
3425 3202 3569 3258 οὕτω
3611 3199 3765 3253 δοκι-

2173 3294 2391 3367 μάζειν,
2433 3296 2529 3350 καὶ
2574 3298 2712 3367 μήτε
2750 3296 2957 3347 ἐκεῖνον
3003 3291 3334 3347 ἐκϐάλλοντα
3386 3289 3478 3342 τὸν
3509 3286 3625 3340 υἱὸν
3657 3284 3764 3353 τῆς

2170 3378 2366 3443 οἰκίας,
2407 3380 2547 3450 μήτε
2575 3378 2666 3431 τὸν
2699 3378 2884 3450 ίατρὸν
2929 3373 3289 3430 ἐκτείνονταδ
3316 3374 3408 3426 τὸν
3455 3370 3759 3441 κάμνοντα,

2176 3462 2315 3532 μήτε
2371 3461 2463 3515 τὸν
2512 3460 2772 3533 δικαστὴν
2831 3460 3150 3525 κολάζοντα,
3185 3459 3323 3529 μήτε
3371 3455 3462 3510 τὸν
3511 3450 3764 3523 γεωργὸν

2170 3544 2443 3598 κόπτοντα
2479 3544 2792 3616 μέμφεσθαι
2831 3544 2927 3599 καὶ
2973 3541 3280 3598 αἰτιᾶσθαι·
3310 3540 3404 3593 τὸν
3432 3537 3489 3591 δέ
3519 3536 3673 3601 Θεὸν,
3707 3533 3767 3586 εἴ

2172 3643 2302 3681 ποτε
2329 3627 2478 3700 [2551
2514 3627 2805 3699 βουληθείη
2850 3626 3104 3698 καθάπερ
3132 3622 3583 3700 καρηϐαροῦντας
3608 3619 3763 3690 ἡμᾶς

2172 3711 2283 3766 ἀπὸ
2314 3696 2414 3783 τῆς
2461 3696 2677 3783 πολλῆς
2700 3696 3000 3783 ἀναστῆσαι
3038 3696 3207 3781 μέθης
3230 3708 3330 3779 τῆς
3366 3703 3509 3760 κατά
3530 3696 3629 3774 τὴν
3657 3718 3761 3755 πο-

2173 3795 2389 3867 νηρίαν,
2424 3795 2735 3866 μέμφεσθαι
2765 3795 2860 3848 καὶ
2884 3794 3108 3867 μυρίαις
3130 3791 3345 3862 βάλλειν
3360 3786 3755 3859 κατηγορίαις;

2171 3878 2355 3949 Πόσης
2390 3879 2491 3932 οὑκ
2540 3877 2606 3932 ἂν
2640 3879 2724 3948 εἴη
2768 3877 2989 3948 μανίας,
3036 3875 3172 3946 μηδὲ
3210 3875 3312 3945 τῆς
3358 3872 3525 3940 αὑτῆς
3552 3869 3631 3940 τῷ
3658 3870 3759 3920 Δε-

2172 3961 2346 4032 σπότῃ
2366 3960 2705 4030 μεταδιδόναι
2719 3959 3106 4029 δικαιολογίας,
3125 3960 3255 4031 ὅσης
3276 3955 3625 4029 μεταδίδομεν
3638 3955 3753 4016 τοῖς

2170 4060 2478 4108 συνοουωις
2492 4088 2506 4112 ,

2243 4201 2316 4260 ς’.
2352 4194 2539 4248 Ταῦτα
2573 4194 2715 4265 ὑπὲρ
2745 4192 2922 4246 αὑτῶν
2957 4191 3067 4246 τῶν
3093 4188 3474 4260 ἐγκαλούντων
3502 4182 3758 4247 δεδοικὼς

2168 4278 2311 4348 λέγω
2336 4278 2449 4337 νῦν,
2490 4280 2576 4331 ἵνα
2614 4278 2688 4350 μὴ
2712 4278 2848 4347 πρὸς
2887 4276 3087 4347 κέντρα
3118 4273 3483 4338 λακτίζοντες,
3514 4270 3638 4331 τοὺς
3659 4268 3758 4321 πό-

2168 4364 2263 4428 δας
2295 4365 2662 4435 αἱμάσσωσιν,
2692 4363 2778 4415 ἵνα
2803 4363 2877 4433 μὴ
2911 4363 2991 4425 είς
3019 4360 3245 4433 ούρανὸν
3268 4360 3393 4421 τοὺς
3415 4354 3594 4435 λίθους
3624 4352 3758 4435 pa;-

2170 4431 2373 4507 λοντες,
2413 4445 2480 4515 τῇ
2516 4441 2727 4512 κεφαλῇ
2754 4431 2822 4494 τά
2866 4431 3159 4512 τραύματα
3199 4438 3480 4506 δέξωνται.
3535 4431 3677 4502 Ἐγὼ
3700 4431 3760 4485 δὲ

2171 4529 2265 4584 καὶ
2312 4529 2507 4600 ἐτέραν
2547 4526 2858 4598 ὑπερϐολὴν
2913 4526 3025 4597 ἔχω
3070 4518 3245 4578 πλείω
3293 4522 3498 4592 ταύτης
3554 4519 3755 4571 εἰπεῖν.

2184 4611 2415 4667 Ἀνελὼν
2459 4623 2569 4684 γαρ
2620 4610 2681 4664 τὸ
2714 4611 2897 4679 ζητεῖν
2927 4609 3092 4681 (κατά
3126 4607 3475 4679 συγχώρησιν
3511 4601 3677 4673 λέγω)
3709 4601 3760 4654 εί

2171 4696 2457 4770 χρησίμως
2490 4694 2650 4748 ἔλαδε
2685 4696 2813 4765 παρ’
2847 4692 3003 4764 ἡμῶν
3030 4694 3059 4746 6
3085 4692 3239 4756 Θεὸς,
3269 4693 3447 4744 ἐκεῖνο
3489 4688 3633 4757 λέγω
3660 4685 3762 4756 μό-

2170 4771 2293 4847 νον,’
2308 4782 2391 4834 ὅτι
2427 4782 2476 4832 εί
2516 4778 2674 4832 ἔλαϐε
2704 4778 2775 4832 τά
2794 4778 3037 4844 δοθέντα,
3065 4776 3186 4831 οὑδὲ
3206 4776 3378 4839 οὕτως
3400 4772 3653 4842 ἐγκαλεῖν
3672 4786 3760 4832 τις

2172 4863 2318 4937 εἶχεν
2347 4862 2526 4933 αὐτῷ’
2558 4863 2654 4917 καὶ
2697 4863 2809 4936 γὰρ
2861 4862 3050 4934 κύριος
3071 4857 3140 4934 ἦν
3172 4861 3280 4915 τῶν
3310 4858 3494 4914 αὑτοῦ.
3544 4858 3632 4911 Ἐν
3669 4856 3760 4909 ἁν-

2171 4948 2409 5021 θρώποις
2453 4947 2572 5018 μὲν,
2598 4947 2726 5000 ὅταν
2764 4949 2896 5018 ἡμῖν
2923 4944 3420 5019 Μρακαταθῶνται
3439 4953 3463 4982 α
3497 4942 3761 5014 χρήματα

2171 5033 2271 5086 καὶ
2316 5030 2635 5095 δανείζωσιν
2686 5030 2971 5103 ἀργύριον,
3019 5029 3182 5102 χάριν
3232 5026 3604 5100 ὁμολογοῦμεν
3659 5021 3757 5075 τοῦ

2171 5115 2387 5188 χρόνου,
2425 5113 2545 5168 καθ’
2576 5113 2636 5167 ὃν
2665 5114 2731 5186 δὴ
2778 5115 3082 5179 ἐδάνεισαν,
3117 5114 3219 5167 οὐκ
3246 5106 3668 5180 ἀγανακτοῦμεν
3695 5107 3761 5161 δὲ

2172 5199 2312 5269 ὑπὲρ
2361 5197 2457 5252 τοῦ
2505 5199 2720 5270 χρόνου,
2769 5199 2891 5253 καθ’
2917 5199 2976 5253 ὃν
3016 5194 3467 5271 ἀφαιροῦνταιτά
3492 5193 3637 5248 ίδια’
3677 5188 3764 5260 τῷ

2169 5281 2289 5352 Θεῷ
2315 5281 2371 5335 δὲ
2397 5282 2465 5335 τὰ
2485 5282 2650 5336 αὑτοῦ
2683 5282 2993 5354 βουλομένῳ
3015 5282 3201 5336 λαϐεῖν
3220 5279 3609 5350 ἐγκαλέσομεν,
3632 5274 3763 5327 εἰπέ

2173 5383 2299 5438 μοι;
2330 5366 2423 5421 καὶ
2452 5366 2570 5430 πῶς
2601 5367 2701 5421 οὐκ
2724 5368 2960 5440 ἐσχάτης
2993 5366 3163 5420 ταῦτα
3184 5366 3401 5431 άνοίας;
3445 5360 3583 5414 Ἀλλ’
3606 5360 3707 5428 οὐχ
3725 5357 3762 5412 ὁ

2173 5451 2343 5523 μέγας
2376 5452 2473 5505 καὶ
2489 5455 2734 5521 γενναῖος
2778 5451 2898 5506 Ἰὼϐ
2926 5450 3101 5514 οὕτως
3130 5450 3415 5521 ἐποίησεν·
3447 5446 3570 5502 οὑδέ
3591 5445 3761 5514 ἡνίκα

2168 5535 2441 5607 ἐλάμϐανε
2467 5538 2648 5609 μόνον,
2679 5536 2815 5591 ἀλλά
2830 5538 2926 5592 καὶ
2946 5535 3106 5608 ἡνίκα
3125 5535 3397 5607 ἀφῄρητο,
3426 5534 3588 5606 χάριν
3607 5533 3761 5604 ὡμο-

2226 5695 2257 5736 δ
2282 5696 2342 5747 Sa
2349 5696 2430 5747 vil.
2459 5699 2762 5748 ἐπιτείνοντα.

2230 5762 2255 5824 ξ
2302 5761 2452 5809 Savil.
2501 5762 2560 5809 Εἰ
2605 5762 2730 5824 ἆνθρ.
2780 5762 2892 5824 ὅταν
2932 5761 3045 5824 ἡμῖν
3086 5776 3260 5824 παρακ.
3311 5760 3431 5810 Inde
3479 5767 3760 5821 pronomen

2171 5820 2281 5884 ἡμῖν
2306 5824 2601 5887 recepimus,
2622 5820 2754 5887 qubd
2778 5823 2945 5875 Montf.
2969 5820 3069 5875 hon
3097 5820 3338 5876 ediderat.
3363 5824 3503 5875 Enn.
