  <div class='ocr_page' id='page_1' title='image "/cluster/home/n/w/nwhite01/storage/ocr_20150623/49:no.2:pt.1/coo.31924054869486/252.png"; bbox 0 0 4066 6444; ppageno 0'>
   <div class='ocr_carea' id='block_1_1' title="bbox 182 358 353 425">
    <p class='ocr_par' dir='ltr' id='par_1_1' title="bbox 182 358 353 425">
     <span class='ocr_line' id='line_1_1' title="bbox 182 358 353 425; baseline 0 -1"><span class='ocrx_word' id='word_1_1' title='bbox 182 388 193 393; x_wconf 58' lang='grc' dir='ltr'>ι</span> <span class='ocrx_word' id='word_1_2' title='bbox 250 358 353 425; x_wconf 61' lang='lat' dir='ltr'><strong>Q3!</strong></span> 
     </span>
    </p>
   </div>
   <div class='ocr_carea' id='block_1_2' title="bbox 250 478 1839 556">
    <p class='ocr_par' dir='ltr' id='par_1_2' title="bbox 250 478 1839 556">
     <span class='ocr_line' id='line_1_2' title="bbox 250 478 1839 556; baseline -0.004 -17"><span class='ocrx_word' id='word_1_3' title='bbox 250 485 448 556; x_wconf 86' lang='lat' dir='ltr'><strong>quippe</strong></span> <span class='ocrx_word' id='word_1_4' title='bbox 472 488 573 546; x_wconf 86' lang='lat' dir='ltr'><strong>est,</strong></span> <span class='ocrx_word' id='word_1_5' title='bbox 595 479 684 552; x_wconf 89' lang='lat' dir='ltr'><strong>qui</strong></span> <span class='ocrx_word' id='word_1_6' title='bbox 711 478 826 535; x_wconf 77' lang='lat' dir='ltr'><strong>bzec</strong></span> <span class='ocrx_word' id='word_1_7' title='bbox 845 478 1024 535; x_wconf 81' lang='lat' dir='ltr'><strong>omnia</strong></span> <span class='ocrx_word' id='word_1_8' title='bbox 1051 479 1273 549; x_wconf 71' lang='lat' dir='ltr'><strong>peragit,</strong></span> <span class='ocrx_word' id='word_1_9' title='bbox 1299 488 1352 535; x_wconf 87' lang='lat' dir='ltr'><strong>et</strong></span> <span class='ocrx_word' id='word_1_10' title='bbox 1378 493 1573 550; x_wconf 86' lang='lat' dir='ltr'><strong>corpus</strong></span> <span class='ocrx_word' id='word_1_11' title='bbox 1594 479 1839 550; x_wconf 78' lang='lat' dir='ltr'><strong>castigat,</strong></span> 
     </span>
    </p>
   </div>
   <div class='ocr_carea' id='block_1_3' title="bbox 251 571 1840 642">
    <p class='ocr_par' dir='ltr' id='par_1_3' title="bbox 251 571 1840 642">
     <span class='ocr_line' id='line_1_3' title="bbox 251 571 1840 642; baseline -0.002 -14"><span class='ocrx_word' id='word_1_12' title='bbox 251 582 310 629; x_wconf 90' lang='lat' dir='ltr'><strong>ut</strong></span> <span class='ocrx_word' id='word_1_13' title='bbox 351 573 529 627; x_wconf 87' lang='lat' dir='ltr'><strong>anima</strong></span> <span class='ocrx_word' id='word_1_14' title='bbox 594 571 925 627; x_wconf 75' lang='lat' dir='ltr'><strong>emendetur.</strong></span> <span class='ocrx_word' id='word_1_15' title='bbox 978 575 1060 626; x_wconf 88' lang='lat' dir='ltr'><strong>An</strong></span> <span class='ocrx_word' id='word_1_16' title='bbox 1100 586 1230 627; x_wconf 90' lang='lat' dir='ltr'><strong>vero</strong></span> <span class='ocrx_word' id='word_1_17' title='bbox 1269 571 1410 627; x_wconf 89' lang='lat' dir='ltr'><strong>Deus</strong></span> <span class='ocrx_word' id='word_1_18' title='bbox 1456 571 1571 626; x_wconf 72' lang='lat' dir='ltr'><strong>hare</strong></span> <span class='ocrx_word' id='word_1_19' title='bbox 1616 571 1840 642; x_wconf 79' lang='lat' dir='ltr'><strong>peragit,</strong></span> 
     </span>
    </p>
   </div>
   <div class='ocr_carea' id='block_1_4' title="bbox 250 662 1844 735">
    <p class='ocr_par' dir='ltr' id='par_1_4' title="bbox 250 662 1844 735">
     <span class='ocr_line' id='line_1_4' title="bbox 250 662 1844 735; baseline -0.003 -13"><span class='ocrx_word' id='word_1_20' title='bbox 250 668 393 723; x_wconf 92' lang='lat' dir='ltr'><strong>dicet</strong></span> <span class='ocrx_word' id='word_1_21' title='bbox 418 664 649 735; x_wconf 77' lang='lat' dir='ltr'><strong>aliquis?</strong></span> <span class='ocrx_word' id='word_1_22' title='bbox 684 664 780 719; x_wconf 89' lang='lat' dir='ltr'><strong>llle</strong></span> <span class='ocrx_word' id='word_1_23' title='bbox 807 677 934 719; x_wconf 90' lang='lat' dir='ltr'><strong>vero</strong></span> <span class='ocrx_word' id='word_1_24' title='bbox 962 662 1079 719; x_wconf 63' lang='lat' dir='ltr'><strong>haec</strong></span> <span class='ocrx_word' id='word_1_25' title='bbox 1107 665 1345 734; x_wconf 81' lang='lat' dir='ltr'><strong>peragit;</strong></span> <span class='ocrx_word' id='word_1_26' title='bbox 1372 663 1617 733; x_wconf 78' lang='lat' dir='ltr'><strong>quamvis</strong></span> <span class='ocrx_word' id='word_1_27' title='bbox 1650 662 1844 718; x_wconf 81' lang='lat' dir='ltr'><strong>civitas</strong></span> 
     </span>
    </p>
   </div>
   <div class='ocr_carea' id='block_1_5' title="bbox 248 754 1840 825">
    <p class='ocr_par' dir='ltr' id='par_1_5' title="bbox 248 754 1840 825">
     <span class='ocr_line' id='line_1_5' title="bbox 248 754 1840 825; baseline -0.001 -17"><span class='ocrx_word' id='word_1_28' title='bbox 248 755 426 809; x_wconf 88' lang='lat' dir='ltr'><strong>omnis</strong></span> <span class='ocrx_word' id='word_1_29' title='bbox 466 754 706 821; x_wconf 82' lang='lat' dir='ltr'><strong>adesset,</strong></span> <span class='ocrx_word' id='word_1_30' title='bbox 753 755 994 825; x_wconf 77' lang='lat' dir='ltr'><strong>quamvis</strong></span> <span class='ocrx_word' id='word_1_31' title='bbox 1033 754 1312 811; x_wconf 86' lang='lat' dir='ltr'><strong>universus</strong></span> <span class='ocrx_word' id='word_1_32' title='bbox 1352 755 1498 809; x_wconf 89' lang='lat' dir='ltr'><strong>orbis</strong></span> <span class='ocrx_word' id='word_1_33' title='bbox 1544 763 1840 820; x_wconf 86' lang='lat' dir='ltr'><strong>terrarum,</strong></span> 
     </span>
    </p>
   </div>
   <div class='ocr_carea' id='block_1_6' title="bbox 252 844 1845 917">
    <p class='ocr_par' dir='ltr' id='par_1_6' title="bbox 252 844 1845 917">
     <span class='ocr_line' id='line_1_6' title="bbox 252 844 1845 917; baseline 0 -17"><span class='ocrx_word' id='word_1_34' title='bbox 252 844 356 902; x_wconf 88' lang='lat' dir='ltr'><strong>hoc</strong></span> <span class='ocrx_word' id='word_1_35' title='bbox 382 844 564 902; x_wconf 78' lang='lat' dir='ltr'><strong>dicere</strong></span> <span class='ocrx_word' id='word_1_36' title='bbox 587 862 675 902; x_wconf 90' lang='lat' dir='ltr'><strong>me</strong></span> <span class='ocrx_word' id='word_1_37' title='bbox 700 861 806 902; x_wconf 92' lang='lat' dir='ltr'><strong>non</strong></span> <span class='ocrx_word' id='word_1_38' title='bbox 832 847 1048 917; x_wconf 82' lang='lat' dir='ltr'><strong>pigebit.</strong></span> <span class='ocrx_word' id='word_1_39' title='bbox 1076 847 1250 916; x_wconf 83' lang='lat' dir='ltr'><strong>Atque</strong></span> <span class='ocrx_word' id='word_1_40' title='bbox 1274 846 1477 901; x_wconf 78' lang='lat' dir='ltr'><strong>utinam</strong></span> <span class='ocrx_word' id='word_1_41' title='bbox 1505 846 1627 900; x_wconf 85' lang='lat' dir='ltr'><strong>tuba</strong></span> <span class='ocrx_word' id='word_1_42' title='bbox 1650 846 1845 900; x_wconf 86' lang='lat' dir='ltr'><strong>clarior</strong></span> 
     </span>
    </p>
   </div>
   <div class='ocr_carea' id='block_1_7' title="bbox 249 936 1846 1009">
    <p class='ocr_par' dir='ltr' id='par_1_7' title="bbox 249 936 1846 1009">
     <span class='ocr_line' id='line_1_7' title="bbox 249 936 1846 1009; baseline -0.001 -16"><span class='ocrx_word' id='word_1_43' title='bbox 249 937 383 993; x_wconf 90' lang='lat' dir='ltr'><strong>mihi</strong></span> <span class='ocrx_word' id='word_1_44' title='bbox 408 952 508 992; x_wconf 90' lang='lat' dir='ltr'><strong>vox</strong></span> <span class='ocrx_word' id='word_1_45' title='bbox 526 948 688 1003; x_wconf 86' lang='lat' dir='ltr'><strong>esset,</strong></span> <span class='ocrx_word' id='word_1_46' title='bbox 714 948 872 1009; x_wconf 89' lang='lat' dir='ltr'><strong>atque</strong></span> <span class='ocrx_word' id='word_1_47' title='bbox 888 938 941 993; x_wconf 88' lang='lat' dir='ltr'><strong>in</strong></span> <span class='ocrx_word' id='word_1_48' title='bbox 959 938 1168 993; x_wconf 83' lang='lat' dir='ltr'><strong>sublimi</strong></span> <span class='ocrx_word' id='word_1_49' title='bbox 1187 938 1304 993; x_wconf 87' lang='lat' dir='ltr'><strong>loco</strong></span> <span class='ocrx_word' id='word_1_50' title='bbox 1326 952 1534 1007; x_wconf 83' lang='lat' dir='ltr'><strong>possem</strong></span> <span class='ocrx_word' id='word_1_51' title='bbox 1552 936 1846 991; x_wconf 75' lang='lat' dir='ltr'><strong>consistere</strong></span> 
     </span>
    </p>
   </div>
   <div class='ocr_carea' id='block_1_8' title="bbox 251 1029 1843 1113">
    <p class='ocr_par' dir='ltr' id='par_1_8' title="bbox 251 1029 1843 1113">
     <span class='ocr_line' id='line_1_8' title="bbox 251 1029 1843 1113; baseline -0.003 -27"><span class='ocrx_word' id='word_1_52' title='bbox 251 1040 412 1102; x_wconf 89' lang='lat' dir='ltr'><strong>atque</strong></span> <span class='ocrx_word' id='word_1_53' title='bbox 456 1030 700 1086; x_wconf 89' lang='lat' dir='ltr'><strong>omnibus</strong></span> <span class='ocrx_word' id='word_1_54' title='bbox 737 1031 1067 1101; x_wconf 78' lang='lat' dir='ltr'><strong>proclamare</strong></span> <span class='ocrx_word' id='word_1_55' title='bbox 1107 1044 1170 1086; x_wconf 91' lang='lat' dir='ltr'><strong>ac</strong></span> <span class='ocrx_word' id='word_1_56' title='bbox 1214 1030 1486 1113; x_wconf 66' lang='lat' dir='ltr'><strong>testiﬁcari</strong></span> <span class='ocrx_word' id='word_1_57' title='bbox 1534 1029 1700 1084; x_wconf 86' lang='lat' dir='ltr'><strong>Deum</strong></span> <span class='ocrx_word' id='word_1_58' title='bbox 1744 1029 1843 1083; x_wconf 89' lang='lat' dir='ltr'><strong>ista</strong></span> 
     </span>
    </p>
   </div>
   <div class='ocr_carea' id='block_1_9' title="bbox 252 1121 1844 1195">
    <p class='ocr_par' dir='ltr' id='par_1_9' title="bbox 252 1121 1844 1195">
     <span class='ocr_line' id='line_1_9' title="bbox 252 1121 1844 1195; baseline -0.003 -16"><span class='ocrx_word' id='word_1_59' title='bbox 252 1132 530 1195; x_wconf 65' lang='lat' dir='ltr'><strong>p‘raastare.</strong></span> <span class='ocrx_word' id='word_1_60' title='bbox 574 1122 755 1195; x_wconf 86' lang='lat' dir='ltr'><strong>Neque</strong></span> <span class='ocrx_word' id='word_1_61' title='bbox 782 1138 893 1194; x_wconf 64' lang='lat' dir='ltr'><strong>prae</strong></span> <span class='ocrx_word' id='word_1_62' title='bbox 922 1124 1081 1178; x_wconf 89' lang='lat' dir='ltr'><strong>nimia</strong></span> <span class='ocrx_word' id='word_1_63' title='bbox 1111 1123 1410 1193; x_wconf 87' lang='lat' dir='ltr'><strong>arrogantia</strong></span> <span class='ocrx_word' id='word_1_64' title='bbox 1440 1123 1553 1177; x_wconf 70' lang='lat' dir='ltr'><strong>hsce</strong></span> <span class='ocrx_word' id='word_1_65' title='bbox 1577 1135 1606 1175; x_wconf 92' lang='lat' dir='ltr'><strong>a</strong></span> <span class='ocrx_word' id='word_1_66' title='bbox 1636 1137 1723 1177; x_wconf 90' lang='lat' dir='ltr'><strong>me</strong></span> <span class='ocrx_word' id='word_1_67' title='bbox 1759 1121 1844 1175; x_wconf 87' lang='lat' dir='ltr'><strong>di-</strong></span> 
     </span>
    </p>
   </div>
   <div class='ocr_carea' id='block_1_10' title="bbox 251 1213 1844 1285">
    <p class='ocr_par' dir='ltr' id='par_1_10' title="bbox 251 1213 1844 1285">
     <span class='ocr_line' id='line_1_10' title="bbox 251 1213 1844 1285; baseline -0.002 -15"><span class='ocrx_word' id='word_1_68' title='bbox 251 1224 479 1282; x_wconf 91' lang='lat' dir='ltr'><strong>cuntur,</strong></span> <span class='ocrx_word' id='word_1_69' title='bbox 529 1214 623 1271; x_wconf 89' lang='lat' dir='ltr'><strong>sed</strong></span> <span class='ocrx_word' id='word_1_70' title='bbox 670 1216 1007 1272; x_wconf 89' lang='lat' dir='ltr'><strong>assistentem</strong></span> <span class='ocrx_word' id='word_1_71' title='bbox 1055 1213 1228 1270; x_wconf 80' lang='lat' dir='ltr'><strong>habeo</strong></span> <span class='ocrx_word' id='word_1_72' title='bbox 1270 1213 1581 1285; x_wconf 81' lang='lat' dir='ltr'><strong>prOphctam</strong></span> <span class='ocrx_word' id='word_1_73' title='bbox 1636 1226 1844 1269; x_wconf 87' lang='lat' dir='ltr'><strong>mecum</strong></span> 
     </span>
    </p>
   </div>
   <div class='ocr_carea' id='block_1_11' title="bbox 252 1303 1846 1379">
    <p class='ocr_par' dir='ltr' id='par_1_11' title="bbox 252 1303 1846 1379">
     <span class='ocr_line' id='line_1_11' title="bbox 252 1303 1846 1379; baseline -0.004 -15"><span class='ocrx_word' id='word_1_74' title='bbox 252 1308 575 1364; x_wconf 86' lang='lat' dir='ltr'><strong>clamantem</strong></span> <span class='ocrx_word' id='word_1_75' title='bbox 610 1322 674 1365; x_wconf 89' lang='lat' dir='ltr'><strong>ac</strong></span> <span class='ocrx_word' id='word_1_76' title='bbox 697 1308 983 1371; x_wconf 87' lang='lat' dir='ltr'><strong>dicentem.</strong></span> <span class='ocrx_word' id='word_1_77' title='bbox 1020 1308 1143 1379; x_wconf 85' lang='lat' dir='ltr'><strong>quia</strong></span> <span class='ocrx_word' id='word_1_78' title='bbox 1188 1305 1305 1361; x_wconf 88' lang='lat' dir='ltr'><strong>Non</strong></span> <span class='ocrx_word' id='word_1_79' title='bbox 1333 1315 1405 1361; x_wconf 82' lang='lat' dir='ltr'><strong>est</strong></span> <span class='ocrx_word' id='word_1_80' title='bbox 1430 1307 1622 1360; x_wconf 86' lang='lat' dir='ltr'><strong>malitia</strong></span> <span class='ocrx_word' id='word_1_81' title='bbox 1648 1303 1846 1359; x_wconf 74' lang='lat' dir='ltr'><strong>incivi-</strong></span> 
     </span>
    </p>
   </div>
   <div class='ocr_carea' id='block_1_12' title="bbox 250 1397 1844 1471">
    <p class='ocr_par' dir='ltr' id='par_1_12' title="bbox 250 1397 1844 1471">
     <span class='ocr_line' id='line_1_12' title="bbox 250 1397 1844 1471; baseline -0.003 -17"><span class='ocrx_word' id='word_1_82' title='bbox 250 1409 377 1468; x_wconf 88' lang='lat' dir='ltr'><strong>tate,</strong></span> <span class='ocrx_word' id='word_1_83' title='bbox 406 1414 557 1470; x_wconf 84' lang='lat' dir='ltr'><strong>quam</strong></span> <span class='ocrx_word' id='word_1_84' title='bbox 578 1415 677 1454; x_wconf 85' lang='lat' dir='ltr'><strong>non</strong></span> <span class='ocrx_word' id='word_1_85' title='bbox 700 1400 872 1471; x_wconf 71' lang='lat' dir='ltr'><strong>fecerit</strong></span> <span class='ocrx_word' id='word_1_86' title='bbox 900 1397 1153 1454; x_wconf 79' lang='lat' dir='ltr'><strong>Dominus</strong></span> <span class='ocrx_word' id='word_1_87' title='bbox 1183 1399 1358 1470; x_wconf 81' lang='lat' dir='ltr'><strong>(Amos</strong></span> <span class='ocrx_word' id='word_1_88' title='bbox 1382 1397 1435 1452; x_wconf 76' lang='lat'><strong>3.</strong></span> <span class='ocrx_word' id='word_1_89' title='bbox 1460 1397 1536 1469; x_wconf 90' lang='lat'><strong>6):</strong></span> <span class='ocrx_word' id='word_1_90' title='bbox 1557 1406 1641 1452; x_wconf 90' lang='lat' dir='ltr'><strong>est</strong></span> <span class='ocrx_word' id='word_1_91' title='bbox 1668 1406 1844 1451; x_wconf 86' lang='lat' dir='ltr'><strong>autem</strong></span> 
     </span>
    </p>
   </div>
   <div class='ocr_carea' id='block_1_13' title="bbox 251 1488 1843 1561">
    <p class='ocr_par' dir='ltr' id='par_1_13' title="bbox 251 1488 1843 1561">
     <span class='ocr_line' id='line_1_13' title="bbox 251 1488 1843 1561; baseline -0.002 -14"><span class='ocrx_word' id='word_1_92' title='bbox 251 1505 451 1547; x_wconf 81' lang='lat' dir='ltr'><strong>nomen</strong></span> <span class='ocrx_word' id='word_1_93' title='bbox 474 1491 824 1561; x_wconf 78' lang='lat' dir='ltr'><strong>:equivocum,</strong></span> <span class='ocrx_word' id='word_1_94' title='bbox 849 1490 1070 1557; x_wconf 87' lang='lat' dir='ltr'><strong>malitia,</strong></span> <span class='ocrx_word' id='word_1_95' title='bbox 1098 1500 1150 1545; x_wconf 93' lang='lat' dir='ltr'><strong>et</strong></span> <span class='ocrx_word' id='word_1_96' title='bbox 1174 1492 1452 1560; x_wconf 89' lang='lat' dir='ltr'><strong>utriusque</strong></span> <span class='ocrx_word' id='word_1_97' title='bbox 1475 1488 1843 1561; x_wconf 72' lang='lat' dir='ltr'><strong>appellationis</strong></span> 
     </span>
    </p>
   </div>
   <div class='ocr_carea' id='block_1_14' title="bbox 251 1578 1846 1652">
    <p class='ocr_par' dir='ltr' id='par_1_14' title="bbox 251 1578 1846 1652">
     <span class='ocr_line' id='line_1_14' title="bbox 251 1578 1846 1652; baseline -0.002 -15"><span class='ocrx_word' id='word_1_98' title='bbox 251 1583 379 1639; x_wconf 90' lang='lat' dir='ltr'><strong>volo</strong></span> <span class='ocrx_word' id='word_1_99' title='bbox 407 1598 501 1637; x_wconf 91' lang='lat' dir='ltr'><strong>vos</strong></span> <span class='ocrx_word' id='word_1_100' title='bbox 542 1590 783 1638; x_wconf 79' lang='lat' dir='ltr'><strong>exactam</strong></span> <span class='ocrx_word' id='word_1_101' title='bbox 827 1582 1265 1652; x_wconf 80' lang='lat' dir='ltr'><strong>signiﬁcationem</strong></span> <span class='ocrx_word' id='word_1_102' title='bbox 1308 1581 1569 1645; x_wconf 85' lang='lat' dir='ltr'><strong>ediscere,</strong></span> <span class='ocrx_word' id='word_1_103' title='bbox 1611 1595 1679 1635; x_wconf 89' lang='lat' dir='ltr'><strong>ne</strong></span> <span class='ocrx_word' id='word_1_104' title='bbox 1710 1578 1846 1634; x_wconf 73' lang='lat' dir='ltr'><strong>forte</strong></span> 
     </span>
    </p>
   </div>
   <div class='ocr_carea' id='block_1_15' title="bbox 250 1672 1846 1749">
    <p class='ocr_par' dir='ltr' id='par_1_15' title="bbox 250 1672 1846 1749">
     <span class='ocr_line' id='line_1_15' title="bbox 250 1672 1846 1749; baseline -0.001 -19"><span class='ocrx_word' id='word_1_105' title='bbox 250 1682 475 1749; x_wconf 83' lang='lat' dir='ltr'><strong>propter</strong></span> <span class='ocrx_word' id='word_1_106' title='bbox 487 1674 735 1730; x_wconf 87' lang='lat' dir='ltr'><strong>dictionis</strong></span> <span class='ocrx_word' id='word_1_107' title='bbox 751 1675 1170 1746; x_wconf 80' lang='lat' dir='ltr'><strong>ambiguitatem,</strong></span> <span class='ocrx_word' id='word_1_108' title='bbox 1192 1684 1435 1730; x_wconf 88' lang='lat' dir='ltr'><strong>naturam</strong></span> <span class='ocrx_word' id='word_1_109' title='bbox 1455 1672 1846 1729; x_wconf 85' lang='lat' dir='ltr'><strong>confundentes</strong></span> 
     </span>
    </p>
   </div>
   <div class='ocr_carea' id='block_1_16' title="bbox 251 1766 1225 1837">
    <p class='ocr_par' dir='ltr' id='par_1_16' title="bbox 251 1766 1225 1837">
     <span class='ocr_line' id='line_1_16' title="bbox 251 1766 1225 1837; baseline -0.003 -14"><span class='ocrx_word' id='word_1_110' title='bbox 251 1782 435 1823; x_wconf 83' lang='lat' dir='ltr'><strong>rerum</strong></span> <span class='ocrx_word' id='word_1_111' title='bbox 458 1768 511 1821; x_wconf 92' lang='lat' dir='ltr'><strong>in</strong></span> <span class='ocrx_word' id='word_1_112' title='bbox 541 1766 925 1837; x_wconf 88' lang='lat' dir='ltr'><strong>blasphemiam</strong></span> <span class='ocrx_word' id='word_1_113' title='bbox 958 1766 1225 1821; x_wconf 87' lang='lat' dir='ltr'><strong>incidatis.</strong></span> 
     </span>
    </p>
   </div>
   <div class='ocr_carea' id='block_1_17' title="bbox 325 1852 1846 1937">
    <p class='ocr_par' dir='ltr' id='par_1_17' title="bbox 325 1852 1846 1937">
     <span class='ocr_line' id='line_1_17' title="bbox 325 1852 1846 1937; baseline -0.004 -23"><span class='ocrx_word' id='word_1_114' title='bbox 325 1858 381 1914; x_wconf 82' lang='lat'><strong>5.</strong></span> <span class='ocrx_word' id='word_1_115' title='bbox 409 1857 624 1913; x_wconf 72' lang='lat' dir='ltr'><strong>Malitia:</strong></span> <span class='ocrx_word' id='word_1_116' title='bbox 644 1874 825 1912; x_wconf 83' lang='lat' dir='ltr'><strong>nomen</strong></span> <span class='ocrx_word' id='word_1_117' title='bbox 853 1857 1008 1912; x_wconf 81' lang='lat' dir='ltr'><strong>variis</strong></span> <span class='ocrx_word' id='word_1_118' title='bbox 1031 1856 1194 1911; x_wconf 78' lang='lat' dir='ltr'><strong>modis</strong></span> <span class='ocrx_word' id='word_1_119' title='bbox 1214 1852 1661 1927; x_wconf 84' lang='lat' dir='ltr'><strong>accipitur.--Esl</strong></span> <span class='ocrx_word' id='word_1_120' title='bbox 1687 1853 1846 1937; x_wconf 76' lang='lat' dir='ltr'><strong>igitur</strong></span> 
     </span>
    </p>
   </div>
   <div class='ocr_carea' id='block_1_18' title="bbox 253 1948 1841 2022">
    <p class='ocr_par' dir='ltr' id='par_1_18' title="bbox 253 1948 1841 2022">
     <span class='ocr_line' id='line_1_18' title="bbox 253 1948 1841 2022; baseline -0.004 -15"><span class='ocrx_word' id='word_1_121' title='bbox 253 1951 480 2016; x_wconf 87' lang='lat' dir='ltr'><strong>malitia,</strong></span> <span class='ocrx_word' id='word_1_122' title='bbox 504 1966 623 2022; x_wconf 83' lang='lat' dir='ltr'><strong>quae</strong></span> <span class='ocrx_word' id='word_1_123' title='bbox 649 1966 776 2006; x_wconf 84' lang='lat' dir='ltr'><strong>vere</strong></span> <span class='ocrx_word' id='word_1_124' title='bbox 801 1950 1000 2006; x_wconf 88' lang='lat' dir='ltr'><strong>malitia</strong></span> <span class='ocrx_word' id='word_1_125' title='bbox 1031 1959 1134 2015; x_wconf 90' lang='lat' dir='ltr'><strong>est,</strong></span> <span class='ocrx_word' id='word_1_126' title='bbox 1165 1948 1467 2015; x_wconf 90' lang='lat' dir='ltr'><strong>fornicatio,</strong></span> <span class='ocrx_word' id='word_1_127' title='bbox 1498 1948 1841 2015; x_wconf 76' lang='lat' dir='ltr'><strong>adulterium,</strong></span> 
     </span>
    </p>
   </div>
   <div class='ocr_carea' id='block_1_19' title="bbox 251 2039 1844 2112">
    <p class='ocr_par' dir='ltr' id='par_1_19' title="bbox 251 2039 1844 2112">
     <span class='ocr_line' id='line_1_19' title="bbox 251 2039 1844 2112; baseline -0.003 -13"><span class='ocrx_word' id='word_1_128' title='bbox 251 2044 495 2110; x_wconf 74' lang='lat' dir='ltr'><strong>avaritia,</strong></span> <span class='ocrx_word' id='word_1_129' title='bbox 534 2050 590 2099; x_wconf 89' lang='lat' dir='ltr'><strong>et</strong></span> <span class='ocrx_word' id='word_1_130' title='bbox 620 2043 898 2098; x_wconf 88' lang='lat' dir='ltr'><strong>innumera</strong></span> <span class='ocrx_word' id='word_1_131' title='bbox 938 2043 1099 2108; x_wconf 86' lang='lat' dir='ltr'><strong>mala,</strong></span> <span class='ocrx_word' id='word_1_132' title='bbox 1140 2056 1258 2112; x_wconf 73' lang='lat' dir='ltr'><strong>quze</strong></span> <span class='ocrx_word' id='word_1_133' title='bbox 1287 2040 1510 2096; x_wconf 84' lang='lat' dir='ltr'><strong>summis</strong></span> <span class='ocrx_word' id='word_1_134' title='bbox 1528 2039 1844 2094; x_wconf 75' lang='lat' dir='ltr'><strong>criminibus</strong></span> 
     </span>
    </p>
   </div>
   <div class='ocr_carea' id='block_1_20' title="bbox 252 2132 1845 2206">
    <p class='ocr_par' dir='ltr' id='par_1_20' title="bbox 252 2132 1845 2206">
     <span class='ocr_line' id='line_1_20' title="bbox 252 2132 1845 2206; baseline -0.004 -15"><span class='ocrx_word' id='word_1_135' title='bbox 252 2134 636 2206; x_wconf 88' lang='lat' dir='ltr'><strong>suppliciisque</strong></span> <span class='ocrx_word' id='word_1_136' title='bbox 677 2143 802 2189; x_wconf 89' lang='lat' dir='ltr'><strong>sunt</strong></span> <span class='ocrx_word' id='word_1_137' title='bbox 832 2134 1011 2205; x_wconf 88' lang='lat' dir='ltr'><strong>digna.</strong></span> <span class='ocrx_word' id='word_1_138' title='bbox 1041 2134 1245 2189; x_wconf 79' lang='lat' dir='ltr'><strong>Rursus</strong></span> <span class='ocrx_word' id='word_1_139' title='bbox 1274 2142 1357 2188; x_wconf 91' lang='lat' dir='ltr'><strong>est</strong></span> <span class='ocrx_word' id='word_1_140' title='bbox 1379 2132 1600 2199; x_wconf 85' lang='lat' dir='ltr'><strong>malitia,</strong></span> <span class='ocrx_word' id='word_1_141' title='bbox 1632 2132 1713 2186; x_wconf 89' lang='lat' dir='ltr'><strong>vel</strong></span> <span class='ocrx_word' id='word_1_142' title='bbox 1746 2146 1845 2202; x_wconf 77' lang='lat' dir='ltr'><strong>po-</strong></span> 
     </span>
    </p>
   </div>
   <div class='ocr_carea' id='block_1_21' title="bbox 251 2224 1841 2293">
    <p class='ocr_par' dir='ltr' id='par_1_21' title="bbox 251 2224 1841 2293">
     <span class='ocr_line' id='line_1_21' title="bbox 251 2224 1841 2293; baseline -0.004 -11"><span class='ocrx_word' id='word_1_143' title='bbox 251 2228 362 2282; x_wconf 87' lang='lat' dir='ltr'><strong>tius</strong></span> <span class='ocrx_word' id='word_1_144' title='bbox 385 2241 490 2282; x_wconf 88' lang='lat' dir='ltr'><strong>non</strong></span> <span class='ocrx_word' id='word_1_145' title='bbox 517 2236 619 2292; x_wconf 88' lang='lat' dir='ltr'><strong>est,</strong></span> <span class='ocrx_word' id='word_1_146' title='bbox 645 2227 737 2280; x_wconf 88' lang='lat' dir='ltr'><strong>sed</strong></span> <span class='ocrx_word' id='word_1_147' title='bbox 769 2226 967 2281; x_wconf 90' lang='lat' dir='ltr'><strong>dicitur</strong></span> <span class='ocrx_word' id='word_1_148' title='bbox 995 2226 1215 2291; x_wconf 90' lang='lat' dir='ltr'><strong>malitia,</strong></span> <span class='ocrx_word' id='word_1_149' title='bbox 1247 2224 1433 2290; x_wconf 85' lang='lat' dir='ltr'><strong>fames,</strong></span> <span class='ocrx_word' id='word_1_150' title='bbox 1466 2224 1651 2293; x_wconf 86' lang='lat' dir='ltr'><strong>pestis,</strong></span> <span class='ocrx_word' id='word_1_151' title='bbox 1674 2238 1841 2290; x_wconf 88' lang='lat' dir='ltr'><strong>mors,</strong></span> 
     </span>
    </p>
   </div>
   <div class='ocr_carea' id='block_1_22' title="bbox 252 2316 1844 2389">
    <p class='ocr_par' dir='ltr' id='par_1_22' title="bbox 252 2316 1844 2389">
     <span class='ocr_line' id='line_1_22' title="bbox 252 2316 1844 2389; baseline -0.002 -15"><span class='ocrx_word' id='word_1_152' title='bbox 252 2319 535 2389; x_wconf 58' lang='lat' dir='ltr'><strong>aegritudo,</strong></span> <span class='ocrx_word' id='word_1_153' title='bbox 581 2329 636 2374; x_wconf 91' lang='lat' dir='ltr'><strong>et</strong></span> <span class='ocrx_word' id='word_1_154' title='bbox 667 2318 772 2372; x_wconf 89' lang='lat' dir='ltr'><strong>alia</strong></span> <span class='ocrx_word' id='word_1_155' title='bbox 802 2317 1086 2387; x_wconf 83' lang='lat' dir='ltr'><strong>ejusmodi.</strong></span> <span class='ocrx_word' id='word_1_156' title='bbox 1115 2316 1241 2372; x_wconf 70' lang='lat' dir='ltr'><strong>Haec</strong></span> <span class='ocrx_word' id='word_1_157' title='bbox 1268 2319 1410 2373; x_wconf 91' lang='lat' dir='ltr'><strong>enim</strong></span> <span class='ocrx_word' id='word_1_158' title='bbox 1436 2331 1540 2370; x_wconf 91' lang='lat' dir='ltr'><strong>non</strong></span> <span class='ocrx_word' id='word_1_159' title='bbox 1570 2324 1696 2369; x_wconf 90' lang='lat' dir='ltr'><strong>sunt</strong></span> <span class='ocrx_word' id='word_1_160' title='bbox 1718 2330 1844 2371; x_wconf 90' lang='lat' dir='ltr'><strong>vere</strong></span> 
     </span>
    </p>
   </div>
   <div class='ocr_carea' id='block_1_23' title="bbox 251 2405 1842 2480">
    <p class='ocr_par' dir='ltr' id='par_1_23' title="bbox 251 2405 1842 2480">
     <span class='ocr_line' id='line_1_23' title="bbox 251 2405 1842 2480; baseline -0.002 -16"><span class='ocrx_word' id='word_1_161' title='bbox 251 2410 391 2465; x_wconf 85' lang='lat' dir='ltr'><strong>mala</strong></span> <span class='ocrx_word' id='word_1_162' title='bbox 412 2427 425 2463; x_wconf 89' lang='lat'><strong>:</strong></span> <span class='ocrx_word' id='word_1_163' title='bbox 446 2418 723 2480; x_wconf 87' lang='lat' dir='ltr'><strong>propterea</strong></span> <span class='ocrx_word' id='word_1_164' title='bbox 746 2409 852 2464; x_wconf 87' lang='lat' dir='ltr'><strong>dixi</strong></span> <span class='ocrx_word' id='word_1_165' title='bbox 880 2418 1081 2463; x_wconf 89' lang='lat' dir='ltr'><strong>tantum</strong></span> <span class='ocrx_word' id='word_1_166' title='bbox 1109 2408 1386 2478; x_wconf 88' lang='lat' dir='ltr'><strong>appellari.</strong></span> <span class='ocrx_word' id='word_1_167' title='bbox 1410 2406 1544 2475; x_wconf 84' lang='lat' dir='ltr'><strong>Quid</strong></span> <span class='ocrx_word' id='word_1_168' title='bbox 1569 2406 1666 2460; x_wconf 89' lang='lat' dir='ltr'><strong>ita?</strong></span> <span class='ocrx_word' id='word_1_169' title='bbox 1690 2405 1842 2472; x_wconf 72' lang='lat' dir='ltr'><strong>Quad</strong></span> 
     </span>
    </p>
   </div>
   <div class='ocr_carea' id='block_1_24' title="bbox 251 2500 1841 2566">
    <p class='ocr_par' dir='ltr' id='par_1_24' title="bbox 251 2500 1841 2566">
     <span class='ocr_line' id='line_1_24' title="bbox 251 2500 1841 2566; baseline -0.004 -10"><span class='ocrx_word' id='word_1_170' title='bbox 251 2503 296 2556; x_wconf 87' lang='lat' dir='ltr'><strong>si</strong></span> <span class='ocrx_word' id='word_1_171' title='bbox 340 2501 477 2555; x_wconf 89' lang='lat' dir='ltr'><strong>mala</strong></span> <span class='ocrx_word' id='word_1_172' title='bbox 521 2510 723 2565; x_wconf 88' lang='lat' dir='ltr'><strong>essent,</strong></span> <span class='ocrx_word' id='word_1_173' title='bbox 768 2501 1028 2556; x_wconf 89' lang='lat' dir='ltr'><strong>bonorum</strong></span> <span class='ocrx_word' id='word_1_174' title='bbox 1075 2500 1228 2554; x_wconf 80' lang='lat' dir='ltr'><strong>nobis</strong></span> <span class='ocrx_word' id='word_1_175' title='bbox 1266 2514 1443 2554; x_wconf 78' lang='lat' dir='ltr'><strong>causze</strong></span> <span class='ocrx_word' id='word_1_176' title='bbox 1488 2513 1593 2553; x_wconf 92' lang='lat' dir='ltr'><strong>non</strong></span> <span class='ocrx_word' id='word_1_177' title='bbox 1640 2505 1841 2566; x_wconf 83' lang='lat' dir='ltr'><strong>essent,</strong></span> 
     </span>
    </p>
   </div>
   <div class='ocr_carea' id='block_1_25' title="bbox 250 2590 1845 2663">
    <p class='ocr_par' dir='ltr' id='par_1_25' title="bbox 250 2590 1845 2663">
     <span class='ocr_line' id='line_1_25' title="bbox 250 2590 1845 2663; baseline -0.002 -16"><span class='ocrx_word' id='word_1_178' title='bbox 250 2592 377 2647; x_wconf 89' lang='lat' dir='ltr'><strong>dum</strong></span> <span class='ocrx_word' id='word_1_179' title='bbox 421 2592 778 2663; x_wconf 84' lang='lat' dir='ltr'><strong>arrogantiam</strong></span> <span class='ocrx_word' id='word_1_180' title='bbox 820 2591 1138 2662; x_wconf 90' lang='lat' dir='ltr'><strong>reprimunt,</strong></span> <span class='ocrx_word' id='word_1_181' title='bbox 1184 2598 1454 2660; x_wconf 87' lang='lat' dir='ltr'><strong>torporem</strong></span> <span class='ocrx_word' id='word_1_182' title='bbox 1484 2590 1760 2644; x_wconf 85' lang='lat' dir='ltr'><strong>excutiunt</strong></span> <span class='ocrx_word' id='word_1_183' title='bbox 1788 2598 1845 2645; x_wconf 85' lang='lat' dir='ltr'><strong>et</strong></span> 
     </span>
    </p>
   </div>
   <div class='ocr_carea' id='block_1_26' title="bbox 251 2682 1842 2755">
    <p class='ocr_par' dir='ltr' id='par_1_26' title="bbox 251 2682 1842 2755">
     <span class='ocr_line' id='line_1_26' title="bbox 251 2682 1842 2755; baseline 0.001 -18"><span class='ocrx_word' id='word_1_184' title='bbox 251 2684 320 2738; x_wconf 85' lang='lat' dir='ltr'><strong>ad</strong></span> <span class='ocrx_word' id='word_1_185' title='bbox 341 2683 671 2755; x_wconf 83' lang='lat' dir='ltr'><strong>diligentiam</strong></span> <span class='ocrx_word' id='word_1_186' title='bbox 700 2684 938 2747; x_wconf 90' lang='lat' dir='ltr'><strong>incitant,</strong></span> <span class='ocrx_word' id='word_1_187' title='bbox 967 2683 1092 2738; x_wconf 91' lang='lat' dir='ltr'><strong>dum</strong></span> <span class='ocrx_word' id='word_1_188' title='bbox 1128 2682 1440 2737; x_wconf 87' lang='lat' dir='ltr'><strong>attentiores</strong></span> <span class='ocrx_word' id='word_1_189' title='bbox 1465 2698 1565 2737; x_wconf 87' lang='lat' dir='ltr'><strong>nos</strong></span> <span class='ocrx_word' id='word_1_190' title='bbox 1589 2683 1842 2739; x_wconf 87' lang='lat' dir='ltr'><strong>reddunt.</strong></span> 
     </span>
    </p>
   </div>
   <div class='ocr_carea' id='block_1_27' title="bbox 250 2772 1843 2845">
    <p class='ocr_par' dir='ltr' id='par_1_27' title="bbox 250 2772 1843 2845">
     <span class='ocr_line' id='line_1_27' title="bbox 250 2772 1843 2845; baseline 0 -16"><span class='ocrx_word' id='word_1_191' title='bbox 250 2774 381 2829; x_wconf 77' lang='lat' dir='ltr'><strong>Cum</strong></span> <span class='ocrx_word' id='word_1_192' title='bbox 408 2775 573 2842; x_wconf 89' lang='lat' dir='ltr'><strong>enim,</strong></span> <span class='ocrx_word' id='word_1_193' title='bbox 615 2774 804 2845; x_wconf 84' lang='lat' dir='ltr'><strong>inquit,</strong></span> <span class='ocrx_word' id='word_1_194' title='bbox 835 2775 1078 2829; x_wconf 79' lang='lat' dir='ltr'><strong>occideret</strong></span> <span class='ocrx_word' id='word_1_195' title='bbox 1104 2790 1207 2839; x_wconf 83' lang='lat' dir='ltr'><strong>eos,</strong></span> <span class='ocrx_word' id='word_1_196' title='bbox 1238 2784 1354 2828; x_wconf 81' lang='lat' dir='ltr'><strong>tunc</strong></span> <span class='ocrx_word' id='word_1_197' title='bbox 1379 2772 1666 2845; x_wconf 64' lang='lat' dir='ltr'><strong>quaerebant</strong></span> <span class='ocrx_word' id='word_1_198' title='bbox 1694 2789 1843 2829; x_wconf 84' lang='lat' dir='ltr'><strong>eum:</strong></span> 
     </span>
    </p>
   </div>
   <div class='ocr_carea' id='block_1_28' title="bbox 247 2863 1839 2932">
    <p class='ocr_par' dir='ltr' id='par_1_28' title="bbox 247 2863 1839 2932">
     <span class='ocr_line' id='line_1_28' title="bbox 247 2863 1839 2932; baseline 0 -13"><span class='ocrx_word' id='word_1_199' title='bbox 247 2875 296 2919; x_wconf 83' lang='lat' dir='ltr'><strong>et</strong></span> <span class='ocrx_word' id='word_1_200' title='bbox 323 2865 714 2932; x_wconf 75' lang='lat' dir='ltr'><strong>revertebantur,</strong></span> <span class='ocrx_word' id='word_1_201' title='bbox 745 2877 792 2918; x_wconf 87' lang='lat' dir='ltr'><strong>et</strong></span> <span class='ocrx_word' id='word_1_202' title='bbox 825 2864 1051 2918; x_wconf 83' lang='lat' dir='ltr'><strong>diluculo</strong></span> <span class='ocrx_word' id='word_1_203' title='bbox 1079 2865 1336 2919; x_wconf 79' lang='lat' dir='ltr'><strong>ueniebant</strong></span> <span class='ocrx_word' id='word_1_204' title='bbox 1376 2865 1445 2917; x_wconf 81' lang='lat' dir='ltr'><strong>ad</strong></span> <span class='ocrx_word' id='word_1_205' title='bbox 1483 2864 1644 2917; x_wconf 85' lang='lat' dir='ltr'><strong>Deum</strong></span> <span class='ocrx_word' id='word_1_206' title='bbox 1666 2863 1839 2931; x_wconf 77' lang='lat' dir='ltr'><strong>(Psal.</strong></span> 
     </span>
    </p>
   </div>
   <div class='ocr_carea' id='block_1_29' title="bbox 250 2952 1842 3025">
    <p class='ocr_par' dir='ltr' id='par_1_29' title="bbox 250 2952 1842 3025">
     <span class='ocr_line' id='line_1_29' title="bbox 250 2952 1842 3025; baseline 0.001 -17"><span class='ocrx_word' id='word_1_207' title='bbox 250 2955 339 3009; x_wconf 81' lang='lat'><strong>77.</strong></span> <span class='ocrx_word' id='word_1_208' title='bbox 373 2955 483 3025; x_wconf 71' lang='lat'><strong>&#39;54).</strong></span> <span class='ocrx_word' id='word_1_209' title='bbox 511 2954 765 3009; x_wconf 81' lang='lat' dir='ltr'><strong>Malitiam</strong></span> <span class='ocrx_word' id='word_1_210' title='bbox 792 2953 951 3023; x_wconf 79' lang='lat' dir='ltr'><strong>igitur</strong></span> <span class='ocrx_word' id='word_1_211' title='bbox 979 2954 1115 3008; x_wconf 87' lang='lat' dir='ltr'><strong>hanc</strong></span> <span class='ocrx_word' id='word_1_212' title='bbox 1135 2952 1285 3018; x_wconf 86' lang='lat' dir='ltr'><strong>dicit,</strong></span> <span class='ocrx_word' id='word_1_213' title='bbox 1311 2969 1429 3022; x_wconf 79' lang='lat' dir='ltr'><strong>qute</strong></span> <span class='ocrx_word' id='word_1_214' title='bbox 1452 2954 1690 3024; x_wconf 83' lang='lat' dir='ltr'><strong>corrigit,</strong></span> <span class='ocrx_word' id='word_1_215' title='bbox 1723 2969 1842 3025; x_wconf 70' lang='lat' dir='ltr'><strong>qut:</strong></span> 
     </span>
    </p>
   </div>
   <div class='ocr_carea' id='block_1_30' title="bbox 246 3041 1841 3114">
    <p class='ocr_par' dir='ltr' id='par_1_30' title="bbox 246 3041 1841 3114">
     <span class='ocr_line' id='line_1_30' title="bbox 246 3041 1841 3114; baseline -0.002 -14"><span class='ocrx_word' id='word_1_216' title='bbox 246 3045 423 3100; x_wconf 84' lang='lat' dir='ltr'><strong>reddit</strong></span> <span class='ocrx_word' id='word_1_217' title='bbox 450 3044 706 3109; x_wconf 89' lang='lat' dir='ltr'><strong>illustres,</strong></span> <span class='ocrx_word' id='word_1_218' title='bbox 745 3059 862 3114; x_wconf 76' lang='lat' dir='ltr'><strong>quae</strong></span> <span class='ocrx_word' id='word_1_219' title='bbox 905 3042 1269 3113; x_wconf 83' lang='lat' dir='ltr'><strong>diligentiores</strong></span> <span class='ocrx_word' id='word_1_220' title='bbox 1298 3041 1479 3109; x_wconf 82' lang='lat' dir='ltr'><strong>efﬁcit,</strong></span> <span class='ocrx_word' id='word_1_221' title='bbox 1509 3058 1628 3114; x_wconf 67' lang='lat' dir='ltr'><strong>qua:</strong></span> <span class='ocrx_word' id='word_1_222' title='bbox 1671 3043 1841 3112; x_wconf 84' lang='lat' dir='ltr'><strong>philo-</strong></span> 
     </span>
    </p>
   </div>
   <div class='ocr_carea' id='block_1_31' title="bbox 246 3134 1842 3206">
    <p class='ocr_par' dir='ltr' id='par_1_31' title="bbox 246 3134 1842 3206">
     <span class='ocr_line' id='line_1_31' title="bbox 246 3134 1842 3206; baseline -0.002 -14"><span class='ocrx_word' id='word_1_223' title='bbox 246 3137 491 3206; x_wconf 80' lang='lat' dir='ltr'><strong>sOpliiam</strong></span> <span class='ocrx_word' id='word_1_224' title='bbox 535 3135 740 3203; x_wconf 90' lang='lat' dir='ltr'><strong>inserit,</strong></span> <span class='ocrx_word' id='word_1_225' title='bbox 772 3150 874 3190; x_wconf 91' lang='lat' dir='ltr'><strong>non</strong></span> <span class='ocrx_word' id='word_1_226' title='bbox 908 3135 1051 3189; x_wconf 88' lang='lat' dir='ltr'><strong>illam</strong></span> <span class='ocrx_word' id='word_1_227' title='bbox 1094 3134 1418 3189; x_wconf 85' lang='lat' dir='ltr'><strong>accusationi</strong></span> <span class='ocrx_word' id='word_1_228' title='bbox 1463 3145 1517 3190; x_wconf 89' lang='lat' dir='ltr'><strong>et</strong></span> <span class='ocrx_word' id='word_1_229' title='bbox 1551 3135 1842 3205; x_wconf 56' lang='lat' dir='ltr'><strong>reprehens</strong></span> 
     </span>
    </p>
   </div>
   <div class='ocr_carea' id='block_1_32' title="bbox 245 3224 1838 3295">
    <p class='ocr_par' dir='ltr' id='par_1_32' title="bbox 245 3224 1838 3295">
     <span class='ocr_line' id='line_1_32' title="bbox 245 3224 1838 3295; baseline -0.001 -15"><span class='ocrx_word' id='word_1_230' title='bbox 245 3227 387 3280; x_wconf 65' lang='grc' dir='ltr'><strong>εἰθηί</strong></span> <span class='ocrx_word' id='word_1_231' title='bbox 432 3225 741 3281; x_wconf 86' lang='lat' dir='ltr'><strong>obnoxiam.</strong></span> <span class='ocrx_word' id='word_1_232' title='bbox 774 3224 906 3281; x_wconf 81' lang='lat' dir='ltr'><strong>Nam</strong></span> <span class='ocrx_word' id='word_1_233' title='bbox 951 3225 1037 3279; x_wconf 89' lang='lat' dir='ltr'><strong>illa</strong></span> <span class='ocrx_word' id='word_1_234' title='bbox 1067 3225 1160 3279; x_wconf 87' lang='lat' dir='ltr'><strong>Dei</strong></span> <span class='ocrx_word' id='word_1_235' title='bbox 1192 3239 1328 3295; x_wconf 87' lang='lat' dir='ltr'><strong>opus</strong></span> <span class='ocrx_word' id='word_1_236' title='bbox 1356 3241 1459 3280; x_wconf 82' lang='lat' dir='ltr'><strong>non</strong></span> <span class='ocrx_word' id='word_1_237' title='bbox 1489 3234 1591 3292; x_wconf 84' lang='lat' dir='ltr'><strong>est,</strong></span> <span class='ocrx_word' id='word_1_238' title='bbox 1619 3225 1713 3280; x_wconf 89' lang='lat' dir='ltr'><strong>sed</strong></span> <span class='ocrx_word' id='word_1_239' title='bbox 1738 3244 1838 3278; x_wconf 82' lang='lat' dir='ltr'><strong>no-</strong></span> 
     </span>
    </p>
   </div>
   <div class='ocr_carea' id='block_1_33' title="bbox 248 3316 1839 3380">
    <p class='ocr_par' dir='ltr' id='par_1_33' title="bbox 248 3316 1839 3380">
     <span class='ocr_line' id='line_1_33' title="bbox 248 3316 1839 3380; baseline -0.001 -8"><span class='ocrx_word' id='word_1_240' title='bbox 248 3327 379 3373; x_wconf 69' lang='lat' dir='ltr'><strong>strae</strong></span> <span class='ocrx_word' id='word_1_241' title='bbox 404 3316 692 3371; x_wconf 85' lang='lat' dir='ltr'><strong>voluntatis</strong></span> <span class='ocrx_word' id='word_1_242' title='bbox 719 3317 1010 3380; x_wconf 84' lang='lat' dir='ltr'><strong>inventum,</strong></span> <span class='ocrx_word' id='word_1_243' title='bbox 1036 3316 1151 3371; x_wconf 74' lang='lat' dir='ltr'><strong>lucc</strong></span> <span class='ocrx_word' id='word_1_244' title='bbox 1177 3327 1354 3372; x_wconf 89' lang='lat' dir='ltr'><strong>autem</strong></span> <span class='ocrx_word' id='word_1_245' title='bbox 1384 3317 1449 3370; x_wconf 90' lang='lat' dir='ltr'><strong>ad</strong></span> <span class='ocrx_word' id='word_1_246' title='bbox 1478 3317 1620 3371; x_wconf 88' lang='lat' dir='ltr'><strong>illam</strong></span> <span class='ocrx_word' id='word_1_247' title='bbox 1650 3317 1839 3372; x_wconf 86' lang='lat' dir='ltr'><strong>tollen-</strong></span> 
     </span>
    </p>
   </div>
   <div class='ocr_carea' id='block_1_34' title="bbox 243 3409 1838 3481">
    <p class='ocr_par' dir='ltr' id='par_1_34' title="bbox 243 3409 1838 3481">
     <span class='ocr_line' id='line_1_34' title="bbox 243 3409 1838 3481; baseline 0 -17"><span class='ocrx_word' id='word_1_248' title='bbox 243 3409 369 3464; x_wconf 86' lang='lat' dir='ltr'><strong>dam</strong></span> <span class='ocrx_word' id='word_1_249' title='bbox 397 3409 633 3465; x_wconf 88' lang='lat' dir='ltr'><strong>instituta</strong></span> <span class='ocrx_word' id='word_1_250' title='bbox 662 3419 763 3464; x_wconf 90' lang='lat' dir='ltr'><strong>est.</strong></span> <span class='ocrx_word' id='word_1_251' title='bbox 791 3410 1045 3464; x_wconf 80' lang='lat' dir='ltr'><strong>Malitiam</strong></span> <span class='ocrx_word' id='word_1_252' title='bbox 1089 3409 1247 3480; x_wconf 77' lang='lat' dir='ltr'><strong>igitur</strong></span> <span class='ocrx_word' id='word_1_253' title='bbox 1275 3411 1412 3464; x_wconf 92' lang='lat' dir='ltr'><strong>hanc</strong></span> <span class='ocrx_word' id='word_1_254' title='bbox 1431 3409 1661 3481; x_wconf 82' lang='lat' dir='ltr'><strong>appellat</strong></span> <span class='ocrx_word' id='word_1_255' title='bbox 1699 3409 1838 3464; x_wconf 84' lang='lat' dir='ltr'><strong>afﬂi-</strong></span> 
     </span>
    </p>
   </div>
   <div class='ocr_carea' id='block_1_35' title="bbox 239 3502 1836 3571">
    <p class='ocr_par' dir='ltr' id='par_1_35' title="bbox 239 3502 1836 3571">
     <span class='ocr_line' id='line_1_35' title="bbox 239 3502 1836 3571; baseline 0.001 -14"><span class='ocrx_word' id='word_1_256' title='bbox 239 3502 501 3567; x_wconf 71' lang='lat' dir='ltr'><strong>uionem,</strong></span> <span class='ocrx_word' id='word_1_257' title='bbox 530 3517 648 3571; x_wconf 83' lang='lat' dir='ltr'><strong>quae</strong></span> <span class='ocrx_word' id='word_1_258' title='bbox 676 3502 830 3557; x_wconf 90' lang='lat' dir='ltr'><strong>nobis</strong></span> <span class='ocrx_word' id='word_1_259' title='bbox 847 3517 911 3556; x_wconf 83' lang='lat' dir='ltr'><strong>ex</strong></span> <span class='ocrx_word' id='word_1_260' title='bbox 938 3502 1216 3571; x_wconf 85' lang='lat' dir='ltr'><strong>suppliciis</strong></span> <span class='ocrx_word' id='word_1_261' title='bbox 1237 3502 1408 3556; x_wconf 90' lang='lat' dir='ltr'><strong>oritur</strong></span> <span class='ocrx_word' id='word_1_262' title='bbox 1427 3543 1442 3568; x_wconf 94' lang='lat'><strong>,</strong></span> <span class='ocrx_word' id='word_1_263' title='bbox 1492 3516 1597 3557; x_wconf 92' lang='lat' dir='ltr'><strong>non</strong></span> <span class='ocrx_word' id='word_1_264' title='bbox 1629 3517 1695 3557; x_wconf 85' lang='lat' dir='ltr'><strong>ex</strong></span> <span class='ocrx_word' id='word_1_265' title='bbox 1742 3516 1836 3558; x_wconf 84' lang='lat' dir='ltr'><strong>sua</strong></span> 
     </span>
    </p>
   </div>
   <div class='ocr_carea' id='block_1_36' title="bbox 244 3591 1839 3662">
    <p class='ocr_par' dir='ltr' id='par_1_36' title="bbox 244 3591 1839 3662">
     <span class='ocr_line' id='line_1_36' title="bbox 244 3591 1839 3662; baseline 0.002 -16"><span class='ocrx_word' id='word_1_266' title='bbox 244 3601 457 3658; x_wconf 84' lang='lat' dir='ltr'><strong>natura,</strong></span> <span class='ocrx_word' id='word_1_267' title='bbox 477 3591 576 3648; x_wconf 88' lang='lat' dir='ltr'><strong>sed</strong></span> <span class='ocrx_word' id='word_1_268' title='bbox 606 3606 671 3647; x_wconf 89' lang='lat' dir='ltr'><strong>ex</strong></span> <span class='ocrx_word' id='word_1_269' title='bbox 698 3593 972 3647; x_wconf 89' lang='lat' dir='ltr'><strong>hominum</strong></span> <span class='ocrx_word' id='word_1_270' title='bbox 999 3594 1252 3662; x_wconf 82' lang='lat' dir='ltr'><strong>opinione</strong></span> <span class='ocrx_word' id='word_1_271' title='bbox 1282 3594 1386 3648; x_wconf 85' lang='lat' dir='ltr'><strong>tale</strong></span> <span class='ocrx_word' id='word_1_272' title='bbox 1420 3593 1495 3647; x_wconf 90' lang='lat' dir='ltr'><strong>illi</strong></span> <span class='ocrx_word' id='word_1_273' title='bbox 1520 3608 1716 3649; x_wconf 88' lang='lat' dir='ltr'><strong>nomen</strong></span> <span class='ocrx_word' id='word_1_274' title='bbox 1746 3594 1839 3649; x_wconf 91' lang='lat' dir='ltr'><strong>im-</strong></span> 
     </span>
    </p>
   </div>
   <div class='ocr_carea' id='block_1_37' title="bbox 245 3683 1835 3755">
    <p class='ocr_par' dir='ltr' id='par_1_37' title="bbox 245 3683 1835 3755">
     <span class='ocr_line' id='line_1_37' title="bbox 245 3683 1835 3755; baseline 0.002 -18"><span class='ocrx_word' id='word_1_275' title='bbox 245 3699 470 3755; x_wconf 78' lang='lat' dir='ltr'><strong>ponens.</strong></span> <span class='ocrx_word' id='word_1_276' title='bbox 493 3683 626 3738; x_wconf 90' lang='lat' dir='ltr'><strong>Nam</strong></span> <span class='ocrx_word' id='word_1_277' title='bbox 653 3685 903 3754; x_wconf 90' lang='lat' dir='ltr'><strong>quoniam</strong></span> <span class='ocrx_word' id='word_1_278' title='bbox 934 3685 1188 3739; x_wconf 87' lang='lat' dir='ltr'><strong>malitiam</strong></span> <span class='ocrx_word' id='word_1_279' title='bbox 1234 3684 1470 3739; x_wconf 86' lang='lat' dir='ltr'><strong>solemus</strong></span> <span class='ocrx_word' id='word_1_280' title='bbox 1497 3699 1689 3741; x_wconf 89' lang='lat' dir='ltr'><strong>vocare</strong></span> <span class='ocrx_word' id='word_1_281' title='bbox 1728 3700 1835 3740; x_wconf 91' lang='lat' dir='ltr'><strong>non</strong></span> 
     </span>
    </p>
   </div>
   <div class='ocr_carea' id='block_1_38' title="bbox 244 3774 1833 3843">
    <p class='ocr_par' dir='ltr' id='par_1_38' title="bbox 244 3774 1833 3843">
     <span class='ocr_line' id='line_1_38' title="bbox 244 3774 1833 3843; baseline 0.002 -14"><span class='ocrx_word' id='word_1_282' title='bbox 244 3774 382 3829; x_wconf 86' lang='lat' dir='ltr'><strong>furta</strong></span> <span class='ocrx_word' id='word_1_283' title='bbox 454 3775 627 3831; x_wconf 89' lang='lat' dir='ltr'><strong>solum</strong></span> <span class='ocrx_word' id='word_1_284' title='bbox 704 3784 760 3831; x_wconf 87' lang='lat' dir='ltr'><strong>et</strong></span> <span class='ocrx_word' id='word_1_285' title='bbox 809 3775 1104 3843; x_wconf 85' lang='lat' dir='ltr'><strong>adulteria,</strong></span> <span class='ocrx_word' id='word_1_286' title='bbox 1154 3775 1247 3830; x_wconf 91' lang='lat' dir='ltr'><strong>sed</strong></span> <span class='ocrx_word' id='word_1_287' title='bbox 1270 3776 1432 3830; x_wconf 85' lang='lat' dir='ltr'><strong>etiam</strong></span> <span class='ocrx_word' id='word_1_288' title='bbox 1479 3776 1833 3843; x_wconf 76' lang='lat' dir='ltr'><strong>calamitates,</strong></span> 
     </span>
    </p>
   </div>
   <div class='ocr_carea' id='block_1_39' title="bbox 244 3867 1836 3939">
    <p class='ocr_par' dir='ltr' id='par_1_39' title="bbox 244 3867 1836 3939">
     <span class='ocr_line' id='line_1_39' title="bbox 244 3867 1836 3939; baseline 0.004 -20"><span class='ocrx_word' id='word_1_289' title='bbox 244 3883 308 3921; x_wconf 88' lang='lat' dir='ltr'><strong>ex</strong></span> <span class='ocrx_word' id='word_1_290' title='bbox 343 3867 618 3922; x_wconf 90' lang='lat' dir='ltr'><strong>hominum</strong></span> <span class='ocrx_word' id='word_1_291' title='bbox 648 3869 912 3923; x_wconf 89' lang='lat' dir='ltr'><strong>sententia</strong></span> <span class='ocrx_word' id='word_1_292' title='bbox 951 3868 1022 3922; x_wconf 88' lang='lat' dir='ltr'><strong>ita</strong></span> <span class='ocrx_word' id='word_1_293' title='bbox 1062 3883 1173 3923; x_wconf 89' lang='lat' dir='ltr'><strong>rem</strong></span> <span class='ocrx_word' id='word_1_294' title='bbox 1209 3869 1509 3939; x_wconf 86' lang='lat' dir='ltr'><strong>appellavit.</strong></span> <span class='ocrx_word' id='word_1_295' title='bbox 1537 3869 1649 3924; x_wconf 83' lang='lat' dir='ltr'><strong>Hoc</strong></span> <span class='ocrx_word' id='word_1_296' title='bbox 1675 3869 1836 3939; x_wconf 88' lang='lat' dir='ltr'><strong>igitur</strong></span> 
     </span>
    </p>
   </div>
   <div class='ocr_carea' id='block_1_40' title="bbox 243 3958 1835 4031">
    <p class='ocr_par' dir='ltr' id='par_1_40' title="bbox 243 3958 1835 4031">
     <span class='ocr_line' id='line_1_40' title="bbox 243 3958 1835 4031; baseline -0.001 -17"><span class='ocrx_word' id='word_1_297' title='bbox 243 3966 352 4019; x_wconf 85' lang='lat' dir='ltr'><strong>est.</strong></span> <span class='ocrx_word' id='word_1_298' title='bbox 383 3958 524 4028; x_wconf 88' lang='lat' dir='ltr'><strong>quod</strong></span> <span class='ocrx_word' id='word_1_299' title='bbox 552 3959 625 4013; x_wconf 85' lang='lat' dir='ltr'><strong>ait</strong></span> <span class='ocrx_word' id='word_1_300' title='bbox 652 3960 931 4031; x_wconf 78' lang='lat' dir='ltr'><strong>propheta,</strong></span> <span class='ocrx_word' id='word_1_301' title='bbox 963 3959 1087 4030; x_wconf 85' lang='lat' dir='ltr'><strong>quia</strong></span> <span class='ocrx_word' id='word_1_302' title='bbox 1119 3958 1243 4013; x_wconf 86' lang='lat' dir='ltr'><strong>Non</strong></span> <span class='ocrx_word' id='word_1_303' title='bbox 1283 3968 1358 4014; x_wconf 76' lang='lat' dir='ltr'><strong>est</strong></span> <span class='ocrx_word' id='word_1_304' title='bbox 1384 3959 1580 4013; x_wconf 77' lang='lat' dir='ltr'><strong>malitia</strong></span> <span class='ocrx_word' id='word_1_305' title='bbox 1616 3960 1669 4013; x_wconf 87' lang='lat' dir='ltr'><strong>in</strong></span> <span class='ocrx_word' id='word_1_306' title='bbox 1709 3960 1835 4012; x_wconf 61' lang='lat' dir='ltr'><strong>civi»</strong></span> 
     </span>
    </p>
   </div>
   <div class='ocr_carea' id='block_1_41' title="bbox 245 4050 1832 4124">
    <p class='ocr_par' dir='ltr' id='par_1_41' title="bbox 245 4050 1832 4124">
     <span class='ocr_line' id='line_1_41' title="bbox 245 4050 1832 4124; baseline 0 -20"><span class='ocrx_word' id='word_1_307' title='bbox 245 4059 369 4118; x_wconf 86' lang='lat' dir='ltr'><strong>tate,</strong></span> <span class='ocrx_word' id='word_1_308' title='bbox 397 4066 547 4121; x_wconf 84' lang='lat' dir='ltr'><strong>quam</strong></span> <span class='ocrx_word' id='word_1_309' title='bbox 569 4068 670 4106; x_wconf 87' lang='lat' dir='ltr'><strong>non</strong></span> <span class='ocrx_word' id='word_1_310' title='bbox 694 4052 866 4124; x_wconf 76' lang='lat' dir='ltr'><strong>fecerit</strong></span> <span class='ocrx_word' id='word_1_311' title='bbox 888 4050 1332 4121; x_wconf 75' lang='lat' dir='ltr'><strong>Durninus(Anws</strong></span> <span class='ocrx_word' id='word_1_312' title='bbox 1362 4052 1413 4106; x_wconf 77' lang='grc'><strong>5.</strong></span> <span class='ocrx_word' id='word_1_313' title='bbox 1445 4050 1522 4119; x_wconf 87' lang='lat'><strong>6).</strong></span> <span class='ocrx_word' id='word_1_314' title='bbox 1542 4050 1655 4106; x_wconf 82' lang='lat' dir='ltr'><strong>Hoc</strong></span> <span class='ocrx_word' id='word_1_315' title='bbox 1674 4051 1832 4106; x_wconf 85' lang='lat' dir='ltr'><strong>etiam</strong></span> 
     </span>
    </p>
   </div>
   <div class='ocr_carea' id='block_1_42' title="bbox 244 4141 1835 4214">
    <p class='ocr_par' dir='ltr' id='par_1_42' title="bbox 244 4141 1835 4214">
     <span class='ocr_line' id='line_1_42' title="bbox 244 4141 1835 4214; baseline 0.001 -18"><span class='ocrx_word' id='word_1_316' title='bbox 244 4155 344 4212; x_wconf 88' lang='lat' dir='ltr'><strong>per</strong></span> <span class='ocrx_word' id='word_1_317' title='bbox 371 4141 561 4197; x_wconf 85' lang='lat' dir='ltr'><strong>Isaiam</strong></span> <span class='ocrx_word' id='word_1_318' title='bbox 591 4154 747 4198; x_wconf 88' lang='lat' dir='ltr'><strong>antea</strong></span> <span class='ocrx_word' id='word_1_319' title='bbox 782 4142 1103 4212; x_wconf 81' lang='lat' dir='ltr'><strong>significavit</strong></span> <span class='ocrx_word' id='word_1_320' title='bbox 1138 4143 1314 4208; x_wconf 89' lang='lat' dir='ltr'><strong>Deus,</strong></span> <span class='ocrx_word' id='word_1_321' title='bbox 1361 4158 1484 4197; x_wconf 88' lang='lat' dir='ltr'><strong>cum</strong></span> <span class='ocrx_word' id='word_1_322' title='bbox 1509 4143 1688 4197; x_wconf 85' lang='lat' dir='ltr'><strong>dixit:</strong></span> <span class='ocrx_word' id='word_1_323' title='bbox 1723 4143 1835 4214; x_wconf 78' lang='lat' dir='ltr'><strong>Ego</strong></span> 
     </span>
    </p>
   </div>
   <div class='ocr_carea' id='block_1_43' title="bbox 244 4229 1834 4309">
    <p class='ocr_par' dir='ltr' id='par_1_43' title="bbox 244 4229 1834 4309">
     <span class='ocr_line' id='line_1_43' title="bbox 244 4229 1834 4309; baseline 0.001 -19"><span class='ocrx_word' id='word_1_324' title='bbox 244 4229 387 4291; x_wconf 77' lang='lat' dir='ltr'><strong>Deus</strong></span> <span class='ocrx_word' id='word_1_325' title='bbox 414 4237 606 4307; x_wconf 75' lang='lat' dir='ltr'><strong>faciens</strong></span> <span class='ocrx_word' id='word_1_326' title='bbox 625 4253 822 4306; x_wconf 84' lang='lat' dir='ltr'><strong>pacem,</strong></span> <span class='ocrx_word' id='word_1_327' title='bbox 848 4246 897 4290; x_wconf 84' lang='lat' dir='ltr'><strong>et</strong></span> <span class='ocrx_word' id='word_1_328' title='bbox 914 4252 1095 4292; x_wconf 76' lang='lat' dir='ltr'><strong>ereans</strong></span> <span class='ocrx_word' id='word_1_329' title='bbox 1118 4236 1254 4289; x_wconf 82' lang='lat' dir='ltr'><strong>mala</strong></span> <span class='ocrx_word' id='word_1_330' title='bbox 1287 4234 1438 4309; x_wconf 78' lang='lat' dir='ltr'><strong>(lsai.</strong></span> <span class='ocrx_word' id='word_1_331' title='bbox 1476 4237 1565 4292; x_wconf 68' lang='lat'><strong>45.</strong></span> <span class='ocrx_word' id='word_1_332' title='bbox 1598 4235 1673 4308; x_wconf 84' lang='lat'><strong>7);</strong></span> <span class='ocrx_word' id='word_1_333' title='bbox 1692 4236 1834 4292; x_wconf 78' lang='lat' dir='ltr'><strong>mala</strong></span> 
     </span>
    </p>
   </div>
   <div class='ocr_carea' id='block_1_44' title="bbox 245 4326 1834 4398">
    <p class='ocr_par' dir='ltr' id='par_1_44' title="bbox 245 4326 1834 4398">
     <span class='ocr_line' id='line_1_44' title="bbox 245 4326 1834 4398; baseline 0.001 -18"><span class='ocrx_word' id='word_1_334' title='bbox 245 4338 433 4382; x_wconf 83' lang='lat' dir='ltr'><strong>rursus</strong></span> <span class='ocrx_word' id='word_1_335' title='bbox 446 4327 785 4383; x_wconf 85' lang='lat' dir='ltr'><strong>calamitates</strong></span> <span class='ocrx_word' id='word_1_336' title='bbox 805 4327 1101 4398; x_wconf 87' lang='lat' dir='ltr'><strong>appellans.</strong></span> <span class='ocrx_word' id='word_1_337' title='bbox 1126 4326 1279 4383; x_wconf 85' lang='lat' dir='ltr'><strong>Hanc</strong></span> <span class='ocrx_word' id='word_1_338' title='bbox 1296 4328 1455 4382; x_wconf 88' lang='lat' dir='ltr'><strong>etiam</strong></span> <span class='ocrx_word' id='word_1_339' title='bbox 1472 4327 1717 4383; x_wconf 85' lang='lat' dir='ltr'><strong>Christus</strong></span> <span class='ocrx_word' id='word_1_340' title='bbox 1730 4343 1834 4382; x_wconf 88' lang='lat' dir='ltr'><strong>ma-</strong></span> 
     </span>
    </p>
   </div>
   <div class='ocr_carea' id='block_1_45' title="bbox 246 4418 1836 4491">
    <p class='ocr_par' dir='ltr' id='par_1_45' title="bbox 246 4418 1836 4491">
     <span class='ocr_line' id='line_1_45' title="bbox 246 4418 1836 4491; baseline 0.003 -18"><span class='ocrx_word' id='word_1_341' title='bbox 246 4418 412 4473; x_wconf 85' lang='lat' dir='ltr'><strong>litiam</strong></span> <span class='ocrx_word' id='word_1_342' title='bbox 442 4421 493 4474; x_wconf 92' lang='lat' dir='ltr'><strong>in</strong></span> <span class='ocrx_word' id='word_1_343' title='bbox 520 4420 823 4491; x_wconf 87' lang='lat' dir='ltr'><strong>Evangeliis</strong></span> <span class='ocrx_word' id='word_1_344' title='bbox 841 4419 1162 4486; x_wconf 87' lang='lat' dir='ltr'><strong>subindicat,</strong></span> <span class='ocrx_word' id='word_1_345' title='bbox 1182 4436 1302 4476; x_wconf 90' lang='lat' dir='ltr'><strong>cum</strong></span> <span class='ocrx_word' id='word_1_346' title='bbox 1324 4421 1598 4491; x_wconf 85' lang='lat' dir='ltr'><strong>discipulis</strong></span> <span class='ocrx_word' id='word_1_347' title='bbox 1618 4425 1691 4477; x_wconf 86' lang='lat' dir='ltr'><strong>ita</strong></span> <span class='ocrx_word' id='word_1_348' title='bbox 1706 4421 1836 4477; x_wconf 90' lang='lat' dir='ltr'><strong>dicit</strong></span> 
     </span>
    </p>
   </div>
   <div class='ocr_carea' id='block_1_46' title="bbox 245 4507 1829 4583">
    <p class='ocr_par' dir='ltr' id='par_1_46' title="bbox 245 4507 1829 4583">
     <span class='ocr_line' id='line_1_46' title="bbox 245 4507 1829 4583; baseline 0 -19"><span class='ocrx_word' id='word_1_349' title='bbox 245 4507 444 4579; x_wconf 73' lang='lat' dir='ltr'><strong>Sat/ﬁcit</strong></span> <span class='ocrx_word' id='word_1_350' title='bbox 471 4511 790 4577; x_wconf 73' lang='lat' dir='ltr'><strong>dieimaiitia</strong></span> <span class='ocrx_word' id='word_1_351' title='bbox 809 4527 902 4565; x_wconf 82' lang='lat' dir='ltr'><strong>sua</strong></span> <span class='ocrx_word' id='word_1_352' title='bbox 916 4509 1130 4579; x_wconf 77' lang='lat' dir='ltr'><strong>(Matth.</strong></span> <span class='ocrx_word' id='word_1_353' title='bbox 1155 4510 1207 4567; x_wconf 91' lang='lat'><strong>6.</strong></span> <span class='ocrx_word' id='word_1_354' title='bbox 1230 4509 1343 4583; x_wconf 76' lang='lat' dir='ltr'><strong>5i),</strong></span> <span class='ocrx_word' id='word_1_355' title='bbox 1368 4511 1472 4566; x_wconf 84' lang='lat' dir='ltr'><strong>hoc</strong></span> <span class='ocrx_word' id='word_1_356' title='bbox 1492 4520 1574 4566; x_wconf 88' lang='lat' dir='ltr'><strong>est</strong></span> <span class='ocrx_word' id='word_1_357' title='bbox 1593 4511 1829 4577; x_wconf 84' lang='lat' dir='ltr'><strong>afﬂictio,</strong></span> 
     </span>
    </p>
   </div>
   <div class='ocr_carea' id='block_1_47' title="bbox 244 4597 1834 4676">
    <p class='ocr_par' dir='ltr' id='par_1_47' title="bbox 244 4597 1834 4676">
     <span class='ocr_line' id='line_1_47' title="bbox 244 4597 1834 4676; baseline 0.003 -20"><span class='ocrx_word' id='word_1_358' title='bbox 244 4600 483 4674; x_wconf 81' lang='lat' dir='ltr'><strong>miseria.</strong></span> <span class='ocrx_word' id='word_1_359' title='bbox 512 4601 703 4674; x_wconf 80' lang='lat' dir='ltr'><strong>Liquet</strong></span> <span class='ocrx_word' id='word_1_360' title='bbox 743 4597 912 4674; x_wconf 80' lang='lat' dir='ltr'><strong>igitur</strong></span> <span class='ocrx_word' id='word_1_361' title='bbox 929 4604 1162 4675; x_wconf 87' lang='lat' dir='ltr'><strong>undique</strong></span> <span class='ocrx_word' id='word_1_362' title='bbox 1184 4603 1440 4659; x_wconf 80' lang='lat' dir='ltr'><strong>malitiam</strong></span> <span class='ocrx_word' id='word_1_363' title='bbox 1469 4603 1556 4660; x_wconf 90' lang='lat' dir='ltr'><strong>hic</strong></span> <span class='ocrx_word' id='word_1_364' title='bbox 1571 4620 1692 4660; x_wconf 92' lang='lat' dir='ltr'><strong>eum</strong></span> <span class='ocrx_word' id='word_1_365' title='bbox 1722 4621 1834 4676; x_wconf 78' lang='lat' dir='ltr'><strong>pte-</strong></span> 
     </span>
    </p>
   </div>
   <div class='ocr_carea' id='block_1_48' title="bbox 245 4696 1833 4767">
    <p class='ocr_par' dir='ltr' id='par_1_48' title="bbox 245 4696 1833 4767">
     <span class='ocr_line' id='line_1_48' title="bbox 245 4696 1833 4767; baseline 0.003 -19"><span class='ocrx_word' id='word_1_366' title='bbox 245 4710 344 4749; x_wconf 86' lang='lat' dir='ltr'><strong>nas</strong></span> <span class='ocrx_word' id='word_1_367' title='bbox 374 4696 664 4765; x_wconf 88' lang='lat' dir='ltr'><strong>appellare,</strong></span> <span class='ocrx_word' id='word_1_368' title='bbox 695 4710 827 4766; x_wconf 91' lang='lat' dir='ltr'><strong>quas</strong></span> <span class='ocrx_word' id='word_1_369' title='bbox 840 4704 894 4751; x_wconf 89' lang='lat' dir='ltr'><strong>et</strong></span> <span class='ocrx_word' id='word_1_370' title='bbox 919 4697 1034 4767; x_wconf 90' lang='lat' dir='ltr'><strong>ipse</strong></span> <span class='ocrx_word' id='word_1_371' title='bbox 1050 4697 1204 4754; x_wconf 87' lang='lat' dir='ltr'><strong>nobis</strong></span> <span class='ocrx_word' id='word_1_372' title='bbox 1222 4698 1347 4752; x_wconf 89' lang='lat' dir='ltr'><strong>dum</strong></span> <span class='ocrx_word' id='word_1_373' title='bbox 1368 4697 1529 4753; x_wconf 83' lang='lat' dir='ltr'><strong>infert</strong></span> <span class='ocrx_word' id='word_1_374' title='bbox 1543 4700 1833 4753; x_wconf 88' lang='lat' dir='ltr'><strong>maximum</strong></span> 
     </span>
    </p>
   </div>
   <div class='ocr_carea' id='block_1_49' title="bbox 243 4787 1830 4859">
    <p class='ocr_par' dir='ltr' id='par_1_49' title="bbox 243 4787 1830 4859">
     <span class='ocr_line' id='line_1_49' title="bbox 243 4787 1830 4859; baseline 0.003 -16"><span class='ocrx_word' id='word_1_375' title='bbox 243 4800 358 4843; x_wconf 76' lang='lat' dir='ltr'><strong>sua:</strong></span> <span class='ocrx_word' id='word_1_376' title='bbox 385 4802 530 4840; x_wconf 69' lang='lat' dir='ltr'><strong>cura:</strong></span> <span class='ocrx_word' id='word_1_377' title='bbox 553 4801 617 4841; x_wconf 86' lang='lat' dir='ltr'><strong>ac</strong></span> <span class='ocrx_word' id='word_1_378' title='bbox 645 4787 992 4857; x_wconf 74' lang='lat' dir='ltr'><strong>providentia:</strong></span> <span class='ocrx_word' id='word_1_379' title='bbox 1019 4802 1187 4859; x_wconf 89' lang='lat' dir='ltr'><strong>genus</strong></span> <span class='ocrx_word' id='word_1_380' title='bbox 1203 4790 1437 4845; x_wconf 78' lang='lat' dir='ltr'><strong>exhibet.</strong></span> <span class='ocrx_word' id='word_1_381' title='bbox 1457 4789 1588 4845; x_wconf 86' lang='lat' dir='ltr'><strong>Nam</strong></span> <span class='ocrx_word' id='word_1_382' title='bbox 1629 4800 1685 4846; x_wconf 88' lang='lat' dir='ltr'><strong>et</strong></span> <span class='ocrx_word' id='word_1_383' title='bbox 1713 4806 1830 4847; x_wconf 88' lang='lat' dir='ltr'><strong>me-</strong></span> 
     </span>
    </p>
   </div>
   <div class='ocr_carea' id='block_1_50' title="bbox 244 4877 1832 4952">
    <p class='ocr_par' dir='ltr' id='par_1_50' title="bbox 244 4877 1832 4952">
     <span class='ocr_line' id='line_1_50' title="bbox 244 4877 1832 4952; baseline 0.005 -21"><span class='ocrx_word' id='word_1_384' title='bbox 244 4877 416 4943; x_wconf 88' lang='lat' dir='ltr'><strong>dicus,</strong></span> <span class='ocrx_word' id='word_1_385' title='bbox 448 4894 553 4933; x_wconf 92' lang='lat' dir='ltr'><strong>non</strong></span> <span class='ocrx_word' id='word_1_386' title='bbox 569 4894 689 4933; x_wconf 90' lang='lat' dir='ltr'><strong>cum</strong></span> <span class='ocrx_word' id='word_1_387' title='bbox 709 4894 906 4950; x_wconf 62' lang='lat' dir='ltr'><strong>a‘grum</strong></span> <span class='ocrx_word' id='word_1_388' title='bbox 937 4880 990 4935; x_wconf 90' lang='lat' dir='ltr'><strong>in</strong></span> <span class='ocrx_word' id='word_1_389' title='bbox 1012 4880 1195 4937; x_wconf 87' lang='lat' dir='ltr'><strong>hortos</strong></span> <span class='ocrx_word' id='word_1_390' title='bbox 1214 4896 1276 4937; x_wconf 89' lang='lat' dir='ltr'><strong>ac</strong></span> <span class='ocrx_word' id='word_1_391' title='bbox 1292 4892 1439 4952; x_wconf 87' lang='lat' dir='ltr'><strong>prata</strong></span> <span class='ocrx_word' id='word_1_392' title='bbox 1455 4883 1690 4951; x_wconf 83' lang='lat' dir='ltr'><strong>deducit,</strong></span> <span class='ocrx_word' id='word_1_393' title='bbox 1714 4884 1832 4939; x_wconf 87' lang='lat' dir='ltr'><strong>lau-</strong></span> 
     </span>
    </p>
   </div>
   <div class='ocr_carea' id='block_1_51' title="bbox 243 4968 1834 5050">
    <p class='ocr_par' dir='ltr' id='par_1_51' title="bbox 243 4968 1834 5050">
     <span class='ocr_line' id='line_1_51' title="bbox 243 4968 1834 5050; baseline 0.005 -26"><span class='ocrx_word' id='word_1_394' title='bbox 243 4968 457 5027; x_wconf 84' lang='lat' dir='ltr'><strong>dandus</strong></span> <span class='ocrx_word' id='word_1_395' title='bbox 473 4981 556 5026; x_wconf 86' lang='lat' dir='ltr'><strong>est</strong></span> <span class='ocrx_word' id='word_1_396' title='bbox 580 4981 804 5040; x_wconf 86' lang='lat' dir='ltr'><strong>tantum,</strong></span> <span class='ocrx_word' id='word_1_397' title='bbox 821 4988 922 5028; x_wconf 82' lang='lat' dir='ltr'><strong>nec</strong></span> <span class='ocrx_word' id='word_1_398' title='bbox 945 4978 1066 5029; x_wconf 86' lang='lat' dir='ltr'><strong>cum</strong></span> <span class='ocrx_word' id='word_1_399' title='bbox 1081 4975 1132 5030; x_wconf 90' lang='lat' dir='ltr'><strong>in</strong></span> <span class='ocrx_word' id='word_1_400' title='bbox 1155 4974 1341 5031; x_wconf 88' lang='lat' dir='ltr'><strong>balnea</strong></span> <span class='ocrx_word' id='word_1_401' title='bbox 1354 4985 1406 5031; x_wconf 92' lang='lat' dir='ltr'><strong>et</strong></span> <span class='ocrx_word' id='word_1_402' title='bbox 1416 4976 1646 5047; x_wconf 91' lang='lat' dir='ltr'><strong>piscinas</strong></span> <span class='ocrx_word' id='word_1_403' title='bbox 1670 4993 1834 5050; x_wconf 87' lang='lat' dir='ltr'><strong>aqua-</strong></span> 
     </span>
    </p>
   </div>
   <div class='ocr_carea' id='block_1_52' title="bbox 245 5065 1834 5140">
    <p class='ocr_par' dir='ltr' id='par_1_52' title="bbox 245 5065 1834 5140">
     <span class='ocr_line' id='line_1_52' title="bbox 245 5065 1834 5140; baseline 0.006 -23"><span class='ocrx_word' id='word_1_404' title='bbox 245 5075 492 5128; x_wconf 86' lang='lat' dir='ltr'><strong>rum,ncc</strong></span> <span class='ocrx_word' id='word_1_405' title='bbox 505 5078 627 5118; x_wconf 92' lang='lat' dir='ltr'><strong>cum</strong></span> <span class='ocrx_word' id='word_1_406' title='bbox 639 5065 912 5135; x_wconf 88' lang='lat' dir='ltr'><strong>opiparam</strong></span> <span class='ocrx_word' id='word_1_407' title='bbox 931 5080 1168 5121; x_wconf 79' lang='lat' dir='ltr'><strong>mensam</strong></span> <span class='ocrx_word' id='word_1_408' title='bbox 1184 5068 1422 5136; x_wconf 86' lang='lat' dir='ltr'><strong>apponit,</strong></span> <span class='ocrx_word' id='word_1_409' title='bbox 1436 5069 1531 5124; x_wconf 89' lang='lat' dir='ltr'><strong>sed</strong></span> <span class='ocrx_word' id='word_1_410' title='bbox 1547 5077 1602 5124; x_wconf 89' lang='lat' dir='ltr'><strong>et</strong></span> <span class='ocrx_word' id='word_1_411' title='bbox 1616 5085 1736 5125; x_wconf 89' lang='lat' dir='ltr'><strong>cum</strong></span> <span class='ocrx_word' id='word_1_412' title='bbox 1750 5070 1834 5140; x_wconf 66' lang='grc' dir='ltr'><strong>ᾔει</strong></span> 
     </span>
    </p>
   </div>
   <div class='ocr_carea' id='block_1_53' title="bbox 241 5152 1827 5227">
    <p class='ocr_par' dir='ltr' id='par_1_53' title="bbox 241 5152 1827 5227">
     <span class='ocr_line' id='line_1_53' title="bbox 241 5152 1827 5227; baseline 0.008 -23"><span class='ocrx_word' id='word_1_413' title='bbox 241 5152 431 5222; x_wconf 74' lang='lat' dir='ltr'><strong>jnnnm</strong></span> <span class='ocrx_word' id='word_1_414' title='bbox 442 5154 595 5223; x_wconf 85' lang='lat' dir='ltr'><strong>jubet</strong></span> <span class='ocrx_word' id='word_1_415' title='bbox 609 5171 847 5221; x_wconf 87' lang='lat' dir='ltr'><strong>manere,</strong></span> <span class='ocrx_word' id='word_1_416' title='bbox 863 5172 982 5211; x_wconf 91' lang='lat' dir='ltr'><strong>cum</strong></span> <span class='ocrx_word' id='word_1_417' title='bbox 999 5156 1134 5211; x_wconf 89' lang='lat' dir='ltr'><strong>fame</strong></span> <span class='ocrx_word' id='word_1_418' title='bbox 1146 5165 1357 5227; x_wconf 90' lang='lat' dir='ltr'><strong>torquet</strong></span> <span class='ocrx_word' id='word_1_419' title='bbox 1369 5159 1516 5213; x_wconf 88' lang='lat' dir='ltr'><strong>etsiti</strong></span> <span class='ocrx_word' id='word_1_420' title='bbox 1537 5160 1827 5227; x_wconf 80' lang='lat' dir='ltr'><strong>excruciat,</strong></span> 
     </span>
    </p>
   </div>
   <div class='ocr_carea' id='block_1_54' title="bbox 245 5246 1829 5322">
    <p class='ocr_par' dir='ltr' id='par_1_54' title="bbox 245 5246 1829 5322">
     <span class='ocr_line' id='line_1_54' title="bbox 245 5246 1829 5322; baseline 0.006 -22"><span class='ocrx_word' id='word_1_421' title='bbox 245 5259 367 5300; x_wconf 82' lang='lat' dir='ltr'><strong>eum</strong></span> <span class='ocrx_word' id='word_1_422' title='bbox 399 5246 538 5301; x_wconf 91' lang='lat' dir='ltr'><strong>lecto</strong></span> <span class='ocrx_word' id='word_1_423' title='bbox 580 5247 765 5317; x_wconf 78' lang='lat' dir='ltr'><strong>affigit,</strong></span> <span class='ocrx_word' id='word_1_424' title='bbox 806 5258 861 5303; x_wconf 92' lang='lat' dir='ltr'><strong>et</strong></span> <span class='ocrx_word' id='word_1_425' title='bbox 887 5248 1106 5304; x_wconf 87' lang='lat' dir='ltr'><strong>donmm</strong></span> <span class='ocrx_word' id='word_1_426' title='bbox 1154 5251 1415 5305; x_wconf 88' lang='lat' dir='ltr'><strong>convertit</strong></span> <span class='ocrx_word' id='word_1_427' title='bbox 1443 5252 1495 5307; x_wconf 92' lang='lat' dir='ltr'><strong>in</strong></span> <span class='ocrx_word' id='word_1_428' title='bbox 1532 5267 1829 5322; x_wconf 89' lang='lat' dir='ltr'><strong>carcerem,</strong></span> 
     </span>
    </p>
   </div>
   <div class='ocr_carea' id='block_1_55' title="bbox 245 5337 1830 5415">
    <p class='ocr_par' dir='ltr' id='par_1_55' title="bbox 245 5337 1830 5415">
     <span class='ocr_line' id='line_1_55' title="bbox 245 5337 1830 5415; baseline 0.008 -26"><span class='ocrx_word' id='word_1_429' title='bbox 245 5349 366 5390; x_wconf 85' lang='lat' dir='ltr'><strong>eum</strong></span> <span class='ocrx_word' id='word_1_430' title='bbox 394 5337 511 5407; x_wconf 84' lang='lat' dir='ltr'><strong>ipso</strong></span> <span class='ocrx_word' id='word_1_431' title='bbox 530 5337 734 5394; x_wconf 88' lang='lat' dir='ltr'><strong>lumine</strong></span> <span class='ocrx_word' id='word_1_432' title='bbox 761 5339 907 5395; x_wconf 89' lang='lat' dir='ltr'><strong>illum</strong></span> <span class='ocrx_word' id='word_1_433' title='bbox 937 5341 1109 5411; x_wconf 79' lang='lat' dir='ltr'><strong>privat</strong></span> <span class='ocrx_word' id='word_1_434' title='bbox 1148 5355 1212 5397; x_wconf 81' lang='lat' dir='ltr'><strong>ac</strong></span> <span class='ocrx_word' id='word_1_435' title='bbox 1237 5342 1452 5397; x_wconf 90' lang='lat' dir='ltr'><strong>domum</strong></span> <span class='ocrx_word' id='word_1_436' title='bbox 1483 5344 1718 5415; x_wconf 88' lang='lat' dir='ltr'><strong>undique</strong></span> <span class='ocrx_word' id='word_1_437' title='bbox 1747 5356 1830 5401; x_wconf 85' lang='lat' dir='ltr'><strong>ta-</strong></span> 
     </span>
    </p>
   </div>
   <div class='ocr_carea' id='block_1_56' title="bbox 246 5429 1830 5501">
    <p class='ocr_par' dir='ltr' id='par_1_56' title="bbox 246 5429 1830 5501">
     <span class='ocr_line' id='line_1_56' title="bbox 246 5429 1830 5501; baseline 0.008 -20"><span class='ocrx_word' id='word_1_438' title='bbox 246 5429 458 5498; x_wconf 88' lang='lat' dir='ltr'><strong>petibus</strong></span> <span class='ocrx_word' id='word_1_439' title='bbox 504 5431 811 5496; x_wconf 86' lang='lat' dir='ltr'><strong>obumbrat,</strong></span> <span class='ocrx_word' id='word_1_440' title='bbox 852 5448 975 5487; x_wconf 90' lang='lat' dir='ltr'><strong>cum</strong></span> <span class='ocrx_word' id='word_1_441' title='bbox 1019 5442 1167 5489; x_wconf 85' lang='lat' dir='ltr'><strong>secat</strong></span> <span class='ocrx_word' id='word_1_442' title='bbox 1198 5441 1255 5490; x_wconf 90' lang='lat' dir='ltr'><strong>et</strong></span> <span class='ocrx_word' id='word_1_443' title='bbox 1296 5435 1435 5501; x_wconf 89' lang='lat' dir='ltr'><strong>urit,</strong></span> <span class='ocrx_word' id='word_1_444' title='bbox 1475 5450 1595 5490; x_wconf 90' lang='lat' dir='ltr'><strong>cum</strong></span> <span class='ocrx_word' id='word_1_445' title='bbox 1638 5436 1830 5493; x_wconf 74' lang='lat' dir='ltr'><strong>acerba</strong></span> 
     </span>
    </p>
   </div>
   <div class='ocr_carea' id='block_1_57' title="bbox 248 5522 1830 5596">
    <p class='ocr_par' dir='ltr' id='par_1_57' title="bbox 248 5522 1830 5596">
     <span class='ocr_line' id='line_1_57' title="bbox 248 5522 1830 5596; baseline 0.005 -20"><span class='ocrx_word' id='word_1_446' title='bbox 248 5522 471 5592; x_wconf 89' lang='lat' dir='ltr'><strong>porrigit</strong></span> <span class='ocrx_word' id='word_1_447' title='bbox 511 5522 918 5589; x_wconf 79' lang='lat' dir='ltr'><strong>medicamenta,</strong></span> <span class='ocrx_word' id='word_1_448' title='bbox 961 5538 1029 5580; x_wconf 88' lang='lat' dir='ltr'><strong>ex</strong></span> <span class='ocrx_word' id='word_1_449' title='bbox 1055 5540 1207 5596; x_wconf 67' lang='lat' dir='ltr'><strong>aequo</strong></span> <span class='ocrx_word' id='word_1_450' title='bbox 1231 5524 1471 5581; x_wconf 87' lang='lat' dir='ltr'><strong>medicus</strong></span> <span class='ocrx_word' id='word_1_451' title='bbox 1493 5534 1594 5582; x_wconf 87' lang='lat' dir='ltr'><strong>est.</strong></span> <span class='ocrx_word' id='word_1_452' title='bbox 1638 5528 1830 5584; x_wconf 84' lang='lat' dir='ltr'><strong>Annon</strong></span> 
     </span>
    </p>
   </div>
   <div class='ocr_carea' id='block_1_58' title="bbox 248 5607 1828 5685">
    <p class='ocr_par' dir='ltr' id='par_1_58' title="bbox 248 5607 1828 5685">
     <span class='ocr_line' id='line_1_58' title="bbox 248 5607 1828 5685; baseline 0.005 -18"><span class='ocrx_word' id='word_1_453' title='bbox 248 5607 410 5682; x_wconf 83' lang='lat' dir='ltr'><strong>igitur</strong></span> <span class='ocrx_word' id='word_1_454' title='bbox 433 5614 721 5671; x_wconf 90' lang='lat' dir='ltr'><strong>absurdum</strong></span> <span class='ocrx_word' id='word_1_455' title='bbox 755 5625 859 5685; x_wconf 89' lang='lat' dir='ltr'><strong>est,</strong></span> <span class='ocrx_word' id='word_1_456' title='bbox 888 5617 1032 5671; x_wconf 90' lang='lat' dir='ltr'><strong>illum</strong></span> <span class='ocrx_word' id='word_1_457' title='bbox 1077 5627 1156 5674; x_wconf 93' lang='lat' dir='ltr'><strong>tot</strong></span> <span class='ocrx_word' id='word_1_458' title='bbox 1194 5618 1349 5674; x_wconf 90' lang='lat' dir='ltr'><strong>malis</strong></span> <span class='ocrx_word' id='word_1_459' title='bbox 1376 5619 1538 5675; x_wconf 87' lang='lat' dir='ltr'><strong>illatis</strong></span> <span class='ocrx_word' id='word_1_460' title='bbox 1564 5619 1828 5675; x_wconf 87' lang='lat' dir='ltr'><strong>medicum</strong></span> 
     </span>
    </p>
   </div>
   <div class='ocr_carea' id='block_1_59' title="bbox 247 5704 1829 5778">
    <p class='ocr_par' dir='ltr' id='par_1_59' title="bbox 247 5704 1829 5778">
     <span class='ocr_line' id='line_1_59' title="bbox 247 5704 1829 5778; baseline 0.006 -23"><span class='ocrx_word' id='word_1_461' title='bbox 247 5710 460 5771; x_wconf 79' lang='lat' dir='ltr'><strong>vocare,</strong></span> <span class='ocrx_word' id='word_1_462' title='bbox 484 5704 652 5761; x_wconf 87' lang='lat' dir='ltr'><strong>Deum</strong></span> <span class='ocrx_word' id='word_1_463' title='bbox 680 5720 828 5773; x_wconf 87' lang='lat' dir='ltr'><strong>vero,</strong></span> <span class='ocrx_word' id='word_1_464' title='bbox 858 5706 903 5762; x_wconf 91' lang='lat' dir='ltr'><strong>si</strong></span> <span class='ocrx_word' id='word_1_465' title='bbox 931 5706 1059 5777; x_wconf 90' lang='lat' dir='ltr'><strong>quid</strong></span> <span class='ocrx_word' id='word_1_466' title='bbox 1087 5708 1194 5764; x_wconf 79' lang='lat' dir='ltr'><strong>tale</strong></span> <span class='ocrx_word' id='word_1_467' title='bbox 1218 5710 1549 5778; x_wconf 67' lang='lat' dir='ltr'><strong>prazstiterit,</strong></span> <span class='ocrx_word' id='word_1_468' title='bbox 1592 5709 1829 5778; x_wconf 81' lang='lat' dir='ltr'><strong>exempli</strong></span> 
     </span>
    </p>
   </div>
   <div class='ocr_carea' id='block_1_60' title="bbox 246 5799 1826 5875">
    <p class='ocr_par' dir='ltr' id='par_1_60' title="bbox 246 5799 1826 5875">
     <span class='ocr_line' id='line_1_60' title="bbox 246 5799 1826 5875; baseline 0.002 -19"><span class='ocrx_word' id='word_1_469' title='bbox 246 5806 430 5869; x_wconf 73' lang='lat' dir='ltr'><strong>eam,</strong></span> <span class='ocrx_word' id='word_1_470' title='bbox 459 5799 507 5855; x_wconf 87' lang='lat' dir='ltr'><strong>si</strong></span> <span class='ocrx_word' id='word_1_471' title='bbox 527 5800 720 5857; x_wconf 85' lang='lat' dir='ltr'><strong>famem</strong></span> <span class='ocrx_word' id='word_1_472' title='bbox 743 5809 835 5855; x_wconf 84' lang='lat' dir='ltr'><strong>aut</strong></span> <span class='ocrx_word' id='word_1_473' title='bbox 865 5811 1089 5857; x_wconf 84' lang='lat' dir='ltr'><strong>mortem</strong></span> <span class='ocrx_word' id='word_1_474' title='bbox 1129 5801 1407 5873; x_wconf 80' lang='lat' dir='ltr'><strong>invexerit,</strong></span> <span class='ocrx_word' id='word_1_475' title='bbox 1430 5801 1826 5875; x_wconf 67' lang='lat' dir='ltr'><strong>blasphemus,</strong></span> 
     </span>
    </p>
   </div>
   <div class='ocr_carea' id='block_1_61' title="bbox 568 5894 1264 5956">
    <p class='ocr_par' dir='ltr' id='par_1_61' title="bbox 568 5894 1264 5956">
     <span class='ocr_line' id='line_1_61' title="bbox 568 5894 1264 5956; baseline 0.004 -4"><span class='ocrx_word' id='word_1_476' title='bbox 568 5894 831 5954; x_wconf 73' lang='grc' dir='ltr'><strong>ΡΑτιιοῐ..</strong></span> <span class='ocrx_word' id='word_1_477' title='bbox 877 5894 993 5954; x_wconf 85' lang='lat' dir='ltr'><strong>Gn.</strong></span> <span class='ocrx_word' id='word_1_478' title='bbox 1041 5894 1264 5956; x_wconf 79' lang='lat' dir='ltr'><strong>XLIX.</strong></span> 
     </span>
    </p>
   </div>
   <div class='ocr_carea' id='block_1_62' title="bbox 1033 364 2719 433">
    <p class='ocr_par' dir='ltr' id='par_1_62' title="bbox 1033 364 2719 433">
     <span class='ocr_line' id='line_1_62' title="bbox 1033 364 2719 433; baseline -0.001 -1"><span class='ocrx_word' id='word_1_479' title='bbox 1033 370 1375 433; x_wconf 69' lang='lat' dir='ltr'><strong>DAEMONES</strong></span> <span class='ocrx_word' id='word_1_480' title='bbox 1411 372 1547 431; x_wconf 72' lang='lat' dir='ltr'><strong>NON</strong></span> <span class='ocrx_word' id='word_1_481' title='bbox 1588 364 2011 431; x_wconf 77' lang='lat' dir='ltr'><strong>CUBERNARE</strong></span> <span class='ocrx_word' id='word_1_482' title='bbox 2048 367 2361 431; x_wconf 76' lang='lat' dir='ltr'><strong>MUNDUM.</strong></span> <span class='ocrx_word' id='word_1_483' title='bbox 2406 370 2635 432; x_wconf 69' lang='lat' dir='ltr'><strong>llOMlL.</strong></span> <span class='ocrx_word' id='word_1_484' title='bbox 2678 372 2719 430; x_wconf 87' lang='grc'><strong>1.</strong></span> 
     </span>
    </p>
   </div>
   <div class='ocr_carea' id='block_1_63' title="bbox 3428 366 3534 428">
    <p class='ocr_par' dir='ltr' id='par_1_63' title="bbox 3428 366 3534 428">
     <span class='ocr_line' id='line_1_63' title="bbox 3428 366 3534 428; baseline 0.038 -4"><span class='ocrx_word' id='word_1_485' title='bbox 3428 366 3534 428; x_wconf 62' lang='lat'><strong>93!</strong></span> 
     </span>
    </p>
   </div>
   <div class='ocr_carea' id='block_1_64' title="bbox 1950 476 3545 552">
    <p class='ocr_par' dir='ltr' id='par_1_64' title="bbox 1950 476 3545 552">
     <span class='ocr_line' id='line_1_64' title="bbox 1950 476 3545 552; baseline 0.004 -20"><span class='ocrx_word' id='word_1_486' title='bbox 1950 485 2114 549; x_wconf 88' lang='lat' dir='ltr'><strong>atque</strong></span> <span class='ocrx_word' id='word_1_487' title='bbox 2130 477 2202 532; x_wconf 90' lang='lat' dir='ltr'><strong>illi</strong></span> <span class='ocrx_word' id='word_1_488' title='bbox 2224 490 2407 533; x_wconf 88' lang='lat' dir='ltr'><strong>curam</strong></span> <span class='ocrx_word' id='word_1_489' title='bbox 2436 477 2673 534; x_wconf 79' lang='lat' dir='ltr'><strong>universi</strong></span> <span class='ocrx_word' id='word_1_490' title='bbox 2714 476 3037 536; x_wconf 66' lang='lat' dir='ltr'><strong>detrahere!</strong></span> <span class='ocrx_word' id='word_1_491' title='bbox 3064 489 3210 552; x_wconf 89' lang='lat' dir='ltr'><strong>atqm</strong></span> <span class='ocrx_word' id='word_1_492' title='bbox 3241 493 3400 537; x_wconf 87' lang='lat' dir='ltr'><strong>verus</strong></span> <span class='ocrx_word' id='word_1_493' title='bbox 3424 498 3545 538; x_wconf 74' lang='lat' dir='ltr'><strong>me—</strong></span> 
     </span>
    </p>
   </div>
   <div class='ocr_carea' id='block_1_65' title="bbox 1949 569 3541 642">
    <p class='ocr_par' dir='ltr' id='par_1_65' title="bbox 1949 569 3541 642">
     <span class='ocr_line' id='line_1_65' title="bbox 1949 569 3541 642; baseline 0.003 -17"><span class='ocrx_word' id='word_1_494' title='bbox 1949 569 2102 626; x_wconf 89' lang='lat' dir='ltr'><strong>dicus</strong></span> <span class='ocrx_word' id='word_1_495' title='bbox 2115 579 2198 626; x_wconf 91' lang='lat' dir='ltr'><strong>est</strong></span> <span class='ocrx_word' id='word_1_496' title='bbox 2216 571 2329 639; x_wconf 89' lang='lat' dir='ltr'><strong>ipse</strong></span> <span class='ocrx_word' id='word_1_497' title='bbox 2347 571 2491 626; x_wconf 90' lang='lat' dir='ltr'><strong>solus</strong></span> <span class='ocrx_word' id='word_1_498' title='bbox 2506 581 2557 625; x_wconf 89' lang='lat' dir='ltr'><strong>et</strong></span> <span class='ocrx_word' id='word_1_499' title='bbox 2574 571 2870 626; x_wconf 88' lang='lat' dir='ltr'><strong>animarum</strong></span> <span class='ocrx_word' id='word_1_500' title='bbox 2892 582 2944 627; x_wconf 90' lang='lat' dir='ltr'><strong>et</strong></span> <span class='ocrx_word' id='word_1_501' title='bbox 2961 587 3265 642; x_wconf 85' lang='lat' dir='ltr'><strong>corporum.</strong></span> <span class='ocrx_word' id='word_1_502' title='bbox 3281 572 3541 642; x_wconf 73' lang='lat' dir='ltr'><strong>Quoeirra</strong></span> 
     </span>
    </p>
   </div>
   <div class='ocr_carea' id='block_1_66' title="bbox 1950 664 3535 737">
    <p class='ocr_par' dir='ltr' id='par_1_66' title="bbox 1950 664 3535 737">
     <span class='ocr_line' id='line_1_66' title="bbox 1950 664 3535 737; baseline 0.005 -22"><span class='ocrx_word' id='word_1_503' title='bbox 1950 674 2319 731; x_wconf 84' lang='lat' dir='ltr'><strong>sarpennmero</strong></span> <span class='ocrx_word' id='word_1_504' title='bbox 2356 670 2600 717; x_wconf 88' lang='lat' dir='ltr'><strong>naturam</strong></span> <span class='ocrx_word' id='word_1_505' title='bbox 2628 671 2863 718; x_wconf 87' lang='lat' dir='ltr'><strong>nostram</strong></span> <span class='ocrx_word' id='word_1_506' title='bbox 2891 680 2955 718; x_wconf 74' lang='lat' dir='ltr'><strong>ex</strong></span> <span class='ocrx_word' id='word_1_507' title='bbox 2985 664 3147 720; x_wconf 89' lang='lat' dir='ltr'><strong>nimia</strong></span> <span class='ocrx_word' id='word_1_508' title='bbox 3182 666 3535 737; x_wconf 85' lang='lat' dir='ltr'><strong>prosperitate</strong></span> 
     </span>
    </p>
   </div>
   <div class='ocr_carea' id='block_1_67' title="bbox 1951 752 3540 828">
    <p class='ocr_par' dir='ltr' id='par_1_67' title="bbox 1951 752 3540 828">
     <span class='ocr_line' id='line_1_67' title="bbox 1951 752 3540 828; baseline 0.006 -21"><span class='ocrx_word' id='word_1_509' title='bbox 1951 752 2296 807; x_wconf 84' lang='lat' dir='ltr'><strong>insultantem</strong></span> <span class='ocrx_word' id='word_1_510' title='bbox 2343 752 2773 823; x_wconf 78' lang='lat' dir='ltr'><strong>deprehendens,</strong></span> <span class='ocrx_word' id='word_1_511' title='bbox 2816 765 2871 811; x_wconf 87' lang='lat' dir='ltr'><strong>et</strong></span> <span class='ocrx_word' id='word_1_512' title='bbox 2912 758 2997 811; x_wconf 89' lang='lat' dir='ltr'><strong>cui</strong></span> <span class='ocrx_word' id='word_1_513' title='bbox 3041 757 3152 827; x_wconf 86' lang='lat' dir='ltr'><strong>jam</strong></span> <span class='ocrx_word' id='word_1_514' title='bbox 3200 768 3540 828; x_wconf 71' lang='lat' dir='ltr'><strong>peccatorum</strong></span> 
     </span>
    </p>
   </div>
   <div class='ocr_carea' id='block_1_68' title="bbox 1950 843 3545 916">
    <p class='ocr_par' dir='ltr' id='par_1_68' title="bbox 1950 843 3545 916">
     <span class='ocr_line' id='line_1_68' title="bbox 1950 843 3545 916; baseline 0.005 -17"><span class='ocrx_word' id='word_1_515' title='bbox 1950 843 2116 899; x_wconf 76' lang='lat' dir='ltr'><strong>febris</strong></span> <span class='ocrx_word' id='word_1_516' title='bbox 2161 845 2452 915; x_wconf 82' lang='lat' dir='ltr'><strong>ingrueret,</strong></span> <span class='ocrx_word' id='word_1_517' title='bbox 2498 856 2757 916; x_wconf 78' lang='lat' dir='ltr'><strong>egestate,</strong></span> <span class='ocrx_word' id='word_1_518' title='bbox 2804 846 2963 915; x_wconf 87' lang='lat' dir='ltr'><strong>fame,</strong></span> <span class='ocrx_word' id='word_1_519' title='bbox 3004 857 3175 904; x_wconf 88' lang='lat' dir='ltr'><strong>morte</strong></span> <span class='ocrx_word' id='word_1_520' title='bbox 3220 866 3286 906; x_wconf 87' lang='lat' dir='ltr'><strong>ac</strong></span> <span class='ocrx_word' id='word_1_521' title='bbox 3334 853 3545 908; x_wconf 64' lang='lat' dir='ltr'><strong>caneris</strong></span> 
     </span>
    </p>
   </div>
   <div class='ocr_carea' id='block_1_69' title="bbox 1950 936 3542 1015">
    <p class='ocr_par' dir='ltr' id='par_1_69' title="bbox 1950 936 3542 1015">
     <span class='ocr_line' id='line_1_69' title="bbox 1950 936 3542 1015; baseline 0.007 -25"><span class='ocrx_word' id='word_1_522' title='bbox 1950 936 2204 991; x_wconf 63' lang='lat' dir='ltr'><strong>arumnis</strong></span> <span class='ocrx_word' id='word_1_523' title='bbox 2236 937 2464 1009; x_wconf 90' lang='lat' dir='ltr'><strong>aliisque</strong></span> <span class='ocrx_word' id='word_1_524' title='bbox 2498 939 2904 995; x_wconf 88' lang='lat' dir='ltr'><strong>medicamentis</strong></span> <span class='ocrx_word' id='word_1_525' title='bbox 2928 941 3031 996; x_wconf 86' lang='lat' dir='ltr'><strong>sibi</strong></span> <span class='ocrx_word' id='word_1_526' title='bbox 3068 943 3207 997; x_wconf 87' lang='lat' dir='ltr'><strong>notis</strong></span> <span class='ocrx_word' id='word_1_527' title='bbox 3227 944 3294 998; x_wconf 84' lang='lat' dir='ltr'><strong>ab</strong></span> <span class='ocrx_word' id='word_1_528' title='bbox 3320 943 3542 1015; x_wconf 79' lang='lat' dir='ltr'><strong>:cgritu-</strong></span> 
     </span>
    </p>
   </div>
   <div class='ocr_carea' id='block_1_70' title="bbox 1951 1027 3546 1102">
    <p class='ocr_par' dir='ltr' id='par_1_70' title="bbox 1951 1027 3546 1102">
     <span class='ocr_line' id='line_1_70' title="bbox 1951 1027 3546 1102; baseline 0.005 -20"><span class='ocrx_word' id='word_1_529' title='bbox 1951 1027 2077 1084; x_wconf 90' lang='lat' dir='ltr'><strong>dine</strong></span> <span class='ocrx_word' id='word_1_530' title='bbox 2108 1028 2252 1082; x_wconf 90' lang='lat' dir='ltr'><strong>illam</strong></span> <span class='ocrx_word' id='word_1_531' title='bbox 2283 1029 2494 1085; x_wconf 88' lang='lat' dir='ltr'><strong>liberat.</strong></span> <span class='ocrx_word' id='word_1_532' title='bbox 2528 1030 2687 1100; x_wconf 84' lang='lat' dir='ltr'><strong>Atqui</strong></span> <span class='ocrx_word' id='word_1_533' title='bbox 2730 1044 2992 1102; x_wconf 84' lang='lat' dir='ltr'><strong>pauperes</strong></span> <span class='ocrx_word' id='word_1_534' title='bbox 3035 1033 3135 1087; x_wconf 91' lang='lat' dir='ltr'><strong>soli</strong></span> <span class='ocrx_word' id='word_1_535' title='bbox 3184 1034 3377 1090; x_wconf 81' lang='lat' dir='ltr'><strong>famem</strong></span> <span class='ocrx_word' id='word_1_536' title='bbox 3420 1050 3546 1090; x_wconf 88' lang='lat' dir='ltr'><strong>scn-</strong></span> 
     </span>
    </p>
   </div>
   <div class='ocr_carea' id='block_1_71' title="bbox 1954 1119 3547 1195">
    <p class='ocr_par' dir='ltr' id='par_1_71' title="bbox 1954 1119 3547 1195">
     <span class='ocr_line' id='line_1_71' title="bbox 1954 1119 3547 1195; baseline 0.006 -22"><span class='ocrx_word' id='word_1_537' title='bbox 1954 1119 2108 1182; x_wconf 87' lang='lat' dir='ltr'><strong>tiunt,</strong></span> <span class='ocrx_word' id='word_1_538' title='bbox 2135 1121 2319 1191; x_wconf 87' lang='lat' dir='ltr'><strong>inquit.</strong></span> <span class='ocrx_word' id='word_1_539' title='bbox 2367 1121 2471 1177; x_wconf 82' lang='lat' dir='ltr'><strong>Sed</strong></span> <span class='ocrx_word' id='word_1_540' title='bbox 2498 1137 2606 1176; x_wconf 86' lang='lat' dir='ltr'><strong>non</strong></span> <span class='ocrx_word' id='word_1_541' title='bbox 2631 1123 2741 1177; x_wconf 87' lang='lat' dir='ltr'><strong>sola</strong></span> <span class='ocrx_word' id='word_1_542' title='bbox 2765 1121 2904 1178; x_wconf 90' lang='lat' dir='ltr'><strong>fame</strong></span> <span class='ocrx_word' id='word_1_543' title='bbox 2929 1126 3172 1195; x_wconf 63' lang='lat' dir='ltr'><strong>castigat,</strong></span> <span class='ocrx_word' id='word_1_544' title='bbox 3203 1142 3385 1182; x_wconf 84' lang='lat' dir='ltr'><strong>verum</strong></span> <span class='ocrx_word' id='word_1_545' title='bbox 3425 1128 3547 1183; x_wconf 84' lang='lat' dir='ltr'><strong>aliis</strong></span> 
     </span>
    </p>
   </div>
   <div class='ocr_carea' id='block_1_72' title="bbox 1951 1213 3543 1289">
    <p class='ocr_par' dir='ltr' id='par_1_72' title="bbox 1951 1213 3543 1289">
     <span class='ocr_line' id='line_1_72' title="bbox 1951 1213 3543 1289; baseline 0.004 -24"><span class='ocrx_word' id='word_1_546' title='bbox 1951 1225 2165 1280; x_wconf 83' lang='lat' dir='ltr'><strong>quoque</strong></span> <span class='ocrx_word' id='word_1_547' title='bbox 2202 1213 2496 1267; x_wconf 87' lang='lat' dir='ltr'><strong>innumeris</strong></span> <span class='ocrx_word' id='word_1_548' title='bbox 2535 1230 2549 1266; x_wconf 93' lang='lat'><strong>:</strong></span> <span class='ocrx_word' id='word_1_549' title='bbox 2581 1228 2645 1268; x_wconf 84' lang='lat' dir='ltr'><strong>ac</strong></span> <span class='ocrx_word' id='word_1_550' title='bbox 2672 1222 2981 1283; x_wconf 88' lang='lat' dir='ltr'><strong>paupertate</strong></span> <span class='ocrx_word' id='word_1_551' title='bbox 3015 1216 3228 1285; x_wconf 87' lang='lat' dir='ltr'><strong>quidem</strong></span> <span class='ocrx_word' id='word_1_552' title='bbox 3278 1233 3543 1289; x_wconf 85' lang='lat' dir='ltr'><strong>pressum.</strong></span> 
     </span>
    </p>
   </div>
   <div class='ocr_carea' id='block_1_73' title="bbox 1953 1302 3546 1370">
    <p class='ocr_par' dir='ltr' id='par_1_73' title="bbox 1953 1302 3546 1370">
     <span class='ocr_line' id='line_1_73' title="bbox 1953 1302 3546 1370; baseline 0.006 -15"><span class='ocrx_word' id='word_1_553' title='bbox 1953 1315 2097 1370; x_wconf 59' lang='lat' dir='ltr'><strong>saepe</strong></span> <span class='ocrx_word' id='word_1_554' title='bbox 2144 1302 2283 1358; x_wconf 88' lang='lat' dir='ltr'><strong>fame</strong></span> <span class='ocrx_word' id='word_1_555' title='bbox 2329 1313 2577 1358; x_wconf 86' lang='lat' dir='ltr'><strong>vexatum</strong></span> <span class='ocrx_word' id='word_1_556' title='bbox 2620 1304 2964 1369; x_wconf 87' lang='lat' dir='ltr'><strong>emendavit;</strong></span> <span class='ocrx_word' id='word_1_557' title='bbox 3008 1305 3226 1362; x_wconf 89' lang='lat' dir='ltr'><strong>divitem</strong></span> <span class='ocrx_word' id='word_1_558' title='bbox 3278 1317 3457 1365; x_wconf 86' lang='lat' dir='ltr'><strong>autem</strong></span> <span class='ocrx_word' id='word_1_559' title='bbox 3493 1320 3546 1365; x_wconf 84' lang='lat' dir='ltr'><strong>et</strong></span> 
     </span>
    </p>
   </div>
   <div class='ocr_carea' id='block_1_74' title="bbox 1951 1393 3531 1465">
    <p class='ocr_par' dir='ltr' id='par_1_74' title="bbox 1951 1393 3531 1465">
     <span class='ocr_line' id='line_1_74' title="bbox 1951 1393 3531 1465; baseline 0.005 -19"><span class='ocrx_word' id='word_1_560' title='bbox 1951 1393 2143 1463; x_wconf 89' lang='lat' dir='ltr'><strong>opibus</strong></span> <span class='ocrx_word' id='word_1_561' title='bbox 2187 1394 2544 1451; x_wconf 84' lang='lat' dir='ltr'><strong>abundantem</strong></span> <span class='ocrx_word' id='word_1_562' title='bbox 2592 1395 2861 1465; x_wconf 85' lang='lat' dir='ltr'><strong>periculis,</strong></span> <span class='ocrx_word' id='word_1_563' title='bbox 2909 1397 3132 1464; x_wconf 80' lang='lat' dir='ltr'><strong>morbis,</strong></span> <span class='ocrx_word' id='word_1_564' title='bbox 3160 1399 3369 1453; x_wconf 80' lang='lat' dir='ltr'><strong>acerbis</strong></span> <span class='ocrx_word' id='word_1_565' title='bbox 3390 1397 3531 1454; x_wconf 71' lang='lat' dir='ltr'><strong>fune~</strong></span> 
     </span>
    </p>
   </div>
   <div class='ocr_carea' id='block_1_75' title="bbox 1951 1486 3547 1562">
    <p class='ocr_par' dir='ltr' id='par_1_75' title="bbox 1951 1486 3547 1562">
     <span class='ocr_line' id='line_1_75' title="bbox 1951 1486 3547 1562; baseline 0.006 -23"><span class='ocrx_word' id='word_1_566' title='bbox 1951 1486 2135 1551; x_wconf 82' lang='lat' dir='ltr'><strong>ribus;</strong></span> <span class='ocrx_word' id='word_1_567' title='bbox 2181 1487 2352 1542; x_wconf 90' lang='lat' dir='ltr'><strong>solers</strong></span> <span class='ocrx_word' id='word_1_568' title='bbox 2380 1489 2524 1544; x_wconf 88' lang='lat' dir='ltr'><strong>enim</strong></span> <span class='ocrx_word' id='word_1_569' title='bbox 2550 1497 2651 1554; x_wconf 89' lang='lat' dir='ltr'><strong>est,</strong></span> <span class='ocrx_word' id='word_1_570' title='bbox 2688 1488 2847 1561; x_wconf 84' lang='lat' dir='ltr'><strong>eique</strong></span> <span class='ocrx_word' id='word_1_571' title='bbox 2876 1489 3022 1545; x_wconf 71' lang='lat' dir='ltr'><strong>varia</strong></span> <span class='ocrx_word' id='word_1_572' title='bbox 3048 1502 3336 1562; x_wconf 84' lang='lat' dir='ltr'><strong>suppetunt</strong></span> <span class='ocrx_word' id='word_1_573' title='bbox 3362 1494 3547 1548; x_wconf 84' lang='lat' dir='ltr'><strong>salutis</strong></span> 
     </span>
    </p>
   </div>
   <div class='ocr_carea' id='block_1_76' title="bbox 1955 1579 2585 1635">
    <p class='ocr_par' dir='ltr' id='par_1_76' title="bbox 1955 1579 2585 1635">
     <span class='ocr_line' id='line_1_76' title="bbox 1955 1579 2585 1635; baseline 0.003 -4"><span class='ocrx_word' id='word_1_574' title='bbox 1955 1587 2150 1632; x_wconf 75' lang='lat' dir='ltr'><strong>nostra:</strong></span> <span class='ocrx_word' id='word_1_575' title='bbox 2181 1579 2585 1635; x_wconf 73' lang='lat' dir='ltr'><strong>medicamenta.</strong></span> 
     </span>
    </p>
   </div>
   <div class='ocr_carea' id='block_1_77' title="bbox 2024 1667 3542 1744">
    <p class='ocr_par' dir='ltr' id='par_1_77' title="bbox 2024 1667 3542 1744">
     <span class='ocr_line' id='line_1_77' title="bbox 2024 1667 3542 1744; baseline 0.006 -24"><span class='ocrx_word' id='word_1_576' title='bbox 2024 1667 2164 1723; x_wconf 76' lang='lat' dir='ltr'><strong>Deus</strong></span> <span class='ocrx_word' id='word_1_577' title='bbox 2192 1671 2403 1740; x_wconf 81' lang='lat' dir='ltr'><strong>puniens</strong></span> <span class='ocrx_word' id='word_1_578' title='bbox 2423 1680 2747 1739; x_wconf 80' lang='lat' dir='ltr'><strong>comparatur</strong></span> <span class='ocrx_word' id='word_1_579' title='bbox 2770 1689 2881 1726; x_wconf 86' lang='lat' dir='ltr'><strong>cum</strong></span> <span class='ocrx_word' id='word_1_580' title='bbox 2894 1672 3176 1744; x_wconf 62' lang='lat' dir='ltr'><strong>Iudicibus.</strong></span> <span class='ocrx_word' id='word_1_581' title='bbox 3209 1698 3280 1714; x_wconf 67' lang='lat'><strong>-—</strong></span> <span class='ocrx_word' id='word_1_582' title='bbox 3305 1671 3381 1726; x_wconf 77' lang='lat' dir='ltr'><strong>Ita</strong></span> <span class='ocrx_word' id='word_1_583' title='bbox 3404 1689 3542 1740; x_wconf 47' lang='lat' dir='ltr'><strong>quos</strong></span> 
     </span>
    </p>
   </div>
   <div class='ocr_carea' id='block_1_78' title="bbox 1950 1759 3541 1831">
    <p class='ocr_par' dir='ltr' id='par_1_78' title="bbox 1950 1759 3541 1831">
     <span class='ocr_line' id='line_1_78' title="bbox 1950 1759 3541 1831; baseline 0.005 -18"><span class='ocrx_word' id='word_1_584' title='bbox 1950 1776 2054 1831; x_wconf 86' lang='lat' dir='ltr'><strong>que</strong></span> <span class='ocrx_word' id='word_1_585' title='bbox 2082 1759 2278 1816; x_wconf 86' lang='lat' dir='ltr'><strong>faciunt</strong></span> <span class='ocrx_word' id='word_1_586' title='bbox 2303 1761 2640 1831; x_wconf 65' lang='lat' dir='ltr'><strong>iudicesiaon</strong></span> <span class='ocrx_word' id='word_1_587' title='bbox 2667 1763 2960 1819; x_wconf 81' lang='lat' dir='ltr'><strong>honoribus</strong></span> <span class='ocrx_word' id='word_1_588' title='bbox 2992 1774 3193 1818; x_wconf 86' lang='lat' dir='ltr'><strong>tantum</strong></span> <span class='ocrx_word' id='word_1_589' title='bbox 3225 1765 3464 1819; x_wconf 76' lang='lat' dir='ltr'><strong>afficiunt</strong></span> <span class='ocrx_word' id='word_1_590' title='bbox 3489 1776 3541 1821; x_wconf 84' lang='lat' dir='ltr'><strong>et</strong></span> 
     </span>
    </p>
   </div>
   <div class='ocr_carea' id='block_1_79' title="bbox 1951 1851 3544 1926">
    <p class='ocr_par' dir='ltr' id='par_1_79' title="bbox 1951 1851 3544 1926">
     <span class='ocr_line' id='line_1_79' title="bbox 1951 1851 3544 1926; baseline 0.003 -21"><span class='ocrx_word' id='word_1_591' title='bbox 1951 1861 2209 1905; x_wconf 80' lang='lat' dir='ltr'><strong>coronant</strong></span> <span class='ocrx_word' id='word_1_592' title='bbox 2240 1851 2447 1906; x_wconf 90' lang='lat' dir='ltr'><strong>urbium</strong></span> <span class='ocrx_word' id='word_1_593' title='bbox 2478 1851 2699 1918; x_wconf 88' lang='lat' dir='ltr'><strong>incolas,</strong></span> <span class='ocrx_word' id='word_1_594' title='bbox 2729 1869 2900 1924; x_wconf 84' lang='lat' dir='ltr'><strong>neque</strong></span> <span class='ocrx_word' id='word_1_595' title='bbox 2918 1854 3053 1908; x_wconf 83' lang='lat' dir='ltr'><strong>dona</strong></span> <span class='ocrx_word' id='word_1_596' title='bbox 3080 1864 3282 1910; x_wconf 88' lang='lat' dir='ltr'><strong>tantum</strong></span> <span class='ocrx_word' id='word_1_597' title='bbox 3305 1855 3544 1926; x_wconf 64' lang='lat' dir='ltr'><strong>largiuno</strong></span> 
     </span>
    </p>
   </div>
   <div class='ocr_carea' id='block_1_80' title="bbox 1953 1944 3547 2019">
    <p class='ocr_par' dir='ltr' id='par_1_80' title="bbox 1953 1944 3547 2019">
     <span class='ocr_line' id='line_1_80' title="bbox 1953 1944 3547 2019; baseline 0.004 -21"><span class='ocrx_word' id='word_1_598' title='bbox 1953 1952 2040 1998; x_wconf 88' lang='lat' dir='ltr'><strong>tur</strong></span> <span class='ocrx_word' id='word_1_599' title='bbox 2060 1976 2078 2010; x_wconf 55' lang='grc' dir='ltr'><strong>ν</strong></span> <span class='ocrx_word' id='word_1_600' title='bbox 2111 1944 2205 1999; x_wconf 90' lang='lat' dir='ltr'><strong>sed</strong></span> <span class='ocrx_word' id='word_1_601' title='bbox 2249 1952 2304 1999; x_wconf 82' lang='lat' dir='ltr'><strong>ct</strong></span> <span class='ocrx_word' id='word_1_602' title='bbox 2341 1958 2711 2014; x_wconf 67' lang='lat' dir='ltr'><strong>saepenumero</strong></span> <span class='ocrx_word' id='word_1_603' title='bbox 2739 1946 2979 2016; x_wconf 88' lang='lat' dir='ltr'><strong>puniunt.</strong></span> <span class='ocrx_word' id='word_1_604' title='bbox 3013 1947 3300 2017; x_wconf 75' lang='lat' dir='ltr'><strong>Propterea</strong></span> <span class='ocrx_word' id='word_1_605' title='bbox 3341 1949 3547 2019; x_wconf 81' lang='lat' dir='ltr'><strong>gladius</strong></span> 
     </span>
    </p>
   </div>
   <div class='ocr_carea' id='block_1_81' title="bbox 1952 2036 3547 2108">
    <p class='ocr_par' dir='ltr' id='par_1_81' title="bbox 1952 2036 3547 2108">
     <span class='ocr_line' id='line_1_81' title="bbox 1952 2036 3547 2108; baseline 0.003 -17"><span class='ocrx_word' id='word_1_606' title='bbox 1952 2036 2161 2091; x_wconf 83' lang='lat' dir='ltr'><strong>illorum</strong></span> <span class='ocrx_word' id='word_1_607' title='bbox 2192 2037 2468 2092; x_wconf 82' lang='lat' dir='ltr'><strong>exacuitur</strong></span> <span class='ocrx_word' id='word_1_608' title='bbox 2488 2079 2503 2104; x_wconf 90' lang='lat'><strong>,</strong></span> <span class='ocrx_word' id='word_1_609' title='bbox 2532 2046 2586 2092; x_wconf 92' lang='lat' dir='ltr'><strong>et</strong></span> <span class='ocrx_word' id='word_1_610' title='bbox 2611 2037 2860 2093; x_wconf 89' lang='lat' dir='ltr'><strong>barathra</strong></span> <span class='ocrx_word' id='word_1_611' title='bbox 2902 2050 3156 2108; x_wconf 81' lang='lat' dir='ltr'><strong>parantur</strong></span> <span class='ocrx_word' id='word_1_612' title='bbox 3178 2080 3193 2105; x_wconf 94' lang='lat'><strong>,</strong></span> <span class='ocrx_word' id='word_1_613' title='bbox 3223 2049 3278 2094; x_wconf 90' lang='lat' dir='ltr'><strong>et</strong></span> <span class='ocrx_word' id='word_1_614' title='bbox 3310 2051 3424 2095; x_wconf 85' lang='lat' dir='ltr'><strong>rota</strong></span> <span class='ocrx_word' id='word_1_615' title='bbox 3446 2081 3462 2105; x_wconf 94' lang='lat'><strong>,</strong></span> <span class='ocrx_word' id='word_1_616' title='bbox 3492 2049 3547 2095; x_wconf 87' lang='lat' dir='ltr'><strong>et</strong></span> 
     </span>
    </p>
   </div>
   <div class='ocr_carea' id='block_1_82' title="bbox 1950 2128 3548 2201">
    <p class='ocr_par' dir='ltr' id='par_1_82' title="bbox 1950 2128 3548 2201">
     <span class='ocr_line' id='line_1_82' title="bbox 1950 2128 3548 2201; baseline 0.003 -21"><span class='ocrx_word' id='word_1_617' title='bbox 1950 2128 2183 2198; x_wconf 87' lang='lat' dir='ltr'><strong>equulei,</strong></span> <span class='ocrx_word' id='word_1_618' title='bbox 2209 2136 2263 2183; x_wconf 92' lang='lat' dir='ltr'><strong>et</strong></span> <span class='ocrx_word' id='word_1_619' title='bbox 2290 2128 2588 2194; x_wconf 85' lang='lat' dir='ltr'><strong>carnifices,</strong></span> <span class='ocrx_word' id='word_1_620' title='bbox 2611 2137 2666 2184; x_wconf 88' lang='lat' dir='ltr'><strong>et</strong></span> <span class='ocrx_word' id='word_1_621' title='bbox 2688 2129 2788 2183; x_wconf 90' lang='lat' dir='ltr'><strong>alia</strong></span> <span class='ocrx_word' id='word_1_622' title='bbox 2812 2128 3092 2184; x_wconf 74' lang='lat' dir='ltr'><strong>innumera</strong></span> <span class='ocrx_word' id='word_1_623' title='bbox 3116 2146 3313 2201; x_wconf 87' lang='lat' dir='ltr'><strong>genera</strong></span> <span class='ocrx_word' id='word_1_624' title='bbox 3342 2132 3516 2201; x_wconf 82' lang='lat' dir='ltr'><strong>suppli</strong></span> <span class='ocrx_word' id='word_1_625' title='bbox 3532 2160 3548 2172; x_wconf 90' lang='lat'><strong>-</strong></span> 
     </span>
    </p>
   </div>
   <div class='ocr_carea' id='block_1_83' title="bbox 1950 2219 3544 2290">
    <p class='ocr_par' dir='ltr' id='par_1_83' title="bbox 1950 2219 3544 2290">
     <span class='ocr_line' id='line_1_83' title="bbox 1950 2219 3544 2290; baseline 0.002 -16"><span class='ocrx_word' id='word_1_626' title='bbox 1950 2219 2176 2274; x_wconf 88' lang='lat' dir='ltr'><strong>ciorum.</strong></span> <span class='ocrx_word' id='word_1_627' title='bbox 2205 2219 2355 2288; x_wconf 88' lang='lat' dir='ltr'><strong>Quod</strong></span> <span class='ocrx_word' id='word_1_628' title='bbox 2382 2219 2545 2290; x_wconf 85' lang='lat' dir='ltr'><strong>igitur</strong></span> <span class='ocrx_word' id='word_1_629' title='bbox 2579 2229 2664 2275; x_wconf 88' lang='lat' dir='ltr'><strong>est</strong></span> <span class='ocrx_word' id='word_1_630' title='bbox 2700 2219 2839 2289; x_wconf 89' lang='lat' dir='ltr'><strong>apud</strong></span> <span class='ocrx_word' id='word_1_631' title='bbox 2879 2220 3089 2290; x_wconf 85' lang='lat' dir='ltr'><strong>judices</strong></span> <span class='ocrx_word' id='word_1_632' title='bbox 3134 2220 3374 2276; x_wconf 76' lang='lat' dir='ltr'><strong>carnifex</strong></span> <span class='ocrx_word' id='word_1_633' title='bbox 3398 2263 3414 2287; x_wconf 91' lang='lat'><strong>,</strong></span> <span class='ocrx_word' id='word_1_634' title='bbox 3441 2220 3544 2277; x_wconf 89' lang='lat' dir='ltr'><strong>hoc</strong></span> 
     </span>
    </p>
   </div>
   <div class='ocr_carea' id='block_1_84' title="bbox 1950 2308 3546 2382">
    <p class='ocr_par' dir='ltr' id='par_1_84' title="bbox 1950 2308 3546 2382">
     <span class='ocr_line' id='line_1_84' title="bbox 1950 2308 3546 2382; baseline 0.003 -20"><span class='ocrx_word' id='word_1_635' title='bbox 1950 2308 2090 2379; x_wconf 85' lang='lat' dir='ltr'><strong>apud</strong></span> <span class='ocrx_word' id='word_1_636' title='bbox 2120 2310 2282 2365; x_wconf 89' lang='lat' dir='ltr'><strong>Deum</strong></span> <span class='ocrx_word' id='word_1_637' title='bbox 2308 2321 2391 2365; x_wconf 90' lang='lat' dir='ltr'><strong>est</strong></span> <span class='ocrx_word' id='word_1_638' title='bbox 2417 2309 2605 2377; x_wconf 81' lang='lat' dir='ltr'><strong>fames,</strong></span> <span class='ocrx_word' id='word_1_639' title='bbox 2636 2325 2753 2381; x_wconf 68' lang='lat' dir='ltr'><strong>quae</strong></span> <span class='ocrx_word' id='word_1_640' title='bbox 2781 2320 3046 2382; x_wconf 88' lang='lat' dir='ltr'><strong>tamquam</strong></span> <span class='ocrx_word' id='word_1_641' title='bbox 3077 2311 3310 2366; x_wconf 76' lang='lat' dir='ltr'><strong>carnifex</strong></span> <span class='ocrx_word' id='word_1_642' title='bbox 3339 2327 3437 2366; x_wconf 91' lang='lat' dir='ltr'><strong>nos</strong></span> <span class='ocrx_word' id='word_1_643' title='bbox 3457 2327 3546 2366; x_wconf 64' lang='lat' dir='ltr'><strong>ca.</strong></span> 
     </span>
    </p>
   </div>
   <div class='ocr_carea' id='block_1_85' title="bbox 1951 2403 3543 2473">
    <p class='ocr_par' dir='ltr' id='par_1_85' title="bbox 1951 2403 3543 2473">
     <span class='ocr_line' id='line_1_85' title="bbox 1951 2403 3543 2473; baseline 0.001 -15"><span class='ocrx_word' id='word_1_644' title='bbox 1951 2403 2110 2473; x_wconf 83' lang='lat' dir='ltr'><strong>stigat</strong></span> <span class='ocrx_word' id='word_1_645' title='bbox 2141 2413 2196 2459; x_wconf 84' lang='lat' dir='ltr'><strong>et</strong></span> <span class='ocrx_word' id='word_1_646' title='bbox 2227 2417 2255 2455; x_wconf 87' lang='lat' dir='ltr'><strong>a</strong></span> <span class='ocrx_word' id='word_1_647' title='bbox 2283 2403 2409 2458; x_wconf 90' lang='lat' dir='ltr'><strong>vitio</strong></span> <span class='ocrx_word' id='word_1_648' title='bbox 2432 2414 2669 2458; x_wconf 87' lang='lat' dir='ltr'><strong>revocat.</strong></span> <span class='ocrx_word' id='word_1_649' title='bbox 2701 2403 2844 2458; x_wconf 86' lang='lat' dir='ltr'><strong>Idem</strong></span> <span class='ocrx_word' id='word_1_650' title='bbox 2875 2412 2931 2458; x_wconf 90' lang='lat' dir='ltr'><strong>et</strong></span> <span class='ocrx_word' id='word_1_651' title='bbox 2960 2403 3009 2457; x_wconf 92' lang='lat' dir='ltr'><strong>in</strong></span> <span class='ocrx_word' id='word_1_652' title='bbox 3041 2403 3289 2473; x_wconf 84' lang='lat' dir='ltr'><strong>agricolis</strong></span> <span class='ocrx_word' id='word_1_653' title='bbox 3318 2418 3543 2459; x_wconf 82' lang='lat' dir='ltr'><strong>cernere</strong></span> 
     </span>
    </p>
   </div>
   <div class='ocr_carea' id='block_1_86' title="bbox 1950 2494 3539 2565">
    <p class='ocr_par' dir='ltr' id='par_1_86' title="bbox 1950 2494 3539 2565">
     <span class='ocr_line' id='line_1_86' title="bbox 1950 2494 3539 2565; baseline -0.001 -14"><span class='ocrx_word' id='word_1_654' title='bbox 1950 2494 2256 2551; x_wconf 79' lang='lat' dir='ltr'><strong>licetznon</strong></span> <span class='ocrx_word' id='word_1_655' title='bbox 2280 2496 2652 2551; x_wconf 87' lang='lat' dir='ltr'><strong>cnimtantnm</strong></span> <span class='ocrx_word' id='word_1_656' title='bbox 2680 2495 2915 2550; x_wconf 88' lang='lat' dir='ltr'><strong>radicem</strong></span> <span class='ocrx_word' id='word_1_657' title='bbox 2973 2496 3238 2565; x_wconf 78' lang='lat' dir='ltr'><strong>ohtegttnt</strong></span> <span class='ocrx_word' id='word_1_658' title='bbox 3295 2495 3423 2551; x_wconf 88' lang='lat' dir='ltr'><strong>vitis</strong></span> <span class='ocrx_word' id='word_1_659' title='bbox 3484 2504 3539 2549; x_wconf 78' lang='lat' dir='ltr'><strong>et</strong></span> 
     </span>
    </p>
   </div>
   <div class='ocr_carea' id='block_1_87' title="bbox 1949 2588 3546 2659">
    <p class='ocr_par' dir='ltr' id='par_1_87' title="bbox 1949 2588 3546 2659">
     <span class='ocr_line' id='line_1_87' title="bbox 1949 2588 3546 2659; baseline -0.001 -15"><span class='ocrx_word' id='word_1_660' title='bbox 1949 2588 2355 2644; x_wconf 83' lang='lat' dir='ltr'><strong>circumvallant</strong></span> <span class='ocrx_word' id='word_1_661' title='bbox 2377 2589 2613 2659; x_wconf 78' lang='lat' dir='ltr'><strong>scpibus,</strong></span> <span class='ocrx_word' id='word_1_662' title='bbox 2644 2589 2737 2642; x_wconf 88' lang='lat' dir='ltr'><strong>sed</strong></span> <span class='ocrx_word' id='word_1_663' title='bbox 2768 2588 2929 2642; x_wconf 87' lang='lat' dir='ltr'><strong>etiam</strong></span> <span class='ocrx_word' id='word_1_664' title='bbox 2960 2596 3236 2657; x_wconf 83' lang='lat' dir='ltr'><strong>amputant</strong></span> <span class='ocrx_word' id='word_1_665' title='bbox 3260 2597 3315 2643; x_wconf 89' lang='lat' dir='ltr'><strong>et</strong></span> <span class='ocrx_word' id='word_1_666' title='bbox 3345 2588 3546 2643; x_wconf 76' lang='lat' dir='ltr'><strong>multos</strong></span> 
     </span>
    </p>
   </div>
   <div class='ocr_carea' id='block_1_88' title="bbox 1952 2678 3544 2749">
    <p class='ocr_par' dir='ltr' id='par_1_88' title="bbox 1952 2678 3544 2749">
     <span class='ocr_line' id='line_1_88' title="bbox 1952 2678 3544 2749; baseline -0.001 -17"><span class='ocrx_word' id='word_1_667' title='bbox 1952 2678 2198 2749; x_wconf 86' lang='lat' dir='ltr'><strong>palmites</strong></span> <span class='ocrx_word' id='word_1_668' title='bbox 2234 2689 2478 2734; x_wconf 88' lang='lat' dir='ltr'><strong>resecant</strong></span> <span class='ocrx_word' id='word_1_669' title='bbox 2509 2696 2522 2732; x_wconf 76' lang='grc' dir='ltr'>ε</span> <span class='ocrx_word' id='word_1_670' title='bbox 2553 2678 2754 2733; x_wconf 87' lang='lat' dir='ltr'><strong>idcirco</strong></span> <span class='ocrx_word' id='word_1_671' title='bbox 2794 2692 2899 2732; x_wconf 92' lang='lat' dir='ltr'><strong>non</strong></span> <span class='ocrx_word' id='word_1_672' title='bbox 2938 2678 3169 2747; x_wconf 82' lang='lat' dir='ltr'><strong>ligonem</strong></span> <span class='ocrx_word' id='word_1_673' title='bbox 3203 2688 3405 2734; x_wconf 77' lang='lat' dir='ltr'><strong>tantum</strong></span> <span class='ocrx_word' id='word_1_674' title='bbox 3446 2679 3544 2732; x_wconf 86' lang='lat' dir='ltr'><strong>ha-</strong></span> 
     </span>
    </p>
   </div>
   <div class='ocr_carea' id='block_1_89' title="bbox 1950 2769 3541 2840">
    <p class='ocr_par' dir='ltr' id='par_1_89' title="bbox 1950 2769 3541 2840">
     <span class='ocr_line' id='line_1_89' title="bbox 1950 2769 3541 2840; baseline -0.001 -15"><span class='ocrx_word' id='word_1_675' title='bbox 1950 2770 2080 2825; x_wconf 86' lang='lat' dir='ltr'><strong>bent</strong></span> <span class='ocrx_word' id='word_1_676' title='bbox 2102 2770 2199 2837; x_wconf 90' lang='lat' dir='ltr'><strong>illi,</strong></span> <span class='ocrx_word' id='word_1_677' title='bbox 2231 2769 2324 2825; x_wconf 90' lang='lat' dir='ltr'><strong>scd</strong></span> <span class='ocrx_word' id='word_1_678' title='bbox 2350 2781 2402 2825; x_wconf 90' lang='lat' dir='ltr'><strong>et</strong></span> <span class='ocrx_word' id='word_1_679' title='bbox 2436 2770 2621 2825; x_wconf 85' lang='lat' dir='ltr'><strong>falcem</strong></span> <span class='ocrx_word' id='word_1_680' title='bbox 2650 2779 2828 2840; x_wconf 92' lang='lat' dir='ltr'><strong>aptam</strong></span> <span class='ocrx_word' id='word_1_681' title='bbox 2856 2770 2921 2823; x_wconf 90' lang='lat' dir='ltr'><strong>ad</strong></span> <span class='ocrx_word' id='word_1_682' title='bbox 2950 2769 3259 2824; x_wconf 86' lang='lat' dir='ltr'><strong>secandum.</strong></span> <span class='ocrx_word' id='word_1_683' title='bbox 3290 2770 3541 2824; x_wconf 87' lang='lat' dir='ltr'><strong>Attamen</strong></span> 
     </span>
    </p>
   </div>
   <div class='ocr_carea' id='block_1_90' title="bbox 1949 2859 3544 2929">
    <p class='ocr_par' dir='ltr' id='par_1_90' title="bbox 1949 2859 3544 2929">
     <span class='ocr_line' id='line_1_90' title="bbox 1949 2859 3544 2929; baseline 0 -12"><span class='ocrx_word' id='word_1_684' title='bbox 1949 2861 2069 2919; x_wconf 90' lang='lat' dir='ltr'><strong>illos</strong></span> <span class='ocrx_word' id='word_1_685' title='bbox 2112 2877 2218 2916; x_wconf 90' lang='lat' dir='ltr'><strong>non</strong></span> <span class='ocrx_word' id='word_1_686' title='bbox 2267 2861 2743 2929; x_wconf 55' lang='lat' dir='ltr'><strong>reprehendimus,</strong></span> <span class='ocrx_word' id='word_1_687' title='bbox 2770 2859 2864 2916; x_wconf 89' lang='lat' dir='ltr'><strong>sed</strong></span> <span class='ocrx_word' id='word_1_688' title='bbox 2907 2869 2962 2915; x_wconf 90' lang='lat' dir='ltr'><strong>ct</strong></span> <span class='ocrx_word' id='word_1_689' title='bbox 3012 2861 3131 2916; x_wconf 85' lang='lat' dir='ltr'><strong>illos</strong></span> <span class='ocrx_word' id='word_1_690' title='bbox 3168 2869 3278 2914; x_wconf 88' lang='lat' dir='ltr'><strong>tum</strong></span> <span class='ocrx_word' id='word_1_691' title='bbox 3307 2860 3544 2918; x_wconf 68' lang='lat' dir='ltr'><strong>maxime</strong></span> 
     </span>
    </p>
   </div>
   <div class='ocr_carea' id='block_1_91' title="bbox 1949 2950 3543 3018">
    <p class='ocr_par' dir='ltr' id='par_1_91' title="bbox 1949 2950 3543 3018">
     <span class='ocr_line' id='line_1_91' title="bbox 1949 2950 3543 3018; baseline 0 -12"><span class='ocrx_word' id='word_1_692' title='bbox 1949 2951 2246 3018; x_wconf 86' lang='lat' dir='ltr'><strong>laudamus,</strong></span> <span class='ocrx_word' id='word_1_693' title='bbox 2276 2968 2397 3007; x_wconf 91' lang='lat' dir='ltr'><strong>cum</strong></span> <span class='ocrx_word' id='word_1_694' title='bbox 2429 2951 2632 3007; x_wconf 84' lang='lat' dir='ltr'><strong>inntilia</strong></span> <span class='ocrx_word' id='word_1_695' title='bbox 2659 2952 2822 3005; x_wconf 90' lang='lat' dir='ltr'><strong>multa</strong></span> <span class='ocrx_word' id='word_1_696' title='bbox 2853 2951 3142 3006; x_wconf 78' lang='lat' dir='ltr'><strong>viderimus</strong></span> <span class='ocrx_word' id='word_1_697' title='bbox 3166 2951 3233 3006; x_wconf 88' lang='lat' dir='ltr'><strong>ab</strong></span> <span class='ocrx_word' id='word_1_698' title='bbox 3260 2950 3365 3006; x_wconf 84' lang='lat' dir='ltr'><strong>illis</strong></span> <span class='ocrx_word' id='word_1_699' title='bbox 3392 2966 3543 3007; x_wconf 68' lang='lat' dir='ltr'><strong>reseo</strong></span> 
     </span>
    </p>
   </div>
   <div class='ocr_carea' id='block_1_92' title="bbox 1945 3044 3543 3114">
    <p class='ocr_par' dir='ltr' id='par_1_92' title="bbox 1945 3044 3543 3114">
     <span class='ocr_line' id='line_1_92' title="bbox 1945 3044 3543 3114; baseline -0.001 -15"><span class='ocrx_word' id='word_1_700' title='bbox 1945 3053 2052 3111; x_wconf 80' lang='lat' dir='ltr'><strong>cta,</strong></span> <span class='ocrx_word' id='word_1_701' title='bbox 2080 3053 2139 3099; x_wconf 89' lang='lat' dir='ltr'><strong>ut</strong></span> <span class='ocrx_word' id='word_1_702' title='bbox 2159 3045 2439 3114; x_wconf 84' lang='lat' dir='ltr'><strong>superﬂuis</strong></span> <span class='ocrx_word' id='word_1_703' title='bbox 2465 3044 2694 3114; x_wconf 80' lang='lat' dir='ltr'><strong>rejectis,</strong></span> <span class='ocrx_word' id='word_1_704' title='bbox 2726 3059 2846 3114; x_wconf 68' lang='lat' dir='ltr'><strong>quae</strong></span> <span class='ocrx_word' id='word_1_705' title='bbox 2866 3053 3149 3098; x_wconf 88' lang='lat' dir='ltr'><strong>remanent</strong></span> <span class='ocrx_word' id='word_1_706' title='bbox 3176 3044 3387 3098; x_wconf 83' lang='lat' dir='ltr'><strong>saniora</strong></span> <span class='ocrx_word' id='word_1_707' title='bbox 3419 3044 3543 3098; x_wconf 67' lang='lat' dir='ltr'><strong>red-</strong></span> 
     </span>
    </p>
   </div>
   <div class='ocr_carea' id='block_1_93' title="bbox 1944 3135 3539 3205">
    <p class='ocr_par' dir='ltr' id='par_1_93' title="bbox 1944 3135 3539 3205">
     <span class='ocr_line' id='line_1_93' title="bbox 1944 3135 3539 3205; baseline -0.001 -16"><span class='ocrx_word' id='word_1_708' title='bbox 1944 3135 2161 3189; x_wconf 87' lang='lat' dir='ltr'><strong>dantur.</strong></span> <span class='ocrx_word' id='word_1_709' title='bbox 2197 3136 2390 3190; x_wconf 89' lang='lat' dir='ltr'><strong>Annon</strong></span> <span class='ocrx_word' id='word_1_710' title='bbox 2419 3135 2579 3204; x_wconf 88' lang='lat' dir='ltr'><strong>igitur</strong></span> <span class='ocrx_word' id='word_1_711' title='bbox 2606 3135 2892 3189; x_wconf 89' lang='lat' dir='ltr'><strong>absurdum</strong></span> <span class='ocrx_word' id='word_1_712' title='bbox 2920 3144 3021 3199; x_wconf 84' lang='lat' dir='ltr'><strong>est,</strong></span> <span class='ocrx_word' id='word_1_713' title='bbox 3049 3146 3253 3205; x_wconf 86' lang='lat' dir='ltr'><strong>patrem</strong></span> <span class='ocrx_word' id='word_1_714' title='bbox 3280 3135 3495 3205; x_wconf 84' lang='lat' dir='ltr'><strong>quidem</strong></span> <span class='ocrx_word' id='word_1_715' title='bbox 3524 3176 3539 3201; x_wconf 88' lang='lat'><strong>,</strong></span> 
     </span>
    </p>
   </div>
   <div class='ocr_carea' id='block_1_94' title="bbox 1945 3228 3542 3299">
    <p class='ocr_par' dir='ltr' id='par_1_94' title="bbox 1945 3228 3542 3299">
     <span class='ocr_line' id='line_1_94' title="bbox 1945 3228 3542 3299; baseline -0.001 -16"><span class='ocrx_word' id='word_1_716' title='bbox 1945 3238 2001 3284; x_wconf 91' lang='lat' dir='ltr'><strong>et</strong></span> <span class='ocrx_word' id='word_1_717' title='bbox 2029 3229 2318 3294; x_wconf 90' lang='lat' dir='ltr'><strong>medicum,</strong></span> <span class='ocrx_word' id='word_1_718' title='bbox 2344 3239 2401 3283; x_wconf 89' lang='lat' dir='ltr'><strong>et</strong></span> <span class='ocrx_word' id='word_1_719' title='bbox 2421 3229 2657 3297; x_wconf 87' lang='lat' dir='ltr'><strong>judicem</strong></span> <span class='ocrx_word' id='word_1_720' title='bbox 2684 3269 2699 3295; x_wconf 93' lang='lat'><strong>,</strong></span> <span class='ocrx_word' id='word_1_721' title='bbox 2721 3237 2776 3282; x_wconf 91' lang='lat' dir='ltr'><strong>et</strong></span> <span class='ocrx_word' id='word_1_722' title='bbox 2802 3228 3086 3299; x_wconf 86' lang='lat' dir='ltr'><strong>agricolam</strong></span> <span class='ocrx_word' id='word_1_723' title='bbox 3115 3229 3413 3298; x_wconf 86' lang='lat' dir='ltr'><strong>approbare</strong></span> <span class='ocrx_word' id='word_1_724' title='bbox 3435 3268 3450 3292; x_wconf 92' lang='lat'><strong>,</strong></span> <span class='ocrx_word' id='word_1_725' title='bbox 3480 3243 3542 3282; x_wconf 87' lang='lat' dir='ltr'><strong>ac</strong></span> 
     </span>
    </p>
   </div>
   <div class='ocr_carea' id='block_1_95' title="bbox 1945 3318 3539 3390">
    <p class='ocr_par' dir='ltr' id='par_1_95' title="bbox 1945 3318 3539 3390">
     <span class='ocr_line' id='line_1_95' title="bbox 1945 3318 3539 3390; baseline -0.003 -17"><span class='ocrx_word' id='word_1_726' title='bbox 1945 3335 2119 3390; x_wconf 87' lang='lat' dir='ltr'><strong>neque</strong></span> <span class='ocrx_word' id='word_1_727' title='bbox 2149 3319 2294 3373; x_wconf 90' lang='lat' dir='ltr'><strong>illum</strong></span> <span class='ocrx_word' id='word_1_728' title='bbox 2325 3318 2448 3374; x_wconf 91' lang='lat' dir='ltr'><strong>dum</strong></span> <span class='ocrx_word' id='word_1_729' title='bbox 2478 3320 2641 3374; x_wconf 86' lang='lat' dir='ltr'><strong>lilium</strong></span> <span class='ocrx_word' id='word_1_730' title='bbox 2675 3318 2820 3389; x_wconf 90' lang='lat' dir='ltr'><strong>pellit</strong></span> <span class='ocrx_word' id='word_1_731' title='bbox 2848 3333 2914 3373; x_wconf 85' lang='lat' dir='ltr'><strong>ex</strong></span> <span class='ocrx_word' id='word_1_732' title='bbox 2940 3319 3173 3382; x_wconf 63' lang='lat' dir='ltr'><strong>aedibus,</strong></span> <span class='ocrx_word' id='word_1_733' title='bbox 3210 3333 3383 3387; x_wconf 87' lang='lat' dir='ltr'><strong>neque</strong></span> <span class='ocrx_word' id='word_1_734' title='bbox 3424 3334 3539 3372; x_wconf 79' lang='lat' dir='ltr'><strong>mc—</strong></span> 
     </span>
    </p>
   </div>
   <div class='ocr_carea' id='block_1_96' title="bbox 1944 3406 3540 3480">
    <p class='ocr_par' dir='ltr' id='par_1_96' title="bbox 1944 3406 3540 3480">
     <span class='ocr_line' id='line_1_96' title="bbox 1944 3406 3540 3480; baseline -0.001 -16"><span class='ocrx_word' id='word_1_735' title='bbox 1944 3409 2121 3465; x_wconf 89' lang='lat' dir='ltr'><strong>dicum</strong></span> <span class='ocrx_word' id='word_1_736' title='bbox 2152 3410 2277 3463; x_wconf 90' lang='lat' dir='ltr'><strong>dum</strong></span> <span class='ocrx_word' id='word_1_737' title='bbox 2306 3418 2519 3480; x_wconf 86' lang='lat' dir='ltr'><strong>torquet</strong></span> <span class='ocrx_word' id='word_1_738' title='bbox 2542 3417 2821 3479; x_wconf 70' lang='lat' dir='ltr'><strong>aegrotum,</strong></span> <span class='ocrx_word' id='word_1_739' title='bbox 2851 3422 3024 3478; x_wconf 84' lang='lat' dir='ltr'><strong>neque</strong></span> <span class='ocrx_word' id='word_1_740' title='bbox 3046 3407 3278 3477; x_wconf 85' lang='lat' dir='ltr'><strong>judiccm</strong></span> <span class='ocrx_word' id='word_1_741' title='bbox 3300 3406 3427 3469; x_wconf 87' lang='lat' dir='ltr'><strong>dum</strong></span> <span class='ocrx_word' id='word_1_742' title='bbox 3449 3424 3540 3462; x_wconf 56' lang='lat' dir='ltr'><strong>rae</strong></span> 
     </span>
    </p>
   </div>
   <div class='ocr_carea' id='block_1_97' title="bbox 1942 3499 3541 3570">
    <p class='ocr_par' dir='ltr' id='par_1_97' title="bbox 1942 3499 3541 3570">
     <span class='ocr_line' id='line_1_97' title="bbox 1942 3499 3541 3570; baseline 0.001 -16"><span class='ocrx_word' id='word_1_743' title='bbox 1942 3500 2104 3570; x_wconf 89' lang='lat' dir='ltr'><strong>stigat</strong></span> <span class='ocrx_word' id='word_1_744' title='bbox 2125 3542 2141 3566; x_wconf 90' lang='lat'><strong>,</strong></span> <span class='ocrx_word' id='word_1_745' title='bbox 2165 3515 2337 3569; x_wconf 90' lang='lat' dir='ltr'><strong>neque</strong></span> <span class='ocrx_word' id='word_1_746' title='bbox 2370 3500 2654 3570; x_wconf 84' lang='lat' dir='ltr'><strong>agricolam</strong></span> <span class='ocrx_word' id='word_1_747' title='bbox 2684 3499 2810 3554; x_wconf 86' lang='lat' dir='ltr'><strong>dum</strong></span> <span class='ocrx_word' id='word_1_748' title='bbox 2838 3507 3109 3569; x_wconf 82' lang='lat' dir='ltr'><strong>amputat,</strong></span> <span class='ocrx_word' id='word_1_749' title='bbox 3143 3499 3541 3567; x_wconf 87' lang='lat' dir='ltr'><strong>reprehendere</strong></span> 
     </span>
    </p>
   </div>
   <div class='ocr_carea' id='block_1_98' title="bbox 1943 3589 3538 3661">
    <p class='ocr_par' dir='ltr' id='par_1_98' title="bbox 1943 3589 3538 3661">
     <span class='ocr_line' id='line_1_98' title="bbox 1943 3589 3538 3661; baseline -0.002 -13"><span class='ocrx_word' id='word_1_750' title='bbox 1943 3596 2028 3648; x_wconf 86' lang='lat' dir='ltr'><strong>vel</strong></span> <span class='ocrx_word' id='word_1_751' title='bbox 2077 3607 2367 3656; x_wconf 88' lang='lat' dir='ltr'><strong>accusare;</strong></span> <span class='ocrx_word' id='word_1_752' title='bbox 2395 3593 2559 3647; x_wconf 88' lang='lat' dir='ltr'><strong>Deum</strong></span> <span class='ocrx_word' id='word_1_753' title='bbox 2606 3606 2769 3656; x_wconf 88' lang='lat' dir='ltr'><strong>vero,</strong></span> <span class='ocrx_word' id='word_1_754' title='bbox 2799 3592 2843 3646; x_wconf 91' lang='lat' dir='ltr'><strong>si</strong></span> <span class='ocrx_word' id='word_1_755' title='bbox 2881 3589 3095 3661; x_wconf 87' lang='lat' dir='ltr'><strong>quando</strong></span> <span class='ocrx_word' id='word_1_756' title='bbox 3134 3604 3231 3646; x_wconf 91' lang='lat' dir='ltr'><strong>nos</strong></span> <span class='ocrx_word' id='word_1_757' title='bbox 3271 3601 3538 3660; x_wconf 86' lang='lat' dir='ltr'><strong>tamquam</strong></span> 
     </span>
    </p>
   </div>
   <div class='ocr_carea' id='block_1_99' title="bbox 1942 3683 3535 3757">
    <p class='ocr_par' dir='ltr' id='par_1_99' title="bbox 1942 3683 3535 3757">
     <span class='ocr_line' id='line_1_99' title="bbox 1942 3683 3535 3757; baseline -0.001 -16"><span class='ocrx_word' id='word_1_758' title='bbox 1942 3688 2131 3757; x_wconf 88' lang='lat' dir='ltr'><strong>capitis</strong></span> <span class='ocrx_word' id='word_1_759' title='bbox 2175 3687 2465 3757; x_wconf 77' lang='lat' dir='ltr'><strong>gravedine</strong></span> <span class='ocrx_word' id='word_1_760' title='bbox 2506 3685 2811 3741; x_wconf 81' lang='lat' dir='ltr'><strong>laborantes</strong></span> <span class='ocrx_word' id='word_1_761' title='bbox 2851 3700 2917 3739; x_wconf 85' lang='lat' dir='ltr'><strong>ex</strong></span> <span class='ocrx_word' id='word_1_762' title='bbox 2957 3684 3117 3739; x_wconf 87' lang='lat' dir='ltr'><strong>nimia</strong></span> <span class='ocrx_word' id='word_1_763' title='bbox 3146 3683 3382 3740; x_wconf 87' lang='lat' dir='ltr'><strong>excitare</strong></span> <span class='ocrx_word' id='word_1_764' title='bbox 3408 3686 3535 3740; x_wconf 82' lang='lat' dir='ltr'><strong>velit</strong></span> 
     </span>
    </p>
   </div>
   <div class='ocr_carea' id='block_1_100' title="bbox 1941 3776 3542 3848">
    <p class='ocr_par' dir='ltr' id='par_1_100' title="bbox 1941 3776 3542 3848">
     <span class='ocr_line' id='line_1_100' title="bbox 1941 3776 3542 3848; baseline 0 -16"><span class='ocrx_word' id='word_1_765' title='bbox 1941 3776 2201 3832; x_wconf 85' lang='lat' dir='ltr'><strong>ebrietate</strong></span> <span class='ocrx_word' id='word_1_766' title='bbox 2220 3817 2236 3844; x_wconf 92' lang='lat'><strong>,</strong></span> <span class='ocrx_word' id='word_1_767' title='bbox 2263 3792 2422 3848; x_wconf 88' lang='lat' dir='ltr'><strong>quam</strong></span> <span class='ocrx_word' id='word_1_768' title='bbox 2451 3777 2654 3833; x_wconf 87' lang='lat' dir='ltr'><strong>malitia</strong></span> <span class='ocrx_word' id='word_1_769' title='bbox 2682 3777 2955 3847; x_wconf 86' lang='lat' dir='ltr'><strong>ingenerat</strong></span> <span class='ocrx_word' id='word_1_770' title='bbox 2979 3816 2994 3842; x_wconf 91' lang='lat'><strong>,</strong></span> <span class='ocrx_word' id='word_1_771' title='bbox 3020 3791 3246 3846; x_wconf 82' lang='lat' dir='ltr'><strong>carpere</strong></span> <span class='ocrx_word' id='word_1_772' title='bbox 3285 3788 3338 3832; x_wconf 91' lang='lat' dir='ltr'><strong>et</strong></span> <span class='ocrx_word' id='word_1_773' title='bbox 3380 3778 3542 3832; x_wconf 84' lang='lat' dir='ltr'><strong>imm-</strong></span> 
     </span>
    </p>
   </div>
   <div class='ocr_carea' id='block_1_101' title="bbox 1942 3867 3538 3938">
    <p class='ocr_par' dir='ltr' id='par_1_101' title="bbox 1942 3867 3538 3938">
     <span class='ocr_line' id='line_1_101' title="bbox 1942 3867 3538 3938; baseline 0.002 -17"><span class='ocrx_word' id='word_1_774' title='bbox 1942 3868 2109 3922; x_wconf 82' lang='lat' dir='ltr'><strong>meris</strong></span> <span class='ocrx_word' id='word_1_775' title='bbox 2162 3870 2418 3938; x_wconf 87' lang='lat' dir='ltr'><strong>impetere</strong></span> <span class='ocrx_word' id='word_1_776' title='bbox 2469 3867 2969 3923; x_wconf 85' lang='lat' dir='ltr'><strong>criminationibus?</strong></span> <span class='ocrx_word' id='word_1_777' title='bbox 3021 3869 3212 3921; x_wconf 81' lang='lat' dir='ltr'><strong>Annon</strong></span> <span class='ocrx_word' id='word_1_778' title='bbox 3275 3878 3538 3924; x_wconf 69' lang='lat' dir='ltr'><strong>extremae</strong></span> 
     </span>
    </p>
   </div>
   <div class='ocr_carea' id='block_1_102' title="bbox 1938 3957 3539 4029">
    <p class='ocr_par' dir='ltr' id='par_1_102' title="bbox 1938 3957 3539 4029">
     <span class='ocr_line' id='line_1_102' title="bbox 1938 3957 3539 4029; baseline 0.001 -16"><span class='ocrx_word' id='word_1_779' title='bbox 1938 3957 2224 4013; x_wconf 66' lang='lat' dir='ltr'><strong>dementiae</strong></span> <span class='ocrx_word' id='word_1_780' title='bbox 2246 3958 2421 4025; x_wconf 84' lang='lat' dir='ltr'><strong>fuerit,</strong></span> <span class='ocrx_word' id='word_1_781' title='bbox 2440 3974 2545 4013; x_wconf 92' lang='lat' dir='ltr'><strong>non</strong></span> <span class='ocrx_word' id='word_1_782' title='bbox 2568 3958 2808 4013; x_wconf 60' lang='lat' dir='ltr'><strong>eamdem</strong></span> <span class='ocrx_word' id='word_1_783' title='bbox 2828 3959 3138 4029; x_wconf 83' lang='lat' dir='ltr'><strong>permittere</strong></span> <span class='ocrx_word' id='word_1_784' title='bbox 3162 3957 3386 4013; x_wconf 86' lang='lat' dir='ltr'><strong>Domino</strong></span> <span class='ocrx_word' id='word_1_785' title='bbox 3406 3975 3539 4014; x_wconf 73' lang='lat' dir='ltr'><strong>cau—</strong></span> 
     </span>
    </p>
   </div>
   <div class='ocr_carea' id='block_1_103' title="bbox 1940 4048 3538 4121">
    <p class='ocr_par' dir='ltr' id='par_1_103' title="bbox 1940 4048 3538 4121">
     <span class='ocr_line' id='line_1_103' title="bbox 1940 4048 3538 4121; baseline -0.001 -17"><span class='ocrx_word' id='word_1_786' title='bbox 1940 4063 2055 4105; x_wconf 87' lang='lat' dir='ltr'><strong>sam</strong></span> <span class='ocrx_word' id='word_1_787' title='bbox 2081 4064 2230 4104; x_wconf 89' lang='lat' dir='ltr'><strong>suam</strong></span> <span class='ocrx_word' id='word_1_788' title='bbox 2258 4049 2580 4106; x_wconf 85' lang='lat' dir='ltr'><strong>defendendi</strong></span> <span class='ocrx_word' id='word_1_789' title='bbox 2609 4048 2933 4115; x_wconf 83' lang='lat' dir='ltr'><strong>facultatem,</strong></span> <span class='ocrx_word' id='word_1_790' title='bbox 2961 4066 3119 4121; x_wconf 87' lang='lat' dir='ltr'><strong>quam</strong></span> <span class='ocrx_word' id='word_1_791' title='bbox 3142 4051 3418 4105; x_wconf 81' lang='lat' dir='ltr'><strong>conservis</strong></span> <span class='ocrx_word' id='word_1_792' title='bbox 3443 4066 3538 4107; x_wconf 65' lang='lat' dir='ltr'><strong>no.</strong></span> 
     </span>
    </p>
   </div>
   <div class='ocr_carea' id='block_1_104' title="bbox 1940 4141 2491 4212">
    <p class='ocr_par' dir='ltr' id='par_1_104' title="bbox 1940 4141 2491 4212">
     <span class='ocr_line' id='line_1_104' title="bbox 1940 4141 2491 4212; baseline 0 -17"><span class='ocrx_word' id='word_1_793' title='bbox 1940 4142 2065 4197; x_wconf 86' lang='lat' dir='ltr'><strong>stris</strong></span> <span class='ocrx_word' id='word_1_794' title='bbox 2096 4141 2491 4212; x_wconf 84' lang='lat' dir='ltr'><strong>permittimus?</strong></span> 
     </span>
    </p>
   </div>
   <div class='ocr_carea' id='block_1_105' title="bbox 2012 4233 3535 4307">
    <p class='ocr_par' dir='ltr' id='par_1_105' title="bbox 2012 4233 3535 4307">
     <span class='ocr_line' id='line_1_105' title="bbox 2012 4233 3535 4307; baseline 0.003 -17"><span class='ocrx_word' id='word_1_795' title='bbox 2012 4233 2065 4290; x_wconf 89' lang='lat'><strong>6.</strong></span> <span class='ocrx_word' id='word_1_796' title='bbox 2095 4234 2219 4291; x_wconf 82' lang='lat' dir='ltr'><strong>Haec</strong></span> <span class='ocrx_word' id='word_1_797' title='bbox 2242 4250 2273 4290; x_wconf 90' lang='lat' dir='ltr'><strong>a</strong></span> <span class='ocrx_word' id='word_1_798' title='bbox 2292 4249 2381 4290; x_wconf 89' lang='lat' dir='ltr'><strong>me</strong></span> <span class='ocrx_word' id='word_1_799' title='bbox 2402 4234 2605 4291; x_wconf 90' lang='lat' dir='ltr'><strong>idcirco</strong></span> <span class='ocrx_word' id='word_1_800' title='bbox 2627 4233 2895 4301; x_wconf 80' lang='lat' dir='ltr'><strong>dicuntur,</strong></span> <span class='ocrx_word' id='word_1_801' title='bbox 2918 4235 3056 4306; x_wconf 86' lang='lat' dir='ltr'><strong>quod</strong></span> <span class='ocrx_word' id='word_1_802' title='bbox 3080 4248 3264 4291; x_wconf 87' lang='lat' dir='ltr'><strong>eorum</strong></span> <span class='ocrx_word' id='word_1_803' title='bbox 3294 4236 3535 4307; x_wconf 82' lang='lat' dir='ltr'><strong>ipsorum</strong></span> 
     </span>
    </p>
   </div>
   <div class='ocr_carea' id='block_1_106' title="bbox 1938 4324 3534 4396">
    <p class='ocr_par' dir='ltr' id='par_1_106' title="bbox 1938 4324 3534 4396">
     <span class='ocr_line' id='line_1_106' title="bbox 1938 4324 3534 4396; baseline 0.001 -14"><span class='ocrx_word' id='word_1_804' title='bbox 1938 4340 2102 4382; x_wconf 86' lang='lat' dir='ltr'><strong>causa</strong></span> <span class='ocrx_word' id='word_1_805' title='bbox 2135 4324 2437 4391; x_wconf 80' lang='lat' dir='ltr'><strong>formidem,</strong></span> <span class='ocrx_word' id='word_1_806' title='bbox 2466 4326 2555 4396; x_wconf 89' lang='lat' dir='ltr'><strong>qui</strong></span> <span class='ocrx_word' id='word_1_807' title='bbox 2582 4326 2790 4381; x_wconf 87' lang='lat' dir='ltr'><strong>crimini</strong></span> <span class='ocrx_word' id='word_1_808' title='bbox 2820 4335 3053 4393; x_wconf 89' lang='lat' dir='ltr'><strong>vertunt,</strong></span> <span class='ocrx_word' id='word_1_809' title='bbox 3079 4342 3146 4381; x_wconf 90' lang='lat' dir='ltr'><strong>ne</strong></span> <span class='ocrx_word' id='word_1_810' title='bbox 3175 4328 3312 4382; x_wconf 86' lang='lat' dir='ltr'><strong>forte</strong></span> <span class='ocrx_word' id='word_1_811' title='bbox 3337 4327 3534 4384; x_wconf 62' lang='lat' dir='ltr'><strong>advero</strong></span> 
     </span>
    </p>
   </div>
   <div class='ocr_carea' id='block_1_107' title="bbox 1938 4418 3531 4489">
    <p class='ocr_par' dir='ltr' id='par_1_107' title="bbox 1938 4418 3531 4489">
     <span class='ocr_line' id='line_1_107' title="bbox 1938 4418 3531 4489; baseline 0.002 -16"><span class='ocrx_word' id='word_1_812' title='bbox 1938 4433 2033 4474; x_wconf 91' lang='lat' dir='ltr'><strong>sus</strong></span> <span class='ocrx_word' id='word_1_813' title='bbox 2061 4418 2307 4474; x_wconf 89' lang='lat' dir='ltr'><strong>stimulos</strong></span> <span class='ocrx_word' id='word_1_814' title='bbox 2344 4419 2719 4486; x_wconf 84' lang='lat' dir='ltr'><strong>calcitrantes,</strong></span> <span class='ocrx_word' id='word_1_815' title='bbox 2745 4419 2907 4489; x_wconf 80' lang='lat' dir='ltr'><strong>pedes</strong></span> <span class='ocrx_word' id='word_1_816' title='bbox 2947 4428 3261 4486; x_wconf 81' lang='lat' dir='ltr'><strong>cruentent,</strong></span> <span class='ocrx_word' id='word_1_817' title='bbox 3294 4435 3362 4476; x_wconf 90' lang='lat' dir='ltr'><strong>ne</strong></span> <span class='ocrx_word' id='word_1_818' title='bbox 3403 4421 3531 4476; x_wconf 88' lang='lat' dir='ltr'><strong>dum</strong></span> 
     </span>
    </p>
   </div>
   <div class='ocr_carea' id='block_1_108' title="bbox 1940 4510 3533 4582">
    <p class='ocr_par' dir='ltr' id='par_1_108' title="bbox 1940 4510 3533 4582">
     <span class='ocr_line' id='line_1_108' title="bbox 1940 4510 3533 4582; baseline 0.002 -17"><span class='ocrx_word' id='word_1_819' title='bbox 1940 4510 1992 4565; x_wconf 90' lang='lat' dir='ltr'><strong>in</strong></span> <span class='ocrx_word' id='word_1_820' title='bbox 2016 4511 2205 4566; x_wconf 59' lang='lat' dir='ltr'><strong>crium</strong></span> <span class='ocrx_word' id='word_1_821' title='bbox 2230 4510 2428 4582; x_wconf 87' lang='lat' dir='ltr'><strong>lapides</strong></span> <span class='ocrx_word' id='word_1_822' title='bbox 2453 4511 2677 4580; x_wconf 72' lang='lat' dir='ltr'><strong>jaciunt,</strong></span> <span class='ocrx_word' id='word_1_823' title='bbox 2706 4511 2970 4582; x_wconf 83' lang='lat' dir='ltr'><strong>capitibus</strong></span> <span class='ocrx_word' id='word_1_824' title='bbox 2995 4512 3108 4567; x_wconf 84' lang='lat' dir='ltr'><strong>suis</strong></span> <span class='ocrx_word' id='word_1_825' title='bbox 3134 4513 3353 4569; x_wconf 82' lang='lat' dir='ltr'><strong>vulnera</strong></span> <span class='ocrx_word' id='word_1_826' title='bbox 3378 4516 3533 4569; x_wconf 59' lang='lat' dir='ltr'><strong>excid»</strong></span> 
     </span>
    </p>
   </div>
   <div class='ocr_carea' id='block_1_109' title="bbox 1939 4602 3532 4679">
    <p class='ocr_par' dir='ltr' id='par_1_109' title="bbox 1939 4602 3532 4679">
     <span class='ocr_line' id='line_1_109' title="bbox 1939 4602 3532 4679; baseline 0.004 -23"><span class='ocrx_word' id='word_1_827' title='bbox 1939 4602 2104 4673; x_wconf 90' lang='lat' dir='ltr'><strong>piant.</strong></span> <span class='ocrx_word' id='word_1_828' title='bbox 2143 4603 2269 4659; x_wconf 76' lang='lat' dir='ltr'><strong>Mihi</strong></span> <span class='ocrx_word' id='word_1_829' title='bbox 2299 4617 2427 4658; x_wconf 88' lang='lat' dir='ltr'><strong>vero</strong></span> <span class='ocrx_word' id='word_1_830' title='bbox 2455 4604 2598 4659; x_wconf 90' lang='lat' dir='ltr'><strong>aliud</strong></span> <span class='ocrx_word' id='word_1_831' title='bbox 2642 4604 2798 4676; x_wconf 87' lang='lat' dir='ltr'><strong>longe</strong></span> <span class='ocrx_word' id='word_1_832' title='bbox 2825 4604 3042 4675; x_wconf 87' lang='lat' dir='ltr'><strong>gravius</strong></span> <span class='ocrx_word' id='word_1_833' title='bbox 3082 4605 3372 4662; x_wconf 87' lang='lat' dir='ltr'><strong>dicendum</strong></span> <span class='ocrx_word' id='word_1_834' title='bbox 3400 4622 3532 4679; x_wconf 76' lang='lat' dir='ltr'><strong>sup-</strong></span> 
     </span>
    </p>
   </div>
   <div class='ocr_carea' id='block_1_110' title="bbox 1938 4694 3530 4770">
    <p class='ocr_par' dir='ltr' id='par_1_110' title="bbox 1938 4694 3530 4770">
     <span class='ocr_line' id='line_1_110' title="bbox 1938 4694 3530 4770; baseline 0.003 -20"><span class='ocrx_word' id='word_1_835' title='bbox 1938 4695 2092 4766; x_wconf 90' lang='lat' dir='ltr'><strong>petit.</strong></span> <span class='ocrx_word' id='word_1_836' title='bbox 2122 4694 2385 4751; x_wconf 87' lang='lat' dir='ltr'><strong>Omittens</strong></span> <span class='ocrx_word' id='word_1_837' title='bbox 2404 4696 2545 4751; x_wconf 90' lang='lat' dir='ltr'><strong>enim</strong></span> <span class='ocrx_word' id='word_1_838' title='bbox 2571 4711 2816 4767; x_wconf 68' lang='lat' dir='ltr'><strong>quaerere</strong></span> <span class='ocrx_word' id='word_1_839' title='bbox 2836 4697 2922 4767; x_wconf 91' lang='lat' dir='ltr'><strong>(ut</strong></span> <span class='ocrx_word' id='word_1_840' title='bbox 2941 4696 3042 4753; x_wconf 92' lang='lat' dir='ltr'><strong>hoc</strong></span> <span class='ocrx_word' id='word_1_841' title='bbox 3063 4699 3168 4754; x_wconf 89' lang='lat' dir='ltr'><strong>illis</strong></span> <span class='ocrx_word' id='word_1_842' title='bbox 3191 4698 3530 4770; x_wconf 81' lang='lat' dir='ltr'><strong>concedam).</strong></span> 
     </span>
    </p>
   </div>
   <div class='ocr_carea' id='block_1_111' title="bbox 1940 4787 3529 4853">
    <p class='ocr_par' dir='ltr' id='par_1_111' title="bbox 1940 4787 3529 4853">
     <span class='ocr_line' id='line_1_111' title="bbox 1940 4787 3529 4853; baseline 0.003 -13"><span class='ocrx_word' id='word_1_843' title='bbox 1940 4803 2066 4842; x_wconf 92' lang='lat' dir='ltr'><strong>num</strong></span> <span class='ocrx_word' id='word_1_844' title='bbox 2085 4787 2282 4843; x_wconf 90' lang='lat' dir='ltr'><strong>utiliter</strong></span> <span class='ocrx_word' id='word_1_845' title='bbox 2309 4787 2359 4841; x_wconf 91' lang='lat' dir='ltr'><strong>id</strong></span> <span class='ocrx_word' id='word_1_846' title='bbox 2389 4787 2544 4844; x_wconf 89' lang='lat' dir='ltr'><strong>nobis</strong></span> <span class='ocrx_word' id='word_1_847' title='bbox 2568 4788 2849 4844; x_wconf 88' lang='lat' dir='ltr'><strong>abstulerit</strong></span> <span class='ocrx_word' id='word_1_848' title='bbox 2874 4788 3037 4853; x_wconf 87' lang='lat' dir='ltr'><strong>Deus,</strong></span> <span class='ocrx_word' id='word_1_849' title='bbox 3062 4787 3113 4844; x_wconf 91' lang='lat' dir='ltr'><strong>id</strong></span> <span class='ocrx_word' id='word_1_850' title='bbox 3133 4789 3255 4843; x_wconf 91' lang='lat' dir='ltr'><strong>dico</strong></span> <span class='ocrx_word' id='word_1_851' title='bbox 3280 4798 3483 4843; x_wconf 88' lang='lat' dir='ltr'><strong>tantum</strong></span> <span class='ocrx_word' id='word_1_852' title='bbox 3514 4807 3529 4845; x_wconf 87' lang='lat'><strong>:</strong></span> 
     </span>
    </p>
   </div>
   <div class='ocr_carea' id='block_1_112' title="bbox 1937 4878 3531 4952">
    <p class='ocr_par' dir='ltr' id='par_1_112' title="bbox 1937 4878 3531 4952">
     <span class='ocr_line' id='line_1_112' title="bbox 1937 4878 3531 4952; baseline 0.003 -18"><span class='ocrx_word' id='word_1_853' title='bbox 1937 4880 1983 4934; x_wconf 88' lang='lat' dir='ltr'><strong>si</strong></span> <span class='ocrx_word' id='word_1_854' title='bbox 2014 4896 2134 4951; x_wconf 66' lang='lat' dir='ltr'><strong>quae</strong></span> <span class='ocrx_word' id='word_1_855' title='bbox 2160 4878 2283 4935; x_wconf 81' lang='lat' dir='ltr'><strong>data</strong></span> <span class='ocrx_word' id='word_1_856' title='bbox 2312 4879 2525 4937; x_wconf 87' lang='lat' dir='ltr'><strong>fuerant</strong></span> <span class='ocrx_word' id='word_1_857' title='bbox 2546 4880 2874 4945; x_wconf 87' lang='lat' dir='ltr'><strong>abstulisset,</strong></span> <span class='ocrx_word' id='word_1_858' title='bbox 2907 4896 2976 4936; x_wconf 85' lang='lat' dir='ltr'><strong>ne</strong></span> <span class='ocrx_word' id='word_1_859' title='bbox 3002 4882 3080 4936; x_wconf 89' lang='lat' dir='ltr'><strong>sic</strong></span> <span class='ocrx_word' id='word_1_860' title='bbox 3106 4880 3322 4952; x_wconf 86' lang='lat' dir='ltr'><strong>quidem</strong></span> <span class='ocrx_word' id='word_1_861' title='bbox 3348 4887 3531 4952; x_wconf 85' lang='lat' dir='ltr'><strong>posset</strong></span> 
     </span>
    </p>
   </div>
   <div class='ocr_carea' id='block_1_113' title="bbox 1939 4973 3531 5044">
    <p class='ocr_par' dir='ltr' id='par_1_113' title="bbox 1939 4973 3531 5044">
     <span class='ocr_line' id='line_1_113' title="bbox 1939 4973 3531 5044; baseline 0.002 -16"><span class='ocrx_word' id='word_1_862' title='bbox 1939 4973 2078 5028; x_wconf 88' lang='lat' dir='ltr'><strong>ullus</strong></span> <span class='ocrx_word' id='word_1_863' title='bbox 2122 4973 2292 5029; x_wconf 91' lang='lat' dir='ltr'><strong>Deum</strong></span> <span class='ocrx_word' id='word_1_864' title='bbox 2335 4988 2588 5029; x_wconf 87' lang='lat' dir='ltr'><strong>accusare</strong></span> <span class='ocrx_word' id='word_1_865' title='bbox 2618 4991 2634 5027; x_wconf 89' lang='lat'><strong>:</strong></span> <span class='ocrx_word' id='word_1_866' title='bbox 2666 4973 2930 5044; x_wconf 89' lang='lat' dir='ltr'><strong>siquidem</strong></span> <span class='ocrx_word' id='word_1_867' title='bbox 2961 4990 3139 5029; x_wconf 88' lang='lat' dir='ltr'><strong>rerum</strong></span> <span class='ocrx_word' id='word_1_868' title='bbox 3182 4989 3399 5030; x_wconf 84' lang='lat' dir='ltr'><strong>suarum</strong></span> <span class='ocrx_word' id='word_1_869' title='bbox 3427 4974 3531 5031; x_wconf 86' lang='lat' dir='ltr'><strong>do-</strong></span> 
     </span>
    </p>
   </div>
   <div class='ocr_carea' id='block_1_114' title="bbox 1938 5062 3530 5135">
    <p class='ocr_par' dir='ltr' id='par_1_114' title="bbox 1938 5062 3530 5135">
     <span class='ocr_line' id='line_1_114' title="bbox 1938 5062 3530 5135; baseline 0.003 -18"><span class='ocrx_word' id='word_1_870' title='bbox 1938 5064 2115 5118; x_wconf 88' lang='lat' dir='ltr'><strong>minus</strong></span> <span class='ocrx_word' id='word_1_871' title='bbox 2153 5073 2289 5120; x_wconf 85' lang='lat' dir='ltr'><strong>erat.</strong></span> <span class='ocrx_word' id='word_1_872' title='bbox 2317 5063 2470 5131; x_wconf 83' lang='lat' dir='ltr'><strong>Quod</strong></span> <span class='ocrx_word' id='word_1_873' title='bbox 2496 5064 2539 5119; x_wconf 92' lang='lat' dir='ltr'><strong>si</strong></span> <span class='ocrx_word' id='word_1_874' title='bbox 2569 5062 2875 5119; x_wconf 86' lang='lat' dir='ltr'><strong>hominibus</strong></span> <span class='ocrx_word' id='word_1_875' title='bbox 2896 5106 2911 5127; x_wconf 92' lang='lat'><strong>,</strong></span> <span class='ocrx_word' id='word_1_876' title='bbox 2938 5078 3062 5120; x_wconf 88' lang='lat' dir='ltr'><strong>cum</strong></span> <span class='ocrx_word' id='word_1_877' title='bbox 3093 5065 3343 5135; x_wconf 78' lang='lat' dir='ltr'><strong>pecunias</strong></span> <span class='ocrx_word' id='word_1_878' title='bbox 3371 5066 3530 5122; x_wconf 84' lang='lat' dir='ltr'><strong>nobis</strong></span> 
     </span>
    </p>
   </div>
   <div class='ocr_carea' id='block_1_115' title="bbox 1936 5156 3530 5231">
    <p class='ocr_par' dir='ltr' id='par_1_115' title="bbox 1936 5156 3530 5231">
     <span class='ocr_line' id='line_1_115' title="bbox 1936 5156 3530 5231; baseline 0.002 -19"><span class='ocrx_word' id='word_1_879' title='bbox 1936 5156 2262 5212; x_wconf 85' lang='lat' dir='ltr'><strong>crediderint</strong></span> <span class='ocrx_word' id='word_1_880' title='bbox 2287 5165 2342 5211; x_wconf 90' lang='lat' dir='ltr'><strong>et</strong></span> <span class='ocrx_word' id='word_1_881' title='bbox 2366 5166 2642 5228; x_wconf 83' lang='lat' dir='ltr'><strong>argentum</strong></span> <span class='ocrx_word' id='word_1_882' title='bbox 2672 5165 2855 5212; x_wconf 90' lang='lat' dir='ltr'><strong>mutuo</strong></span> <span class='ocrx_word' id='word_1_883' title='bbox 2881 5156 3163 5225; x_wconf 88' lang='lat' dir='ltr'><strong>dederint,</strong></span> <span class='ocrx_word' id='word_1_884' title='bbox 3190 5159 3389 5229; x_wconf 83' lang='lat' dir='ltr'><strong>gratias</strong></span> <span class='ocrx_word' id='word_1_885' title='bbox 3417 5161 3530 5231; x_wconf 77' lang='lat' dir='ltr'><strong>agi-</strong></span> 
     </span>
    </p>
   </div>
   <div class='ocr_carea' id='block_1_116' title="bbox 1937 5250 3528 5322">
    <p class='ocr_par' dir='ltr' id='par_1_116' title="bbox 1937 5250 3528 5322">
     <span class='ocr_line' id='line_1_116' title="bbox 1937 5250 3528 5322; baseline 0.001 -17"><span class='ocrx_word' id='word_1_886' title='bbox 1937 5265 2057 5306; x_wconf 91' lang='lat' dir='ltr'><strong>mus</strong></span> <span class='ocrx_word' id='word_1_887' title='bbox 2084 5250 2156 5306; x_wconf 90' lang='lat' dir='ltr'><strong>ob</strong></span> <span class='ocrx_word' id='word_1_888' title='bbox 2184 5250 2311 5305; x_wconf 90' lang='lat' dir='ltr'><strong>illud</strong></span> <span class='ocrx_word' id='word_1_889' title='bbox 2344 5258 2574 5321; x_wconf 89' lang='lat' dir='ltr'><strong>tempus,</strong></span> <span class='ocrx_word' id='word_1_890' title='bbox 2602 5265 2710 5322; x_wconf 88' lang='lat' dir='ltr'><strong>quo</strong></span> <span class='ocrx_word' id='word_1_891' title='bbox 2736 5251 2960 5306; x_wconf 87' lang='lat' dir='ltr'><strong>mutuati</strong></span> <span class='ocrx_word' id='word_1_892' title='bbox 2989 5260 3136 5319; x_wconf 88' lang='lat' dir='ltr'><strong>sunt;</strong></span> <span class='ocrx_word' id='word_1_893' title='bbox 3159 5266 3258 5309; x_wconf 89' lang='lat' dir='ltr'><strong>nec</strong></span> <span class='ocrx_word' id='word_1_894' title='bbox 3283 5251 3528 5322; x_wconf 79' lang='lat' dir='ltr'><strong>indigna-</strong></span> 
     </span>
    </p>
   </div>
   <div class='ocr_carea' id='block_1_117' title="bbox 1936 5340 3525 5417">
    <p class='ocr_par' dir='ltr' id='par_1_117' title="bbox 1936 5340 3525 5417">
     <span class='ocr_line' id='line_1_117' title="bbox 1936 5340 3525 5417; baseline 0.001 -19"><span class='ocrx_word' id='word_1_895' title='bbox 1936 5354 2057 5398; x_wconf 89' lang='lat' dir='ltr'><strong>mur</strong></span> <span class='ocrx_word' id='word_1_896' title='bbox 2080 5342 2152 5398; x_wconf 91' lang='lat' dir='ltr'><strong>ob</strong></span> <span class='ocrx_word' id='word_1_897' title='bbox 2181 5340 2311 5398; x_wconf 92' lang='lat' dir='ltr'><strong>illud</strong></span> <span class='ocrx_word' id='word_1_898' title='bbox 2335 5351 2564 5413; x_wconf 89' lang='lat' dir='ltr'><strong>tempus,</strong></span> <span class='ocrx_word' id='word_1_899' title='bbox 2590 5358 2698 5413; x_wconf 89' lang='lat' dir='ltr'><strong>quo</strong></span> <span class='ocrx_word' id='word_1_900' title='bbox 2718 5357 2748 5397; x_wconf 89' lang='lat' dir='ltr'><strong>a</strong></span> <span class='ocrx_word' id='word_1_901' title='bbox 2771 5342 2924 5399; x_wconf 89' lang='lat' dir='ltr'><strong>nobis</strong></span> <span class='ocrx_word' id='word_1_902' title='bbox 2945 5344 3230 5413; x_wconf 81' lang='lat' dir='ltr'><strong>auferunt,</strong></span> <span class='ocrx_word' id='word_1_903' title='bbox 3253 5360 3375 5417; x_wconf 69' lang='lat' dir='ltr'><strong>quae</strong></span> <span class='ocrx_word' id='word_1_904' title='bbox 3400 5355 3525 5401; x_wconf 90' lang='lat' dir='ltr'><strong>sunt</strong></span> 
     </span>
    </p>
   </div>
   <div class='ocr_carea' id='block_1_118' title="bbox 1936 5436 3522 5507">
    <p class='ocr_par' dir='ltr' id='par_1_118' title="bbox 1936 5436 3522 5507">
     <span class='ocr_line' id='line_1_118' title="bbox 1936 5436 3522 5507; baseline 0 -18"><span class='ocrx_word' id='word_1_905' title='bbox 1936 5436 2149 5506; x_wconf 82' lang='lat' dir='ltr'><strong>propria</strong></span> <span class='ocrx_word' id='word_1_906' title='bbox 2178 5452 2191 5489; x_wconf 91' lang='lat'><strong>:</strong></span> <span class='ocrx_word' id='word_1_907' title='bbox 2219 5449 2346 5490; x_wconf 90' lang='lat' dir='ltr'><strong>num</strong></span> <span class='ocrx_word' id='word_1_908' title='bbox 2389 5436 2555 5490; x_wconf 87' lang='lat' dir='ltr'><strong>Deum</strong></span> <span class='ocrx_word' id='word_1_909' title='bbox 2575 5474 2591 5501; x_wconf 93' lang='lat'><strong>,</strong></span> <span class='ocrx_word' id='word_1_910' title='bbox 2617 5449 2800 5505; x_wconf 67' lang='lat' dir='ltr'><strong>quaeso</strong></span> <span class='ocrx_word' id='word_1_911' title='bbox 2829 5475 2846 5502; x_wconf 94' lang='lat'><strong>,</strong></span> <span class='ocrx_word' id='word_1_912' title='bbox 2881 5436 3338 5507; x_wconf 86' lang='lat' dir='ltr'><strong>reprehendemus</strong></span> <span class='ocrx_word' id='word_1_913' title='bbox 3356 5477 3372 5502; x_wconf 92' lang='lat'><strong>,</strong></span> <span class='ocrx_word' id='word_1_914' title='bbox 3401 5452 3522 5490; x_wconf 90' lang='lat' dir='ltr'><strong>cum</strong></span> 
     </span>
    </p>
   </div>
   <div class='ocr_carea' id='block_1_119' title="bbox 1936 5524 3523 5600">
    <p class='ocr_par' dir='ltr' id='par_1_119' title="bbox 1936 5524 3523 5600">
     <span class='ocr_line' id='line_1_119' title="bbox 1936 5524 3523 5600; baseline -0.001 -17"><span class='ocrx_word' id='word_1_915' title='bbox 1936 5536 2182 5600; x_wconf 87' lang='lat' dir='ltr'><strong>repetere</strong></span> <span class='ocrx_word' id='word_1_916' title='bbox 2205 5541 2235 5582; x_wconf 86' lang='lat' dir='ltr'><strong>a</strong></span> <span class='ocrx_word' id='word_1_917' title='bbox 2261 5526 2418 5583; x_wconf 88' lang='lat' dir='ltr'><strong>nobis</strong></span> <span class='ocrx_word' id='word_1_918' title='bbox 2437 5542 2525 5584; x_wconf 90' lang='lat' dir='ltr'><strong>res</strong></span> <span class='ocrx_word' id='word_1_919' title='bbox 2549 5542 2674 5584; x_wconf 85' lang='lat' dir='ltr'><strong>suas</strong></span> <span class='ocrx_word' id='word_1_920' title='bbox 2693 5527 2957 5584; x_wconf 80' lang='lat' dir='ltr'><strong>voluerit?</strong></span> <span class='ocrx_word' id='word_1_921' title='bbox 2979 5528 3101 5598; x_wconf 87' lang='lat' dir='ltr'><strong>quis</strong></span> <span class='ocrx_word' id='word_1_922' title='bbox 3118 5542 3247 5582; x_wconf 86' lang='lat' dir='ltr'><strong>vero</strong></span> <span class='ocrx_word' id='word_1_923' title='bbox 3270 5540 3376 5583; x_wconf 92' lang='lat' dir='ltr'><strong>non</strong></span> <span class='ocrx_word' id='word_1_924' title='bbox 3393 5524 3523 5581; x_wconf 84' lang='lat' dir='ltr'><strong>illud</strong></span> 
     </span>
    </p>
   </div>
   <div class='ocr_carea' id='block_1_120' title="bbox 1934 5615 3523 5689">
    <p class='ocr_par' dir='ltr' id='par_1_120' title="bbox 1934 5615 3523 5689">
     <span class='ocr_line' id='line_1_120' title="bbox 1934 5615 3523 5689; baseline -0.003 -15"><span class='ocrx_word' id='word_1_925' title='bbox 1934 5629 2194 5683; x_wconf 65' lang='lat' dir='ltr'><strong>extremm</strong></span> <span class='ocrx_word' id='word_1_926' title='bbox 2236 5633 2357 5676; x_wconf 87' lang='lat' dir='ltr'><strong>esse</strong></span> <span class='ocrx_word' id='word_1_927' title='bbox 2396 5618 2686 5676; x_wconf 64' lang='lat' dir='ltr'><strong>dementiae</strong></span> <span class='ocrx_word' id='word_1_928' title='bbox 2705 5619 3058 5689; x_wconf 75' lang='lat' dir='ltr'><strong>iudicaverit?</strong></span> <span class='ocrx_word' id='word_1_929' title='bbox 3087 5619 3156 5673; x_wconf 86' lang='lat' dir='ltr'><strong>At</strong></span> <span class='ocrx_word' id='word_1_930' title='bbox 3174 5632 3280 5672; x_wconf 92' lang='lat' dir='ltr'><strong>non</strong></span> <span class='ocrx_word' id='word_1_931' title='bbox 3308 5615 3379 5671; x_wconf 86' lang='lat' dir='ltr'><strong>ita</strong></span> <span class='ocrx_word' id='word_1_932' title='bbox 3409 5631 3523 5671; x_wconf 51' lang='lat' dir='ltr'><strong>ma.</strong></span> 
     </span>
    </p>
   </div>
   <div class='ocr_carea' id='block_1_121' title="bbox 1933 5707 3518 5782">
    <p class='ocr_par' dir='ltr' id='par_1_121' title="bbox 1933 5707 3518 5782">
     <span class='ocr_line' id='line_1_121' title="bbox 1933 5707 3518 5782; baseline -0.004 -16"><span class='ocrx_word' id='word_1_933' title='bbox 1933 5725 2071 5782; x_wconf 88' lang='lat' dir='ltr'><strong>gnus</strong></span> <span class='ocrx_word' id='word_1_934' title='bbox 2099 5725 2163 5767; x_wconf 88' lang='lat' dir='ltr'><strong>ac</strong></span> <span class='ocrx_word' id='word_1_935' title='bbox 2188 5725 2483 5781; x_wconf 84' lang='lat' dir='ltr'><strong>generosus</strong></span> <span class='ocrx_word' id='word_1_936' title='bbox 2509 5711 2600 5768; x_wconf 89' lang='lat' dir='ltr'><strong>ille</strong></span> <span class='ocrx_word' id='word_1_937' title='bbox 2626 5711 2728 5768; x_wconf 74' lang='lat' dir='ltr'><strong>Job</strong></span> <span class='ocrx_word' id='word_1_938' title='bbox 2756 5710 2881 5767; x_wconf 87' lang='lat' dir='ltr'><strong>fecit</strong></span> <span class='ocrx_word' id='word_1_939' title='bbox 2907 5728 2921 5764; x_wconf 92' lang='lat'><strong>:</strong></span> <span class='ocrx_word' id='word_1_940' title='bbox 2955 5724 3126 5780; x_wconf 89' lang='lat' dir='ltr'><strong>neque</strong></span> <span class='ocrx_word' id='word_1_941' title='bbox 3155 5707 3297 5763; x_wconf 89' lang='lat' dir='ltr'><strong>enim</strong></span> <span class='ocrx_word' id='word_1_942' title='bbox 3343 5707 3518 5767; x_wconf 83' lang='lat' dir='ltr'><strong>solum</strong></span> 
     </span>
    </p>
   </div>
   <div class='ocr_carea' id='block_1_122' title="bbox 1934 5799 3520 5948">
    <p class='ocr_par' dir='ltr' id='par_1_122' title="bbox 1934 5799 3520 5948">
     <span class='ocr_line' id='line_1_122' title="bbox 1934 5799 3520 5948; baseline -0.001 -90"><span class='ocrx_word' id='word_1_943' title='bbox 1934 5816 2058 5859; x_wconf 87' lang='lat' dir='ltr'><strong>cum</strong></span> <span class='ocrx_word' id='word_1_944' title='bbox 2096 5803 2334 5878; x_wconf 87' lang='lat' dir='ltr'><strong>accepit,</strong></span> <span class='ocrx_word' id='word_1_945' title='bbox 2366 5802 2460 5860; x_wconf 90' lang='lat' dir='ltr'><strong>sed</strong></span> <span class='ocrx_word' id='word_1_946' title='bbox 2489 5803 2649 5859; x_wconf 86' lang='lat' dir='ltr'><strong>etiam</strong></span> <span class='ocrx_word' id='word_1_947' title='bbox 2680 5817 2800 5859; x_wconf 85' lang='lat' dir='ltr'><strong>cum</strong></span> <span class='ocrx_word' id='word_1_948' title='bbox 2831 5801 3230 5948; x_wconf 56' lang='lat' dir='ltr'><strong>spoliatusieét,</strong></span> <span class='ocrx_word' id='word_1_949' title='bbox 3259 5799 3520 5857; x_wconf 68' lang='lat' dir='ltr'><strong>maximis</strong></span> 
     </span>
    </p>
   </div>
  </div>
