4066 6472
588 363 692 422 £55

589 476 777 548 agebat
806 474 1003 546 gratias
1022 513 1036 538 ,
1062 487 1184 528 cum
1217 472 1288 527 ita
1314 470 1519 526 diceret
1547 486 1562 523 :
1594 467 1846 524 Dominus
1872 466 2045 531 dedit,
2078 464 2172 518 Do-

588 572 753 623 minus
775 567 979 621 abstulit
1001 580 1022 619 .'
1038 565 1101 619 sit
1128 579 1311 619 nomen
1336 562 1546 617 Domini
1571 560 1883 615 benedictum
1909 560 1960 613 in
1988 557 2174 612 uacula

591 661 706 731 (Job
750 662 804 715 1.
837 658 951 731 21).
983 657 1136 726 Quod
1177 657 1223 711 si
1258 671 1360 728 pro
1403 664 1630 725 utroque
1655 654 1875 708 istorum
1904 649 2172 720 sigillatim

586 755 767 821 gratiae
792 759 916 806 sunt
944 749 1199 819 agendae,
1229 761 1403 818 neque
1425 746 1605 802 minus
1629 744 1774 800 utilis
1799 750 1881 798 est
1907 741 2137 812 privatio
2153 779 2170 806 ,

582 857 739 911 quam
782 842 894 911 ipsa
938 841 1146 910 largitio
1171 880 1186 904 ,
1212 853 1315 909 qua
1348 836 1558 892 tandem
1585 835 1736 891 venia
1761 833 1903 904 digni
1929 832 2131 887 erimus
2150 867 2169 897 ,

553 935 669 1019 ,qui
693 943 799 988 tam
821 933 1005 987 mitem
1033 930 1341 997 Dominum,
1372 937 1479 983 tam
1511 928 1815 997 benignum,
1846 934 1951 979 tam
1978 922 2175 977 sollici-

582 1034 693 1079 tum
715 1066 729 1091 ,
750 1033 813 1079 et
839 1023 1030 1094 quovis
1058 1020 1266 1075 medico
1294 1017 1696 1090 sapientiorem,
1719 1026 1774 1071 et
1802 1014 1993 1086 quovis
2021 1021 2171 1083 patre

581 1114 1052 1187 indulgentiorem,
1084 1120 1139 1168 et
1161 1111 1343 1183 judice
1370 1109 1560 1180 quovis
1578 1108 1880 1178 justiorem,
1898 1115 1952 1161 et
1975 1106 2064 1176 qui
2092 1104 2173 1159 di-

582 1207 834 1279 ligentius
858 1221 1016 1277 quam
1042 1204 1186 1259 ullus
1211 1201 1449 1273 agricola
1478 1210 1690 1255 nostras
1718 1198 1923 1254 animas
1950 1196 2168 1263 excolit,

579 1298 733 1353 factis
757 1296 1039 1352 contrariis
1066 1308 1492 1359 remuneramur,
1519 1301 1574 1348 et
1593 1305 1752 1361 quem
1776 1288 2000 1345 adorare
2018 1303 2172 1358 opor-

580 1389 700 1459 tuit,
730 1387 987 1445 adversus
1015 1401 1139 1443 eum
1170 1382 1608 1441 stomachamur?
1633 1382 2003 1453 Quidquamne
2048 1395 2173 1436 esse

580 1493 758 1555 potest
780 1483 1046 1538 amentius
1070 1488 1164 1537 aut
1189 1480 1455 1550 stupidius
1484 1478 1550 1534 iis
1567 1519 1584 1546 ,
1610 1477 1722 1549 qui,
1755 1492 1880 1532 cum
1906 1484 2054 1531 tanto
2079 1490 2170 1528 or-

577 1575 707 1631 dine
732 1590 817 1631 res
844 1575 952 1631 sint
976 1573 1248 1644 disposita:
1268 1612 1285 1640 ,
1313 1571 1499 1626 dicunt
1534 1584 1620 1626 res
1650 1578 1862 1625 nostras
1906 1567 2000 1624 Dei
2049 1580 2170 1623 esse

582 1667 915 1737 providentia
952 1681 1188 1736 curaque
1213 1664 1529 1721 destitutas?
1557 1663 1625 1720 Ut
1659 1663 1800 1719 enim
1844 1663 1890 1718 si
1917 1662 2036 1733 quis
2068 1660 2168 1716 ob-

576 1772 793 1813 scurum
832 1772 895 1813 ac
939 1757 1188 1828 frigidum
1215 1756 1385 1812 solem
1411 1770 1532 1813 esse
1560 1754 1738 1821 dicat,
1766 1753 1865 1809 hac
1894 1767 1992 1809 sua
2040 1766 2167 1809 sen-

579 1852 745 1907 tentia
760 1859 1013 1907 extremaa
1031 1851 1269 1906 stultitia:
1291 1847 1496 1920 profert
1515 1847 1765 1903 indicium
1786 1864 1800 1902 :
1825 1848 1895 1902 ita
1912 1848 1954 1902 si
1970 1846 2090 1918 quis
2100 1848 2168 1903 de

578 1943 671 1997 Dei
698 1941 1030 2013 providentia
1055 1956 1288 2012 curaque
1316 1939 1555 2007 dubitet,
1583 1939 1752 1993 multo
1785 1939 1952 2010 magis
1985 1953 2168 1994 amen-

575 2035 663 2091 ti:e
691 2036 901 2092 crimini
930 2045 1014 2092 est
1042 2035 1336 2091 obnoxius.

645 2125 869 2182 Swvitiei
896 2126 1183 2182 da’monum
1216 2125 1467 2196 exempla.
1496 2155 1566 2165 --
1592 2122 1706 2179 Νοη
1740 2124 1809 2178 ita
1841 2122 2047 2179 lucidus
2087 2123 2166 2178 sol

564 2231 672 2288 est,
701 2235 763 2276 ac
793 2219 884 2275 Dei
912 2217 1241 2289 providentia
1273 2217 1552 2272 manifesta
1577 2233 1589 2268 :
1616 2224 1791 2272 tamen
1812 2214 2009 2272 audent
2036 2230 2167 2271 nou-

567 2315 707 2370 nulli
731 2314 909 2370 dicere
935 2315 1207 2369 daemones
1233 2327 1321 2369 res
1347 2320 1559 2368 nostras
1581 2311 1896 2382 gubernare.
1920 2310 2056 2379 Quid
2084 2309 2164 2364 fa-

561 2406 743 2460 ciam?
766 2405 1061 2476 Benigunm
1099 2405 1380 2459 Dominum
1424 2403 1622 2469 babes;
1646 2402 1845 2485 mavult
1877 2418 1906 2455 a
1947 2409 2002 2456 te
2048 2400 2164 2455 bla-

573 2497 831 2569 sphemiis
858 2496 1067 2563 lacessi,
1098 2496 1225 2551 dum
1255 2495 1517 2566 ejusmodi
1548 2494 1710 2549 verba
1743 2494 1970 2563 profers,
2002 2508 2161 2563 quam

560 2589 832 2657 permissa
853 2588 1186 2643 daemonibus
1216 2602 1396 2642 rerum
1423 2596 1632 2640 tuarum
1658 2599 1782 2639 cura
1814 2594 1865 2640 te
1889 2584 2167 2653 experien-

564 2683 645 2733 tia
675 2680 893 2746 docere,
914 2694 1019 2749 quo
1049 2689 1202 2748 pacto
1227 2679 1499 2733 daemones
1523 2675 1991 2747 gubernent.'l'um
2019 2677 2162 2730 enim

568 2771 740 2840 probe
767 2771 1097 2840 intelligeres
1122 2770 1446 2839 ettpericntia
1478 2768 1752 2838 magistra,
1784 2777 1979 2838 quanta
2006 2769 2076 2823 sit
2102 2769 2164 2821 il-

561 2864 747 2917 alorum
801 2863 1077 2933 nequitia:
1111 2863 1217 2916 imo
1268 2876 1394 2916 vero
1432 2876 1571 2914 nunc
1592 2860 1752 2915 etiam
1800 2873 2084 2930 possumus
2113 2858 2163 2914 id

559 2965 826 3024 tanquam
875 2954 1066 3023 exiguo
1099 2951 1327 3022 quodam
1370 2951 1615 3020 exemplo
1645 2949 2036 3006 detnonstrare.
2062 2948 2163 3006 Oc-

564 3057 857 3100 curreruut
906 3045 1132 3101 Domino
1183 3044 1397 3113 quidam
1439 3057 1469 3097 a
1508 3043 1754 3098 dmmone
1798 3043 2067 3112 correpti,
2096 3057 2161 3098 ex

571 3139 831 3208 sepulcris
879 3139 1128 3209 egressi,
1173 3148 1228 3193 et
1270 3136 1529 3206 rogabant
1567 3152 1690 3191 eum
1739 3134 2056 3209 daemones,
2107 3144 2163 3191 ut

558 3205 670 3287 sibi
701 3205 1029 3302 permitteret
1054 3232 1106 3285 in
1133 3246 1347 3301 gregem
1376 3245 1658 3301 porcorum
1688 3229 1886 3285 intrare
1915 3246 1928 3282 :
1956 3240 2009 3286 et
2025 3205 2165 3299 ‘pcr-

561 3325 737 3391 misit,
766 3332 925 3394 atque
950 3323 1025 3379 illi
1058 3322 1335 3387 abeuntes,
1363 3337 1550 3377 omnes
1572 3322 1750 3376 statim
1778 3321 1831 3375 in
1860 3335 2007 3375 mare
2033 3336 2162 3391 prat-

561 3421 756 3489 cipites
782 3415 1238 3489 egerunt(Matth.
1257 3416 1311 3470 8.
1332 3415 1423 3469 28.
1446 3414 1601 3486 ειμι).
1623 3415 1695 3468 Ita
1727 3413 2024 3483 gubernant
2046 3412 2158 3468 da:-

571 3524 778 3566 mones.
821 3508 978 3579 Atqui
1022 3507 1153 3561 nihil
1183 3506 1440 3561 illis‘erat
1476 3505 1554 3560 rei
1589 3520 1711 3560 cum
1747 3505 1954 3574 porcis;
1986 3512 2159 3558 tecum

560 3609 748 3654 autem
776 3614 990 3669 semper
1020 3596 1456 3652 irreeonciliabile
1483 3596 1680 3651 bellum
1729 3596 1927 3651 habent
1969 3610 2158 3651 susce-

563 3701 721 3762 ptum
749 3732 763 3756 ,
799 3701 856 3745 et
886 3704 1113 3760 pugnam
1154 3688 1467 3743 acerrimam
1488 3728 1504 3755 ,
1535 3696 1588 3743 et
1625 3686 1806 3742 odium
1837 3687 2158 3742 immortale.

569 3782 723 3849 Quod
749 3782 791 3835 si
824 3782 956 3842 silos,
985 3780 1298 3851 quibuscum
1329 3778 1456 3833 nihil
1480 3779 1583 3835 illis
1607 3790 1724 3834 erat
1746 3793 2061 3845 commune,
2094 3793 2161 3834 ne

570 3876 638 3928 ad
668 3875 914 3944 exiguum
946 3871 1202 3940 temporis
1230 3882 1558 3926 momentum
1591 3872 1821 3926 tolerare
1848 3872 2158 3943 potuerint,

570 3971 615 4024 si
650 3971 832 4023 hostes
857 3982 984 4022 suos
1001 3976 1062 4021 et
1079 3981 1109 4019 a
1140 3964 1331 4036 quibus
1359 3975 1617 4035 perpetuo
1644 3966 1975 4035 mordentur,
2000 3966 2163 4022 obno-

568 4061 691 4117 xios
730 4062 828 4115 sibi
871 4073 969 4114 nos
1000 4057 1315 4121 habuerint,
1346 4057 1474 4126 quid
1515 4071 1621 4112 non
1662 4055 1899 4112 facient?
1928 4071 2035 4128 quo
2059 4070 2160 4112 nos

574 4151 905 4223 irreparabili
935 4148 1274 4204 incommodo
1289 4147 1677 4204 nonafticicnt?
1695 4149 1983 4218 Propterea
2010 4164 2160 4204 nam-

568 4261 675 4316 que
708 4248 843 4302 Deus
870 4245 921 4298 in
943 4259 1157 4315 gregem
1191 4256 1469 4312 porcorum
1494 4239 1703 4295 irruere
1729 4240 1853 4295 illos
1878 4241 2158 4310 permisit,

572 4340 700 4395 utin
730 4339 1041 4408 corporibus
1071 4335 1294 4389 rationis
1314 4337 1612 4404 expertium
1638 4332 1945 4387 animalium
1967 4373 1980 4396 ,
2014 4333 2159 4403 ipso-

573 4446 689 4484 rum
715 4429 1002 4499 nequitiam
1027 4428 1221 4482 discas.
1274 4427 1448 4496 Atque
1490 4426 1607 4479 illos
1631 4424 1842 4495 quidem
1872 4425 2059 4479 eadem
2088 4427 2163 4479 fa-

570 4533 754 4576 cturos
781 4520 942 4574 fuisse
979 4517 1342 4582 (ιωηιοιιίθοίε,
1378 4531 1498 4587 qua:
1526 4516 1722 4585 porcis,
1747 4515 1853 4571 nisi
1885 4516 2016 4571 etin
2045 4516 2158 4587 ipsa

573 4609 780 4667 insania
800 4610 1008 4665 illorum
1029 4649 1044 4675 ,
1071 4622 1255 4662 curam
1276 4616 1483 4678 gereret
1506 4605 1953 4661 daanoniacorum
1982 4607 2118 4662 Deus
2144 4648 2158 4671 ,

566 4706 819 4761 omnibus
844 4700 1184 4758 manifestum
1223 4713 1326 4758 est.
1372 4701 1438 4756 Et
1479 4715 1621 4756 nunc
1647 4701 1805 4771 igitur
1828 4740 1845 4767 ,
1875 4700 2160 4772 siquando

572 4796 769 4853 videris
794 4795 1064 4869 hominem
1090 4794 1344 4865 agitatqu
1391 4808 1421 4845 a
1449 4792 1712 4855 daemone,
1755 4791 2035 4846 Dominum
2061 4792 2159 4846 ad-

566 4904 689 4952 ora,
715 4889 1002 4961 nequitiam
1041 4886 1346 4942 daimonum
1375 4884 1543 4948 disce,
1587 4882 1848 4951 siquidem
1877 4893 2163 4953 utrumque

572 4988 625 5038 in
658 4980 741 5037 bis
755 4979 1101 5037 dtemoiiiacis
1117 4992 1340 5034 cernere
1364 4975 1511 5037 licet.
1538 4982 1594 5028 et
1617 4974 1707 5028 Dei
1730 4973 2110 5044 benignitatem
2138 5014 2156 5042 ,

570 5083 628 5130 et
667 5073 970 5129 daemonum
1015 5069 1446 5141 improbitatem:
1474 5081 1538 5122 ac
1589 5065 1895 5121 dminouum
1946 5064 2159 5136 quidem

574 5164 971 5234 improbitatem
995 5202 1012 5224 ,
1032 5177 1154 5217 cum
1182 5158 1399 5214 turbent
1425 5166 1481 5211 et
1505 5158 1773 5227 exagitent
1793 5157 2026 5212 animam
2053 5158 2163 5213 (ἰω-

575 5255 843 5322 Iuouiaci;
876 5255 968 5310 Dei
991 5267 1120 5308 vero
1142 5250 1518 5320 benignitatem
1545 5288 1564 5316 ,
1594 5265 1715 5304 cum
1748 5249 1817 5303 ita
1845 5263 2047 5304 smvum
2077 5249 2162 5303 in-

510 5414 515 5419 ,
574 5351 839 5420 quilinum
860 5358 915 5404 et
937 5346 1207 5400 hominem
1250 5342 1582 5413 praecipitare
1610 5342 1909 5411 cupientem
1939 5341 2166 5397 retineat

512 5430 517 5437 ”
575 5453 633 5499 et
658 5448 908 5498 coerceat
928 5480 944 5504 ,
974 5452 1146 5506 neque
1166 5436 1310 5491 inniti
1336 5450 1427 5489 sua
1448 5424 1716 5504 potestate
1744 5433 1816 5486 uti
1845 5432 2117 5502 permittat
2143 5470 2160 5497 ,

570 5536 674 5593 sed
702 5542 903 5590 tantam
929 5531 1037 5586 vim
1063 5530 1200 5585 sinat
1218 5525 1512 5584 ostendere
1529 5567 1545 5592 ,
1578 5532 1636 5579 ut
1660 5532 1715 5579 et
1756 5523 2027 5580 hominem
2069 5539 2162 5578 ca-

580 5629 771 5697 stiget,
806 5635 871 5679 -et
897 5625 1106 5680 illorum
1124 5623 1421 5694 nequitiam
1448 5622 1769 5677 manifestet.
1796 5618 1889 5674 Vis
1915 5617 2074 5673 etiam
2107 5624 2164 5673 et

583 5718 749 5773 altero
779 5730 961 5770 rursus
989 5714 1235 5782 exemplo
1250 5712 1581 5783 conspicere,
1601 5726 1705 5781 qua
1729 5710 1933 5766 ratione
1951 5707 2163 5763 damon

572 5807 840 5873 gubernet
873 5845 890 5866 .
917 5822 1036 5862 cum
1072 5822 1103 5860 a
1136 5807 1244 5861 Deo
1270 5806 1344 5861 illi
1368 5804 1690 5877 permittitur
1716 5843 1732 5871 ,
1758 5810 1817 5859 ut
1846 5809 2162 5874 potestatem

1324 357 1382 410 S.
1420 353 1699 412 JOANNIS
1735 355 2208 414 CHRYSOSTOMI
2250 356 2567 414 ARCHIEP.
2608 357 3140 418 CONSTANTINOP.

3772 351 3879 410 iii"

2285 480 2436 520 suam
2468 469 2760 523 exerceat?
2806 468 3032 525 Veniant
3062 469 3154 525 tibi
3200 469 3253 525 in
3288 479 3520 527 mentem
3547 482 3796 527 arinenta
3824 483 3878 528 et

2279 570 2467 626 greges
2490 557 2610 624 Joh,
2638 576 2743 628 quo
2766 568 2919 628 pacto
2958 576 3064 615 uno
3094 561 3348 630 temporis
3374 571 3654 617 momento
3676 574 3873 617 cuncta

2277 652 2645 719 assumpserit,
2679 652 2993 708 miserabilis
3021 652 3307 708 liberorum
3325 655 3440 724 ejus
3470 669 3638 721 mors,
3668 653 3873 711 inflicta

2278 740 2490 810 corpori
2521 741 2637 811 ejus
2664 743 2812 812 plaga
2846 761 2858 796 :
2891 753 2947 799 et
2979 744 3348 800 crudelitatem
3380 788 3394 808 ,
3423 745 3872 801 inbumanitatem

2276 844 2340 885 ac
2363 832 2621 887 saevitiam
2651 833 2902 904 nequitia:
2939 835 3242 891 daemonum
3271 836 3567 904 intuebcre,
3593 846 3753 908 atque
3782 839 3873 892 in-

2277 920 2345 976 de
2368 922 2647 979 manifeste
2669 939 2982 995 cognosces,
3009 926 3053 981 si
3073 926 3175 981 hoc
3198 927 3358 982 etiam
3391 928 3702 984 universum
3725 929 3870 985 Deus

2278 1012 2488 1067 illorum
2517 1014 2849 1082 permitteret
2868 1018 3135 1087 potestati,
3163 1017 3416 1082 futurum,
3440 1028 3497 1073 ut
3512 1028 3704 1075 cuncta
3734 1034 3866 1074 con-

2279 1102 2563 1159 funderent
2582 1113 2637 1161 et
2661 1106 2957 1174 turbarent,
2982 1117 3038 1163 et
3058 1108 3127 1163 ita
3156 1123 3254 1163 nos
3284 1118 3570 1165 trtctarent
3600 1150 3616 1175 ,
3652 1120 3712 1166 ut
3735 1126 3865 1181 por-

2275 1209 2370 1249 eos
2392 1206 2447 1250 et
2470 1204 2707 1251 armenta
2728 1196 2815 1253 illa
2838 1238 2856 1263 ,
2884 1199 2962 1253 sic
2988 1207 3045 1254 ut
3075 1214 3142 1255 ne
3162 1200 3348 1269 exiguo
3365 1201 3579 1271 quidem
3607 1203 3868 1272 temporis

2277 1294 2547 1339 momento
2576 1286 2734 1344 saluti
2760 1297 2957 1344 nostra:
2987 1298 3205 1359 possent
3230 1304 3470 1359 parci-re.
3507 1291 3561 1345 Si
3588 1292 3866 1349 dmmonea

2273 1376 2663 1446 gubernarent,
2705 1380 2872 1435 nihilo
2906 1382 3111 1437 meliori
3152 1396 3391 1437 essemus
3430 1385 3481 1437 in
3521 1393 3661 1440 statu
3697 1401 3864 1456 quam

2273 1470 2619 1528 dtemoniaci:
2671 1474 2778 1530 imo
2823 1490 2953 1531 vero
2991 1476 3241 1532 deteriori
3284 1477 3335 1532 in
3377 1487 3518 1533 statu
3559 1494 3715 1550 quam
3759 1482 3859 1536 illi.

2275 1563 2458 1635 Neque
2515 1566 2658 1621 enim
2697 1566 2815 1622 illos
2862 1569 2915 1622 in
2974 1551 3279 1625 universum
3335 1570 3542 1625 illorum
3588 1572 3859 1643 tyrannidi

2272 1659 2520 1729 exposuit
2549 1659 2686 1714 Deus
2706 1676 2720 1727 ;
2744 1660 2938 1732 alioqui
2967 1664 3133 1717 multo
3173 1664 3288 1719 istis
3332 1665 3570 1734 graviora
3598 1667 3738 1737 passi
3763 1683 3859 1723 es-

2273 1760 2413 1819 sent,
2445 1766 2601 1823 quam
2645 1769 2787 1810 nunc
2828 1757 3116 1825 patiuntur.
3170 1755 3285 1828 Ego
3315 1772 3445 1813 vero
3484 1758 3670 1814 lubens
3696 1760 3861 1817 exiis

2272 1844 2360 1913 qui
2402 1844 2501 1899 ista
2529 1844 2716 1900 dicunt
2763 1848 3064 1903 sc'scitarcr
3096 1889 3114 1916 ,
3145 1865 3306 1920 quam
3351 1849 3562 1905 tandem
3603 1852 3655 1905 in
3692 1851 3862 1908 rebus

2270 1936 2627 2006 prmsentibus
2676 1939 3040 1995 confusionem
3080 1951 3355 2007 cernant,
3406 1951 3467 1998 ut
3524 1945 3857 2015 negotiorum

2272 2037 2574 2084 nostrorum
2619 2030 2855 2099 regimen
2897 2045 3057 2088 omne
3094 2032 3429 2089 dzcmonibus
3469 2036 3737 2090 tribuant?
3786 2039 3863 2092 At

2271 2121 2412 2175 enim
2435 2121 2604 2177 solem
2632 2121 2874 2178 videmus
2900 2138 2997 2193 per
3026 2132 3104 2179 tot
3128 2140 3389 2180 annorum
3423 2128 3681 2183 curricula
3708 2128 3859 2183 ordi-

2273 2227 2396 2272 nate
2422 2218 2658 2287 quotidie
2684 2218 3015 2289 gradientem
3048 2238 3061 2272 :
3088 2220 3288 2275 varium
3324 2221 3560 2278 siderum
3588 2223 3807 2278 chorum
3834 2264 3856 2291 ,

2268 2308 2358 2379 qui
2387 2324 2541 2364 suum
2570 2308 2812 2364 ordinem
2842 2320 3055 2375 servat,
3080 2310 3219 2366 luna:
3244 2327 3433 2369 cursus
3460 2330 3745 2385 numquam
3774 2316 3860 2370 in—

2271 2408 2575 2470 terruptos,
2599 2400 2772 2455 tectis
2808 2414 2873 2455 ac
2916 2401 3023 2457 diei
3065 2403 3464 2459 successionem
3505 2416 3855 2475 accuratam;

2270 2490 2446 2545 omnia
2475 2505 2598 2544 cum
2627 2506 2816 2559 supera
2849 2502 2958 2546 tum
2996 2492 3165 2547 infera
3195 2504 3466 2564 tamquam
3502 2496 3553 2550 in
3591 2499 3856 2555 concinna

2268 2584 2493 2653 quadam
2523 2583 2740 2652 chorea,
2774 2585 2854 2639 vel
2884 2587 3058 2656 potius
3085 2589 3253 2643 multo
3296 2589 3488 2644 melius
3521 2599 3577 2646 et
3613 2594 3859 2649 exactius

2270 2674 2474 2744 singula
2507 2688 2665 2729 suum
2703 2675 2876 2731 locum
2923 2691 3140 2734 servare
3165 2720 3178 2745 ,
3220 2694 3394 2750 neque
3418 2695 3573 2736 suum
3600 2684 3846 2740 ordinem

2270 2766 2590 2837 transgredi,
2617 2783 2776 2838 quem
2799 2768 2901 2823 illis
2920 2769 3061 2825 Deus
3087 2770 3155 2826 ab
3183 2771 3335 2827 initio
3365 2775 3706 2843 prarscripsit.

2340 2858 2394 2911 7.
2423 2858 2502 2911 Αη
2530 2859 2596 2912 sit
2623 2860 2675 2912 in
2702 2859 2847 2914 rebus
2877 2860 3114 2915 humanis
3141 2863 3578 2931 confusio—Sed
3605 2866 3729 2937 quid
3753 2866 3856 2923 ista

2267 2961 2525 3019 prosunt,
2547 2950 2689 3007 dicet
2715 2952 2906 3022 aliquis
2929 2992 2945 3018 ,
2985 2953 3126 3023 quod
3156 2956 3345 3010 caelum
3369 2957 3587 3027 quidem
3617 2967 3672 3014 et
3695 2960 3777 3015 sol
3797 2970 3857 3017 et

2268 3042 2412 3108 luna.
2437 3052 2492 3098 et
2516 3054 2686 3100 cintus
2707 3055 2975 3101 astrorum
2997 3089 3010 3112 ,
3034 3055 3089 3102 et
3110 3048 3213 3103 alia
3240 3059 3432 3104 cuncta
3458 3052 3681 3106 nmltum
3707 3053 3856 3108 ordi-

2267 3152 2389 3193 nem
2415 3152 2525 3207 pra:
2557 3152 2618 3193 se
2650 3136 2843 3202 ferant,
2877 3155 2964 3193 res
2989 3149 3168 3196 autem
3196 3152 3392 3197 nostra:
3432 3142 3759 3200 confusionis
3787 3160 3855 3202 ac

2266 3228 2679 3297 perturbationis
2706 3233 2813 3284 sint
2843 3230 3036 3299 picum?
3052 3230 3214 3301 Cujus
3248 3232 3458 3287 tandem
3495 3233 3847 3300 confusionis,

2266 3320 2338 3373 mi
2370 3318 2563 3384 homo,
2594 3328 2687 3374 aut
2711 3321 3170 3391 perturbationis?
3200 3323 3288 3377 [lle
3312 3322 3462 3379 dives
3490 3333 3607 3392 est,
3636 3326 3851 3397 inquit,

2264 3420 2320 3464 et
2345 3410 2450 3463 vim
2476 3409 2620 3474 facit,
2639 3411 2778 3480 rapit
2803 3421 2859 3467 et
2884 3411 3112 3493 fraudat,
3137 3428 3426 3484 pauperum
3456 3415 3731 3471 facultates
3755 3418 3850 3472 ab—

2265 3503 2428 3556 sumit
2454 3504 2720 3571 quotidie,
2747 3519 2920 3574 neque
2944 3504 3234 3576 quidquam
3262 3507 3335 3561 illi
3364 3507 3487 3563 mali
3513 3507 3732 3575 accidit;
3766 3510 3852 3564 al-

2268 3601 2348 3648 ter
2373 3593 2616 3649 modeste
2643 3594 2789 3662 vivit,
2823 3597 3226 3665 temperantiam
3254 3605 3309 3652 et
3328 3598 3589 3667 justitiam
3615 3609 3855 3665 exercet.

2262 3700 2329 3740 ac
2353 3687 2561 3742 cmteris
2583 3686 2737 3744 bonis
2761 3699 2984 3745 ornatus
3008 3698 3108 3753 est.
3137 3700 3191 3746 ct
3211 3701 3546 3762 paupertate,
3575 3693 3775 3750 morbis
3799 3704 3853 3751 et

2265 3779 2519 3835 extremis
2546 3782 2701 3836 malis
2729 3782 3001 3852 afﬂigitur.
3036 3781 3280 3838 Hmccine
3306 3792 3432 3839 sunt
3457 3799 3584 3854 ergo
3602 3825 3619 3849 ,
3649 3800 3767 3857 qua:
3794 3794 3851 3843 te

2266 3870 2671 3927 scandalizant?
2742 3873 2868 3928 llaze
2932 3884 3096 3939 sunt,
3135 3873 3357 3945 inquit“
3399 3873 3454 3929 Si
3516 3890 3647 3945 ergo
3701 3876 3853 3930 mul-

2267 3972 2350 4018 tos
2385 3979 2449 4020 ex
2480 3964 2564 4028 iis,
2613 3965 2703 4036 qui
2750 3967 2963 4036 rapiunt
2991 4007 3006 4033 ,
3060 3966 3220 4039 afﬂigi
3267 3968 3447 4024 videas
3477 4008 3495 4034 ,
3542 3978 3599 4024 et
3640 3969 3803 4025 exiis
3831 4009 3853 4035 ,

2265 4056 2356 4124 qui
2428 4058 2620 4112 virtute
2675 4058 2878 4127 prazditi
2930 4058 3151 4127 vivunt,
3199 4039 3631 4126 nontiullos,vel
3685 4060 3853 4115 etiam

2266 4148 2578 4204 innumeros
2606 4149 2756 4204 bonis
2783 4150 3086 4216 abundare,
3111 4165 3208 4206 cur
3234 4167 3339 4205 non
3369 4152 3687 4207 sententiam
3715 4150 3858 4207 hanc

2264 4238 2508 4308 deponis,
2545 4255 2716 4310 neque
2746 4241 3029 4296 Dominum
3058 4241 3283 4298 laudas?
3310 4242 3446 4310 Quia
3473 4242 3720 4298 nimirum
3750 4242 3859 4305 hoc

2267 4332 2439 4403 ipsum
2466 4343 2548 4388 est
2568 4374 2585 4399 ,
2607 4332 2749 4403 quod
2781 4349 2864 4389 me
2891 4334 3118 4404 amplius
3143 4335 3489 4391 scandalizat.
3522 4335 3632 4391 Cur
3657 4336 3802 4391 enim
3832 4375 3855 4400 ,

2262 4440 2387 4480 cum
2417 4425 2525 4480 duo
2548 4428 2654 4480 sint
2695 4426 2942 4495 improbi,
2971 4442 3108 4482 tinus
3134 4426 3353 4497 punitur
3370 4467 3387 4492 ,
3412 4435 3471 4483 et
3497 4427 3637 4481 alter
3658 4427 3858 4481 evitato

2265 4518 2529 4590 supplicio
2549 4518 2796 4589 discedit,
2823 4526 2879 4573 et
2908 4533 3031 4572 cum
3059 4516 3166 4573 duo
3189 4518 3296 4572 sint
3322 4517 3447 4572 boni
3469 4558 3485 4585 ,
3503 4532 3656 4590 Aunus
3684 4516 3861 4570 bono-

2265 4587 2412 4667 ribus
2439 4610 2757 4673 cumulatur,
2776 4587 2922 4664 alter
2944 4609 3212 4665 continuis
3238 4610 3408 4679 poenis
3429 4587 3715 4679 affligitur?
3744 4607 3863 4664 Hoc

2270 4702 2440 4773 ipsum
2469 4701 2628 4756 etiam
2656 4697 3002 4771 providentia:
3023 4699 3220 4754 divinae
3256 4714 3392 4770 Opus
3416 4708 3499 4753 est
3537 4698 3859 4753 maximum.

2270 4795 2322 4849 Si
2345 4793 2486 4849 enim
2517 4793 2786 4862 improbos
2810 4805 3001 4846 omnes
3025 4790 3112 4846 hic
3128 4791 3358 4862 puniret,
3390 4800 3444 4845 et
3463 4804 3652 4845 omnes
3684 4789 3864 4844 bonos

2272 4885 2562 4940 honoribus
2605 4884 2692 4938 hic
2730 4884 3016 4950 afficeret,
3058 4881 3692 4954 supervacnneusjudicii
3740 4881 3865 4937 dies

2271 4988 2434 5035 esset.
2466 4977 2669 5031 Rursus
2684 4976 2730 5031 si
2750 4977 2955 5031 nullum
2978 4975 3281 5046 improbum
3306 4975 3536 5044 puniret,
3560 4988 3661 5029 nec
3688 4972 3865 5028 ullum

2272 5071 2470 5124 bonum
2510 5070 2711 5123 honore
2750 5067 2991 5123 afficeret
3021 5109 3036 5131 ,
3072 5077 3130 5123 et
3170 5067 3316 5137 pravi
3345 5065 3554 5136 pejores
3581 5063 3770 5119 fierent
3796 5077 3869 5119 ac

2272 5167 2566 5221 deteriores
2594 5204 2611 5230 ,
2640 5173 2697 5218 ut
2721 5165 2808 5234 qui
2852 5162 3020 5218 multo
3052 5162 3160 5217 sint
3199 5161 3381 5232 probis
3417 5158 3867 5231 negligentiores:

2272 5268 2325 5314 et
2349 5259 2438 5328 qui
2469 5256 2839 5327 hlaSphemare
2866 5256 3081 5319 vellent,
3102 5255 3281 5309 Deum
3317 5252 3485 5323 magis
3506 5259 3822 5307 accusarent
3844 5287 3865 5314 ,

2275 5350 2538 5419 planeque
2560 5363 2643 5404 res
2667 5358 2877 5403 nostras
2902 5355 3158 5416 negarent
3185 5344 3276 5400 Dei
3305 5343 3638 5414 providentia
3665 5340 3866 5414 guber-

2274 5440 2409 5495 nari.
2435 5438 2566 5493 Nam
2607 5437 2650 5492 si
2697 5452 2839 5493 nunc
2875 5438 3033 5492 etiam
3072 5452 3192 5491 cum
3237 5434 3461 5504 improbi
3502 5434 3741 5490 nonnulli
3765 5448 3869 5502 pu-

2273 5535 2513 5600 niuntur,
2544 5541 2597 5588 ct
2628 5534 2956 5588 honorantur
2997 5530 3119 5585 boui
3138 5571 3152 5595 ,
3182 5544 3334 5599 mque
3356 5528 3541 5583 dicunt
3562 5543 3650 5584 res
3669 5528 3869 5582 buma-

2273 5641 2373 5681 nas
2418 5624 2512 5679 Dei
2555 5623 2887 5694 providentia
2921 5621 3139 5676 minime
3165 5620 3311 5691 regi:
3342 5620 3387 5675 si
3419 5634 3487 5675 ne
3514 5619 3619 5675 hoc
3644 5618 3871 5690 quidem

2275 5716 2428 5772 ﬁeret
2445 5756 2461 5782 ,
2488 5712 2614 5785 quid
2642 5729 2749 5770 non
2771 5712 3010 5769 dicerent
3039 5753 3057 5780 ,
3086 5727 3205 5783 qua:
3231 5710 3390 5767 verba
3417 5726 3523 5767 non
3550 5709 3871 5767 effutirent!

2278 5810 2564 5880 Propterea
2590 5806 2848 5878 quosdam
2876 5806 3022 5876 punit
3047 5845 3061 5874 ,
3089 5802 3345 5876 quosdam
3366 5818 3472 5862 non
3490 5802 3638 5875 punit
3663 5815 3734 5861 ett
3760 5802 3866 5858 im.
