4066 6426
364 232 471 293 235

365 352 513 422 λόγει
545 349 829 425 μεγίστην,
859 350 1062 408 οὑτωσὶ
1085 352 1296 425 λέγων·
1338 355 1395 410 '0
1433 356 1651 425 Κύριος
1702 355 1948 421 ἔδωκεν,

365 444 400 496 ὁ
424 442 642 511 Κύριος
664 442 946 512 ἀφείλετο
967 459 982 474 ο
1011 443 1106 513 εἴη
1139 443 1207 498 τὸ
1235 442 1427 516 ὄνομα
1455 446 1678 514 Κυρίου
1702 446 1953 514 8610m-

358 528 551 600 μένον
568 532 656 597 είς
687 529 831 597 τοὺς
855 529 1094 598 αἰῶνας.
1126 531 1190 586 Εἰ
1223 531 1280 587 δέ
1306 531 1444 606 ύπέρ
1478 529 1805 604 ἀμφοτέρων
1825 529 1954 585 τού-

365 636 473 673 των
504 616 849 691 εὐχαριστεῖν
888 619 972 674 δεῖ
1008 620 1104 674 καί
1137 620 1263 675 καθ’
1290 619 1472 689 ἑαυτὸ,
1504 620 1601 674 καὶ
1631 620 1733 691 τῆς
1755 616 1958 683 δόσεως

364 708 398 779 ἡ
432 706 724 780 ἀφαίρεσις
755 708 857 762 οὐκ
899 706 1119 763 ἔλαττον
1246 707 1663 780 χρησιμωτέρα,
1692 707 1855 762 ποίαν
1890 705 1957 760 ἂν

369 795 522 868 σχοίη
531 813 632 867 μεν
662 792 1015 868 συγγνώμην,
1040 795 1164 850 είπέ
1192 812 1304 868 μοι,
1327 793 1418 847 τὸν
1437 791 1612 858 οὕτως
1635 793 1842 866 ἥμερον
1862 793 1958 848 καὶ

369 879 750 955 φιλάνθρωπον
779 884 874 940 καὶ
905 883 1201 958 κηδεμόνα,
1230 884 1327 940 καὶ
1339 883 1540 948 παντὸς
1565 882 1751 956 ἰατροῦ
1777 880 1957 953 σοφῶ-

366 988 547 1043 τερον,
579 970 673 1027 καὶ
698 970 902 1037 παντδς
927 971 1136 1044 πατρὸς
1158 971 1543 1045 φιλοστοργότε
1552 988 1664 1043 ρον,
1702 972 1798 1025 καὶ
1820 986 1960 1025 παν-

366 1060 460 1124 τὸς
492 1054 750 1116 δικαστοῦ
777 1060 1134 1135 δικαιότερον,
1165 1062 1262 1117 καὶ
1289 1060 1543 1133 γεωργοῦ
1589 1058 1794 1124 παντὸς
1845 1059 1965 1113 ἐπι-

372 1143 695 1217 μελέστερον
732 1144 833 1210 τὰς
869 1146 1148 1219 ἡμετέρας
1179 1142 1564 1217 θεραπεύοντα
1618 1143 1798 1216 ψυχὰς
1846 1144 1962 1209 τοῖς

369 1233 632 1296 ἐναντίοις
673 1233 1052 1307 ἀμειϐόμενοι,
1078 1234 1175 1289 καὶ
1217 1233 1278 1288 ὃν
1310 1234 1638 1308 προσκυνεῖν
1662 1233 1802 1298 δέον,
1825 1232 1964 1288 ἀπο-

369 1318 791 1389 δυσπετοῦντεςς
819 1318 969 1393 *Αρα
1004 1320 1202 1391 γένοιτ’
1231 1321 1298 1377 ἄν
1353 1336 1406 1377 τι
1460 1320 1833 1394 μανικώτερον
1865 1320 1964 1376 καὶ

372 1409 829 1481 ἀναισθητότερω
864 1409 975 1464 τῶν
1024 1411 1085 1464 ἐν
1140 1407 1369 1481 εὐταξίᾳ
1412 1407 1650 1481 τοσαύτῃ
1695 1406 1963 1478 λεγόντων

371 1497 791 1568 ἀποστερεῖσθαι
825 1499 928 1570 τῆς
956 1497 1050 1553 τοῦ
1081 1496 1216 1553 Θεοῦ
1241 1496 1501 1569 προνοίας
1533 1497 1716 1569 ἡμᾶς
1751 1497 1965 1568 Ὥσπερ

371 1587 482 1659 γάρ
530 1588 585 1641 εῖ
630 1604 716 1652 τις
743 1587 1074 1659 φιλονεικοίη
1125 1585 1219 1641 τὸν
1252 1587 1406 1658 ἦλιον
1432 1581 1575 1640 εἶναι
1609 1584 1841 1657 ζοφερὸν
1869 1586 1966 1640 καὶ⁵

371 1670 600 1742 ψυχρὸν,
634 1673 872 1743 ἐσχάτης
906 1668 1342 1744 παραφροσύνης
1381 1670 1607 1742 ἐκφέρει
1649 1669 1850 1739 δεῖγμα
1894 1671 1963 1741 τῇ

372 1757 576 1830 ψήφῳ·
607 1758 780 1824 οὕτως
817 1761 873 1815 εί
905 1778 989 1826 τις
1037 1756 1371 1831 ἀμφιϐάλλοι
1405 1760 1537 1831 περὶ
1577 1758 1676 1830 τῆς
1706 1758 1802 1812 τοῦ
1830 1757 1967 1813 Θεοῦ

375 1846 655 1917 προνοίας,
682 1845 890 1919 -πολλῷ
935 1846 1137 1920 μᾶλλον
1180 1847 1380 1920 μανίας
1430 1845 1775 1918 ἐγκλήμασίν
1819 1847 1969 1901 ἐστιν

373 1934 696 2000 ὑπεύθυνος.

447 2024 561 2095 υύχ
584 2022 757 2089 οὕτως
783 2023 934 2097 ἥλιος
957 2022 1144 2095 φανός,
1174 2025 1304 2096 ὡςὴ
1333 2021 1429 2079 τοῦ
1456 2022 1594 2078 Θεοῦ
1620 2022 1847 2096 πρόνοια
1874 2039 1974 2077 σα-

377 2108 518 2182 φής·
548 2111 666 2166 ἀλλ’
700 2112 851 2184 ὅμως
892 2111 1135 2184 τολμῶσί
1164 2129 1314 2177 τινες
1348 2111 1553 2181 λέγειν,
1582 2110 1667 2164 ὅτι
1716 2108 1970 2181 δαίμονες

374 2199 446 2254 τά
470 2198 594 2255 καθ’
613 2201 762 2271 ἡμᾶς
783 2198 1067 2255 διοικοῦσι.
1090 2200 1158 2254 Τί
1198 2199 1355 2256 πάθω
1375 2216 1391 2266 ;
1413 2197 1801 2272 Φιλάνθρωπον
1825 2197 1971 2270 ἔχεις

372 2286 653 2359 Δεσπότην
674 2305 688 2318 θ
727 2289 965 2361 αἱρεῖται
1016 2288 1216 2358 μᾶλλον
1263 2284 1704 2360 βλασφημεῖσθαι
1737 2284 1842 2339 ὑπὸ
1874 2283 1970 2338 σοῦ

376 2374 464 2429 διά
500 2377 609 2430 τῶν
639 2376 899 2447 ῥημάτων
922 2375 1150 2440 τούτων,
1178 2375 1211 2448 ἢ
1239 2377 1353 2439 τοῖς
1378 2375 1628 2447 δαίμοσιν
1667 2372 1973 2444 ἐπιτρέψας

375 2458 446 2512 τὰ
479 2458 549 2513 σά
582 2460 765 2513 πεῖσαί
798 2477 858 2513 σε
887 2460 976 2515 διά
1004 2459 1114 2514 τῶν
1161 2458 1506 2534 πραγμάτων
1557 2458 1678 2523 πῶς
1718 2457 1973 2529 δαίμονες

376 2543 659 2602 διοικοῦσι.
712 2546 847 2601 Τότε
884 2548 991 2621 γὰρ
1035 2547 1103 2603 ἂν
1141 2547 1317 2618 ἔγνως
1363 2545 1548 2612 καλῶς
1597 2545 1699 2618 τὴν
1748 2544 1974 2600 ἐκείνων

378 2635 648 2706 πονηρίαν
686 2631 775 2690 διὰ
803 2637 902 2709 τῆς
950 2635 1148 2709 πείρας
1194 2635 1367 2706 αὐτῆς
1386 2652 1401 2668 ·
1425 2635 1626 2707 μᾶλλον
1653 2633 1711 2689 δέ
1750 2633 1846 2689 καὶ
1875 2632 1975 2687 νῦν

377 2721 604 2777 δυνατὸν
655 2723 784 2794 ὑμῖν
834 2723 1210 2794 παραστῆσαι,
1244 2722 1322 2787 ὡς
1346 2724 1404 2776 ἐν
1437 2721 1619 2794 μικρῷ
1645 2739 1751 2776 τινι
1790 2738 1974 2791 παραυ

378 2809 654 2881 δείγματιο
712 2810 1058 2882 ’Λπήντησαν
1117 2808 1197 2880 τῷ
1264 2808 1488 2881 Χριστῷ
1538 2805 1976 2879 δαιμονιζόμενοι

379 2909 529 2959 τινες
566 2896 630 2948 ἐκ
659 2894 769 2949 τῶν
834 2895 1115 2966 μνημείων
1158 2894 1531 2967 ἐξερχόμενοι,
1588 2896 1685 2950 καὶ
1731 2894 1977 2967 παρεκά-

380 2983 508 3037 λουν
552 2982 716 3037 αὑτὸν
767 2982 818 3036 οί
872 2981 1125 3053 δαίμονες
1178 2982 1472 3055 ἐπιτρέψαι
1530 2983 1718 3047 αὐτοῖς
1763 2984 1844 3047 είς
1876 2982 1977 3052 τὴν

379 3065 584 3137 ἀγέλην
617 3065 727 3120 τῶν
778 3064 979 3136 χοίρων
1031 3065 1294 3120 εἰσελθεῖν
1316 3080 1332 3095 ⁸
1379 3066 1475 3120 καὶ
1523 3065 1820 3138 ἐπέτρεψε,
1883 3065 1979 3119 καὶ

381 3148 628 3221 ἀπῆλθον
674 3149 770 3203 καὶ
821 3150 1267 3221 κατεκρήμνισαν
1307 3148 1507 3214 αὐτοὺς
1558 3148 1762 3225 εὐθέως
1805 3149 1980 3204 ἃπαν-

382 3254 517 3301 τας*
570 3236 714 3291 οὕτω
770 3236 1027 3307 δαίμονες
1075 3234 1360 3291 διοικοῦσι.
1412 3235 1609 3291 Καίτοι
1668 3236 1808 3307 πρὸς
1850 3235 1980 3300 τοὺς

383 3321 601 3392 χοίρους
624 3321 801 3385 οὐδεὶς
819 3316 888 3392 ἦν
913 3321 1100 3384 αὐτοῖς
1132 3320 1292 3389 λόγος
1310 3361 1326 3386 ,
1360 3319 1496 3392 πρὸς
1527 3320 1584 3374 δέ
1622 3320 1683 3373 σέ
1705 3320 1797 3373 ἀεὶ
1824 3316 1978 3392 [256]

384 3407 622 3479 πόλεμος
654 3407 918 3473 ἄσπονδος
977 3406 1071 3460 καὶ
1122 3406 1443 3480 ἀκήρυκτός
1501 3407 1619 3460 ἐστι
1686 3407 1853 3478 μάχη.
1887 3406 1982 3460 καὶ

383 3495 557 3567 ἔχθρα
588 3495 876 3559 ἀθάνατος.
926 3496 988 3549 Εἰ
1027 3494 1084 3548 δὲ
1117 3494 1365 3560 ἐκείνων,
1412 3494 1553 3566 πρὸς
1600 3492 1696 3558 οὒς
1727 3494 1879 3548 οὐδὲν
1910 3489 1982 3566 ἦν

385 3584 571 3647 αὐτοῖς
594 3583 795 3646 κοινὸν,
832 3582 954 3636 ούδέ
983 3580 1187 3653 μικράν
1216 3581 1414 3653 καιροῦ
1445 3580 1617 3654 ῥοπὴν
1636 3580 1979 3653 ἀνασχέσθαι

387 3666 715 3736 ὕπέμειναν·
742 3668 791 3720 εἰ
824 3666 953 3728 τοὺς
1006 3664 1304 3735 πολεμίους
1349 3666 1536 3730 αὐτοῖς
1578 3666 1676 3719 καὶ
1713 3665 1981 3737 διηνεκῶς

388 3755 587 3819 αὐτοὺς
614 3755 910 3818 δάκνοντας
932 3753 1283 3826 ὑποχειρίους
1305 3753 1499 3808 ἔλαϐον
1525 3755 1692 3825 ἡμᾶς,
1713 3754 1766 3807 τί
1791 3754 1889 3806 οῦκ
1912 3753 1980 3808 ἂν

389 3840 716 3915 εἰργάσαντο
741 3858 755 3907 ;
791 3841 845 3894 τί
856 3900 859 3903 λ
878 3840 936 3895 δέ
962 3841 1065 3894 οὐκ
1097 3840 1163 3896 ἂν
1188 3840 1296 3895 τῶν
1332 3840 1652 3912 ἀνηκέστων
1678 3840 1977 3911 διέθηκαν;

389 3925 490 3979 Διά
514 3924 623 3996 γάρ
650 3924 807 3978 τοῦτο
835 3925 930 3979 καί⁵
956 3925 985 3977 6
1003 3923 1137 3988 Θεὸς
1161 3924 1375 3996 ἀφῆκεν
1398 3925 1597 3987 αὐτοὺς
1623 3923 1887 3995 ἐμπεσεῖν
1912 3925 1979 3995 τῇ

389 4012 498 4069 τῶν
529 4013 728 4086 χοίρων
757 4014 961 4086 ἀγέλῃ,
997 4010 1065 4064 ἶν’
1091 4016 1151 4068 ἐν
1198 4016 1313 4080 τοῖς
1346 4016 1459 4069 τῶν
1503 4014 1717 4084 ἀλόγων
1766 4012 1982 4085 σώμασι

394 4102 576 4174 μάθῃς
603 4101 784 4156 αὐτῶν
821 4102 918 4156 καὶ
944 4101 1044 4174 τὴν
1073 4101 1363 4174 πονηρίαν.
1387 4102 1500 4156 Kal
1521 4102 1604 4156 ὅτι
1634 4103 1762 4166 τοὺς
1788 4101 1981 4174 δαιμο-

393 4189 714 4261 νιζομένους
749 4189 993 4254 ἐκείνους
1015 4190 1197 4243 ταῦτα
1229 4189 1296 4243 ἂν
1348 4188 1634 4260 ἐποίησαν,
1669 4189 1705 4244 ἀ
1738 4189 1983 4255 καὶτοὺς

343 4288 349 4299 ’
395 4279 635 4349 χοίρους,
655 4279 705 4330 εί
737 4276 812 4348 μὴ
835 4278 933 4331 καὶ
953 4278 1011 4330 ἐν
1040 4277 1178 4348 αὐτῇ
1198 4278 1264 4348 τῇ
1292 4277 1461 4348 μανία
1485 4276 1685 4348 πολλῆς
1706 4277 1985 4348 ἀπήλαυον

393 4363 445 4413 οἱ
474 4356 839 4424 δαιμονῶντες
864 4360 964 4428 τῆς
995 4358 1091 4412 τοῦ
1120 4358 1256 4413 Θεοῦ
1283 4359 1566 4431 προνοίας,
1593 4360 1753 4432 δῆλον
1786 4361 1980 4416 ἅπασι.

393 4449 507 4505 Καὶ
527 4446 621 4503 νῦν
646 4444 761 4515 οῦν,
782 4447 911 4502 ὅταν
947 4447 1058 4521 ῖδῃς
1083 4446 1373 4520 ἄνθρωπον
1394 4447 1501 4501 ὑπὸ
1521 4448 1781 4518 δαίμονος
1802 4449 1986 4503 κινού-

396 4537 582 4607 μενον,
610 4534 988 4608 προσκύνησον
1021 4535 1113 4590 τὸν
1139 4534 1440 4606 Δεσπότην,
1479 4534 1616 4607 μάθε
1648 4535 1758 4589 τῶν
1792 4536 1985 4608 δαιμό-

398 4643 505 4680 νων
535 4626 631 4696 τὴν
652 4626 935 4700 πονηρίανο
960 4626 1249 4697 ἀμφότερα
1275 4624 1386 4697 γὰρ
1407 4624 1554 4679 ἐστιν
1589 4625 1717 4680 ἰδεῖν
1749 4625 1844 4679 ἐπὶ
1872 4625 1987 4681 τῶν

394 4712 779 4784 δαιμονῶντων
801 4713 1030 4781 τούτων,
1047 4714 1142 4768 καὶ
1159 4714 1261 4784 τὴν
1280 4713 1375 4768 τοῦ
1390 4713 1526 4767 Θεοῦ
1552 4713 1745 4783 φιλανθ
1755 4714 1985 4786 ρωπίαν,

399 4804 496 4857 καὶ
520 4801 620 4875 τὴν
650 4801 758 4856 τῶν
785 4801 1054 4873 δαιμόνων
1079 4801 1300 4856 κακίανο
1320 4800 1418 4873 τὴν
1453 4803 1551 4872 μὲν
1579 4801 1691 4855 τῶν
1716 4802 1987 4873 δαιμόνων

396 4890 620 4955 κακίαν,
642 4892 771 4945 ὅταν
795 4890 1109 4963 ταράττωσι
1141 4890 1237 4945 καὶ.
1265 4889 1537 4961 θορυϐῶσι
1561 4891 1660 4963 τὴν
1683 4890 1862 4964 ψυχὴν
1890 4890 1986 4945 τοῦ

399 4982 828 5055 παραπαίοντος·
868 4980 968 5051 τὴν
995 4980 1054 5033 δὲ
1085 4979 1178 5033 τοῦ
1211 4979 1346 5033 Θεοῦ
1395 4980 1827 5053 φιλανθρωπίαν,
1860 4982 1989 5037 ὅταν

395 5068 575 5134 οὕτως
603 5071 793 5143 ἄγριον
815 5069 1067 5141 δαίμονα,
1098 5066 1306 5121 ένοικον
1331 5067 1461 5123 ὄντα
1489 5070 1583 5123 καὶ
1614 5069 1990 5141 ἐπιθυμοῦντα

401 5157 844 5231 κατακρημνίσαι
875 5157 965 5211 τὸν
990 5156 1299 5229 ἄνθρωπον,
1318 5156 1525 5229 κατέχῃ
1557 5157 1653 5211 καὶ
1676 5157 1884 5232 κωλύῃ,
1914 5159 1990 5231 μὴ

406 5247 711 5319 συγχωρῶν
745 5248 825 5312 είς
864 5248 1010 5302 ἅπαν
1053 5249 1117 5320 τῇ
1156 5245 1336 5318 οἰκείᾳ
1379 5247 1686 5318 χρήσασθαι
1722 5248 1986 5320 δυνάμει,

403 5336 544 5392 ἀλλὰ
560 5334 813 5392 τοσοῦτον
840 5336 1152 5409 ἐπιτρέπων
1177 5335 1514 5400 ἐνδείξασθαι
1543 5335 1641 5408 τὴν
1672 5338 1846 5408 ἰσχὺν,
1868 5339 1993 5393 ὅσον

407 5427 501 5482 καὶ
519 5425 614 5478 τὸν
636 5425 923 5498 ἄνθρωπον
941 5426 1297 5499 σωφρονίσαι,
1319 5425 1414 5479 καὶ
1430 5426 1529 5497 τὴν
1546 5425 1756 5480 οἰκείαν
1779 5428 1990 5501 ἐκφανῆ

408 5513 633 5584 ποιῆσαι
672 5513 957 5584 πονηρίαν.
1009 5513 1194 5567 Βούλει
1232 5512 1327 5567 καὶ
1363 5512 1448 5582 ἐφ’
1482 5513 1673 5585 ἐτέρου
1734 5515 1996 5586 παραδεί-

408 5615 618 5671 γματος
651 5598 814 5654 πάλιν
848 5600 976 5653 ἰδεῖν
1011 5601 1128 5665 πῶς
1151 5600 1343 5655 διοικεῖ
1372 5599 1603 5671 δαίμων,
1638 5600 1767 5655 ὃταν
1801 5603 1829 5654 6
1862 5601 1995 5667 Θεὸς

411 5686 564 5761 αὐτῷ
596 5691 867 5763 συγχωρεῖ
895 5691 959 5763 τῇ
1005 5690 1181 5761 οἰκείᾳ
1221 5688 1522 5761 κεχρῆσθαι
1563 5689 1825 5763 δυνάμει;
1878 5690 1995 5747 Ἑν-

1151 236 1510 297 ΒΕΜΟΝΕΞ
1542 240 1681 298 NON
1713 240 2143 300 GUBERNARE
2180 240 2507 301 MUNDUM.
2550 240 2786 299 HOMIL.
2827 241 2869 301 1.

3536 239 3646 300 256

2060 353 2255 425 νόησον
2286 354 2355 410 τὰ
2381 355 2656 428 βουκόλια,
2680 356 2750 413 τά
2775 356 3007 428 ποίμνια
3025 356 3121 413 τοῦ
3147 356 3292 424 Ἰὼϐ,
3316 358 3437 424 πῶς
3461 358 3522 414 ἐν
3549 358 3651 430 μιᾷ

2060 442 2254 514 καιροῦ
2292 446 2431 517 ῥοπῇ
2482 445 2665 502 πάντα
2698 446 3054 502 κατανάλωσε
3071 487 3090 514 ,
3122 447 3216 503 τὸν
3259 447 3493 502 ἐλεεινὸν
3540 445 3650 502 τῶν

2061 530 2271 584 παίδων
2298 531 2467 586 αὑτοῦ
2498 532 2754 600 θάνατον,
2782 534 2882 608 τὴν
2910 536 3054 592 κατά
3078 535 3173 590 τοῦ
3206 535 3461 609 σώματος
3482 534 3650 591 αὐτοῦ

2062 618 2282 692 πληγὴν
2319 621 2653 693 ἐνεχθεῖσαν
2691 625 2788 677 καὶ
2815 624 2937 696 ὄψει
2968 624 3032 679 τὸ
3058 625 3212 697 ὠμὸν
3238 624 3334 679 καὶ
3357 624 3653 697 ἀπάνθρω⁹

2062 724 2166 761 πον
2199 706 2296 763 καὶ
2315 708 2537 777 ἀφειδὲς
2557 711 2661 782 τῆς
2691 709 2800 766 τῶν
2827 711 3096 784 δαιμόνων
3119 712 3408 786 πονηρίας,
3432 712 3528 767 καὶ
3542 712 3652 767 ἀπὸ

2062 793 2270 851 τούτων
2304 796 2429 869 είσῃ
2459 798 2671 866 σαφῶς,
2699 799 2783 853 ὅτι
2816 800 2866 853 εί
2911 800 3008 855 καὶ
3032 801 3153 856 τόδε
3182 801 3245 856 τὸ
3276 803 3385 856 πᾶν
3425 800 3653 872 ἐπέτρε-

2062 883 2163 954 ψεν
2190 883 2373 939 αὐτῶν
2404 886 2473 956 τῇ
2515 885 2739 958 ἐξουσίᾳ
2789 886 2819 940 6
2863 887 3022 954 Θεὸς,
3077 888 3257 944 πάντα
3295 887 3363 943 ἂν
3394 888 3655 959 συνέχεαν

2064 971 2159 1027 καὶ
2188 972 2584 1046 συνετάραξαν,
2619 975 2715 1030 καὶ
2746 973 2818 1031 τά
2839 975 2949 1031 τῶν
2986 975 3184 1050 χοίρων
3203 977 3354 1050 ἡμᾶς
3394 975 3655 1037 διέθηκαν

2067 1064 2162 1119 καὶ
2187 1062 2257 1121 τὰ
2289 1065 2400 1122 τῶν
2430 1065 2726 1138 βουκολίων
2755 1069 3004 1137 ἐκείνων,
3039 1070 3116 1135 ὡς
3140 1070 3260 1124 οὐδὲ
3292 1069 3496 1143 μικράν
3533 1086 3630 1124 και

2070 1155 2165 1229 ροῦ
2189 1155 2365 1229 ῥοπὴν
2393 1157 2685 1229 φείσασθαι
2711 1160 2814 1232 τῆς
2834 1160 3113 1234 ἡμετέρας
3143 1159 3210 1215 ἂν
3232 1159 3523 1231 ἠνέσχοντο
3552 1175 3660 1211 σω·⁸

2066 1248 2287 1320 τηρίας.
2309 1251 2373 1304 Εί
2407 1249 2666 1323 δαίμονες
2688 1251 2940 1324 διῴκουν,
2967 1252 3121 1307 οὐδὲν
3143 1251 3253 1307 τῶν
3273 1248 3658 1323 δαιμονώνπων

2066 1339 2374 1412 ἀνθρώπων
2401 1341 2627 1413 ἄμεινον
2673 1343 3011 1416 διεκείμεθα,
3057 1343 3259 1415 μᾶλλον
3296 1343 3354 1398 δὲ
3387 1342 3658 1400 κάκείνων

2068 1433 2288 1506 χείρους
2343 1434 2411 1490 ἂν
2459 1431 2623 1508 ἦμεν.
2667 1435 2807 1492 Οῠτε
2861 1436 2971 1509 γὰρ
3024 1436 3268 1500 ἐκείνους
3322 1434 3554 1490 καθόλου
3588 1436 3659 1506 τῇ

2069 1528 2348 1599 τυραννίδι
2370 1528 2478 1583 τῶν
2507 1529 2782 1601 δαιμόνων
2806 1529 3069 1597 ἐξέδωκεν
3096 1530 3125 1582 ὁ
3149 1528 3307 1593 Θεὸς,
3325 1527 3449 1582 ἐπεὶ
3481 1526 3663 1598 πολλῷ

2071 1617 2280 1673 τούτων
2317 1616 2676 1692 χαλεπώτερα
2716 1618 2784 1674 ἂν
2834 1619 3076 1688 ἔπαθον,
3119 1613 3195 1674 ὧν
3229 1618 3500 1691 πάσχουσι
3540 1618 3659 1673 νῦν.

2085 1709 2229 1779 Ἐγὼ
2250 1709 2310 1764 δὲ
2340 1710 2561 1765 κάκεῖνο
2587 1710 2654 1765 ἂν
2691 1710 2979 1784 ἐπυθόμην
3008 1710 3118 1765 τῶν
3156 1710 3333 1766 ταῦτα
3358 1711 3628 1783 λεγόντων
3645 1751 3661 1777 ,

2073 1801 2235 1857 ποίαν
2265 1802 2330 1875 δὴ
2348 1802 2577 1870 ἀταξίαν
2603 1805 2660 1858 ἐν
2688 1806 2801 1868 τοῖς
2830 1803 3099 1876 παροῦσιν
3119 1804 3377 1876 ὁρῶντες,
3394 1803 3668 1877 δαιμόνων

2076 1895 2344 1969 διοικήσει
2373 1895 2442 1951 τά
2461 1897 2585 1951 καθ’
2610 1897 2758 1969 ἡμᾶς
2790 1895 3105 1951 ἀνατιθέασι
3134 1897 3347 1965 πάντα;
3370 1897 3566 1951 Καίτοι
3600 1914 3669 1967 γε

2073 1988 2227 2060 ἥλιον
2252 1989 2471 2062 ὁρῶμεν
2493 1989 2587 2043 ἐπὶ
2615 1989 2893 2052 τοσούτοις
2918 1988 3095 2043 ἐτεσιν
3120 1987 3359 2044 εύτακτα
3386 1988 3509 2044 καθ’
3539 1990 3671 2045 ἐκάε-

2075 2099 2210 2154 στην
2246 2081 2535 2153 βαδίζοντα
2574 2082 2671 2156 τὴν
2702 2082 2936 2156 ἡμέραν,
2967 2082 3211 2137 ποικίλον
3241 2082 3488 2155 ἀστέρων
3508 2082 3669 2154 χορὸν

2074 2176 2173 2248 τὴν
2230 2176 2443 2231 οἰκείαν
2489 2175 2860 2248 διατηροῦντα
2918 2173 3109 2241 τάξιν,
3165 2173 3397 2247 σελήνης
3434 2173 3669 2246 δρόμους

2075 2267 2192 2322 ἀπα
2200 2267 2593 2340 ρεμποδίστους
2613 2279 2663 2333 ιι,
2686 2266 2882 2330 νυκτὸς
2898 2266 2995 2320 καὶ
3009 2268 3043 2338 ἡ
3053 2266 3224 2338 μέρας
3239 2263 3488 2335 διαδοχὴν
3512 2249 3671 2334 ἀκρι-

2076 2358 2170 2430 ϐῆ,
2200 2358 2400 2425 πάντα,
2436 2358 2532 2413 καὶ
2560 2357 2630 2413 τά
2651 2357 2764 2414 ἀνω
2789 2357 2886 2412 καὶ
2917 2356 2987 2412 τά
3018 2357 3169 2412 κάτω
3195 2356 3386 2430 ὥσπερ
3411 2357 3471 2410 ἐν
3495 2357 3670 2427 ἀρμος

2078 2450 2177 2523 νίῳ
2209 2450 2319 2506 τινὶ
2352 2450 2544 2523 χορείᾳ
2565 2491 2581 2518 ,
2638 2448 2844 2522 μᾶλλον
2896 2448 2953 2503 δὲ
2998 2448 3094 2504 καὶ
3144 2447 3327 2521 πολλῷ
3378 2447 3540 2502 πλέον
3575 2448 3672 2502 καὶ

2076 2544 2501 2616 ἀκριϐέστερον,
2533 2544 2635 2616 τὴν
2661 2543 2871 2598 οίκείαν
2907 2543 3142 2598 ἕκαστον
3166 2540 3352 2615 χώραν
3378 2541 3675 2613 διαφυλάτ-

2077 2646 2194 2692 τον,
2228 2631 2322 2685 καὶ
2362 2630 2465 2686 οὐκ
2519 2630 2871 2703 ἐξιστάμενον
2915 2633 3014 2705 τῆς
3061 2631 3268 2698 τάξεως
3293 2626 3362 2704 ἧς
3391 2631 3545 2705 παρά
3572 2631 3675 2704 τὴν

2078 2722 2253 2797 ἀρχὴν
2279 2722 2419 2778 αύτά
2445 2722 2618 2777 ποιῶν
2645 2721 2835 2791 ἔταξεν
2871 2723 2900 2777 6
2928 2722 3085 2789 Θεός.

2152 2816 2219 2879 ζ’.
2250 2814 2362 2869 Kal
2380 2815 2436 2869 τί
2465 2814 2672 2870 τούτων
2694 2815 2908 2887 ὄφελος,
2935 2815 3122 2887 φησὶν,
3152 2814 3282 2871 ὅταν
3297 2814 3529 2888 οὐρανὸς
3552 2814 3673 2888 μὲν,

2081 2907 2175 2962 καὶ
2200 2907 2374 2980 ἥλιος,
2411 2908 2505 2963 καὶ
2534 2908 2757 2981 σελήνη,
2804 2909 2905 2965 καὶ
2933 2910 3182 2983 ἀστέρων
3226 2909 3423 2983 χορὸς,
3466 2909 3563 2963 καὶ
3606 2911 3678 2966 τά

2082 3000 2218 3056 ἄλλα
2254 3000 2406 3074 [257]
2442 3001 2623 3056 πάντα
2657 3001 2864 3074 πολλὴν
2913 3002 3009 3075 ἔχῃ
3061 3003 3162 3075 τὴν
3209 3003 3486 3071 εὐταξίαν,
3523 3004 3592 3057 τὰ
3619 3004 3678 3057 δὲ

2083 3092 2332 3165 ἡμέτερα
2381 3090 2771 3166 συγχύσεωςῇ
2817 3095 3228 3168 πεπληρωμένα
3279 3097 3375 3153 καὶ
3398 3096 3675 3165 Δόιταξίας;

2084 3185 2254 3249 Ποίας
2285 3184 2625 3257 συγχύσεως,
2676 3185 2957 3254 ἄνθρωπε,
3010 3188 3107 3241 καὶ
3143 3188 3407 3255 ἀταξίαςς
3444 3190 3502 3242 '0
3531 3190 3680 3243 δεῖνα

2084 3278 2334 3345 πλουτεῖ,
2358 3280 2516 3350 φησὶ,
2541 3278 2637 3334 καὶ
2662 3278 2929 3350 βιάζεται,
2960 3280 3197 3352 ἁρπάζει
3219 3283 3314 3336 καὶ
3341 3283 3678 3346 πλεονεκτεῖ,

2083 3370 2182 3434 τὰς
2213 3368 2327 3423 τῶν
2384 3370 2636 3440 πενήτων
2679 3371 2873 3434 οὐσίας
2937 3372 3231 3425 καταπίνει
3288 3371 3410 3425 καθ’
3441 3371 3681 3442 ἐκάστην

2085 3461 2322 3536 ἡμέραν,
2346 3463 2441 3517 καὶ
2464 3463 2618 3517 οὐδὲν
2652 3463 2852 3534 πάσχει
2879 3463 3072 3519 δεινόν·
3099 3465 3187 3517 ἐτε
3200 3483 3289 3538 ρος
3320 3467 3378 3520 ἐν
3409 3467 3682 3535 ἐπιεικείᾳ

2087 3554 2179 3626 ζῇ,
2201 3552 2527 3627 σωφροσύνῃ
2553 3554 2648 3608 καὶ
2665 3553 2990 3628 δικαιοσύνῃ
3020 3555 3114 3609 καὶ
3139 3557 3249 3616 τοῖς
3277 3556 3459 3620 ἀλλοις
3478 3556 3683 3610 ἅπασιν

2087 3646 2317 3717 ἀγαθοῖς
2351 3647 2795 3718 κεκοσμημένος,
2815 3647 2908 3701 καὶ
2937 3647 3101 3719 πενίᾳ
3133 3648 3227 3702 καὶ
3257 3648 3435 3712 νόσοις
3457 3648 3684 3711 καὶτοῖς

2091 3740 2347 3812 ἐσχάτοις
2378 3739 2672 3805 κολάζεται
2701 3741 2916 3805 δεινοῖς.
2949 3740 3117 3794 Ταῦτ’
3145 3737 3237 3794 οὖν
3271 3742 3390 3796 ἐστι
3414 3742 3482 3799 τά
3521 3759 3688 3795 σκαν-

2089 3831 2380 3897 δαλίζοντά
2410 3848 2498 3899 σε;
2530 3830 2720 3884 Ταῦτα
2740 3872 2754 3896 ,
2784 3832 2970 3901 φησίν.
3020 3831 3148 3885 Ἰείἀν
3183 3828 3276 3886 οῦν
3308 3832 3426 3905 ἴδῃς
3455 3834 3547 3887 καὶ
3575 3834 3687 3887 τῶν

2093 3926 2453 3998 ἁρπαζόντων
2487 3924 2718 3988 πολλοὺς
2749 3923 3276 3997 κολαζομένους,κα“ι
3303 3926 3411 3979 τῶν
3429 3930 3486 3984 ἐν
3515 3928 3684 4000 ἀρετῇ

2092 4015 2314 4084 ζώντων
2349 4014 2545 4080 ἐνίους,
2579 4015 2613 4087 ἢ
2642 4015 2735 4070 καὶ
2772 4016 3002 4088 μυρίους
3025 4015 3398 4082 ἀπολαύοντας
3431 4017 3686 4086 ἀγαθῶν,

2091 4107 2181 4166 διὰ
2223 4108 2276 4162 τί
2312 4110 2386 4180 μὴ
2430 4106 2582 4173 λύεις
2611 4107 2816 4180 ταύτην
2860 4108 2960 4179 τὴν
3011 4109 3218 4180 ψῆφον,
3269 4110 3406 4181 μηδέ
3447 4110 3686 4184 ἀποδέχῃ

2092 4198 2185 4257 τὸν
2218 4201 2534 4273 Δεσπότην;
2569 4202 2696 4255 Ὅτι
2727 4200 2859 4256 αὐτὸ
2878 4200 3038 4256 τοῦτό
3075 4203 3192 4257 ἐστι
3230 4203 3291 4256 τὸ
3332 4203 3689 4270 σκανδαλίζον

2096 4310 2166 4367 με
2201 4293 2384 4347 πλέον.
2424 4292 2524 4346 Διᾶ
2553 4293 2607 4345 τί
2635 4292 2745 4365 γάρ
2779 4291 2876 4347 δύο
2904 4293 3073 4349 ὄντων
3098 4294 3205 4348 τῶν
3235 4294 3557 4367 πονηρῶν,ό
3588 4295 3690 4368 μὲν

2094 4389 2409 4453 κολάζεται,
2440 4389 2469 4442 6
2494 4383 2553 4441 δέ
2587 4384 2873 4456 διαφυγὼν
2911 4387 3239 4459 ἀπέρχεται,
3268 4388 3363 4442 καὶ
3390 4388 3485 4443 δύο
3517 4388 3690 4447 ὅντων

2093 4481 2341 4552 ἀγαθῶν,
2370 4482 2403 4534 6
2441 4479 2542 4552 μὲν
2574 4481 2824 4551 τιμᾶται,
2847 4481 2875 4532 ό
2898 4479 2957 4533 δὲ
2980 4479 3392 4552 τιμωρούμενος
3420 4481 3687 4548 διατελεῖς

2092 4575 2206 4630 Καὶ
2249 4572 2412 4627 τοῦτο
2455 4570 2590 4626 αὐτὸ
2638 4573 2735 4644 τῆς
2773 4570 2869 4624 τοῦ
2918 4570 3055 4625 Θεοῦ
3112 4573 3373 4644 προνοίας
3431 4572 3691 4645 μέγιστον

2092 4667 2255 4741 ἔργον
2289 4665 2456 4720 ἐστίν.
2476 4666 2542 4719 Εἰ
2566 4664 2675 4738 γὰρ
2698 4664 2909 4729 πάντας
2927 4663 3165 4719 ἐνταῦθα
3198 4663 3422 4729 ἐκόλαζε
3444 4664 3571 4727 τοὺς
3592 4680 3692 4717 πο-

2094 4760 2330 4833 νηροὺς,
2377 4757 2474 4815 καὶ
2518 4757 2729 4821 πάντας
2760 4755 2995 4811 ἐνταῦθα
3023 4755 3186 4826 ἐτίμα
3242 4755 3369 4819 τοὺς
3423 4752 3688 4823 ἀγαθοὺς,

2096 4854 2328 4926 περιττὴ
2356 4854 2392 4925 ἡ
2427 4851 2527 4923 τῆς
2557 4851 2797 4924 κρίσεως
2833 4845 2904 4921 ἦν
2942 4848 3145 4920 ἡμέρα.
3194 4846 3365 4901 Πάλιν
3397 4848 3445 4899 εἰ
3486 4846 3691 4918 μηδένα

2094 4946 2323 5011 ἐκόλαζε
2350 4944 2613 5015 πονηρὸν,
2651 4941 2790 5013 μηδὲ
2818 4939 2985 5011 ἐτίμα
3015 4938 3139 4993 τινὰ
3172 4935 3281 4990 τῶν
3311 4934 3533 5006 ἀγαθῶν
3551 4978 3566 5003 ,
3595 4938 3691 4993 καὶ

2092 5038 2147 5091 οἱ
2174 5036 2373 5107 φαῦλοι
2406 5034 2731 5106 φαυλότεροι
2764 5032 2861 5086 καὶ
2910 5030 3140 5092 κακίους
3172 5028 3241 5083 ἀν
3283 5026 3559 5098 ἐγένοντο,
3612 5028 3691 5093 ὡς

2095 5126 2279 5198 πολλῷ
2308 5126 2417 5181 τῶν
2458 5124 2715 5198 χρηστῶν
2761 5122 3145 5196 ῥᾳθυμότερον
3189 5124 3285 5177 καὶ
3347 5121 3611 5196 μειζόνως
3638 5123 3690 5177 οί
3724 5128 3727 5129 ⁷

2101 5221 2419 5294 βουλόμενοι
2469 5219 2833 5290 βλασφημεῖν,
2865 5217 3260 5290 ⁴κατηγόρησαν
3296 5216 3363 5273 ἂν
3390 5216 3486 5271 τοῦ
3514 5216 3687 5281 Θεοῦ,

2096 5314 2196 5369 καὶ
2225 5310 2532 5383 ὁλοσχερῶς
2558 5310 2628 5365 ἂν
2656 5305 2812 5364 εἷπον
2850 5309 3280 5382 ἀποστερεῖσθαι
3332 5308 3592 5381 προνοίας
3620 5310 3689 5363 τά

2099 5405 2223 5460 καθ’
2251 5404 2424 5475 ἡμᾶς.
2447 5402 2512 5454 El
2534 5399 2645 5471 γὰρ
2673 5399 2767 5453 καὶ
2800 5397 2898 5455 νῦν
2928 5398 3310 5471 κολαζομένων
3331 5397 3497 5451 τινῶν
3525 5414 3692 5471 πονη-

2103 5498 2236 5574 ρῶν,
2265 5498 2360 5550 καὶ
2403 5494 2735 5567 τιμωμένων
2777 5492 3035 5565 ἀγαθῶν,
3073 5492 3277 5565 ὁμοίως
3317 5489 3481 5561 φασὶν
3513 5490 3689 5565 ἀπροε

2153 5699 2194 5777 ἰι
2218 5697 2353 5752 Colb.
2378 5696 2822 5763 ἀπαρεμποδίστως.
2852 5695 2982 5750 Edit.
3025 5692 3459 5763 ἀπαραποδὲστουςη
