4066 6422
438 253 544 309 255

432 369 598 439 γόητα
638 367 774 424 εἶναι
810 373 874 426 τά
935 377 1041 429 τῶν
1090 376 1394 447 ἀνθρώπων
1438 379 1771 449 πράγματα,
1807 381 1852 430 εἰ
1889 379 2021 450 μηδὲ

432 456 592 514 τοῦτο
612 461 840 530 ἐγίνετο,
868 465 918 516 τί
943 465 1042 517 οὐκ
1064 465 1128 518 ἂν
1158 462 1344 529 εἷπονς
1370 471 1496 520 ποῖα
1518 469 1572 520 δὲ
1599 468 1699 520 ούκ
1734 467 1799 521 ἂν
1834 468 2018 534 ἐξέϐα-

433 548 524 602 λον
560 550 812 620 Mysum;
843 552 939 604 Διά
975 552 1277 618 τοῦτοτοὺς
1318 556 1416 625 μὲν
1446 555 1689 620 κολάζει,
1717 557 1843 618 τοῦς
1871 556 1926 608 δέ
1960 556 2020 608 οῦ

437 637 651 701 κολάζει
680 638 788 691 τῶν
814 641 1086 711 πονηρῶν,
1115 643 1207 695 καὶ
1241 644 1366 707 τοὺς
1399 645 1497 714 μὲν
1526 646 1681 715 τιμᾷ,
1719 645 1844 708 τοὺς
1873 643 1928 697 δέ
1959 644 2020 696 ού

433 728 565 798 τιμᾷ
612 727 720 780 τῶν
754 729 994 796 ἀγαθῶν.
1030 730 1104 785 Ού
1142 732 1360 796 κολάζει
1415 735 1512 802 μὲν
1542 734 1808 797 ἃπαντας,
1841 733 1928 786 ἵνα
1963 750 2020 785 σε

435 816 619 885 πείσῃ,
639 817 719 897 δτι
744 815 889 871 ἔστιν
911 819 1232 885 ἀνάστασις·
1259 822 1479 887 κολάζει
1501 823 1558 875 δέ
1583 839 1756 886 τινας,
1778 821 1866 876 ἵνα
1893 822 2020 886 τοὺς

434 901 837 974 ρᾳθυμοτέρους
857 905 937 976 τῷ
968 908 1118 978 φόϐῳ
1143 908 1232 961 διὰ
1259 913 1358 980 τῆς
1384 910 1494 962 τῶν
1518 911 1720 981 ἐτέρων
1751 909 2022 982 τιμωρίας

433 990 635 1062 ποιήσῃ
673 993 1152 1065 σπουδαιοτέρους.
1212 997 1383 1049 Πάλιν
1420 999 1555 1068 τιμᾷ
1595 998 1694 1068 μέν
1734 1014 1888 1060 τινας
1912 996 2021 1048 τῶν

432 1074 675 1140 ἀγαθῶν,
716 1076 802 1130 ἵνα
835 1081 1057 1147 ἐτέρους
1092 1083 1470 1153 ἐπισπάσηται
1512 1088 1631 1149 ταῖς
1659 1087 1849 1155 τιμαῖς
1883 1084 2019 1154 πρὸς

431 1162 521 1258 τὸν
541 1165 643 1258 τῆς
667 1166 871 1258 ἀρετῆς
897 1168 1076 1240 ζῆλον·
1107 1171 1167 1224 οὐ
1199 1176 1335 1243 τιμᾷ
1356 1174 1412 1227 δὲ
1447 1173 1676 1237 πάντας,
1697 1175 1782 1226 ἵνα
1817 1173 2016 1244 μάθῃς,

432 1247 511 1298 ὅτι
539 1247 884 1322 ἔστινέτερος
906 1255 1101 1324 καιρὸς
1129 1257 1412 1312 ἀποδιδοὺς
1442 1258 1610 1310 ἅπασι
1638 1257 1734 1320 τάς
1767 1258 2016 1328 ἀμοιϐάς.

433 1331 494 1382 Εἰ
531 1332 630 1402 μὲν
660 1334 768 1405 γάρ
818 1335 1058 1403 ἅπαντες
1097 1342 1331 1393 ἐνταῦθα
1372 1342 1764 1412 ἀπελάμϐανον
1799 1341 1865 1394 τὰ
1899 1343 2020 1395 κατ’

431 1418 608 1485 ἀξίαν,
635 1423 946 1494 ἠπίστησαν
978 1425 1043 1479 ἂν
1075 1432 1151 1498 τῷ
1183 1429 1281 1498 τῆς
1306 1431 1652 1492 ἀναστάσεως
1679 1429 1843 1499 λόγῳ·
1878 1430 1925 1482 εί
1963 1429 2019 1482 δέ

435 1507 626 1578 μηδεὶς
656 1511 1012 1583 ἀπελάμϐανε
1040 1516 1106 1568 τὰ
1141 1517 1260 1570 κατ’
1283 1517 1455 1581 ἀξίαν,
1492 1519 1538 1570 οἱ
1567 1518 1783 1581 πλείους
1808 1517 1872 1571 ἂν
1896 1518 2015 1584 ὲγέ·

433 1613 583 1650 νοντο
610 1599 996 1673 ρᾳθυμότεροι.
1025 1603 1124 1657 Διὰ
1159 1606 1314 1659 τοῦτο
1343 1608 1469 1670 τοὺς
1507 1608 1606 1677 μέν
1636 1605 1876 1671 κολάζει,
1896 1607 2021 1668 τοὺς

434 1686 488 1736 δέ
515 1687 574 1738 ού
617 1690 856 1754 κολάζει,
913 1695 1161 1759 καὶτοὺς
1209 1697 1606 1767 κολαζομένους
1655 1698 1748 1750 καὶ
1782 1699 1907 1760 τοὺς
1945 1694 2020 1766 μὴ

436 1775 826 1847 κολαζομένους
849 1780 1093 1850 ὠφελῶν·
1130 1785 1353 1838 ἐκείνων
1384 1786 1481 1855 μὲν
1512 1786 1618 1856 γάρ
1642 1787 1898 1839 ἐκκόπτει
1923 1784 2020 1855 τὴν

435 1862 653 1928 κακίαν,
693 1866 821 1930 τοῦς
848 1867 902 1919 δέ
928 1869 1150 1938 ἐτέρους
1184 1874 1250 1942 τῇ
1294 1873 1497 1925 τούτων
1532 1874 1775 1945 τιμωρίᾳ
1804 1890 2018 1942 σωφρο-

434 1951 717 2022 νεστέρους
764 1959 929 2008 ποιεῖ.
982 1959 1090 2010 Καὶ
1146 1959 1306 2013 τοῦτο
1355 1960 1414 2025 ἐξ
1462 1954 1534 2013 ὧν
1582 1961 1748 2022 αὐτὸς
1801 1958 1955 2013 εἶπεν
1993 1963 2021 2014 ὁ

433 2038 666 2106 Χριστὸς
695 2042 874 2113 δῆλον.
930 2046 1148 2118 Ἐπειδὴ
1198 2049 1304 2120 γὰρ
1339 2050 1681 2120 ἀπήγγειλαν
1737 2048 1904 2119 αύτῷ,
1938 2050 2020 2103 ὅτι

432 2127 640 2198 πύργος
668 2136 1014 2206 κατενεχθεὶς
1044 2139 1365 2210 ἀνθρώπους
1391 2142 1540 2204 τινὰς
1567 2142 1863 2213 κατέχωσε,
1887 2141 2022 2212 φησὶ

431 2216 567 2320 ⁸ιξρδς
601 2221 818 2287 αὐτούς·
863 2226 924 2278 Τι’
963 2227 1245 2295 νομίζετε,
1302 2229 1388 2281 ὅτι
1417 2229 1634 2282 ἐκεῖνοι
1681 2230 2018 2298 ἁμαρτωλοί

429 2311 594 2373 ἧσαι·
616 2311 847 2377 μόνον;
882 2312 984 2375 Οὒ,
1011 2315 1164 2383 λέγω
1189 2316 1350 2381 ὑμῖν·
1388 2318 1526 2370 ἀλλ’
1560 2317 1670 2370 ἐὰν
1711 2317 1798 2386 μὴ
1843 2334 2021 2386 μετα-

429 2397 715 2468 νοήσητε,
743 2403 841 2456 καὶ
875 2405 1044 2473 ὑμεῖς
1075 2407 1144 2460 τὰ
1177 2408 1329 2461 αὐτὰ
1358 2408 1665 2462 πείσεσθε.

503 2549 658 2617 Εἶδες
688 2555 806 2619 πῶς
830 2556 1072 2612 κάκεῖνοι
1093 2557 1158 2611 δι’
1200 2559 1476 2631 ἁμαρτίας
1505 2559 1786 2613 ἀπώλοντο
1806 2601 1819 2623 ,
1848 2561 1942 2613 καὶ
1973 2561 2022 2613 οἱ

433 2640 612 2694 λοιποὶ
638 2644 698 2695 ού
733 2644 822 2697 διὰ
867 2645 1221 2717 δικαιοσύνην
1267 2647 1524 2716 διέφυγον
1548 2688 1563 2711 ,
1619 2648 1734 2701 ἀλλ’
1771 2649 1857 2702 ἵνα
1904 2652 2020 2713 ταῖς

435 2729 662 2784 ἐκείνων
683 2734 980 2802 τιμωρίαις
1000 2735 1245 2805 βελτίους
1263 2736 1556 2805 γένωνται;
1577 2737 1789 2792 Οὐκοῦν
1811 2738 2025 2808 ἠδίκηνο

432 2834 548 2883 ται,
586 2821 772 2889 φησὶν,
801 2823 852 2874 οἱ
898 2823 1290 2894 κολαζόμενοι·
1335 2824 1588 2879 ἐδύναντο
1615 2825 1725 2896 γὰρ
1765 2825 1838 2897 μὴ
1864 2827 2024 2879 κολα-

435 2905 658 2970 σθέντες
681 2912 802 2972 ταῖς
842 2910 1046 2982 ἐτέρων
1081 2912 1376 2984 τιμωρίαις
1419 2910 1572 2967 αῦτοί
1617 2913 1873 2984 γενέσθαι
1905 2914 2026 2980 βελ-

431 2994 602 3059 τίους.
665 2997 805 3051 Ἀλλ’
858 3001 907 3052 εἰ
962 3000 1079 3071 ᾔδει
1131 3000 1373 3071 βελτίους
1415 3001 1568 3076 [258]
1614 3003 1907 3072 ἐσομένους
1961 3004 2025 3056 ἐκ

437 3085 747 3152 μετανοίας,
779 3089 880 3141 οὐκ
922 3088 986 3142 ἂν
1015 3089 1272 3142 ἐκόλασεν
1303 3091 1330 3143 6
1360 3091 1511 3154 Θεός.
1548 3089 1604 3144 [ι
1641 3085 1752 3159 γὰρ
1796 3091 2026 3155 πολλοὺς

435 3173 702 3243 προειδὼς
732 3176 887 3229 οῦδὲν
920 3176 1028 3231 ἀπὸ
1072 3179 1174 3247 τῆς
1206 3177 1591 3251 μακροθυμίας
1631 3179 1796 3231 αὑτοῦ
1826 3181 2026 3249 κερδα-

434 3260 685 3326 νοῦντας,
714 3263 864 3332 ὅμως
888 3264 1043 3336 φέρει
1077 3265 1216 3336 μετά
1269 3266 1474 3338 πολλῆς
1499 3267 1603 3335 τῆς
1639 3265 2024 3330 ἀνεξικακίας,

431 3347 497 3402 τδ
528 3349 694 3403 αὑτοῦ
730 3350 956 3421 πληρῶν
991 3352 1084 3404 καὶ
1108 3352 1362 3424 παρέχων
1389 3353 1573 3416 αὐτοῖς
1604 3353 1875 3422 ἀνανῆψαί
1899 3371 2028 3407 ποτε

436 3441 502 3491 ἐκ
531 3440 630 3510 τῆς
658 3441 865 3502 οἰκείας
904 3441 1112 3506 ἀνοίας·
1145 3444 1263 3506 πῶς
1305 3443 1372 3496 ἂν
1401 3445 1528 3507 τοὺς
1579 3443 1872 3514 μέλλοντας
1904 3443 2026 3512 βελ-

435 3527 588 3590 τίους
621 3527 731 3581 ἀπὸ
771 3529 872 3598 τῆς
899 3529 1102 3599 ἐτέρων
1147 3530 1400 3598 γενέσθαι
1453 3531 1749 3601 τιμωρίας,
1796 3529 2030 3582 ἀπεστέ-

444 3635 609 3686 ρησεν
645 3617 711 3670 ἂν
760 3617 854 3670 τοῦ
890 3619 989 3687 τῆς
1045 3619 1336 3688 μετανοίας
1379 3618 1644 3691 κέρδους;
1683 3620 1846 3672 Ὥστε
1877 3619 2030 3671 οὐδὲν

438 3703 586 3761 οῦτοι
607 3708 912 3779 ἠδίκηνται.
939 3710 1032 3762 καὶ
1057 3710 1154 3780 τῆς
1174 3710 1371 3774 κακίας
1399 3711 1583 3773 αὐτοῖς
1612 3709 1940 3780 ἐκκοπείσης
1963 3712 2027 3782 τῇ

440 3795 703 3867 τιμωρία,
725 3798 817 3850 καὶ
839 3800 937 3868 τῆς
960 3798 1078 3850 ἐκεῖ
1093 3797 1367 3861 κολάσεως
1390 3797 1724 3869 κουφοτέρας
1741 3798 2027 3868 ἐσομένης,

439 3882 528 3936 διὰ
549 3883 609 3936 τὸ
639 3883 1013 3954 προλαϐόντας
1050 3885 1285 3939 ἐνταῦθα
1321 3885 1514 3939 παθεῖν
1548 3885 1754 3948 κακῶς.
1789 3886 1959 3938 Πάλιν
1982 3888 2029 3938 οἱ

445 3972 521 4042 μὴ
551 3971 909 4037 κολασθέντες
935 3972 1086 4026 οὐδὲν
1129 3973 1438 4043 ἠδίκηνται.
1483 3972 1642 4042 Ἐξῆν
1679 3973 1787 4045 γὰρ
1815 3973 2027 4036 αὐτοῖς,

442 4060 601 4130 εἴπερ
631 4059 937 4124 ἐδούλοντο,
979 4063 1044 4131 τῇ
1081 4060 1436 4132 μακροθυμία
1462 4061 1556 4114 τοῦ
1593 4059 1726 4114 Θεοῦ
1763 4059 1898 4133 πρὸς
1937 4078 2032 4130 με-

442 4147 680 4215 ταϐολὴν
727 4147 958 4218 ἀρίστην
993 4148 1332 4219 χρήσασθαι,
1395 4149 1490 4202 καὶ
1541 4148 1930 4220 θαυμάσαντας
1971 4145 2033 4200 τὸ

444 4235 770 4301 ἀνεξίκακον
804 4237 1120 4308 αἰδεσθῆναι
1167 4239 1268 4309 τῆς
1309 4238 1509 4309 ἀνοχῆς
1544 4238 1642 4309 τὴν
1689 4237 2027 4308 ὑπερϐολὴν,

444 4324 540 4376 καὶ
566 4323 903 4395 μεταστῆναί
935 4343 1065 4378 ποτε
1103 4325 1240 4396 πρὸς
1270 4325 1492 4396 ἀρετὴν,
1529 4326 1622 4378 καὶ
1661 4327 1782 4386 ταῖς
1830 4324 2032 4394 ἐτέρων

443 4411 736 4483 τιμωρίαις
769 4413 868 4482 τὴν
895 4413 1102 4467 οἰκείαν
1136 4415 1394 4486 κερδᾶναι
1425 4413 1721 4484 σωτηρίαν.
1742 4413 1806 4466 EE
1833 4412 1889 4465 δὲ
1915 4414 2033 4465 ἐπι-

450 4499 674 4568 μένουσι
708 4502 772 4568 τῇ
807 4501 1066 4572 πονηρίᾳ,
1091 4501 1186 4570 οὐχ
1219 4504 1247 4554 6
1290 4501 1426 4564 Θεὸς
1452 4500 1644 4565 αἴτιος,
1681 4501 1708 4553 ὀ
1737 4500 1824 4553 διὰ
1876 4499 2034 4553 τοῦτο

450 4585 842 4657 μακροθυμῶν,
879 4587 966 4639 ἵνα
999 4589 1195 4650 αὐτοὺς
1250 4589 1647 4660 ἀνακτήσηται,
1692 4589 1806 4642 ἀλλ’
1836 4590 2033 4642 ἐκεῖνοι

450 4673 782 4746 συγγνώμης
809 4674 1040 4741 ἀνάξιοι,
1061 4677 1110 4728 οἱ
1139 4676 1212 4747 μὴ
1235 4677 1576 4747 χρησάμενοι
1605 4679 1684 4742 είς
1704 4678 1822 4732 δέον
1846 4681 1909 4748 τῇ
1939 4676 2032 4730 τοῦ

447 4760 584 4814 Θεοῦ
641 4761 1016 4833 μακροθυμία.
1079 4765 1152 4817 Οὐ
1202 4765 1391 4817 τοῦτον
1444 4764 1500 4818 δέ
1541 4765 1634 4818 τὸν
1683 4765 1840 4833 λόγον
1875 4765 2033 4836 μόνον

447 4850 594 4904 ἔστιν
629 4851 823 4912 εἰπεῖν,
853 4850 919 4903 δι’
946 4851 1005 4904 ὃν
1035 4851 1096 4904 ού
1134 4852 1455 4918 κολάζονται
1488 4853 1689 4918 πάντες
1725 4853 1962 4907 ἐνταῦθα
1985 4853 2033 4905 οί

449 4940 697 5010 πονηροὶ,
723 4938 860 4992 ἀλλά
886 4941 979 4993 καὶ
999 4939 1184 5011 ἓτερον
1215 4942 1314 4994 οὐκ
1347 4941 1610 4996 ἐλάττονα
1639 4941 1850 4996 τούτου.
1875 4943 2034 4995 Ποῖον

447 5026 513 5093 δὴ
545 5026 766 5090 τοῦτον;
795 5028 917 5081 ’Ότι
940 5030 989 5080 εί
1023 5031 1157 5082 πᾶσι
1197 5029 1328 5100 παρ’
1368 5030 1508 5084 αὐτὰ
1540 5030 1608 5082 τὰ
1655 5030 2035 5100 ἁμαρτήματα

448 5118 552 5177 τὰς
584 5112 834 5178 κολάσεις
866 5116 1149 5187 ἐπήγαγεν
1168 5119 1195 5170 6
1222 5117 1375 5184 Θεὸς,
1413 5116 1850 5188 προανηρπάσθη
1879 5115 1944 5170 ἂν
1972 5117 2034 5169 τὸ

449 5201 608 5267 γένος
635 5200 813 5272 ἡμῶν,
853 5205 949 5256 καὶ
969 5206 1068 5258 οὐκ
1097 5205 1162 5258 ἀν
1185 5206 1416 5274 ἔφθασεν
1446 5207 1525 5269 είς
1548 5204 1803 5276 διαδοχήν
1836 5204 2030 5258 ἐλθεῖν.

454 5289 564 5342 Καὶ
601 5290 685 5343 ἵνα
722 5289 899 5361 μάθῃς
933 5292 1016 5345 ὅτι
1043 5292 1201 5346 τοῦτό
1245 5295 1393 5348 ἐστιν
1421 5292 1640 5364 ἀληθὲς,
1672 5292 1903 5345 ἄκουσον
1937 5291 2032 5345 τοῦ

450 5375 736 5446 προφήτου
781 5376 1051 5446 λέγοντος·
1107 5380 1242 5434 Ἐὰν
1289 5381 1541 5450 ἀνομίας
1590 5380 1987 5449 παρατηρήσῃ
2015 5421 2030 5442 ,

451 5465 652 5530 Κύριε,
673 5464 764 5530 τίς
781 5466 1226 5533 ὺποστήσεται;
1251 5469 1314 5520 Εἰ
1343 5470 1399 5522 δέ
1428 5469 1576 5522 δοκεῖ
1615 5469 1711 5522 καὶ.
1745 5467 2033 5538 βασανίσαι

450 5550 550 5617 τὴν
574 5550 755 5619 ρἧιν,
793 5552 881 5603 τὸν
918 5554 1148 5608 ἑκάστου
1177 5555 1288 5622 βίον
1316 5557 1546 5626 ἀφέντες
1583 5557 1720 5626 μετά
1744 5557 2034 5627 ἀκριϐείας

455 5634 730 5697 ἐξετάζειν
752 5637 892 5704 (οῦδέ
926 5640 1034 5710 γάρ
1066 5642 1290 5695 δυνατὸν
1333 5647 1465 5716 ἡμῖν
1495 5644 1693 5698 εἰδέναι
1722 5645 1788 5698 τὰ
1820 5645 2034 5714 ἑκάστῳ

463 5721 783 5790 εεδιωμένα)
807 5764 819 5787 ι
850 5723 990 5796 ἅπερ
1020 5731 1429 5802 ἁνανττῤῥήτως
1453 5735 1690 5796 ᾶπαντες
1725 5731 2033 5804 ἁμαρτάνοο

1139 259 1194 313 s.
1236 239 1520 314 10.nle
1556 259 2040 317 cunvsosmm
2081 259 2406 318 ARCHIEP.
2449 262 2994 320 coxsnxmop.

3634 265 3752 319 ατο

2137 401 2262 452 μεν,
2285 384 2460 438 ταῦτα
2483 386 2562 447 είς
2593 384 2756 455 μέσον
2784 383 3102 454 ἀγάγωμεν,
3127 383 3221 435 καὶ
3254 383 3316 434 ὲκ
3342 379 3532 436 τούτου
3566 380 3756 450 δῆλον

2139 475 2270 544 ἡμῖν
2303 471 2456 525 ἔσται
2486 473 2580 526 καὶ
2610 473 2864 544 φανερὸν,
2885 473 2968 525 ὃτι
2997 473 3043 524 εί
3076 471 3442 524 καθ’ἐκαστον
3472 470 3753 534 ὲκολαςό-

2139 565 2276 636 μεθα
2306 564 2415 617 τῶν
2441 565 2877 636 ἁμαρτημάτων,
2918 563 3082 616 πάλαι
3118 561 3182 616 ἂν
3219 560 3647 632 ἀπωλώλειμεν.
3681 558 3753 615 Ὁ

2135 657 2264 711 καλέ
2275 674 2371 720 σας
2395 656 2486 710 τὸν
2505 655 2730 725 ἀδελφὸν
2752 654 2953 727 μωρὸν,
2968 653 3148 723 ἔνοχός
3166 653 3313 706 ἐστιν
3337 654 3416 715 εἰς
3445 653 3544 722 τὴν
3576 649 3754 719 γέεν-

2133 768 2234 804 ναν
2267 749 2362 802 τοῦ
2400 749 2589 820 πυρὸς,
2625 749 2810 820 φησίν.
2852 748 3040 800 Ἔστιν
3074 739 3167 798 οῦν
3214 761 3298 807 τις
3346 743 3501 814 ἡμῶν
3531 741 3602 805 ὃς
3634 741 3750 812 οὐχ

2131 844 2347 914 ἥμαρτε
2383 841 2483 912 τὴν
2521 840 2793 912 ἁμαρτίαν
2825 841 3062 910 ταύτην;
3098 837 3150 890 τί
3178 832 3290 903 οῦν,
3316 835 3516 898 εὐθέως
3549 834 3746 903 ἀναρ-

2134 935 2416 1006 πασθῆναι
2452 932 2806 998 ἕδειςοῦκοῦν
2838 932 3041 995 πάντες
3075 927 3505 1001 ἀνηρπάσθημέν
3532 943 3603 979 τε
3639 923 3748 978 καὶ

2133 1027 2406 1098 ἠφανίσθη
2416 1043 2514 1095 μεν
2534 1025 2598 1079 ἂν
2621 1025 2790 1078 πάλαι
2815 1024 2907 1077 καὶ
2925 1021 3220 1091 πρόπαλαι.
3241 1019 3408 1074 Πάλιν
3425 1021 3451 1071 6
3476 1019 3581 1088 6p.»
3593 1014 3742 1078 ύων,

2131 1119 2287 1188 φησὶ,
2314 1117 2417 1171 κᾶν
2437 1118 2664 1188 εὐορκῇ,
2680 1117 2750 1169 τὰ
2769 1119 2833 1169 ὲκ
2857 1115 2951 1168 τοῦ
2969 1112 3214 1184 Πονηροῦ
3232 1115 3379 1166 ποιεῖ
3394 1111 3740 1181 πράγματα.

2132 1211 2228 1274 Τίς
2260 1207 2352 1264 οῦν
2393 1211 2564 1272 ἐστιν,
2596 1209 2654 1273 ὂς
2696 1210 2797 1262 οὐκ
2833 1207 3049 1278 ῶμοσε;
3089 1205 3290 1278 μᾶλλον
3335 1204 3394 1257 δὲ
3432 1203 3514 1266 τίς
3544 1205 3743 1269 ἐστιν,

2132 1303 2190 1366 ὃς
2231 1304 2330 1357 οῦκ
2360 1302 2674 1372 ἐπιώρκησε
2716 1301 2969 1366 πώποτε;
3031 1301 3087 1353 '0
3120 1297 3255 1369 πρὸς
3283 1300 3518 1366 γυναῖκα
3564 1296 3739 1362 ἰδὼν,

2132 1397 2329 1467 φησὶν,
2384 1396 2705 1459 ἀκολάστοις
2761 1393 3096 1464 ὀφθαλμοῖς,
3156 1390 3567 1462 ἀπηρτισμένος
3609 1389 3742 1443 ἐστὶ

2134 1491 2342 1562 μοιχός.
2381 1489 2490 1543 Καὶ
2515 1489 2723 1558 ταύτης
2762 1487 2818 1540 δὲ
2848 1487 2950 1555 τῆς
3001 1484 3276 1556 ἁμαρτίας
3307 1483 3532 1545 πολλοὺς
3568 1481 3737 1553 εὕροι

2127 1601 2210 1646 τις
2230 1583 2295 1636 ἂν
2320 1581 2677 1644 ὑπευθύνους.
2696 1575 2969 1633 ’Ὁτανοῦν
2985 1578 3052 1631 τὰ
3079 1576 3476 1647 ὡμολογημένα
3490 1573 3738 1626 τοιαῦτα.

2129 1671 2185 1750 ᾖ,
2220 1675 2393 1738 οῦτως
2432 1675 2686 1746 ἀφόρητα
2707 1713 2721 1735 ,
2761 1673 2857 1726 καὶ
2886 1669 3096 1723 τούτων
3126 1669 3358 1722 ἕκαστον
3392 1666 3515 1721 καθ’
3557 1665 3738 1720 ἐαυτδ

2131 1769 2353 1821 κόλασιν
2377 1767 2755 1839 ἀπαραίτητον
2798 1768 2931 1837 ἡμῖν
2969 1764 3152 1834 ἐπάγῃ
3174 1803 3188 1826 ,
3238 1763 3285 1814 εἰ
3316 1760 3412 1814 καὶ
3441 1759 3509 1812 τά
3541 1758 3738 1830 λάθρα

2131 1864 2261 1932 ἡμῖν
2289 1860 2654 1933 ἡμαρτημένα
2678 1855 3166 1927 ἀναλογισαίμεθα,
3195 1854 3313 1907 τότε
3345 1853 3593 1925 ὀψόμεθα
3628 1853 3735 1923 μά-

2130 1956 2286 2008 λιστα
2313 1954 2413 2026 τὴν
2445 1952 2538 2006 τοῦ
2586 1950 2722 2004 Θεοῦ
2766 1951 3022 2021 πρόνοιαν
3069 1952 3167 2001 οὐκ
3220 1947 3537 2015 ἐπάγουσαν
3595 1942 3730 1998 καθ’

2129 2047 2357 2100 ἕκαστον
2390 2045 2696 2115 ἁμάρτημα
2737 2041 2837 2113 τήν
2881 2040 3153 2111 τιμωρίαν
3197 2040 3348 2110 ἡμῖν.
3385 2038 3548 2090 Ὥστε
3593 2037 3734 2090 ὅταν

2133 2139 2249 2208 ἴδῃς
2281 2137 2404 2192 τινὰ
2436 2136 2787 2206 ἁρπάζοντα,
2833 2131 3282 2193 πλεονεκτοῦντα,
3319 2130 3414 2183 καὶ
3447 2133 3522 2199 μὴ
3560 2127 3738 2181 κολαο

2132 2230 2380 2300 ζόμενον,
2417 2225 2721 2290 ἀνάπτυξον
2743 2223 2836 2277 καὶ
2867 2225 2930 2276 σὺ
2970 2221 3029 2274 τὸ
3069 2217 3264 2273 σαυτοῦ
3297 2217 3556 2280 συνειδὸς,
3586 2217 3727 2270 ἀνα-

2130 2319 2343 2389 λόγισαί
2371 2337 2464 2371 σου
2493 2319 2591 2389 τὴν
2626 2314 2778 2388 [9.59]
2811 2310 3189 2383 ζωὴν,ἕπελθε
3221 2309 3288 2362 τά
3323 2307 3727 2380 ἡμαρτημένα.

2132 2413 2228 2465 καὶ
2257 2410 2478 2481 μαθήσῃ
2512 2407 2693 2470 καλῶς
2722 2406 2803 2458 ὅτι
2847 2404 2928 2456 σοὶ
2970 2400 3170 2473 πρώτῳ
3206 2400 3266 2453 οὺ
3294 2397 3566 2469 συμφέρει
3599 2395 3729 2449 καθ’

2130 2507 2363 2560 ἕκαστον
2385 2502 2493 2555 τῶν
2519 2499 2931 2572 ἁμαρτημάτων
2961 2493 3301 2558 κολάζεσθαι.
3319 2492 3416 2544 Διά
3433 2490 3541 2562 γὰρ
3563 2489 3732 2543 τοῦτο

2133 2597 2368 2669 ἀφειδῶς
2400 2598 2450 2650 οἱ
2480 2595 2664 2649 πολλοὶ
2690 2593 3042 2662 φθέγγονται,
3072 2587 3262 2658 ἐπειδὴ
3293 2587 3352 2639 ού
3375 2585 3442 2638 τὰ
3477 2585 3588 2638 ἴδια
3618 2582 3729 2656 πρὸ

2131 2692 2240 2746 τῶν
2270 2689 2566 2760 ἀλλοτρίων
2597 2683 2913 2749 σκοποῦσιν,
2943 2682 3079 2737 ἀλλά
3104 2682 3170 2735 τά
3198 2679 3443 2751 ἡμέτερα
3467 2676 3729 2746 ἀφέντες,

2132 2785 2201 2839 τὰ
2244 2782 2352 2838 τῶν
2395 2781 2570 2834 ἄλλων
2627 2777 2955 2848 ἐξετάζομεν
2996 2775 3256 2836 ἅπαντες.
3304 2769 3466 2823 Ἀλλά
3523 2768 3730 2839 μηκέτι

2131 2877 2290 2930 τοῦτο
2331 2873 2596 2943 ποιῶμεν,
2653 2870 2791 2924 ἀλλά
2843 2866 3186 2922 τούναντίον·
3225 2862 3328 2918 κᾶν
3383 2861 3482 2933 μὲν
3513 2860 3730 2913 δίκαιόν

2131 2985 2255 3020 τινα
2285 2964 2649 3034 κολαζόμενον
2677 2961 2816 3034 ἴδῃς.
2853 2956 3232 3030 ἀναμνήσθητι
3261 2954 3356 3008 τοῦ
3387 2951 3530 3006 Ἰώϐ-
3571 2952 3642 3005 άν
3668 2966 3730 3003 τε

2134 3058 2243 3128 γάρ
2266 3057 2477 3119 δίκαιος
2588 3071 2693 3119 τις,
2725 3053 2852 3106 οὔτε
2885 3049 3224 3120 δικαιότερος
3267 3046 3419 3099 ἐσται
3473 3043 3730 3108 ἐκείνου,

2134 3150 2257 3203 οὔτε
2288 3148 2429 3202 κατά
2453 3146 2649 3217 μικρὸν
2689 3143 2878 3214 ἐγγύς·
2913 3145 2978 3198 ἄν
3009 3159 3068 3194 τε
3123 3139 3294 3212 μυρία
3325 3139 3509 3209 πάσχῃ
3538 3135 3727 3203 κακὰ,

2134 3244 2287 3296 οὐδὲν
2316 3242 2527 3294 οὐδέπω
2548 3239 2803 3292 τοσοῦτον
2832 3235 3053 3299 ἔπαθεν,
3089 3234 3212 3287 ὅσον
3241 3233 3469 3293 ἐκεῖνος.

2207 3334 2278 3406 η’.
2315 3333 2485 3388 Τοῦτο
2509 3333 2686 3386 τοίνυν
2705 3333 2785 3394 εἰς
2804 3329 2929 3382 νοῦν
2945 3328 3146 3390 λαϐων,
3168 3325 3375 3378 παῦσαι
3399 3319 3733 3393 κατηγορῶν

2135 3427 2229 3480 τοῦ
2258 3426 2530 3478 Δεσπότου
2553 3465 2567 3488 ,
2616 3420 2807 3494 μαθὼν
2851 3423 2931 3475 ὅτι
2961 3421 3060 3473 οὐκ
3099 3415 3606 3488 ἐγκαταλιμπάνων
3637 3414 3729 3467 τὸν

2137 3516 2378 3571 τοιοῦτον
2411 3518 2439 3568 6
2471 3515 2605 3578 Θεὸς
2631 3514 2826 3584 ἀφίησι
2860 3513 3088 3583 πάσχειν
3123 3510 3329 3572 κακῶς,
3366 3507 3500 3561 ἀλλά
3527 3521 3733 3574 στεφα-

2137 3609 2308 3664 νῶσαι
2336 3610 2429 3662 καὶ
2455 3607 2841 3679 λαμπρότερον
2887 3605 3112 3674 ποιῆσαι
3156 3601 3496 3672 βουλόμενος.
3543 3599 3645 3650 Ἂν
3670 3595 3728 3648 δὲ

2139 3699 2464 3774 ἁμαρτωλὸν
2494 3701 2610 3772 ἴδῃς
2639 3696 3070 3768 τιμωρούμενον.
3093 3691 3475 3762 ἀναμνήσθητι
3501 3686 3596 3741 τοῦ
3624 3705 3730 3740 πα·

2142 3793 2433 3868 ραλυτικοῦ
2467 3791 2563 3844 τοῦ
2610 3790 2903 3862 τριάκοντα
2936 3785 3079 3840 ὀκτὼ
3115 3785 3208 3856 ἔτη
3248 3783 3461 3853 ἔχοντος
3497 3780 3588 3832 ἐπὶ
3630 3780 3730 3850 τῆς

2139 3887 2348 3957 κλίνης.
2379 3887 2501 3937 Ὅτι
2525 3882 2634 3955 γὰρ
2651 3884 2903 3943 κάκεῖνος
2923 3879 2990 3932 δι’
3014 3876 3291 3948 ἁμαρτίας
3312 3877 3378 3945 τῇ
3408 3873 3547 3944 νόσῳ
3580 3889 3730 3942 παρ-

2139 3981 2298 4049 εδόθη
2341 3979 2464 4030 τότε
2509 3975 2716 4046 ἐκείνῃ,
2762 3973 2995 4026 ἄκουσον
3029 3970 3123 4023 τοῦ
3163 3965 3404 4038 Χριστοῦ
3436 3965 3724 4032 λέγοντος·

2142 4072 2256 4127 Ἴδε
2301 4067 2478 4138 ὑγιὴς
2533 4066 2818 4136 γέγονας,
2869 4061 3083 4134 μηκέτι
3133 4059 3465 4130 ἁμάρτανε,
3507 4057 3608 4109 ἵνα
3639 4050 3727 4124 μὴ

2139 4163 2345 4234 χεῇοόν
2371 4163 2428 4214 τί
2449 4178 2550 4216 σοι
2572 4159 2836 4230 γένηται.
2855 4158 2924 4210 Ἢ
2943 4156 3054 4226 γάρ
3078 4151 3488 4225 ἁμαρτημάτων
3508 4149 3728 4220 τίνομεν

2139 4257 2294 4318 δίκας
2321 4253 2694 4324 κολαζόμενοι,
2717 4251 2749 4322 ἢ
2779 4247 3056 4318 στεφάνων
3075 4245 3425 4317 λαμϐάνομεν
3443 4240 3728 4304 ὑπόθεσιν,

2143 4349 2209 4402 ἂν
2237 4350 2292 4400 ἐν
2323 4345 2716 4418 κατορθώμασι
2755 4343 2954 4408 ζῶντες
2987 4339 3286 4410 πάσχωμεν
3325 4335 3533 4398 κακῶς.
3561 4333 3727 4386 Ὥστε

2143 4440 2250 4495 κᾶν
2279 4441 2335 4493 ἐν
2365 4437 2701 4508 δικαιοσύνῃ,
2739 4435 2840 4489 κᾶν
2877 4435 2935 4488 ὲν
2981 4431 3276 4504 ἁμαρτίαις
3307 4429 3508 4500 ζῶμεν,
3533 4427 3728 4497 χρήσι-

2145 4552 2246 4604 μον
2286 4535 2415 4605 ἡμῖν
2443 4533 2476 4603 ἡ
2510 4531 2752 4595 κόλασις,
2784 4528 2874 4582 ὁτὲ
2907 4526 3006 4598 μὲν
3035 4522 3451 4596 λαμπροτέρους
3475 4516 3725 4580 ποιοῦσα,

2140 4627 2230 4680 ότέ
2258 4626 2314 4679 δὲ
2349 4620 2824 4696 σωφρονεστέρους
2853 4616 3216 4690 ἐργαζομένη,
3252 4614 3346 4668 καὶ
3370 4613 3468 4684 τὴν
3505 4609 3729 4682 μέλλου-

2145 4733 2244 4769 σαν
2297 4716 2431 4785 ἡμῖν
2479 4709 2912 4780 ἐπικουφίζουσα
2941 4705 3231 4777 τιμωρίαν.
3286 4704 3409 4755 Ὅτι
3445 4701 3551 4770 γάρ
3580 4699 3726 4753 ἔστιν

2144 4807 2379 4862 ἐνταῦθα
2437 4802 2774 4859 κολασθέντα
2836 4800 2931 4854 καὶ
2993 4797 3288 4867 ἐνεγκόντα
3350 4793 3724 4866 εὐχαρίστως,

2144 4902 2460 4975 πραοτέρας
2509 4895 2817 4952 ἀπολαῦσαι
2867 4897 2985 4949 ἐκεῖ
3017 4895 3118 4964 τῆς
3164 4890 3462 4962 τιμωρίας,
3497 4887 3727 4942 ἄκουσον

2141 4995 2237 5049 τοῦ
2278 4993 2489 5047 Παύλου
2537 4989 2806 5059 λέγοντος·
2839 4988 2941 5042 Διά
2995 4985 3170 5040 τοῦτο
3226 4984 3295 5036 ἐν
3339 4981 3483 5051 ὑμῖν
3510 4975 3726 5033 πολλοὶ

2143 5087 2424 5152 ἀσθενεῖς
2457 5085 2558 5139 καὶ
2586 5083 2900 5152 ἆρῤωστοι,
2928 5081 3027 5135 καὶ
3059 5077 3378 5148 κοιμῶνται
3417 5073 3631 5129 ἱκανοί.
3659 5070 3728 5125 El

2141 5183 2252 5254 γὰρ
2283 5178 2540 5244 ἑαυτοὺς
2566 5177 2904 5246 ἐκρίνομεν,
2943 5176 3055 5228 οὐκ
3087 5172 3162 5227 ἂν
3192 5170 3560 5240 ἐκρι-ιιύμεθα·
3607 5165 3727 5232 xpe-

2141 5275 2382 5342 νόμενοι
2412 5269 2479 5323 δὲ
2509 5269 2627 5324 ὑπὸ
2662 5269 2884 5337 Κυρίου
2912 5264 3332 5334 παιδευόμεθα,
3365 5261 3465 5313 ἵνα
3487 5258 3573 5328 μὴ
3608 5255 3727 5310 σὺν

2143 5363 2223 5429 τῷ
2252 5364 2459 5430 κόσμῳ
2483 5357 2944 5429 κατακριθῶμεν.

2218 5452 2407 5507 Ταῦτα
2429 5447 2522 5506 οὖν
2557 5451 2768 5505 ἅπαντα
2796 5451 3015 5513 εἰδότες,
3041 5449 3135 5503 καὶ
3171 5449 3240 5502 τὰ
3268 5445 3490 5502 τοιαῦτα
3519 5443 3726 5515 φιλοσο-

2145 5549 2335 5620 φῶμεν
2372 5565 2437 5600 πε
2450 5546 2503 5617 ρὶ
2531 5547 2630 5615 τῆς
2663 5542 2756 5596 τοῦ
2785 5543 2918 5595 Θεοῦ
2946 5542 3219 5612 προνοίας,
3249 5541 3344 5595 καὶ
3371 5540 3492 5601 τοὺς
3518 5531 3725 5591 ἀντιλέ-

2144 5655 2342 5709 γοντας
2369 5633 2830 5705 ἐπιστομίζωμεν.
2861 5633 2980 5687 Κᾶν
3063 5651 3115 5686 τι
3145 5632 3250 5686 τῶν
3280 5631 3612 5700 γιγνομένων
3629 5633 3722 5689 τὴν

2148 5731 2386 5787 διάνοιαν
2415 5727 2742 5798 ύπερϐαἴνον
2771 5723 2867 5796 τὴν
2897 5725 3189 5796 ἡμετέραν,
3219 5724 3292 5795 μὴ
3319 5722 3424 5776 ἀπὸ
3456 5721 3641 5774 τούτου
3659 5713 3724 5768 τὰ
