4066 6426
301 454 403 509 255

300 565 484 638 probis
512 585 525 621 :
555 573 608 622 et
639 564 895 638 quosdam
924 563 1130 619 honore
1162 559 1322 619 afficit
1351 605 1365 628 ,
1395 563 1651 636 quosdam
1682 562 1887 619 honore

297 675 403 715 non
433 657 594 713 afficit
622 675 687 714 ex
731 657 902 712 bonis.
935 657 1051 712 Non
1081 659 1228 728 punit
1248 673 1435 712 omnes
1458 699 1473 725 ,
1501 667 1559 712 ut
1589 657 1679 712 tibi
1706 671 1890 712 resur-

297 753 590 808 rectionem
618 766 738 806 esse
781 751 1134 821 persuadeat;
1162 750 1420 821 quosdam
1450 765 1577 804 vero
1607 750 1758 819 punit
1789 791 1803 815 ,
1834 757 1889 804 ut

297 844 711 917 negligentiores
753 859 849 914 per
872 843 1097 897 aliorum
1119 841 1435 914 supplicium
1461 841 1651 896 timore
1677 840 1888 911 percul-

295 951 388 992 sos
428 935 792 1006 diligentiores
828 935 1040 989 efﬁciat.
1075 933 1279 988 Rursus
1318 933 1600 988 nonnullos
1631 947 1696 986 ex
1723 932 1882 986 bonis

295 1029 500 1084 honore
530 1027 692 1082 afficit
711 1069 727 1095 ,
779 1037 837 1082 ut
863 1037 1087 1083 czcteros
1117 1028 1183 1081 ad
1210 1043 1447 1082 amorem
1481 1027 1692 1082 virtutis
1717 1027 1888 1082 bono-

293 1121 444 1177 ribus
475 1122 577 1176 illis
603 1121 823 1188 alliciat;
847 1136 950 1174 non
968 1135 1156 1175 omnes
1180 1128 1356 1174 autem
1377 1120 1666 1174 honoribus
1694 1119 1882 1186 afticit,

264 1187 352 1278 fut
395 1214 622 1268 alterum
669 1221 877 1282 tempus
929 1227 1048 1268 esse
1088 1226 1380 1282 cognoscas
1412 1254 1427 1278 ,
1463 1211 1604 1283 quod
1643 1213 1892 1268 omnibus

264 1294 597 1362 'mereedem
630 1307 915 1375 persolvet.
942 1305 1000 1360 Si
1022 1305 1163 1359 enim
1187 1319 1377 1360 omnes
1407 1305 1458 1358 in
1489 1305 1586 1359 hac
1619 1306 1743 1370 vita,
1771 1321 1890 1374 qua:

292 1408 625 1462 meruerunt,
648 1399 970 1467 acciperent,
999 1397 1230 1452 sermoni
1246 1397 1313 1452 de
1330 1398 1719 1452 resurrectione
1733 1397 1890 1452 fidem

293 1490 493 1545 habere
517 1499 852 1554 recusarent;
877 1489 1016 1559 quod
1037 1489 1080 1542 si
1110 1504 1268 1544 nemo
1289 1504 1408 1559 qure
1431 1496 1717 1551 meruerat,
1738 1504 1890 1542 recc-

293 1580 671 1651 pissct,plures
682 1589 830 1636 certe
851 1581 1255 1651 negligentiores
1269 1580 1578 1634 evasissent.
1601 1581 1887 1649 Propterea

290 1672 553 1745 quosdam
589 1673 1029 1743 punit,quosdam
1049 1673 1265 1726 minime
1285 1672 1454 1741 punit,
1475 1677 1668 1725 etcum
1701 1672 1779 1727 eis
1802 1673 1890 1742 qui

293 1766 604 1836 puniuntur,
637 1775 746 1820 tum
778 1766 857 1820 eis
907 1765 996 1836 qui
1029 1781 1134 1818 non
1167 1767 1457 1835 puniuntur
1485 1763 1740 1832 prodest;
1768 1779 1890 1818 nam

291 1857 514 1912 istorum
537 1856 750 1927 quidem
775 1857 1016 1928 reprimit
1059 1855 1449 1926 improbitatem
1480 1897 1493 1920 ,
1518 1855 1727 1910 illorum
1764 1871 1891 1912 vero

290 1953 550 2023 supplicio
570 1951 922 2006 modestiores
943 1960 1168 2005 caeteros
1187 1949 1376 2004 reddit.
1393 1951 1566 2020 Atque
1596 1951 1700 2005 hoc
1725 1966 1790 2005 ex
1825 1950 1890 2004 il-

291 2045 379 2113 lis,
403 2061 520 2116 qua:
545 2045 677 2099 dixit
695 2044 941 2098 Christus
961 2044 1092 2113 ipse,
1115 2043 1453 2098 manifestum
1472 2053 1572 2097 est.
1596 2041 1731 2098 Cum
1750 2043 1890 2098 enim

292 2137 652 2194 renuntiatum
673 2136 744 2192 illi
763 2146 905 2192 esset
932 2137 1219 2207 collapsam
1249 2137 1435 2191 turrim
1459 2137 1703 2193 homines
1729 2152 1893 2207 quos-

292 2229 415 2285 dam
437 2230 699 2295 obrltisse,
727 2229 799 2282 ait
827 2228 891 2283 ad
923 2229 1059 2282 illos:
1091 2227 1229 2296 Quid
1266 2229 1560 2283 existimatis
1581 2232 1700 2299 quia
1717 2240 1761 2284 et
1784 2230 1882 2297 ipsi

291 2332 574 2392 peccatores
603 2322 790 2390 fuerint
820 2321 983 2375 solum
1002 2321 1026 2375 ?
1046 2318 1187 2387 Non,
1215 2320 1329 2374 dico
1348 2320 1484 2375 vobis
1516 2337 1534 2375 :
1560 2321 1650 2374 sed
1671 2321 1712 2373 si
1733 2321 1893 2390 paeni-

291 2415 499 2469 tentiam
517 2431 616 2467 non
633 2413 849 2485 egeritis,
873 2424 916 2467 et
932 2429 1017 2467 vos
1043 2413 1217 2466 cadent
1236 2412 1496 2483 patiemini
1521 2411 1672 2483 (Luc.
1697 2413 1781 2465 I5.
1811 2412 1890 2482 4).

363 2503 466 2560 Cur
497 2521 597 2558 non
625 2519 796 2558 omnes
823 2503 904 2556 hic
936 2501 1474 2573 puniantur.——Vides
1504 2511 1560 2555 ut
1583 2501 1654 2556 illi
1674 2516 1889 2572 quoque

292 2607 512 2668 propter
546 2604 762 2666 peccata
785 2595 1036 2664 perierint
1061 2637 1074 2661 ,
1106 2603 1161 2649 et
1183 2596 1364 2651 caeteri
1389 2602 1606 2663 propter
1629 2588 1889 2662 justitiam

293 2705 397 2744 non
417 2688 683 2744 evaserint
705 2728 719 2752 ,
749 2685 845 2742 sed
872 2695 930 2741 ut
955 2687 1164 2741 illorum
1191 2685 1453 2756 supplicio
1482 2686 1672 2741 fierent
1695 2685 1886 2740 melio-

291 2781 420 2837 res?
449 2779 637 2849 Itaque
669 2778 861 2847 injuria
893 2786 1016 2831 sunt
1040 2777 1236 2842 affecti,
1267 2777 1469 2846 inquit,
1504 2776 1617 2840 illi,
1650 2777 1738 2845 qui
1772 2792 1889 2845 pa:-

291 2891 388 2931 nas
414 2874 710 2929 dederunt:
742 2880 990 2942 poterant
1017 2871 1160 2925 enim
1187 2879 1242 2923 et
1271 2870 1371 2939 ipsi
1401 2884 1506 2923 non
1537 2870 1724 2938 puniti,
1755 2870 1891 2923 alio-

292 2983 410 3023 rum
437 2965 700 3035 supplicio
739 2963 853 3018 fleri
898 2963 1167 3016 meliores.
1201 2962 1360 3030 Atqui
1410 2961 1452 3016 si
1487 2963 1740 3015 meliores
1769 2962 1889 3016 illos

291 3074 388 3129 per
415 3055 782 3127 paenitentiam
805 3068 1062 3107 evasuros
1083 3052 1329 3106 scivissct
1349 3092 1363 3117 ,
1409 3067 1745 3122 nequaquam
1769 3052 1890 3108 illos

293 3150 603 3221 punivisset.
634 3148 688 3203 Si
725 3147 867 3202 enim
897 3161 1017 3200 cum
1042 3144 1333 3215 praevideat
1358 3145 1539 3199 multis
1577 3160 1729 3200 suam
1769 3147 1890 3200 Ion-

294 3243 658 3314 ganimitatem
683 3240 815 3295 nihil
849 3238 1181 3309 profuturam
1201 3279 1214 3300 ,
1251 3246 1426 3292 tamen
1455 3252 1549 3293 eos
1575 3239 1742 3292 multa
1767 3253 1887 3294 cum

293 3335 766 3406 patientiatolerat,
796 3347 918 3387 suas
961 3340 1138 3401 partes
1171 3345 1353 3400 agens,
1376 3338 1430 3385 et
1449 3329 1552 3384 illis
1565 3330 1888 3398 concedens,

293 3435 349 3482 ut
379 3441 408 3480 a
451 3425 669 3480 stultitia
697 3439 791 3478 sua
819 3423 1137 3493 resipiscam
1182 3439 1195 3475 :
1225 3419 1494 3490 quomodo
1523 3435 1637 3487 eos,
1663 3420 1751 3490 qui
1777 3436 1887 3476 0:2-

294 3530 530 3574 terorum
566 3515 828 3586 supplicio
867 3514 1116 3568 meliores
1157 3512 1368 3578 evasuri
1398 3519 1573 3577 erant,
1619 3526 1684 3567 eo
1714 3511 1885 3567 fructu

292 3610 561 3681 privaret,
609 3608 698 3678 qui
731 3621 795 3660 ex
829 3605 1141 3675 paenitentia
1169 3604 1506 3673 percipitur?
1536 3602 1716 3674 Itaque
1739 3605 1888 3662 nulla

292 3702 374 3757 isti
395 3700 505 3755 Lesi
532 3707 656 3754 sunt
680 3697 871 3768 injuria
899 3737 913 3762 ,
947 3695 1088 3767 quod
1115 3705 1170 3750 et
1195 3695 1407 3750 illorum
1434 3695 1636 3750 malitia
1663 3696 1733 3750 sit
1762 3711 1888 3767 sup-

293 3791 449 3863 plicio
474 3804 717 3860 repressa
748 3828 764 3854 ,
818 3797 873 3843 et
916 3787 1054 3857 quod
1096 3786 1324 3841 leviores
1373 3795 1658 3857 propterea
1698 3787 1887 3842 futura:

291 3884 399 3939 sint
420 3898 610 3954 ptentn,
631 3896 762 3952 quas
785 3878 839 3934 in
871 3879 1041 3934 altero
1073 3877 1272 3934 saeculo
1303 3877 1483 3932 Iuituri
1505 3886 1648 3945 sunt,
1669 3877 1809 3949 quod
1829 3877 1882 3933 in

294 3975 393 4030 isto
410 3974 541 4028 mala
571 3971 942 4028 sustinuerint.
975 3969 1178 4024 Rursus
1201 3969 1273 4023 illi
1305 3970 1392 4039 qui
1424 3970 1593 4039 puniti
1611 3985 1713 4023 non
1739 3977 1880 4038 sunt,

294 4067 434 4122 nulla
463 4075 587 4120 sunt
638 4064 832 4134 injuria
866 4063 1000 4116 laesi.
1031 4061 1202 4116 Licuit
1228 4061 1369 4116 enim
1397 4061 1526 4132 ipsis
1549 4103 1566 4129 ,
1599 4062 1642 4116 si
1669 4060 1884 4132 quidem

294 4157 606 4220 voluissent,
629 4153 1032 4224 longanimitate
1059 4153 1149 4207 Dei
1177 4153 1242 4206 ad
1267 4154 1522 4224 Optimam
1538 4153 1612 4208 uti
1634 4155 1885 4209 mutatio-

293 4264 449 4314 nem,
483 4246 790 4317 patientiam
827 4245 943 4315 ejus
985 4243 1251 4298 laudando
1293 4259 1556 4299 summam
1604 4245 1719 4316 ejus
1751 4247 1884 4302 tole-

293 4340 516 4395 rantiam
547 4336 882 4402 revereri,et
908 4334 973 4390 ad
1002 4335 1252 4390 virtutem
1281 4336 1568 4405 aliquando
1594 4339 1834 4394 converti
1865 4381 1880 4408 ,

292 4421 447 4504 atque
474 4447 537 4486 ex
569 4431 793 4484 aliorum
815 4427 1078 4498 supplicio
1105 4428 1333 4484 Salutem
1362 4445 1513 4484 suam
1548 4430 1878 4488 lucrifacere.

293 4523 442 4592 Quod
484 4522 528 4576 si
567 4525 620 4574 in
678 4519 911 4590 nequitia
953 4528 1304 4590 perseverant
1329 4560 1344 4585 ,
1398 4536 1505 4574 non
1552 4521 1692 4576 Deus
1716 4531 1798 4577 est
1827 4523 1882 4578 in

295 4629 470 4680 causa,
489 4613 576 4683 qui
599 4622 878 4682 propterea
908 4610 1170 4680 patienter
1197 4609 1319 4676 fert,
1353 4620 1407 4666 ut
1435 4627 1529 4667 eos
1559 4612 1657 4667 sibi
1692 4629 1882 4668 recon-

295 4706 464 4770 ciliet;
494 4719 680 4758 verum
713 4703 787 4756 illi
813 4703 965 4756 venia
991 4709 1116 4756 sunt
1146 4701 1380 4774 indigni,
1411 4703 1501 4774 qui
1529 4704 1619 4758 Dei
1644 4705 1883 4776 longani-

297 4800 493 4864 unitate,
510 4808 565 4852 ut
587 4796 840 4866 oportuit,
866 4811 972 4850 non
998 4797 1106 4848 sint
1147 4795 1249 4848 usi.
1273 4794 1458 4865 Neque
1475 4811 1602 4851 vero
1620 4797 1881 4853 rationem

298 4897 499 4945 tantum
527 4889 682 4943 istam
707 4885 899 4941 atlerre
924 4899 1208 4956 possumus
1232 4926 1246 4950 ,
1277 4885 1346 4940 ob
1372 4902 1530 4956 quam
1571 4887 1624 4943 in
1651 4888 1750 4942 hac
1773 4888 1881 4944 vita

299 4981 418 5037 mali
454 4995 643 5035 omnes
683 4977 901 5033 minime
931 4977 1234 5047 plectuntur
1255 5017 1271 5043 ,
1321 4979 1414 5032 sed
1447 4988 1499 5034 et
1533 4977 1691 5033 aliam
1715 4979 1880 5036 nihilo

254 5127 266 5135 ,
298 5074 392 5129 ista
423 5073 705 5126 minorem.
733 5068 900 5136 Quam
927 5065 1174 5123 tandem?
1195 5066 1346 5134 Quod
1376 5069 1648 5135 nimirum,
1679 5071 1722 5126 si
1753 5087 1881 5126 con-

298 5167 469 5222 festim
499 5174 619 5236 post
652 5174 866 5235 peccata
897 5176 1082 5233 ptenas
1113 5169 1347 5216 sumeret
1395 5164 1536 5218 Deus
1565 5205 1578 5227 ,
1609 5165 1879 5221 sublatum

297 5267 438 5314 esset
464 5272 496 5312 e
525 5256 703 5312 medio
731 5270 898 5326 genus
923 5253 1214 5308 humanum
1239 5295 1254 5318 ,
1284 5267 1456 5322 neque
1486 5255 1736 5311 continua
1760 5272 1880 5312 suc-

297 5351 533 5407 cessione
578 5348 644 5404 ad
677 5349 789 5403 haec
818 5355 1059 5417 tempora
1104 5345 1449 5416 pervenisset.
1493 5348 1671 5418 Atque
1697 5357 1752 5403 ut
1779 5349 1882 5404 hoc

297 5459 474 5499 verum
492 5458 614 5498 esse
639 5455 962 5511 cognoscas,
990 5439 1112 5494 audi
1136 5439 1448 5509 prophetam
1472 5439 1739 5495 dicentem
1771 5459 1784 5496 :
1819 5441 1881 5497 Si

298 5538 576 5606 iniquitates
605 5533 938 5588 observaveris
962 5574 976 5599 ,
1009 5532 1257 5601 Domine,
1289 5534 1400 5602 quis
1414 5534 1674 5588 sustinebit
1705 5533 1876 5605 (Psal.

302 5629 418 5684 I29.
447 5628 544 5700 '5)?
569 5625 722 5696 Quod
748 5624 792 5679 si
819 5623 997 5680 lubeat
1020 5623 1122 5678 hoc
1140 5623 1338 5678 dictum
1362 5624 1689 5692 examinare,
1713 5624 1879 5680 omis-

300 5741 355 5782 sa
403 5726 457 5782 in
501 5723 830 5796 singulorum
873 5720 1034 5774 vitam
1075 5727 1257 5775 exacta
1289 5718 1628 5790 inquisitione
1680 5721 1880 5792 (neque

301 5820 435 5875 enim
465 5817 576 5872 fieri
607 5821 802 5886 potest,
833 5819 890 5868 ut
904 5825 1024 5883 quae
1047 5811 1271 5882 quisque
1287 5810 1512 5881 gesserit
1533 5809 1584 5864 in
1608 5809 1712 5863 vita
1737 5811 1876 5866 scia-

302 5909 456 5980 mus),
485 5921 604 5978 qua:
631 5905 746 5962 sine
774 5900 1195 5959 contradictione
1213 5900 1388 5957 cuncti
1406 5915 1707 5972 peccamus,
1731 5901 1868 5957 eain

1366 440 1451 495 DE
1492 440 1782 497 DIABOLO
1820 441 2251 499 TENTATORE.
2286 447 2508 504 IIOMIL.
2543 449 2605 506 Il.
3493 446 3593 502 2736

1995 561 2228 622 medium
2256 564 2611 634 proferamus,
2639 573 2694 621 et
2717 579 2782 621 ex
2803 565 2903 622 hoc
2917 568 3070 624 nobis
3101 569 3341 641 liquebit,
3365 571 3506 642 quod
3550 575 3593 627 si

1997 657 2068 713 ob
2095 655 2299 727 singula
2327 665 2541 726 peccata
2569 657 2897 726 puniremur,
2921 659 3032 730 jam
3059 660 3186 717 olim
3217 664 3496 733 periissem
3511 683 3592 719 us.

1996 749 2095 817 Qui
2119 749 2333 804 fratrem
2363 764 2519 802 suum
2550 748 2749 803 fatuum
2771 750 3071 820 appellarit,
3087 767 3208 807 reus
3229 763 3311 808 est
3331 754 3594 825 gehennae

1998 844 2131 914 ignis
2161 841 2376 914 (Matth.
2407 842 2460 898 5.
2490 842 2606 913 2‘2),
2646 842 2834 913 inquit.
2860 845 2941 898 An
2972 846 3130 916 igitur
3155 856 3237 900 est
3267 848 3455 918 aliquis
3503 865 3596 903 tm-

1996 945 2188 1000 suum,
2216 935 2304 1004 qui
2327 933 2429 988 hoc
2457 944 2730 1004 peccatum
2753 951 2860 990 non
2887 939 3258 993 commiserit?
3278 956 3476 1012 ergone
3511 955 3595 996 su-

1997 1025 2107 1079 bito
2153 1041 2184 1078 e
2227 1025 2404 1080 medio
2444 1025 2552 1080 tolli
2599 1027 2888 1096 oportuit?
2934 1029 3114 1099 Itaque
3157 1031 3352 1086 sublati
3401 1049 3602 1088 omnes

1996 1134 2238 1174 essemus
2259 1135 2288 1174 e
2306 1119 2503 1187 medio,
2524 1128 2684 1190 atque
2706 1121 2865 1176 deleti
2891 1125 3156 1194 quondam
3178 1135 3232 1181 et
3249 1127 3590 1195 jamdudum.

1996 1210 2202 1266 Rursus
2234 1211 2277 1265 is
2309 1211 2397 1282 qui
2421 1212 2586 1282 jurat,
2619 1213 2805 1283 inquit,
2832 1215 2932 1269 etsi
2953 1225 3096 1270 recte
3121 1216 3284 1286 juret,
3320 1234 3432 1274 rem
3457 1219 3587 1286 agit,

1995 1318 2114 1372 qua:
2159 1318 2189 1356 a
2242 1304 2383 1357 malo
2439 1314 2520 1358 est
2565 1303 2686 1377 (Ib.
2739 1321 2784 1360 υ.
2820 1305 2958 1376 57).
3007 1307 3136 1374 Quis
3181 1309 3334 1378 igitur
3372 1319 3455 1364 est
3501 1312 3590 1380 qui

1997 1409 2102 1447 non
2129 1393 2358 1464 jurarit?
2389 1395 2494 1448 imo
2530 1411 2656 1450 vero
2688 1437 2703 1463 ,
2736 1398 2856 1467 quis
2900 1406 2983 1452 est
3029 1399 3118 1468 qui
3161 1415 3267 1454 non
3307 1402 3592 1470 aliquando

2003 1484 2258 1556 pejerarit
2278 1486 2298 1538 ?
2320 1485 2418 1554 Qui
2449 1488 2746 1552 mulierem,
2775 1491 2972 1558 inquit,
3004 1491 3192 1559 aspicit
3223 1492 3434 1547 lascivis
3457 1510 3589 1548 ocu-

1997 1576 2082 1644 lis,
2134 1577 2342 1632 adulter
2397 1579 2663 1648 perfectus
2701 1590 2784 1635 est
2824 1581 2944 1654 (Ib.
2975 1600 3020 1638 ιν.
3070 1584 3186 1653 28).
3219 1587 3392 1656 Atque
3434 1586 3595 1654 hujus

1997 1680 2125 1721 sane
2176 1669 2381 1738 peceati
2421 1671 2619 1724 multos
2667 1671 2938 1727 offendere
2966 1690 3250 1744 possumus
3295 1679 3593 1734 rcos.Cum

1998 1757 2156 1829 igitur
2185 1759 2299 1814 hanc
2324 1776 2441 1830 qua:
2469 1762 2520 1814 in
2548 1761 2796 1817 confesso
2825 1774 2970 1830 sunt,
3003 1765 3124 1820 talia
3156 1777 3370 1838 tamque
3397 1769 3592 1824 intole-

1997 1848 2163 1904 randa
2191 1850 2316 1914 sint,
2340 1860 2395 1905 ct
2425 1851 2614 1907 horum
2643 1854 2850 1924 singula
2879 1856 3105 1910 s‘eorsim
3133 1859 3455 1928 supplicium
3495 1876 3594 1916 no-

1999 1941 2079 1996 bis
2107 1953 2386 1998 accersunt
2414 1944 2723 2002 inevitabile
2743 1989 2758 2013 ,
2790 1947 2835 2002 si
2867 1963 2929 2003 ea
2960 1965 3171 2020 quoque
3200 1951 3474 2006 nobiscum
3505 1969 3592 2009 re-

1997 2043 2246 2104 putemus
2274 2079 2290 2104 ,
2324 2053 2443 2107 qua:
2475 2040 2683 2094 occulte
2728 2041 3063 2110 peccavimus
3095 2083 3110 2111 ,
3145 2054 3254 2098 tum
3298 2048 3592 2115 praesertim

1995 2129 2230 2183 divinam
2255 2129 2642 2200 providentiam
2671 2148 3021 2202 agnoscemus
3052 2177 3066 2200 ,
3102 2153 3223 2206 qua:
3259 2154 3364 2192 non
3393 2139 3446 2192 in
3476 2140 3594 2194 sin-

1995 2223 2117 2294 gula
2139 2225 2292 2279 nobis
2319 2236 2531 2295 peccata
2563 2228 2881 2296 supplicium
2912 2227 3124 2284 inferat.
3155 2230 3336 2301 Itaque
3361 2231 3404 2286 si
3434 2248 3592 2302 quem

1996 2315 2194 2370 videris
2224 2317 2518 2386 rapientem
2557 2360 2572 2384 ,
2607 2317 2938 2374 fraudantem
2965 2361 2979 2385 ,
3010 2330 3064 2375 et
3089 2337 3210 2377 eum
3240 2323 3456 2377 minime
3479 2340 3580 2393 pu-

1997 2406 2118 2474 niri,
2151 2419 2342 2464 excute
2363 2418 2418 2464 tu
2440 2425 2651 2480 quoque
2681 2413 3060 2467 conscientiam
3085 2424 3227 2468 tuam
3255 2455 3269 2478 ,
3295 2425 3479 2485 reputa
3507 2425 3590 2472 te-

1995 2513 2115 2552 cum
2147 2499 2306 2554 vitam
2340 2509 2513 2565 tuam,
2542 2511 2595 2555 et
2626 2512 2713 2555 tua
2732 2502 2922 2556 delicta
2957 2521 3209 2573 pereurre
3238 2524 3250 2558 :
3284 2516 3393 2560 tum
3430 2507 3596 2578 probo

1997 2589 2261 2660 intelliges
2290 2590 2380 2645 tibi
2413 2592 2586 2660 primo
2605 2608 2710 2646 non
2742 2594 3028 2662 erpedire,
3056 2607 3111 2650 ut
3143 2597 3192 2650 in
3215 2598 3448 2664 peccatis
3476 2599 3590 2652 sin-

1995 2681 2135 2750 gulis
2165 2683 2420 2750 puniaris.
2455 2682 2659 2738 Idcirco
2681 2685 2826 2739 enim
2857 2703 3044 2742 severe
3076 2689 3227 2742 multi
3261 2690 3550 2760 loquuntur
3571 2733 3586 2758 ,

1995 2772 2136 2842 quod
2192 2789 2296 2826 non
2344 2790 2438 2829 sua
2492 2776 2639 2846 prius
2683 2793 2840 2847 quam
2883 2779 3056 2834 aliena
3094 2781 3465 2836 considerent:
3499 2783 3594 2839 sed

1995 2863 2191 2916 nostris
2219 2863 2434 2919 omissis
2455 2881 2643 2922 omnes
2667 2869 2717 2922 in
2745 2884 2834 2924 res
2854 2871 3076 2926 aliorum
3102 2872 3453 2942 inquiramus.
3487 2875 3588 2931 Ve-

1995 2961 2294 3006 rumtamen
2325 2970 2392 3007 ne
2420 2955 2649 3023 amplius
2682 2957 2731 3010 id
2764 2974 2983 3028 agamus
3015 3001 3030 3028 ,
3063 2962 3156 3016 sed
3186 2963 3340 3032 plane
3375 2977 3595 3021 contra?

1995 3041 2156 3096 rium.
2192 3045 2267 3098 Ac
2303 3045 2347 3099 si
2379 3046 2594 3114 quidem
2644 3047 2846 3117 justum
2893 3051 3123 3122 aliquem
3154 3057 3328 3123 puniri
3358 3057 3540 3112 videas
3575 3099 3588 3126 ,

1993 3131 2097 3188 Job
2127 3135 2410 3191 recordare
2437 3153 2449 3189 :
2484 3138 2584 3192 etsi
2614 3139 2757 3193 enim
2781 3141 2957 3210 justus
2998 3144 3066 3197 sit
3105 3145 3296 3216 aliquis
3319 3188 3333 3212 ,
3375 3164 3472 3202 nec
3504 3158 3590 3204 ta«

1994 3239 2116 3279 men
2134 3224 2328 3295 jnstior
2360 3227 2448 3282 illo
2470 3229 2592 3297 erit,
2613 3246 2784 3300 neque
2811 3233 2894 3287 vel
2919 3233 3182 3290 modicum
3207 3239 3279 3292 illi
3311 3241 3587 3308 proximus

1993 3315 2127 3370 erit:
2151 3331 2214 3370 ac
2245 3316 2369 3371 licet
2395 3319 2671 3376 innumera
2690 3323 2760 3376 sit
2785 3325 2918 3378 mala
2945 3328 3388 3394 passus,necdum
3413 3341 3589 3387 tamen

1993 3407 2282 3478 quidquam
2315 3410 2419 3464 tale
2450 3427 2638 3480 passus
2665 3423 2767 3481 est,
2799 3416 2956 3485 quale
2982 3418 3064 3472 vir
3096 3418 3202 3474 ille.

2065 3501 2120 3557 8.
2154 3501 2264 3557 Iloe
2293 3503 2450 3574 igitur
2471 3515 2651 3562 mente
2681 3523 2904 3563 versans
2924 3551 2938 3576 ,
2970 3509 3154 3574 desine
3178 3512 3460 3568 Dominum
3488 3530 3579 3571 ac-

1992 3605 2200 3660 cusare,
2230 3609 2350 3648 cunt
2373 3595 2639 3666 intelligas
2670 3598 2852 3663 Deum,
2885 3617 2990 3654 non
3013 3603 3153 3672 quod
3177 3603 3325 3658 illum
3348 3606 3583 3673 deserat,

1997 3682 2160 3738 talem
2187 3683 2365 3739 sinere
2395 3687 2546 3741 malis
2567 3688 2726 3759 affligi
2750 3731 2764 3756 ,
2799 3691 2892 3746 sed
2931 3693 3072 3761 quod
3101 3694 3246 3749 illum
3277 3711 3472 3753 corona
3495 3699 3592 3754 do-

1997 3789 2128 3829 nare
2158 3783 2318 3845 atque
2341 3775 2690 3834 illustriorem
2720 3781 2847 3834 velit
2875 3782 3120 3838 reddere.
3153 3785 3208 3840 Si
3242 3803 3368 3842 vero
3396 3805 3586 3858 pecca-

1995 3872 2161 3919 torem
2183 3865 2364 3920 videas
2378 3868 2939 3938 castigari,recordare
2955 3875 3248 3945 paralytici,
3269 3879 3356 3946 qui
3375 3880 3589 3948 triginta

1992 3966 2045 4014 et
2061 3958 2301 4029 octojarn
2321 3975 2488 4014 annos
2509 3963 2559 4014 in
2575 3962 2714 4016 Icelo
2734 3963 3059 4020 decubuerat
3081 3966 3317 4038 (Joau.5.
3351 3971 3426 4041 5).
3448 3972 3580 4029 Nam

1992 4049 2139 4103 illum
2169 4058 2385 4121 propter
2414 4062 2628 4122 peccata
2656 4065 2763 4109 tum
2784 4056 3032 4111 traditum
3076 4059 3148 4113 illi
3181 4062 3369 4116 morbo
3400 4063 3586 4133 fuisse,

1991 4143 2111 4198 audi
2130 4159 2234 4213 quo
2260 4154 2415 4215 pacto
2441 4145 2638 4200 Christi
2669 4149 2830 4203 verba
2862 4157 3145 4206 testentur:
3170 4151 3301 4207 Ecce
3325 4171 3480 4210 sanus
3506 4157 3590 4229 fa-

1990 4244 2100 4289 ctus
2121 4252 2172 4290 es
2187 4251 2206 4290 :
2215 4237 2330 4306 jam
2357 4237 2464 4291 noli
2480 4255 2707 4309 peccare,
2733 4257 2794 4294 ne
2813 4241 3030 4298 deterius
3055 4245 3143 4298 tibi
3179 4245 3374 4317 aliquid
3387 4249 3591 4305 contiu-

1989 4335 2076 4397 gat
2106 4326 2264 4398 (Ibid.
2294 4343 2342 4382 υ.
2379 4329 2486 4399 14).
2528 4329 2618 4385 Vel
2641 4331 2784 4386 enim
2817 4348 3000 4388 eorum
3028 4352 3146 4406 qua:
3177 4341 3544 4398 commisimus
3575 4386 3590 4410 ,

1992 4417 2189 4473 luimus
2217 4433 2422 4489 pmnas,
2447 4420 2574 4474 dum
2599 4423 2950 4494 castigamur:
2974 4427 3055 4481 vel
3083 4430 3418 4487 occasionem
3447 4435 3592 4488 acci-

1992 4510 2167 4580 pimus
2203 4525 2552 4581 coronarum,
2575 4514 2622 4568 si
2643 4515 2768 4570 dum
2797 4527 2942 4574 recte
2981 4520 3207 4578 vivimus
3227 4565 3241 4588 ,
3270 4526 3426 4581 malis
3451 4528 3593 4583 aflli-

1988 4601 2180 4668 gimur.
2225 4601 2406 4672 Itaque
2441 4605 2552 4660 sive
2588 4605 2638 4660 in
2680 4606 2886 4676 justitia
2925 4611 3041 4667 sive
3067 4614 3117 4666 in
3152 4618 3385 4684 peccatis
3429 4619 3593 4675 vitam

1987 4692 2244 4763 degamus
2265 4734 2280 4760 ,
2308 4694 2433 4750 utile
2459 4696 2612 4752 nobis
2643 4707 2725 4753 est
2746 4701 2939 4769 puniri,
2974 4705 3112 4772 quod
3143 4705 3192 4759 id
3223 4707 3510 4778 aliquando
3535 4713 3598 4766 il-

1989 4787 2267 4843 lustriores
2296 4803 2394 4843 nos
2423 4790 2634 4859 reddat,
2665 4794 2950 4865 aliquando
2978 4798 3330 4856 modestiores
3357 4801 3553 4858 efﬁciat
3578 4847 3592 4869 ,

1987 4893 2051 4935 ac
2078 4879 2310 4936 futurum
2357 4884 2676 4953 supplicium
2707 4887 2860 4942 nobis
2904 4887 3126 4960 mitiget.
3162 4892 3325 4950 Posse
3363 4909 3598 4968 namque

1987 4973 2219 5044 aliquem
2251 5016 2266 5041 ,
2298 4975 2387 5045 qui
2418 4975 2577 5031 fuerit
2624 4976 2676 5031 in
2717 4977 2816 5032 hac
2847 4979 2950 5034 vita
2983 4983 3217 5050 punitus,
3241 4996 3438 5043 etcum
3472 5007 3596 5061 gra-

1988 5064 2180 5119 tiarum
2207 5066 2414 5121 actione
2441 5076 2630 5120 cuncta
2669 5069 2962 5138 pertulerit,
3002 5075 3315 5142 gravitatem
3346 5073 3598 5151 supplicii

1987 5153 2042 5212 in
2061 5159 2225 5213 altera
2263 5159 2369 5212 vita
2397 5159 2656 5215 subeundi
2685 5163 2931 5233 mitigare
2963 5206 2979 5230 ,
3019 5165 3165 5222 disce
3209 5185 3275 5224 ex
3317 5170 3402 5228 his
3447 5173 3600 5229 Pauli

1988 5251 2165 5305 verbis
2187 5269 2199 5304 :
2223 5249 2250 5303 I
2258 5249 2350 5303 deo
2364 5251 2490 5304 inter
2507 5268 2592 5304 vos
2613 5254 2759 5306 multi
2783 5255 2976 5324 inﬁrmi
3001 5267 3047 5311 et
3075 5258 3372 5328 imbecilles,
3397 5273 3444 5317 et
3472 5265 3596 5318 dor-

1989 5343 2149 5396 miunt
2170 5341 2336 5396 multi.
2370 5342 2519 5408 Quod
2547 5342 2591 5396 si
2620 5347 2948 5418 nosmetipsos
2960 5348 3315 5419 judicaremus
3333 5394 3346 5419 ,
3371 5371 3473 5408 non
3494 5356 3596 5408 uti-

1987 5434 2470 5506 quejudicaremur;
2503 5437 2622 5490 dum
2644 5439 3137 5509 judicamurautem,
3159 5461 3189 5496 a
3206 5445 3425 5498 Domino
3437 5448 3598 5524 corri-

1990 5531 2242 5602 pimur,ut
2262 5547 2362 5584 uon
2380 5547 2492 5584 cum
2515 5533 2704 5587 mundo
2723 5534 3020 5590 damnentur
3043 5538 3090 5607 (I
3114 5537 3231 5591 Cor.
3256 5541 3336 5592 II.
3365 5539 3594 5608 50-52).

2061 5620 2402 5677 Providentia:
2425 5621 2524 5677 Dei
2551 5623 2929 5680 demonstratio.
2961 5657 3032 5667 —
3079 5627 3203 5682 Haec
3233 5629 3388 5698 igitur
3414 5633 3595 5688 omnia

1994 5729 2118 5770 eum
2146 5715 2419 5784 explorata
2447 5717 2554 5770 sint
2581 5717 2735 5772 nobis
2761 5757 2775 5782 ,
2807 5719 2878 5772 ita
2899 5717 2965 5772 de
2995 5720 3324 5788 providentia
3353 5721 3443 5777 Dei
3473 5725 3595 5793 phi-

1988 5807 2369 5879 IOSOphemur,
2400 5807 2581 5879 eisque
2623 5809 2713 5879 qui
2747 5809 3120 5865 contradicunt
3159 5827 3219 5865 os
3255 5813 3591 5870 ohturemus.

1990 5901 2140 5970 Quod
2167 5902 2209 5956 si
2234 5899 2360 5972 quid
2388 5899 2618 5969 accidat,
2637 5901 2780 5972 quod
2811 5911 3046 5959 mentem
3078 5915 3318 5960 nostram
3343 5907 3590 5971 excedat,
