4066 6432
447 543 556 603 9.57

444 666 513 706 ne
541 644 741 702 idcirco
779 654 865 698 res
900 643 1111 693 nostras
1130 629 1317 705 divina
1348 625 1456 696 regi
1498 619 1824 695 providentia
1858 630 2020 685 nege-

444 756 563 797 mus
591 756 608 805 ;
637 736 731 793 sed
767 749 887 790 cum
926 743 1045 786 eam
1070 742 1138 781 ex
1162 726 1314 795 parte
1338 714 1898 788 comprehenderimus
1922 750 1938 774 ,
1970 708 2022 762 in

445 835 511 889 iis
552 799 672 903 qua!
707 820 1090 894 comprehendi
1130 816 1346 873 minime
1387 819 1630 884 queunt,
1674 799 2027 873 investigabili

446 925 561 995 ejus
605 918 879 990 sapientia:
907 912 1180 969 cedamus.
1221 907 1278 963 Si
1307 905 1449 960 enim
1489 897 1719 956 hominis
1749 893 2028 950 artilicium

450 983 611 1071 h'omo
640 983 918 1082 imperitus
945 1002 1157 1074 assequi
1182 999 1402 1056 minime
1430 1004 1642 1066 potest,
1672 990 1839 1045 multo
1868 983 2035 1055 magis

449 1106 777 1180 impossibile
798 1114 976 1172 est,ut
995 1103 1307 1156 immensam
1340 1094 1432 1149 Dei
1463 1088 1846 1164 providentiam
1875 1082 2033 1138 intel-

454 1174 580 1272 ligat
608 1213 763 1254 mens
790 1196 1042 1251 humana.
1071 1184 1431 1245 Imcrutabilia
1468 1184 1653 1254 quippe
1690 1188 1804 1234 sunt
1841 1174 2043 1247 judicia

455 1266 588 1361 eius,
615 1297 666 1343 et
690 1283 1058 1356 investigabiles
1084 1281 1178 1336 vim
1205 1280 1315 1350 eius
1334 1276 1354 1349 (
1371 1274 1523 1329 Rana.
1555 1274 1643 1328 ll.
1669 1270 1739 1326 33
1759 1272 1798 1339 ).
1821 1266 2046 1322 Verum-

460 1360 637 1437 tamen
665 1394 784 1436 eum
823 1392 886 1433 ex
927 1374 1109 1445 paucis
1134 1370 1200 1426 de
1230 1378 1340 1425 toto
1373 1365 1639 1437 possimus
1681 1360 2043 1433 probationem

458 1486 524 1529 ac
553 1470 708 1526 fidem
733 1476 934 1523 certam
961 1463 1201 1532 accipere
1225 1500 1242 1527 ,
1283 1472 1376 1528 pro
1414 1456 1620 1511 cunctis
1652 1468 1770 1525 qua:
1805 1448 2051 1505 accidunt

466 1562 577 1619 Deo
613 1561 812 1633 gratias
855 1569 1091 1628 agamus.
1130 1552 1259 1607 Nam
1305 1561 1360 1606 et
1400 1547 1501 1602 alia
1535 1546 1741 1601 mtimue
1773 1552 2053 1612 possumus

465 1631 669 1725 absque
700 1652 806 1706 ulla
833 1645 1255 1706 contradictione
1283 1642 1350 1699 de
1381 1639 1711 1713 providentia
1737 1634 1911 1690 divina
1943 1631 2057 1701 phi-

470 1744 758 1815 losophari,
782 1742 823 1796 si
847 1739 1093 1794 velimus.
1115 1736 1506 1804 luterrogemns
1526 1729 1670 1786 enim
1699 1722 2056 1786 adversarios,

470 1854 542 1893 an
561 1836 628 1892 sit
654 1835 828 1890 Deus?
856 1831 998 1903 quod
1024 1829 1068 1884 si
1097 1826 1330 1891 dixerint
1359 1839 1463 1880 non
1492 1836 1611 1877 esse
1638 1820 1827 1881 Deum,
1852 1832 1919 1870 ne
1940 1814 2058 1869 illos

474 1940 733 1998 responso
762 1923 1062 1993 dignemur.
1095 1917 1160 1974 Ut
1191 1916 1332 1972 enim
1360 1912 1574 1969 furiosis
1601 1924 1814 1980 aaquum
1840 1921 1946 1960 non
1978 1910 2062 1958 est

476 2030 534 2076 ut
559 1996 845 2091 quidquam
893 2010 1348 2080 respondeamus,
1386 2006 1459 2060 ita
1503 2017 1603 2058 nec
1637 2001 1742 2055 illis
1766 1997 1855 2069 qui
1895 1996 2060 2050 Deum

477 2128 585 2168 non
601 2124 720 2166 esse
738 2108 939 2163 dicunt.
969 2104 1101 2159 Nam
1125 2102 1169 2156 si
1201 2099 1489 2170 navigium,
1507 2097 1561 2150 in
1581 2109 1685 2165 quo
1717 2089 1868 2164 pauci
1892 2096 2065 2142 nauta:

480 2203 677 2259 fuerint
700 2208 757 2256 et
777 2208 1043 2261 vectores,
1079 2192 1191 2249 fieri
1216 2192 1397 2262 nequit
1424 2198 1483 2245 ut
1508 2186 1773 2242 incolume
1800 2188 2062 2242 servetur,

483 2309 551 2349 ne
577 2292 643 2348 ad
670 2293 826 2346 unius
848 2288 1060 2359 quidem
1089 2285 1243 2341 stadii
1275 2283 1525 2353 spatium.
1558 2279 1761 2348 absque
1782 2289 1941 2330 manu
1969 2287 2070 2343 gu-

487 2384 784 2443 bernatoris
811 2400 826 2434 :
859 2382 1024 2436 multo
1051 2378 1218 2448 magis
1247 2385 1422 2431 tantus
1452 2373 1541 2427 hie
1583 2370 1842 2436 mundus,
1873 2370 1958 2440 qui
1995 2377 2027 2423 ιι
2052 2377 2074 2423 t

490 2479 542 2532 in
578 2490 638 2531 se
675 2489 897 2544 corpora
932 2471 1170 2526 continet
1196 2482 1259 2522 ex
1300 2463 1579 2520 elementis
1615 2460 1841 2516 conﬂata
1872 2500 1887 2525 ,
1928 2468 2076 2513 tanto

494 2578 736 2636 tempore
763 2580 866 2619 non
896 2563 1176 2625 durasset,
1205 2558 1305 2613 nisi
1335 2564 1480 2612 esset
1505 2555 1679 2625 aliqua
1703 2550 2033 2622 providentia
2059 2589 2076 2614 ,

494 2675 613 2730 qua:
642 2657 716 2713 illi
747 2663 1039 2728 praeesset,
1068 2661 1122 2709 et
1153 2651 1253 2705 hoc
1275 2649 1582 2705 universmn
1614 2653 1848 2699 tueretur
1870 2658 2082 2712 semper

1146 523 1203 578 S.
1246 513 1526 576 .lO.\NNIS
1563 497 2040 568 CIIRYSOSTOMI
2077 496 2393 557 ARCIIIEP.
2433 486 2976 553 CONSTANTINOP.

2124 624 2189 664 ae
2212 614 2438 679 regeret.
2481 601 2633 671 Quod
2675 603 2720 654 si
2751 608 3088 653 communem
3117 589 3359 649 omnium
3386 591 3721 647 sententiam
3748 616 3755 621 -

2127 713 2183 761 et
2210 705 2375 773 ipsam
2406 716 2582 755 rerum
2609 693 2990 766 experientiam
3013 691 3031 723 ⁸
3060 689 3271 744 reveriti
3301 687 3467 743 Deum
3495 699 3618 739 esse
3640 682 3719 735 fa-

2130 806 2344 852 teantur
2366 835 2382 857 ,
2414 791 2516 845 hoc
2545 790 2650 843 illis
2682 787 2921 841 dieanms
2954 802 2967 838 :
2995 780 3050 839 Si
3090 781 3160 835 sit
3190 781 3327 834 Deus
3348 819 3365 844 ,
3390 786 3455 832 ut
3481 773 3731 845 profecto

2133 898 2236 951 est,
2260 885 2497 955 sequitur
2516 896 2638 936 eum
2660 879 2819 935 etiam
2838 877 3040 945 justum
3063 887 3183 928 esse
3216 888 3230 924 :
3261 869 3363 924 nisi
3383 867 3526 922 enim
3552 864 3733 935 justus

2137 980 2225 1040 sit,
2248 993 2315 1031 ne
2337 954 2475 1028 Deus
2497 970 2707 1042 quidem
2735 977 2818 1021 est
2843 984 2856 1019 :
2886 963 3026 1035 quod
3053 962 3098 1017 si
3122 962 3299 1031 justus
3325 960 3413 1022 sit,
3440 954 3735 1023 unicuique

2143 1086 2239 1140 pro
2268 1067 2470 1124 meritis
2496 1061 2689 1118 reddit.
2717 1059 2875 1130 Atqui
2903 1056 3142 1111 videmus
3173 1070 3277 1108 non
3307 1064 3494 1105 omnes
3518 1047 3606 1103 hic
3634 1060 3737 1115 pro

2145 1160 2349 1216 meritis
2386 1157 2623 1225 recipere
2651 1170 2664 1206 :
2693 1149 2916 1222 proinde
2956 1160 3177 1202 necesse
3203 1153 3281 1198 est
3314 1142 3535 1195 alteram
3578 1136 3738 1192 nobis

2146 1253 2436 1324 repositam
2475 1247 2876 1304 retributionem
2916 1252 3228 1311 speremus,
3259 1246 3312 1290 ut
3339 1249 3460 1290 cum
3489 1248 3584 1302 pro
3615 1245 3737 1284 me-

2150 1323 2270 1404 ritis
2296 1342 2658 1413 unusquisque
2686 1335 2988 1407 receperit,
3019 1340 3273 1401 appareat
3303 1327 3507 1398 justitia
3533 1323 3738 1379 divina.

3601 474 3721 533 Ῡεῖι

2155 1440 2281 1495 llaec
2297 1437 2439 1493 enim
2461 1433 2630 1490 oratio
2652 1448 2755 1486 non
2782 1430 2850 1485 de
2879 1424 3209 1497 providentia
3233 1421 3433 1486 solum,
3459 1418 3552 1473 sed
3576 1418 3738 1473 etiam

2156 1532 2224 1588 de
2252 1527 2642 1585 resurrectione
2673 1518 3064 1594 philosophiam
3094 1514 3249 1569 nobis
3281 1510 3585 1567 introducit.
3616 1508 3743 1562 llznc

2161 1625 2319 1694 igitur
2346 1620 2577 1675 scientes
2602 1656 2618 1682 ,
2658 1630 2779 1671 cum
2820 1609 2921 1682 ipsi
2960 1609 3027 1664 de
3058 1604 3390 1677 providentia
3416 1611 3472 1657 et
3499 1613 3744 1656 resurre-

2161 1716 2338 1770 ctione
2366 1710 2714 1772 meditemur,
2745 1715 2857 1760 tum
2887 1710 3111 1758 cmteros
3136 1697 3424 1753 doceamus
3445 1735 3459 1759 ,
3497 1701 3552 1746 et
3588 1706 3748 1744 omne

2163 1805 2396 1861 studium
2423 1803 2475 1857 in
2505 1800 2556 1855 id
2583 1797 2938 1859 conferamus,
2968 1802 3024 1846 ut
3052 1791 3137 1856 iis,
3165 1788 3253 1858 qui
3283 1786 3538 1840 adversus
3565 1781 3745 1837 Domi-

2169 1913 2295 1950 num
2324 1892 2614 1957 insaniunt,
2644 1903 2705 1943 os
2731 1884 3090 1946 occludamus,
3119 1891 3346 1947 eumque
3374 1889 3472 1928 nos
3499 1873 3551 1926 in
3582 1869 3754 1925 omni-

2169 1989 2265 2043 bus
2290 1986 2667 2058 glorificemus.
2709 1979 2799 2036 Sic
2836 1977 2978 2033 enim
3024 1972 3281 2042 majorem
3321 1969 3436 2038 ejus
3465 1979 3647 2021 curam
3690 1978 3758 2017 ac

2171 2081 2522 2153 patrocinium
2551 2072 2996 2147 promerebimur,
3017 2076 3069 2122 et
3093 2065 3315 2119 nmltum
3340 2059 3593 2114 auxilium
3619 2055 3757 2111 obti-

2171 2174 2434 2237 nehimus,
2457 2179 2614 2239 atque
2635 2167 2705 2221 ita
2728 2178 2851 2219 vera
2876 2161 3075 2217 malitia
3106 2154 3468 2215 liberabimur,
3496 2159 3550 2205 et
3575 2148 3757 2203 futura

2176 2265 2314 2320 bona
2341 2272 2751 2330 consequemur,
2781 2254 2948 2326 gratia
2979 2259 3033 2307 et
3075 2247 3399 2317 benignitate
3430 2239 3636 2297 Domini
3664 2253 3766 2292 no-

2175 2356 2274 2413 stri
2301 2356 2428 2411 Jesu
2450 2352 2683 2417 Christi,
2711 2364 2807 2420 per
2832 2360 2993 2417 quem
3018 2352 3073 2398 et
3098 2357 3217 2395 cum
3245 2352 3353 2410 quo
3386 2333 3525 2389 l‘atri
3550 2331 3720 2402 gloria
3746 2370 3767 2395 ,

2179 2462 2282 2503 una
2311 2461 2430 2501 eum
2456 2443 2654 2514 Spiritu
2673 2440 3053 2507 Sancto,nunc
3076 2442 3131 2487 et
3157 2443 3388 2500 semper,
3419 2433 3473 2481 et
3497 2425 3547 2478 in
3571 2420 3772 2478 saecula

2181 2538 2522 2595 smculorum.
2556 2534 2748 2587 Amen.

2251 2649 2269 2681 ί
2304 2646 2437 2697 colb.
2447 2680 2460 2707 ,
2483 2644 2704 2708 ipsarum
2718 2650 2885 2691 rerum
2900 2631 3270 2687 consensionem.

2614 2740 3771 2773 __________._____.————-

505 2881 586 2925 AD
629 2877 740 2923 EOS
782 2876 890 2931 ρυι
959 2870 1326 2926 οωιοιυΝτ,
1373 2868 1499 2912 CUI!
1541 2867 1578 2909 Ε
1623 2862 1824 2908 MEDIO
1866 2859 2180 2905 SUBLATUS
2224 2858 2345 2901 NON
2381 2856 2479 2901 SIT
2521 2851 2828 2898 DIABOLUS
2859 2875 2875 2903 ,
2920 2848 3001 2890 ΕΤ
3042 2844 3212 2898 QUOD
3256 2839 3451 2886 Βωυε
3513 2838 3778 2884 ΠΑΙΔΙ·ιρ

1114 2971 1293 3016 mnu.
1335 2968 1448 3013 nos
1493 2965 1738 3021 manu,
1784 2964 1837 3007 ει
1883 2958 2330 3012 ATTENDAMUS,
2377 2957 2457 2999 ET
2499 2956 2583 2997 ne
2612 2948 3022 2997 roemresru
3073 2925 3183 3007 (α).

1762 3109 2113 3122 --’

1206 3428 1419 3471 ιιολιιιμ
1452 3425 1487 3464 ιι
1498 3449 1510 3462 ο

586 3585 637 3636 1.
666 3578 798 3634 Laus
825 3576 1063 3632 Flaviani
1091 3574 1330 3645 episcopi.
1357 3601 1424 3612 --
1446 3570 1591 3626 Isaac
1619 3568 1831 3640 quidem
1856 3582 1977 3622 cum
2007 3582 2096 3621 ex-

511 3679 753 3742 aptasset
792 3666 1079 3739 aliquando
1121 3663 1400 3736 prandium
1448 3661 1539 3716 lilii
1581 3658 1829 3715 manibus
1859 3668 2100 3728 paratum

516 3759 833 3825 cmnedere,
862 3757 1026 3812 filium
1066 3771 1133 3812 ex
1158 3753 1363 3810 aedibus
1400 3750 1466 3808 ad
1504 3751 1842 3807 venationem
1878 3749 2099 3805 emisit:

519 3856 607 3909 hic
634 3868 760 3908 vero
789 3861 971 3907 noster
1015 3849 1158 3904 Isaac
1194 3862 1315 3903 cum
1354 3850 1660 3915 exoptasset
1693 3841 1969 3913 prandium
2014 3854 2105 3896 su-

520 3960 669 4002 mere
694 3942 938 3999 manibus
964 3940 1161 3996 nostris
1190 3945 1464 4009 paratum,
1505 3949 1612 3990 non
1654 3948 1721 3989 ex
1765 3932 1968 3987 aedibus
2010 3945 2109 3986 nos

520 4037 732 4101 emisit,
763 4034 857 4090 sed
887 4034 1000 4104 ipse
1046 4039 1283 4086 nostram
1322 4027 1390 4111 ad
1426 4041 1666 4082 mensam
1702 4024 1951 4082 accurrit.
1980 4022 2110 4090 Quis

524 4128 779 4199 majorem
811 4135 1088 4197 paternum
1130 4136 1367 4177 amorem
1405 4134 1654 4191 umquam
1680 4115 1963 4173 exhibuit?
1993 4113 2112 4183 quis

525 4219 881 4276 humilitatem
915 4216 1172 4287 majorem
1197 4228 1285 4278 eo,
1317 4213 1405 4283 qui
1433 4220 1539 4266 tam
1567 4209 1842 4266 ardentem
1868 4208 2115 4278 dignatus

528 4322 614 4370 est
637 4309 921 4367 ostendere
949 4309 1225 4365 caritatem
1248 4347 1263 4372 ,
1297 4313 1607 4373 tantumque
1638 4301 1805 4356 voluit
1831 4314 1889 4355 se
1918 4298 2115 4353 demit-

533 4403 691 4460 tere?
714 4401 1072 4470 Quamobrem
1116 4411 1215 4452 nos
1240 4397 1401 4452 etiam
1425 4436 1442 4461 ,
1473 4394 1563 4464 qui
1594 4401 1648 4447 et
1680 4389 1827 4446 vocis
1866 4388 2120 4444 intentio-

534 4510 655 4551 nem
680 4504 738 4552 et
760 4493 953 4564 pedum
989 4490 1296 4545 firmitatem
1372 4487 1634 4542 matutina
1673 4483 2118 4540 sermocinatione

536 4585 896 4657 depressimus
919 4624 935 4649 ,
967 4581 1171 4653 paterni
1201 4579 1378 4635 vultus
1418 4587 1633 4648 aspectu
1665 4577 1925 4640 recreati,
1950 4572 2122 4628 conti-

540 4696 647 4736 nuo
671 4676 996 4734 infirmitatis
1019 4673 1169 4730 obliti
1199 4687 1382 4727 sumus
1406 4712 1422 4737 ,
1451 4681 1718 4740 torporem
1745 4667 2077 4724 excessimus
2104 4705 2122 4733 ,

541 4773 812 4843 voluptate
839 4769 1093 4825 commoti
1123 4781 1307 4821 smnus
1334 4773 1388 4820 et
1414 4763 1596 4828 erecti,
1623 4758 1956 4832 splendidam
1985 4756 2122 4810 vidi-

543 4880 664 4924 mus
710 4865 1002 4927 canitiem,
1054 4870 1110 4916 et
1151 4861 1329 4914 anima
1378 4866 1559 4911 nostra
1611 4855 1730 4909 luce
1777 4852 1979 4921 repleta
2021 4857 2125 4903 est.

547 4962 833 5029 l'r0pterea
869 4967 1081 5026 quoque
1118 4960 1362 5023 prompto
1391 4960 1444 5005 et
1469 4946 1630 5004 alacri
1672 4945 1852 5000 animo
1891 4956 2130 4996 mensam

547 5051 863 5121 opponimus
882 5092 895 5114 ,
925 5059 985 5102 ut
1013 5062 1142 5113 nos,
1173 5060 1295 5100 cum
1330 5039 1625 5099 comederit
1643 5080 1657 5104 ,
1686 5036 1987 5093 benedicat.
2016 5031 2132 5087 Non

551 5145 639 5199 hic
663 5141 857 5198 furtum
886 5149 966 5195 est
993 5147 1045 5194 et
1083 5137 1269 5203 dolus,
1308 5146 1363 5189 ut
1400 5133 1508 5188 illic
1541 5140 1652 5185 tum
1688 5127 1786 5183 fuit
1813 5144 1826 5180 :
1855 5125 1990 5180 alius
2012 5127 2134 5195 qui-

551 5237 673 5291 dem
701 5233 894 5289 afferre
917 5232 1100 5301 jussus
1119 5238 1219 5295 est,
1250 5228 1385 5282 alius
1410 5240 1539 5280 vero
1569 5220 1747 5275 attulit
1771 5237 1787 5286 ;
1817 5219 1912 5275 sed
1938 5233 2037 5287 ego
2061 5213 2139 5269 af-

556 5330 694 5384 ferre
719 5326 902 5397 jussus
938 5338 1054 5378 sum
1079 5365 1096 5389 ,
1136 5336 1238 5393 ego
1268 5332 1479 5390 quoque
1508 5314 1678 5370 attuli.
1711 5312 1789 5369 Tu
1817 5327 1942 5368 vero
1969 5310 2137 5366 bene-

555 5421 789 5478 dictione
817 5416 1080 5489 spirituali
1122 5414 1345 5470 benedic
1382 5411 1537 5466 nobis
1556 5452 1571 5476 ,
1599 5418 1768 5480 pater,
1796 5415 1853 5463 et
1893 5420 1955 5461 ea
1982 5419 2139 5473 quam

524 5524 529 5529 ‘
558 5514 803 5583 accipere
828 5518 1075 5579 optamus
1097 5520 1304 5569 omnes,
1335 5517 1557 5572 qumque
1587 5516 1692 5554 non
1719 5496 1877 5553 modo
1906 5494 2020 5564 tibi,
2048 5491 2141 5548 sed

560 5615 615 5662 ct
640 5606 768 5661 mihi
795 5613 850 5660 et
873 5599 1120 5655 omnibus
1147 5597 1231 5650 his
1258 5597 1329 5650 sit
1349 5595 1489 5649 utilis
1511 5612 1523 5648 :
1549 5606 1885 5648 communem
1907 5587 2143 5641 omnium

566 5707 808 5753 nostrum
841 5691 1120 5748 Dominum
1145 5704 1363 5758 precare
1390 5728 1407 5755 ,
1439 5695 1497 5741 nt
1536 5686 1696 5740 vitam
1739 5693 1881 5738 tuam
1920 5679 1986 5737 ad
2018 5693 2145 5741 pro-

560 5779 726 5838 lixam
758 5782 905 5836 Isaae
932 5786 1258 5833 senectutem
1292 5778 1549 5849 producat
1581 5792 1594 5829 :
1630 5775 1729 5829 hoc
1759 5774 1900 5828 enim
1930 5785 1983 5825 et
2016 5772 2146 5828 mihi

630 5884 703 5948 (α)
737 5881 916 5933 collata
937 5893 1044 5929 cum
1066 5867 1237 5931 Codice
1269 5884 1415 5943 Regio
1441 5880 1579 5938 169$,
1605 5886 1657 5928 et.
1675 5876 1805 5927 Coll).
1828 5873 1954 5926 1050.

2117 3088 2272 3133 GO-

2197 3293 2251 3343 et
2293 3281 2413 3340 istis
2446 3294 2569 3336 rore
2618 3276 2735 3336 caeli
2776 3291 2840 3332 ac
2892 3268 3210 3345 pinguedine
3241 3277 3398 3323 term:
3452 3262 3615 3318 multo
3659 3274 3786 3327 pre-

2199 3372 2389 3428 tiosius
2413 3378 2496 3425 est
2517 3379 2570 3425 et
2594 3368 2937 3424 fructuosius.

2277 3456 2559 3513 Honniliam
2606 3455 2964 3527 praecedente»:
3005 3454 3381 3505 commemorat.
3439 3473 3512 3485 —
3562 3442 3793 3497 Verum-

2202 3552 2476 3608 enimvero
2501 3549 2611 3620 jam
2645 3558 2852 3617 tempus
2890 3554 3008 3609 est,
3038 3551 3095 3596 nt
3134 3552 3370 3595 mensnm
3413 3549 3789 3605 apponamus:

2203 3657 2322 3713 qua:
2365 3657 2524 3713 porro
2568 3640 2653 3694 illa
2682 3637 2806 3693 est?
2836 3633 3092 3703 Reliquia:
3134 3629 3383 3685 nimirum
3414 3640 3597 3681 eorum
3623 3666 3637 3687 ,
3670 3638 3796 3693 qua:

2206 3750 2378 3805 nuper
2397 3731 2605 3788 caritati
2636 3739 2827 3785 vestrae
2853 3725 2992 3781 dicta
3019 3730 3180 3777 sunt:
3209 3719 3380 3773 adhuc
3405 3717 3569 3781 enim,
3592 3714 3795 3780 adhuc,

2207 3827 2460 3897 inquam,
2492 3822 2560 3878 de
2586 3818 2799 3876 diabolo
2826 3829 3127 3879 sermonem
3155 3810 3412 3866 habemus
3431 3848 3447 3874 ,
3480 3821 3636 3877 quem
3666 3813 3796 3860 ante

2208 3919 2342 3974 duos
2372 3917 2469 3971 hos
2499 3915 2613 3969 dies
2645 3911 3001 3972 instituimus,
3031 3920 3192 3976 quem
3216 3912 3272 3958 et
3296 3914 3453 3955 mane
3479 3897 3547 3951 ad
3573 3912 3667 3951 eos
3693 3895 3799 3949 ha—

2212 4010 2421 4065 buimus
2443 4048 2456 4071 ,
2485 4004 2575 4075 qui
2598 4002 2863 4075 mysteriis
2884 3997 3177 4061 initiantur,
3208 4009 3331 4049 cum
3355 3990 3424 4046 de
3450 3987 3801 4043 abrenuntia-

2213 4101 2358 4156 tione
2403 4098 2575 4169 deque
2616 4091 2991 4166 aggregatione
3034 4085 3175 4157 apud
3219 4085 3352 4140 istos
3391 4082 3798 4136 dissereremus.

2215 4192 2327 4247 lloc
2353 4199 2530 4246 autem
2560 4186 2787 4256 agimus,
2813 4199 2919 4238 non
2948 4178 3091 4252 quod
3116 4177 3346 4233 delectet
3369 4187 3469 4228 nos
3497 4170 3566 4226 de
3588 4168 3806 4224 diabolo

2216 4282 2377 4337 verba
2403 4279 2576 4335 laeere
2599 4317 2615 4343 ,
2646 4275 2739 4332 sed
2767 4272 2908 4346 quod
2939 4280 3048 4326 tuta
3089 4269 3159 4324 sit
3193 4265 3347 4322 vobis
3373 4278 3491 4333 qua:
3515 4260 3581 4316 de
3608 4274 3673 4315 eo
3701 4258 3807 4313 do—

2217 4374 2389 4431 ctrina
2418 4368 2709 4442 profertur.
2740 4366 2834 4421 Est
2857 4363 3001 4420 enim
3030 4359 3276 4416 inimicus
3304 4364 3360 4412 et
3385 4352 3553 4409 hostis
3579 4360 3760 4406 noster
3782 4367 3802 4403 :

2219 4465 2347 4523 illud
2380 4440 2542 4533 porro
2579 4458 2918 4516 securitatem
2954 4465 3199 4522 magnam
3230 4446 3369 4519 parit
3392 4484 3408 4509 ,
3440 4443 3485 4498 si
3523 4440 3677 4495 nobis
3718 4451 3810 4492 res

2221 4558 2556 4616 inimicorum
2588 4552 2739 4623 plane
2764 4550 2872 4604 sint
2900 4554 3060 4601 noue.
3094 4542 3335 4597 Diximus
3363 4550 3535 4606 nuper
3560 4547 3682 4588 eum
3710 4545 3808 4601 per

2224 4648 2531 4706 violentiam
2556 4659 2661 4698 non
2683 4644 2915 4705 vincere,
2939 4650 3112 4706 neque
3136 4648 3230 4704 per
3254 4626 3609 4702 tyrannidem,
3635 4636 3812 4691 neque

2226 4741 2597 4799 necessitatem
2620 4731 2920 4794 afferendo,
2945 4743 3043 4783 nec
3071 4722 3308 4795 cogendo
3336 4737 3351 4775 :
3383 4719 3631 4790 quoniam
3661 4714 3707 4768 si
3737 4714 3814 4769 ita
3847 4702 3853 4723 ί

2227 4844 2404 4901 esset,
2433 4842 2621 4886 omnes
2647 4825 2827 4894 utique
2854 4820 3103 4892 perderet
3134 4835 3146 4871 :
3177 4814 3440 4884 hujusque
3477 4810 3555 4864 rei
3593 4804 3816 4878 protuli-

2231 4943 2350 4983 mus
2376 4929 2742 4995 argumentum
2773 4927 2967 4987 porcos
2985 4953 2999 4977 ,
3032 4912 3084 4967 in
3110 4923 3243 4979 quos
3272 4904 3401 4960 nihil
3430 4915 3588 4972 agere
3612 4898 3816 4953 demo-

2234 5037 2331 5078 nes
2356 5024 2663 5089 potuerunt,
2691 5019 2975 5079 antequam
3005 5019 3033 5057 a
3065 5000 3289 5057 Domino
3326 4994 3645 5066 permissum
3673 4995 3821 5043 esset

2235 5110 2446 5183 (Matth.
2470 5105 2634 5163 8.5L
2685 5099 2881 5172 seqq);
2910 5102 3148 5151 armenta
3171 5089 3291 5153 Job,
3314 5096 3369 5142 et
3389 5099 3619 5156 greges;
3647 5092 3822 5148 neque

2236 5171 2377 5261 enim
2402 5202 2516 5255 htec
2540 5194 2782 5252 diabolus
2806 5171 2967 5246 ausus
2987 5193 3067 5242 est
3092 5182 3336 5255 perdere,
3359 5190 3636 5248 quousque
3659 5171 3822 5226 desu-

2239 5316 2334 5371 per
2364 5299 2679 5367 poteSIatem
2709 5284 2931 5354 accepit.
2963 5279 3140 5336 Unum
3169 5276 3330 5346 igitur
3359 5271 3460 5324 hoc
3491 5266 3716 5337 primum
3743 5260 3825 5316 di.

2241 5356 2485 5454 dicimus,
2517 5400 2641 5441 eum
2666 5396 2763 5452 per
2790 5376 2895 5431 vim
2925 5382 3016 5427 aut
3041 5367 3412 5425 necessitatem
3440 5373 3546 5413 non
3573 5356 3780 5410 vincere
3805 5368 3821 5405 :

2243 5442 2533 5540 secundum
2559 5442 2685 5546 post
2699 5469 2822 5526 illud
2845 5462 3166 5525 addidimus,
3191 5455 3330 5528 quod
3360 5449 3603 5521 quamvis
3629 5442 3826 5501 fraudi—

2244 5578 2342 5634 bus
2372 5575 2546 5627 vineat
2564 5611 2578 5634 ,
2618 5583 2724 5622 non
2752 5574 2929 5617 tamen
2959 5557 3037 5612 sic
3063 5551 3269 5609 cunctis
3295 5543 3538 5616 superior
3595 5538 3771 5597 evadit
3800 5555 3820 5605 ;

2246 5681 2299 5726 et
2326 5680 2509 5722 rursus
2533 5660 2785 5715 athletam
2812 5656 2985 5723 ipsum
3016 5649 3067 5703 in
3095 5643 3324 5700 medium
3354 5635 3667 5708 protulimus
3689 5628 3784 5684 Job
3807 5666 3827 5693 ,

2248 5762 2332 5818 cui
2362 5760 2485 5814 licet
2510 5754 2655 5808 mille
2681 5745 2950 5804 machinas
2980 5734 3274 5795 admoverit
3297 5774 3313 5798 ,
3350 5746 3457 5785 non
3494 5740 3614 5782 eum
3654 5731 3827 5775 tamen

2249 5855 2350 5911 bac
2378 5849 2585 5909 ratione
2624 5836 2933 5915 superavit,
2975 5832 3070 5890 sed
3108 5838 3163 5889 et
3202 5827 3375 5884 victus
3413 5814 3684 5876 abscessit.
3708 5807 3827 5865 Una
