  <div class='ocr_page' id='page_1' title='image "/cluster/home/n/w/nwhite01/storage/ocr_20150623/49:no.2:pt.1/coo.31924054869486/258.png"; bbox 0 0 4066 6432; ppageno 0'>
   <div class='ocr_carea' id='block_1_1' title="bbox 244 393 365 451">
    <p class='ocr_par' dir='ltr' id='par_1_1' title="bbox 244 393 365 451">
     <span class='ocr_line' id='line_1_1' title="bbox 244 393 365 451; baseline -0.017 0"><span class='ocrx_word' id='word_1_1' title='bbox 244 393 365 451; x_wconf 74' lang='grc'>257</span> 
     </span>
    </p>
   </div>
   <div class='ocr_carea' id='block_1_2' title="bbox 238 501 1839 581">
    <p class='ocr_par' dir='ltr' id='par_1_2' title="bbox 238 501 1839 581">
     <span class='ocr_line' id='line_1_2' title="bbox 238 501 1839 581; baseline -0.001 -16"><span class='ocrx_word' id='word_1_2' title='bbox 238 507 370 565; x_wconf 76' lang='grc' dir='ltr'>καθ’</span> <span class='ocrx_word' id='word_1_3' title='bbox 394 506 545 581; x_wconf 78' lang='grc' dir='ltr'>ἡμᾶς</span> <span class='ocrx_word' id='word_1_4' title='bbox 580 506 894 581; x_wconf 78' lang='grc' dir='ltr'>ἀπρονόητα</span> <span class='ocrx_word' id='word_1_5' title='bbox 946 501 1081 562; x_wconf 75' lang='grc' dir='ltr'>εἶναι</span> <span class='ocrx_word' id='word_1_6' title='bbox 1117 507 1451 581; x_wconf 79' lang='grc' dir='ltr'>νομίζωμεν,</span> <span class='ocrx_word' id='word_1_7' title='bbox 1485 509 1599 563; x_wconf 76' lang='grc' dir='ltr'>ἀλλ’</span> <span class='ocrx_word' id='word_1_8' title='bbox 1631 512 1696 563; x_wconf 87' lang='grc' dir='ltr'>ἐκ</span> <span class='ocrx_word' id='word_1_9' title='bbox 1748 507 1839 580; x_wconf 81' lang='grc' dir='ltr'>μέ-</span> 
     </span>
    </p>
   </div>
   <div class='ocr_carea' id='block_1_3' title="bbox 246 592 1840 667">
    <p class='ocr_par' dir='ltr' id='par_1_3' title="bbox 246 592 1840 667">
     <span class='ocr_line' id='line_1_3' title="bbox 246 592 1840 667; baseline 0 -20"><span class='ocrx_word' id='word_1_10' title='bbox 246 611 379 667; x_wconf 85' lang='grc' dir='ltr'>ρους</span> <span class='ocrx_word' id='word_1_11' title='bbox 407 592 808 658; x_wconf 81' lang='grc' dir='ltr'>καταλαϐόντες</span> <span class='ocrx_word' id='word_1_12' title='bbox 838 593 1007 648; x_wconf 78' lang='grc' dir='ltr'>αὐτοῦ</span> <span class='ocrx_word' id='word_1_13' title='bbox 1033 592 1132 665; x_wconf 84' lang='grc' dir='ltr'>τὴν</span> <span class='ocrx_word' id='word_1_14' title='bbox 1165 594 1443 666; x_wconf 83' lang='grc' dir='ltr'>πρόνοιαν,</span> <span class='ocrx_word' id='word_1_15' title='bbox 1470 596 1529 648; x_wconf 87' lang='grc' dir='ltr'>ἐν</span> <span class='ocrx_word' id='word_1_16' title='bbox 1555 597 1667 659; x_wconf 86' lang='grc' dir='ltr'>τοῖς</span> <span class='ocrx_word' id='word_1_17' title='bbox 1700 596 1840 649; x_wconf 86' lang='grc' dir='ltr'>ἀκα-</span> 
     </span>
    </p>
   </div>
   <div class='ocr_carea' id='block_1_4' title="bbox 240 674 1841 749">
    <p class='ocr_par' dir='ltr' id='par_1_4' title="bbox 240 674 1841 749">
     <span class='ocr_line' id='line_1_4' title="bbox 240 674 1841 749; baseline -0.002 -15"><span class='ocrx_word' id='word_1_18' title='bbox 240 677 546 748; x_wconf 76' lang='grc' dir='ltr'>ταλήπτοις</span> <span class='ocrx_word' id='word_1_19' title='bbox 565 674 988 748; x_wconf 86' lang='grc' dir='ltr'>παραχωρῶμεν</span> <span class='ocrx_word' id='word_1_20' title='bbox 1018 676 1185 731; x_wconf 81' lang='grc' dir='ltr'>αὑτοῦ</span> <span class='ocrx_word' id='word_1_21' title='bbox 1217 677 1295 749; x_wconf 82' lang='grc' dir='ltr'>τῷ</span> <span class='ocrx_word' id='word_1_22' title='bbox 1323 679 1716 749; x_wconf 79' lang='grc' dir='ltr'>ἀνεξιχνιάστῳ</span> <span class='ocrx_word' id='word_1_23' title='bbox 1744 678 1841 749; x_wconf 89' lang='grc' dir='ltr'>τῆς</span> 
     </span>
    </p>
   </div>
   <div class='ocr_carea' id='block_1_5' title="bbox 246 758 1844 833">
    <p class='ocr_par' dir='ltr' id='par_1_5' title="bbox 246 758 1844 833">
     <span class='ocr_line' id='line_1_5' title="bbox 246 758 1844 833; baseline 0.001 -19"><span class='ocrx_word' id='word_1_24' title='bbox 246 762 466 833; x_wconf 80' lang='grc' dir='ltr'>σοφίας.</span> <span class='ocrx_word' id='word_1_25' title='bbox 490 760 554 814; x_wconf 85' lang='grc' dir='ltr'>Εἰ</span> <span class='ocrx_word' id='word_1_26' title='bbox 578 759 687 831; x_wconf 78' lang='grc' dir='ltr'>γὰρ</span> <span class='ocrx_word' id='word_1_27' title='bbox 714 758 1006 831; x_wconf 87' lang='grc' dir='ltr'>ἀνθρώπου</span> <span class='ocrx_word' id='word_1_28' title='bbox 1039 758 1237 833; x_wconf 81' lang='grc' dir='ltr'>τέχνην</span> <span class='ocrx_word' id='word_1_29' title='bbox 1262 762 1322 814; x_wconf 85' lang='grc' dir='ltr'>ού</span> <span class='ocrx_word' id='word_1_30' title='bbox 1352 763 1579 821; x_wconf 78' lang='grc' dir='ltr'>δυνατὸν</span> <span class='ocrx_word' id='word_1_31' title='bbox 1604 760 1844 816; x_wconf 82' lang='grc' dir='ltr'>καταλα-</span> 
     </span>
    </p>
   </div>
   <div class='ocr_carea' id='block_1_6' title="bbox 245 841 1844 917">
    <p class='ocr_par' dir='ltr' id='par_1_6' title="bbox 245 841 1844 917">
     <span class='ocr_line' id='line_1_6' title="bbox 245 841 1844 917; baseline -0.001 -17"><span class='ocrx_word' id='word_1_32' title='bbox 245 847 372 900; x_wconf 83' lang='grc' dir='ltr'>ϐεῖν</span> <span class='ocrx_word' id='word_1_33' title='bbox 402 842 482 916; x_wconf 79' lang='grc' dir='ltr'>τῷ</span> <span class='ocrx_word' id='word_1_34' title='bbox 512 841 716 915; x_wconf 79' lang='grc' dir='ltr'>ἰδιώτῃ,</span> <span class='ocrx_word' id='word_1_35' title='bbox 745 842 924 915; x_wconf 82' lang='grc' dir='ltr'>πολλῷ</span> <span class='ocrx_word' id='word_1_36' title='bbox 957 843 1158 915; x_wconf 81' lang='grc' dir='ltr'>μᾶλλον</span> <span class='ocrx_word' id='word_1_37' title='bbox 1185 845 1286 915; x_wconf 89' lang='grc' dir='ltr'>τῆς</span> <span class='ocrx_word' id='word_1_38' title='bbox 1314 845 1408 899; x_wconf 91' lang='grc' dir='ltr'>τοῦ</span> <span class='ocrx_word' id='word_1_39' title='bbox 1430 844 1567 899; x_wconf 89' lang='grc' dir='ltr'>Θεοῦ</span> <span class='ocrx_word' id='word_1_40' title='bbox 1591 844 1844 917; x_wconf 83' lang='grc' dir='ltr'>προνοίας</span> 
     </span>
    </p>
   </div>
   <div class='ocr_carea' id='block_1_7' title="bbox 246 925 1840 1004">
    <p class='ocr_par' dir='ltr' id='par_1_7' title="bbox 246 925 1840 1004">
     <span class='ocr_line' id='line_1_7' title="bbox 246 925 1840 1004; baseline -0.001 -20"><span class='ocrx_word' id='word_1_41' title='bbox 246 931 312 984; x_wconf 74' lang='grc' dir='ltr'>τὸ</span> <span class='ocrx_word' id='word_1_42' title='bbox 360 928 588 999; x_wconf 85' lang='grc' dir='ltr'>ἀπειρον</span> <span class='ocrx_word' id='word_1_43' title='bbox 640 925 903 981; x_wconf 85' lang='grc' dir='ltr'>ἀδύνατον</span> <span class='ocrx_word' id='word_1_44' title='bbox 952 928 1183 983; x_wconf 81' lang='grc' dir='ltr'>συνιδεῖν</span> <span class='ocrx_word' id='word_1_45' title='bbox 1226 929 1546 1004; x_wconf 80' lang='grc' dir='ltr'>ἀνθρωπίνῃ</span> <span class='ocrx_word' id='word_1_46' title='bbox 1592 929 1802 1001; x_wconf 81' lang='grc' dir='ltr'>διανοίᾳ</span> <span class='ocrx_word' id='word_1_47' title='bbox 1826 946 1840 960; x_wconf 92' lang='grc'>⁸</span> 
     </span>
    </p>
   </div>
   <div class='ocr_carea' id='block_1_8' title="bbox 260 1010 1845 1082">
    <p class='ocr_par' dir='ltr' id='par_1_8' title="bbox 260 1010 1845 1082">
     <span class='ocr_line' id='line_1_8' title="bbox 260 1010 1845 1082; baseline 0.001 -15"><span class='ocrx_word' id='word_1_48' title='bbox 260 1010 727 1078; x_wconf 75' lang='grc' dir='ltr'>Ἀνεξερεύνητα</span> <span class='ocrx_word' id='word_1_49' title='bbox 758 1010 870 1081; x_wconf 79' lang='grc' dir='ltr'>γὰρ</span> <span class='ocrx_word' id='word_1_50' title='bbox 894 1012 966 1066; x_wconf 86' lang='grc' dir='ltr'>τὰ</span> <span class='ocrx_word' id='word_1_51' title='bbox 994 1013 1250 1082; x_wconf 80' lang='grc' dir='ltr'>κρίματα</span> <span class='ocrx_word' id='word_1_52' title='bbox 1279 1014 1489 1079; x_wconf 80' lang='grc' dir='ltr'>αὐτοῦ,</span> <span class='ocrx_word' id='word_1_53' title='bbox 1523 1014 1621 1068; x_wconf 81' lang='grc' dir='ltr'>καὶ</span> <span class='ocrx_word' id='word_1_54' title='bbox 1666 1012 1845 1078; x_wconf 78' lang='grc' dir='ltr'>ἀνεξ-</span> 
     </span>
    </p>
   </div>
   <div class='ocr_carea' id='block_1_9' title="bbox 247 1094 1847 1168">
    <p class='ocr_par' dir='ltr' id='par_1_9' title="bbox 247 1094 1847 1168">
     <span class='ocr_line' id='line_1_9' title="bbox 247 1094 1847 1168; baseline -0.001 -15"><span class='ocrx_word' id='word_1_55' title='bbox 247 1097 555 1166; x_wconf 71' lang='grc' dir='ltr'>ιχνίαστοι</span> <span class='ocrx_word' id='word_1_56' title='bbox 577 1096 637 1149; x_wconf 74' lang='lat' dir='ltr'>al</span> <span class='ocrx_word' id='word_1_57' title='bbox 671 1094 799 1149; x_wconf 79' lang='grc' dir='ltr'>ὁδοὶ</span> <span class='ocrx_word' id='word_1_58' title='bbox 820 1096 1030 1151; x_wconf 82' lang='grc' dir='ltr'>αὐτοῦ.</span> <span class='ocrx_word' id='word_1_59' title='bbox 1051 1097 1190 1151; x_wconf 80' lang='grc' dir='ltr'>Ἀλλ’</span> <span class='ocrx_word' id='word_1_60' title='bbox 1212 1099 1362 1168; x_wconf 83' lang='grc' dir='ltr'>ὅμως</span> <span class='ocrx_word' id='word_1_61' title='bbox 1389 1099 1497 1153; x_wconf 78' lang='grc' dir='ltr'>ἀπὸ</span> <span class='ocrx_word' id='word_1_62' title='bbox 1515 1099 1626 1154; x_wconf 89' lang='grc' dir='ltr'>τῶν</span> <span class='ocrx_word' id='word_1_63' title='bbox 1649 1099 1847 1168; x_wconf 77' lang='grc' dir='ltr'>ὀλίγων</span> 
     </span>
    </p>
   </div>
   <div class='ocr_carea' id='block_1_10' title="bbox 248 1177 1845 1253">
    <p class='ocr_par' dir='ltr' id='par_1_10' title="bbox 248 1177 1845 1253">
     <span class='ocr_line' id='line_1_10' title="bbox 248 1177 1845 1253; baseline 0 -18"><span class='ocrx_word' id='word_1_64' title='bbox 248 1183 350 1235; x_wconf 63' lang='grc' dir='ltr'>καὶ</span> <span class='ocrx_word' id='word_1_65' title='bbox 384 1179 513 1252; x_wconf 82' lang='grc' dir='ltr'>περί</span> <span class='ocrx_word' id='word_1_66' title='bbox 539 1177 635 1231; x_wconf 83' lang='grc' dir='ltr'>τοῦ</span> <span class='ocrx_word' id='word_1_67' title='bbox 658 1178 860 1242; x_wconf 85' lang='grc' dir='ltr'>παντὸς</span> <span class='ocrx_word' id='word_1_68' title='bbox 883 1180 1031 1251; x_wconf 89' lang='grc' dir='ltr'>σαφῆ</span> <span class='ocrx_word' id='word_1_69' title='bbox 1054 1183 1147 1234; x_wconf 75' lang='grc' dir='ltr'>καὶ</span> <span class='ocrx_word' id='word_1_70' title='bbox 1164 1181 1333 1253; x_wconf 80' lang='grc' dir='ltr'>δήλην</span> <span class='ocrx_word' id='word_1_71' title='bbox 1354 1181 1615 1247; x_wconf 88' lang='grc' dir='ltr'>λαϐόντες</span> <span class='ocrx_word' id='word_1_72' title='bbox 1642 1181 1845 1244; x_wconf 84' lang='grc' dir='ltr'>πίστιν,</span> 
     </span>
    </p>
   </div>
   <div class='ocr_carea' id='block_1_11' title="bbox 248 1262 1847 1341">
    <p class='ocr_par' dir='ltr' id='par_1_11' title="bbox 248 1262 1847 1341">
     <span class='ocr_line' id='line_1_11' title="bbox 248 1262 1847 1341; baseline 0.002 -22"><span class='ocrx_word' id='word_1_73' title='bbox 248 1265 394 1337; x_wconf 74' lang='grc' dir='ltr'>ὑπὲρ</span> <span class='ocrx_word' id='word_1_74' title='bbox 425 1262 682 1317; x_wconf 83' lang='grc' dir='ltr'>ἁπάντων</span> <span class='ocrx_word' id='word_1_75' title='bbox 714 1263 824 1318; x_wconf 82' lang='grc' dir='ltr'>τῶν</span> <span class='ocrx_word' id='word_1_76' title='bbox 847 1265 1191 1337; x_wconf 82' lang='grc' dir='ltr'>γιγνομένων</span> <span class='ocrx_word' id='word_1_77' title='bbox 1220 1268 1641 1341; x_wconf 74' lang='grc' dir='ltr'>εὐχαριστῶμεν</span> <span class='ocrx_word' id='word_1_78' title='bbox 1675 1268 1847 1340; x_wconf 78' lang='grc' dir='ltr'>αὐτῷ.</span> 
     </span>
    </p>
   </div>
   <div class='ocr_carea' id='block_1_12' title="bbox 248 1346 1850 1425">
    <p class='ocr_par' dir='ltr' id='par_1_12' title="bbox 248 1346 1850 1425">
     <span class='ocr_line' id='line_1_12' title="bbox 248 1346 1850 1425; baseline -0.002 -20"><span class='ocrx_word' id='word_1_79' title='bbox 248 1349 365 1405; x_wconf 76' lang='grc' dir='ltr'>Καὶ</span> <span class='ocrx_word' id='word_1_80' title='bbox 411 1350 521 1421; x_wconf 81' lang='grc' dir='ltr'>γὰρ</span> <span class='ocrx_word' id='word_1_81' title='bbox 571 1347 668 1402; x_wconf 75' lang='grc' dir='ltr'>καὶ</span> <span class='ocrx_word' id='word_1_82' title='bbox 698 1346 888 1419; x_wconf 76' lang='grc' dir='ltr'>ἕτερός</span> <span class='ocrx_word' id='word_1_83' title='bbox 938 1350 1055 1402; x_wconf 88' lang='grc' dir='ltr'>ἐστι</span> <span class='ocrx_word' id='word_1_84' title='bbox 1107 1349 1263 1419; x_wconf 81' lang='grc' dir='ltr'>λόγος</span> <span class='ocrx_word' id='word_1_85' title='bbox 1315 1354 1709 1425; x_wconf 79' lang='grc' dir='ltr'>ἀναντίρρητος</span> <span class='ocrx_word' id='word_1_86' title='bbox 1736 1353 1850 1415; x_wconf 91' lang='grc' dir='ltr'>τοῖς</span> 
     </span>
    </p>
   </div>
   <div class='ocr_carea' id='block_1_13' title="bbox 253 1430 1845 1505">
    <p class='ocr_par' dir='ltr' id='par_1_13' title="bbox 253 1430 1845 1505">
     <span class='ocr_line' id='line_1_13' title="bbox 253 1430 1845 1505; baseline 0.001 -19"><span class='ocrx_word' id='word_1_87' title='bbox 253 1431 608 1505; x_wconf 77' lang='grc' dir='ltr'>βουλομένοις</span> <span class='ocrx_word' id='word_1_88' title='bbox 633 1430 765 1501; x_wconf 74' lang='grc' dir='ltr'>περὶ</span> <span class='ocrx_word' id='word_1_89' title='bbox 794 1433 895 1503; x_wconf 82' lang='grc' dir='ltr'>τῆς</span> <span class='ocrx_word' id='word_1_90' title='bbox 928 1432 1022 1486; x_wconf 89' lang='grc' dir='ltr'>τοῦ</span> <span class='ocrx_word' id='word_1_91' title='bbox 1047 1431 1186 1487; x_wconf 89' lang='grc' dir='ltr'>Θεοῦ</span> <span class='ocrx_word' id='word_1_92' title='bbox 1219 1436 1476 1505; x_wconf 82' lang='grc' dir='ltr'>προνοίας</span> <span class='ocrx_word' id='word_1_93' title='bbox 1510 1434 1845 1504; x_wconf 69' lang='grc' dir='ltr'>φιλοσοφεῖν.</span> 
     </span>
    </p>
   </div>
   <div class='ocr_carea' id='block_1_14' title="bbox 266 1514 1848 1591">
    <p class='ocr_par' dir='ltr' id='par_1_14' title="bbox 266 1514 1848 1591">
     <span class='ocr_line' id='line_1_14' title="bbox 266 1514 1848 1591; baseline 0.003 -23"><span class='ocrx_word' id='word_1_94' title='bbox 266 1514 560 1588; x_wconf 86' lang='grc' dir='ltr'>Ἐρώμεθα</span> <span class='ocrx_word' id='word_1_95' title='bbox 596 1514 707 1586; x_wconf 87' lang='grc' dir='ltr'>γὰρ</span> <span class='ocrx_word' id='word_1_96' title='bbox 753 1516 881 1579; x_wconf 82' lang='grc' dir='ltr'>τοὺς</span> <span class='ocrx_word' id='word_1_97' title='bbox 932 1515 1496 1591; x_wconf 72' lang='grc' dir='ltr'>ἀντιλέγοντας,⁷Λρα</span> <span class='ocrx_word' id='word_1_98' title='bbox 1520 1520 1635 1573; x_wconf 75' lang='grc' dir='ltr'>ἔστι</span> <span class='ocrx_word' id='word_1_99' title='bbox 1678 1520 1848 1586; x_wconf 86' lang='grc' dir='ltr'>Θεός;</span> 
     </span>
    </p>
   </div>
   <div class='ocr_carea' id='block_1_15' title="bbox 254 1598 1848 1674">
    <p class='ocr_par' dir='ltr' id='par_1_15' title="bbox 254 1598 1848 1674">
     <span class='ocr_line' id='line_1_15' title="bbox 254 1598 1848 1674; baseline 0.001 -20"><span class='ocrx_word' id='word_1_100' title='bbox 254 1601 361 1655; x_wconf 82' lang='grc' dir='ltr'>κᾶν</span> <span class='ocrx_word' id='word_1_101' title='bbox 394 1600 495 1672; x_wconf 86' lang='grc' dir='ltr'>μὲν</span> <span class='ocrx_word' id='word_1_102' title='bbox 528 1598 778 1662; x_wconf 77' lang='grc' dir='ltr'>εἴπωσιν,</span> <span class='ocrx_word' id='word_1_103' title='bbox 811 1600 893 1654; x_wconf 85' lang='grc' dir='ltr'>ὃτι</span> <span class='ocrx_word' id='word_1_104' title='bbox 927 1600 1029 1653; x_wconf 79' lang='grc' dir='ltr'>οὐκ</span> <span class='ocrx_word' id='word_1_105' title='bbox 1060 1599 1199 1666; x_wconf 76' lang='grc' dir='ltr'>ἐστι,</span> <span class='ocrx_word' id='word_1_106' title='bbox 1236 1603 1370 1672; x_wconf 73' lang='grc' dir='ltr'>μηδὲ</span> <span class='ocrx_word' id='word_1_107' title='bbox 1402 1602 1848 1674; x_wconf 80' lang='grc' dir='ltr'>ἀποκρινώμεθα.</span> 
     </span>
    </p>
   </div>
   <div class='ocr_carea' id='block_1_16' title="bbox 256 1683 1850 1756">
    <p class='ocr_par' dir='ltr' id='par_1_16' title="bbox 256 1683 1850 1756">
     <span class='ocr_line' id='line_1_16' title="bbox 256 1683 1850 1756; baseline 0 -19"><span class='ocrx_word' id='word_1_108' title='bbox 256 1685 474 1756; x_wconf 82' lang='grc' dir='ltr'>Ὥσπερ</span> <span class='ocrx_word' id='word_1_109' title='bbox 496 1683 606 1756; x_wconf 78' lang='grc' dir='ltr'>γὰρ</span> <span class='ocrx_word' id='word_1_110' title='bbox 626 1686 737 1749; x_wconf 87' lang='grc' dir='ltr'>τοῖς</span> <span class='ocrx_word' id='word_1_111' title='bbox 763 1683 1116 1754; x_wconf 79' lang='grc' dir='ltr'>μαινομένοις</span> <span class='ocrx_word' id='word_1_112' title='bbox 1138 1686 1238 1737; x_wconf 79' lang='grc' dir='ltr'>οὐκ</span> <span class='ocrx_word' id='word_1_113' title='bbox 1264 1684 1412 1750; x_wconf 83' lang='grc' dir='ltr'>ἄξιον</span> <span class='ocrx_word' id='word_1_114' title='bbox 1437 1685 1850 1756; x_wconf 86' lang='grc' dir='ltr'>ἀποκρίνεσθαι,</span> 
     </span>
    </p>
   </div>
   <div class='ocr_carea' id='block_1_17' title="bbox 251 1763 1850 1842">
    <p class='ocr_par' dir='ltr' id='par_1_17' title="bbox 251 1763 1850 1842">
     <span class='ocr_line' id='line_1_17' title="bbox 251 1763 1850 1842; baseline -0.001 -20"><span class='ocrx_word' id='word_1_115' title='bbox 251 1767 433 1834; x_wconf 74' lang='grc' dir='ltr'>οὕτως</span> <span class='ocrx_word' id='word_1_116' title='bbox 462 1766 582 1822; x_wconf 83' lang='grc' dir='ltr'>ούδέ</span> <span class='ocrx_word' id='word_1_117' title='bbox 610 1768 725 1831; x_wconf 90' lang='grc' dir='ltr'>τοῖς</span> <span class='ocrx_word' id='word_1_118' title='bbox 753 1766 976 1836; x_wconf 81' lang='grc' dir='ltr'>λέγουσι</span> <span class='ocrx_word' id='word_1_119' title='bbox 1002 1768 1077 1840; x_wconf 82' lang='grc' dir='ltr'>μὴ</span> <span class='ocrx_word' id='word_1_120' title='bbox 1108 1763 1248 1820; x_wconf 79' lang='grc' dir='ltr'>εἶναι</span> <span class='ocrx_word' id='word_1_121' title='bbox 1276 1768 1430 1824; x_wconf 85' lang='grc' dir='ltr'>Θεόν.</span> <span class='ocrx_word' id='word_1_122' title='bbox 1449 1770 1510 1822; x_wconf 82' lang='grc' dir='ltr'><strong>Εἰ</strong></span> <span class='ocrx_word' id='word_1_123' title='bbox 1532 1770 1642 1842; x_wconf 80' lang='grc' dir='ltr'>γὰρ</span> <span class='ocrx_word' id='word_1_124' title='bbox 1669 1770 1850 1822; x_wconf 83' lang='grc' dir='ltr'>πλοῖον</span> 
     </span>
    </p>
   </div>
   <div class='ocr_carea' id='block_1_18' title="bbox 253 1849 1853 1921">
    <p class='ocr_par' dir='ltr' id='par_1_18' title="bbox 253 1849 1853 1921">
     <span class='ocr_line' id='line_1_18' title="bbox 253 1849 1853 1921; baseline -0.001 -15"><span class='ocrx_word' id='word_1_125' title='bbox 253 1851 472 1920; x_wconf 71' lang='grc' dir='ltr'>ὀλίγους</span> <span class='ocrx_word' id='word_1_126' title='bbox 516 1849 719 1915; x_wconf 87' lang='grc' dir='ltr'>ναύτας</span> <span class='ocrx_word' id='word_1_127' title='bbox 764 1849 886 1921; x_wconf 77' lang='grc' dir='ltr'>ἔχον</span> <span class='ocrx_word' id='word_1_128' title='bbox 934 1850 1029 1904; x_wconf 80' lang='grc' dir='ltr'>καὶ</span> <span class='ocrx_word' id='word_1_129' title='bbox 1074 1851 1360 1919; x_wconf 75' lang='grc' dir='ltr'>ἐπιϐάτας,</span> <span class='ocrx_word' id='word_1_130' title='bbox 1392 1854 1493 1906; x_wconf 68' lang='grc' dir='ltr'>οὐκ</span> <span class='ocrx_word' id='word_1_131' title='bbox 1539 1853 1605 1907; x_wconf 85' lang='grc' dir='ltr'>ἂν</span> <span class='ocrx_word' id='word_1_132' title='bbox 1643 1853 1762 1906; x_wconf 76' lang='grc' dir='ltr'>ούδέ</span> <span class='ocrx_word' id='word_1_133' title='bbox 1794 1852 1853 1906; x_wconf 81' lang='grc' dir='ltr'>ἓν</span> 
     </span>
    </p>
   </div>
   <div class='ocr_carea' id='block_1_19' title="bbox 257 1933 1853 2009">
    <p class='ocr_par' dir='ltr' id='par_1_19' title="bbox 257 1933 1853 2009">
     <span class='ocr_line' id='line_1_19' title="bbox 257 1933 1853 2009; baseline -0.001 -19"><span class='ocrx_word' id='word_1_134' title='bbox 257 1936 474 1990; x_wconf 76' lang='grc' dir='ltr'>στάδιον</span> <span class='ocrx_word' id='word_1_135' title='bbox 519 1933 811 2006; x_wconf 86' lang='grc' dir='ltr'>διασωθείη</span> <span class='ocrx_word' id='word_1_136' title='bbox 846 1935 1016 2007; x_wconf 69' lang='grc' dir='ltr'>χωρὶς</span> <span class='ocrx_word' id='word_1_137' title='bbox 1046 1934 1148 2005; x_wconf 89' lang='grc' dir='ltr'>τῆς</span> <span class='ocrx_word' id='word_1_138' title='bbox 1177 1935 1529 2009; x_wconf 82' lang='grc' dir='ltr'>κυϐερνώσης</span> <span class='ocrx_word' id='word_1_139' title='bbox 1562 1935 1694 1990; x_wconf 73' lang='grc' dir='ltr'>αὐτὸ</span> <span class='ocrx_word' id='word_1_140' title='bbox 1739 1954 1853 2006; x_wconf 88' lang='grc' dir='ltr'>χει-</span> 
     </span>
    </p>
   </div>
   <div class='ocr_carea' id='block_1_20' title="bbox 259 2017 1857 2094">
    <p class='ocr_par' dir='ltr' id='par_1_20' title="bbox 259 2017 1857 2094">
     <span class='ocr_line' id='line_1_20' title="bbox 259 2017 1857 2094; baseline 0.002 -22"><span class='ocrx_word' id='word_1_141' title='bbox 259 2020 376 2094; x_wconf 80' lang='grc' dir='ltr'>ρὸς,</span> <span class='ocrx_word' id='word_1_142' title='bbox 405 2017 588 2089; x_wconf 87' lang='grc' dir='ltr'>πολλῷ</span> <span class='ocrx_word' id='word_1_143' title='bbox 634 2018 836 2090; x_wconf 83' lang='grc' dir='ltr'>μᾶλλον</span> <span class='ocrx_word' id='word_1_144' title='bbox 882 2018 1086 2088; x_wconf 91' lang='grc' dir='ltr'>κόσμος</span> <span class='ocrx_word' id='word_1_145' title='bbox 1121 2017 1274 2091; x_wconf 77' lang='lat'><strong>[260]</strong></span> <span class='ocrx_word' id='word_1_146' title='bbox 1309 2020 1585 2083; x_wconf 85' lang='grc' dir='ltr'>τοσοῦτος,</span> <span class='ocrx_word' id='word_1_147' title='bbox 1616 2020 1857 2075; x_wconf 89' lang='grc' dir='ltr'>τοσαῦτα</span> 
     </span>
    </p>
   </div>
   <div class='ocr_carea' id='block_1_21' title="bbox 260 2101 1858 2175">
    <p class='ocr_par' dir='ltr' id='par_1_21' title="bbox 260 2101 1858 2175">
     <span class='ocr_line' id='line_1_21' title="bbox 260 2101 1858 2175; baseline -0.001 -18"><span class='ocrx_word' id='word_1_148' title='bbox 260 2102 493 2174; x_wconf 88' lang='grc' dir='ltr'>σώματα</span> <span class='ocrx_word' id='word_1_149' title='bbox 515 2101 653 2173; x_wconf 74' lang='grc' dir='ltr'>ἔχων</span> <span class='ocrx_word' id='word_1_150' title='bbox 680 2104 737 2156; x_wconf 88' lang='grc' dir='ltr'>ἐν</span> <span class='ocrx_word' id='word_1_151' title='bbox 764 2101 943 2173; x_wconf 81' lang='grc' dir='ltr'>ἐαυτῷ</span> <span class='ocrx_word' id='word_1_152' title='bbox 968 2103 1033 2155; x_wconf 87' lang='grc' dir='ltr'>ἐκ</span> <span class='ocrx_word' id='word_1_153' title='bbox 1055 2102 1329 2175; x_wconf 85' lang='grc' dir='ltr'>διαφόρων</span> <span class='ocrx_word' id='word_1_154' title='bbox 1352 2105 1688 2175; x_wconf 78' lang='grc' dir='ltr'>συγκείμενα</span> <span class='ocrx_word' id='word_1_155' title='bbox 1716 2120 1858 2157; x_wconf 87' lang='grc' dir='ltr'>στοι-</span> 
     </span>
    </p>
   </div>
   <div class='ocr_carea' id='block_1_22' title="bbox 259 2185 1859 2261">
    <p class='ocr_par' dir='ltr' id='par_1_22' title="bbox 259 2185 1859 2261">
     <span class='ocr_line' id='line_1_22' title="bbox 259 2185 1859 2261; baseline 0.003 -22"><span class='ocrx_word' id='word_1_156' title='bbox 259 2187 447 2259; x_wconf 85' lang='grc' dir='ltr'>χείων,</span> <span class='ocrx_word' id='word_1_157' title='bbox 483 2187 577 2240; x_wconf 78' lang='grc' dir='ltr'>ἐπὶ</span> <span class='ocrx_word' id='word_1_158' title='bbox 605 2185 861 2240; x_wconf 89' lang='grc' dir='ltr'>τοσοῦτον</span> <span class='ocrx_word' id='word_1_159' title='bbox 892 2185 1085 2258; x_wconf 87' lang='grc' dir='ltr'>χρόνον</span> <span class='ocrx_word' id='word_1_160' title='bbox 1114 2186 1216 2240; x_wconf 83' lang='grc' dir='ltr'>οὐκ</span> <span class='ocrx_word' id='word_1_161' title='bbox 1242 2187 1309 2240; x_wconf 86' lang='grc' dir='ltr'>ἂν</span> <span class='ocrx_word' id='word_1_162' title='bbox 1337 2188 1651 2259; x_wconf 83' lang='grc' dir='ltr'>διήρκεσεν,</span> <span class='ocrx_word' id='word_1_163' title='bbox 1680 2189 1729 2242; x_wconf 80' lang='grc' dir='ltr'>εἰ</span> <span class='ocrx_word' id='word_1_164' title='bbox 1782 2188 1859 2261; x_wconf 85' lang='grc' dir='ltr'>μὴ</span> 
     </span>
    </p>
   </div>
   <div class='ocr_carea' id='block_1_23' title="bbox 261 2266 1859 2347">
    <p class='ocr_par' dir='ltr' id='par_1_23' title="bbox 261 2266 1859 2347">
     <span class='ocr_line' id='line_1_23' title="bbox 261 2266 1859 2347; baseline 0.001 -22"><span class='ocrx_word' id='word_1_165' title='bbox 261 2271 487 2341; x_wconf 87' lang='grc' dir='ltr'>πρόνοια</span> <span class='ocrx_word' id='word_1_166' title='bbox 521 2266 596 2347; x_wconf 27' lang='grc' dir='ltr'>,ῆν</span> <span class='ocrx_word' id='word_1_167' title='bbox 644 2288 729 2335; x_wconf 91' lang='grc' dir='ltr'>τις</span> <span class='ocrx_word' id='word_1_168' title='bbox 775 2270 1088 2340; x_wconf 89' lang='grc' dir='ltr'>ἐφεστῶσα,</span> <span class='ocrx_word' id='word_1_169' title='bbox 1126 2272 1221 2325; x_wconf 81' lang='grc' dir='ltr'>καὶ</span> <span class='ocrx_word' id='word_1_170' title='bbox 1248 2272 1368 2327; x_wconf 84' lang='grc' dir='ltr'>τόδε</span> <span class='ocrx_word' id='word_1_171' title='bbox 1396 2273 1457 2326; x_wconf 86' lang='grc' dir='ltr'>τὸ</span> <span class='ocrx_word' id='word_1_172' title='bbox 1484 2274 1593 2326; x_wconf 79' lang='grc' dir='ltr'>πᾶν</span> <span class='ocrx_word' id='word_1_173' title='bbox 1619 2289 1859 2345; x_wconf 88' lang='grc' dir='ltr'>συγκρα-</span> 
     </span>
    </p>
   </div>
   <div class='ocr_carea' id='block_1_24' title="bbox 260 2354 1860 2427">
    <p class='ocr_par' dir='ltr' id='par_1_24' title="bbox 260 2354 1860 2427">
     <span class='ocr_line' id='line_1_24' title="bbox 260 2354 1860 2427; baseline 0.001 -19"><span class='ocrx_word' id='word_1_174' title='bbox 260 2354 430 2409; x_wconf 89' lang='grc' dir='ltr'>τοῦσα</span> <span class='ocrx_word' id='word_1_175' title='bbox 460 2355 556 2409; x_wconf 78' lang='grc' dir='ltr'>καὶ</span> <span class='ocrx_word' id='word_1_176' title='bbox 592 2355 894 2425; x_wconf 78' lang='grc' dir='ltr'>συνέχουσα</span> <span class='ocrx_word' id='word_1_177' title='bbox 922 2355 1211 2427; x_wconf 85' lang='grc' dir='ltr'>διηνεκῶς.</span> <span class='ocrx_word' id='word_1_178' title='bbox 1232 2357 1330 2408; x_wconf 77' lang='grc' dir='ltr'>Ἂν</span> <span class='ocrx_word' id='word_1_179' title='bbox 1373 2356 1432 2408; x_wconf 85' lang='grc' dir='ltr'>δὲ</span> <span class='ocrx_word' id='word_1_180' title='bbox 1477 2355 1860 2426; x_wconf 76' lang='grc' dir='ltr'>αἰσχυνθέντες</span> 
     </span>
    </p>
   </div>
   <div class='ocr_carea' id='block_1_25' title="bbox 261 2436 1859 2511">
    <p class='ocr_par' dir='ltr' id='par_1_25' title="bbox 261 2436 1859 2511">
     <span class='ocr_line' id='line_1_25' title="bbox 261 2436 1859 2511; baseline 0.001 -20"><span class='ocrx_word' id='word_1_181' title='bbox 261 2436 361 2509; x_wconf 78' lang='grc' dir='ltr'>τὴν</span> <span class='ocrx_word' id='word_1_182' title='bbox 387 2438 571 2511; x_wconf 84' lang='grc' dir='ltr'>κοινὴν</span> <span class='ocrx_word' id='word_1_183' title='bbox 595 2437 853 2493; x_wconf 84' lang='grc' dir='ltr'>ἁπάντων</span> <span class='ocrx_word' id='word_1_184' title='bbox 878 2438 1059 2511; x_wconf 74' lang='grc' dir='ltr'>ψῆφον</span> <span class='ocrx_word' id='word_1_185' title='bbox 1086 2439 1182 2493; x_wconf 80' lang='grc' dir='ltr'>καὶ</span> <span class='ocrx_word' id='word_1_186' title='bbox 1202 2439 1302 2509; x_wconf 76' lang='grc' dir='ltr'>τὴν</span> <span class='ocrx_word' id='word_1_187' title='bbox 1333 2439 1440 2493; x_wconf 81' lang='grc' dir='ltr'>ἀπὸ</span> <span class='ocrx_word' id='word_1_188' title='bbox 1465 2439 1574 2492; x_wconf 89' lang='grc' dir='ltr'>τῶν</span> <span class='ocrx_word' id='word_1_189' title='bbox 1601 2440 1859 2511; x_wconf 78' lang='grc' dir='ltr'>πραγμά-</span> 
     </span>
    </p>
   </div>
   <div class='ocr_carea' id='block_1_26' title="bbox 1258 389 2557 453">
    <p class='ocr_par' dir='ltr' id='par_1_26' title="bbox 1258 389 2557 453">
     <span class='ocr_line' id='line_1_26' title="bbox 1258 389 2557 453; baseline 0.005 -6"><span class='ocrx_word' id='word_1_190' title='bbox 1258 389 1350 448; x_wconf 78' lang='lat' dir='ltr'><strong>DE</strong></span> <span class='ocrx_word' id='word_1_191' title='bbox 1386 391 1683 452; x_wconf 77' lang='lat' dir='ltr'>DIABOLO</span> <span class='ocrx_word' id='word_1_192' title='bbox 1719 390 2161 451; x_wconf 69' lang='grc' dir='ltr'>ἸΕΝΤΑΤΟΒΕ.</span> <span class='ocrx_word' id='word_1_193' title='bbox 2206 394 2445 453; x_wconf 77' lang='lat' dir='ltr'>HOMIL.</span> <span class='ocrx_word' id='word_1_194' title='bbox 2487 395 2557 453; x_wconf 83' lang='lat' dir='ltr'>ll.</span> 
     </span>
    </p>
   </div>
   <div class='ocr_carea' id='block_1_27' title="bbox 3436 397 3545 457">
    <p class='ocr_par' dir='ltr' id='par_1_27' title="bbox 3436 397 3545 457">
     <span class='ocr_line' id='line_1_27' title="bbox 3436 397 3545 457; baseline -0.046 0"><span class='ocrx_word' id='word_1_195' title='bbox 3436 397 3545 457; x_wconf 61' lang='grc'>2⁵38</span> 
     </span>
    </p>
   </div>
   <div class='ocr_carea' id='block_1_28' title="bbox 1940 505 3550 585">
    <p class='ocr_par' dir='ltr' id='par_1_28' title="bbox 1940 505 3550 585">
     <span class='ocr_line' id='line_1_28' title="bbox 1940 505 3550 585; baseline 0.002 -24"><span class='ocrx_word' id='word_1_196' title='bbox 1940 525 2051 563; x_wconf 90' lang='grc' dir='ltr'>των</span> <span class='ocrx_word' id='word_1_197' title='bbox 2080 514 2300 585; x_wconf 87' lang='grc' dir='ltr'>πεῖραν,</span> <span class='ocrx_word' id='word_1_198' title='bbox 2333 512 2751 585; x_wconf 81' lang='grc' dir='ltr'>ὁμολογήσωσιν</span> <span class='ocrx_word' id='word_1_199' title='bbox 2775 506 2917 566; x_wconf 74' lang='grc' dir='ltr'>εἶναι</span> <span class='ocrx_word' id='word_1_200' title='bbox 2936 524 2960 552; x_wconf 77' lang='grc' dir='ltr'><strong><em>ο</em></strong></span> <span class='ocrx_word' id='word_1_201' title='bbox 2996 509 3153 573; x_wconf 74' lang='grc' dir='ltr'>Θεὸν,</span> <span class='ocrx_word' id='word_1_202' title='bbox 3179 510 3356 563; x_wconf 83' lang='grc' dir='ltr'>ἐκεῖνο</span> <span class='ocrx_word' id='word_1_203' title='bbox 3372 505 3550 578; x_wconf 76' lang='grc' dir='ltr'>λέγω·</span> 
     </span>
    </p>
   </div>
   <div class='ocr_carea' id='block_1_29' title="bbox 1945 589 3549 668">
    <p class='ocr_par' dir='ltr' id='par_1_29' title="bbox 1945 589 3549 668">
     <span class='ocr_line' id='line_1_29' title="bbox 1945 589 3549 668; baseline -0.001 -21"><span class='ocrx_word' id='word_1_204' title='bbox 1945 611 2047 665; x_wconf 87' lang='grc' dir='ltr'>μεν</span> <span class='ocrx_word' id='word_1_205' title='bbox 2079 596 2219 668; x_wconf 84' lang='grc' dir='ltr'>πρὸς</span> <span class='ocrx_word' id='word_1_206' title='bbox 2248 597 2469 662; x_wconf 81' lang='grc' dir='ltr'>αὐτοὺς,</span> <span class='ocrx_word' id='word_1_207' title='bbox 2498 597 2582 650; x_wconf 81' lang='grc' dir='ltr'>ὅτι</span> <span class='ocrx_word' id='word_1_208' title='bbox 2614 597 2665 649; x_wconf 90' lang='grc' dir='ltr'>εἰ</span> <span class='ocrx_word' id='word_1_209' title='bbox 2699 595 2848 649; x_wconf 73' lang='grc' dir='ltr'>ἔστιν</span> <span class='ocrx_word' id='word_1_210' title='bbox 2879 596 2907 648; x_wconf 85' lang='grc' dir='ltr'>ὁ</span> <span class='ocrx_word' id='word_1_211' title='bbox 2931 593 3089 659; x_wconf 81' lang='grc' dir='ltr'>Θεὸς,</span> <span class='ocrx_word' id='word_1_212' title='bbox 3117 593 3307 664; x_wconf 85' lang='grc' dir='ltr'>ὥσπερ</span> <span class='ocrx_word' id='word_1_213' title='bbox 3333 589 3426 645; x_wconf 74' lang='grc' dir='ltr'>οὖν</span> <span class='ocrx_word' id='word_1_214' title='bbox 3455 594 3549 646; x_wconf 75' lang='grc' dir='ltr'>καὶ</span> 
     </span>
    </p>
   </div>
   <div class='ocr_carea' id='block_1_30' title="bbox 1942 674 3548 746">
    <p class='ocr_par' dir='ltr' id='par_1_30' title="bbox 1942 674 3548 746">
     <span class='ocr_line' id='line_1_30' title="bbox 1942 674 3548 746; baseline -0.001 -14"><span class='ocrx_word' id='word_1_215' title='bbox 1942 677 2114 745; x_wconf 83' lang='grc' dir='ltr'>ἐστιν,</span> <span class='ocrx_word' id='word_1_216' title='bbox 2145 679 2443 734; x_wconf 79' lang='grc' dir='ltr'>ἀκόλουθον</span> <span class='ocrx_word' id='word_1_217' title='bbox 2470 676 2609 734; x_wconf 79' lang='grc' dir='ltr'>εἶναι</span> <span class='ocrx_word' id='word_1_218' title='bbox 2645 681 2741 734; x_wconf 74' lang='grc' dir='ltr'>καὶ</span> <span class='ocrx_word' id='word_1_219' title='bbox 2769 679 3013 734; x_wconf 89' lang='grc' dir='ltr'>δίκαιον·</span> <span class='ocrx_word' id='word_1_220' title='bbox 3047 677 3099 730; x_wconf 87' lang='grc' dir='ltr'>εἰ</span> <span class='ocrx_word' id='word_1_221' title='bbox 3143 674 3256 746; x_wconf 83' lang='grc' dir='ltr'>γὰρ</span> <span class='ocrx_word' id='word_1_222' title='bbox 3306 675 3387 746; x_wconf 85' lang='grc' dir='ltr'>μή</span> <span class='ocrx_word' id='word_1_223' title='bbox 3431 678 3548 731; x_wconf 78' lang='grc' dir='ltr'>ἐστι</span> 
     </span>
    </p>
   </div>
   <div class='ocr_carea' id='block_1_31' title="bbox 1942 756 3552 831">
    <p class='ocr_par' dir='ltr' id='par_1_31' title="bbox 1942 756 3552 831">
     <span class='ocr_line' id='line_1_31' title="bbox 1942 756 3552 831; baseline -0.003 -16"><span class='ocrx_word' id='word_1_224' title='bbox 1942 761 2173 831; x_wconf 73' lang='grc' dir='ltr'>δίκαιος,</span> <span class='ocrx_word' id='word_1_225' title='bbox 2202 761 2328 817; x_wconf 77' lang='grc' dir='ltr'>οὔτε</span> <span class='ocrx_word' id='word_1_226' title='bbox 2359 763 2493 827; x_wconf 88' lang='grc' dir='ltr'>Θεός</span> <span class='ocrx_word' id='word_1_227' title='bbox 2521 764 2671 816; x_wconf 89' lang='grc' dir='ltr'>ἐστιν</span> <span class='ocrx_word' id='word_1_228' title='bbox 2691 778 2706 792; x_wconf 90' lang='grc'>⁸</span> <span class='ocrx_word' id='word_1_229' title='bbox 2734 763 2784 816; x_wconf 89' lang='grc' dir='ltr'>εἰ</span> <span class='ocrx_word' id='word_1_230' title='bbox 2806 761 2863 816; x_wconf 89' lang='grc' dir='ltr'>δέ</span> <span class='ocrx_word' id='word_1_231' title='bbox 2893 758 3104 823; x_wconf 83' lang='grc' dir='ltr'>δίκαιός</span> <span class='ocrx_word' id='word_1_232' title='bbox 3127 758 3298 822; x_wconf 88' lang='grc' dir='ltr'>ἐστιν,</span> <span class='ocrx_word' id='word_1_233' title='bbox 3333 756 3552 829; x_wconf 79' lang='grc' dir='ltr'>ἑκάστῳ</span> 
     </span>
    </p>
   </div>
   <div class='ocr_carea' id='block_1_32' title="bbox 1944 839 3551 915">
    <p class='ocr_par' dir='ltr' id='par_1_32' title="bbox 1944 839 3551 915">
     <span class='ocr_line' id='line_1_32' title="bbox 1944 839 3551 915; baseline -0.006 -13"><span class='ocrx_word' id='word_1_234' title='bbox 1944 846 2016 902; x_wconf 85' lang='grc' dir='ltr'>τά</span> <span class='ocrx_word' id='word_1_235' title='bbox 2063 847 2186 901; x_wconf 85' lang='grc' dir='ltr'>κατ’</span> <span class='ocrx_word' id='word_1_236' title='bbox 2212 846 2375 913; x_wconf 88' lang='grc' dir='ltr'>ἀξίαν</span> <span class='ocrx_word' id='word_1_237' title='bbox 2421 845 2928 901; x_wconf 80' lang='grc' dir='ltr'>ἀποδίδωσιν.Ἀλλ’</span> <span class='ocrx_word' id='word_1_238' title='bbox 2959 842 3179 915; x_wconf 88' lang='grc' dir='ltr'>ὁρῶμεν</span> <span class='ocrx_word' id='word_1_239' title='bbox 3222 842 3285 897; x_wconf 84' lang='grc' dir='ltr'>οὐ</span> <span class='ocrx_word' id='word_1_240' title='bbox 3340 839 3551 904; x_wconf 78' lang='grc' dir='ltr'>πάντας</span> 
     </span>
    </p>
   </div>
   <div class='ocr_carea' id='block_1_33' title="bbox 1949 924 3550 1000">
    <p class='ocr_par' dir='ltr' id='par_1_33' title="bbox 1949 924 3550 1000">
     <span class='ocr_line' id='line_1_33' title="bbox 1949 924 3550 1000; baseline -0.004 -16"><span class='ocrx_word' id='word_1_241' title='bbox 1949 930 2186 986; x_wconf 88' lang='grc' dir='ltr'>ἐνταῦθα</span> <span class='ocrx_word' id='word_1_242' title='bbox 2215 933 2336 984; x_wconf 85' lang='grc' dir='ltr'>κατ’</span> <span class='ocrx_word' id='word_1_243' title='bbox 2360 930 2519 998; x_wconf 80' lang='grc' dir='ltr'>ἀξίαν</span> <span class='ocrx_word' id='word_1_244' title='bbox 2548 928 3040 1000; x_wconf 85' lang='grc' dir='ltr'>ἀπολαμϐάνοντας</span> <span class='ocrx_word' id='word_1_245' title='bbox 3060 944 3073 958; x_wconf 81' lang='grc'>⁸</span> <span class='ocrx_word' id='word_1_246' title='bbox 3104 924 3307 979; x_wconf 78' lang='grc' dir='ltr'>οὐκοῦν</span> <span class='ocrx_word' id='word_1_247' title='bbox 3332 924 3550 995; x_wconf 78' lang='grc' dir='ltr'>ἀνάγκη</span> 
     </span>
    </p>
   </div>
   <div class='ocr_carea' id='block_1_34' title="bbox 1947 1007 3550 1086">
    <p class='ocr_par' dir='ltr' id='par_1_34' title="bbox 1947 1007 3550 1086">
     <span class='ocr_line' id='line_1_34' title="bbox 1947 1007 3550 1086; baseline -0.004 -19"><span class='ocrx_word' id='word_1_248' title='bbox 1947 1015 2071 1069; x_wconf 86' lang='grc' dir='ltr'>τινά</span> <span class='ocrx_word' id='word_1_249' title='bbox 2101 1014 2322 1068; x_wconf 77' lang='grc' dir='ltr'>ἐλπίσαι</span> <span class='ocrx_word' id='word_1_250' title='bbox 2372 1014 2567 1086; x_wconf 79' lang='grc' dir='ltr'>ἑτέραν</span> <span class='ocrx_word' id='word_1_251' title='bbox 2600 1013 2976 1085; x_wconf 83' lang='grc' dir='ltr'>ἀποκειμένην</span> <span class='ocrx_word' id='word_1_252' title='bbox 3006 1008 3263 1083; x_wconf 81' lang='grc' dir='ltr'>ἀμοιϐὴν,</span> <span class='ocrx_word' id='word_1_253' title='bbox 3297 1007 3387 1063; x_wconf 86' lang='grc' dir='ltr'>ἶνα</span> <span class='ocrx_word' id='word_1_254' title='bbox 3420 1007 3550 1062; x_wconf 88' lang='grc' dir='ltr'>ἐκά-</span> 
     </span>
    </p>
   </div>
   <div class='ocr_carea' id='block_1_35' title="bbox 1953 1091 3551 1166">
    <p class='ocr_par' dir='ltr' id='par_1_35' title="bbox 1953 1091 3551 1166">
     <span class='ocr_line' id='line_1_35' title="bbox 1953 1091 3551 1166; baseline -0.005 -14"><span class='ocrx_word' id='word_1_255' title='bbox 1953 1116 2082 1153; x_wconf 90' lang='grc' dir='ltr'>στου</span> <span class='ocrx_word' id='word_1_256' title='bbox 2131 1099 2201 1153; x_wconf 91' lang='grc' dir='ltr'>τά</span> <span class='ocrx_word' id='word_1_257' title='bbox 2247 1100 2372 1153; x_wconf 89' lang='grc' dir='ltr'>κατ’</span> <span class='ocrx_word' id='word_1_258' title='bbox 2407 1098 2568 1166; x_wconf 85' lang='grc' dir='ltr'>ἀξίαν</span> <span class='ocrx_word' id='word_1_259' title='bbox 2596 1096 2987 1161; x_wconf 84' lang='grc' dir='ltr'>ἀπολαϐόντος,</span> <span class='ocrx_word' id='word_1_260' title='bbox 3017 1096 3161 1166; x_wconf 83' lang='grc' dir='ltr'>φανῇ</span> <span class='ocrx_word' id='word_1_261' title='bbox 3184 1092 3280 1147; x_wconf 89' lang='grc' dir='ltr'>τοῦ</span> <span class='ocrx_word' id='word_1_262' title='bbox 3310 1091 3448 1146; x_wconf 82' lang='grc' dir='ltr'>Θεοῦ</span> <span class='ocrx_word' id='word_1_263' title='bbox 3489 1092 3551 1145; x_wconf 82' lang='grc' dir='ltr'>τὸ</span> 
     </span>
    </p>
   </div>
   <div class='ocr_carea' id='block_1_36' title="bbox 1950 1175 3551 1255">
    <p class='ocr_par' dir='ltr' id='par_1_36' title="bbox 1950 1175 3551 1255">
     <span class='ocr_line' id='line_1_36' title="bbox 1950 1175 3551 1255; baseline -0.006 -18"><span class='ocrx_word' id='word_1_264' title='bbox 1950 1184 2180 1239; x_wconf 86' lang='grc' dir='ltr'>δίκαιον.</span> <span class='ocrx_word' id='word_1_265' title='bbox 2209 1175 2381 1247; x_wconf 76' lang='grc' dir='ltr'>Οὗτος</span> <span class='ocrx_word' id='word_1_266' title='bbox 2432 1183 2537 1255; x_wconf 82' lang='grc' dir='ltr'>γὰρ</span> <span class='ocrx_word' id='word_1_267' title='bbox 2568 1183 2598 1236; x_wconf 86' lang='grc' dir='ltr'>ό</span> <span class='ocrx_word' id='word_1_268' title='bbox 2631 1181 2810 1251; x_wconf 84' lang='grc' dir='ltr'>λόγος,</span> <span class='ocrx_word' id='word_1_269' title='bbox 2855 1182 2917 1235; x_wconf 85' lang='grc' dir='ltr'>ού</span> <span class='ocrx_word' id='word_1_270' title='bbox 2962 1178 3061 1251; x_wconf 83' lang='grc' dir='ltr'>τὴν</span> <span class='ocrx_word' id='word_1_271' title='bbox 3115 1177 3249 1250; x_wconf 78' lang='grc' dir='ltr'>περὶ</span> <span class='ocrx_word' id='word_1_272' title='bbox 3291 1176 3551 1248; x_wconf 83' lang='grc' dir='ltr'>προνοίας</span> 
     </span>
    </p>
   </div>
   <div class='ocr_carea' id='block_1_37' title="bbox 1956 1260 3551 1339">
    <p class='ocr_par' dir='ltr' id='par_1_37' title="bbox 1956 1260 3551 1339">
     <span class='ocr_line' id='line_1_37' title="bbox 1956 1260 3551 1339; baseline -0.005 -18"><span class='ocrx_word' id='word_1_273' title='bbox 1956 1268 2137 1338; x_wconf 88' lang='grc' dir='ltr'>μόνον,</span> <span class='ocrx_word' id='word_1_274' title='bbox 2162 1266 2303 1321; x_wconf 85' lang='grc' dir='ltr'>ἀλλά</span> <span class='ocrx_word' id='word_1_275' title='bbox 2332 1267 2429 1320; x_wconf 75' lang='grc' dir='ltr'>καὶ</span> <span class='ocrx_word' id='word_1_276' title='bbox 2452 1265 2552 1337; x_wconf 78' lang='grc' dir='ltr'>τὴν</span> <span class='ocrx_word' id='word_1_277' title='bbox 2582 1266 2712 1339; x_wconf 72' lang='grc' dir='ltr'>περὶ</span> <span class='ocrx_word' id='word_1_278' title='bbox 2736 1264 3088 1328; x_wconf 78' lang='grc' dir='ltr'>ἀναστάσεως</span> <span class='ocrx_word' id='word_1_279' title='bbox 3111 1260 3423 1330; x_wconf 85' lang='grc' dir='ltr'>συνεισάγει</span> <span class='ocrx_word' id='word_1_280' title='bbox 3459 1276 3551 1329; x_wconf 87' lang='grc' dir='ltr'>φι-</span> 
     </span>
    </p>
   </div>
   <div class='ocr_carea' id='block_1_38' title="bbox 1952 1343 3554 1422">
    <p class='ocr_par' dir='ltr' id='par_1_38' title="bbox 1952 1343 3554 1422">
     <span class='ocr_line' id='line_1_38' title="bbox 1952 1343 3554 1422; baseline -0.004 -19"><span class='ocrx_word' id='word_1_281' title='bbox 1952 1350 2211 1421; x_wconf 88' lang='grc' dir='ltr'>λοσοφίαν</span> <span class='ocrx_word' id='word_1_282' title='bbox 2240 1351 2389 1422; x_wconf 79' lang='grc' dir='ltr'>ἡμῖν.</span> <span class='ocrx_word' id='word_1_283' title='bbox 2421 1347 2608 1404; x_wconf 87' lang='grc' dir='ltr'>Ταῦτα</span> <span class='ocrx_word' id='word_1_284' title='bbox 2633 1349 2813 1402; x_wconf 85' lang='grc' dir='ltr'>τοίνυν</span> <span class='ocrx_word' id='word_1_285' title='bbox 2841 1347 3065 1411; x_wconf 86' lang='grc' dir='ltr'>εἰδότες,</span> <span class='ocrx_word' id='word_1_286' title='bbox 3091 1347 3187 1400; x_wconf 74' lang='grc' dir='ltr'>καὶ</span> <span class='ocrx_word' id='word_1_287' title='bbox 3217 1345 3372 1398; x_wconf 70' lang='grc' dir='ltr'>αὐτοὶ</span> <span class='ocrx_word' id='word_1_288' title='bbox 3395 1343 3554 1416; x_wconf 88' lang='grc' dir='ltr'>μελε-</span> 
     </span>
    </p>
   </div>
   <div class='ocr_carea' id='block_1_39' title="bbox 1952 1428 3552 1507">
    <p class='ocr_par' dir='ltr' id='par_1_39' title="bbox 1952 1428 3552 1507">
     <span class='ocr_line' id='line_1_39' title="bbox 1952 1428 3552 1507; baseline -0.004 -20"><span class='ocrx_word' id='word_1_289' title='bbox 1952 1435 2138 1507; x_wconf 84' lang='grc' dir='ltr'>τῶμεν</span> <span class='ocrx_word' id='word_1_290' title='bbox 2164 1433 2237 1489; x_wconf 90' lang='grc' dir='ltr'>τά</span> <span class='ocrx_word' id='word_1_291' title='bbox 2262 1435 2395 1506; x_wconf 71' lang='grc' dir='ltr'>περὶ</span> <span class='ocrx_word' id='word_1_292' title='bbox 2417 1433 2676 1505; x_wconf 87' lang='grc' dir='ltr'>προνοίας</span> <span class='ocrx_word' id='word_1_293' title='bbox 2701 1433 2797 1487; x_wconf 73' lang='grc' dir='ltr'>καὶ</span> <span class='ocrx_word' id='word_1_294' title='bbox 2819 1430 3195 1492; x_wconf 83' lang='grc' dir='ltr'>ἀναστάσεως,</span> <span class='ocrx_word' id='word_1_295' title='bbox 3213 1428 3309 1483; x_wconf 81' lang='grc' dir='ltr'>καὶ</span> <span class='ocrx_word' id='word_1_296' title='bbox 3331 1428 3552 1499; x_wconf 81' lang='grc' dir='ltr'>ἐτέρους</span> 
     </span>
    </p>
   </div>
   <div class='ocr_carea' id='block_1_40' title="bbox 1953 1511 3553 1589">
    <p class='ocr_par' dir='ltr' id='par_1_40' title="bbox 1953 1511 3553 1589">
     <span class='ocr_line' id='line_1_40' title="bbox 1953 1511 3553 1589; baseline -0.006 -17"><span class='ocrx_word' id='word_1_297' title='bbox 1953 1518 2318 1589; x_wconf 80' lang='grc' dir='ltr'>διδάσκωμεν,</span> <span class='ocrx_word' id='word_1_298' title='bbox 2352 1517 2449 1571; x_wconf 71' lang='grc' dir='ltr'>καὶ</span> <span class='ocrx_word' id='word_1_299' title='bbox 2485 1516 2725 1587; x_wconf 83' lang='grc' dir='ltr'>σπουδὴν</span> <span class='ocrx_word' id='word_1_300' title='bbox 2761 1513 3123 1586; x_wconf 80' lang='grc' dir='ltr'>ποιησώμεθα</span> <span class='ocrx_word' id='word_1_301' title='bbox 3162 1512 3380 1568; x_wconf 78' lang='grc' dir='ltr'>ἃπασαν</span> <span class='ocrx_word' id='word_1_302' title='bbox 3425 1511 3553 1573; x_wconf 77' lang='grc' dir='ltr'>τοὺς</span> 
     </span>
    </p>
   </div>
   <div class='ocr_carea' id='block_1_41' title="bbox 1957 1595 3555 1667">
    <p class='ocr_par' dir='ltr' id='par_1_41' title="bbox 1957 1595 3555 1667">
     <span class='ocr_line' id='line_1_41' title="bbox 1957 1595 3555 1667; baseline -0.005 -11"><span class='ocrx_word' id='word_1_303' title='bbox 1957 1601 2098 1656; x_wconf 79' lang='grc' dir='ltr'>κατὰ</span> <span class='ocrx_word' id='word_1_304' title='bbox 2119 1601 2211 1655; x_wconf 83' lang='grc' dir='ltr'>τοῦ</span> <span class='ocrx_word' id='word_1_305' title='bbox 2238 1601 2514 1656; x_wconf 85' lang='grc' dir='ltr'>Δεσπότου</span> <span class='ocrx_word' id='word_1_306' title='bbox 2539 1600 2850 1664; x_wconf 83' lang='grc' dir='ltr'>λυττῶντας</span> <span class='ocrx_word' id='word_1_307' title='bbox 2871 1595 3268 1667; x_wconf 83' lang='grc' dir='ltr'>ἐπιστομίζειν,</span> <span class='ocrx_word' id='word_1_308' title='bbox 3283 1597 3378 1650; x_wconf 74' lang='grc' dir='ltr'>καὶ</span> <span class='ocrx_word' id='word_1_309' title='bbox 3399 1595 3555 1649; x_wconf 70' lang='grc' dir='ltr'>αὐτοὶ</span> 
     </span>
    </p>
   </div>
   <div class='ocr_carea' id='block_1_42' title="bbox 1955 1678 3558 1757">
    <p class='ocr_par' dir='ltr' id='par_1_42' title="bbox 1955 1678 3558 1757">
     <span class='ocr_line' id='line_1_42' title="bbox 1955 1678 3558 1757; baseline -0.005 -17"><span class='ocrx_word' id='word_1_310' title='bbox 1955 1686 2271 1757; x_wconf 79' lang='grc' dir='ltr'>δοξάσωμεν</span> <span class='ocrx_word' id='word_1_311' title='bbox 2299 1684 2464 1738; x_wconf 77' lang='grc' dir='ltr'>αὐτὸν</span> <span class='ocrx_word' id='word_1_312' title='bbox 2498 1685 2555 1737; x_wconf 87' lang='grc' dir='ltr'>ἐν</span> <span class='ocrx_word' id='word_1_313' title='bbox 2584 1685 2772 1737; x_wconf 78' lang='grc' dir='ltr'>πᾶσιν.</span> <span class='ocrx_word' id='word_1_314' title='bbox 2799 1683 2957 1736; x_wconf 83' lang='grc' dir='ltr'>υῦτω</span> <span class='ocrx_word' id='word_1_315' title='bbox 2987 1681 3098 1752; x_wconf 72' lang='grc' dir='ltr'>γὰρ</span> <span class='ocrx_word' id='word_1_316' title='bbox 3128 1680 3300 1733; x_wconf 89' lang='grc' dir='ltr'>πλείω</span> <span class='ocrx_word' id='word_1_317' title='bbox 3324 1678 3424 1751; x_wconf 71' lang='grc' dir='ltr'>τήν</span> <span class='ocrx_word' id='word_1_318' title='bbox 3451 1696 3558 1750; x_wconf 78' lang='grc' dir='ltr'>κηο·</span> 
     </span>
    </p>
   </div>
   <div class='ocr_carea' id='block_1_43' title="bbox 1957 1762 3557 1842">
    <p class='ocr_par' dir='ltr' id='par_1_43' title="bbox 1957 1762 3557 1842">
     <span class='ocr_line' id='line_1_43' title="bbox 1957 1762 3557 1842; baseline -0.004 -19"><span class='ocrx_word' id='word_1_319' title='bbox 1957 1768 2214 1842; x_wconf 86' lang='grc' dir='ltr'>δεμονίαν</span> <span class='ocrx_word' id='word_1_320' title='bbox 2258 1767 2425 1824; x_wconf 75' lang='grc' dir='ltr'>αὑτοῦ</span> <span class='ocrx_word' id='word_1_321' title='bbox 2470 1767 2915 1839; x_wconf 71' lang='grc' dir='ltr'>ἐπισπασάμεθα,</span> <span class='ocrx_word' id='word_1_322' title='bbox 2946 1765 3043 1819; x_wconf 74' lang='grc' dir='ltr'>καὶ</span> <span class='ocrx_word' id='word_1_323' title='bbox 3077 1764 3279 1836; x_wconf 78' lang='grc' dir='ltr'>πολλῆς</span> <span class='ocrx_word' id='word_1_324' title='bbox 3312 1762 3557 1817; x_wconf 81' lang='grc' dir='ltr'>ἀπολαύ-</span> 
     </span>
    </p>
   </div>
   <div class='ocr_carea' id='block_1_44' title="bbox 1962 1846 3556 1925">
    <p class='ocr_par' dir='ltr' id='par_1_44' title="bbox 1962 1846 3556 1925">
     <span class='ocr_line' id='line_1_44' title="bbox 1962 1846 3556 1925; baseline -0.003 -19"><span class='ocrx_word' id='word_1_325' title='bbox 1962 1871 2128 1925; x_wconf 81' lang='grc' dir='ltr'>σομεν</span> <span class='ocrx_word' id='word_1_326' title='bbox 2163 1852 2360 1924; x_wconf 83' lang='grc' dir='ltr'>ῥοπῆς,</span> <span class='ocrx_word' id='word_1_327' title='bbox 2395 1853 2489 1905; x_wconf 73' lang='grc' dir='ltr'>καὶ</span> <span class='ocrx_word' id='word_1_328' title='bbox 2512 1851 2656 1905; x_wconf 80' lang='grc' dir='ltr'>οὕτω</span> <span class='ocrx_word' id='word_1_329' title='bbox 2681 1850 3029 1923; x_wconf 80' lang='grc' dir='ltr'>δυνησόμεθα</span> <span class='ocrx_word' id='word_1_330' title='bbox 3057 1850 3156 1921; x_wconf 87' lang='grc' dir='ltr'>τῆς</span> <span class='ocrx_word' id='word_1_331' title='bbox 3176 1849 3345 1912; x_wconf 81' lang='grc' dir='ltr'>ὅντως</span> <span class='ocrx_word' id='word_1_332' title='bbox 3379 1846 3556 1901; x_wconf 86' lang='grc' dir='ltr'>ἀπαλ-</span> 
     </span>
    </p>
   </div>
   <div class='ocr_carea' id='block_1_45' title="bbox 1957 1933 3557 2009">
    <p class='ocr_par' dir='ltr' id='par_1_45' title="bbox 1957 1933 3557 2009">
     <span class='ocr_line' id='line_1_45' title="bbox 1957 1933 3557 2009; baseline -0.003 -19"><span class='ocrx_word' id='word_1_333' title='bbox 1957 1937 2193 2009; x_wconf 84' lang='grc' dir='ltr'>λαγῆναι</span> <span class='ocrx_word' id='word_1_334' title='bbox 2228 1936 2451 2000; x_wconf 82' lang='grc' dir='ltr'>κακίας,</span> <span class='ocrx_word' id='word_1_335' title='bbox 2488 1936 2583 1990; x_wconf 77' lang='grc' dir='ltr'>καὶ</span> <span class='ocrx_word' id='word_1_336' title='bbox 2623 1935 2733 1989; x_wconf 89' lang='grc' dir='ltr'>τῶν</span> <span class='ocrx_word' id='word_1_337' title='bbox 2763 1934 3068 2007; x_wconf 83' lang='grc' dir='ltr'>μελλόντων</span> <span class='ocrx_word' id='word_1_338' title='bbox 3097 1933 3378 2003; x_wconf 81' lang='grc' dir='ltr'>ἐπιτυχεῖν</span> <span class='ocrx_word' id='word_1_339' title='bbox 3413 1933 3557 2000; x_wconf 84' lang='grc' dir='ltr'>ἀγα-</span> 
     </span>
    </p>
   </div>
   <div class='ocr_carea' id='block_1_46' title="bbox 1961 2013 3559 2092">
    <p class='ocr_par' dir='ltr' id='par_1_46' title="bbox 1961 2013 3559 2092">
     <span class='ocr_line' id='line_1_46' title="bbox 1961 2013 3559 2092; baseline -0.004 -17"><span class='ocrx_word' id='word_1_340' title='bbox 1961 2021 2091 2085; x_wconf 84' lang='grc' dir='ltr'>θῶν,</span> <span class='ocrx_word' id='word_1_341' title='bbox 2110 2020 2295 2092; x_wconf 80' lang='grc' dir='ltr'>χάριτι</span> <span class='ocrx_word' id='word_1_342' title='bbox 2319 2022 2413 2075; x_wconf 72' lang='grc' dir='ltr'>καὶ</span> <span class='ocrx_word' id='word_1_343' title='bbox 2437 2020 2820 2092; x_wconf 65' lang='grc' dir='ltr'>φιλανθρωπίᾳ</span> <span class='ocrx_word' id='word_1_344' title='bbox 2843 2016 2940 2072; x_wconf 87' lang='grc' dir='ltr'>τοῦ</span> <span class='ocrx_word' id='word_1_345' title='bbox 2959 2017 3167 2091; x_wconf 83' lang='grc' dir='ltr'>Κυρίου</span> <span class='ocrx_word' id='word_1_346' title='bbox 3187 2016 3346 2089; x_wconf 90' lang='grc' dir='ltr'>ἡμῶν</span> <span class='ocrx_word' id='word_1_347' title='bbox 3381 2013 3559 2085; x_wconf 79' lang='grc' dir='ltr'>Ἰησοῦ</span> 
     </span>
    </p>
   </div>
   <div class='ocr_carea' id='block_1_47' title="bbox 1962 2096 3562 2178">
    <p class='ocr_par' dir='ltr' id='par_1_47' title="bbox 1962 2096 3562 2178">
     <span class='ocr_line' id='line_1_47' title="bbox 1962 2096 3562 2178; baseline -0.005 -18"><span class='ocrx_word' id='word_1_348' title='bbox 1962 2100 2223 2178; x_wconf 76' lang='grc' dir='ltr'>Χριστοῦ,</span> <span class='ocrx_word' id='word_1_349' title='bbox 2254 2104 2322 2158; x_wconf 88' lang='grc' dir='ltr'>δι’</span> <span class='ocrx_word' id='word_1_350' title='bbox 2352 2096 2414 2158; x_wconf 74' lang='grc' dir='ltr'>οὗ</span> <span class='ocrx_word' id='word_1_351' title='bbox 2454 2106 2549 2158; x_wconf 66' lang='grc' dir='ltr'>καὶ</span> <span class='ocrx_word' id='word_1_352' title='bbox 2602 2105 2721 2176; x_wconf 82' lang='grc' dir='ltr'>μεθ’</span> <span class='ocrx_word' id='word_1_353' title='bbox 2755 2099 2816 2159; x_wconf 72' lang='grc' dir='ltr'>οὗ</span> <span class='ocrx_word' id='word_1_354' title='bbox 2867 2102 2944 2175; x_wconf 80' lang='grc' dir='ltr'>τῷ</span> <span class='ocrx_word' id='word_1_355' title='bbox 2989 2102 3165 2173; x_wconf 71' lang='grc' dir='ltr'>Πατρὶ</span> <span class='ocrx_word' id='word_1_356' title='bbox 3190 2103 3225 2172; x_wconf 90' lang='grc' dir='ltr'>ἡ</span> <span class='ocrx_word' id='word_1_357' title='bbox 3256 2098 3403 2167; x_wconf 83' lang='grc' dir='ltr'>δόξα,</span> <span class='ocrx_word' id='word_1_358' title='bbox 3443 2098 3562 2169; x_wconf 76' lang='grc' dir='ltr'>ἅμα</span> 
     </span>
    </p>
   </div>
   <div class='ocr_carea' id='block_1_48' title="bbox 1961 2182 3561 2260">
    <p class='ocr_par' dir='ltr' id='par_1_48' title="bbox 1961 2182 3561 2260">
     <span class='ocr_line' id='line_1_48' title="bbox 1961 2182 3561 2260; baseline -0.004 -18"><span class='ocrx_word' id='word_1_359' title='bbox 1961 2188 2041 2259; x_wconf 82' lang='grc' dir='ltr'>τῷ</span> <span class='ocrx_word' id='word_1_360' title='bbox 2070 2190 2212 2260; x_wconf 82' lang='grc' dir='ltr'>ἁγίῳ</span> <span class='ocrx_word' id='word_1_361' title='bbox 2250 2189 2552 2260; x_wconf 81' lang='grc' dir='ltr'>Πνεύματι,</span> <span class='ocrx_word' id='word_1_362' title='bbox 2584 2189 2677 2243; x_wconf 87' lang='grc' dir='ltr'>νῦν</span> <span class='ocrx_word' id='word_1_363' title='bbox 2705 2190 2800 2242; x_wconf 72' lang='grc' dir='ltr'>καὶ</span> <span class='ocrx_word' id='word_1_364' title='bbox 2832 2187 2942 2251; x_wconf 67' lang='grc' dir='ltr'>ἀεὶ,</span> <span class='ocrx_word' id='word_1_365' title='bbox 2974 2186 3068 2239; x_wconf 78' lang='grc' dir='ltr'>καὶ</span> <span class='ocrx_word' id='word_1_366' title='bbox 3096 2186 3177 2249; x_wconf 89' lang='grc' dir='ltr'>εἰς</span> <span class='ocrx_word' id='word_1_367' title='bbox 3200 2185 3329 2249; x_wconf 78' lang='grc' dir='ltr'>τοὺς</span> <span class='ocrx_word' id='word_1_368' title='bbox 3356 2182 3561 2246; x_wconf 83' lang='grc' dir='ltr'>αἰῶνας</span> 
     </span>
    </p>
   </div>
   <div class='ocr_carea' id='block_1_49' title="bbox 1963 2273 2548 2345">
    <p class='ocr_par' dir='ltr' id='par_1_49' title="bbox 1963 2273 2548 2345">
     <span class='ocr_line' id='line_1_49' title="bbox 1963 2273 2548 2345; baseline 0.005 -19"><span class='ocrx_word' id='word_1_369' title='bbox 1963 2273 2072 2326; x_wconf 85' lang='grc' dir='ltr'>τῶν</span> <span class='ocrx_word' id='word_1_370' title='bbox 2100 2274 2333 2329; x_wconf 81' lang='grc' dir='ltr'>αἰώνων.</span> <span class='ocrx_word' id='word_1_371' title='bbox 2352 2273 2548 2345; x_wconf 81' lang='grc' dir='ltr'>Ἀμήν.</span> 
     </span>
    </p>
   </div>
   <div class='ocr_carea' id='block_1_50' title="bbox 2029 2444 3204 2509">
    <p class='ocr_par' dir='ltr' id='par_1_50' title="bbox 2029 2444 3204 2509">
     <span class='ocr_line' id='line_1_50' title="bbox 2029 2444 3204 2509; baseline 0 -14"><span class='ocrx_word' id='word_1_372' title='bbox 2029 2446 2058 2474; x_wconf 75' lang='grc'><strong><em>⁸</em></strong></span> <span class='ocrx_word' id='word_1_373' title='bbox 2082 2444 2220 2496; x_wconf 71' lang='lat' dir='ltr'>Colb.</span> <span class='ocrx_word' id='word_1_374' title='bbox 2243 2446 2533 2509; x_wconf 80' lang='grc' dir='ltr'>πραγμάτων</span> <span class='ocrx_word' id='word_1_375' title='bbox 2557 2446 3044 2508; x_wconf 83' lang='grc' dir='ltr'>ὀμολογίαν,ε“ίπωσιν</span> <span class='ocrx_word' id='word_1_376' title='bbox 3068 2446 3204 2495; x_wconf 73' lang='grc' dir='ltr'>εἶναι.</span> 
     </span>
    </p>
   </div>
   <div class='ocr_carea' id='block_1_51' title="bbox 266 2818 3564 2924">
    <p class='ocr_par' dir='ltr' id='par_1_51' title="bbox 266 2818 3564 2924">
     <span class='ocr_line' id='line_1_51' title="bbox 266 2818 3564 2924; baseline -0 -17"><span class='ocrx_word' id='word_1_377' title='bbox 266 2852 423 2923; x_wconf 78' lang='grc' dir='ltr'>Πρὸς</span> <span class='ocrx_word' id='word_1_378' title='bbox 457 2852 599 2922; x_wconf 83' lang='grc' dir='ltr'>τοὺς</span> <span class='ocrx_word' id='word_1_379' title='bbox 633 2851 1069 2922; x_wconf 74' lang='grc' dir='ltr'>ἐγκαλοῦντας,</span> <span class='ocrx_word' id='word_1_380' title='bbox 1114 2853 1279 2919; x_wconf 81' lang='grc' dir='ltr'>τινος</span> <span class='ocrx_word' id='word_1_381' title='bbox 1302 2869 1323 2892; x_wconf 81' lang='grc' dir='ltr'>ι</span> <span class='ocrx_word' id='word_1_382' title='bbox 1372 2853 1584 2907; x_wconf 77' lang='grc' dir='ltr'>ἕνεκεν</span> <span class='ocrx_word' id='word_1_383' title='bbox 1634 2855 1748 2907; x_wconf 81' lang='grc' dir='ltr'>οὐκ</span> <span class='ocrx_word' id='word_1_384' title='bbox 1812 2854 1882 2907; x_wconf 76' lang='grc' dir='ltr'>ἐκ</span> <span class='ocrx_word' id='word_1_385' title='bbox 1954 2853 2156 2923; x_wconf 84' lang='grc' dir='ltr'>μέσου</span> <span class='ocrx_word' id='word_1_386' title='bbox 2178 2818 2431 2923; x_wconf 45' lang='grc' dir='ltr'>γέγονεν</span> <span class='ocrx_word' id='word_1_387' title='bbox 2459 2855 2491 2908; x_wconf 85' lang='lat' dir='ltr'>d</span> <span class='ocrx_word' id='word_1_388' title='bbox 2520 2852 2835 2920; x_wconf 64' lang='grc' dir='ltr'>διάϐολος·</span> <span class='ocrx_word' id='word_1_389' title='bbox 2876 2853 2976 2907; x_wconf 80' lang='grc' dir='ltr'>καὶ</span> <span class='ocrx_word' id='word_1_390' title='bbox 3041 2852 3134 2907; x_wconf 82' lang='grc' dir='ltr'>ὅτι</span> <span class='ocrx_word' id='word_1_391' title='bbox 3163 2852 3345 2909; x_wconf 83' lang='grc' dir='ltr'>οὐδὲν</span> <span class='ocrx_word' id='word_1_392' title='bbox 3403 2849 3564 2924; x_wconf 71' lang='grc' dir='ltr'>ἡμᾶς</span> 
     </span>
    </p>
   </div>
   <div class='ocr_carea' id='block_1_52' title="bbox 832 2944 3037 3019">
    <p class='ocr_par' dir='ltr' id='par_1_52' title="bbox 832 2944 3037 3019">
     <span class='ocr_line' id='line_1_52' title="bbox 832 2944 3037 3019; baseline 0.001 -20"><span class='ocrx_word' id='word_1_393' title='bbox 832 2944 1098 3013; x_wconf 77' lang='grc' dir='ltr'>βλάπτει</span> <span class='ocrx_word' id='word_1_394' title='bbox 1147 2946 1186 3013; x_wconf 79' lang='grc' dir='ltr'><em>ἠ</em></span> <span class='ocrx_word' id='word_1_395' title='bbox 1235 2947 1453 3002; x_wconf 85' lang='grc' dir='ltr'>τούτου</span> <span class='ocrx_word' id='word_1_396' title='bbox 1486 2948 1746 3018; x_wconf 79' lang='grc' dir='ltr'>πονηρία</span> <span class='ocrx_word' id='word_1_397' title='bbox 1790 2946 1899 3001; x_wconf 74' lang='grc' dir='ltr'>ἐὰν</span> <span class='ocrx_word' id='word_1_398' title='bbox 1941 2949 2361 3019; x_wconf 78' lang='grc' dir='ltr'>προσέχωμεν·</span> <span class='ocrx_word' id='word_1_399' title='bbox 2396 2946 2492 3002; x_wconf 83' lang='grc' dir='ltr'>καί</span> <span class='ocrx_word' id='word_1_400' title='bbox 2535 2947 2669 3017; x_wconf 80' lang='grc' dir='ltr'>περὶ</span> <span class='ocrx_word' id='word_1_401' title='bbox 2692 2948 3037 3018; x_wconf 80' lang='grc' dir='ltr'>μετανοίας.</span> 
     </span>
    </p>
   </div>
   <div class='ocr_carea' id='block_1_53' title="bbox 944 3253 1291 3325">
    <p class='ocr_par' dir='ltr' id='par_1_53' title="bbox 944 3253 1291 3325">
     <span class='ocr_line' id='line_1_53' title="bbox 944 3253 1291 3325; baseline 0.006 -17"><span class='ocrx_word' id='word_1_402' title='bbox 944 3253 1179 3325; x_wconf 72' lang='grc' dir='ltr'>Ὀμιλία</span> <span class='ocrx_word' id='word_1_403' title='bbox 1206 3253 1291 3320; x_wconf 75' lang='grc' dir='ltr'>β’-</span> 
     </span>
    </p>
   </div>
   <div class='ocr_carea' id='block_1_54' title="bbox 342 3343 1865 3420">
    <p class='ocr_par' dir='ltr' id='par_1_54' title="bbox 342 3343 1865 3420">
     <span class='ocr_line' id='line_1_54' title="bbox 342 3343 1865 3420; baseline 0.001 -17"><span class='ocrx_word' id='word_1_404' title='bbox 342 3355 412 3403; x_wconf 88' lang='grc' dir='ltr'>α’.</span> <span class='ocrx_word' id='word_1_405' title='bbox 443 3347 503 3401; x_wconf 85' lang='lat' dir='ltr'>&#39;U</span> <span class='ocrx_word' id='word_1_406' title='bbox 526 3345 626 3418; x_wconf 78' lang='grc' dir='ltr'>μὲν</span> <span class='ocrx_word' id='word_1_407' title='bbox 668 3343 854 3400; x_wconf 80' lang='grc' dir='ltr'>Ἰσαὰκ</span> <span class='ocrx_word' id='word_1_408' title='bbox 878 3346 1227 3419; x_wconf 85' lang='grc' dir='ltr'>ἐπιθυμήσας</span> <span class='ocrx_word' id='word_1_409' title='bbox 1258 3346 1390 3402; x_wconf 87' lang='grc' dir='ltr'>ποτέ</span> <span class='ocrx_word' id='word_1_410' title='bbox 1414 3346 1638 3420; x_wconf 77' lang='grc' dir='ltr'>ἄριστον</span> <span class='ocrx_word' id='word_1_411' title='bbox 1667 3349 1733 3404; x_wconf 85' lang='grc' dir='ltr'>ἐκ</span> <span class='ocrx_word' id='word_1_412' title='bbox 1752 3350 1865 3405; x_wconf 85' lang='grc' dir='ltr'>τῶν</span> 
     </span>
    </p>
   </div>
   <div class='ocr_carea' id='block_1_55' title="bbox 271 3428 1864 3506">
    <p class='ocr_par' dir='ltr' id='par_1_55' title="bbox 271 3428 1864 3506">
     <span class='ocr_line' id='line_1_55' title="bbox 271 3428 1864 3506; baseline 0.001 -19"><span class='ocrx_word' id='word_1_413' title='bbox 271 3430 472 3505; x_wconf 78' lang='grc' dir='ltr'>χειρῶν</span> <span class='ocrx_word' id='word_1_414' title='bbox 512 3428 606 3485; x_wconf 90' lang='grc' dir='ltr'>τοῦ</span> <span class='ocrx_word' id='word_1_415' title='bbox 642 3428 833 3494; x_wconf 74' lang='grc' dir='ltr'>παιδὸς</span> <span class='ocrx_word' id='word_1_416' title='bbox 873 3432 1092 3501; x_wconf 78' lang='grc' dir='ltr'>φαγεῖν,</span> <span class='ocrx_word' id='word_1_417' title='bbox 1124 3430 1218 3485; x_wconf 85' lang='grc' dir='ltr'>τὸν</span> <span class='ocrx_word' id='word_1_418' title='bbox 1258 3431 1428 3486; x_wconf 87' lang='grc' dir='ltr'>παῖδα</span> <span class='ocrx_word' id='word_1_419' title='bbox 1457 3432 1539 3495; x_wconf 84' lang='grc' dir='ltr'>εἰς</span> <span class='ocrx_word' id='word_1_420' title='bbox 1561 3431 1662 3505; x_wconf 80' lang='grc' dir='ltr'>τὴν</span> <span class='ocrx_word' id='word_1_421' title='bbox 1690 3431 1864 3506; x_wconf 84' lang='grc' dir='ltr'>θήραν</span> 
     </span>
    </p>
   </div>
   <div class='ocr_carea' id='block_1_56' title="bbox 271 3506 1864 3588">
    <p class='ocr_par' dir='ltr' id='par_1_56' title="bbox 271 3506 1864 3588">
     <span class='ocr_line' id='line_1_56' title="bbox 271 3506 1864 3588; baseline 0.001 -18"><span class='ocrx_word' id='word_1_422' title='bbox 271 3515 584 3588; x_wconf 77' lang='grc' dir='ltr'>ἐξέπεμψεν</span> <span class='ocrx_word' id='word_1_423' title='bbox 612 3516 678 3568; x_wconf 90' lang='grc' dir='ltr'>ἐκ</span> <span class='ocrx_word' id='word_1_424' title='bbox 705 3515 807 3586; x_wconf 88' lang='grc' dir='ltr'>τῆς</span> <span class='ocrx_word' id='word_1_425' title='bbox 833 3514 1011 3579; x_wconf 87' lang='grc' dir='ltr'>οίκίας</span> <span class='ocrx_word' id='word_1_426' title='bbox 1030 3529 1044 3545; x_wconf 93' lang='grc'>⁸</span> <span class='ocrx_word' id='word_1_427' title='bbox 1081 3506 1239 3579; x_wconf 71' lang='grc' dir='ltr'>οὗτος</span> <span class='ocrx_word' id='word_1_428' title='bbox 1268 3514 1326 3569; x_wconf 82' lang='grc' dir='ltr'>δὲ</span> <span class='ocrx_word' id='word_1_429' title='bbox 1365 3517 1394 3570; x_wconf 86' lang='grc' dir='ltr'>ὁ</span> <span class='ocrx_word' id='word_1_430' title='bbox 1432 3516 1622 3570; x_wconf 80' lang='grc' dir='ltr'>Ἰσαὰκ</span> <span class='ocrx_word' id='word_1_431' title='bbox 1666 3518 1864 3571; x_wconf 84' lang='grc' dir='ltr'>ἐπιου-</span> 
     </span>
    </p>
   </div>
   <div class='ocr_carea' id='block_1_57' title="bbox 276 3597 1868 3673">
    <p class='ocr_par' dir='ltr' id='par_1_57' title="bbox 276 3597 1868 3673">
     <span class='ocr_line' id='line_1_57' title="bbox 276 3597 1868 3673; baseline -0.001 -18"><span class='ocrx_word' id='word_1_432' title='bbox 276 3602 460 3673; x_wconf 88' lang='grc' dir='ltr'>μήσας</span> <span class='ocrx_word' id='word_1_433' title='bbox 483 3600 706 3671; x_wconf 77' lang='grc' dir='ltr'>ἄριστον</span> <span class='ocrx_word' id='word_1_434' title='bbox 731 3599 798 3652; x_wconf 85' lang='grc' dir='ltr'>ἐκ</span> <span class='ocrx_word' id='word_1_435' title='bbox 825 3597 934 3652; x_wconf 89' lang='grc' dir='ltr'>τῶν</span> <span class='ocrx_word' id='word_1_436' title='bbox 964 3598 1253 3670; x_wconf 77' lang='grc' dir='ltr'>ἡμετέρων</span> <span class='ocrx_word' id='word_1_437' title='bbox 1286 3597 1488 3670; x_wconf 88' lang='grc' dir='ltr'>χειρῶν</span> <span class='ocrx_word' id='word_1_438' title='bbox 1524 3598 1735 3669; x_wconf 88' lang='grc' dir='ltr'>λαϐεῖν,</span> <span class='ocrx_word' id='word_1_439' title='bbox 1765 3601 1868 3673; x_wconf 81' lang='grc' dir='ltr'>οὐχ</span> 
     </span>
    </p>
   </div>
   <div class='ocr_carea' id='block_1_58' title="bbox 273 3681 1868 3758">
    <p class='ocr_par' dir='ltr' id='par_1_58' title="bbox 273 3681 1868 3758">
     <span class='ocr_line' id='line_1_58' title="bbox 273 3681 1868 3758; baseline 0 -20"><span class='ocrx_word' id='word_1_440' title='bbox 273 3687 423 3758; x_wconf 78' lang='grc' dir='ltr'>ἡμᾶς</span> <span class='ocrx_word' id='word_1_441' title='bbox 448 3682 754 3753; x_wconf 78' lang='grc' dir='ltr'>ἐξέπεμψεν</span> <span class='ocrx_word' id='word_1_442' title='bbox 782 3682 849 3735; x_wconf 75' lang='grc' dir='ltr'>ἐκ</span> <span class='ocrx_word' id='word_1_443' title='bbox 874 3681 976 3753; x_wconf 90' lang='grc' dir='ltr'>τῆς</span> <span class='ocrx_word' id='word_1_444' title='bbox 1007 3681 1210 3747; x_wconf 89' lang='grc' dir='ltr'>οἰκίας,</span> <span class='ocrx_word' id='word_1_445' title='bbox 1260 3682 1379 3736; x_wconf 88' lang='grc' dir='ltr'>ἀλλ’</span> <span class='ocrx_word' id='word_1_446' title='bbox 1405 3683 1571 3746; x_wconf 77' lang='grc' dir='ltr'>αὐτὸς</span> <span class='ocrx_word' id='word_1_447' title='bbox 1602 3683 1742 3755; x_wconf 83' lang='grc' dir='ltr'>πρὸς</span> <span class='ocrx_word' id='word_1_448' title='bbox 1768 3683 1868 3756; x_wconf 87' lang='grc' dir='ltr'>τὴν</span> 
     </span>
    </p>
   </div>
   <div class='ocr_carea' id='block_1_59' title="bbox 273 3764 1870 3841">
    <p class='ocr_par' dir='ltr' id='par_1_59' title="bbox 273 3764 1870 3841">
     <span class='ocr_line' id='line_1_59' title="bbox 273 3764 1870 3841; baseline -0.002 -19"><span class='ocrx_word' id='word_1_449' title='bbox 273 3768 551 3841; x_wconf 79' lang='grc' dir='ltr'>ἡμετέραν</span> <span class='ocrx_word' id='word_1_450' title='bbox 583 3766 786 3838; x_wconf 72' lang='grc' dir='ltr'>ἔδραμε</span> <span class='ocrx_word' id='word_1_451' title='bbox 814 3764 1118 3837; x_wconf 76' lang='grc' dir='ltr'>τράπεζαν.</span> <span class='ocrx_word' id='word_1_452' title='bbox 1145 3765 1212 3818; x_wconf 90' lang='grc' dir='ltr'>Τί</span> <span class='ocrx_word' id='word_1_453' title='bbox 1242 3765 1434 3820; x_wconf 90' lang='grc' dir='ltr'>τούτου</span> <span class='ocrx_word' id='word_1_454' title='bbox 1462 3765 1870 3839; x_wconf 87' lang='grc' dir='ltr'>φιλοστοργότε-</span> 
     </span>
    </p>
   </div>
   <div class='ocr_carea' id='block_1_60' title="bbox 278 3848 1869 3927">
    <p class='ocr_par' dir='ltr' id='par_1_60' title="bbox 278 3848 1869 3927">
     <span class='ocr_line' id='line_1_60' title="bbox 278 3848 1869 3927; baseline -0.001 -21"><span class='ocrx_word' id='word_1_455' title='bbox 278 3869 371 3926; x_wconf 89' lang='grc' dir='ltr'>ρον</span> <span class='ocrx_word' id='word_1_456' title='bbox 398 3850 594 3921; x_wconf 77' lang='grc' dir='ltr'>γένοιτ’</span> <span class='ocrx_word' id='word_1_457' title='bbox 618 3848 712 3917; x_wconf 75' lang='grc' dir='ltr'>ἄνς</span> <span class='ocrx_word' id='word_1_458' title='bbox 749 3848 802 3903; x_wconf 92' lang='grc' dir='ltr'>τί</span> <span class='ocrx_word' id='word_1_459' title='bbox 833 3848 891 3902; x_wconf 88' lang='grc' dir='ltr'>δέ</span> <span class='ocrx_word' id='word_1_460' title='bbox 914 3848 1334 3921; x_wconf 88' lang='grc' dir='ltr'>ταπεινότερον;</span> <span class='ocrx_word' id='word_1_461' title='bbox 1366 3849 1426 3914; x_wconf 85' lang='grc' dir='ltr'>δς</span> <span class='ocrx_word' id='word_1_462' title='bbox 1458 3848 1606 3903; x_wconf 78' lang='grc' dir='ltr'>οὕτω</span> <span class='ocrx_word' id='word_1_463' title='bbox 1657 3850 1869 3927; x_wconf 80' lang='grc' dir='ltr'>θερμὴν</span> 
     </span>
    </p>
   </div>
   <div class='ocr_carea' id='block_1_61' title="bbox 276 3930 1870 4006">
    <p class='ocr_par' dir='ltr' id='par_1_61' title="bbox 276 3930 1870 4006">
     <span class='ocr_line' id='line_1_61' title="bbox 276 3930 1870 4006; baseline 0 -17"><span class='ocrx_word' id='word_1_464' title='bbox 276 3933 651 4002; x_wconf 81' lang='grc' dir='ltr'>ἐπιδείξασθαι</span> <span class='ocrx_word' id='word_1_465' title='bbox 700 3932 801 4006; x_wconf 85' lang='grc' dir='ltr'>τὴν</span> <span class='ocrx_word' id='word_1_466' title='bbox 856 3932 1078 4004; x_wconf 85' lang='grc' dir='ltr'>ἀγάπην</span> <span class='ocrx_word' id='word_1_467' title='bbox 1108 3930 1441 4004; x_wconf 87' lang='grc' dir='ltr'>κατηξίωσε,</span> <span class='ocrx_word' id='word_1_468' title='bbox 1470 3933 1565 3986; x_wconf 80' lang='grc' dir='ltr'>καὶ</span> <span class='ocrx_word' id='word_1_469' title='bbox 1614 3932 1870 3989; x_wconf 90' lang='grc' dir='ltr'>τοσοῦτον</span> 
     </span>
    </p>
   </div>
   <div class='ocr_carea' id='block_1_62' title="bbox 277 4016 1870 4089">
    <p class='ocr_par' dir='ltr' id='par_1_62' title="bbox 277 4016 1870 4089">
     <span class='ocr_line' id='line_1_62' title="bbox 277 4016 1870 4089; baseline 0 -16"><span class='ocrx_word' id='word_1_470' title='bbox 277 4018 582 4089; x_wconf 84' lang='grc' dir='ltr'>καταϐῆναι</span> <span class='ocrx_word' id='word_1_471' title='bbox 615 4016 898 4089; x_wconf 78' lang='grc' dir='ltr'>ἠνέσχετο.</span> <span class='ocrx_word' id='word_1_472' title='bbox 927 4016 1027 4070; x_wconf 87' lang='grc' dir='ltr'>Διά</span> <span class='ocrx_word' id='word_1_473' title='bbox 1051 4032 1132 4069; x_wconf 89' lang='grc' dir='ltr'>τοι</span> <span class='ocrx_word' id='word_1_474' title='bbox 1160 4016 1321 4070; x_wconf 89' lang='grc' dir='ltr'>τοῦτο</span> <span class='ocrx_word' id='word_1_475' title='bbox 1347 4016 1445 4071; x_wconf 73' lang='grc' dir='ltr'>καὶ</span> <span class='ocrx_word' id='word_1_476' title='bbox 1467 4018 1633 4088; x_wconf 80' lang='grc' dir='ltr'>ἡμεῖς</span> <span class='ocrx_word' id='word_1_477' title='bbox 1661 4018 1870 4073; x_wconf 75' lang='grc' dir='ltr'>καὶτὸν</span> 
     </span>
    </p>
   </div>
   <div class='ocr_carea' id='block_1_63' title="bbox 276 4098 1872 4173">
    <p class='ocr_par' dir='ltr' id='par_1_63' title="bbox 276 4098 1872 4173">
     <span class='ocr_line' id='line_1_63' title="bbox 276 4098 1872 4173; baseline 0 -16"><span class='ocrx_word' id='word_1_478' title='bbox 276 4102 428 4157; x_wconf 85' lang='grc' dir='ltr'>τόνον</span> <span class='ocrx_word' id='word_1_479' title='bbox 452 4102 553 4173; x_wconf 89' lang='grc' dir='ltr'>τῆς</span> <span class='ocrx_word' id='word_1_480' title='bbox 585 4100 771 4173; x_wconf 84' lang='grc' dir='ltr'>φωνῆς</span> <span class='ocrx_word' id='word_1_481' title='bbox 795 4101 890 4155; x_wconf 76' lang='grc' dir='ltr'>καὶ</span> <span class='ocrx_word' id='word_1_482' title='bbox 920 4100 1020 4171; x_wconf 83' lang='grc' dir='ltr'>τήν</span> <span class='ocrx_word' id='word_1_483' title='bbox 1051 4098 1282 4171; x_wconf 87' lang='grc' dir='ltr'>δύναμιν</span> <span class='ocrx_word' id='word_1_484' title='bbox 1310 4100 1419 4154; x_wconf 90' lang='grc' dir='ltr'>τῶν</span> <span class='ocrx_word' id='word_1_485' title='bbox 1451 4100 1675 4156; x_wconf 70' lang='grc' dir='ltr'>ποδῶνὶι</span> <span class='ocrx_word' id='word_1_486' title='bbox 1697 4119 1872 4157; x_wconf 87' lang='grc' dir='ltr'>κατα-</span> 
     </span>
    </p>
   </div>
   <div class='ocr_carea' id='block_1_64' title="bbox 280 4181 1873 4258">
    <p class='ocr_par' dir='ltr' id='par_1_64' title="bbox 280 4181 1873 4258">
     <span class='ocr_line' id='line_1_64' title="bbox 280 4181 1873 4258; baseline -0.001 -17"><span class='ocrx_word' id='word_1_487' title='bbox 280 4185 533 4250; x_wconf 88' lang='grc' dir='ltr'>ϐαλόντες</span> <span class='ocrx_word' id='word_1_488' title='bbox 562 4184 672 4238; x_wconf 81' lang='grc' dir='ltr'>ἀπὸ</span> <span class='ocrx_word' id='word_1_489' title='bbox 703 4184 802 4255; x_wconf 87' lang='grc' dir='ltr'>τῆς</span> <span class='ocrx_word' id='word_1_490' title='bbox 829 4182 1059 4253; x_wconf 79' lang='grc' dir='ltr'>ἑωθινῆς</span> <span class='ocrx_word' id='word_1_491' title='bbox 1083 4181 1393 4250; x_wconf 85' lang='grc' dir='ltr'>διαλέξεως,</span> <span class='ocrx_word' id='word_1_492' title='bbox 1426 4184 1624 4250; x_wconf 89' lang='grc' dir='ltr'>ἰδόντες</span> <span class='ocrx_word' id='word_1_493' title='bbox 1643 4184 1741 4258; x_wconf 81' lang='grc' dir='ltr'>τὴν</span> <span class='ocrx_word' id='word_1_494' title='bbox 1763 4202 1873 4240; x_wconf 86' lang='grc' dir='ltr'>πα-</span> 
     </span>
    </p>
   </div>
   <div class='ocr_carea' id='block_1_65' title="bbox 276 4266 1871 4343">
    <p class='ocr_par' dir='ltr' id='par_1_65' title="bbox 276 4266 1871 4343">
     <span class='ocr_line' id='line_1_65' title="bbox 276 4266 1871 4343; baseline -0.001 -20"><span class='ocrx_word' id='word_1_495' title='bbox 276 4269 472 4343; x_wconf 83' lang='grc' dir='ltr'>τρικὴν</span> <span class='ocrx_word' id='word_1_496' title='bbox 516 4267 664 4339; x_wconf 74' lang='grc' dir='ltr'>ὄψιν,</span> <span class='ocrx_word' id='word_1_497' title='bbox 706 4266 911 4331; x_wconf 81' lang='grc' dir='ltr'>εὐθέως</span> <span class='ocrx_word' id='word_1_498' title='bbox 960 4266 1341 4337; x_wconf 87' lang='grc' dir='ltr'>ἐπελαθόμεθα</span> <span class='ocrx_word' id='word_1_499' title='bbox 1392 4267 1493 4339; x_wconf 83' lang='grc' dir='ltr'>τῆς</span> <span class='ocrx_word' id='word_1_500' title='bbox 1540 4267 1828 4334; x_wconf 87' lang='grc' dir='ltr'>ἀσθενείας</span> <span class='ocrx_word' id='word_1_501' title='bbox 1854 4307 1871 4335; x_wconf 90' lang='grc'>,</span> 
     </span>
    </p>
   </div>
   <div class='ocr_carea' id='block_1_66' title="bbox 279 4349 1869 4424">
    <p class='ocr_par' dir='ltr' id='par_1_66' title="bbox 279 4349 1869 4424">
     <span class='ocr_line' id='line_1_66' title="bbox 279 4349 1869 4424; baseline 0.025 -16"><span class='ocrx_word' id='word_1_502' title='bbox 279 4351 600 4423; x_wconf 80' lang='grc' dir='ltr'>ἀπεθέμεθα</span> <span class='ocrx_word' id='word_1_503' title='bbox 617 4350 709 4405; x_wconf 82' lang='grc' dir='ltr'>τὸν</span> <span class='ocrx_word' id='word_1_504' title='bbox 732 4349 912 4415; x_wconf 73' lang='grc' dir='ltr'>ὄκνον,</span> <span class='ocrx_word' id='word_1_505' title='bbox 927 4349 1393 4423; x_wconf 72' lang='grc' dir='ltr'>ἀνεπτερώθημεν</span> <span class='ocrx_word' id='word_1_506' title='bbox 1411 4351 1517 4405; x_wconf 67' lang='grc' dir='ltr'>ὑπὸ</span> <span class='ocrx_word' id='word_1_507' title='bbox 1536 4352 1635 4423; x_wconf 68' lang='grc' dir='ltr'>τῆς</span> <span class='ocrx_word' id='word_1_508' title='bbox 1654 4352 1869 4424; x_wconf 39' lang='lat' dir='ltr'>hama&quot;</span> 
     </span>
    </p>
   </div>
   <div class='ocr_carea' id='block_1_67' title="bbox 281 4432 1874 4508">
    <p class='ocr_par' dir='ltr' id='par_1_67' title="bbox 281 4432 1874 4508">
     <span class='ocr_line' id='line_1_67' title="bbox 281 4432 1874 4508; baseline 0 -18"><span class='ocrx_word' id='word_1_509' title='bbox 281 4436 495 4508; x_wconf 82' lang='grc' dir='ltr'>εἴδομεν</span> <span class='ocrx_word' id='word_1_510' title='bbox 539 4434 638 4506; x_wconf 81' lang='grc' dir='ltr'>τὴν</span> <span class='ocrx_word' id='word_1_511' title='bbox 687 4433 947 4507; x_wconf 78' lang='grc' dir='ltr'>λαμπρὰν</span> <span class='ocrx_word' id='word_1_512' title='bbox 975 4432 1190 4499; x_wconf 81' lang='grc' dir='ltr'>πολιὰν,</span> <span class='ocrx_word' id='word_1_513' title='bbox 1226 4433 1323 4489; x_wconf 68' lang='grc' dir='ltr'>καὶ¹</span> <span class='ocrx_word' id='word_1_514' title='bbox 1351 4434 1530 4504; x_wconf 77' lang='grc' dir='ltr'>φωτὸς</span> <span class='ocrx_word' id='word_1_515' title='bbox 1562 4436 1874 4508; x_wconf 84' lang='grc' dir='ltr'>ἐνεπλήσθη</span> 
     </span>
    </p>
   </div>
   <div class='ocr_carea' id='block_1_68' title="bbox 280 4516 1875 4593">
    <p class='ocr_par' dir='ltr' id='par_1_68' title="bbox 280 4516 1875 4593">
     <span class='ocr_line' id='line_1_68' title="bbox 280 4516 1875 4593; baseline 0.001 -20"><span class='ocrx_word' id='word_1_516' title='bbox 280 4519 440 4592; x_wconf 86' lang='grc' dir='ltr'>ἡμῶν</span> <span class='ocrx_word' id='word_1_517' title='bbox 472 4520 508 4590; x_wconf 96' lang='grc' dir='ltr'>ἡ</span> <span class='ocrx_word' id='word_1_518' title='bbox 534 4518 704 4591; x_wconf 74' lang='grc' dir='ltr'>ψυχή.</span> <span class='ocrx_word' id='word_1_519' title='bbox 750 4517 852 4571; x_wconf 86' lang='grc' dir='ltr'>Διὰ</span> <span class='ocrx_word' id='word_1_520' title='bbox 899 4516 1060 4571; x_wconf 88' lang='grc' dir='ltr'>τοῦτο</span> <span class='ocrx_word' id='word_1_521' title='bbox 1099 4518 1197 4572; x_wconf 79' lang='grc' dir='ltr'>καὶ</span> <span class='ocrx_word' id='word_1_522' title='bbox 1247 4518 1386 4590; x_wconf 81' lang='grc' dir='ltr'>μετὰ</span> <span class='ocrx_word' id='word_1_523' title='bbox 1430 4519 1742 4593; x_wconf 86' lang='grc' dir='ltr'>προθυμίας</span> <span class='ocrx_word' id='word_1_524' title='bbox 1773 4520 1875 4592; x_wconf 82' lang='grc' dir='ltr'>τήν</span> 
     </span>
    </p>
   </div>
   <div class='ocr_carea' id='block_1_69' title="bbox 281 4600 1875 4676">
    <p class='ocr_par' dir='ltr' id='par_1_69' title="bbox 281 4600 1875 4676">
     <span class='ocr_line' id='line_1_69' title="bbox 281 4600 1875 4676; baseline 0 -19"><span class='ocrx_word' id='word_1_525' title='bbox 281 4601 562 4675; x_wconf 83' lang='grc' dir='ltr'>τράπεζαν</span> <span class='ocrx_word' id='word_1_526' title='bbox 588 4600 1031 4675; x_wconf 82' lang='grc' dir='ltr'>παρατιθέμεθα,</span> <span class='ocrx_word' id='word_1_527' title='bbox 1066 4601 1157 4656; x_wconf 80' lang='grc' dir='ltr'>ἴνα</span> <span class='ocrx_word' id='word_1_528' title='bbox 1190 4602 1382 4672; x_wconf 89' lang='grc' dir='ltr'>φαγὼν</span> <span class='ocrx_word' id='word_1_529' title='bbox 1413 4603 1685 4676; x_wconf 79' lang='grc' dir='ltr'>εὐλογήσῃ</span> <span class='ocrx_word' id='word_1_530' title='bbox 1720 4602 1875 4676; x_wconf 72' lang='grc'>[261]</span> 
     </span>
    </p>
   </div>
   <div class='ocr_carea' id='block_1_70' title="bbox 284 4684 1879 4761">
    <p class='ocr_par' dir='ltr' id='par_1_70' title="bbox 284 4684 1879 4761">
     <span class='ocr_line' id='line_1_70' title="bbox 284 4684 1879 4761; baseline -0.003 -18"><span class='ocrx_word' id='word_1_531' title='bbox 284 4690 454 4761; x_wconf 79' lang='grc' dir='ltr'>ἡμᾶς.</span> <span class='ocrx_word' id='word_1_532' title='bbox 485 4687 601 4741; x_wconf 83' lang='grc' dir='ltr'>Οὐκ</span> <span class='ocrx_word' id='word_1_533' title='bbox 628 4686 775 4740; x_wconf 80' lang='grc' dir='ltr'>ἐστιν</span> <span class='ocrx_word' id='word_1_534' title='bbox 802 4684 1039 4739; x_wconf 83' lang='grc' dir='ltr'>ἐνταῦθα</span> <span class='ocrx_word' id='word_1_535' title='bbox 1071 4685 1248 4757; x_wconf 83' lang='grc' dir='ltr'>κλοπὴ</span> <span class='ocrx_word' id='word_1_536' title='bbox 1289 4687 1386 4741; x_wconf 75' lang='grc' dir='ltr'>καὶ</span> <span class='ocrx_word' id='word_1_537' title='bbox 1424 4686 1596 4753; x_wconf 88' lang='grc' dir='ltr'>δόλος,</span> <span class='ocrx_word' id='word_1_538' title='bbox 1624 4686 1879 4760; x_wconf 86' lang='grc' dir='ltr'>καθάπερ</span> 
     </span>
    </p>
   </div>
   <div class='ocr_carea' id='block_1_71' title="bbox 284 4768 1882 4844">
    <p class='ocr_par' dir='ltr' id='par_1_71' title="bbox 284 4768 1882 4844">
     <span class='ocr_line' id='line_1_71' title="bbox 284 4768 1882 4844; baseline 0 -18"><span class='ocrx_word' id='word_1_539' title='bbox 284 4772 403 4826; x_wconf 79' lang='grc' dir='ltr'>ἐκεῖ</span> <span class='ocrx_word' id='word_1_540' title='bbox 432 4770 555 4824; x_wconf 88' lang='grc' dir='ltr'>τότε</span> <span class='ocrx_word' id='word_1_541' title='bbox 572 4785 588 4800; x_wconf 85' lang='grc'>⁸</span> <span class='ocrx_word' id='word_1_542' title='bbox 619 4768 808 4841; x_wconf 70' lang='grc' dir='ltr'>ἔτερος</span> <span class='ocrx_word' id='word_1_543' title='bbox 836 4768 935 4839; x_wconf 82' lang='grc' dir='ltr'>μὲν</span> <span class='ocrx_word' id='word_1_544' title='bbox 959 4768 1206 4841; x_wconf 84' lang='grc' dir='ltr'>ἐπετάγη</span> <span class='ocrx_word' id='word_1_545' title='bbox 1235 4770 1591 4841; x_wconf 89' lang='grc' dir='ltr'>εἰσενεγκεῖν,</span> <span class='ocrx_word' id='word_1_546' title='bbox 1615 4771 1802 4844; x_wconf 82' lang='grc' dir='ltr'>ἐτερος</span> <span class='ocrx_word' id='word_1_547' title='bbox 1823 4771 1882 4826; x_wconf 82' lang='grc' dir='ltr'>δέ</span> 
     </span>
    </p>
   </div>
   <div class='ocr_carea' id='block_1_72' title="bbox 287 4850 1879 4931">
    <p class='ocr_par' dir='ltr' id='par_1_72' title="bbox 287 4850 1879 4931">
     <span class='ocr_line' id='line_1_72' title="bbox 287 4850 1879 4931; baseline -0.001 -22"><span class='ocrx_word' id='word_1_548' title='bbox 287 4856 608 4928; x_wconf 81' lang='grc' dir='ltr'>εἰσήνεγκεν</span> <span class='ocrx_word' id='word_1_549' title='bbox 633 4869 648 4884; x_wconf 99' lang='grc'>⁸</span> <span class='ocrx_word' id='word_1_550' title='bbox 693 4850 811 4906; x_wconf 87' lang='grc' dir='ltr'>ἀλλ’</span> <span class='ocrx_word' id='word_1_551' title='bbox 842 4850 956 4922; x_wconf 86' lang='grc' dir='ltr'>ἐγὼ</span> <span class='ocrx_word' id='word_1_552' title='bbox 982 4852 1078 4905; x_wconf 77' lang='grc' dir='ltr'>καὶ</span> <span class='ocrx_word' id='word_1_553' title='bbox 1106 4852 1384 4925; x_wconf 87' lang='grc' dir='ltr'>ἐπετάγην</span> <span class='ocrx_word' id='word_1_554' title='bbox 1416 4856 1769 4931; x_wconf 77' lang='grc' dir='ltr'>εἰσενεγκεῖν,</span> <span class='ocrx_word' id='word_1_555' title='bbox 1783 4852 1879 4911; x_wconf 75' lang='grc' dir='ltr'>καὶ</span> 
     </span>
    </p>
   </div>
   <div class='ocr_carea' id='block_1_73' title="bbox 289 4931 1881 5011">
    <p class='ocr_par' dir='ltr' id='par_1_73' title="bbox 289 4931 1881 5011">
     <span class='ocr_line' id='line_1_73' title="bbox 289 4931 1881 5011; baseline -0.002 -17"><span class='ocrx_word' id='word_1_556' title='bbox 289 4941 606 5011; x_wconf 75' lang='grc' dir='ltr'>εἰσήνεγκα.</span> <span class='ocrx_word' id='word_1_557' title='bbox 637 4936 952 5007; x_wconf 85' lang='grc' dir='ltr'>Εύλόγησον</span> <span class='ocrx_word' id='word_1_558' title='bbox 997 4935 1064 5007; x_wconf 80' lang='grc' dir='ltr'>δὴ</span> <span class='ocrx_word' id='word_1_559' title='bbox 1113 4936 1285 5007; x_wconf 80' lang='grc' dir='ltr'>ἡμᾶς,</span> <span class='ocrx_word' id='word_1_560' title='bbox 1316 4931 1363 4992; x_wconf 78' lang='grc' dir='ltr'><strong>ὦ</strong></span> <span class='ocrx_word' id='word_1_561' title='bbox 1394 4940 1595 5011; x_wconf 87' lang='grc' dir='ltr'>πάτερ,</span> <span class='ocrx_word' id='word_1_562' title='bbox 1630 4937 1881 5008; x_wconf 80' lang='grc' dir='ltr'>εὐλογίαν</span> 
     </span>
    </p>
   </div>
   <div class='ocr_carea' id='block_1_74' title="bbox 292 5013 1885 5094">
    <p class='ocr_par' dir='ltr' id='par_1_74' title="bbox 292 5013 1885 5094">
     <span class='ocr_line' id='line_1_74' title="bbox 292 5013 1885 5094; baseline -0.002 -16"><span class='ocrx_word' id='word_1_563' title='bbox 292 5021 690 5094; x_wconf 75' lang='grc' dir='ltr'>πνευματικὴν,</span> <span class='ocrx_word' id='word_1_564' title='bbox 715 5020 813 5074; x_wconf 77' lang='grc' dir='ltr'>καὶ</span> <span class='ocrx_word' id='word_1_565' title='bbox 856 5020 925 5093; x_wconf 83' lang='grc' dir='ltr'>ἢν</span> <span class='ocrx_word' id='word_1_566' title='bbox 976 5019 1179 5084; x_wconf 85' lang='grc' dir='ltr'>πάντες</span> <span class='ocrx_word' id='word_1_567' title='bbox 1221 5022 1499 5094; x_wconf 76' lang='grc' dir='ltr'>εὐχόμεθα</span> <span class='ocrx_word' id='word_1_568' title='bbox 1544 5013 1731 5079; x_wconf 85' lang='grc' dir='ltr'>λαϐεῖν</span> <span class='ocrx_word' id='word_1_569' title='bbox 1771 5022 1885 5089; x_wconf 82' lang='grc' dir='ltr'>ἀεὶ,</span> 
     </span>
    </p>
   </div>
   <div class='ocr_carea' id='block_1_75' title="bbox 293 5102 1883 5178">
    <p class='ocr_par' dir='ltr' id='par_1_75' title="bbox 293 5102 1883 5178">
     <span class='ocr_line' id='line_1_75' title="bbox 293 5102 1883 5178; baseline -0.001 -17"><span class='ocrx_word' id='word_1_570' title='bbox 293 5106 386 5161; x_wconf 71' lang='grc' dir='ltr'>καὶ</span> <span class='ocrx_word' id='word_1_571' title='bbox 407 5106 507 5175; x_wconf 83' lang='grc' dir='ltr'>τὴν</span> <span class='ocrx_word' id='word_1_572' title='bbox 534 5105 595 5159; x_wconf 87' lang='grc' dir='ltr'>ού</span> <span class='ocrx_word' id='word_1_573' title='bbox 625 5105 709 5158; x_wconf 78' lang='grc' dir='ltr'>σοὶ</span> <span class='ocrx_word' id='word_1_574' title='bbox 738 5103 920 5176; x_wconf 88' lang='grc' dir='ltr'>μόνον,</span> <span class='ocrx_word' id='word_1_575' title='bbox 952 5102 1089 5158; x_wconf 90' lang='grc' dir='ltr'>ἀλλά</span> <span class='ocrx_word' id='word_1_576' title='bbox 1118 5105 1212 5158; x_wconf 80' lang='grc' dir='ltr'>καὶ</span> <span class='ocrx_word' id='word_1_577' title='bbox 1244 5104 1372 5178; x_wconf 81' lang='grc' dir='ltr'>ἐμοὶ</span> <span class='ocrx_word' id='word_1_578' title='bbox 1396 5106 1491 5160; x_wconf 68' lang='grc' dir='ltr'>καὶ</span> <span class='ocrx_word' id='word_1_579' title='bbox 1516 5105 1727 5171; x_wconf 85' lang='grc' dir='ltr'>τούτοις</span> <span class='ocrx_word' id='word_1_580' title='bbox 1747 5107 1883 5161; x_wconf 84' lang='grc' dir='ltr'>πᾶσι</span> 
     </span>
    </p>
   </div>
   <div class='ocr_carea' id='block_1_76' title="bbox 292 5187 1884 5262">
    <p class='ocr_par' dir='ltr' id='par_1_76' title="bbox 292 5187 1884 5262">
     <span class='ocr_line' id='line_1_76' title="bbox 292 5187 1884 5262; baseline 0.001 -20"><span class='ocrx_word' id='word_1_581' title='bbox 292 5189 603 5262; x_wconf 84' lang='grc' dir='ltr'>χρησίμην·</span> <span class='ocrx_word' id='word_1_582' title='bbox 634 5188 1023 5260; x_wconf 87' lang='grc' dir='ltr'>παρακάλεσον</span> <span class='ocrx_word' id='word_1_583' title='bbox 1061 5187 1160 5241; x_wconf 83' lang='grc' dir='ltr'>τὸν</span> <span class='ocrx_word' id='word_1_584' title='bbox 1205 5188 1388 5243; x_wconf 77' lang='grc' dir='ltr'>κοινὸν</span> <span class='ocrx_word' id='word_1_585' title='bbox 1430 5189 1591 5262; x_wconf 89' lang='grc' dir='ltr'>ἡμῶν</span> <span class='ocrx_word' id='word_1_586' title='bbox 1625 5191 1884 5247; x_wconf 85' lang='grc' dir='ltr'>ἀπάντων</span> 
     </span>
    </p>
   </div>
   <div class='ocr_carea' id='block_1_77' title="bbox 294 5270 1885 5347">
    <p class='ocr_par' dir='ltr' id='par_1_77' title="bbox 294 5270 1885 5347">
     <span class='ocr_line' id='line_1_77' title="bbox 294 5270 1885 5347; baseline 0 -21"><span class='ocrx_word' id='word_1_587' title='bbox 294 5273 593 5345; x_wconf 89' lang='grc' dir='ltr'>Δεσπότην,</span> <span class='ocrx_word' id='word_1_588' title='bbox 628 5272 710 5336; x_wconf 88' lang='grc' dir='ltr'>εἰς</span> <span class='ocrx_word' id='word_1_589' title='bbox 731 5271 794 5326; x_wconf 80' lang='grc' dir='ltr'>τὸ</span> <span class='ocrx_word' id='word_1_590' title='bbox 825 5271 1036 5345; x_wconf 72' lang='grc' dir='ltr'>μακρὸν</span> <span class='ocrx_word' id='word_1_591' title='bbox 1063 5270 1246 5344; x_wconf 85' lang='grc' dir='ltr'>γῆρας</span> <span class='ocrx_word' id='word_1_592' title='bbox 1269 5270 1366 5327; x_wconf 89' lang='grc' dir='ltr'>τοῦ</span> <span class='ocrx_word' id='word_1_593' title='bbox 1403 5271 1593 5329; x_wconf 85' lang='grc' dir='ltr'>Ἰσαάκ</span> <span class='ocrx_word' id='word_1_594' title='bbox 1615 5274 1716 5347; x_wconf 85' lang='grc' dir='ltr'>τὴν</span> <span class='ocrx_word' id='word_1_595' title='bbox 1738 5272 1885 5344; x_wconf 78' lang='grc' dir='ltr'>ζωὴν</span> 
     </span>
    </p>
   </div>
   <div class='ocr_carea' id='block_1_78' title="bbox 356 5439 1698 5503">
    <p class='ocr_par' dir='ltr' id='par_1_78' title="bbox 356 5439 1698 5503">
     <span class='ocr_line' id='line_1_78' title="bbox 356 5439 1698 5503; baseline 0.001 -11"><span class='ocrx_word' id='word_1_596' title='bbox 356 5442 387 5473; x_wconf 77' lang='grc'>⁸</span> <span class='ocrx_word' id='word_1_597' title='bbox 405 5440 673 5503; x_wconf 70' lang='lat' dir='ltr'>1&#39;!!quan</span> <span class='ocrx_word' id='word_1_598' title='bbox 698 5439 809 5503; x_wconf 57' lang='lat' dir='ltr'>Sa}.</span> <span class='ocrx_word' id='word_1_599' title='bbox 826 5440 944 5503; x_wconf 78' lang='grc' dir='ltr'>πρὸς</span> <span class='ocrx_word' id='word_1_600' title='bbox 965 5440 1075 5498; x_wconf 80' lang='grc' dir='ltr'>τοὺς</span> <span class='ocrx_word' id='word_1_601' title='bbox 1095 5440 1351 5501; x_wconf 81' lang='grc' dir='ltr'>ζητοῦντας</span> <span class='ocrx_word' id='word_1_602' title='bbox 1364 5442 1508 5503; x_wconf 88' lang='grc' dir='ltr'>τίνος,</span> <span class='ocrx_word' id='word_1_603' title='bbox 1533 5460 1641 5494; x_wconf 84' lang='grc' dir='ltr'>κ.τ.</span> <span class='ocrx_word' id='word_1_604' title='bbox 1656 5443 1698 5493; x_wconf 74' lang='grc' dir='ltr'>ἑ.</span> 
     </span>
    </p>
   </div>
   <div class='ocr_carea' id='block_1_79' title="bbox 356 5502 1887 5565">
    <p class='ocr_par' dir='ltr' id='par_1_79' title="bbox 356 5502 1887 5565">
     <span class='ocr_line' id='line_1_79' title="bbox 356 5502 1887 5565; baseline 0.004 -20"><span class='ocrx_word' id='word_1_605' title='bbox 356 5504 387 5545; x_wconf 77' lang='lat' dir='ltr'><strong>b</strong></span> <span class='ocrx_word' id='word_1_606' title='bbox 410 5506 440 5554; x_wconf 82' lang='lat'>&#39;1</span> <span class='ocrx_word' id='word_1_607' title='bbox 453 5504 521 5565; x_wconf 77' lang='grc' dir='ltr'>ὧν</span> <span class='ocrx_word' id='word_1_608' title='bbox 541 5502 719 5551; x_wconf 79' lang='grc' dir='ltr'>ποδῶν.</span> <span class='ocrx_word' id='word_1_609' title='bbox 746 5502 820 5551; x_wconf 76' lang='lat' dir='ltr'>lla</span> <span class='ocrx_word' id='word_1_610' title='bbox 837 5502 987 5565; x_wconf 54' lang='lat' dir='ltr'>Reg,</span> <span class='ocrx_word' id='word_1_611' title='bbox 1000 5510 1054 5553; x_wconf 77' lang='lat' dir='ltr'>et.</span> <span class='ocrx_word' id='word_1_612' title='bbox 1078 5505 1206 5554; x_wconf 84' lang='lat' dir='ltr'>hanc</span> <span class='ocrx_word' id='word_1_613' title='bbox 1233 5503 1500 5554; x_wconf 76' lang='lat' dir='ltr'>lectionem</span> <span class='ocrx_word' id='word_1_614' title='bbox 1520 5505 1669 5554; x_wconf 81' lang='lat' dir='ltr'>aﬂ’erl</span> <span class='ocrx_word' id='word_1_615' title='bbox 1684 5506 1734 5554; x_wconf 87' lang='lat' dir='ltr'>in</span> <span class='ocrx_word' id='word_1_616' title='bbox 1754 5505 1887 5555; x_wconf 78' lang='lat' dir='ltr'><strong>nolis</strong></span> 
     </span>
    </p>
   </div>
   <div class='ocr_carea' id='block_1_80' title="bbox 298 5564 1885 5636">
    <p class='ocr_par' dir='ltr' id='par_1_80' title="bbox 298 5564 1885 5636">
     <span class='ocr_line' id='line_1_80' title="bbox 298 5564 1885 5636; baseline -0.002 -17"><span class='ocrx_word' id='word_1_617' title='bbox 497 5564 708 5614; x_wconf 62' lang='grc' dir='ltr'>υιιοευε</span> <span class='ocrx_word' id='word_1_618' title='bbox 721 5583 732 5611; x_wconf 83' lang='lat'><strong>:</strong></span> <span class='ocrx_word' id='word_1_619' title='bbox 869 5564 1239 5636; x_wconf 49' lang='lat' dir='ltr'>uligugyerqet</span> <span class='ocrx_word' id='word_1_620' title='bbox 1257 5580 1491 5636; x_wconf 55' lang='lat' dir='ltr'>germgpg</span> <span class='ocrx_word' id='word_1_621' title='bbox 1503 5572 1780 5636; x_wconf 41' lang='lat' dir='ltr'>esggpomra</span> <span class='ocrx_word' id='word_1_622' title='bbox 1798 5581 1885 5617; x_wconf 74' lang='lat' dir='ltr'>V8-</span> 
     </span>
    </p>
   </div>
   <div class='ocr_carea' id='block_1_81' title="bbox 299 5626 1885 5687">
    <p class='ocr_par' dir='ltr' id='par_1_81' title="bbox 299 5626 1885 5687">
     <span class='ocr_line' id='line_1_81' title="bbox 299 5626 1885 5687; baseline 0 -10"><span class='ocrx_word' id='word_1_623' title='bbox 299 5628 626 5687; x_wconf 71' lang='lat' dir='ltr'>roilla,quam</span> <span class='ocrx_word' id='word_1_624' title='bbox 649 5626 852 5687; x_wconf 68' lang='lat' dir='ltr'>praefert</span> <span class='ocrx_word' id='word_1_625' title='bbox 872 5626 998 5687; x_wconf 65' lang='lat' dir='ltr'>edit.</span> <span class='ocrx_word' id='word_1_626' title='bbox 1027 5627 1200 5677; x_wconf 80' lang='lat' dir='ltr'>Morel.</span> <span class='ocrx_word' id='word_1_627' title='bbox 1222 5626 1319 5677; x_wconf 74' lang='grc' dir='ltr'>τῶν</span> <span class='ocrx_word' id='word_1_628' title='bbox 1331 5630 1523 5677; x_wconf 82' lang='grc' dir='ltr'>πολλῶν</span> <span class='ocrx_word' id='word_1_629' title='bbox 1535 5626 1723 5687; x_wconf 70' lang='lat' dir='ltr'>vitiata,</span> <span class='ocrx_word' id='word_1_630' title='bbox 1745 5637 1798 5677; x_wconf 86' lang='lat' dir='ltr'>ul</span> <span class='ocrx_word' id='word_1_631' title='bbox 1824 5643 1885 5683; x_wconf 75' lang='lat' dir='ltr'>ex</span> 
     </span>
    </p>
   </div>
   <div class='ocr_carea' id='block_1_82' title="bbox 302 5684 1887 5755">
    <p class='ocr_par' dir='ltr' id='par_1_82' title="bbox 302 5684 1887 5755">
     <span class='ocr_line' id='line_1_82' title="bbox 302 5684 1887 5755; baseline -0.001 -14"><span class='ocrx_word' id='word_1_632' title='bbox 302 5692 434 5755; x_wconf 69' lang='lat' dir='ltr'>09er</span> <span class='ocrx_word' id='word_1_633' title='bbox 455 5684 632 5755; x_wconf 71' lang='grc' dir='ltr'>Ιὶἐιυοι.</span> <span class='ocrx_word' id='word_1_634' title='bbox 651 5684 778 5755; x_wconf 60' lang='grc' dir='ltr'>Ῥατὶ</span> <span class='ocrx_word' id='word_1_635' title='bbox 796 5684 918 5755; x_wconf 59' lang='lat' dir='ltr'>vitio</span> <span class='ocrx_word' id='word_1_636' title='bbox 948 5687 1201 5755; x_wconf 61' lang='lat' dir='ltr'>labprabpp</span> <span class='ocrx_word' id='word_1_637' title='bbox 1233 5691 1636 5755; x_wconf 41' lang='lat' dir='ltr'>lecliogequens</span> <span class='ocrx_word' id='word_1_638' title='bbox 1666 5684 1887 5755; x_wconf 73' lang='grc' dir='ltr'>λαμπρὰν</span> 
     </span>
    </p>
   </div>
   <div class='ocr_carea' id='block_1_83' title="bbox 301 5748 1887 5826">
    <p class='ocr_par' dir='ltr' id='par_1_83' title="bbox 301 5748 1887 5826">
     <span class='ocr_line' id='line_1_83' title="bbox 301 5748 1887 5826; baseline 0.001 -25"><span class='ocrx_word' id='word_1_639' title='bbox 301 5748 955 5826; x_wconf 48' lang='lat' dir='ltr'>s61w_p|:03rg}nd3‘,</span> <span class='ocrx_word' id='word_1_640' title='bbox 966 5748 1279 5826; x_wconf 46' lang='grc' dir='ltr'>ξρίετξαξιμαηι</span> <span class='ocrx_word' id='word_1_641' title='bbox 1291 5748 1537 5826; x_wconf 58' lang='grc' dir='ltr'>ωεξὶιὶειῑι,</span> <span class='ocrx_word' id='word_1_642' title='bbox 1549 5765 1694 5826; x_wconf 70' lang='lat' dir='ltr'><strong>quam</strong></span> <span class='ocrx_word' id='word_1_643' title='bbox 1707 5748 1887 5826; x_wconf 59' lang='grc' dir='ltr'>ἰεοίὶοτ</span> 
     </span>
    </p>
   </div>
   <div class='ocr_carea' id='block_1_84' title="bbox 309 5810 1884 5880">
    <p class='ocr_par' dir='ltr' id='par_1_84' title="bbox 309 5810 1884 5880">
     <span class='ocr_line' id='line_1_84' title="bbox 309 5810 1884 5880; baseline 0.001 -19"><span class='ocrx_word' id='word_1_644' title='bbox 309 5826 419 5880; x_wconf 65' lang='lat' dir='ltr'>pem</span> <span class='ocrx_word' id='word_1_645' title='bbox 435 5810 585 5880; x_wconf 59' lang='lat' dir='ltr'>liabo}</span> <span class='ocrx_word' id='word_1_646' title='bbox 596 5810 728 5880; x_wconf 62' lang='lat' dir='ltr'><strong>idqin</strong></span> <span class='ocrx_word' id='word_1_647' title='bbox 737 5810 890 5880; x_wconf 55' lang='lat' dir='ltr'><strong>oodgx</strong></span> <span class='ocrx_word' id='word_1_648' title='bbox 918 5810 1044 5880; x_wconf 59' lang='lat' dir='ltr'>R03.</span> <span class='ocrx_word' id='word_1_649' title='bbox 1058 5820 1112 5862; x_wconf 70' lang='lat' dir='ltr'>et</span> <span class='ocrx_word' id='word_1_650' title='bbox 1136 5814 1317 5863; x_wconf 81' lang='lat' dir='ltr'><strong>Fronto</strong></span> <span class='ocrx_word' id='word_1_651' title='bbox 1340 5810 1557 5880; x_wconf 50' lang='lat' dir='ltr'>Dymnus</span> <span class='ocrx_word' id='word_1_652' title='bbox 1566 5810 1625 5880; x_wconf 53' lang='lat' dir='ltr'>in</span> <span class='ocrx_word' id='word_1_653' title='bbox 1638 5816 1785 5872; x_wconf 78' lang='lat' dir='ltr'>notis,</span> <span class='ocrx_word' id='word_1_654' title='bbox 1799 5820 1884 5877; x_wconf 79' lang='lat' dir='ltr'>qui</span> 
     </span>
    </p>
   </div>
   <div class='ocr_carea' id='block_1_85' title="bbox 311 5872 1884 5939">
    <p class='ocr_par' dir='ltr' id='par_1_85' title="bbox 311 5872 1884 5939">
     <span class='ocr_line' id='line_1_85' title="bbox 311 5872 1884 5939; baseline 0.005 -17"><span class='ocrx_word' id='word_1_655' title='bbox 311 5877 469 5924; x_wconf 76' lang='lat' dir='ltr'><strong>tamen</strong></span> <span class='ocrx_word' id='word_1_656' title='bbox 501 5874 636 5924; x_wconf 77' lang='grc' dir='ltr'>πόλιν</span> <span class='ocrx_word' id='word_1_657' title='bbox 666 5872 716 5923; x_wconf 89' lang='lat' dir='ltr'>in</span> <span class='ocrx_word' id='word_1_658' title='bbox 749 5877 888 5924; x_wconf 72' lang='lat' dir='ltr'>textu</span> <span class='ocrx_word' id='word_1_659' title='bbox 918 5874 1210 5939; x_wconf 74' lang='lat' dir='ltr'>reliquerat,</span> <span class='ocrx_word' id='word_1_660' title='bbox 1233 5884 1287 5927; x_wconf 82' lang='grc' dir='ltr'>οι</span> <span class='ocrx_word' id='word_1_661' title='bbox 1305 5872 1544 5931; x_wconf 67' lang='lat' dir='ltr'>ciuitatem</span> <span class='ocrx_word' id='word_1_662' title='bbox 1567 5875 1617 5929; x_wconf 84' lang='lat' dir='ltr'>in</span> <span class='ocrx_word' id='word_1_663' title='bbox 1638 5872 1884 5935; x_wconf 67' lang='lat' dir='ltr'>versioxie.</span> 
     </span>
    </p>
   </div>
   <div class='ocr_carea' id='block_1_86' title="bbox 1969 3276 3567 3349">
    <p class='ocr_par' dir='ltr' id='par_1_86' title="bbox 1969 3276 3567 3349">
     <span class='ocr_line' id='line_1_86' title="bbox 1969 3276 3567 3349; baseline 0.002 -20"><span class='ocrx_word' id='word_1_664' title='bbox 1969 3276 2070 3348; x_wconf 82' lang='grc' dir='ltr'>τὴν</span> <span class='ocrx_word' id='word_1_665' title='bbox 2110 3276 2209 3348; x_wconf 79' lang='grc' dir='ltr'>σὴν</span> <span class='ocrx_word' id='word_1_666' title='bbox 2239 3276 2547 3347; x_wconf 85' lang='grc' dir='ltr'>ἐξαγαγεῖν.</span> <span class='ocrx_word' id='word_1_667' title='bbox 2586 3276 2759 3331; x_wconf 87' lang='grc' dir='ltr'>Τοῦτο</span> <span class='ocrx_word' id='word_1_668' title='bbox 2786 3277 2897 3348; x_wconf 83' lang='grc' dir='ltr'>γὰρ</span> <span class='ocrx_word' id='word_1_669' title='bbox 2941 3277 3037 3332; x_wconf 75' lang='grc' dir='ltr'>καὶ</span> <span class='ocrx_word' id='word_1_670' title='bbox 3075 3277 3202 3349; x_wconf 73' lang='grc' dir='ltr'>ἐμοὶ</span> <span class='ocrx_word' id='word_1_671' title='bbox 3236 3278 3327 3333; x_wconf 81' lang='grc' dir='ltr'>καί</span> <span class='ocrx_word' id='word_1_672' title='bbox 3355 3276 3567 3343; x_wconf 82' lang='grc' dir='ltr'>τούτοις</span> 
     </span>
    </p>
   </div>
   <div class='ocr_carea' id='block_1_87' title="bbox 1969 3358 3567 3434">
    <p class='ocr_par' dir='ltr' id='par_1_87' title="bbox 1969 3358 3567 3434">
     <span class='ocr_line' id='line_1_87' title="bbox 1969 3358 3567 3434; baseline 0.003 -21"><span class='ocrx_word' id='word_1_673' title='bbox 1969 3359 2069 3429; x_wconf 84' lang='grc' dir='ltr'>τῆς</span> <span class='ocrx_word' id='word_1_674' title='bbox 2098 3358 2289 3431; x_wconf 88' lang='grc' dir='ltr'>δρόσου</span> <span class='ocrx_word' id='word_1_675' title='bbox 2315 3361 2410 3415; x_wconf 87' lang='grc' dir='ltr'>τοῦ</span> <span class='ocrx_word' id='word_1_676' title='bbox 2436 3363 2670 3434; x_wconf 86' lang='grc' dir='ltr'>ούρανοῦ</span> <span class='ocrx_word' id='word_1_677' title='bbox 2701 3361 2797 3415; x_wconf 72' lang='grc' dir='ltr'>καὶ</span> <span class='ocrx_word' id='word_1_678' title='bbox 2824 3362 2925 3433; x_wconf 89' lang='grc' dir='ltr'>τῆς</span> <span class='ocrx_word' id='word_1_679' title='bbox 2951 3362 3204 3433; x_wconf 83' lang='grc' dir='ltr'>πιότητος</span> <span class='ocrx_word' id='word_1_680' title='bbox 3224 3364 3324 3434; x_wconf 87' lang='grc' dir='ltr'>τῆς</span> <span class='ocrx_word' id='word_1_681' title='bbox 3347 3363 3453 3434; x_wconf 86' lang='grc' dir='ltr'>γῆς</span> <span class='ocrx_word' id='word_1_682' title='bbox 3480 3379 3567 3417; x_wconf 91' lang='grc' dir='ltr'>τι-</span> 
     </span>
    </p>
   </div>
   <div class='ocr_carea' id='block_1_88' title="bbox 1973 3442 2859 3516">
    <p class='ocr_par' dir='ltr' id='par_1_88' title="bbox 1973 3442 2859 3516">
     <span class='ocr_line' id='line_1_88' title="bbox 1973 3442 2859 3516; baseline 0.006 -21"><span class='ocrx_word' id='word_1_683' title='bbox 1973 3442 2243 3514; x_wconf 90' lang='grc' dir='ltr'>μιώτερον</span> <span class='ocrx_word' id='word_1_684' title='bbox 2276 3445 2372 3499; x_wconf 73' lang='grc' dir='ltr'>καὶ</span> <span class='ocrx_word' id='word_1_685' title='bbox 2403 3445 2859 3516; x_wconf 89' lang='grc' dir='ltr'>ἀναγκαιότερον.</span> 
     </span>
    </p>
   </div>
   <div class='ocr_carea' id='block_1_89' title="bbox 2056 3525 3565 3601">
    <p class='ocr_par' dir='ltr' id='par_1_89' title="bbox 2056 3525 3565 3601">
     <span class='ocr_line' id='line_1_89' title="bbox 2056 3525 3565 3601; baseline 0.003 -22"><span class='ocrx_word' id='word_1_686' title='bbox 2056 3525 2217 3581; x_wconf 88' lang='grc' dir='ltr'>Ἀλλά</span> <span class='ocrx_word' id='word_1_687' title='bbox 2241 3526 2352 3600; x_wconf 83' lang='grc' dir='ltr'>γὰρ</span> <span class='ocrx_word' id='word_1_688' title='bbox 2384 3527 2505 3601; x_wconf 84' lang='grc' dir='ltr'>ὥρα</span> <span class='ocrx_word' id='word_1_689' title='bbox 2536 3527 2726 3582; x_wconf 76' lang='grc' dir='ltr'>λοιπὸν</span> <span class='ocrx_word' id='word_1_690' title='bbox 2757 3529 3084 3601; x_wconf 87' lang='grc' dir='ltr'>παραθεῖναι</span> <span class='ocrx_word' id='word_1_691' title='bbox 3113 3528 3217 3601; x_wconf 80' lang='grc' dir='ltr'>τὴν</span> <span class='ocrx_word' id='word_1_692' title='bbox 3247 3528 3530 3596; x_wconf 73' lang='grc' dir='ltr'>τράπεζαν</span> <span class='ocrx_word' id='word_1_693' title='bbox 3549 3546 3565 3559; x_wconf 94' lang='grc'>⁸</span> 
     </span>
    </p>
   </div>
   <div class='ocr_carea' id='block_1_90' title="bbox 1970 3607 3570 3687">
    <p class='ocr_par' dir='ltr' id='par_1_90' title="bbox 1970 3607 3570 3687">
     <span class='ocr_line' id='line_1_90' title="bbox 1970 3607 3570 3687; baseline 0.003 -25"><span class='ocrx_word' id='word_1_694' title='bbox 1970 3609 2056 3675; x_wconf 92' lang='grc' dir='ltr'>τίς</span> <span class='ocrx_word' id='word_1_695' title='bbox 2081 3607 2175 3668; x_wconf 76' lang='grc' dir='ltr'>οὖν</span> <span class='ocrx_word' id='word_1_696' title='bbox 2206 3613 2355 3668; x_wconf 87' lang='grc' dir='ltr'>ἐστιν</span> <span class='ocrx_word' id='word_1_697' title='bbox 2394 3612 2535 3686; x_wconf 78' lang='grc' dir='ltr'>αῦτη</span> <span class='ocrx_word' id='word_1_698' title='bbox 2560 3631 2575 3677; x_wconf 90' lang='lat'><strong>;</strong></span> <span class='ocrx_word' id='word_1_699' title='bbox 2606 3614 2689 3669; x_wconf 80' lang='grc' dir='ltr'>Τὰ</span> <span class='ocrx_word' id='word_1_700' title='bbox 2711 3614 2947 3687; x_wconf 74' lang='grc' dir='ltr'>λείψανα</span> <span class='ocrx_word' id='word_1_701' title='bbox 2974 3614 3086 3668; x_wconf 91' lang='grc' dir='ltr'>τῶν</span> <span class='ocrx_word' id='word_1_702' title='bbox 3120 3612 3311 3686; x_wconf 83' lang='grc' dir='ltr'>πρώην</span> <span class='ocrx_word' id='word_1_703' title='bbox 3341 3613 3570 3687; x_wconf 79' lang='grc' dir='ltr'>εἰρημέ-</span> 
     </span>
    </p>
   </div>
   <div class='ocr_carea' id='block_1_91' title="bbox 1971 3695 3571 3772">
    <p class='ocr_par' dir='ltr' id='par_1_91' title="bbox 1971 3695 3571 3772">
     <span class='ocr_line' id='line_1_91' title="bbox 1971 3695 3571 3772; baseline 0.003 -24"><span class='ocrx_word' id='word_1_704' title='bbox 1971 3710 2079 3749; x_wconf 87' lang='grc' dir='ltr'>νων</span> <span class='ocrx_word' id='word_1_705' title='bbox 2113 3695 2249 3767; x_wconf 72' lang='grc' dir='ltr'>πρδς</span> <span class='ocrx_word' id='word_1_706' title='bbox 2294 3696 2395 3769; x_wconf 76' lang='grc' dir='ltr'>τῂν</span> <span class='ocrx_word' id='word_1_707' title='bbox 2439 3698 2719 3771; x_wconf 77' lang='grc' dir='ltr'>ὑμετέραν</span> <span class='ocrx_word' id='word_1_708' title='bbox 2771 3699 3026 3769; x_wconf 60' lang='grc' dir='ltr'>ἀγάπην</span> <span class='ocrx_word' id='word_1_709' title='bbox 3073 3697 3153 3752; x_wconf 78' lang='grc' dir='ltr'>ἔτι</span> <span class='ocrx_word' id='word_1_710' title='bbox 3188 3699 3317 3772; x_wconf 82' lang='grc' dir='ltr'>γάρ.</span> <span class='ocrx_word' id='word_1_711' title='bbox 3366 3698 3448 3751; x_wconf 80' lang='grc' dir='ltr'>ἔτι</span> <span class='ocrx_word' id='word_1_712' title='bbox 3478 3698 3571 3752; x_wconf 81' lang='grc' dir='ltr'>τὸν</span> 
     </span>
    </p>
   </div>
   <div class='ocr_carea' id='block_1_92' title="bbox 1973 3777 3572 3854">
    <p class='ocr_par' dir='ltr' id='par_1_92' title="bbox 1973 3777 3572 3854">
     <span class='ocr_line' id='line_1_92' title="bbox 1973 3777 3572 3854; baseline 0.004 -25"><span class='ocrx_word' id='word_1_713' title='bbox 1973 3779 2103 3850; x_wconf 70' lang='grc' dir='ltr'>περὶ</span> <span class='ocrx_word' id='word_1_714' title='bbox 2130 3777 2226 3831; x_wconf 88' lang='grc' dir='ltr'>τοῦ</span> <span class='ocrx_word' id='word_1_715' title='bbox 2259 3778 2506 3834; x_wconf 81' lang='grc' dir='ltr'>διαϐόλου</span> <span class='ocrx_word' id='word_1_716' title='bbox 2538 3780 2698 3850; x_wconf 85' lang='grc' dir='ltr'>λόγον</span> <span class='ocrx_word' id='word_1_717' title='bbox 2724 3781 3115 3854; x_wconf 85' lang='grc' dir='ltr'>ἀνακινοῦμεν,</span> <span class='ocrx_word' id='word_1_718' title='bbox 3147 3782 3207 3836; x_wconf 82' lang='grc' dir='ltr'>ὃν</span> <span class='ocrx_word' id='word_1_719' title='bbox 3233 3782 3339 3854; x_wconf 77' lang='grc' dir='ltr'>πρὸ</span> <span class='ocrx_word' id='word_1_720' title='bbox 3363 3782 3572 3835; x_wconf 78' lang='grc' dir='ltr'>τούτων</span> 
     </span>
    </p>
   </div>
   <div class='ocr_carea' id='block_1_93' title="bbox 1972 3852 3572 3937">
    <p class='ocr_par' dir='ltr' id='par_1_93' title="bbox 1972 3852 3572 3937">
     <span class='ocr_line' id='line_1_93' title="bbox 1972 3852 3572 3937; baseline 0.003 -24"><span class='ocrx_word' id='word_1_721' title='bbox 1972 3860 2082 3916; x_wconf 85' lang='grc' dir='ltr'>τῶν</span> <span class='ocrx_word' id='word_1_722' title='bbox 2110 3859 2202 3915; x_wconf 89' lang='grc' dir='ltr'>δύο</span> <span class='ocrx_word' id='word_1_723' title='bbox 2220 3862 2446 3935; x_wconf 87' lang='grc' dir='ltr'>ἡμερῶν</span> <span class='ocrx_word' id='word_1_724' title='bbox 2475 3865 2842 3936; x_wconf 87' lang='grc' dir='ltr'>ἐκινήσαμεν⁸</span> <span class='ocrx_word' id='word_1_725' title='bbox 2877 3852 2938 3919; x_wconf 74' lang='grc' dir='ltr'>δν</span> <span class='ocrx_word' id='word_1_726' title='bbox 2965 3852 3060 3919; x_wconf 71' lang='grc' dir='ltr'>καὶ</span> <span class='ocrx_word' id='word_1_727' title='bbox 3084 3865 3253 3919; x_wconf 83' lang='grc' dir='ltr'>ἐωθεν</span> <span class='ocrx_word' id='word_1_728' title='bbox 3280 3852 3417 3937; x_wconf 83' lang='grc' dir='ltr'>πρὸς</span> <span class='ocrx_word' id='word_1_729' title='bbox 3443 3866 3572 3930; x_wconf 80' lang='grc' dir='ltr'>τοὺς</span> 
     </span>
    </p>
   </div>
   <div class='ocr_carea' id='block_1_94' title="bbox 1979 3947 3572 4022">
    <p class='ocr_par' dir='ltr' id='par_1_94' title="bbox 1979 3947 3572 4022">
     <span class='ocr_line' id='line_1_94' title="bbox 1979 3947 3572 4022; baseline 0.003 -24"><span class='ocrx_word' id='word_1_730' title='bbox 1979 3962 2346 4018; x_wconf 83' lang='grc' dir='ltr'>μυσταγωγου</span> <span class='ocrx_word' id='word_1_731' title='bbox 2355 3947 2552 4018; x_wconf 81' lang='grc' dir='ltr'>μένους</span> <span class='ocrx_word' id='word_1_732' title='bbox 2582 3949 2839 4020; x_wconf 85' lang='grc' dir='ltr'>είπαμεν,</span> <span class='ocrx_word' id='word_1_733' title='bbox 2867 3949 2956 4003; x_wconf 79' lang='grc' dir='ltr'>ὅτε</span> <span class='ocrx_word' id='word_1_734' title='bbox 2985 3950 3117 4022; x_wconf 80' lang='grc' dir='ltr'>περί</span> <span class='ocrx_word' id='word_1_735' title='bbox 3159 3950 3444 4020; x_wconf 83' lang='grc' dir='ltr'>ἀποταγῆς</span> <span class='ocrx_word' id='word_1_736' title='bbox 3476 3951 3572 4004; x_wconf 74' lang='grc' dir='ltr'>καὶ</span> 
     </span>
    </p>
   </div>
   <div class='ocr_carea' id='block_1_95' title="bbox 1977 4031 3572 4105">
    <p class='ocr_par' dir='ltr' id='par_1_95' title="bbox 1977 4031 3572 4105">
     <span class='ocr_line' id='line_1_95' title="bbox 1977 4031 3572 4105; baseline 0.002 -20"><span class='ocrx_word' id='word_1_737' title='bbox 1977 4031 2249 4103; x_wconf 89' lang='grc' dir='ltr'>συνταγῆς</span> <span class='ocrx_word' id='word_1_738' title='bbox 2293 4031 2649 4104; x_wconf 87' lang='grc' dir='ltr'>διελεγόμεθα</span> <span class='ocrx_word' id='word_1_739' title='bbox 2694 4033 2927 4098; x_wconf 84' lang='grc' dir='ltr'>τούτοις.</span> <span class='ocrx_word' id='word_1_740' title='bbox 2982 4034 3256 4105; x_wconf 82' lang='grc' dir='ltr'>Ῑῐοιοῦμεν</span> <span class='ocrx_word' id='word_1_741' title='bbox 3307 4034 3364 4088; x_wconf 76' lang='grc' dir='ltr'>δὲ</span> <span class='ocrx_word' id='word_1_742' title='bbox 3411 4033 3572 4088; x_wconf 85' lang='grc' dir='ltr'>τοῦτο</span> 
     </span>
    </p>
   </div>
   <div class='ocr_carea' id='block_1_96' title="bbox 1973 4114 3569 4189">
    <p class='ocr_par' dir='ltr' id='par_1_96' title="bbox 1973 4114 3569 4189">
     <span class='ocr_line' id='line_1_96' title="bbox 1973 4114 3569 4189; baseline 0.001 -21"><span class='ocrx_word' id='word_1_743' title='bbox 1973 4114 2076 4169; x_wconf 84' lang='grc' dir='ltr'>οὒκ</span> <span class='ocrx_word' id='word_1_744' title='bbox 2118 4114 2307 4188; x_wconf 88' lang='grc' dir='ltr'>ἐπειδὴ</span> <span class='ocrx_word' id='word_1_745' title='bbox 2343 4116 2474 4187; x_wconf 78' lang='grc' dir='ltr'>ἡδὺς</span> <span class='ocrx_word' id='word_1_746' title='bbox 2519 4118 2655 4187; x_wconf 91' lang='grc' dir='ltr'>ἡμῖν</span> <span class='ocrx_word' id='word_1_747' title='bbox 2696 4118 2725 4171; x_wconf 88' lang='grc' dir='ltr'>ό</span> <span class='ocrx_word' id='word_1_748' title='bbox 2765 4117 2897 4189; x_wconf 75' lang='grc' dir='ltr'>περὶ</span> <span class='ocrx_word' id='word_1_749' title='bbox 2944 4116 3042 4172; x_wconf 91' lang='grc' dir='ltr'>τοῦ</span> <span class='ocrx_word' id='word_1_750' title='bbox 3088 4116 3341 4171; x_wconf 85' lang='grc' dir='ltr'>διαϐόλου</span> <span class='ocrx_word' id='word_1_751' title='bbox 3388 4117 3569 4186; x_wconf 88' lang='grc' dir='ltr'>λόγος,</span> 
     </span>
    </p>
   </div>
   <div class='ocr_carea' id='block_1_97' title="bbox 1973 4196 3572 4273">
    <p class='ocr_par' dir='ltr' id='par_1_97' title="bbox 1973 4196 3572 4273">
     <span class='ocr_line' id='line_1_97' title="bbox 1973 4196 3572 4273; baseline 0.001 -20"><span class='ocrx_word' id='word_1_752' title='bbox 1973 4196 2093 4253; x_wconf 82' lang='grc' dir='ltr'>ἀλλ’</span> <span class='ocrx_word' id='word_1_753' title='bbox 2126 4197 2315 4271; x_wconf 77' lang='grc' dir='ltr'>ἐπειδὴ</span> <span class='ocrx_word' id='word_1_754' title='bbox 2341 4198 2586 4271; x_wconf 82' lang='grc' dir='ltr'>ἀσφαλὴς</span> <span class='ocrx_word' id='word_1_755' title='bbox 2614 4200 2747 4270; x_wconf 79' lang='grc' dir='ltr'>ὑμῖν</span> <span class='ocrx_word' id='word_1_756' title='bbox 2768 4210 2791 4240; x_wconf 75' lang='grc' dir='ltr'><strong>ο</strong></span> <span class='ocrx_word' id='word_1_757' title='bbox 2844 4201 2879 4272; x_wconf 85' lang='grc' dir='ltr'>ἡ</span> <span class='ocrx_word' id='word_1_758' title='bbox 2910 4200 3042 4273; x_wconf 74' lang='grc' dir='ltr'>περὶ</span> <span class='ocrx_word' id='word_1_759' title='bbox 3086 4199 3276 4254; x_wconf 84' lang='grc' dir='ltr'>τούτου</span> <span class='ocrx_word' id='word_1_760' title='bbox 3315 4200 3572 4254; x_wconf 84' lang='grc' dir='ltr'>διδασκα-</span> 
     </span>
    </p>
   </div>
   <div class='ocr_carea' id='block_1_98' title="bbox 1975 4281 3572 4357">
    <p class='ocr_par' dir='ltr' id='par_1_98' title="bbox 1975 4281 3572 4357">
     <span class='ocr_line' id='line_1_98' title="bbox 1975 4281 3572 4357; baseline 0.002 -21"><span class='ocrx_word' id='word_1_761' title='bbox 1975 4281 2067 4336; x_wconf 84' lang='grc' dir='ltr'>λία</span> <span class='ocrx_word' id='word_1_762' title='bbox 2090 4300 2105 4313; x_wconf 90' lang='grc'>⁸</span> <span class='ocrx_word' id='word_1_763' title='bbox 2136 4282 2334 4356; x_wconf 84' lang='grc' dir='ltr'>ἐχθρὸς</span> <span class='ocrx_word' id='word_1_764' title='bbox 2352 4283 2465 4356; x_wconf 86' lang='grc' dir='ltr'>γάρ</span> <span class='ocrx_word' id='word_1_765' title='bbox 2490 4286 2613 4340; x_wconf 89' lang='grc' dir='ltr'>ἐστι</span> <span class='ocrx_word' id='word_1_766' title='bbox 2638 4285 2735 4338; x_wconf 72' lang='grc' dir='ltr'>καὶ</span> <span class='ocrx_word' id='word_1_767' title='bbox 2757 4284 3019 4357; x_wconf 77' lang='grc' dir='ltr'>πολέμιος</span> <span class='ocrx_word' id='word_1_768' title='bbox 3034 4300 3051 4315; x_wconf 88' lang='grc'>⁸</span> <span class='ocrx_word' id='word_1_769' title='bbox 3083 4284 3299 4356; x_wconf 81' lang='grc' dir='ltr'>μεγάλη</span> <span class='ocrx_word' id='word_1_770' title='bbox 3320 4285 3378 4339; x_wconf 84' lang='grc' dir='ltr'>δὲ</span> <span class='ocrx_word' id='word_1_771' title='bbox 3400 4284 3572 4355; x_wconf 73' lang='grc' dir='ltr'>ἀσφάο</span> 
     </span>
    </p>
   </div>
   <div class='ocr_carea' id='block_1_99' title="bbox 1977 4366 3570 4441">
    <p class='ocr_par' dir='ltr' id='par_1_99' title="bbox 1977 4366 3570 4441">
     <span class='ocr_line' id='line_1_99' title="bbox 1977 4366 3570 4441; baseline 0.001 -21"><span class='ocrx_word' id='word_1_772' title='bbox 1977 4367 2098 4421; x_wconf 91' lang='grc' dir='ltr'>λεια</span> <span class='ocrx_word' id='word_1_773' title='bbox 2118 4366 2190 4420; x_wconf 91' lang='grc' dir='ltr'>τά</span> <span class='ocrx_word' id='word_1_774' title='bbox 2204 4366 2314 4420; x_wconf 80' lang='grc' dir='ltr'>τῶν</span> <span class='ocrx_word' id='word_1_775' title='bbox 2335 4368 2549 4439; x_wconf 87' lang='grc' dir='ltr'>ἐχθρῶν</span> <span class='ocrx_word' id='word_1_776' title='bbox 2566 4368 2760 4422; x_wconf 81' lang='grc' dir='ltr'>εἰδέναι</span> <span class='ocrx_word' id='word_1_777' title='bbox 2788 4368 2999 4438; x_wconf 81' lang='grc' dir='ltr'>σαφῶς.</span> <span class='ocrx_word' id='word_1_778' title='bbox 3013 4370 3332 4441; x_wconf 81' lang='grc' dir='ltr'>Εἰρὴκαμεν</span> <span class='ocrx_word' id='word_1_779' title='bbox 3354 4367 3570 4441; x_wconf 82' lang='grc' dir='ltr'>πρώην,</span> 
     </span>
    </p>
   </div>
   <div class='ocr_carea' id='block_1_100' title="bbox 1977 4449 3571 4525">
    <p class='ocr_par' dir='ltr' id='par_1_100' title="bbox 1977 4449 3571 4525">
     <span class='ocr_line' id='line_1_100' title="bbox 1977 4449 3571 4525; baseline 0.001 -22"><span class='ocrx_word' id='word_1_780' title='bbox 1977 4450 2061 4504; x_wconf 87' lang='grc' dir='ltr'>ὃτι</span> <span class='ocrx_word' id='word_1_781' title='bbox 2089 4449 2181 4523; x_wconf 76' lang='grc' dir='ltr'>βία</span> <span class='ocrx_word' id='word_1_782' title='bbox 2207 4451 2266 4504; x_wconf 82' lang='grc' dir='ltr'>ού</span> <span class='ocrx_word' id='word_1_783' title='bbox 2295 4452 2509 4522; x_wconf 83' lang='grc' dir='ltr'>κρατεῖ,</span> <span class='ocrx_word' id='word_1_784' title='bbox 2539 4451 2663 4505; x_wconf 79' lang='grc' dir='ltr'>οὐδὲ</span> <span class='ocrx_word' id='word_1_785' title='bbox 2700 4453 3002 4525; x_wconf 87' lang='grc' dir='ltr'>τυραννίδι,</span> <span class='ocrx_word' id='word_1_786' title='bbox 3048 4452 3172 4506; x_wconf 82' lang='grc' dir='ltr'>οὐδέ</span> <span class='ocrx_word' id='word_1_787' title='bbox 3219 4452 3571 4522; x_wconf 74' lang='grc' dir='ltr'>ἀναγκάζων,</span> 
     </span>
    </p>
   </div>
   <div class='ocr_carea' id='block_1_101' title="bbox 1978 4532 3575 4608">
    <p class='ocr_par' dir='ltr' id='par_1_101' title="bbox 1978 4532 3575 4608">
     <span class='ocr_line' id='line_1_101' title="bbox 1978 4532 3575 4608; baseline 0.002 -20"><span class='ocrx_word' id='word_1_788' title='bbox 1978 4534 2099 4588; x_wconf 78' lang='grc' dir='ltr'>οὐδὲ</span> <span class='ocrx_word' id='word_1_789' title='bbox 2131 4534 2452 4606; x_wconf 76' lang='grc' dir='ltr'>βιαζόμενος</span> <span class='ocrx_word' id='word_1_790' title='bbox 2475 4549 2490 4565; x_wconf 91' lang='grc'>⁸</span> <span class='ocrx_word' id='word_1_791' title='bbox 2543 4536 2668 4589; x_wconf 76' lang='grc' dir='ltr'>ἐπεὶ</span> <span class='ocrx_word' id='word_1_792' title='bbox 2699 4537 2748 4590; x_wconf 88' lang='grc' dir='ltr'>εἰ</span> <span class='ocrx_word' id='word_1_793' title='bbox 2780 4535 2939 4591; x_wconf 85' lang='grc' dir='ltr'>τοῦτο</span> <span class='ocrx_word' id='word_1_794' title='bbox 2970 4532 3060 4608; x_wconf 82' lang='grc' dir='ltr'>ῆν,</span> <span class='ocrx_word' id='word_1_795' title='bbox 3096 4536 3304 4601; x_wconf 89' lang='grc' dir='ltr'>πάντας</span> <span class='ocrx_word' id='word_1_796' title='bbox 3351 4537 3416 4591; x_wconf 86' lang='grc' dir='ltr'>ἂν</span> <span class='ocrx_word' id='word_1_797' title='bbox 3464 4538 3575 4591; x_wconf 81' lang='grc' dir='ltr'>ἀπ-</span> 
     </span>
    </p>
   </div>
   <div class='ocr_carea' id='block_1_102' title="bbox 1975 4616 3579 4695">
    <p class='ocr_par' dir='ltr' id='par_1_102' title="bbox 1975 4616 3579 4695">
     <span class='ocr_line' id='line_1_102' title="bbox 1975 4616 3579 4695; baseline 0.001 -22"><span class='ocrx_word' id='word_1_798' title='bbox 1975 4616 2168 4675; x_wconf 83' lang='grc' dir='ltr'>ώλεσε.</span> <span class='ocrx_word' id='word_1_799' title='bbox 2195 4621 2305 4674; x_wconf 73' lang='grc' dir='ltr'>Καὶ</span> <span class='ocrx_word' id='word_1_800' title='bbox 2333 4619 2525 4674; x_wconf 82' lang='grc' dir='ltr'>τούτου</span> <span class='ocrx_word' id='word_1_801' title='bbox 2555 4623 2861 4693; x_wconf 85' lang='grc' dir='ltr'>τεκμήριον</span> <span class='ocrx_word' id='word_1_802' title='bbox 2889 4622 3291 4695; x_wconf 86' lang='grc' dir='ltr'>παρηγάγομεν</span> <span class='ocrx_word' id='word_1_803' title='bbox 3316 4625 3442 4687; x_wconf 77' lang='grc' dir='ltr'>τοὺς</span> <span class='ocrx_word' id='word_1_804' title='bbox 3462 4622 3579 4694; x_wconf 79' lang='grc' dir='ltr'>χοί-</span> 
     </span>
    </p>
   </div>
   <div class='ocr_carea' id='block_1_103' title="bbox 1982 4696 3578 4779">
    <p class='ocr_par' dir='ltr' id='par_1_103' title="bbox 1982 4696 3578 4779">
     <span class='ocr_line' id='line_1_103' title="bbox 1982 4696 3578 4779; baseline 0.002 -23"><span class='ocrx_word' id='word_1_805' title='bbox 1982 4719 2131 4775; x_wconf 86' lang='grc' dir='ltr'>ρους,</span> <span class='ocrx_word' id='word_1_806' title='bbox 2174 4696 2250 4758; x_wconf 80' lang='grc' dir='ltr'>ὧν</span> <span class='ocrx_word' id='word_1_807' title='bbox 2292 4704 2393 4757; x_wconf 81' lang='grc' dir='ltr'>οὐκ</span> <span class='ocrx_word' id='word_1_808' title='bbox 2423 4703 2773 4778; x_wconf 66' lang='grc' dir='ltr'>ἠδυνήθησαν</span> <span class='ocrx_word' id='word_1_809' title='bbox 2807 4707 3217 4779; x_wconf 83' lang='grc' dir='ltr'>κατατολμῆσαι</span> <span class='ocrx_word' id='word_1_810' title='bbox 3246 4707 3296 4760; x_wconf 89' lang='grc' dir='ltr'>οἱ</span> <span class='ocrx_word' id='word_1_811' title='bbox 3323 4705 3578 4776; x_wconf 87' lang='grc' dir='ltr'>δαίμονες</span> 
     </span>
    </p>
   </div>
   <div class='ocr_carea' id='block_1_104' title="bbox 1979 4788 3574 4864">
    <p class='ocr_par' dir='ltr' id='par_1_104' title="bbox 1979 4788 3574 4864">
     <span class='ocr_line' id='line_1_104' title="bbox 1979 4788 3574 4864; baseline 0 -21"><span class='ocrx_word' id='word_1_812' title='bbox 1979 4788 2089 4862; x_wconf 84' lang='grc' dir='ltr'>πρὸ</span> <span class='ocrx_word' id='word_1_813' title='bbox 2132 4789 2232 4862; x_wconf 89' lang='grc' dir='ltr'>τῆς</span> <span class='ocrx_word' id='word_1_814' title='bbox 2262 4788 2572 4863; x_wconf 81' lang='grc' dir='ltr'>ἐπιτροπῆς</span> <span class='ocrx_word' id='word_1_815' title='bbox 2603 4790 2699 4843; x_wconf 90' lang='grc' dir='ltr'>τοῦ</span> <span class='ocrx_word' id='word_1_816' title='bbox 2746 4793 3050 4846; x_wconf 86' lang='grc' dir='ltr'>Δεσπότου⁸</span> <span class='ocrx_word' id='word_1_817' title='bbox 3082 4792 3151 4845; x_wconf 78' lang='grc' dir='ltr'>τὰ</span> <span class='ocrx_word' id='word_1_818' title='bbox 3182 4791 3435 4864; x_wconf 79' lang='grc' dir='ltr'>βουκόλια</span> <span class='ocrx_word' id='word_1_819' title='bbox 3477 4788 3574 4844; x_wconf 81' lang='grc' dir='ltr'>τοῦ</span> 
     </span>
    </p>
   </div>
   <div class='ocr_carea' id='block_1_105' title="bbox 1992 4872 3581 4949">
    <p class='ocr_par' dir='ltr' id='par_1_105' title="bbox 1992 4872 3581 4949">
     <span class='ocr_line' id='line_1_105' title="bbox 1992 4872 3581 4949; baseline 0.002 -22"><span class='ocrx_word' id='word_1_820' title='bbox 1992 4872 2117 4928; x_wconf 82' lang='grc' dir='ltr'>Ἰὼϐ</span> <span class='ocrx_word' id='word_1_821' title='bbox 2161 4875 2257 4928; x_wconf 77' lang='grc' dir='ltr'>καὶ</span> <span class='ocrx_word' id='word_1_822' title='bbox 2305 4874 2375 4927; x_wconf 85' lang='grc' dir='ltr'>τὰ</span> <span class='ocrx_word' id='word_1_823' title='bbox 2423 4874 2684 4947; x_wconf 89' lang='grc' dir='ltr'>ποίμνια⁸</span> <span class='ocrx_word' id='word_1_824' title='bbox 2734 4876 2856 4929; x_wconf 84' lang='grc' dir='ltr'>οὐδέ</span> <span class='ocrx_word' id='word_1_825' title='bbox 2899 4876 3009 4949; x_wconf 86' lang='grc' dir='ltr'>γάρ</span> <span class='ocrx_word' id='word_1_826' title='bbox 3041 4875 3216 4930; x_wconf 85' lang='grc' dir='ltr'>ταῦτα</span> <span class='ocrx_word' id='word_1_827' title='bbox 3262 4874 3581 4945; x_wconf 77' lang='grc' dir='ltr'>δίαφθεῖραι</span> 
     </span>
    </p>
   </div>
   <div class='ocr_carea' id='block_1_106' title="bbox 1981 4956 3576 5031">
    <p class='ocr_par' dir='ltr' id='par_1_106' title="bbox 1981 4956 3576 5031">
     <span class='ocr_line' id='line_1_106' title="bbox 1981 4956 3576 5031; baseline 0.002 -21"><span class='ocrx_word' id='word_1_828' title='bbox 1981 4956 2283 5029; x_wconf 83' lang='grc' dir='ltr'>ἐτόλμησεν</span> <span class='ocrx_word' id='word_1_829' title='bbox 2310 4958 2341 5010; x_wconf 85' lang='grc' dir='ltr'>ό</span> <span class='ocrx_word' id='word_1_830' title='bbox 2374 4957 2644 5022; x_wconf 88' lang='grc' dir='ltr'>διάϐολος,</span> <span class='ocrx_word' id='word_1_831' title='bbox 2675 4957 2783 5023; x_wconf 70' lang='grc' dir='ltr'>ἕως</span> <span class='ocrx_word' id='word_1_832' title='bbox 2813 4958 3022 5014; x_wconf 80' lang='grc' dir='ltr'>ἀνωθεν</span> <span class='ocrx_word' id='word_1_833' title='bbox 3041 4960 3144 5031; x_wconf 74' lang='grc' dir='ltr'>τήν</span> <span class='ocrx_word' id='word_1_834' title='bbox 3174 4958 3425 5022; x_wconf 78' lang='grc' dir='ltr'>ἐξουσίαν</span> <span class='ocrx_word' id='word_1_835' title='bbox 3451 4958 3576 5014; x_wconf 81' lang='grc' dir='ltr'>ἐλα-</span> 
     </span>
    </p>
   </div>
   <div class='ocr_carea' id='block_1_107' title="bbox 1984 5042 3576 5117">
    <p class='ocr_par' dir='ltr' id='par_1_107' title="bbox 1984 5042 3576 5117">
     <span class='ocr_line' id='line_1_107' title="bbox 1984 5042 3576 5117; baseline 0.001 -21"><span class='ocrx_word' id='word_1_836' title='bbox 1984 5042 2207 5099; x_wconf 82' lang='grc' dir='ltr'>ϐεν.⁹Εν</span> <span class='ocrx_word' id='word_1_837' title='bbox 2231 5043 2412 5096; x_wconf 87' lang='grc' dir='ltr'>τοίνυν</span> <span class='ocrx_word' id='word_1_838' title='bbox 2434 5042 2594 5097; x_wconf 88' lang='grc' dir='ltr'>τοῦτο</span> <span class='ocrx_word' id='word_1_839' title='bbox 2621 5044 2841 5114; x_wconf 80' lang='grc' dir='ltr'>πρῶτον</span> <span class='ocrx_word' id='word_1_840' title='bbox 2867 5044 3168 5116; x_wconf 77' lang='grc' dir='ltr'>ἐμάθομεν,</span> <span class='ocrx_word' id='word_1_841' title='bbox 3191 5045 3274 5099; x_wconf 81' lang='grc' dir='ltr'>ὅτι</span> <span class='ocrx_word' id='word_1_842' title='bbox 3302 5044 3395 5117; x_wconf 75' lang='grc' dir='ltr'>βία</span> <span class='ocrx_word' id='word_1_843' title='bbox 3415 5042 3576 5117; x_wconf 86' lang='grc' dir='ltr'>ἡμῶν</span> 
     </span>
    </p>
   </div>
   <div class='ocr_carea' id='block_1_108' title="bbox 1979 5125 3575 5201">
    <p class='ocr_par' dir='ltr' id='par_1_108' title="bbox 1979 5125 3575 5201">
     <span class='ocr_line' id='line_1_108' title="bbox 1979 5125 3575 5201; baseline 0.003 -22"><span class='ocrx_word' id='word_1_844' title='bbox 1979 5127 2041 5180; x_wconf 81' lang='grc' dir='ltr'>οὐ</span> <span class='ocrx_word' id='word_1_845' title='bbox 2075 5128 2290 5197; x_wconf 88' lang='grc' dir='ltr'>κρατεῖ,</span> <span class='ocrx_word' id='word_1_846' title='bbox 2322 5126 2446 5179; x_wconf 86' lang='grc' dir='ltr'>ούδέ</span> <span class='ocrx_word' id='word_1_847' title='bbox 2476 5125 2694 5199; x_wconf 80' lang='grc' dir='ltr'>ἀνάγκη</span> <span class='ocrx_word' id='word_1_848' title='bbox 2715 5144 2729 5159; x_wconf 80' lang='grc'>⁸</span> <span class='ocrx_word' id='word_1_849' title='bbox 2760 5126 3013 5199; x_wconf 83' lang='grc' dir='ltr'>δεύτερον</span> <span class='ocrx_word' id='word_1_850' title='bbox 3044 5130 3162 5199; x_wconf 81' lang='grc' dir='ltr'>μετ’</span> <span class='ocrx_word' id='word_1_851' title='bbox 3189 5129 3370 5183; x_wconf 77' lang='grc' dir='ltr'>ἐκεῖνο</span> <span class='ocrx_word' id='word_1_852' title='bbox 3400 5145 3575 5201; x_wconf 83' lang='grc' dir='ltr'>προσ-</span> 
     </span>
    </p>
   </div>
   <div class='ocr_carea' id='block_1_109' title="bbox 1980 5210 3577 5283">
    <p class='ocr_par' dir='ltr' id='par_1_109' title="bbox 1980 5210 3577 5283">
     <span class='ocr_line' id='line_1_109' title="bbox 1980 5210 3577 5283; baseline 0.004 -20"><span class='ocrx_word' id='word_1_853' title='bbox 1980 5211 2286 5282; x_wconf 87' lang='grc' dir='ltr'>εθήκαμεν,</span> <span class='ocrx_word' id='word_1_854' title='bbox 2319 5211 2402 5264; x_wconf 88' lang='grc' dir='ltr'>ὅτι</span> <span class='ocrx_word' id='word_1_855' title='bbox 2433 5210 2529 5265; x_wconf 75' lang='grc' dir='ltr'>καὶ</span> <span class='ocrx_word' id='word_1_856' title='bbox 2550 5211 2737 5283; x_wconf 76' lang='grc' dir='ltr'>ἀπάτῃ</span> <span class='ocrx_word' id='word_1_857' title='bbox 2771 5212 3013 5283; x_wconf 86' lang='grc' dir='ltr'>κρατῶν,</span> <span class='ocrx_word' id='word_1_858' title='bbox 3032 5213 3157 5267; x_wconf 82' lang='grc' dir='ltr'>οὐδὲ</span> <span class='ocrx_word' id='word_1_859' title='bbox 3185 5213 3328 5269; x_wconf 82' lang='grc' dir='ltr'>οὕτω</span> <span class='ocrx_word' id='word_1_860' title='bbox 3356 5216 3577 5271; x_wconf 79' lang='grc' dir='ltr'>πάντων</span> 
     </span>
    </p>
   </div>
   <div class='ocr_carea' id='block_1_110' title="bbox 1981 5294 3577 5373">
    <p class='ocr_par' dir='ltr' id='par_1_110' title="bbox 1981 5294 3577 5373">
     <span class='ocr_line' id='line_1_110' title="bbox 1981 5294 3577 5373; baseline 0.003 -25"><span class='ocrx_word' id='word_1_861' title='bbox 1981 5295 2324 5368; x_wconf 90' lang='grc' dir='ltr'>περιγίνεται</span> <span class='ocrx_word' id='word_1_862' title='bbox 2343 5312 2357 5327; x_wconf 90' lang='grc'>⁸</span> <span class='ocrx_word' id='word_1_863' title='bbox 2389 5296 2486 5349; x_wconf 76' lang='grc' dir='ltr'>καὶ</span> <span class='ocrx_word' id='word_1_864' title='bbox 2512 5294 2675 5349; x_wconf 83' lang='grc' dir='ltr'>πάλιν</span> <span class='ocrx_word' id='word_1_865' title='bbox 2714 5296 2877 5350; x_wconf 80' lang='grc' dir='ltr'>αὑτὸν</span> <span class='ocrx_word' id='word_1_866' title='bbox 2907 5296 2996 5352; x_wconf 82' lang='grc' dir='ltr'>τὸν</span> <span class='ocrx_word' id='word_1_867' title='bbox 3026 5298 3265 5373; x_wconf 81' lang='grc' dir='ltr'>ἀθλητὴν</span> <span class='ocrx_word' id='word_1_868' title='bbox 3295 5302 3376 5365; x_wconf 80' lang='grc' dir='ltr'>είς</span> <span class='ocrx_word' id='word_1_869' title='bbox 3408 5298 3577 5371; x_wconf 79' lang='grc' dir='ltr'>μέσον</span> 
     </span>
    </p>
   </div>
   <div class='ocr_carea' id='block_1_111' title="bbox 1980 5374 3578 5455">
    <p class='ocr_par' dir='ltr' id='par_1_111' title="bbox 1980 5374 3578 5455">
     <span class='ocr_line' id='line_1_111' title="bbox 1980 5374 3578 5455; baseline 0.001 -20"><span class='ocrx_word' id='word_1_870' title='bbox 1980 5380 2383 5453; x_wconf 87' lang='grc' dir='ltr'>παρηγάγομεν</span> <span class='ocrx_word' id='word_1_871' title='bbox 2416 5381 2507 5435; x_wconf 77' lang='grc' dir='ltr'>τὸν</span> <span class='ocrx_word' id='word_1_872' title='bbox 2543 5378 2688 5445; x_wconf 85' lang='grc' dir='ltr'>Ἰὼϐ,</span> <span class='ocrx_word' id='word_1_873' title='bbox 2717 5380 2841 5437; x_wconf 81' lang='grc' dir='ltr'>καθ’</span> <span class='ocrx_word' id='word_1_874' title='bbox 2870 5374 2932 5435; x_wconf 71' lang='grc' dir='ltr'>οὗ</span> <span class='ocrx_word' id='word_1_875' title='bbox 2984 5384 3156 5455; x_wconf 85' lang='grc' dir='ltr'>μυρία</span> <span class='ocrx_word' id='word_1_876' title='bbox 3205 5385 3435 5455; x_wconf 88' lang='grc' dir='ltr'>κινήσας</span> <span class='ocrx_word' id='word_1_877' title='bbox 3468 5399 3578 5455; x_wconf 81' lang='grc' dir='ltr'>μη-</span> 
     </span>
    </p>
   </div>
   <div class='ocr_carea' id='block_1_112' title="bbox 1982 5463 3577 5538">
    <p class='ocr_par' dir='ltr' id='par_1_112' title="bbox 1982 5463 3577 5538">
     <span class='ocr_line' id='line_1_112' title="bbox 1982 5463 3577 5538; baseline 0.001 -20"><span class='ocrx_word' id='word_1_878' title='bbox 1982 5466 2295 5538; x_wconf 83' lang='grc' dir='ltr'>χανήματα,</span> <span class='ocrx_word' id='word_1_879' title='bbox 2320 5463 2443 5519; x_wconf 87' lang='grc' dir='ltr'>ούδέ</span> <span class='ocrx_word' id='word_1_880' title='bbox 2475 5463 2625 5519; x_wconf 75' lang='grc' dir='ltr'>οὕτω.</span> <span class='ocrx_word' id='word_1_881' title='bbox 2639 5465 3009 5537; x_wconf 77' lang='grc' dir='ltr'>περιεγένετο,</span> <span class='ocrx_word' id='word_1_882' title='bbox 3035 5466 3173 5521; x_wconf 89' lang='grc' dir='ltr'>ἀλλά</span> <span class='ocrx_word' id='word_1_883' title='bbox 3203 5469 3297 5523; x_wconf 68' lang='grc' dir='ltr'>καὶ</span> <span class='ocrx_word' id='word_1_884' title='bbox 3321 5466 3577 5538; x_wconf 77' lang='grc' dir='ltr'>ἡττηθεὶς</span> 
     </span>
    </p>
   </div>
   <div class='ocr_carea' id='block_1_113' title="bbox 1982 5546 3577 5623">
    <p class='ocr_par' dir='ltr' id='par_1_113' title="bbox 1982 5546 3577 5623">
     <span class='ocr_line' id='line_1_113' title="bbox 1982 5546 3577 5623; baseline 0.003 -21"><span class='ocrx_word' id='word_1_885' title='bbox 1982 5546 2462 5621; x_wconf 86' lang='grc' dir='ltr'>ἀνεχώρησεν.⁶³Εν</span> <span class='ocrx_word' id='word_1_886' title='bbox 2496 5548 2849 5607; x_wconf 81' lang='grc' dir='ltr'>ὑπολείπεται</span> <span class='ocrx_word' id='word_1_887' title='bbox 2889 5550 3111 5623; x_wconf 79' lang='grc' dir='ltr'>ζήτημα</span> <span class='ocrx_word' id='word_1_888' title='bbox 3158 5548 3365 5606; x_wconf 85' lang='grc' dir='ltr'>λοιπόν.</span> <span class='ocrx_word' id='word_1_889' title='bbox 3415 5550 3577 5607; x_wconf 81' lang='grc' dir='ltr'>Ποῖον</span> 
     </span>
    </p>
   </div>
   <div class='ocr_carea' id='block_1_114' title="bbox 1988 5803 3580 5920">
    <p class='ocr_par' dir='ltr' id='par_1_114' title="bbox 1988 5803 3580 5920">
     <span class='ocr_line' id='line_1_114' title="bbox 1988 5803 3580 5920; baseline 0.001 -68"><span class='ocrx_word' id='word_1_890' title='bbox 1988 5870 2014 5916; x_wconf 38' lang='grc' dir='ltr'>ᾗ</span> <span class='ocrx_word' id='word_1_891' title='bbox 2053 5808 2074 5879; x_wconf 64' lang='grc' dir='ltr'><strong>ξ</strong></span> <span class='ocrx_word' id='word_1_892' title='bbox 2300 5804 2383 5856; x_wconf 79' lang='lat' dir='ltr'>Sic</span> <span class='ocrx_word' id='word_1_893' title='bbox 2419 5806 2566 5869; x_wconf 64' lang='lat'>1103.,</span> <span class='ocrx_word' id='word_1_894' title='bbox 2612 5806 2799 5857; x_wconf 73' lang='lat' dir='ltr'>rectius</span> <span class='ocrx_word' id='word_1_895' title='bbox 2830 5818 2978 5869; x_wconf 83' lang='lat' dir='ltr'><strong>quam</strong></span> <span class='ocrx_word' id='word_1_896' title='bbox 3017 5803 3187 5857; x_wconf 69' lang='lat' dir='ltr'>Manu.</span> <span class='ocrx_word' id='word_1_897' title='bbox 3224 5805 3311 5869; x_wconf 76' lang='lat' dir='ltr'>qui</span> <span class='ocrx_word' id='word_1_898' title='bbox 3355 5805 3580 5858; x_wconf 72' lang='lat' dir='ltr'>ediderat</span> 
     </span>
     <span class='ocr_line' id='line_1_115' title="bbox 2006 5884 2267 5920; baseline -0.011 0"><span class='ocrx_word' id='word_1_899' title='bbox 2006 5884 2115 5920; x_wconf 63' lang='grc' dir='ltr'>μιν.</span> <span class='ocrx_word' id='word_1_900' title='bbox 2256 5903 2267 5917; x_wconf 93' lang='grc'>.</span> 
     </span>
    </p>
   </div>
   <div class='ocr_carea' id='block_1_115' title="bbox 2006 5884 2267 5929">
    <p class='ocr_par' dir='ltr' id='par_1_115' title="bbox 2006 5884 2267 5929">
     <span class='ocr_line' id='line_1_116' title="bbox 2006 5884 2267 5929; baseline 0 -12"><span class='ocrx_word' id='word_1_901' title='bbox 2006 5884 2115 5929; x_wconf 64' lang='lat' dir='ltr'>mw.</span> <span class='ocrx_word' id='word_1_902' title='bbox 2130 5884 2267 5920; x_wconf 71' lang='lat' dir='ltr'>mur.</span> 
     </span>
    </p>
   </div>
  </div>
