4066 6456
374 385 485 441 259

371 499 480 569 jam
508 505 672 553 restat
694 494 938 566 qua-stin.
970 492 1224 562 Quaenam
1251 492 1339 547 illa
1371 493 1585 548 tandem
1610 494 1634 548 '!
1662 491 1814 561 Quod
1841 491 1964 547 licet

376 605 472 660 per
511 588 617 642 vim
643 628 661 655 ,
702 586 986 657 inquiunt.
1018 600 1124 639 non
1167 585 1382 651 vincat,
1422 592 1656 639 attamen
1698 583 1968 638 fraudibus

357 639 575 763 Fineit:
606 681 830 751 ideoque
856 680 1043 736 melius
1070 679 1226 746 foret,
1251 689 1306 734 ut
1331 680 1543 751 penitus
1565 679 1777 735 deletus
1802 686 1966 734 esset.

377 776 626 842 Quamvis
666 775 809 829 enim
848 773 950 828 Job
993 768 1237 842 superior
1263 773 1535 836 evaserit,
1575 772 1744 826 Adam
1788 780 1967 826 tamen

375 870 629 938 deceptos
658 878 738 922 est
762 877 819 924 et
847 867 1219 936 supplantatus
1250 883 1265 919 :
1297 865 1439 936 quod
1466 866 1509 920 si
1536 864 1705 919 semel
1730 879 1762 920 e
1790 862 1969 920 medio

374 963 613 1016 sublatus
633 968 798 1024 esset,
825 976 892 1015 ne
912 959 1082 1014 Adam
1101 959 1315 1029 quidem
1340 959 1710 1029 supplantatns
1737 971 1968 1027 unquam

372 1050 599 1117 fuisset;
628 1052 737 1120 jam
764 1066 907 1115 vero,
939 1050 1064 1105 dum
1093 1059 1314 1113 manet,
1341 1050 1410 1104 ab
1440 1065 1544 1104 uno
1570 1049 1781 1118 quidem
1807 1062 1970 1118 supe-

372 1155 541 1212 ratur,
567 1160 629 1198 ac
649 1145 831 1199 multis
850 1145 1094 1214 superior
1111 1143 1289 1198 evadit
1310 1160 1326 1197 :
1347 1142 1534 1196 decem
1558 1142 1703 1196 illum
1728 1142 1965 1207 vincunt,

372 1234 468 1291 sed
508 1234 578 1288 ab
607 1250 674 1290 eo
704 1235 849 1289 mille
888 1244 1207 1304 superantur
1229 1243 1282 1290 et
1313 1242 1684 1304 expugnantur
1709 1251 1722 1287 :
1751 1233 1832 1287 sin
1871 1247 1968 1287 au—

368 1333 479 1382 tem
511 1327 658 1381 illum
681 1341 712 1381 e
739 1326 916 1380 medio
939 1325 1263 1391 sustulisset,
1294 1339 1466 1395 neque
1496 1323 1643 1378 mille
1664 1324 1749 1378 isti
1778 1324 1970 1395 periis-

370 1425 511 1472 sent.
545 1416 680 1483 Quid
710 1417 877 1487 igitur
894 1415 960 1471 ad
988 1417 1088 1472 hoc
1114 1415 1598 1485 respondebimus?
1622 1413 1786 1470 Multo
1813 1414 1971 1468 nimi-

375 1522 492 1561 rum
522 1507 688 1576 pluris
716 1521 837 1562 esse
864 1506 1139 1562 faciendos
1165 1507 1252 1577 qui
1282 1507 1502 1560 vincunt
1526 1546 1540 1568 ,
1571 1520 1728 1575 quam
1756 1505 1843 1574 qui
1872 1519 1969 1559 su-

375 1606 660 1668 perantur,
693 1597 815 1652 licet
859 1597 911 1651 hi
955 1599 1132 1666 plures
1176 1597 1316 1662 sint,
1352 1596 1429 1649 illi
1461 1596 1755 1665 pauciores.
1789 1594 1972 1649 Melior

374 1688 515 1744 enim
542 1698 614 1742 est
635 1729 648 1751 ,
681 1689 888 1757 inquit,
920 1704 1050 1742 unus
1072 1692 1158 1756 qui
1183 1688 1337 1758 faciat
1368 1686 1672 1741 voluntatem
1702 1685 1797 1740 Dei
1819 1701 1972 1755 quam

375 1780 515 1836 mille
538 1780 698 1851 iniqui
726 1778 929 1851 (Eccli.
962 1780 1050 1834 l6.
1076 1779 1111 1835 5
1132 1780 1170 1848 ).
1214 1777 1415 1834 Deinde
1443 1792 1569 1833 vero
1592 1778 1733 1847 quod
1773 1777 1968 1831 adver-

372 1872 515 1927 sario
539 1873 748 1927 sublato
780 1872 949 1926 victor
988 1871 1102 1940 ipse
1141 1887 1238 1940 per
1275 1869 1404 1925 illud
1445 1870 1639 1923 damno
1669 1867 1962 1923 afficiatur.

371 1964 506 2020 Nam
531 1965 574 2018 si
604 1965 967 2019 adversarium
992 1964 1207 2035 quidem
1235 1979 1455 2019 manere
1484 1963 1777 2033 permittas,
1809 1961 1961 2031 igna-

367 2061 551 2112 viores
584 2073 688 2111 non
721 2058 790 2112 ob
818 2072 912 2112 eos
937 2099 952 2123 ,
982 2057 1072 2128 qui
1113 2056 1282 2127 magis
1321 2056 1528 2111 strenui
1568 2062 1727 2120 sunt,
1769 2053 1864 2108 sed
1900 2052 1970 2107 ob

374 2148 637 2220 ignaviam
660 2164 810 2203 suam
831 2149 1025 2204 damna
1047 2150 1350 2219 patiuntur;
1380 2148 1461 2201 sin
1482 2157 1662 2201 autem
1688 2144 1971 2200 sustuleris

374 2240 757 2305 adversarium,
791 2241 882 2311 qui
909 2241 1077 2311 magis
1102 2239 1301 2294 strenui
1328 2246 1473 2303 sunt,
1504 2238 1574 2291 ob
1601 2238 1819 2307 ignavos
1846 2235 1967 2290 affi-

370 2331 583 2387 ciuntur
612 2331 823 2401 injuria,
867 2345 1042 2401 neque
1072 2331 1282 2385 virtutis
1310 2346 1422 2385 sua:
1452 2328 1724 2400 specimen
1752 2328 1918 2383 edunt
1942 2369 1957 2393 ,

374 2439 551 2494 neque
576 2438 803 2479 coronas
831 2424 1216 2493 adipiscuntur.

441 2515 496 2569 2.
542 2513 789 2570 Nondum
828 2514 1055 2569 fortasse
1099 2513 1374 2584 percipitis
1395 2553 1409 2576 ,
1438 2527 1557 2583 qua:
1595 2511 1702 2568 dixi
1732 2530 1748 2567 :
1779 2527 1966 2583 quam-

368 2606 555 2660 obrem
598 2606 795 2661 clarius
831 2605 1018 2661 eadem
1046 2612 1128 2659 est
1159 2619 1380 2660 necesse
1418 2603 1682 2661 dicantur.
1716 2603 1797 2659 Sit
1825 2603 1979 2675 pugil

374 2714 511 2754 tutus
542 2699 559 2730 ί
581 2719 595 2761 ;
624 2699 731 2752 sint
755 2708 809 2752 et
834 2697 1048 2752 athletae
1075 2698 1182 2752 duo
1206 2698 1296 2767 qui
1321 2713 1446 2751 cum
1473 2712 1539 2751 eo
1565 2698 1671 2752 sint
1698 2697 1966 2764 luctaturi,

370 2801 532 2862 atque
557 2806 619 2845 ex
653 2790 735 2844 his
761 2790 970 2845 duobus
994 2789 1211 2844 athletis
1241 2805 1377 2843 untts
1406 2789 1620 2859 quidem
1648 2788 1719 2843 sit
1740 2789 1971 2859 ingluvie

370 2892 652 2951 Corruptus
673 2923 688 2948 ,
719 2889 1056 2950 contemptus
1074 2920 1091 2944 ,
1124 2881 1324 2935 viribus
1353 2879 1614 2945 defectus,
1644 2889 1928 2935 enervatus
1952 2896 1968 2945 ;

368 2973 503 3028 alter
523 2987 650 3027 vero
672 2970 764 3041 qui
783 2979 998 3025 strenue
1016 2985 1073 3024 se
1090 2979 1258 3040 gerat,
1275 2970 1411 3024 bene
1433 2969 1612 3023 habito
1631 2970 1700 3024 sit
1719 2984 1966 3038 corpore,

371 3066 426 3121 in
452 3065 699 3134 palazstra
727 3074 989 3129 versetur,
1009 3063 1059 3117 in
1089 3063 1268 3117 multis
1296 3063 1606 3133 gymnasiis,
1635 3063 1889 3133 omnique
1909 3077 1971 3119 se

369 3158 619 3214 athletica
665 3157 1048 3213 exercitatione
1089 3157 1404 3212 corroboret
1452 3175 1467 3211 :
1517 3157 1562 3212 si
1606 3157 1969 3213 adversarium

370 3264 502 3320 ergo
530 3250 851 3316 sustuleris,
894 3249 1000 3303 utri
1044 3249 1235 3304 horum
1281 3249 1528 3320 injuriam
1572 3249 1813 3305 inferes?
1841 3265 1968 3305 num

371 3342 563 3413 ignavo
587 3351 642 3397 et
670 3341 955 3412 negligenti
975 3384 989 3408 ,
1031 3356 1098 3395 an
1127 3350 1345 3397 strenuo
1368 3382 1384 3408 ,
1414 3341 1503 3410 qui
1533 3349 1609 3395 tot
1635 3341 1847 3396 labores
1871 3356 1968 3396 ex-

369 3433 697 3489 autlaverit?
740 3432 891 3487 Hand
932 3432 1192 3497 dubium,
1229 3433 1355 3502 quin
1397 3440 1616 3487 strenuo
1651 3449 1665 3486 :
1718 3448 1840 3486 nam
1883 3432 1972 3487 hie

370 3524 589 3595 quidem
617 3534 834 3594 propter
860 3524 1106 3594 ignavum
1138 3523 1446 3579 adversario
1475 3523 1685 3578 sublato
1713 3523 1967 3579 damnum

369 3627 454 3673 est
481 3631 701 3686 passus;
733 3625 788 3670 at
814 3618 1034 3686 ignavus
1062 3616 1154 3671 illo
1182 3626 1433 3671 manente
1463 3630 1571 3670 non
1592 3616 1701 3685 jam
1731 3616 1802 3671 ob
1826 3625 1969 3671 stre-

372 3724 535 3763 nuum
565 3707 754 3777 injuria
776 3715 858 3762 est
883 3706 1123 3773 allectus,
1142 3707 1337 3776 quippe
1354 3706 1444 3777 qui
1466 3715 1684 3776 propter
1707 3706 1969 3778 ignaviam

374 3815 524 3856 suam
553 3798 868 3854 conciderit.

448 3891 572 3946 Non
596 3890 824 3944 diabolus
851 3888 989 3944 ltcdit
1014 3888 1286 3953 hominem,
1314 3886 1403 3942 sed
1428 3887 1637 3957 propria
1652 3886 1876 3958 ignavia.
1898 3917 1973 3928 —

376 3985 561 4042 Dicam
601 3995 656 4041 et
692 3984 851 4038 aliam
886 3982 1198 4054 quaestionis
1224 3980 1382 4051 hujus
1411 3981 1727 4035 solutionem
1749 4021 1765 4046 ,
1800 3989 1857 4033 ut
1886 3979 1971 4033 in-

377 4079 586 4148 telligas
614 4094 717 4131 non
745 4076 1016 4131 diabolum
1045 4073 1291 4144 injuriam
1318 4072 1515 4126 inferre
1537 4112 1553 4138 ,
1580 4070 1675 4126 sed
1702 4071 1969 4141 propriam

377 4171 641 4241 ignaviam
671 4184 765 4224 eos
790 4210 805 4234 ,
843 4167 931 4237 qui
964 4165 1184 4220 minime
1209 4163 1394 4218 attenti
1424 4171 1586 4227 sunt,
1621 4161 1815 4231 ubique
1840 4175 1970 4229 sup-

379 4265 638 4328 plantare.
673 4260 1020 4329 Relinquatur
1048 4256 1294 4312 diabolus
1330 4253 1618 4309 admodum
1661 4254 1832 4307 malus
1861 4267 1970 4307 non

376 4367 567 4415 natura
596 4396 612 4420 ,
664 4354 758 4409 sed
803 4352 965 4407 animi
1005 4349 1279 4420 proposito
1320 4362 1385 4402 ac
1432 4347 1695 4401 sententia
1727 4361 1740 4397 :
1775 4344 1972 4398 malum

379 4449 520 4504 enim
551 4455 738 4502 natura
770 4461 876 4498 non
902 4458 1021 4498 esse
1048 4441 1316 4496 diabolum
1343 4478 1358 4503 ,
1390 4455 1457 4494 ex
1495 4437 1805 4492 nominibus
1844 4437 1973 4506 ipsis

379 4553 663 4610 cognosce.
693 4536 943 4592 Diabolus
964 4548 1214 4602 namque,
1244 4532 1347 4587 hoc
1365 4539 1448 4587 est
1475 4539 1772 4594 accusator,
1801 4529 1976 4585 dictus

379 4641 462 4688 est
486 4632 554 4686 ab
575 4629 876 4685 accusando
898 4646 910 4681 :
936 4627 1208 4681 hominem
1233 4625 1376 4680 enim
1405 4622 1545 4692 apud
1570 4623 1734 4676 Deum
1760 4636 1977 4677 accusa-

382 4727 492 4789 vit,
526 4720 666 4777 Nam
692 4722 848 4793 gratis
875 4718 974 4773 Job
1006 4728 1052 4772 te
1079 4717 1239 4771 colit?
1267 4715 1540 4786 inquiens,
1571 4713 1660 4768 sed
1690 4713 1828 4767 mitte
1861 4729 1977 4765 ηιαο

379 4832 501 4871 num
532 4824 690 4875 luant,
722 4821 766 4865 et
798 4820 945 4880 tange
964 4824 1076 4878 qua:
1102 4807 1247 4862 habet
1278 4822 1296 4860 :
1321 4808 1363 4860 si
1383 4805 1559 4860 nonin
1580 4804 1761 4876 faciem
1789 4816 1837 4858 te
1860 4801 1975 4857 bla-

378 4903 698 4976 sphemabit'
726 4901 743 4972 (
767 4898 866 4955 Job
893 4901 942 4954 l.
989 4897 1043 4954 9.
1078 4898 1134 4952 ll
1161 4896 1205 4965 ).
1248 4896 1538 4951 Accusavit
1580 4907 1767 4950 rursus
1808 4894 1976 4948 Deum

378 4996 520 5068 apud
550 4994 820 5050 hominem
845 5033 859 5056 ,
902 4990 1048 5062 Ignis
1076 4987 1255 5042 cecidit
1300 4989 1362 5042 de
1402 4988 1526 5041 caelo
1552 5027 1567 5050 ,
1613 4986 1865 5055 inquiens
1886 5026 1899 5047 ,
1931 4993 1979 5038 et

380 5089 652 5146 combussit
682 5102 797 5141 oves
837 5081 958 5154 (Ib.
991 5097 1040 5137 υ.
1072 5079 1178 5152 16)
1210 5096 1222 5134 :
1255 5078 1521 5149 siquidem
1551 5078 1622 5133 illi
1654 5076 1980 5148 persuadere

381 5181 669 5244 nitebatur,
701 5177 931 5247 desuper
970 5188 1003 5229 e
1030 5172 1177 5228 earlis
1208 5171 1401 5226 bellum
1433 5169 1572 5223 istud
1616 5170 1667 5223 in
1703 5184 1826 5224 eum
1856 5184 1979 5223 esse

379 5282 743 5336 commotum,
779 5278 835 5326 et
867 5282 1080 5325 servum
1117 5280 1240 5321 eum
1281 5263 1501 5319 domino
1529 5264 1848 5327 collidebat,
1878 5263 1978 5317 do-

383 5371 695 5432 minumque
724 5376 846 5416 cum
882 5374 1040 5416 servo
1073 5375 1086 5411 :
1120 5358 1229 5412 imo
1258 5371 1385 5411 vero
1418 5370 1524 5410 nun
1550 5354 1854 5419 collidebat,
1886 5354 1978 5409 sed

381 5465 607 5515 conatus
636 5462 720 5511 est
749 5453 963 5526 quidem
982 5493 999 5520 .
1041 5458 1098 5506 at
1143 5465 1249 5505 non
1278 5447 1440 5504 valuit
1473 5464 1489 5502 :
1519 5456 1575 5503 ut
1602 5462 1723 5504 cum
1752 5448 1981 5503 alterum

458 5592 479 5653 ἦ
509 5589 641 5653 Hinc,
663 5586 723 5653 sit
749 5587 896 5653 pugil
906 5599 1046 5653 unus,
1070 5586 1194 5653 ἔστῳ
1217 5582 1567 5653 δεγταγωγιετὴς
1593 5581 1673 5640 εἷς,
1695 5580 1905 5653 deerant
1929 5580 1976 5652 in

395 5650 522 5700 litlit.
553 5642 861 5708 Mo'rclq'sé'd
884 5649 1135 5699 habentur
1157 5650 1207 5695 in
1232 5642 1355 5707 Reg.
1380 5649 1435 5695 et
1454 5643 1613 5702 Colb.,
1638 5650 1907 5704 monetque
1928 5642 1977 5690 in

393 5714 525 5759 notis
546 5710 649 5761 suis
679 5714 883 5761 Ducaaus
916 5722 1029 5759 esse
1051 5709 1374 5757 restituenda.

459 5775 481 5805 ¹
504 5773 624 5834 Reg.
652 5774 788 5823 solus
813 5772 980 5833 habet,
1012 5769 1055 5820 si
1083 5768 1166 5820 tibi
1189 5764 1449 5828 bettcdicet,
1478 5766 1536 5816 σὶ
1557 5765 1820 5827 εὖ),ογήσει,
1849 5765 1983 5827 quod

398 5834 577 5885 eodem
604 5836 798 5884 recidit.

1347 371 1437 429 DE
1474 373 1772 432 DlABOl.O
1806 375 2253 434 TENTATORE.
2295 377 2535 433 "OM"...
2579 376 2642 430 ll.

3553 382 3663 443 260

2076 491 2275 548 videris
2313 482 2524 550 servum
2565 508 2687 550 cum
2726 492 2945 552 domino
2983 498 3325 554 commissum
3359 508 3414 556 et
3446 502 3570 557 odio
3607 502 3665 557 in

2076 598 2199 638 eum
2230 592 2577 651 commotum,
2608 585 2777 641 Adam
2804 588 3006 645 scilicet
3032 587 3083 644 in
3114 589 3299 656 Deum,
3331 591 3552 662 ejusque
3575 605 3668 645 ca-

2075 675 2293 730 lumnia:
2319 675 2477 731 ﬁdem
2509 677 2814 746 habentem,
2845 695 2954 735 non
2979 698 3045 738 ex
3076 684 3289 752 propria
3322 684 3539 751 virtute,
3570 683 3667 740 sed

2075 784 2140 824 ex
2174 769 2314 824 illius
2339 784 2460 825 eum
2488 771 2694 841 ignavia
2724 773 3077 844 socordiaque
3099 774 3273 831 discas
3300 776 3462 832 robur
3489 778 3671 849 acqui-

2075 860 2284 916 sivisse.
2314 861 2566 918 Diabolus
2595 863 2753 933 igitur
2778 864 2976 920 idcirco
2998 866 3169 922 dictus
3193 877 3295 934 est,
3327 867 3376 922 id
3403 878 3487 924 est
3512 886 3671 927 accu-

2074 961 2263 1008 sator:
2297 968 2456 1022 pOI'l‘O
2497 969 2753 1011 accusare
2790 964 2845 1013 et
2891 973 2998 1013 non
3028 974 3278 1015 accusare
3329 970 3516 1017 natura
3562 979 3670 1019 non

2075 1051 2177 1108 est,
2209 1043 2304 1098 sed
2333 1045 2492 1111 actio,
2524 1060 2642 1116 quae
2673 1045 2731 1101 tit
2755 1056 2812 1102 et
2837 1063 2959 1104 esse
2986 1048 3181 1104 desinit
3205 1092 3219 1116 ,
3251 1068 3370 1121 quae
3394 1054 3587 1109 accidit
3619 1065 3673 1110 et

2075 1136 2319 1192 accidere
2338 1137 2531 1193 desinit
2558 1155 2572 1193 :
2604 1153 2693 1193 res
2716 1149 2892 1194 autem
2918 1140 3179 1210 ejusmodi
3210 1157 3315 1197 non
3337 1155 3542 1198 naturae
3572 1161 3669 1200 ne-

2076 1243 2180 1297 que
2209 1228 2521 1282 substantia:
2558 1228 2916 1283 conditionem
2961 1240 3085 1285 sunt
3119 1241 3307 1287 nactze.
3338 1232 3461 1289 Scio
3490 1236 3671 1289 multis

2074 1318 2467 1389 comprehensa
2508 1318 2778 1375 difficilem
2830 1320 2968 1376 hunc
2996 1336 3118 1377 esse
3146 1322 3213 1377 de
3246 1323 3542 1379 snbstantia
3572 1325 3669 1379 de-

2074 1427 2181 1481 que
2204 1411 2566 1467 accidentibus
2605 1427 2945 1479 sermonem;
2990 1413 3083 1468 sed
3127 1425 3250 1468 sunt
3288 1417 3377 1485 qui
3423 1416 3670 1471 subtilius

2074 1504 2256 1558 audire
2281 1512 2536 1573 possunt:
2561 1519 2717 1573 quam
2740 1505 2809 1559 ob
2832 1520 3045 1559 causam
3068 1514 3123 1559 et
3148 1520 3245 1560 nos
3273 1505 3387 1560 lure
3414 1508 3665 1561 diximus.

2076 1595 2245 1650 Vultis
2273 1605 2326 1650 et
2345 1596 2411 1649 ad
2439 1596 2663 1651 alterum
2693 1612 2888 1652 nomen
2917 1598 3149 1660 veniam,
3182 1613 3245 1652 ac
3271 1598 3515 1654 videbitis
3538 1599 3667 1654 illud

2076 1701 2287 1756 quoque
2326 1702 2431 1741 non
2475 1687 2786 1742 substantia:
2832 1703 3006 1757 neque
3050 1699 3253 1744 naturae
3293 1705 3488 1746 nomen
3514 1691 3670 1745 esse?

2074 1775 2246 1831 Malus
2272 1786 2491 1832 vocatur
2517 1792 2530 1829 :
2569 1778 2766 1831 malitia
2793 1793 2921 1832 vero
2947 1793 3054 1832 non
3082 1788 3162 1833 est
3192 1788 3396 1834 naturae
3414 1820 3430 1846 ,
3458 1779 3553 1835 sed
3581 1795 3669 1834 ar—

2074 1868 2215 1923 bitrii
2255 1884 2319 1924 ac
2364 1869 2617 1939 propositi
2650 1888 2664 1925 :
2694 1887 2815 1925 nam
2856 1881 2908 1925 et
2948 1871 3058 1940 ipsa
3093 1886 3475 1943 nonnutnquan
3507 1874 3666 1940 inest,

2080 1971 2135 2017 et
2161 1978 2560 2033 nonnumquam
2592 1963 2768 2018 inesse
2789 1962 3004 2019 desinit.
3028 1964 3142 2019 Noli
3168 1965 3310 2021 enim
3339 1965 3465 2019 mihi
3489 1965 3671 2022 dicere

2074 2053 2126 2109 in
2156 2055 2246 2109 illo
2271 2070 2387 2109 eam
2420 2063 2674 2125 perpetuo
2702 2071 2920 2139 manere
2951 2073 2966 2110 :
2996 2071 3117 2110 nam
3145 2064 3199 2110 et
3228 2057 3280 2110 in
3310 2057 3400 2110 illo
3425 2057 3492 2113 ab
3515 2059 3668 2113 initio

2072 2143 2322 2212 nonfuit,
2344 2146 2438 2201 sed
2472 2155 2653 2215 postea
2680 2148 2905 2201 accessit
2929 2162 2945 2213 ;
2976 2149 3323 2216 quamobrem
3344 2156 3400 2203 et
3427 2158 3669 2219 apostata

2073 2238 2267 2292 dicitur
2295 2256 2308 2291 :
2340 2240 2547 2293 tametsi
2574 2254 2695 2293 cum
2735 2239 2885 2293 tnulti
2915 2239 3019 2293 sint
3051 2239 3292 2294 homines
3318 2240 3440 2295 mali
3468 2283 3484 2308 ,
3516 2240 3666 2297 solus

2078 2331 2168 2386 ille
2190 2346 2283 2401 per
2301 2332 2669 2387 excellentiam
2700 2331 2867 2386 Malus
2892 2331 3103 2386 dicitur.
3132 2332 3300 2399 Quam
3332 2333 3543 2389 tandem
3573 2335 3670 2404 igi-

2080 2433 2166 2477 tur
2220 2423 2289 2477 ob
2341 2438 2556 2477 causam
2600 2423 2679 2478 sic
2721 2423 3069 2492 appellatur?
3110 2423 3260 2491 Quod
3302 2425 3600 2480 nullatenus
3637 2441 3669 2481 a

2074 2515 2228 2569 nobis
2272 2515 2463 2586 injuria
2507 2514 2821 2580 lacessitus,
2866 2530 2986 2569 cum
3028 2514 3156 2569 nihil
3201 2515 3448 2585 exiguum
3479 2557 3495 2582 ,
3538 2515 3670 2572 nihil

2076 2623 2326 2677 magnum
2355 2616 2534 2677 posset
2561 2608 2814 2678 objirere,
2847 2622 2965 2661 cmn
2998 2607 3201 2662 honore
3227 2607 3473 2663 allectum
3505 2608 3668 2663 vidis-

2076 2709 2160 2754 set
2187 2699 2480 2767 hominem,
2510 2701 2763 2754 continuo
2790 2700 2940 2755 bonis
2968 2699 3083 2769 ejus
3113 2699 3321 2753 invidit.
3351 2699 3486 2767 Quid
3514 2701 3673 2770 igitur

2076 2792 2179 2848 hac
2211 2793 2411 2848 malitia
2439 2793 2664 2863 nequius
2700 2793 2823 2862 fingi
2859 2792 3060 2861 possit,
3090 2808 3247 2861 quam
3275 2807 3394 2846 cum
3424 2791 3567 2846 nulla
3594 2792 3670 2847 le-

2072 2888 2264 2956 gitima,
2280 2887 2346 2942 de
2372 2902 2529 2942 causa
2556 2888 2736 2942 odium
2764 2902 2826 2942 ac
2854 2889 3049 2943 bellum
3076 2887 3353 2942 exoritur?
3382 2887 3669 2958 Relinqua-

2075 2986 2162 3032 tnr
2191 2979 2368 3048 itaque
2396 2978 2681 3043 diabolus;
2711 2987 2763 3033 et
2789 2992 3091 3034 creaturam
3137 2982 3189 3034 in
3227 2980 3458 3034 medium
3493 2980 3670 3049 profe-

2074 3084 2288 3134 ramus,
2332 3078 2390 3123 ut
2433 3069 2609 3124 discas
2646 3085 2753 3123 non
2789 3084 3003 3125 causam
3049 3071 3202 3125 nobis
3247 3071 3509 3124 malorum
3549 3082 3671 3125 esse

2073 3158 2367 3224 diabolum,
2398 3159 2443 3214 si
2470 3160 2705 3213 animum
2728 3159 3006 3214 attendere
3026 3159 3250 3213 velimus
3278 3177 3290 3213 :
3323 3170 3381 3213 ut
3406 3159 3670 3229 intelligas

2073 3265 2194 3307 eum
2214 3293 2228 3316 ,
2263 3251 2352 3321 qui
2391 3251 2663 3321 proposito
2690 3251 2852 3305 animi
2878 3260 2962 3305 est
2988 3250 3290 3317 imbecillis,
3325 3250 3596 3321 negligens
3616 3263 3672 3306 et

2075 3341 2296 3412 ignavus
2320 3384 2336 3405 ,
2374 3342 2583 3397 etiamsi
2632 3342 2876 3396 diabolus
2915 3358 3020 3396 non
3064 3342 3170 3407 sit,
3212 3341 3497 3397 concidere
3529 3349 3584 3396 et
3615 3342 3669 3397 in

2074 3436 2240 3490 multa
2278 3436 2524 3490 vitiorum
2570 3434 2819 3488 barathra
2859 3434 3091 3503 seipsum
3128 3433 3455 3503 praecipitem
3487 3448 3666 3502 agere.

2075 3526 2329 3582 Diabolus
2360 3525 2532 3581 malus
2560 3533 2643 3579 est
2669 3543 2680 3579 :
2713 3524 2825 3579 scio
2851 3524 3119 3593 equidem,
3152 3533 3206 3578 et
3236 3524 3288 3577 in
3315 3523 3563 3578 confesso
3587 3532 3671 3579 est

2073 3620 2212 3690 apud
2238 3634 2425 3674 omnes
2450 3634 2465 3683 ;
2496 3618 2589 3673 sed
2612 3616 2826 3673 attende
2849 3615 3129 3687 diligenter
3155 3615 3218 3668 ad
3248 3630 3308 3670 ea
3331 3656 3345 3682 ,
3379 3631 3498 3686 quae
3525 3628 3668 3670 nune

2074 3709 2265 3764 dicturi
2296 3725 2482 3764 sumus
2514 3726 2529 3763 :
2561 3723 2666 3763 non
2698 3708 2842 3763 enim
2876 3723 2965 3763 res
2995 3714 3121 3761 sunt
3149 3707 3397 3773 vulgares
3424 3747 3439 3773 ,
3481 3707 3574 3761 sed
3605 3706 3673 3762 de

2074 3801 2269 3871 quibus
2289 3816 2319 3854 a
2347 3800 2530 3855 multis
2555 3813 2926 3867 saepenumero
2954 3798 3132 3851 multis
3163 3797 3215 3851 in
3247 3796 3378 3851 locis
3409 3796 3674 3850 babentttr

2074 3907 2388 3957 sermones;
2420 3892 2487 3945 de
2508 3890 2702 3960 quibus
2731 3890 2892 3943 multa
2922 3904 3065 3957 saepe
3088 3888 3357 3941 contentio
3386 3898 3441 3941 et
3468 3887 3668 3941 bellum

2075 3983 2332 4047 exoritur,
2358 3997 2461 4037 non
2490 3981 2734 4035 fidelibus
2761 3987 2962 4032 tantmn
2990 3977 3244 4032 adversus
3271 3976 3511 4031 infideles
3531 4018 3545 4040 ,
3575 3977 3671 4031 sed

2075 4086 2127 4131 et
2152 4075 2391 4129 fidelibus
2419 4074 2677 4128 adversus
2716 4072 2901 4127 fideles
2930 4087 2944 4125 :
2977 4071 3080 4126 hoc
3105 4070 3247 4126 enim
3278 4079 3381 4136 est,
3409 4070 3549 4141 quod
3576 4070 3674 4125 do—

2077 4167 2249 4223 lorem
2276 4167 2458 4221 inurit.
2893 4230 2899 4236 ι

2147 4261 2202 4315 5.
2246 4258 2523 4313 Diabolum
2574 4257 2733 4326 igitur
2776 4254 2972 4310 malum
3000 4268 3120 4310 esse
3159 4252 3394 4308 fatentur
3432 4267 3667 4310 omnes:

2078 4351 2204 4422 quid
2226 4351 2292 4405 de
2320 4358 2559 4406 creatura
2583 4351 2679 4403 ista
2718 4348 2853 4403 bona
2883 4356 2937 4402 et
2959 4346 3309 4400 admiratione
3341 4346 3497 4415 digna
3528 4345 3673 4401 dice-

2084 4443 2244 4497 mus?
2269 4458 2336 4495 an
2375 4441 2534 4495 etiam
2572 4439 2762 4494 malam
2803 4452 2923 4493 esse
2951 4436 3295 4492 creaturam?
3322 4435 3387 4490 Et
3415 4435 3533 4505 quis
3582 4435 3674 4492 ille

2079 4533 2214 4587 adeo
2239 4532 2517 4598 scelestus,
2545 4532 2664 4601 quis
2689 4530 2822 4585 adeo
2845 4529 3086 4599 stupidus
3107 4544 3168 4584 ac
3195 4538 3371 4583 mente
3388 4518 3596 4597 captus,
3614 4536 3674 4584 ut

2081 4635 2384 4680 creaturam
2416 4623 2671 4679 accuset?
2697 4622 2836 4689 Quid
2868 4637 2998 4692 ergo
3029 4621 3101 4677 de
3124 4621 3209 4676 illa
3238 4621 3520 4675 dicemus?
3555 4620 3673 4676 Non

2083 4719 2225 4774 enim
2259 4718 2395 4773 mala
2424 4726 2527 4783 est,
2557 4716 2651 4772 sed
2674 4725 2729 4772 et
2755 4717 2914 4780 bona,
2939 4724 2993 4770 et
3016 4715 3291 4785 sapientiae
3319 4714 3433 4781 Dei,
3463 4713 3675 4768 virtutis

2082 4827 2144 4866 ac
2165 4811 2506 4882 benignitatis
2531 4818 2614 4865 est
2636 4817 3028 4880 argumentum.
3070 4808 3206 4862 Audi
3232 4822 3359 4876 ergo
3384 4822 3490 4876 quo
3519 4813 3676 4875 pacto

2083 4904 2230 4959 illam
2268 4902 2564 4959 admiretur
2586 4900 2844 4971 propheta
2887 4899 3070 4954 dicens
3104 4916 3116 4951 :
3153 4896 3318 4962 Quam
3347 4896 3676 4966 magniﬁcam

2083 5005 2200 5050 sunt
2229 5010 2382 5064 Opera
2412 5003 2518 5058 tua,
2557 4991 2772 5045 Domine
2820 4989 2844 5045 Ι
2897 4990 3068 5043 omnia
3114 4989 3166 5042 in
3214 4987 3463 5059 sapientia
3516 4987 3676 5057 fecisti

2088 5084 2259 5159 (Ρδαι.
2292 5085 2417 5141 105.
2447 5083 2561 5153 2t).
2586 5083 2700 5136 Non
2724 5080 2992 5151 sigillatim
3016 5079 3312 5149 percurrit;
3343 5077 3438 5133 sed
3467 5078 3677 5133 incom-

2087 5175 2433 5248 prehensibili
2461 5174 2655 5229 divinae
2674 5173 2948 5243 sapientiae
2978 5171 3319 5226 immensitati
3342 5171 3522 5225 cessit.
3568 5169 3681 5226 Uti-

2087 5270 2208 5324 liter
2247 5278 2423 5322 autem
2466 5267 2600 5321 adeo
2640 5267 2830 5321 bonam
2872 5274 2927 5320 et
2956 5264 3290 5336 magnificam
3320 5266 3465 5319 illam
3505 5279 3536 5318 a
3569 5264 3681 5320 Deo

2088 5363 2280 5417 factam
2308 5374 2427 5414 esse
2458 5367 2514 5414 ut
2564 5359 2809 5424 noveris,
2854 5358 2976 5413 audi
3018 5358 3319 5430 quempiam
3364 5357 3628 5411 dicentem
3657 5372 3676 5409 :

2089 5452 2173 5507 Ea:
2200 5451 2544 5521 magnitudine
2565 5458 2611 5504 et
2629 5450 2790 5517 specie
2812 5459 3153 5504 creaturarum
3184 5465 3272 5511 per
3303 5447 3675 5517 proportionem

2089 5554 2286 5598 creator
2330 5543 2537 5596 illarum
2587 5542 2782 5595 videtur
2825 5540 2992 5612 (δίῳ.
3049 5543 3134 5597 15.
3182 5540 3255 5608 5)
3298 5537 3466 5592 :audi
3516 5538 3675 5593 etiam

2092 5638 2310 5693 Paulum
2360 5636 2622 5691 dicentem
2656 5652 2670 5689 :
2699 5632 2984 5688 Invisibilia
3036 5632 3167 5684 enim
3195 5632 3357 5701 ipsius
3392 5647 3423 5683 a
3446 5639 3679 5685 creatura

2090 5728 2267 5781 mundi
2302 5743 2391 5797 per
2409 5743 2467 5779 ea
2494 5741 2608 5796 qua:
2648 5725 2783 5795 facta
2819 5733 2956 5787 sunt,
3005 5721 3256 5775 intellecta
3302 5720 3683 5791 conspiciuntur

2094 5819 2272 5890 (Rom.
2309 5820 2356 5872 ι.
2383 5818 2508 5890 €10).
2542 5818 2738 5872 llorum
2768 5816 2908 5872 enim
2935 5814 3159 5885 quisque
3189 5829 3282 5886 per
3309 5830 3370 5870 ea
3390 5853 3407 5883 ,
3440 5827 3555 5885 qua:
3595 5810 3681 5868 die
