4066 6490
383 374 484 430 961

386 490 482 550 xit,
520 500 619 542 nos
643 485 712 541 ab
741 501 824 551 ea,
857 481 1010 553 quasi
1032 479 1349 546 manu,duci
1373 477 1439 534 ad
1472 477 1565 532 Dei
1589 477 1972 547 cognitionem,

386 576 741 633 subindicavit
759 615 773 639 ,
799 572 940 642 quod
977 571 1062 626 illa
1084 569 1299 636 efﬁciat,
1323 578 1382 623 ut
1406 568 1692 622 Dominum
1720 579 1978 636 agnosca-

386 681 525 724 mus.
566 665 704 734 Quid
754 663 950 735 igitur?
1003 661 1061 718 Si
1089 661 1284 716 bonam
1334 659 1474 715 hanc
1519 666 1574 714 et
1606 655 1976 712 admirabilem

387 769 684 813 creaturam
727 757 908 811 multis
933 755 1218 825 impietatis
1245 768 1461 808 causam
1505 749 1773 806 exstitisse
1799 749 1980 803 videa-

388 865 530 916 mus,
559 864 683 902 num
727 848 870 902 illam
923 846 1333 902 accusabimus?
1361 845 1702 915 Nequaquam
1720 884 1734 908 ,
1766 841 1860 897 sed
1885 855 1978 896 eos

387 941 477 1011 qui
525 940 810 1005 medicina,
840 949 898 995 ut
926 939 1194 1009 oportuit,
1224 954 1330 994 non
1377 946 1502 992 sunt
1553 937 1653 991 usi.
1699 933 1979 1002 Quomodo

389 1047 518 1102 ergo
546 1047 702 1088 causa
722 1032 1008 1102 impietatis
1034 1032 1136 1091 erit
1153 1032 1260 1097 illa,
1285 1047 1403 1102 qua:
1419 1031 1485 1084 ad
1509 1031 1598 1085 Dei
1624 1030 1978 1099 cognitionem

389 1137 488 1177 nos
515 1122 798 1191 provehit?
840 1122 1163 1176 Obtenebrati
1211 1131 1358 1184 sunt,
1390 1121 1592 1190 inquit,
1624 1122 1677 1174 in
1718 1121 1980 1191 cogitatio-

390 1214 536 1266 nibus
560 1214 663 1266 suis
693 1213 1019 1282 philosophi,
1051 1221 1097 1266 et
1126 1212 1417 1278 coluerunt,
1445 1221 1493 1265 et
1533 1212 1807 1266 servierunt
1841 1227 1981 1264 crea~

390 1312 518 1357 tura:
547 1304 710 1370 potius
738 1321 891 1373 quam
917 1304 1133 1357 creatori
1167 1301 1342 1374 (Rom.
1373 1304 1424 1357 1.
1451 1302 1540 1356 21.
1569 1301 1682 1375 25).
1712 1302 1980 1372 Nusquam

389 1394 632 1450 diabolus
674 1395 778 1458 hic,
815 1411 1075 1467 nusquam
1111 1395 1198 1450 hic
1218 1396 1450 1460 daemon,
1479 1393 1574 1450 sed
1598 1405 1840 1451 creatura
1870 1396 1983 1450 sola

391 1486 589 1540 divina:
614 1487 933 1557 cognitionis
961 1488 1211 1557 magistra
1239 1488 1291 1541 in
1334 1487 1510 1541 medio
1560 1487 1831 1556 proposita
1878 1496 1981 1541 est.

392 1580 639 1647 Quonam
670 1593 798 1648 ergo
820 1588 976 1648 pacto
1014 1595 1172 1633 causa
1203 1577 1488 1648 impietatis
1516 1586 1598 1632 est
1645 1577 1820 1631 facta?
1866 1576 1982 1630 Non

393 1685 463 1722 ex
496 1679 686 1723 natura
717 1682 842 1735 sua,
871 1668 962 1723 sed
986 1684 1048 1722 ex
1072 1683 1258 1723 eorum
1284 1668 1483 1721 incuria
1503 1710 1517 1734 ,
1549 1669 1637 1737 qui
1663 1667 1728 1722 ad
1753 1681 1837 1721 res
1861 1681 1986 1720 suas

392 1761 582 1815 attenti
622 1776 726 1814 non
764 1770 936 1816 erant.
977 1761 1114 1827 Quid
1162 1761 1360 1831 igitur?
1398 1761 1734 1828 tollemusne,
1778 1774 1981 1830 quazso,

393 1861 696 1907 creaturam
740 1867 951 1923 quoque
967 1853 990 1907 ?

475 1943 686 1998 Rectum
706 1947 1044 2000 membrorum
1071 1961 1217 1999 usum
1243 1945 1521 2015 corrumpit
1549 1945 1769 2016 ignavia.
1791 1974 1864 1985 —
1881 1943 1988 2000 Sed

395 2038 522 2108 quid
551 2053 650 2109 ego
681 2037 750 2092 de
779 2049 1025 2093 creatura
1049 2039 1270 2108 loquor?
1297 2038 1378 2093 Ad
1406 2038 1644 2092 membra
1687 2048 1868 2092 nostra
1898 2053 1990 2094 ve-

397 2131 605 2185 niamus
637 2148 651 2184 :
682 2145 804 2185 nam
832 2139 885 2185 et
913 2131 1026 2200 ipsa
1073 2145 1286 2185 causam
1312 2145 1433 2186 esse
1475 2128 1788 2200 perditionis
1834 2143 1991 2199 repe-

395 2224 619 2290 riemus,
669 2223 768 2278 nisi
813 2224 1048 2278 animum
1094 2224 1451 2290 attendamus,
1505 2240 1610 2277 non
1657 2238 1723 2280 ex
1776 2223 1989 2294 propria

396 2325 606 2381 natura,
633 2315 727 2370 sed
755 2330 820 2370 ex
847 2315 1053 2385 ignavia
1079 2323 1282 2370 nostra.
1326 2315 1402 2370 Ac
1429 2314 1565 2380 vide,
1587 2329 1802 2385 qumso;
1834 2314 1992 2368 datus

395 2416 481 2463 est
506 2407 712 2473 oculus,
740 2415 800 2461 ut
820 2418 1116 2462 creaturam
1147 2408 1378 2474 intuens,
1397 2408 1676 2462 Dominum
1693 2407 1988 2477 gloriﬁces;

396 2507 453 2553 at
477 2499 522 2554 si
545 2498 699 2553 oculo
729 2507 874 2554 recte
901 2514 1006 2553 non
1037 2500 1233 2568 utaris,
1280 2499 1524 2554 adulterii
1558 2500 1650 2555 tibi
1680 2499 1992 2555 conciliator

395 2589 594 2645 evadit.
636 2589 839 2660 Lingua
881 2606 1011 2646 vero
1037 2591 1157 2645 data
1181 2601 1262 2646 est
1287 2635 1300 2658 ,
1333 2601 1391 2646 ut
1419 2593 1623 2658 laudes,
1657 2603 1716 2648 ut
1753 2592 1994 2650 celebres

397 2693 730 2748 creatorem;
762 2691 817 2737 at
848 2683 892 2737 si
919 2692 1068 2738 recte
1099 2700 1204 2738 non
1232 2684 1497 2752 attendas,
1528 2685 1874 2755 blasphemis:
1900 2686 1992 2741 tibi

398 2774 459 2826 tit
501 2773 834 2829 administra.
875 2774 1063 2830 Manus
1110 2775 1246 2831 datae
1280 2785 1423 2844 suut,
1467 2787 1523 2832 ut
1563 2777 1631 2832 ad
1665 2793 1850 2848 preces
1876 2779 1994 2834 illas

400 2865 693 2932 extendas;
726 2866 820 2922 sed
855 2868 899 2922 si
931 2868 1142 2923 sobrius
1191 2885 1297 2925 non
1353 2870 1445 2936 sis,
1495 2871 1562 2925 ad
1609 2871 1849 2942 rapinam
1901 2888 1994 2930 eas

400 2956 668 3011 extendis.
711 2957 882 3012 Pedes
908 2958 1015 3014 dati
1039 2968 1192 3025 sunt,
1222 2970 1280 3015 ut
1316 2961 1381 3016 ad
1404 2962 1542 3018 bona
1572 2978 1734 3034 opera
1763 2979 1948 3020 curras
1973 2982 1990 3032 ;

401 3047 496 3102 sed
541 3049 588 3103 si
634 3049 904 3121 negligens
936 3051 1126 3120 fueris,
1159 3069 1343 3108 eorum
1393 3070 1496 3125 ope
1540 3058 1708 3111 malas
1756 3058 1995 3112 actiones

402 3141 736 3209 exsequeris.
785 3141 940 3196 Vides
993 3143 1265 3198 inﬁrmum
1317 3156 1508 3202 cuncta
1564 3147 1807 3203 laedere?
1847 3149 1995 3206 vides

401 3227 672 3286 inﬁrmum
723 3233 958 3289 remedia
996 3235 1248 3290 salutaria
1287 3239 1612 3307 principitem
1653 3240 1705 3294 in
1767 3251 1993 3295 mortem

401 3337 580 3394 agere,
605 3340 709 3380 non
741 3341 809 3380 ex
832 3336 1018 3382 natura
1047 3343 1164 3396 sua,
1188 3329 1281 3384 sed
1315 3346 1382 3384 ex
1421 3331 1560 3386 illius
1591 3332 1994 3388 imbecillitate?

400 3417 604 3472 Ctelum
637 3418 874 3473 condidit
917 3420 1077 3486 Deus,
1107 3431 1166 3474 ut
1214 3436 1348 3490 opus
1387 3421 1675 3488 admirans,
1711 3423 1994 3480 Dominum

401 3505 656 3564 adorares
678 3525 692 3573 ;
721 3518 776 3563 at
799 3510 886 3562 alii
905 3511 1179 3566 conditore
1199 3512 1452 3567 derelicto
1467 3513 1656 3567 ctelum
1678 3514 1849 3583 ipsum
1867 3514 2000 3570 ado-

405 3609 592 3655 rarunt
617 3618 629 3655 :
665 3601 718 3655 id
740 3617 870 3656 vero
900 3613 1117 3672 propter
1146 3619 1333 3658 eorum
1370 3605 1632 3675 ignaviam
1663 3616 1717 3661 et
1743 3606 1998 3677 insipien-

408 3692 534 3746 tiam
559 3691 772 3747 accidit.
814 3691 917 3747 Sed
949 3693 1074 3762 quid
1100 3710 1198 3764 ego
1225 3705 1524 3750 creaturam
1545 3696 1703 3751 dico?
1748 3697 1999 3754 Enimve-

407 3797 470 3837 ro
490 3783 617 3852 quid
648 3783 933 3838 salutarius
957 3800 1116 3841 cruce
1164 3787 1278 3842 ﬁeri
1329 3789 1530 3857 possit?
1555 3791 1702 3859 atqui
1737 3806 1866 3846 crux
1897 3790 1998 3845 ista

407 3873 714 3929 scandalum
755 3876 981 3931 inlirmis
1025 3886 1105 3932 cst
1152 3877 1290 3933 facta
1327 3899 1340 3935 :
1383 3879 1600 3935 Verbum
1655 3882 1787 3936 enim
1833 3885 1999 3938 crucis

409 3969 728 4040 pereuntibus
766 3970 965 4040 quidem
1011 3972 1223 4026 stultitia
1270 3983 1380 4038 est;
1424 3975 1489 4029 iis
1525 3984 1692 4029 autem
1734 3977 1821 4048 qui
1871 3975 2001 4030 salvi

408 4061 574 4130 ﬁunt,
612 4059 706 4115 Dei
730 4062 886 4117 uirtus
915 4072 989 4116 est
1013 4064 1086 4134 (l.
1109 4062 1232 4120 Cor.
1264 4065 1317 4123 1.
1349 4066 1438 4136 18)
1465 4081 1479 4132 ;
1511 4075 1566 4120 et
1610 4083 1824 4134 rursus,
1855 4067 2003 4121 Prte-

409 4153 638 4206 dieamus
659 4151 914 4208 Christum
935 4155 1266 4223 cruciﬁxum,
1307 4155 1507 4212 Judteis
1543 4159 1745 4229 quidem
1786 4159 2002 4214 scanda-

409 4243 539 4308 lum,
567 4243 796 4311 gentibus
813 4253 982 4297 autem
1003 4246 1270 4299 stultitiam
1299 4247 1373 4318 (1.
1411 4245 1532 4302 Cor.
1563 4250 1612 4304 1.
1632 4248 1749 4321 23).
1772 4251 1910 4318 Quid
1933 4252 2000 4308 ad

410 4333 710 4389 docendqu
749 4335 922 4405 aptius
951 4335 1115 4390 Paulo
1158 4336 1281 4408 ﬁngi
1310 4340 1479 4406 possit
1517 4349 1571 4394 et
1610 4341 1906 4410 apostolis?
1947 4353 2004 4400 at

412 4427 501 4481 isti
544 4427 770 4496 apostoli
808 4429 988 4482 multis
1017 4429 1151 4483 odor
1179 4431 1367 4485 mortis
1387 4442 1511 4487 sunt
1540 4433 1696 4489 facti:
1720 4435 1794 4490 ait
1823 4437 2001 4508 igitur,

411 4518 542 4572 Aliis
567 4518 767 4588 quidem
790 4519 918 4572 odor
945 4520 1124 4574 mortis
1155 4520 1207 4574 in
1249 4532 1462 4576 mortem
1484 4539 1504 4588 ,'
1529 4525 1644 4579 aliis
1669 4537 1838 4580 autem
1878 4529 2006 4583 odor

411 4610 527 4662 vine
547 4610 602 4661 in
619 4608 773 4662 vitam
789 4608 866 4678 (Ξ.
894 4608 1012 4663 Cor.
1061 4609 1117 4664 2.
1158 4611 1273 4682 16).
1311 4613 1472 4669 Vides
1499 4616 1818 4674 inﬁrmuma
1843 4620 2005 4676 Paulo

412 4701 573 4756 etiam
593 4700 736 4768 laedi,
759 4699 991 4756 validum
1017 4711 1195 4759 autem
1223 4720 1291 4760 ne
1317 4721 1345 4760 a
1377 4706 1592 4764 diabolo
1608 4711 1824 4781 quidem
1863 4713 2006 4770 afﬁci

411 4793 610 4848 damno
628 4793 652 4847 ?

483 4885 538 4940 ι1.
581 4884 674 4939 Vis
715 4886 874 4940 etiam
901 4886 970 4942 de
1002 4886 1215 4944 Christo
1271 4904 1575 4948 sermonem
1630 4893 2008 4952 instituamus?

413 4976 550 5044 Quid
574 4992 695 5032 cum
723 4978 810 5032 illa
833 4979 1005 5035 salute
1033 4980 1264 5036 Conferri
1283 4984 1629 5055 potest?quid
1658 4986 1747 5040 illo
1775 4986 2008 5042 adventu

415 5069 776 5124 fructuosius?
798 5071 942 5140 atqui
965 5070 1051 5126 hic
1073 5073 1186 5142 ipse
1207 5073 1273 5128 ad
1284 5084 1472 5129 ventus
1495 5076 1742 5130 salutaris
1769 5086 1822 5130 et
1843 5078 2006 5145 utilis,

416 5160 597 5215 multis
619 5162 858 5216 accessio
877 5177 1153 5232 pcenarum
1175 5171 1260 5219 est
1279 5163 1469 5219 factus.
1489 5163 1557 5218 In
1576 5165 1832 5234 judicium
1853 5170 2006 5237 enim,

416 5255 606 5325 inquit,
629 5254 682 5308 in
703 5253 836 5308 hunc
865 5257 1110 5309 mundum
1131 5257 1263 5323 veni,
1294 5265 1347 5309 ut
1389 5257 1477 5323 qui
1516 5273 1616 5311 non
1643 5259 1810 5313 vident
1828 5302 1843 5325 ,
1873 5261 2008 5315 vide-

416 5357 526 5413 ant,
559 5355 605 5400 et
631 5345 719 5417 qui
739 5345 924 5414 vident,
959 5347 1080 5401 αεεὶ
1105 5348 1234 5416 ﬁant
1261 5346 1444 5418 (Joau.
1471 5349 1525 5403 9.
1549 5347 1661 5420 39).
1710 5351 1846 5417 Quid
1893 5352 2010 5408 ais?

425 5439 510 5494 lux
537 5437 794 5493 eazcitatis
823 5453 984 5492 causa
1008 5438 1142 5491 facta
1175 5437 1296 5492 est?
1325 5437 1441 5493 Non
1465 5439 1551 5492 lux
1583 5440 1719 5495 facta
1746 5451 2012 5498 estcausa

420 5530 696 5595 caecitatis,
728 5528 822 5584 sed
849 5529 1123 5584 oculorum
1165 5529 1358 5584 animm
1395 5531 1728 5600 imbecillitas
1775 5535 2016 5605 recipere

424 5621 604 5673 lumen
636 5636 741 5673 non
775 5621 961 5675 valuit.
1005 5621 1164 5676 Vides
1203 5621 1471 5677 inﬁrmum
1493 5624 1728 5693 undique
1756 5626 1896 5693 lardi,
1926 5643 2016 5682 va-

426 5712 592 5765 lidum
617 5721 793 5765 autem
821 5714 1052 5785 undique
1082 5713 1360 5770 utilitatem
1390 5715 1713 5785 decerpere?
1739 5717 1869 5773 Nam
1903 5719 2019 5773 ubi-

429 5815 536 5872 que
564 5801 805 5857 voluntas
825 5815 905 5859 est
929 5806 983 5862 in
1009 5820 1201 5873 causa,
1236 5807 1430 5880 ubique
1473 5817 1713 5866 nostrum
1739 5811 2017 5880 arbitrium

1098 366 1152 422 S.
1195 361 1472 422 JO.\NNIS
1509 354 1982 418 CIIRYSOSTOMI
2024 354 2342 412 ARCHIEP.
2384 352 2920 413 CONSTANTINOP.

2354 263 2382 276 υ

3572 349 3708 407 262

2086 478 2171 525 est
2200 477 2386 524 auctor
2416 484 2430 521 :
2458 464 2884 537 quandoquidem
2916 455 3180 530 diabolus,
3213 463 3258 521 si
3307 479 3466 522 nosse
3507 467 3704 532 velis,

2083 562 2243 616 etiam
2276 558 2419 615 utilis
2443 558 2599 614 nobis
2641 566 2745 622 est,
2775 557 2820 612 si
2859 572 2944 622 eo,
2976 567 3135 628 prout
3180 568 3413 628 oportet,
3435 570 3706 625 utamur,

2082 667 2433 724 magnamque
2461 651 2618 707 nobis
2647 651 2926 706 utilitatem
2956 651 3131 719 parit,
3179 665 3354 722 neque
3404 652 3709 708 mediocre

2084 747 2240 802 nobis
2264 746 2388 801 inde
2413 745 2618 800 lucrum
2666 744 2902 799 obvenit.
2945 744 3056 798 Hoc
3081 743 3350 800 multoties
3384 756 3438 799 et
3463 760 3526 800 ex
3557 745 3708 814 ipso

2084 839 2186 896 Job
2213 839 2543 895 ostendimus
2573 854 2587 891 :
2618 846 2794 908 potest
2816 847 2995 892 autem
3021 853 3087 892 ex
3119 837 3235 908 ipso
3263 853 3476 909 quoque
3503 839 3706 894 Paulo

2087 931 2307 1001 intelligi
2338 947 2350 984 :
2382 931 2460 986 sic
2485 930 2627 985 enim
2657 930 2731 984 ait
2775 929 2842 984 de
2881 929 3202 984 fornicatore
3230 931 3507 986 scribens:
3539 930 3707 985 Tra-

2085 1024 2188 1078 dite
2215 1025 2511 1095 liujusmodi
2537 1033 2730 1079 satana:
2754 1024 2806 1078 in
2838 1024 3096 1076 interitum
3124 1025 3316 1091 carnis,
3363 1033 3418 1078 ut
3463 1025 3705 1095 spiritus

2085 1116 2253 1170 salvus
2279 1115 2341 1168 sit
2367 1113 2441 1188 (l.
2469 1113 2588 1170 Cor.
2633 1115 2690 1171 5.
2736 1115 2812 1186 5).
2851 1114 2989 1171 Ecce
3039 1115 3201 1170 etiam
3261 1115 3447 1170 salutis
3487 1125 3705 1170 auctor

2087 1209 2257 1263 factus
2282 1217 2366 1263 est
2391 1207 2658 1274 diabolus,
2691 1209 2898 1262 tametsi
2922 1223 3028 1262 non
3053 1223 3119 1263 ex
3151 1208 3316 1277 ipsius
3347 1217 3545 1276 mente,
3583 1207 3706 1264 sed

2088 1318 2154 1358 ex
2181 1302 2411 1358 artiﬁcio
2438 1303 2687 1372 apostoli.
2726 1302 2860 1357 Nam
2894 1303 3344 1373 quemadmodum
3374 1304 3565 1358 medici
3601 1305 3703 1358 vi-

2089 1409 2246 1463 peras
2273 1402 2510 1461 sumunt,
2539 1403 2591 1449 et
2620 1393 2934 1464 perniciosis
2962 1393 3215 1450 membris
3237 1395 3456 1451 resectis
3482 1395 3710 1450 theria-

2088 1500 2149 1539 ea
2181 1484 2566 1540 medicamenta
2590 1485 2920 1541 conﬁciunt:
2950 1486 3022 1540 ita
3056 1501 3269 1557 quoque
3303 1488 3500 1542 Paulus
3521 1488 3698 1554 fecit;

2089 1575 2342 1647 quidquid
2373 1576 2543 1632 inerat
2570 1579 2697 1632 utile
2715 1594 2781 1632 ex
2811 1579 2959 1632 illato
2997 1593 3027 1632 a
3058 1578 3272 1634 diabolo
3295 1579 3555 1650 supplicio
3587 1595 3704 1634 su-

2091 1683 2242 1723 mens
2271 1669 2532 1739 reliquum
2554 1669 2758 1723 omisit.
2803 1668 2872 1725 Ut
2917 1669 3059 1724 enim
3113 1669 3377 1739 intelligas
3411 1687 3515 1724 non
3559 1685 3702 1726 esse

2090 1761 2278 1816 salutis
2297 1771 2568 1818 auctorem
2598 1761 2887 1826 diabolum,
2917 1759 3010 1815 sed
3034 1760 3182 1814 illum
3203 1761 3254 1814 in
3278 1759 3329 1814 id
3351 1760 3698 1825 incubuisse,

2092 1868 2150 1912 ut
2180 1857 2452 1912 hominem
2483 1854 2734 1924 perderet
2761 1867 2825 1908 ac
2851 1851 3153 1917 devoraret,
3183 1852 3482 1920 apostolum
3503 1861 3700 1905 autem

2092 1951 2354 2022 sapientia
2380 1965 2472 2004 sua
2503 1949 2685 2020 gulam
2712 1948 2761 2002 ei
2789 1945 3039 2016 fregisse,
3071 1944 3193 1999 audi
3217 1944 3342 2014 quid
3371 1945 3421 1998 in
3447 1945 3700 1999 secunda

2093 2043 2161 2098 ad
2181 2041 2491 2099 Corinthios
2524 2040 2758 2112 Epistula
2787 2038 2855 2093 de
2885 2038 3073 2093 eodem
3127 2037 3448 2092 fornicatore
3501 2037 3656 2093 dicat
3679 2056 3697 2092 :

2097 2135 2408 2204 Conﬁrmata
2434 2134 2486 2186 in
2513 2133 2660 2186 illum
2709 2131 3003 2195 caritatem,
3051 2147 3115 2184 ne
3156 2129 3286 2200 forte
3329 2129 3704 2183 abundantiori

2096 2225 2301 2280 tristitia
2325 2223 2653 2278 absorbeatur
2676 2221 2763 2292 qui
2778 2219 3030 2291 ejusmodi
3049 2229 3140 2285 est,
3161 2231 3207 2274 et
3233 2221 3703 2274 circumveniantur

2097 2334 2128 2370 a
2174 2325 2355 2371 satana
2377 2314 2435 2388 (Si
2465 2313 2584 2370 Cor.
2615 2313 2671 2367 2.
2699 2312 2749 2369 8.
2778 2313 2829 2366 7.
2861 2311 2950 2382 11)
2976 2328 2989 2364 :
3017 2311 3385 2382 pratripiamus
3405 2326 3471 2367 ex
3498 2312 3703 2367 bellum

2099 2407 2339 2462 faucibus
2361 2405 2655 2471 hominem,
2678 2405 2771 2458 ait.
2812 2403 3106 2474 Tamquam
3133 2403 3275 2458 enim
3296 2403 3546 2458 carniﬁce
3565 2419 3703 2473 per-

2098 2513 2240 2569 saepe
2261 2497 2474 2553 diabolo
2525 2511 2651 2552 usus
2699 2504 2781 2552 est
2826 2495 3134 2566 apostolus;
3187 2495 3466 2550 carniﬁces
3509 2504 3700 2551 autem

2099 2589 2374 2644 maleﬁcos
2399 2588 2614 2658 quidem
2643 2587 2904 2658 puniunt,
2936 2595 2991 2641 at
3020 2603 3126 2642 non
3167 2596 3424 2657 quantum
3483 2589 3700 2656 volunt,

2099 2681 2193 2736 sed
2221 2689 2476 2750 quantum
2510 2679 2718 2749 iudices
2742 2679 2922 2734 sinunt
2952 2695 2966 2732 :
2996 2692 3060 2733 ea
3105 2680 3300 2750 quippe
3331 2680 3414 2734 lex
3458 2689 3540 2735 cst
3565 2697 3701 2737 car-

2101 2773 2292 2840 niﬁcis,
2327 2782 2384 2828 ut
2407 2772 2472 2827 ad
2491 2771 2686 2841 judicis
2705 2780 2891 2826 nutum
2911 2771 3194 2826 attendens
3223 2787 3435 2840 ptenam
3475 2772 3700 2829 inferat.

2103 2866 2261 2921 Vides
2299 2865 2364 2920 ad
2403 2874 2656 2936 quantam
2704 2863 3007 2920 ascenderit
3045 2863 3316 2934 apostolus
3339 2865 3704 2936 dignitatem?

2099 2958 2199 3026 Qui
2249 2957 2609 3013 circumdatus
2655 2964 2772 3013 erat
2820 2970 3049 3027 corpore
3073 2956 3393 3027 incorporeo
3423 2965 3701 3028 tamquam

2100 3049 2352 3105 carniﬁce
2380 3049 2657 3115 utebatur;
2685 3057 2741 3104 et
2790 3047 2934 3119 quod
2985 3047 3202 3103 diabolo
3245 3050 3542 3104 communis
3583 3050 3702 3105 Do-

2101 3143 2277 3198 minus
2307 3141 2376 3197 de
2399 3141 2502 3197 Job
2547 3141 2618 3196 ita
2651 3141 2962 3212 praecipiens
3003 3140 3096 3208 ait,
3125 3140 3302 3211 Tange
3323 3158 3530 3196 carnem
3558 3143 3699 3212 ejus,

2101 3243 2442 3290 verumtamen
2497 3233 2721 3286 animam
2746 3233 2854 3302 ejus
2879 3249 2941 3286 ne
2971 3233 3192 3304 tetigeris
3245 3232 3368 3303 (Job
3407 3235 3461 3288 2.
3492 3233 3546 3306 6)
3579 3250 3593 3288 :
3629 3235 3704 3290 li-

2102 3325 2259 3380 mites
2287 3338 2672 3393 mensurasque
2707 3338 2984 3394 ptenarum
3023 3326 3394 3394 praescribens,
3455 3342 3522 3382 ne
3573 3342 3706 3382 eum

2102 3433 2303 3488 procax
2326 3425 2381 3473 et
2413 3416 2688 3472 eﬁ'rtenata
2714 3417 2783 3472 sit
2807 3416 3020 3484 bellua,
3074 3418 3389 3475 insolentius
3439 3421 3703 3490 impetum

2105 3507 2264 3563 faciat
2295 3522 2309 3562 :
2344 3507 2444 3563 hoc
2465 3507 2626 3563 etiam
2650 3507 2758 3578 agit
2781 3511 3055 3579 apostolus
3081 3525 3095 3563 :
3126 3525 3247 3565 cum
3277 3512 3420 3566 enim
3449 3511 3706 3568 tradidis-

2104 3609 2186 3656 set
2210 3601 2260 3656 ei
2283 3599 2662 3655 fornicatorem
2686 3641 2703 3666 ,
2731 3600 2826 3666 ait,
2855 3598 2922 3653 In
2975 3600 3236 3656 interitum
3282 3603 3450 3656 carnis
3469 3604 3546 3674 (l.
3569 3602 3700 3658 Cor.

2104 3693 2159 3750 5.
2199 3693 2292 3766 5),
2320 3693 2425 3748 boc
2451 3702 2552 3760 est,
2583 3693 2833 3748 Animam
2863 3693 2981 3763 ejus
3009 3708 3076 3748 ne
3107 3695 3364 3764 tetigeris.
3411 3696 3567 3752 Vides
3595 3711 3703 3752 au-

2103 3787 2405 3843 ctoritatem
2435 3787 2610 3842 servi?
2665 3786 2783 3842 Noli
2819 3801 2947 3857 ergo
2976 3785 3244 3842 diabolum
3303 3789 3524 3855 timere,
3572 3790 3706 3846 licet

2106 3880 2452 3950 incorporeus
2473 3878 2543 3932 sit
2575 3895 2588 3932 :
2616 3878 2836 3950 impegit
2861 3878 3002 3934 enim
3028 3894 3043 3943 ;
3061 3886 3115 3932 at
3131 3879 3264 3934 nihil
3282 3880 3599 3937 imbecillius
3613 3892 3705 3938 est

2105 3987 2191 4036 eo,
2219 3971 2309 4042 qui
2337 3970 2614 4040 impegerit
2638 4011 2652 4035 ,
2687 3970 2812 4025 licet
2841 3969 3062 4025 minime
3099 3986 3326 4041 corpore
3355 3973 3424 4026 sit
3470 3974 3704 4027 circum-

2107 4063 2288 4128 datus;
2311 4061 2765 4133 quemadmodum
2808 4078 2983 4132 neque
3011 4064 3282 4122 robustius
3307 4076 3389 4120 est
3411 4066 3702 4136 quidquam

2110 4169 2197 4220 eo,
2228 4155 2317 4224 qui
2345 4154 2511 4210 libere
2532 4163 2731 4208 etcum
2762 4154 2955 4220 ﬁducia
2987 4156 3156 4226 possit
3184 4172 3362 4228 agerc,
3391 4159 3515 4214 licet
3552 4175 3703 4217 mor-

2111 4250 2214 4304 tale
2238 4263 2431 4317 corpus
2452 4247 2811 4303 circumferat.

2181 4341 2236 4395 5.
2279 4338 2404 4394 Haec
2431 4354 2460 4393 a
2488 4355 2576 4395 me
2623 4355 2764 4395 nunc
2792 4339 2932 4396 dicta
2973 4350 3099 4395 sunt
3127 4342 3324 4409 omnia,
3354 4357 3460 4397 non
3493 4353 3548 4398 ut
3580 4344 3701 4401 dia-

2109 4431 2288 4488 bolum
2309 4433 2531 4488 crimine
2548 4433 2850 4499 liberarem,
2877 4432 2969 4488 sed
2989 4444 3045 4488 ut
3065 4450 3160 4490 vos
3185 4435 3251 4490 ab
3277 4435 3483 4504 ignavia
3504 4437 3706 4495 liberos

2110 4524 2389 4580 redderem
2411 4542 2424 4578 :
2445 4524 2704 4594 siquidem
2733 4539 3053 4595 magnopere
3078 4527 3352 4582 contendit
3382 4528 3486 4596 ille,
3513 4545 3707 4600 pecca-

2116 4626 2290 4672 torum
2319 4625 2375 4670 ut
2414 4624 2719 4670 nostrorum
2748 4615 2800 4670 in
2832 4617 3004 4686 ipsum
3031 4619 3240 4688 culpam
3268 4619 3611 4689 rejiciamus:
3643 4633 3705 4679 ut

2121 4707 2222 4763 hac
2272 4723 2366 4779 spe
2390 4706 2590 4773 laetati,
2620 4721 2740 4761 cum
2768 4721 2926 4762 omne
2950 4724 3118 4779 genus
3144 4711 3410 4767 scelerum
3452 4728 3706 4783 pervase-

2113 4802 2297 4866 rimus,
2346 4799 2516 4853 multa
2554 4799 2815 4868 supplicia
2865 4800 3017 4855 nobis
3065 4817 3373 4872 augeamus,
3408 4819 3508 4859 nec
3536 4805 3699 4860 ullam

2115 4893 2236 4949 ideo
2256 4893 2466 4949 veniam
2495 4892 2863 4963 impetremus,
2895 4893 3038 4964 quod
3065 4895 3274 4966 culpam
3303 4898 3354 4952 in
3373 4914 3495 4953 eum
3521 4908 3701 4956 trans-

2116 4984 2412 5052 tulerimus,
2443 4984 2580 5039 sicut
2602 5000 2701 5039 nec
2722 4985 2832 5040 Eva
2862 4985 3181 5056 impetravit.
3207 4988 3316 5044 Nos
3340 5007 3466 5046 vero
3494 5009 3698 5062 nequa-

2115 5094 2273 5150 quam
2301 5078 2353 5134 id
2377 5093 2615 5150 agamus,
2643 5079 2737 5134 sed
2765 5094 2863 5135 nos
2893 5080 3036 5150 ipsos
3073 5097 3445 5151 agnoscamus,
3479 5086 3699 5141 vulnera

2117 5184 2468 5242 agnoscamus
2509 5187 2523 5224 :
2552 5171 2629 5225 sic
2654 5171 2794 5226 enim
2821 5181 2876 5226 et
2897 5173 3280 5230 medicamenta
3309 5179 3600 5246 poterimus
3621 5178 3718 5235 ad.

2119 5263 2305 5319 bibere
2333 5279 2488 5319 :nam
2519 5265 2610 5335 qui
2636 5266 2879 5321 morbum
2904 5282 3008 5322 non
3042 5270 3211 5335 novit,
3233 5270 3364 5326 nihil
3389 5272 3456 5326 de
3481 5273 3700 5342 aegritu-

2119 5355 2244 5411 dine
2271 5356 2530 5411 sollicitus
2557 5357 2677 5412 erit.
2703 5357 2863 5413 Multa
2885 5363 3220 5428 peccavimus
3244 5379 3257 5427 ;
3278 5379 3390 5418 SCIO
3413 5365 3656 5435 equidem
3682 5381 3699 5432 ;

2120 5464 2308 5504 omnes
2355 5449 2499 5505 enim
2541 5451 2713 5521 poenis
2747 5451 2963 5508 obnoxii
3005 5468 3229 5519 sumus;
3276 5464 3330 5508 at
3353 5457 3507 5510 venia
3552 5461 3708 5516 nobis

2123 5549 2312 5610 negata
2353 5557 2460 5597 non
2491 5552 2592 5608 est,
2622 5559 2722 5599 nec
2750 5559 2781 5598 a
2821 5545 3130 5614 poenitentia
3161 5546 3457 5604 excidimus
3489 5566 3502 5600 :
3529 5550 3704 5608 adhuc

2124 5631 2266 5686 enim
2294 5641 2498 5688 stamus
2527 5633 2580 5688 in
2607 5645 2916 5699 scammate,
2949 5645 3002 5690 et
3028 5637 3078 5689 in
3109 5638 3436 5706 poenitentiae
3457 5647 3707 5697 certami-

2125 5721 2281 5776 nibus
2307 5739 2605 5779 versamur.
2637 5725 2811 5780 Seuex
2852 5740 2932 5791 es,
2963 5737 3014 5781 et
3043 5726 3109 5780 ad
3137 5727 3308 5798 ipsum
3343 5731 3549 5786 exitum
3587 5734 3704 5789 vitae

2127 5816 2458 5885 pervenisti?
2485 5817 2562 5874 Ne
2595 5826 2702 5872 tum
2726 5816 2938 5889 quidem
2962 5833 2992 5872 a
3020 5819 3327 5890 pwnitentia
3359 5832 3410 5880 te
3434 5825 3703 5890 arbitreris
