4066 6426
348 418 449 479 261

344 534 708 611 χειραγωγεῖ·
744 535 822 588 ότι
854 533 994 606 αῦτη
1031 537 1177 590 ποιεῖ
1199 537 1588 608 ἐπιγινώσκειν
1616 541 1708 596 τὸν
1739 542 1937 597 Δεσπό-

345 637 466 692 την.
501 618 565 671 Τί
587 615 702 684 οὖν,
736 618 830 673 ἐάν
875 618 1075 690 ἴδωμεν
1105 620 1205 692 τὴν
1244 621 1417 694 καλὴν
1445 623 1651 695 ταύτην
1683 625 1779 679 καὶ
1807 625 1938 681 θαυ-

348 701 584 775 μαστὴν,
617 701 787 771 αὐτὴν
817 703 1119 774 γενομένην
1162 704 1421 769 ἀσεϐείας
1467 706 1650 759 αἰτίαν
1702 706 1932 772 πολλοῖς,

344 784 709 856 αἰτιασόμεθα
735 784 942 855 αὐτὴν;
976 785 1262 858 Οὐδαμῶς,
1291 787 1405 842 ἀλλ’
1441 789 1684 853 ἐκείνους
1707 791 1836 854 τοὺς
1860 791 1935 863 μὴ

345 868 727 943 χρησαμένους
752 869 832 931 εἰς
852 868 971 924 δέον
999 869 1077 941 τῷ
1103 871 1403 943 φαρμάκῳ.
1424 872 1534 926 Ποῦ
1557 868 1651 927 οῦν
1680 874 1935 941 ἀσεϐείας

342 953 492 1010 αἰτία
515 952 653 1025 αῦτη
679 954 713 1024 ἡ
738 953 1162 1023 χειραγωγοῦσα
1185 954 1322 1025 πρὸς
1344 956 1708 1025 θεογνωσίαν;
1740 958 1937 1013 Ἐσκο-

341 1041 670 1106 τίσθησαν,
709 1038 898 1108 φησὶν,
934 1037 1004 1090 ἐν
1037 1037 1162 1104 τοῖς
1188 1037 1605 1110 διαλογισμοῖς
1651 1041 1850 1096 αὐτῶν
1879 1045 1935 1097 οἱ

342 1121 692 1193 φιλόσοφοι,
716 1120 814 1174 καὶ
848 1119 1300 1189 ἐσεϐάσθησαν,
1333 1123 1432 1176 καὶ
1458 1122 1837 1193 ἐλάτρευσαν
1857 1123 1934 1195 τῇ

341 1207 537 1260 κτίσει
569 1204 731 1271 παρὰ
769 1206 879 1257 τὸν
923 1205 1236 1258 κτίσαντα.
1271 1206 1523 1276 Οὐδαμοῦ
1562 1207 1809 1272 διάϐολος
1846 1209 1935 1263 ἐν-

337 1289 530 1353 ταῦθα,
564 1287 803 1359 οὐδαμοῦ
837 1286 1049 1358 δαίμων
1083 1286 1343 1353 ἐνταῦθα,
1373 1289 1510 1343 ἀλλά
1554 1291 1734 1356 κτίσις
1763 1294 1845 1355 είς
1869 1291 1932 1345 τὸ

340 1374 506 1445 μέσον
558 1372 845 1445 πρόκειται
898 1372 1031 1443 μόνη
1084 1372 1405 1438 διδάσκαλος
1444 1374 1545 1445 τῆς
1576 1375 1928 1444 θεογνωσίας.

337 1458 466 1522 Πῶς
490 1457 621 1528 γοῦν
652 1457 877 1526 γέγονεν
910 1454 1169 1520 ἀσεϐείας
1194 1456 1374 1523 αἰτίας
1397 1458 1472 1513 Οὐ
1502 1457 1655 1529 παρά
1677 1458 1777 1531 τὴν
1804 1459 1931 1512 ἐαυ-

336 1542 439 1613 τῆς
472 1540 655 1611 φύσιν,
683 1539 820 1594 ἀλλά
851 1538 1006 1611 παρά
1053 1538 1154 1610 τὴν
1198 1539 1461 1610 ἀμέλειαν
1495 1541 1605 1596 τῶν
1651 1543 1725 1613 μὴ
1755 1558 1928 1614 προσ-

335 1626 592 1697 εχόντων.
625 1624 691 1678 Τί
738 1617 868 1689 οῦν;
899 1623 1275 1695 ἀναιρήσομεν
1303 1624 1400 1678 καὶ
1429 1624 1528 1696 τὴν
1574 1625 1773 1692 κτίσιν,
1806 1625 1930 1680 εἰπέ

345 1728 437 1783 μοι
456 1726 472 1778 ;

404 1827 517 1882 Καὶ
543 1825 598 1879 τί
625 1826 773 1894 λέγω
810 1824 941 1896 περὶ
970 1822 1072 1893 τῆς
1102 1822 1371 1890 κτίσεως;
1419 1824 1544 1878 Ἐπὶ
1572 1824 1640 1879 τὰ
1682 1825 1818 1897 μέλη
1850 1825 1929 1880 έλ-

334 1911 517 1980 θωμεν
566 1909 636 1963 τά
682 1906 959 1980 ἡμέτερα·
1009 1905 1105 1959 καὶ
1136 1906 1247 1976 γὰρ
1286 1908 1382 1960 καὶ
1416 1906 1592 1961 ταῦτα
1624 1909 1927 1981 εὑρήσομεν

331 1993 610 2057 ἀπωλείας
639 1993 811 2055 αἴτια,
839 1991 937 2045 ἐὰν
971 1990 1047 2062 μὴ
1083 1991 1464 2062 προσέχωμεν,
1499 1995 1559 2044 οὐ
1589 1991 1741 2064 [264]
1775 1993 1927 2064 ποιρά

330 2081 433 2150 τὴν
460 2076 671 2132 οἰκείαν
704 2075 761 2129 δὲ
788 2075 973 2146 φύσιν,
1014 2073 1152 2127 ἀλλά
1184 2074 1336 2144 παρά
1379 2073 1479 2145 τὴν
1522 2076 1801 2147 ἡμετέραν
1837 2078 1927 2147 ρᾳ-

330 2162 549 2234 θυμίαν.
582 2158 783 2214 Σκόπει
814 2158 892 2211 δέ·
918 2151 1230 2227 Ὀφθαλμὺς
1260 2156 1437 2228 ἐδόθη,
1465 2157 1551 2211 ἵνα
1586 2158 1798 2229 βλέπων
1825 2161 1924 2231 τὴν

329 2246 509 2302 κτίσιν
542 2243 771 2314 δοξάζῃς
817 2241 910 2295 τὸν
954 2241 1264 2312 Δεσπότην·
1318 2241 1435 2295 ἀλλ’
1463 2243 1559 2296 ἐάν
1612 2244 1688 2315 μὴ
1741 2245 1921 2309 καλῶς

327 2330 510 2403 χρήσῃ
537 2326 615 2398 τῷ
643 2322 930 2396 ὀφθαλμῷ,
968 2324 1214 2396 μοιχείας
1248 2341 1331 2378 σοι
1362 2325 1574 2393 γίνεται
1622 2326 1882 2398 πρόξενος
1904 2342 1920 2358 ·

325 2413 544 2483 γλῶττα
580 2411 637 2464 δέ
667 2409 847 2480 ἐδόθη,
880 2408 970 2463 ἵνα
999 2409 1278 2480 εὐφημῇς,
1315 2408 1403 2462 ἵνα
1434 2411 1614 2481 ὑμνῇς
1638 2411 1732 2464 τὸν
1766 2412 1929 2482 Ποιη-

324 2500 458 2569 τήν·
488 2495 604 2552 ἀλλ’
629 2494 725 2548 ἐὰν
762 2493 837 2565 μὴ
879 2492 1064 2556 καλῶς
1111 2493 1407 2566 προσέχῃς,
1441 2492 1795 2566 βλασφημίας
1838 2512 1921 2547 σοι

323 2584 533 2654 γίνεται
563 2578 713 2634 αἰτία
733 2594 748 2610 ·
778 2581 964 2649 χεῖρες
988 2577 1046 2631 δέ
1079 2577 1365 2649 ἐδόθησαν,
1401 2578 1488 2632 ῖνα
1517 2577 1805 2650 ἀνατείνῃς
1832 2579 1923 2632 αύ-

321 2668 425 2731 τάς
452 2667 534 2729 εἰς
565 2662 764 2733 εὐχάς·
815 2660 931 2714 ἀλλ’
968 2659 1064 2714 ὲάν
1112 2661 1188 2732 μὴ
1237 2662 1435 2733 νήφῃς,
1487 2664 1568 2725 εἱς
1607 2661 1921 2727 πλεονεξίαν

321 2750 490 2814 αὐτάς
510 2746 775 2808 ἐκτείνεις
796 2759 809 2773 ·
833 2744 999 2807 πόδες
1024 2743 1312 2813 ἐδόθησαν,
1337 2744 1425 2796 ἵνα
1449 2743 1652 2817 τρέχῃς
1676 2747 1757 2809 εἰς
1780 2745 1922 2800 καλά

314 2834 458 2905 ἔργα
477 2851 490 2865 ⁸
521 2829 636 2884 ἀλλ’
671 2827 766 2881 ἐὰν
793 2826 1026 2897 ἀμελῇς.
1057 2825 1155 2889 τὰς
1190 2826 1436 2898 πονηράς
1469 2827 1537 2880 δι’
1564 2829 1749 2881 αὐτῶν
1776 2828 1920 2895 ἔξεις

321 2911 758 2988 πράξεις.⁹ορᾷς
795 2911 877 2965 ὅτι
923 2909 1016 2962 τὸν
1046 2907 1249 2979 ἀσθενῆ
1279 2909 1460 2963 πάντα
1489 2908 1751 2980 βλάπτεις
1787 2913 1920 2983 ὁρᾷς

319 3002 404 3055 δτι
424 2998 514 3053 τὸν
533 2994 738 3065 ἀσθενῆ
766 2993 861 3047 καὶ
887 2991 953 3046 τὰ
983 2992 1252 3063 φάρμακα
1274 2992 1343 3046 τά
1374 2996 1619 3067 σωτήρια
1644 2996 1725 3058 εἰς
1754 2996 1920 3049 θάνα-

320 3099 413 3137 τον
442 3078 728 3152 ἐμϐάλλει,
761 3076 823 3130 οὐ
850 3074 1002 3146 παρὰ
1032 3075 1131 3147 τὴν
1157 3076 1367 3130 οἰκείαν
1389 3076 1576 3146 φύσιν,
1606 3077 1745 3133 ἀλλά
1767 3079 1920 3151 παρά

318 3166 420 3239 τὴν
468 3161 755 3218 ἀσθένειαν
802 3158 900 3231 τὴν
950 3159 1205 3225 ἐκείνου;
1267 3159 1559 3231 Ἐποίησεν
1609 3162 1843 3233 οὐρανὸν
1889 3163 1920 3215 ὁ

319 3250 472 3314 Θεὸς,
509 3247 599 3301 ἵνα
634 3245 926 3315 θαυμάσας
960 3244 1020 3297 τὸ
1065 3243 1227 3314 ἔργον
1274 3248 1663 3317 προσκυνήσῃς
1698 3246 1791 3299 τὸν
1824 3247 1920 3299 Δε-

319 3332 529 3402 σπότην
550 3345 563 3358 ·
595 3329 708 3382 ἀλλ’
737 3329 917 3401 ἐτεροι
945 3326 1037 3379 τὸν
1072 3326 1311 3399 Ποιητὴν
1346 3328 1596 3397 ἀφέντες,
1628 3330 1791 3384 αὐτὸν
1827 3330 1918 3383 τὸν

314 3414 545 3491 οὐρανὸν
573 3411 1030 3485 προσεκύνησαν·
1078 3411 1254 3465 ταῦτα
1302 3411 1360 3465 δέ
1410 3413 1519 3467 ἀπὸ
1560 3414 1660 3483 τῆς
1693 3413 1917 3468 ἐκείνων

319 3498 591 3574 ῥᾳθυμίας
620 3513 680 3550 τε
710 3496 806 3550 καί⁵
839 3494 1046 3559 ἀνοίας.
1066 3495 1229 3549 Ἀλλὰ
1274 3496 1328 3549 τί
1368 3496 1512 3567 λέγω
1551 3499 1763 3564 κτίσιν;
1807 3499 1918 3551 Καὶ

321 3583 429 3655 μὴν
462 3582 515 3635 τί
534 3579 629 3634 τοῦ
659 3577 896 3650 σταυροῦ
920 3579 1430 3653 σωτηριωδέστερον
1452 3581 1650 3650 γένοιτ’
1673 3580 1773 3648 ἅν;
1802 3581 1916 3636 ἀλλ’

316 3670 348 3722 6
385 3663 619 3736 σταυρὸς
660 3657 817 3724 οὗτος
855 3660 1154 3715 σκάνδαλον
1184 3665 1296 3726 τοῖς
1324 3663 1611 3718 ἀσθενοῦσι
1646 3666 1872 3733 γέγονεν
1896 3686 1912 3700 ·

326 3748 394 3807 '0
425 3749 610 3819 λόγος
633 3745 746 3817 γὰρ
773 3748 807 3799 ό
832 3744 941 3799 τοῦ
977 3746 1249 3813 σταυροῦ
1298 3747 1423 3814 τοῖς
1470 3747 1591 3817 μὲν
1649 3746 1916 3805 ἀπολλυ-

310 3834 518 3905 μένοις
556 3830 748 3902 μωρία
796 3827 953 3891 ἐστὶ,
993 3826 1123 3894 τοῖς
1166 3827 1236 3881 δὲ
1270 3830 1627 3901 σωζομένοις
1660 3832 1925 3902 δύναμις

317 3917 472 3975 Θεοῦ
491 3934 507 3949 ·
533 3915 630 3970 καὶ
657 3913 822 3967 πάλιν
840 3927 856 3943 ·
891 3913 1299 3982 Κηρύσσομεν
1319 3914 1582 3983 Χριστὸν
1606 3916 1914 3983 ἐσταυρω-

311 4001 522 4072 μένον,
540 3997 856 4062 Ἰουδαίοις
889 3995 1009 4065 μὲν
1041 3995 1416 4062 σκάνδαλον,
1462 3996 1666 4052 ἔθνεσι
1696 3997 1766 4052 δὲ
1791 4016 1912 4069 μω-

309 4085 475 4153 ρίαν.
513 4081 579 4136 Τί
628 4081 721 4134 τοῦ
765 4078 981 4133 Παύλου
1025 4078 1551 4151 διδασκαλικώτερον
1603 4081 1798 4150 γένοιτ’
1844 4082 1912 4136 ἂν

316 4169 413 4222 καὶ
458 4166 570 4220 τῶν
608 4162 958 4229 ἀποστόλων;
1001 4161 1122 4216 ἀλλ’
1146 4164 1195 4215 οἰ
1243 4164 1532 4217 ἀπόστολοι
1578 4158 1726 4219 οὗτοι
1763 4166 1909 4237 ὀσμὴ

316 4250 549 4305 θανάτου
577 4251 693 4311 τοῖς
726 4245 943 4309 πολλοῖς
968 4245 1218 4314 ἐγένοντο
1238 4262 1252 4277 ·
1295 4249 1430 4317 φησί
1455 4247 1585 4316 γοῦν
1605 4265 1618 4280 ·
1659 4244 1762 4316 οἷς
1792 4249 1912 4318 μὲν

313 4333 476 4404 ὀσμὴ
515 4331 778 4387 θανάτου
805 4331 893 4395 είς
924 4328 1207 4395 θάνατον,
1241 4325 1333 4396 οἷς
1360 4330 1430 4384 δὲ
1451 4330 1602 4399 ζωῆς
1625 4334 1713 4399 εἰς
1733 4331 1906 4400 ζωήν,

324 4417 489 4489 Ὁρᾷς
511 4417 594 4471 ὅτι
619 4416 649 4468 6
679 4412 780 4484 μὲν
804 4411 1037 4483 ἀσθενὴς
1062 4412 1158 4465 καὶ
1178 4412 1288 4466 ἀπὸ
1314 4412 1409 4466 τοῦ
1440 4415 1650 4468 Παύλου
1684 4415 1911 4486 βλάπτε-
1936 4456 1941 4463 .

311 4516 427 4567 ται,
454 4501 483 4553 ὁ
505 4499 565 4554 δὲ
595 4496 815 4569 ἰσχυρὸς
839 4495 960 4549 οὐδὲ
984 4495 1094 4549 ἀπὸ
1124 4495 1218 4550 τοῦ
1248 4496 1498 4550 διαϐόλου
1531 4497 1836 4566 ἀδικεῖται;

379 4615 445 4670 δ’.
476 4616 664 4670 Βούλει
691 4616 787 4670 καὶ
813 4616 906 4671 ἐπὶ
934 4612 1032 4668 τοῦ
1054 4614 1294 4688 Χριστοῦ
1317 4615 1407 4670 τὸν
1429 4616 1588 4686 λόγον
1615 4615 1909 4688 γυμνάζω-

317 4716 451 4770 μεν;
496 4698 562 4752 Τί
598 4700 699 4771 τῆς
738 4699 1014 4770 σωτηρίας
1042 4698 1262 4770 ἐκείνης
1296 4700 1445 4766 ἵσον;
1478 4700 1531 4753 τί
1571 4700 1672 4771 τῆς
1706 4717 1909 4770 παρου-

313 4784 436 4848 σίας
475 4781 690 4852 ἐκείνης
734 4780 1187 4854 χρησιμώτερον;
1234 4782 1348 4835 ἀλλ’
1388 4782 1526 4854 αὕτη
1561 4785 1595 4854 ἡ
1631 4784 1905 4855 παρουσία

310 4869 344 4940 ἡ
379 4867 755 4939 σωτηριώδης,
786 4869 820 4938 ἡ
851 4865 1122 4938 χρησίμη,
1158 4865 1372 4930 πολλοῖς
1404 4868 1692 4941 προσθήκη
1740 4868 1903 4923 κολά-

311 4970 450 5018 σεως
494 4953 746 5022 γέγονεν·
799 4954 906 5017 Είς
952 4949 1139 5019 κρῖμα
1170 4949 1302 5019 γὰρ,
1338 4952 1525 5021 φησιν,
1560 4952 1677 5023 ἐγὼ
1713 4950 1905 5024 ἦλθον

306 5038 398 5102 εὶς
430 5035 566 5089 ιτόν
612 5036 849 5104 κόσμον
884 5031 1124 5095 τοῦτον,
1177 5032 1279 5086 ἵνα
1327 5036 1382 5088 οἱ
1427 5034 1516 5104 μὴ
1562 5035 1905 5105 ,βλέποντες

312 5118 609 5189 βλάψωσι,
640 5119 740 5173 καὶ
770 5120 825 5174 οἱ
855 5117 1202 5183 ,βλέποντες
1234 5118 1455 5188 τυφλοί
1492 5120 1803 5188 γένωνται.
1833 5124 1900 5177 Τί

309 5201 526 5272 λέγεις;
568 5203 632 5258 τὸ
678 5202 796 5274 φῶς
840 5200 1147 5274 πηρώσεως
1193 5202 1366 5256 αἴτιον
1416 5204 1678 5273 γέγονεν;
1731 5207 1807 5260 Οὐ
1841 5208 1903 5261 τὸ

312 5285 427 5355 φῶς
463 5285 765 5358 πηρώσεως
802 5287 974 5343 αἴτιον
1004 5285 1248 5355 γέγονεν,
1292 5286 1407 5341 ἀλλ’
1434 5290 1469 5360 ἡ
1504 5289 1759 5346 ἀσθένεια
1792 5294 1902 5347 τῶν

307 5368 605 5441 ὀφθαλμῶν
637 5369 738 5440 τῆς
769 5369 952 5443 ψυχῆς
977 5370 1040 5425 :6
1076 5369 1194 5440 φῶς
1224 5371 1587 5437 ὑποδέξασθαι
1617 5375 1720 5429 οὐκ
1756 5375 1902 5449 ἴσχυ-

324 5470 438 5509 σεν.
495 5450 647 5518 Εῐδες
691 5456 774 5510 ὅτι
814 5457 1048 5529 ἀσθενὴς
1103 5459 1366 5513 πάντοθεν
1418 5458 1746 5529 βλάπτεται,
1779 5464 1809 5516 6
1852 5463 1912 5520 δὲ

325 5541 547 5614 ἰσχυρὸς
591 5542 856 5598 πάντοθεν
883 5545 1209 5613 ὠφελεῖταις
1247 5545 1529 5618 Πανταχοῦ
1562 5547 1671 5621 γὰρ
1702 5552 1737 5621 ἡ
1771 5567 1910 5622 προ-

320 5628 534 5700 αίρεσις
577 5630 761 5697 αἰτία,
820 5632 1094 5702 πανταχοῦ
1134 5635 1168 5705 ἡ
1216 5634 1411 5706 γνώμη
1461 5637 1656 5707 κυρία·
1700 5638 1827 5692 ἐπεὶ
1878 5641 1910 5693 6

319 5715 585 5783 διάϐολος,
609 5720 657 5771 εἰ
695 5718 871 5788 βούλει
909 5719 1122 5791 μαθεῖν,
1150 5723 1245 5777 καί⁵
1278 5724 1549 5796 χρήσιμος
1574 5727 1705 5797 ἡμῖν
1734 5727 1903 5794 ἐστιν,

322 5804 419 5858 ἐάν
458 5805 537 5870 εἰς
571 5806 690 5860 δέον
731 5806 881 5878 αὐτῷ
923 5808 1220 5881 χρώμεθα,
1268 5812 1364 5866 καὶ
1401 5813 1469 5867 τά
1511 5815 1721 5885 μεγάλα
1757 5817 1906 5888 ἡμᾶς

320 5890 557 5963 ὠφελεῖ,
588 5895 683 5952 καὶ
717 5896 1068 5972 κερδαίνομεν
1107 5899 1169 5954 οὐ
1212 5900 1280 5957 τά
1318 5902 1564 5975 τυχόντα.
1604 5905 1730 5982 Καὶ-
1748 5906 1904 5962 τοῦτο

1337 417 1425 478 DE
1463 420 1762 479 DIABOLO
1802 421 2227 482 TENTATORE
2266 423 2501 482 llOMlL.
2542 422 2609 481 11.

3535 423 3642 481 96⁸2

2045 541 2328 613 ἐδείξαμεν
2376 540 2667 596 πολλοστὸν
2723 540 2817 597 καὶ
2869 540 2978 621 ἀπὸ
3010 536 3104 593 τοῦ
3140 537 3259 593 Ἰώϐ
3284 555 3296 567 ·
3349 536 3528 605 ἔξεστι
3574 540 3639 594 δέ

2046 634 2142 687 καὶ
2176 633 2287 688 ἀπὸ
2312 632 2407 686 τοῦ
2448 633 2659 687 Παύλου
2708 634 2901 705 μαθεῖν
2926 651 2941 665 ·
2990 633 3120 705 περί
3163 631 3274 704 γάρ
3302 630 3398 686 τοῦ
3430 648 3637 703 πεπορ‹

2044 717 2298 781 νευκότος
2329 717 2558 789 γράφων
2584 717 2727 772 οὕτω
2756 718 2907 787 λέγει
2923 735 2937 749 ·
2978 716 3283 787 Παράδοτε
3308 717 3418 771 τὸν
3444 719 3639 773 τοιοῦ-

2042 816 2151 852 τον
2186 798 2267 865 τῷ
2298 798 2538 867 Σατανᾷ
2572 803 2660 867 εἰς
2691 801 2944 869 ὄλεθρον
2992 799 3106 869 τῆς
3135 800 3381 868 σαρκὸς,
3427 801 3528 854 Ira
3568 802 3637 856 τὸ

2041 883 2279 951 πνεῦμα
2326 882 2515 951 σωθῇ.
2559 883 2689 937 Ἰδοὺ
2741 884 2837 938 καὶ
2887 884 3162 955 σωτηρίας
3214 883 3386 947 αῐτιος
3433 886 3464 938 6
3516 885 3636 939 διά-

2042 963 2195 1028 ϐολος
2222 965 2469 1034 γέγονεν,
2496 966 2613 1019 ἀλλ’
2640 967 2701 1020 ού
2730 967 2881 1039 παρά
2909 966 3007 1038 τὴν
3040 967 3202 1024 αὐτοῦ
3227 965 3474 1038 γνώμην,
3500 967 3637 1022 ἀλλά

2041 1047 2559 1144 παράιτὴνῶτέχνην
2599 1049 2695 1144 τοῦ
2735 1049 3086 1144 Ἀποστόλρυ.
3115 1050 3403 1144 βαθάὶπερ
3442 1051 3553 1144 γάρ
3567 1052 3655 1144 ὀί,

2043 1132 2218 1202 ἰατροὶ
2250 1132 2465 1203 ἐχίδνας
2514 1134 2887 1205 λαμϐάνοντες
2929 1136 3025 1189 καί⁵
3072 1133 3142 1188 τὰ
3192 1134 3413 1207 ὀλέθρια
3454 1132 3655 1195 αὐτῶνῖ

2038 1214 2439 1285 ἀποτέμνοντες
2509 1218 2679 1289 μέλη,
2733 1218 2805 1271 τά
2854 1217 3097 1289 θηριακὰ
3156 1219 3635 1285 κατασκευάζουσι

2039 1298 2342 1370 φάρμακα·
2375 1298 2519 1353 οῦτω
2553 1301 2650 1354 καὶ
2689 1303 2718 1354 6
2750 1301 2965 1365 Παῦλος
3008 1301 3265 1373 ἐποίησεν
3286 1319 3301 1333 ·
3339 1303 3463 1357 ὅσον
3496 1304 3635 1375 χρή-

2039 1398 2199 1453 σιμον
2244 1381 2315 1454 ἦν
2363 1384 2473 1438 ἀπὸ
2519 1385 2620 1455 τῆς
2652 1385 2931 1449 κολάσεως
2962 1386 3060 1457 τῆς
3102 1387 3451 1459 ἐπαγομένης
3480 1389 3634 1460 παρὰ

2035 1465 2131 1520 τοῦ
2157 1466 2411 1521 διαϐόλου
2451 1466 2656 1530 λαϐὼν,
2681 1468 2743 1522 τὸ
2777 1468 2965 1522 λοιπὸν
3000 1470 3203 1523 εἴασεν.
3231 1472 3349 1524 Ἵνα
3375 1470 3485 1542 γάρ
3526 1471 3631 1542 μά-

2037 1549 2159 1622 θῃς,
2203 1549 2289 1605 ὅτι
2320 1549 2420 1621 οὐχ
2450 1552 2479 1604 ὁ
2510 1550 2760 1615 διάϐολος
2809 1552 2909 1623 τῆς
2961 1552 3239 1624 σωτηρίας
3283 1553 3477 1617 αῐτιος,
3513 1552 3629 1607 ἀλλ’

2036 1632 2301 1688 ἀπολέσαι
2351 1635 2446 1688 τὸν
2490 1634 2777 1707 ἄνθρωπον
2821 1634 2918 1687 καὶ
2956 1639 3247 1688 καταπιεῖν
3284 1636 3569 1707 ἠπείγετο,
3602 1639 3632 1689 6

2034 1714 2090 1767 δὲ
2139 1715 2459 1781 Ἀπόστολος
2495 1716 2586 1771 διὰ
2629 1718 2731 1789 τῆς
2774 1717 2941 1772 αὑτοῦ
2992 1718 3186 1787 σοφίας
3230 1720 3331 1790 τὴν
3370 1719 3573 1791 λαίμην
3601 1730 3631 1760 ι

2035 1796 2186 1870 [265]
2226 1798 2506 1870 ἐνέκοψεν,
2536 1800 2770 1855 ἄκουσον
2802 1804 2860 1855 ἐν
2888 1803 2954 1873 τῇ
2995 1801 3225 1875 δευτέρᾳ
3251 1806 3316 1875 τῇ
3353 1803 3493 1873 πρὸς
3526 1804 3633 1856 Κο-

2034 1881 2275 1951 ρινθίους
2319 1881 2607 1955 Ἐπιστολῇ
2646 1884 2700 1937 τί
2746 1902 2880 1956 φησι
2917 1884 3048 1957 περὶ
3088 1885 3254 1939 αὐτοῦ
3282 1885 3379 1939 τοῦ
3423 1903 3632 1957 πεπορ-

2032 1965 2318 2029 νευκότος·
2349 1967 2671 2038 Κυρώσατε
2714 1970 2803 2033 εἰς
2838 1969 3029 2023 αὐτὸν
3065 1969 3331 2040 ἀγάπην,
3368 1969 3455 2039 μή
3502 1986 3630 2035 πως

2030 2046 2108 2115 τῇ
2147 2053 2549 2121 περισσοτέρᾳ
2580 2054 2748 2121 λύπῃ
2794 2052 3106 2122 καταποθῇ
3136 2056 3169 2106 ό
3205 2049 3496 2119 τοιοῦτος,
3526 2052 3630 2106 καὶ

2031 2136 2568 2206 πλεονεκτηθῶμεν
2613 2137 2736 2192 ὑπὸ
2790 2136 2898 2191 τοῦ
2947 2134 3218 2192 Σατανᾶ·
3271 2136 3627 2208 προεξαρπά-

2033 2231 2216 2285 σωμεν
2260 2218 2361 2288 τῆς
2422 2220 2710 2289 φάρυγγος
2768 2220 2864 2272 τοῦ
2916 2219 3109 2291 θηρίου
3158 2221 3250 2273 τὸν
3316 2218 3625 2291 ἄνθρωπον,

2032 2300 2215 2368 φησίν.
2265 2301 2353 2365 Ὠς
2383 2303 2493 2375 γάρ
2537 2303 2719 2374 δημίῳ
2756 2302 3021 2368 πολλάκις
3068 2305 3341 2376 ἐχρήσατο
3387 2302 3467 2374 τῷ
3509 2302 3629 2358 δια·-

2030 2382 2171 2453 ϐόλῳ
2201 2386 2231 2438 6
2270 2385 2622 2451 Ἀπόστολος·
2653 2390 2701 2440 οί
2730 2386 2787 2440 δὲ
2820 2384 3008 2458 δήμιοι
3041 2388 3334 2454 κολάζουσι
3372 2388 3469 2457 μὲν
3496 2387 3627 2452 τοὺς

2029 2466 2441 2538 ἡμαρτηκότας,
2480 2469 2542 2523 ού
2598 2471 2705 2541 μὴν
2743 2471 2867 2524 ὅσον
2909 2472 3225 2541 βούλονται,
3280 2472 3396 2525 ἀλλ’
3422 2472 3544 2524 ὅσον
3575 2471 3625 2523 οἱ

2027 2551 2341 2617 δικάζοντες
2384 2554 2811 2626 ἐπιτρέπουσιν·
2846 2549 3003 2620 οὗτος
3040 2556 3151 2626 γὰρ
3191 2555 3389 2627 δημίου
3436 2554 3624 2625 νόμος,

2027 2632 2105 2702 τῷ
2137 2635 2369 2707 νεύματι
2404 2637 2501 2690 τοῦ
2545 2637 2804 2691 δικαστοῦ
2852 2639 3194 2711 προσέχοντα
3239 2638 3621 2709 τιμωρεῖσθαι.

2028 2712 2182 2782 Εἶδες
2220 2720 2299 2784 εἰς
2326 2719 2449 2774 ὅσον
2477 2720 2697 2792 ἀξίωμα
2724 2721 2894 2793 ἀνέϐη
2918 2723 2947 2774 6
2979 2721 3336 2787 Ἀπόστολος;
3373 2721 3431 2775 ὐ
3464 2720 3629 2792 σῶμα

2029 2804 2412 2876 περικείμενος
2438 2805 2517 2875 τῷ
2551 2806 2834 2878 ἀσωμάτῳ
2866 2807 2942 2870 ὡς
2986 2806 3167 2877 δημίῳ
3208 2807 3498 2877 ἐχρήσατο,
3531 2807 3627 2859 καὶ

2026 2884 2165 2958 ὅπερ
2198 2889 2226 2941 6
2263 2888 2437 2951 κοινὸς
2476 2891 2759 2962 Δεσπότης
2796 2889 2946 2959 λέγει
2984 2890 3065 2961 τῷ
3113 2890 3345 2961 διαϐόλῳ
3371 2887 3626 2960 περὶτοῦ

2039 2968 2183 3035 Ἰὼϐ,
2221 2972 2618 3043 παραγγέλλων
2653 2973 2850 3039 οὕτως,
2885 2973 3064 3043 Ἄψαι
3102 2974 3216 3041 τῆς
3248 2973 3479 3043 σαρκὸς
3520 2975 3629 3027 αὑ-

2026 3054 2156 3115 τοῦ,
2219 3056 2391 3123 πλὴν
2449 3054 2559 3123 τῆς
2610 3056 2825 3127 ψυχῆς
2876 3058 3065 3112 αὐτοῦ
3119 3058 3199 3125 μὴ
3262 3057 3421 3126 ἅψῃ,
3463 3058 3624 3129 ὅρους

2026 3137 2179 3207 αὐτῷ
2209 3138 2389 3202 διδοὺς
2423 3139 2521 3193 καί
2556 3140 2734 3211 μέτρα
2766 3140 3073 3212 τιμωριῶν,
3107 3141 3193 3193 ἵνα
3229 3141 3305 3213 μὴ
3351 3141 3625 3212 προπετὲς

2025 3218 2086 3273 ὃν
2115 3220 2179 3273 τὸ
2208 3220 2397 3292 θηρίον
2426 3223 2915 3293 ἀναισχυντότερον
2951 3224 3292 3296 ἐπιπηδήσῃ,
3329 3224 3489 3277 τοῦτο
3527 3225 3624 3277 καὶ

2025 3304 2054 3355 ὁ
2093 3304 2419 3370 Ἀπόστολος
2451 3309 2629 3360 ποιεῖ·
2668 3306 2945 3378 παραδοὺς
2974 3306 3085 3378 γάρ
3114 3306 3263 3378 αὐτῷ
3292 3307 3381 3361 τὸν
3417 3324 3624 3378 πεπορ-

2025 3388 2289 3452 νευκότα,
2333 3389 2521 3460 φησίν·
2569 3392 2675 3456 Εἰς
2734 3389 2991 3459 ὄλεθρον
3022 3389 3134 3460 τῆς
3179 3391 3443 3459 σαρκός·
3476 3390 3621 3444 τοῦτ’

2026 3468 2164 3538 ἔστι,
2214 3471 2330 3541 Τῆς
2372 3473 2585 3543 ψυχῆς
2609 3472 2805 3528 αὐτοῦ
2831 3474 2919 3544 μὴ
2948 3473 3098 3543 ἅψῃ.
3136 3469 3289 3538 Εἶδες
3334 3473 3622 3529 αὐθεντίαν

2023 3555 2269 3620 οἰκέτου;
2310 3556 2401 3628 Μὴ
2432 3556 2611 3610 τοίνυν
2641 3556 2810 3626 φοϐοῦ
2839 3560 2931 3611 τὸν
2958 3557 3225 3622 διάϐολον,
3256 3556 3359 3611 κᾶν
3392 3556 3621 3628 ἀσώμα-

2023 3654 2114 3702 τος
2246 3640 2622 3712 προσέκρουσε
2662 3643 2798 3710 γάρ·
2829 3642 2983 3695 οὐδὲν
3022 3642 3079 3696 δέ
3114 3641 3209 3696 τοῦ
3243 3659 3624 3714 προσκεκρουσ

2023 3721 2179 3785 κότος
2210 3722 2619 3797 ἀσθενέστερον,
2656 3725 2761 3779 κᾶν
2803 3727 2879 3799 μὴ
2918 3725 3078 3798 σῶμα
3119 3727 3505 3800 περικείμενος

2021 3804 2213 3878 ὥσπερ
2258 3802 2352 3860 οῦν
2404 3808 2559 3863 οὐδὲν
2592 3809 2687 3862 τοῦ
2734 3811 3052 3881 παρρησίαν
3086 3810 3303 3882 ἔχοντος
3341 3811 3621 3885 ἰσχυρότε-

2026 3907 2139 3960 ρον,
2169 3889 2273 3944 κᾶν
2316 3890 2476 3963 σῶμα
2507 3893 2784 3966 περιφέρῃ
2810 3894 3027 3967 θνητόν.

2091 4054 2153 4103 ε’.
2188 4048 2376 4104 Ταῦτά
2413 4067 2503 4120 μοι
2543 4049 2721 4104 πάντα
2743 4049 2960 4122 εἴρηται
2984 4049 3103 4115 νῦν,
3133 4052 3231 4122 οὐχ
3263 4052 3354 4107 ἵνα
3382 4052 3475 4107 τὸν
3497 4052 3617 4109 διά-

2019 4132 2177 4186 ϐολον
2228 4133 2595 4206 ἐγκλημάτων
2640 4134 2956 4199 ἀπαλλάξω,
3010 4135 3242 4190 ἀλλ’ἵνα
3277 4137 3420 4208 ὑμᾶς
3464 4137 3618 4190 ἐλευ-

2019 4216 2248 4289 θερώσω
2290 4218 2392 4288 τῆς
2447 4218 2741 4289 ῥᾳθυμίας.
2790 4219 2903 4273 Καὶ
2955 4220 3063 4289 γὰρ
3110 4220 3317 4292 σφόδρα
3364 4220 3617 4291 βούλεται

2017 4300 2223 4364 ἐκεῖνος
2253 4300 2361 4354 τῶν
2391 4300 2675 4373 ἡμετέρων
2706 4301 3126 4373 ἁμαρτημάτων
3156 4303 3242 4355 ἐπ’
3268 4304 3431 4358 αὐτὸν
3460 4306 3616 4375 ἄγειν

2014 4384 2115 4454 τὴν
2147 4385 2351 4449 αἰτίαν,
2384 4386 2471 4439 ἵνα
2511 4384 2739 4449 ταύταις
2773 4387 2893 4449 ταῖς
2918 4386 3103 4439 ἐλπίσι
3133 4388 3482 4459 τρεφόμενοι,
3517 4393 3617 4447 καὶ

2015 4470 2125 4521 πᾶν
2164 4464 2302 4531 εἶδος
2339 4468 2538 4531 κακίας
2568 4468 2836 4532 ἐπιόντες,
2875 4468 3079 4540 πολλὴν
3120 4469 3450 4543 αὐξήσωμεν
3489 4474 3613 4529 καθ’

2015 4552 2228 4606 ἑαυτῶν
2265 4552 2365 4623 τὴν
2394 4552 2643 4618 κόλασιν,
2670 4552 2934 4623 οὐδεμιᾶς
2968 4556 3334 4626 τυγχάνοντες
3368 4557 3617 4627 συγγνώ-

2017 4652 2127 4707 μης
2178 4635 2289 4690 ἀπὸ
2334 4634 2429 4688 τοῦ
2486 4635 2838 4706 μετατιθέναι
2882 4636 2971 4693 ἐπ’
3015 4639 3180 4692 αὐτὸν
3241 4639 3341 4711 τὴν
3397 4642 3610 4696 αἰτίαν·

2013 4717 2205 4792 ὥσπερ
2230 4714 2324 4773 οῦν
2362 4718 2486 4773 οὐδὲ
2515 4720 2549 4790 ἡ
2580 4717 2695 4773 Εὔα
2727 4720 2938 4791 ἔτυχεν.
2974 4721 3117 4776 Ἀλλ’
3142 4725 3310 4795 ἡμεῖς
3342 4723 3418 4795 μὴ
3453 4725 3615 4780 τοῦτο

2012 4801 2280 4873 ποιῶμεν,
2330 4802 2448 4856 ἀλλ’
2496 4802 2815 4875 ἐπιγνῶμεν
2861 4804 3130 4871 ἑαυτοὺς,
3177 4806 3494 4878 ἐπιγνῶμεν
3542 4808 3613 4863 τά

2011 4886 2340 4959 τραύματα·
2388 4885 2535 4941 οὕτω
2573 4886 2685 4959 γάρ
2736 4888 2832 4941 καὶ
2882 4888 2953 4943 τά
3008 4889 3286 4961 φάρμακα
3335 4892 3613 4946 ἐπιθεῖναι

2010 4970 2391 5042 δυνησόμεθα·
2443 4972 2475 5025 6
2520 4970 2630 5052 γάρ
2693 4974 2795 5042 τὴν
2859 4971 3018 5026 νόσον
3079 4973 3290 5042 ἀγνοῶν
3349 4975 3613 5047 οὐδεμίαν

2011 5057 2300 5127 ποιήσεται
2357 5054 2457 5126 τῆς
2503 5055 2820 5127 ἀρῤωστίας
2869 5056 3213 5127 ἐπιμέλειαν.
3258 5059 3610 5133 Ἥμάρτομεν

2010 5140 2213 5194 πολλά.
2248 5134 2367 5193 οῖδα
2399 5138 2588 5208 κάγώ·
2620 5138 2822 5205 πάντες
2852 5142 2961 5211 γάρ
2987 5143 3154 5213 ἐσμεν
3177 5144 3236 5198 ἐν
3271 5147 3570 5218 ἐπιτιμίοις
3590 5166 3607 5181 ·

2009 5222 2126 5278 ἀλλ’
2164 5222 2266 5275 οὐκ
2304 5222 2734 5293 ἀπεστερήμεθα
2780 5224 3138 5299 συγγνώμης,
3185 5229 3308 5283 οὐδὲ
3350 5230 3610 5296 ἐξεπέσο.

2010 5323 2113 5379 μεν
2150 5306 2470 5376 μετανοίας·
2500 5304 2581 5359 ἔτι
2607 5305 2719 5379 γάρ
2754 5309 2812 5362 ἐν
2840 5308 2920 5381 τῷ
2954 5311 3244 5384 σκάμματι
3270 5315 3607 5386 ἑστήκαμεν,

2009 5391 2104 5445 καὶ
2140 5391 2198 5444 ἐν
2223 5393 2333 5455 τοῖς
2379 5389 2556 5460 ἀγῶσι
2586 5390 2685 5461 τῆς
2722 5394 3015 5463 μετανοίας
3048 5397 3240 5468 ἐσμέν.
3279 5397 3465 5468 Γέρων
3498 5394 3551 5452 εἴ
3575 5400 3605 5440 δ

2008 5474 2104 5529 καί⁷
2137 5474 2274 5546 πρὸς
2302 5473 2402 5546 τὴν
2434 5473 2672 5545 ἐσχάτην
2716 5476 3043 5549 ἀπήντηκας
3080 5478 3294 5546 ἐξοδον;
3329 5478 3421 5549 Μὴ
3445 5482 3597 5551 νομί-

2010 5572 2110 5629 σῃς
2143 5556 2280 5631 μηδέ
2307 5556 2482 5622 οὕτως
2508 5559 2926 5615 ἐκπεπτωκέναι
2960 5562 3273 5633 μετανοίας,
3307 5562 3443 5635 μηδὲ
3472 5564 3604 5621 ἀπο-

2069 5774 2322 5838 ξΒεεηει
2345 5773 2485 5826 Colb.
2510 5773 2681 5838 λύμην,
2704 5777 2962 5838 mendose,

2004 5835 2219 5962 Ρθῖιῗξᾱ
2244 5836 2367 5903 Reg.
2417 5842 2472 5887 ει
2496 5835 2635 5890 Colb.
2671 5846 2829 5891 recte.
2857 5837 2985 5892 Edil.
3034 5840 3206 5893 Morel.
3243 5843 3453 5909 nymd',
3478 5860 3597 5912 per-
