4066 6426
232 292 360 351 ⁸265

241 408 561 470 excidisse;
593 416 767 473 neque
790 397 860 457 tle
886 408 972 455 tua
1002 398 1175 455 salute
1196 395 1453 465 desperes
1486 429 1500 454 ,
1543 390 1640 446 sed
1695 384 1835 441 latro

252 502 360 555 tibi
387 499 568 554 veniat
595 498 647 553 in
678 505 929 559 mentem,
962 492 1053 564 qui
1083 492 1133 546 in
1161 505 1320 546 cruce
1348 488 1592 542 libertate
1616 483 1841 538 donatus

243 604 360 651 est.
390 590 525 661 Quid
549 589 690 645 enim
713 586 926 643 brevius
943 585 1028 640 illa
1049 584 1199 644 hora,
1229 582 1280 637 in
1297 595 1400 651 qua
1424 584 1707 633 coronatus
1722 572 1843 627 est?

246 694 492 739 attamen
513 682 625 736 hinc
645 683 804 735 etiam
833 678 906 732 illi
928 675 992 731 ad
1014 675 1239 730 salutem
1262 668 1488 726 suffecit.
1516 667 1735 724 Juvenis
1749 663 1843 719 es?

245 776 366 832 noli
387 772 656 829 conlidere
676 768 966 843 juventuti,
996 781 1093 822 nec
1108 764 1380 822 existimes
1402 761 1617 831 longum
1640 766 1693 812 te
1720 756 1842 810 vita:

248 869 489 940 spatium
535 866 838 922 habiturum
872 882 887 919 :
940 860 1060 916 Dies
1100 860 1234 914 enim
1278 855 1486 911 Domini
1512 854 1641 909 sicut
1678 851 1765 922 fur
1788 850 1842 904 in

241 971 421 1029 nocte,
447 961 520 1014 ita
540 958 701 1014 ueniet
734 956 812 1028 (l.
836 954 1014 1009 Thess.
1054 953 1109 1008 5.
1153 951 1231 1021 2).
1261 949 1547 1019 Propterea
1579 945 1840 999 incertum

243 1054 408 1111 nobis
438 1053 639 1108 obitum
667 1049 917 1111 reddidit.
954 1055 1011 1102 ut
1054 1053 1258 1100 certum
1285 1041 1519 1097 studium
1548 1054 1611 1094 ac
1640 1036 1840 1092 sollici-

241 1145 497 1201 tudinem
528 1142 897 1197 adhibeamus.
926 1136 1045 1192 Non
1086 1135 1232 1190 vides
1259 1148 1374 1196 eos,
1403 1131 1491 1202 qui
1522 1138 1843 1201 prrcmaturo

242 1236 301 1293 in
336 1235 455 1289 dies
498 1234 643 1289 obitu
678 1228 1061 1301 abripiuntur?
1100 1227 1297 1281 idcirco
1322 1225 1575 1279 admonet
1601 1219 1837 1292 quidam,

243 1329 379 1384 Non
422 1328 590 1382 tardes
617 1325 835 1380 converti
864 1325 931 1378 ad
953 1322 1246 1384 Dominum,
1271 1329 1316 1373 et
1351 1334 1413 1371 ne
1441 1313 1648 1383 dilferas
1674 1313 1738 1366 de
1762 1311 1843 1366 die

250 1424 307 1477 in
339 1421 476 1475 diem
505 1419 692 1494 (Eccli.
721 1420 773 1473 5.
799 1417 902 1486 8.),
934 1432 1002 1470 ne
1029 1414 1185 1478 forte,
1209 1411 1335 1467 dum
1375 1407 1663 1473 cunctaris,
1710 1419 1839 1460 con-

242 1512 464 1569 teraris.
489 1509 801 1565 Adhortatio
832 1509 922 1562 illa
957 1506 1071 1561 seni
1101 1503 1419 1559 adhibeatur
1445 1518 1459 1565 ;
1498 1499 1600 1554 hac
1627 1496 1842 1569 juvenis

239 1603 619 1658 admonitione
664 1601 939 1655 doceatur.
984 1599 1055 1653 At
1100 1597 1153 1651 in
1185 1605 1297 1650 luto
1334 1593 1585 1654 versaris,
1627 1600 1681 1644 et
1709 1590 1841 1644 divi-

242 1695 337 1750 tiis
363 1693 544 1748 afﬂuis
576 1710 591 1759 ;
623 1692 859 1762 pecuniis
888 1689 1176 1751 redundas,
1208 1702 1380 1757 neque
1411 1686 1533 1739 mali
1564 1684 1654 1738 tibi
1682 1682 1839 1769 quid-

236 1801 410 1858 quam
437 1782 673 1839 accidit?
712 1798 897 1838 verum
941 1780 1087 1845 audi,
1112 1778 1237 1851 quid
1265 1779 1410 1833 dicat
1441 1775 1639 1831 Paulus
1671 1791 1684 1827 :
1713 1770 1839 1829 Cum

236 1879 473 1933 dixerint
502 1893 676 1947 pacem
726 1887 773 1931 et
794 1873 1209 1947 tranquillitatem
1236 1913 1251 1938 ,
1282 1880 1398 1923 tunc
1446 1867 1737 1938 repentinus
1768 1867 1839 1919 eis

235 1972 564 2042 superueniet
604 1970 839 2024 interitus
878 1969 957 2039 (l.
984 1964 1164 2020 Thess.
1197 1965 1251 2020 5.
1281 1960 1359 2035 '5).
1391 1961 1554 2016 Multa
1596 1958 1840 2014 laborant

235 2064 618 2121 vicissitudine
655 2077 718 2116 ac
760 2059 1055 2115 mutatione
1080 2072 1167 2113 res
1219 2056 1466 2110 humana:
1498 2071 1512 2107 :
1541 2067 1648 2108 non
1677 2060 1758 2106 est
1785 2051 1837 2106 in

237 2165 517 2230 potestate
586 2164 767 2209 nostra
834 2152 1046 2216 obitus,
1095 2150 1166 2205 sit
1224 2148 1279 2202 in
1346 2155 1607 2218 potestate
1657 2157 1839 2201 natura

236 2251 420 2305 virtus
454 2265 469 2302 :
508 2248 769 2317 benignus
793 2253 877 2300 est
906 2244 1161 2299 Dominus
1188 2250 1369 2297 noster
1399 2240 1660 2297 Christus.

310 2343 367 2399 6.
411 2340 643 2414 Quinque
669 2339 975 2411 paenitentia:
1003 2338 1116 2392 vita.
1141 2366 1215 2378 ——
1251 2334 1425 2389 Vultis
1464 2333 1625 2388 etiam
1660 2332 1834 2402 panti-

237 2434 433 2491 leutiae
459 2433 571 2487 vias
595 2429 1051 2487 commemorem?
1075 2427 1250 2483 Multa:
1276 2441 1406 2481 sane
1434 2434 1560 2480 sunt.
1588 2424 1708 2488 ilhc,
1746 2439 1838 2477 va-

233 2528 335 2582 ria:
396 2538 465 2580 ac
526 2524 874 2588 dill‘erentes,
927 2530 983 2577 et
1034 2535 1222 2575 onmes
1269 2518 1335 2574 ad
1386 2518 1575 2573 cznlum
1616 2516 1835 2571 ducunt.

236 2619 425 2675 Prima
453 2627 535 2674 est
551 2616 878 2693 pmuitentim
899 2617 982 2671 via
1003 2615 1275 2670 damnatio
1312 2623 1650 2683 peccatorum
1683 2627 1697 2664 :
1742 2609 1840 2663 Die

235 2713 379 2768 enim
413 2721 464 2766 tu
494 2717 688 2781 primus
716 2716 926 2780 peccata
971 2717 1060 2761 tua
1086 2748 1104 2774 ,
1135 2716 1190 2760 ut
1207 2705 1505 2777 jnsti/iceris
1536 2705 1553 2774 (
1583 2702 1712 2756 Isai.
1744 2702 1834 2757 45.

238 2805 359 2877 26).
390 2805 681 2873 Propterea
709 2815 928 2872 quoque
962 2798 1180 2855 dicebat
1211 2798 1472 2867 propheta
1501 2813 1515 2849 :
1548 2794 1691 2862 Dixi,
1713 2811 1837 2864 pro-

237 2893 490 2952 nuntiabo
544 2893 806 2946 adversum
828 2906 907 2943 me
929 2888 1230 2959 injustitiam
1252 2903 1413 2940 meam
1438 2884 1677 2950 Domino,
1708 2893 1754 2939 et
1782 2894 1837 2938 tu

238 2989 490 3047 remisisti
509 2987 815 3057 impietatem
841 2983 1010 3037 cordis
1031 2981 1130 3035 mei
1157 2981 1173 3049 (
1206 2979 1349 3034 Psal.
1382 2981 1470 3036 51.
1499 2979 1532 3034 5
1563 2984 1602 3050 ).
1636 2979 1836 3033 Damna

238 3084 410 3154 igitur
439 3089 494 3135 et
516 3089 568 3133 tu
599 3094 685 3143 ea,
717 3077 770 3131 in
804 3077 997 3146 quibus
1024 3075 1253 3144 peccasti
1286 3090 1300 3126 :
1343 3073 1446 3128 hoc
1477 3073 1699 3127 Domino
1720 3070 1837 3127 suf-

240 3173 360 3228 ﬁcit
389 3171 457 3224 ad
479 3168 886 3224 excusationem
923 3184 935 3220 :
962 3166 1050 3237 qui
1080 3166 1224 3219 enim
1248 3181 1310 3220 ea
1339 3165 1599 3231 damnat,
1629 3164 1681 3218 in
1712 3162 1836 3234 qui-

240 3261 351 3317 bus
381 3261 658 3328 peccavit,
689 3259 894 3313 tardius
932 3256 986 3311 in
1023 3256 1212 3313 eadem
1259 3270 1444 3311 rursus
1486 3254 1712 3310 incidit:
1743 3253 1842 3308 do-

239 3352 530 3408 mesticum
578 3359 942 3405 accusatorem
966 3349 1139 3403 excitu
1168 3347 1548 3403 conscientiam
1578 3355 1744 3401 tuam.
1773 3360 1839 3401 ne

240 3452 618 3500 accusatorem
646 3442 752 3497 illic
777 3442 974 3497 habeas
993 3456 1173 3496 coram
1194 3440 1398 3495 Domini
1423 3439 1689 3495 tribunali.
1712 3438 1839 3494 llaec

239 3539 412 3608 igitur
437 3550 538 3589 una
566 3544 649 3589 est
697 3535 896 3603 eptima
942 3533 1268 3603 poenitentiae
1298 3532 1380 3587 via
1406 3549 1421 3598 ;
1449 3532 1625 3587 adhuc
1657 3542 1836 3587 autem

241 3639 298 3686 et
325 3629 500 3683 altera
527 3636 608 3682 est
657 3626 822 3681 nihilo
876 3625 1095 3680 inferior
1123 3625 1221 3679 ista
1246 3666 1260 3686 .
1298 3633 1353 3678 ut
1403 3633 1740 3693 acceptarum
1770 3624 1838 3679 ab

236 3720 483 3781 inimicis
537 3718 848 3788 injuriarum
909 3731 1175 3771 memores
1217 3730 1324 3770 non
1372 3717 1579 3783 simus,
1636 3724 1693 3769 ut
1744 3715 1838 3769 ira:

243 3813 603 3883 imperemus,
631 3819 691 3865 ut
713 3824 1097 3866 conservorum
1130 3817 1343 3878 peccata
1371 3808 1737 3864 dimittamus:
1762 3809 1840 3863 sic

247 3905 397 3960 enim
430 3913 486 3959 et
519 3918 639 3973 qum
670 3901 723 3957 in
755 3902 1038 3957 Dominum
1080 3901 1368 3955 commissa
1396 3900 1625 3965 fuerint,
1656 3900 1838 3954 dimit-

244 4002 477 4049 tentur:
520 4008 586 4047 en
632 3992 858 4047 alteram
880 3992 1042 4046 etiam
1084 3999 1422 4059 peccatorum
1453 3990 1835 4058 expiationem.

243 4084 304 4141 Si
331 4086 470 4139 enim
500 4082 812 4149 dimiseritis,
840 4082 1030 4153 inquit,
1064 4081 1370 4136 debitoribus
1397 4082 1593 4147 uestris,
1624 4082 1841 4136 dimittet

239 4192 289 4235 et
318 4176 460 4230 vobis
497 4172 660 4227 Pater
702 4183 864 4228 vester
906 4172 1158 4243 cwlestis(
1191 4172 1378 4227 Matth.
1401 4172 1455 4227 6.
1502 4173 1571 4228 14
1597 4176 1636 4241 ).
1670 4172 1758 4227 Vis
1785 4181 1842 4229 et

244 4270 463 4323 tertiam
502 4267 831 4337 poenitentiae
868 4267 1007 4320 viam
1053 4265 1300 4322 discere?
1339 4266 1522 4321 Oratio
1550 4267 1760 4322 fervens
1787 4276 1842 4324 et

243 4370 538 4425 accurata,
588 4367 750 4430 atque
797 4374 862 4414 ex
910 4358 1100 4413 intimo
1145 4357 1314 4414 corde
1347 4375 1690 4427 promauans.
1718 4359 1836 4416 Non

244 4463 301 4508 tu
336 4455 557 4509 viduam
591 4453 734 4507 illam
777 4451 984 4518 vidisti,
1014 4467 1121 4523 quo
1147 4462 1305 4523 pacto
1328 4453 1693 4523 impudentem
1737 4455 1839 4510 sibi

244 4546 302 4619 ju
325 4547 484 4601 licem
516 4544 662 4599 illum
691 4543 990 4599 conciliarit
1021 4543 1040 4615 (
1082 4544 1209 4598 Luc.
1245 4544 1330 4601 18.
1362 4545 1398 4599 5
1420 4543 1477 4618 )?
1506 4546 1577 4599 At
1606 4555 1659 4601 tu
1691 4563 1841 4602 man-

248 4841 423 4894 QUOD
468 4842 556 4886 EX
597 4836 850 4883 DESIDIA
893 4839 1301 4896 IMPROBITAS,
1348 4842 1433 4883 EX
1475 4843 1846 4888 DILIGENTIA
1914 4842 2144 4889 VIRTUS
2199 4837 2483 4883 OBIATUR
2530 4837 2546 4878 :

1243 281 1330 336 DE
1371 280 1664 337 DIABOLO
1699 274 2131 333 TENTATORE.
2175 275 2405 333 HOMIL.
2447 275 2512 331 Ill

3338 258 3342 263 ’
3432 275 3541 333 εει

1949 394 2160 440 suetum
2206 397 2395 444 nactus
2435 402 2495 443 es
2524 388 2826 452 Dominmn,
2850 389 3049 445 bonum
3092 397 3146 446 et
3182 389 3540 453 clementem:

1950 478 2036 533 illa
2065 479 2323 535 adversus
2369 481 2623 537 inimicos
2652 484 3000 552 postulabat;
3049 493 3106 539 tu
3136 499 3269 541 vero
3312 501 3417 541 non
3445 486 3542 543 ad-

1949 584 2138 625 versus
2182 570 2464 639 inimicos,
2513 572 2608 627 sed
2660 588 2759 644 pro
2781 584 2867 628 tua
2895 576 3068 631 salute
3096 578 3352 647 postulas.
3386 577 3542 645 Quod

1948 661 1992 717 si
2022 671 2265 732 quartam
2296 663 2455 718 etiam
2496 679 2655 720 nosse
2705 666 2859 731 velis,
2889 667 3283 740 eleemosynam
3314 668 3487 724 dicam
3526 688 3543 725 :

1947 752 2170 807 multam
2201 753 2344 809 enim
2377 768 2439 809 ea
2471 764 2523 809 et
2549 756 2826 825 copiosam
2875 761 2983 812 vim
3037 758 3198 814 habet
3230 777 3244 813 :
3275 758 3542 829 siquidem

1946 843 2477 914 Nabuchodonosori,
2519 848 2609 918 qui
2664 847 2731 902 ad
2790 863 2950 904 omne
2993 849 3347 920 improbitatis
3370 866 3545 922 genus

1947 944 2233 1005 provectus
2268 945 2406 1005 erat,
2435 947 2491 993 et
2514 952 2729 993 omnem
2763 939 3091 1010 impietatem
3129 943 3346 996 molitus
3375 953 3491 998 erat
3518 984 3535 1011 ,

1947 1029 2021 1083 ait
2049 1027 2235 1084 Daniel
2268 1047 2282 1085 :
2311 1029 2444 1097 Rex,
2463 1032 2726 1086 consilium
2752 1049 2918 1086 meum
2948 1035 3146 1104 placeat
3165 1036 3253 1089 tibi
3280 1053 3298 1092 :
3333 1046 3541 1106 peccata

1948 1129 2036 1174 tua
2060 1121 2112 1175 in
2133 1121 2462 1193 eleemosynis
2494 1124 2704 1186 redime,
2729 1134 2773 1178 et
2795 1126 3087 1198 iniquitates
3114 1134 3228 1181 tuas
3248 1144 3303 1181 m
3327 1128 3539 1182 misera-

1946 1211 2164 1266 tionibus
2186 1229 2471 1284 pauperum
2514 1213 2679 1287 (Dan.
2720 1217 2771 1271 4.
2804 1215 2925 1287 24).
2957 1217 3095 1286 Quid
3149 1233 3268 1273 cum
3316 1218 3417 1274 hac
3443 1220 3538 1275 be-

1947 1303 2209 1374 nignitate
2254 1304 2488 1360 conferri
2518 1308 2724 1376 queat?
2771 1308 2903 1364 Post
2951 1311 3227 1367 innumera
3278 1323 3536 1382 peccata,

1948 1405 2069 1465 post
2100 1404 2176 1450 tot
2204 1404 2257 1451 et
2284 1405 2458 1452 tantas
2480 1398 2811 1455 calamitates
2840 1401 3108 1471 placatum
3141 1402 3202 1457 iri
3231 1419 3288 1457 se
3313 1404 3533 1473 pollice-

1948 1502 2033 1544 tur
2056 1489 2126 1556 ei,
2157 1489 2246 1560 qui
2274 1489 2600 1555 ollenderat.
2629 1494 2671 1547 si
2698 1509 2821 1564 erga
2846 1510 3137 1551 conservos
3156 1511 3281 1552 suos
3310 1498 3537 1568 benigne

1946 1597 2006 1637 se
2033 1582 2281 1653 gesserit.
2314 1583 2381 1637 Et
2410 1600 2559 1651 vero,
2589 1584 2634 1639 si
2679 1585 2921 1642 modeste
2947 1599 3067 1657 agat
3093 1590 3232 1659 quis,
3259 1598 3314 1644 et
3356 1589 3534 1645 humi-

1946 1676 2012 1731 lis
2038 1678 2127 1743 sit,
2161 1677 2266 1732 llOC
2312 1694 2418 1732 non
2448 1678 2625 1733 minus
2649 1695 2809 1750 quam
2836 1697 2955 1749 qua:
2995 1681 3134 1736 dicta
3171 1692 3295 1736 sunt
3323 1683 3535 1748 omnia,

1924 1778 2288 1838 .pcccatorum
2327 1779 2574 1823 naturam
2606 1771 2839 1825 absumit
2874 1788 2887 1824 :
2933 1773 3088 1841 cujus
3121 1773 3198 1829 rei
3250 1774 3402 1828 testis
3452 1783 3536 1829 est

1944 1859 2277 1931 publicanus,
2304 1861 2392 1931 qui
2446 1872 2596 1916 recte
2650 1861 2792 1917 facta
2849 1863 3063 1933 quidem
3111 1878 3539 1921 commemorare

1946 1967 2052 2034 non
2084 1961 2324 2020 poterat,
2352 1952 2446 2006 sed
2477 1944 2715 2008 omnium
2747 1954 2868 2010 loco
2926 1954 3279 2011 humilitatem
3321 1956 3533 2025 obtulit,

1944 2052 1998 2097 et
2037 2059 2199 2115 grave
2236 2055 2577 2113 peccatorum
2611 2062 2748 2100 onus
2796 2045 3044 2116 deposuit
3072 2048 3091 2121 (
3116 2046 3243 2102 Luc.
3276 2047 3363 2105 18.
3395 2049 3464 2104 15
3488 2049 3533 2121 ).

1946 2134 2087 2190 Ecce
2116 2134 2352 2205 quinque
2374 2137 2708 2206 paenitentiae
2736 2137 2849 2192 vias
2877 2138 3232 2194 indicavimus
3258 2156 3272 2192 :
3302 2140 3535 2210 primam

1944 2240 1993 2296 pi
2014 2236 2288 2281 ccatorum
2313 2226 2713 2283 danmationem
2736 2270 2752 2295 ,
2784 2230 3074 2285 secundum
3119 2245 3242 2285 cum
3274 2232 3535 2302 proximis

1944 2329 2159 2389 peccata
2179 2318 2520 2385 dimittimus,
2538 2322 2752 2376 tertiam
2774 2338 2893 2393 qua:
2924 2323 2977 2377 in
3000 2324 3242 2379 oratione
3268 2324 3529 2389 consistit,

1943 2420 2186 2481 quartam
2226 2427 2345 2481 qua:
2374 2411 2425 2466 iu
2458 2412 2824 2484 elecmosyna,
2858 2415 3097 2484 quintam
3128 2432 3248 2486 qure
3278 2416 3331 2471 in
3360 2416 3538 2471 burni-

1943 2502 2109 2558 litate.
2132 2501 2247 2556 Noli
2274 2503 2431 2573 igitur
2447 2505 2624 2569 otiari,
2647 2506 2739 2560 sed
2762 2506 2995 2576 quotidie
3019 2523 3113 2577 per
3132 2506 3229 2562 bas
3249 2522 3435 2563 omnes
3454 2509 3537 2562 in-

1942 2593 2072 2648 cede
2094 2611 2106 2645 :
2125 2601 2250 2647 sunt
2286 2594 2426 2649 enim
2457 2593 2635 2650 laciles
2658 2598 2777 2657 vim.
2799 2613 2971 2667 neque
2997 2607 3360 2668 paupertatem
3384 2611 3536 2669 potes

1943 2685 2235 2741 obtendere
2264 2701 2277 2738 :
2311 2686 2404 2740 sed
2438 2687 2559 2741 licet
2586 2687 2637 2741 in
2668 2697 2905 2757 egestate
2943 2690 3175 2760 graviori
3214 2691 3376 2745 vitam
3421 2700 3535 2745 tra-

1944 2776 2127 2841 ducas,
2158 2786 2209 2831 et
2236 2777 2367 2830 iram
2396 2776 2667 2848 deponere
2695 2789 2747 2833 et
2777 2779 3132 2836 humilitatem
3164 2797 3276 2852 pra:
3314 2791 3364 2837 te
3394 2781 3537 2839 terre

1944 2867 2168 2939 poteris,
2203 2876 2255 2923 et
2281 2866 2494 2924 assidue
2525 2870 2752 2939 precari,
2781 2879 2835 2926 ct
2876 2883 3088 2940 peccata
3119 2873 3375 2929 damnare
3398 2916 3412 2940 ,
3443 2890 3537 2929 ne-

1943 2974 2047 3028 que
2103 2968 2386 3028 paupertas
2433 2960 2638 3029 uspiam
2688 2961 3126 3031 impedimentum
3172 2966 3326 3021 allert
3361 2984 3376 3019 :
3408 2967 3535 3037 quid

1943 3038 2196 3115 dico’hie,
2231 3049 2660 3121 quandoquidem
2708 3068 2807 3107 nec
2834 3054 2888 3107 in
2933 3054 3016 3108 illa
3050 3057 3374 3124 poenitentia:
3419 3059 3532 3126 via,

1944 3142 1996 3195 in
2025 3158 2125 3212 qua
2160 3142 2411 3211 pecunias
2441 3143 2564 3198 licet
2583 3158 2802 3212 erogare
2826 3145 2845 3213 (
2863 3147 3439 3218 eleemosynamdico),
3467 3166 3536 3205 ne

1943 3234 2050 3288 illic
2083 3233 2296 3304 quidem
2329 3234 2482 3289 nobis
2525 3234 2591 3289 ad
2620 3234 2924 3289 mandatum
2968 3238 3365 3307 exsequendum
3394 3240 3535 3310 obji-

1943 3325 2016 3379 cit
2043 3325 2480 3396 impedimentum
2511 3328 2836 3397 paupertas?
2866 3327 2922 3383 Id
2950 3344 3073 3383 vero
3111 3330 3266 3384 vidua
3305 3330 3533 3386 demon-

1946 3419 2155 3485 stravit,
2184 3434 2303 3489 qua:
2332 3419 2440 3473 duo
2460 3421 2663 3474 minuta
2691 3421 2835 3474 misit
2864 3420 2882 3492 (
2908 3420 3072 3474 Marc.
3100 3420 3186 3476 12.
3215 3422 3285 3476 42
3308 3423 3347 3495 ).
3398 3421 3533 3479 Cum

1947 3511 2105 3583 igitur
2138 3509 2275 3564 hanc
2295 3511 2514 3565 vulnera
2554 3521 2733 3566 nostra
2761 3511 2982 3566 curandi
3023 3513 3286 3568 rationem
3329 3513 3535 3571 didice-

1946 3604 2135 3670 rimus,
2163 3602 2279 3658 hme
2319 3602 2710 3659 medicamenta
2741 3603 3091 3658 adhibeamus
3115 3646 3129 3670 ,
3155 3613 3213 3660 ut
3235 3620 3359 3661 vera
3391 3606 3537 3661 sani‘

1946 3703 2054 3750 tate
2101 3703 2448 3765 recuperata,
2497 3709 2649 3749 sacra
2675 3710 2855 3749 mensa
2883 3710 3002 3749 cum
3053 3695 3242 3751 ﬁducia
3292 3697 3537 3767 perfrua-

1947 3805 2087 3855 mur,
2116 3796 2171 3842 et
2209 3788 2370 3842 multa
2401 3803 2521 3841 cum
2553 3788 2717 3858 gloria
2751 3786 2965 3842 Christo
2994 3788 3103 3858 regi
3141 3790 3325 3859 gloriae
3350 3806 3539 3847 occur-

1947 3894 2127 3933 ramus
2151 3919 2165 3942 ,
2197 3888 2507 3948 aeternaque
2541 3877 2756 3932 assidue
2799 3878 2934 3933 bona
2964 3894 3386 3949 consequamur,
3417 3897 3539 3952 gra-

1949 3971 2039 4035 tia,
2083 3968 2470 4035 misericordia,
2499 3978 2553 4023 et
2601 3968 2924 4039 benignitate
2941 3969 3149 4024 Domini
3198 3972 3363 4026 nostri
3409 3973 3536 4028 Jesu

1946 4061 2177 4125 Christi;
2208 4077 2303 4131 per
2351 4077 2507 4132 quem
2539 4068 2593 4115 et
2636 4075 2758 4115 cum
2797 4076 2902 4130 quo
2942 4061 3086 4115 Patri
3130 4062 3336 4132 gloria,
3368 4063 3537 4132 impc-

1946 4156 2120 4221 rium,
2166 4154 2379 4219 honor,
2442 4168 2543 4206 una
2587 4167 2707 4206 cum
2761 4163 2967 4218 sancto,
2998 4154 3138 4208 bono
3197 4170 3261 4210 ac
3328 4155 3538 4213 vivilico

1946 4245 2145 4316 Spiritu
2172 4288 2187 4312 ,
2221 4261 2363 4300 nunc
2385 4255 2439 4300 et
2468 4259 2700 4314 seraper,
2747 4253 2802 4300 et
2849 4244 2899 4298 in
2951 4246 3144 4300 smeula
3189 4246 3533 4303 seculorum.

1946 4341 2137 4396 Amen.

2593 4835 2893 4889 QUODQUE
2935 4836 3051 4879 NEC
3097 4837 3362 4882 IMPROBI
3426 4839 3542 4882 ΗΟ(

334 4943 558 4997 MINES,
605 4940 724 4984 NEC
770 4939 906 4983 IPSE
949 4939 1258 4984 DIABOLUS
1306 4941 1540 4986 HOMINI
1582 4945 1910 4989 VIGILANTI
1956 4943 2206 4989 NOCERE
2248 4939 2523 4983 POSSINT.
2597 4938 3091 4982 DEMONSTRATIO
3155 4940 3377 4984 AUTEM
3436 4941 3519 4985 PE

331 5044 531 5087 ’I‘lTUR
576 5039 711 5084 TUM
754 5038 916 5083 ALIIS
959 5038 1190 5083 MULTIS
1258 5041 1345 5083 EX
1386 5042 1585 5100 LOCIS,
1632 5045 1767 5089 ’1⁸0Δί
1811 5046 1898 5088 EX
1938 5045 2018 5088 HS
2061 5043 2205 5097 ΟΠΞ
2248 5039 2470 5084 ADAMO
2514 5040 2595 5082 ET
2619 5038 2774 5083 JOBO
2816 5038 3264 5084 CONTIGERUNT
3308 5022 3421 5107 (α).

1870 5175 2253 5230 mss—-

1965 5315 2063 5370 tris
2091 5312 2371 5377 sedentes,
2394 5308 2594 5365 diaboli
2620 5323 2872 5379 pompam
2899 5311 3212 5381 spectabant
3240 5330 3255 5367 :
3282 5312 3357 5368 illi
3385 5329 3551 5370 mere-

1965 5406 2238 5462 triciarum
2265 5402 2677 5466 cantilenarum,
2705 5416 2801 5456 vos
2822 5403 3080 5457 doctrinae
3107 5404 3399 5473 spiritualis
3430 5419 3551 5474 par-

1960 5499 2149 5568 ticipes
2179 5496 2344 5552 eratis
2374 5511 2387 5548 :
2418 5494 2492 5549 illi
2538 5493 2913 5564 impurissimis
2961 5494 3156 5550 diaboli
3201 5495 3340 5551 escis
3375 5510 3552 5552 reseco

1969 5593 2186 5655 bantur,
2230 5603 2329 5643 vos
2362 5596 2633 5657 unguento
2691 5587 2955 5657 spirituali
3009 5584 3387 5657 pascehamini.
3418 5587 3553 5656 Quis

1963 5695 2092 5752 ergo
2122 5681 2244 5737 illos
2271 5678 2521 5736 aberrare
2552 5677 2676 5735 fecit
2700 5678 2724 5733 ’ἰ
2749 5678 2869 5750 quis
2894 5692 2924 5732 a
2967 5691 3121 5733 sacro
3147 5675 3274 5732 ovili
3301 5691 3552 5751 segrega-

1565 5198 1863 5213 ξ*-

827 5246 1046 5289 ηοκιιιΑ
1070 5247 1152 5288 Ill.

338 5314 394 5371 1.
428 5318 566 5373 Ante
589 5316 899 5372 hesternum
931 5317 1143 5387 quidem
1172 5314 1316 5370 diem
1353 5315 1421 5370 de
1447 5316 1659 5372 diabolo
1697 5318 1853 5374 nobis

258 5409 403 5475 apud
430 5410 708 5465 caritatem
736 5419 969 5463 vestram
993 5417 1076 5463 est
1102 5408 1337 5462 instituta
1360 5407 1571 5474 oratio;
1604 5408 1693 5464 alii
1718 5426 1848 5465 vero

257 5498 450 5554 eodem
467 5499 706 5564 die,cum
729 5514 826 5555 nos
849 5499 937 5554 hic
957 5513 1019 5553 ea
1033 5499 1100 5554 de
1126 5512 1184 5553 re
1204 5498 1613 5565 dissereremus,
1631 5499 1682 5554 in
1706 5498 1854 5557 thea-

324 5687 397 5756 (α)
430 5689 608 5745 adlata
630 5705 739 5744 cum
767 5690 936 5742 Codice
963 5699 1080 5756 Reg.
1109 5690 1229 5742 1964
1246 5697 1298 5744 ct
1320 5689 1529 5743 Colbcrt.
1558 5689 1696 5741 1050.
