4066 6426
574 237 761 296 233'

580 353 694 408 vit?
720 351 860 407 Num
891 349 1013 405 illos
1056 360 1267 419 quoque
1314 342 1555 399 diabolus
1593 337 1846 409 decepit?
1891 333 2159 406 quomodo

577 448 731 516 igitur
759 460 854 500 vos
882 456 987 498 non
1018 439 1276 510 decepit?
1312 437 1376 491 Et
1395 450 1489 489 vos
1528 442 1583 489 et
1625 432 1700 487 illi
1732 430 1976 486 homines
2001 427 2151 491 estis,

576 539 870 596 secundum
916 545 1157 589 naturam
1211 532 1400 600 loquor
1442 546 1455 582 :
1493 526 1679 582 eadem
1713 523 1926 592 utrique
1973 530 2162 574 natura

577 630 782 703 praediti
807 628 936 684 estis
959 668 975 692 ,
1003 624 1191 679 iisdem
1220 618 1555 676 naturalibus
1582 612 1959 685 cupiditatibus
1988 629 2002 666 :
2033 624 2164 681 quo-

578 699 735 776 inodo
759 720 919 789 igitur
950 732 1054 770 non
1083 715 1224 769 idem
1273 719 1511 766 vestrum
1551 719 1845 775 eorumque
1883 699 2161 757 studium?

575 813 706 880 Quia
734 827 840 867 non
887 808 1073 864 eadem
1104 806 1345 875 utrisque
1368 802 1614 857 voluntas
1642 815 1658 852 :
1705 796 1825 851 ideo
1853 795 1924 849 illi
1954 790 2161 861 decepti

573 911 718 967 sunt,
744 915 842 957 vos
863 915 968 955 non
998 899 1147 953 item.
1175 895 1358 965 Neque
1399 894 1470 947 ita
1501 893 1708 960 loquor,
1746 895 1806 941 ut
1832 883 2100 940 diabolum
2130 896 2163 936 e

572 994 798 1048 crimine
822 1005 1029 1056 eruam,
1048 987 1143 1043 sed
1170 995 1230 1041 ut
1254 1000 1349 1038 vos
1375 1001 1403 1036 a
1436 980 1670 1052 peccatis
1694 978 1891 1033 liberos
1916 973 2160 1028 reddam.

571 1083 833 1154 Malignus
858 1089 941 1135 est
962 1078 1223 1142 diabolus,
1255 1075 1306 1129 id
1337 1088 1436 1145 ego
1456 1072 1646 1135 fateor;
1678 1067 1771 1123 sed
1800 1067 1898 1121 sibi
1928 1063 2026 1134 ipsi
2052 1077 2164 1116 ma-

572 1175 771 1245 lignus,
797 1186 904 1227 non
930 1169 1083 1225 nobis
1105 1209 1124 1237 ,
1150 1168 1195 1221 si
1221 1164 1521 1235 vigilemus.
1548 1160 1692 1215 Talis
1720 1157 1911 1229 quippe
1936 1163 2019 1209 est
2048 1167 2162 1207 ma-

572 1265 827 1338 lignitatis
860 1274 1047 1318 natura
1079 1276 1093 1314 :
1132 1274 1194 1314 ea
1243 1254 1482 1328 prteditis
1518 1252 1690 1306 solum
1720 1259 1802 1304 est
1828 1246 2158 1317 perniciosa;

572 1335 742 1415 virtus
769 1366 951 1412 autem
985 1362 1170 1409 contra
1208 1365 1315 1405 non
1360 1350 1475 1418 ipsa
1520 1343 1757 1415 praeditis
1801 1350 2002 1395 tantum
2023 1379 2037 1404 ,
2066 1335 2162 1392 sed

574 1454 736 1508 etiam
769 1448 1025 1521 proximis
1048 1445 1195 1500 utilis
1219 1458 1338 1498 esse
1365 1448 1555 1511 potest.
1596 1436 1666 1493 Ut
1687 1449 1817 1490 vero
1862 1433 2035 1488 discas
2064 1430 2164 1484 im-

575 1544 803 1615 probum
832 1541 933 1596 sibi
958 1537 1278 1610 improbum,
1307 1533 1503 1588 bonum
1530 1537 1706 1585 autem
1724 1527 1841 1582 aliis
1856 1526 2015 1581 etiam
2041 1538 2163 1578 esse

575 1613 798 1698 bonum,
823 1628 1155 1701 proverbiale
1179 1625 1271 1680 tibi
1299 1623 1659 1678 testimonium
1687 1618 1950 1689 proferam
1986 1633 1998 1669 :
2032 1613 2159 1681 Fili,

574 1724 748 1794 inquit
773 1765 789 1790 ,
824 1724 868 1777 si
893 1722 1054 1775 malus
1087 1721 1155 1773 sis
1178 1759 1193 1785 ,
1216 1718 1354 1772 solus
1402 1714 1603 1768 Itauries
1630 1712 1803 1775 mala;
1828 1709 1905 1763 sin
1926 1707 2154 1778 sapiens,

574 1829 621 1874 et
647 1819 734 1872 tibi
752 1819 851 1888 ipsi
880 1825 926 1870 et
948 1814 1179 1886 proximo
1206 1812 1303 1865 eris
1330 1809 1533 1877 sapiens
1559 1808 1581 1878 (
1608 1804 1762 1860 Prov.
1788 1803 1843 1858 9.
1877 1801 1945 1857 1‘2
1976 1801 2016 1870 ).

642 1908 829 1965 Contra
855 1903 1178 1961 theatralium
1204 1899 1602 1972 spectaculorum
1628 1905 1915 1951 sectatores.
1956 1891 2158 1946 Volun-

572 2012 649 2055 tas
679 1999 857 2069 ubique
879 1997 1105 2052 domina.
1131 2023 1205 2035 -—
1232 1992 1310 2046 Illi
1338 1988 1542 2059 decepti
1582 1994 1705 2040 sunt
1741 1985 1793 2039 in
1826 1982 2079 2047 theatris;
2108 1987 2164 2034 at

572 2108 669 2148 vos
709 2107 815 2146 non
849 2089 1058 2158 decepti
1100 2086 1247 2142 estis.
1295 2084 1536 2153 Magnum
1580 2078 1707 2134 illud
1738 2093 1802 2131 ex
1843 2076 2002 2131 rebus
2034 2072 2162 2143 ipsis

572 2193 974 2255 argumentum,
1002 2180 1144 2235 clara
1180 2173 1563 2231 demonstratio
1602 2180 1656 2225 et
1692 2167 2027 2224 ratiocinatio
2055 2180 2160 2220 non

572 2276 752 2340 dubia,
781 2276 1106 2328 voluntatem
1134 2270 1331 2340 ubique
1353 2266 1619 2321 dominam
1650 2277 1789 2317 esse.
1815 2261 1925 2316 Hac
1951 2269 2004 2315 tu
2035 2260 2162 2314 item

572 2369 868 2441 argumenti
913 2367 1118 2421 ratione
1157 2373 1308 2419 utere
1345 2379 1359 2413 :
1398 2369 1453 2415 et
1490 2359 1536 2414 si
1575 2356 1758 2411 videas
1800 2352 2068 2408 hominem
2109 2350 2160 2404 in

573 2463 806 2532 nequitia
834 2461 1013 2515 vivere
1032 2500 1048 2524 ,
1079 2468 1238 2527 atque
1267 2454 1659 2525 improbitatem
1684 2462 1896 2504 omnem
1933 2444 2160 2511 sectari,

573 2571 638 2609 ac
662 2551 852 2609 deinde
878 2548 1263 2622 providentiam
1289 2544 1384 2598 Dei
1412 2540 1682 2597 criminari
1706 2538 2012 2605 dicereque,
2041 2548 2162 2589 eum

574 2649 800 2704 fortuna:
848 2653 904 2699 et
951 2642 1042 2697 fati
1097 2636 1398 2695 necessitati
1448 2635 1856 2700 daemonumque
1898 2625 2164 2701 tyrannidi

576 2754 811 2799 nostram
841 2739 1134 2811 subjecisse
1164 2744 1408 2791 naturam
1429 2774 1444 2798 ,
1474 2739 1529 2787 et
1552 2728 1784 2798 undique
1807 2725 2017 2794 culpam
2048 2738 2076 2775 a
2105 2736 2164 2777 se

575 2834 801 2901 amoliri,
831 2844 989 2903 atque
1016 2831 1069 2885 in
1103 2837 1423 2891 creatorem,
1446 2823 1535 2894 qui
1560 2821 1809 2876 universo
1836 2817 1960 2871 huic
1989 2814 2166 2886 provi-

575 2931 685 2996 det,
717 2944 833 2984 cam
870 2924 1157 2981 transferre
1187 2940 1201 2976 :
1234 2920 1349 2990 ejus
1378 2933 1439 2973 os
1468 2916 1677 2976 obtura,
1711 2928 1815 2965 non
1853 2908 2037 2974 verbo,
2069 2905 2163 2962 sed

576 3022 732 3084 facto,
765 3017 1093 3086 ostendcque
1118 3016 1188 3068 illi
1216 3013 1377 3067 alium
1404 3021 1720 3065 conservum
1749 3003 1913 3074 probe
1937 3016 1998 3055 ac
2027 3010 2162 3055 tem-

576 3122 761 3181 perate
800 3110 1085 3164 viventem.
1127 3103 1241 3158 Non
1282 3116 1414 3170 opus
1451 3106 1533 3153 est
1567 3099 1719 3166 longa
1750 3093 2023 3156 oratione,
2058 3105 2163 3145 non

574 3180 710 3270 opus
736 3198 998 3254 concinne
1024 3202 1301 3265 apparatu,
1335 3205 1441 3245 non
1472 3184 1826 3259 syllogismis;
1859 3181 1954 3237 sed
1983 3180 2165 3249 operi-

576 3292 675 3346 hus
703 3292 756 3344 lit
784 3286 1191 3344 demonstratio.
1221 3283 1313 3337 Dic
1339 3281 1413 3335 illi
1444 3297 1459 3334 :
1494 3278 1558 3331 Et
1584 3285 1639 3330 tu
1670 3289 1857 3330 servus
1882 3288 1940 3327 es
1965 3279 2021 3324 ut
2053 3270 2159 3334 ille,

577 3396 631 3439 ιιι
659 3383 818 3437 homo
855 3390 910 3434 ut
945 3379 1032 3433 ille
1065 3397 1078 3431 :
1112 3378 1163 3429 in
1194 3372 1384 3430 eodem
1426 3369 1625 3425 mundo
1654 3365 1905 3429 versaris,
1944 3363 2042 3417 sub
2068 3379 2164 3416 eo-

576 3478 697 3530 dem
738 3475 867 3530 cu-lo
907 3472 1096 3525 iisdem
1142 3466 1375 3521 vesceris
1417 3464 1549 3518 cibis
1578 3480 1593 3517 :
1622 3477 1719 3517 cur
1753 3470 1807 3514 tu
1843 3460 1894 3512 in
1932 3458 2164 3525 nequitia

579 3565 748 3634 degis,
778 3564 865 3617 ille
894 3564 945 3615 in
975 3558 1204 3613 virtute?
1235 3555 1358 3610 Ideo
1386 3552 1627 3623 permisit
1651 3552 1789 3605 Deus
1817 3548 1984 3602 malos
2015 3546 2166 3599 bonis

581 3654 875 3727 permixtos
899 3666 1039 3713 esse,
1071 3663 1168 3703 nec
1195 3647 1353 3700 aliam
1398 3643 1551 3698 bonis
1578 3654 1794 3704 terram,
1822 3639 1985 3695 alium
2013 3637 2166 3691 malis

578 3748 763 3802 orbem
793 3743 975 3809 dedit;
1013 3741 1105 3795 sed
1148 3740 1243 3793 hos
1274 3738 1375 3792 illis
1403 3733 1777 3800 commiscuit,
1808 3746 1919 3787 rem
1948 3731 2162 3785 utilissi-

580 3853 720 3893 mam
751 3843 1018 3906 operatus.
1051 3831 1182 3887 Nam
1210 3829 1332 3885 boni
1363 3826 1697 3899 probatiores
1721 3830 2012 3895 apparent,
2040 3821 2166 3875 dum

581 3931 634 3986 in
683 3929 856 3983 medio
898 3926 1168 3981 hominum
1194 3965 1210 3990 ,
1239 3921 1328 3993 qui
1355 3936 1449 3975 eos
1477 3935 1507 3974 a
1540 3925 1685 3972 recta
1714 3914 1925 3970 vivendi
1966 3913 2169 3967 ratione

581 4030 803 4076 avocant
846 4029 900 4073 et
935 4017 1001 4072 ad
1041 4015 1236 4070 malum
1279 4011 1532 4071 trahunt,
1562 4015 1844 4062 versantur
1864 4046 1878 4070 ,
1909 4011 1964 4058 et
1992 4012 2167 4057 tamen

580 4116 830 4168 virtutem
859 4116 1149 4165 sectantur.
1180 4103 1390 4174 Oportet
1413 4102 1578 4165 enim,
1610 4099 1801 4168 inquit,
1830 4097 2040 4151 haereses
2066 4111 2172 4148 esse

584 4208 638 4260 in
674 4205 840 4268 vobis,
872 4210 926 4255 ut
964 4200 1050 4270 qui
1089 4196 1283 4270 probati
1325 4202 1480 4259 sunt,
1522 4189 1775 4260 manifesti
1808 4189 1934 4258 ﬁant
1959 4189 2011 4240 in
2035 4186 2172 4239 vobis

585 4297 664 4368 (1.
687 4292 805 4351 Cor.
839 4293 926 4347 11.
968 4290 1080 4360 19).

657 4385 759 4440 Cur
795 4383 910 4438 boni
941 4398 1056 4436 cum
1089 4378 1238 4433 malis
1280 4373 1534 4446 permixti.
1563 4402 1637 4414 --
1664 4369 1789 4426 Ideo
1817 4367 1976 4439 igitur
2005 4367 2173 4422 malos

588 4481 641 4534 iu
673 4476 850 4532 medio
878 4474 1094 4543 reliquit
1112 4513 1126 4534 .
1154 4479 1213 4524 ut
1239 4469 1363 4523 boni
1403 4467 1570 4537 magis
1596 4463 1956 4534 splenderent.
1991 4459 2175 4514 Viden‘

585 4578 846 4641 quantum
873 4565 1121 4621 lucrum?
1146 4561 1249 4618 Sed
1279 4576 1385 4615 non
1412 4558 1481 4613 ab
1517 4556 1773 4627 improbis
1810 4554 2012 4608 lucrum
2033 4593 2047 4614 ,
2080 4551 2173 4605 sed

588 4682 621 4721 a
656 4659 951 4719 constantia
982 4659 1263 4713 bonorum.
1305 4652 1507 4707 Idcirco
1540 4649 1654 4705 Noe
1692 4648 2037 4710 admiramur,
2068 4661 2173 4699 non

564 4736 729 4854 :qttud
763 4754 937 4825 justus
980 4765 1043 4805 ac
1086 4746 1356 4819 perfectus
1394 4750 1539 4797 esset
1565 4750 1766 4794 tantum
1788 4780 1803 4805 ,
1833 4737 1925 4791 sed
1955 4735 2095 4805 quod
2123 4735 2174 4788 in

589 4846 935 4920 generatione
956 4843 1040 4897 illa
1065 4854 1223 4911 prava
1246 4847 1405 4906 atque
1428 4846 1679 4904 perversa
1703 4830 1948 4883 virtutem
1972 4839 2180 4880 servas-

563 4919 711 5003 ξέοι,
752 4950 875 4992 cum
918 4932 1120 4988 nullum
1169 4928 1376 4983 virtutis
1413 4921 1716 4992 exemplum
1762 4919 2020 4982 haberet,
2054 4930 2175 4969 cum

535 5017 781 5089 .yomnes
809 5028 931 5084 eum
965 5025 1031 5079 ad
1073 5023 1323 5079 malitiam
1358 5021 1688 5074 evocarent:
1719 5020 1771 5065 at
1808 5011 1935 5077 ipsis
1963 5019 2174 5064 contra-

593 5127 727 5181 riam
758 5122 896 5176 viam
928 5119 1173 5181 tenebat,
1203 5114 1347 5169 velut
1376 5112 1421 5165 si
1449 5109 1624 5164 viator
1656 5104 1914 5174 quispiam
1935 5145 1949 5166 ,
1991 5116 2177 5171 magna

596 5213 931 5272 multitudine
954 5211 1142 5266 eodem
1169 5207 1360 5261 itinere
1382 5216 1503 5257 cum
1527 5199 1725 5267 impetu
1751 5202 2024 5266 pergente,
2052 5207 2183 5245 cou-

597 5311 818 5366 trarium
842 5312 1026 5374 carpat
1052 5304 1172 5357 iter.
1197 5300 1531 5367 Quapropter
1555 5308 1659 5346 non
1691 5287 2003 5358 simpliciter
2028 5284 2178 5346 dixit,

601 5402 716 5458 Noe
730 5402 901 5470 justus
924 5405 967 5448 et
994 5397 1270 5463 perfectus,
1299 5386 1392 5442 sed
1422 5384 1647 5452 adjecit,
1668 5381 1720 5434 in
1748 5377 2066 5451 generatione
2089 5391 2184 5426 sua

599 5466 751 5564 (Geni.
775 5491 829 5545 6.
854 5486 934 5554 9),
957 5495 1209 5555 perversa
1237 5478 1441 5534 scilicet
1466 5485 1520 5529 et
1539 5473 1839 5542 desperata,
1866 5468 1952 5522 ubi
1982 5466 2182 5521 nullum

601 5554 811 5636 virtutis
827 5573 1208 5633 commercium
1228 5578 1361 5625 erat.
1382 5567 1565 5636 Itaque
1586 5564 1654 5621 ab
1678 5560 1931 5629 improbis
1958 5557 2009 5611 id
2034 5554 2186 5608 bouis

600 5668 732 5724 lucri
778 5664 1110 5724 accedebat:
1152 5660 1228 5717 sic
1261 5670 1315 5717 et
1361 5657 1578 5713 arbores
1618 5670 1647 5709 a
1697 5650 1975 5708 contrariis
2013 5645 2182 5700 ventis

1298 229 1356 286 5.
1395 228 1674 285 JOANNIS
1697 220 2177 281 CIIRYSOSTOMI
2218 222 2535 279 ARCIIIEP.
2577 225 3114 284 CONSTANTINOP.

3754 225 3853 282 266

2276 334 2485 404 agitata:
2514 332 2840 389 robustiores
2863 333 3013 389 fiunt".
3039 334 3138 389 Est
3159 334 3318 389 etiam
3349 335 3600 407 improbis
3625 352 3659 392 a
3691 338 3853 395 bono-

2271 439 2387 479 rum
2410 424 2679 478 consortio
2703 423 2905 479 lucrum
2930 443 2943 479 :
2974 427 3397 482 verecundantur
3417 444 3623 501 nempe,
3653 431 3856 500 pudore

2270 516 2577 570 afficiuntur
2604 525 2657 571 et
2695 519 3019 572 erubescunt
3059 517 3128 573 ab
3166 520 3275 584 eis;
3304 522 3510 576 etiamsi
3538 538 3670 578 vero
3700 540 3733 579 a
3763 542 3851 580 ne-

2271 606 2432 673 quitia
2464 621 2569 660 non
2598 606 2890 672 absistam,
2918 616 3148 663 attamen
3180 609 3408 666 latenter
3443 612 3612 667 solum
3659 615 3856 671 audent

2271 694 2505 751 facinora
2537 705 2863 767 perpetrare.
2891 697 3001 754 Nec
3040 714 3223 769 parum
3254 711 3336 755 est
3364 702 3659 773 iniquitatis
3687 705 3854 761 auda-

2270 787 2407 840 ciam
2454 786 2564 841 tolli
2604 804 2618 841 :
2658 788 2880 842 aliorum
2926 789 3122 859 quippe
3162 791 3267 845 vita
3312 790 3520 848 illorum
3563 796 3851 865 nequitiam

2271 876 2602 930 criminatur.
2638 877 2774 932 Audi
2812 878 2971 948 igitur
2994 879 3118 949 quid
3149 880 3354 935 dicatur
3379 881 3446 936 de
3468 882 3614 953 justo
3645 902 3662 938 :
3696 884 3853 940 Hale-

2271 978 2378 1023 stus
2406 978 2480 1023 est
2507 969 2649 1024 nobis
2675 970 2750 1025 vel
2774 972 2895 1025 dum
2921 973 3226 1042 conspicitur
3254 973 3411 1044 (Sap.
3438 976 3491 1030 2.
3527 978 3639 1050 15).
3673 978 3853 1050 Neque

2274 1058 2324 1114 id
2353 1060 2629 1115 minimum
2656 1070 2738 1116 est
2762 1061 3149 1118 emendationis
3174 1063 3402 1131 initium,
3430 1081 3550 1121 cum
3578 1068 3697 1138 ejus
3723 1085 3850 1138 pra:-

2271 1155 2442 1207 sentia
2471 1160 2787 1223 torquentur
2814 1173 2828 1209 :
2861 1156 2962 1211 nisi
2989 1156 3130 1211 enim
3157 1158 3235 1212 eis
3262 1158 3519 1214 molestus
3545 1172 3690 1216 esset
3715 1161 3851 1218 illius

2271 1253 2621 1314 conspectus,
2651 1261 2755 1301 non
2797 1248 2866 1302 ita
2903 1247 3265 1319 loquerentur.
3290 1250 3401 1306 Nec
3429 1252 3698 1308 modicum
3728 1254 3849 1310 illud

2272 1335 2706 1407 impedimentum
2751 1345 2872 1404 est,
2919 1354 3025 1409 quo
3072 1339 3251 1395 minus
3296 1342 3495 1396 malitia
3540 1358 3634 1397 sua
3686 1344 3852 1400 libere

2271 1439 2505 1483 utantur.
2532 1430 2716 1484 Vidisti
2745 1440 2998 1501 quantum
3023 1432 3229 1487 lucrum
3258 1434 3410 1488 bonis
3439 1448 3534 1504 per
3561 1436 3846 1504 improbos,

2272 1518 2527 1589 improbis
2562 1537 2655 1589 per
2693 1520 2860 1577 bonos
2887 1522 3138 1576 accedat?
3171 1523 3290 1578 ideo
3324 1538 3431 1579 non
3469 1526 3739 1595 separavit
3762 1538 3849 1582 eos

2271 1609 2430 1674 Deus,
2457 1610 2550 1664 sed
2580 1611 2896 1665 commixtos
2921 1611 3151 1682 reliquit.

2337 1704 2395 1757 2.
2437 1701 2538 1757 Cur
2570 1704 2800 1758 diabolus
2836 1705 3166 1776 relinquatur.
3193 1734 3267 1745 —
3304 1704 3447 1761 Idem
3493 1706 3673 1778 itaque
3700 1708 3848 1762 nobis

2271 1795 2430 1850 etiam
2460 1795 2526 1851 de
2550 1796 2761 1851 diabolo
2787 1796 2856 1851 sit
2887 1811 3083 1851 sermo.
3116 1796 3241 1852 Ideo
3268 1799 3410 1853 enim
3447 1799 3593 1853 illum
3626 1799 3713 1855 hic
3735 1812 3847 1855 esse

2270 1889 2412 1954 sivit,
2434 1897 2490 1942 ut
2511 1897 2562 1943 te
2584 1888 2855 1944 fortiorem
2875 1889 3142 1957 redderet,
3170 1899 3229 1944 ut
3248 1891 3659 1960 splendidiorem
3681 1893 3843 1947 athle—

2272 1986 2379 2032 tam
2409 1979 2625 2045 faceret,
2650 1989 2705 2033 ut
2726 1981 2923 2049 majora
2947 1979 3122 2036 forent
3139 1983 3448 2038 certamina.
3476 1982 3530 2039 Si
3557 1984 3677 2054 quis
3700 1984 3849 2055 igitur

2271 2068 2433 2136 dicat,
2457 2071 2563 2125 Cur
2584 2070 2851 2125 diabolum
2878 2071 3091 2141 reliquit
3118 2072 3296 2127 Deus?
3326 2072 3441 2128 bare
3470 2073 3543 2127 illi
3568 2075 3842 2144 responde.

2272 2161 2403 2227 Quia
2435 2161 2500 2215 iis
2524 2161 2612 2231 qui
2640 2161 2855 2231 vigilant
2880 2170 2933 2215 et
2962 2161 3060 2215 sibi
3087 2162 3387 2229 attendunt,
3412 2179 3516 2218 non
3544 2164 3705 2219 modo
3725 2165 3843 2219 nihil

2272 2260 2465 2315 nocet,
2501 2254 2593 2305 sed
2635 2251 2793 2305 etiam
2838 2250 2981 2306 utilis
3018 2259 3137 2315 est,
3170 2267 3277 2306 non
3304 2253 3524 2308 arbitrio
3548 2268 3648 2309 suo
3671 2296 3687 2317 ,
3713 2253 3843 2324 quod

2272 2343 2469 2397 malum
2496 2354 2577 2397 est
2596 2383 2610 2405 ,
2639 2343 2731 2398 sed
2770 2342 2982 2398 illorum
3025 2343 3356 2409 fortitudine,
3387 2346 3477 2415 qui
3506 2346 3622 2414 ejus
3660 2347 3845 2400 malitia

2273 2444 2330 2490 ut
2358 2451 2452 2504 par
2477 2445 2558 2491 est
2586 2444 2822 2491 utuntur.
2855 2437 3126 2506 Siquidem
3166 2446 3220 2491 et
3258 2451 3376 2492 cum
3415 2437 3549 2492 Jobo
3582 2437 3842 2501 conﬂixit,

2273 2543 2380 2582 non
2409 2537 2466 2582 ut
2492 2529 2635 2583 illum
2661 2529 2939 2600 clariorem
2965 2529 3235 2594 redderet,
3260 2529 3353 2584 sed
3378 2538 3433 2583 ut
3453 2529 3841 2598 supplantarct:

2274 2617 2501 2688 ideoque
2529 2619 2696 2673 malus
2725 2629 2803 2673 est
2822 2661 2837 2685 ,
2868 2619 3008 2688 quod
3036 2620 3125 2674 tali
3165 2619 3234 2673 sit
3277 2622 3550 2692 proposito
3573 2634 3637 2674 ac
3665 2618 3844 2673 volun-

2276 2718 2419 2776 tate;
2455 2719 2686 2764 attamen
2734 2711 2863 2764 nihil
2899 2712 3098 2778 justum
3129 2712 3262 2767 laesit
3282 2753 3298 2778 ,
3330 2712 3425 2767 sed
3456 2712 3542 2767 hic
3571 2712 3745 2781 potius
3769 2711 3842 2765 Iu-

2272 2817 2421 2856 crum
2463 2818 2526 2856 ex
2559 2803 2649 2856 tali
2690 2818 2861 2872 pugna
2901 2802 3222 2872 reportavit,
3252 2811 3312 2857 ut
3336 2802 3447 2872 jam
3475 2802 3840 2857 ostendimus:

2273 2904 2434 2965 atque
2478 2894 2685 2950 dmmon
2737 2893 3064 2964 nequitiam,
3106 2894 3281 2963 justus
3325 2908 3455 2949 vero
3496 2892 3843 2948 fortitudinem

2274 2986 2534 3040 exhibuit.
2570 2988 2636 3040 At
2674 2988 2867 3041 multos
2896 2986 3233 3056 supplantat,
3264 2986 3469 3056 inquies
3496 3002 3512 3041 :
3539 2985 3611 3040 ob
3649 2986 3843 3040 illorum

2273 3077 2479 3132 scilicet
2520 3077 2914 3141 infirmitatem,
2960 3090 3066 3130 non
3111 3085 3285 3131 autem
3324 3075 3519 3130 virtute
3551 3090 3683 3141 sua,
3717 3073 3845 3145 quod

2271 3168 2381 3237 jam
2414 3167 2649 3237 pluribus
2673 3166 3093 3244 demonstratum
3122 3177 3225 3221 est.
3257 3165 3427 3220 Tuum
3455 3180 3582 3235 ergo
3608 3175 3755 3220 recte
3775 3165 3845 3218 di—

2275 3261 2388 3330 rige
2430 3260 2699 3325 animum,
2739 3267 2794 3313 et
2830 3273 3114 3327 numquam
3157 3259 3225 3312 ab
3261 3258 3439 3327 aliquo
3480 3256 3843 3311 detrimentum

2274 3352 2523 3421 accipies,
2553 3353 2659 3405 imo
2685 3351 2914 3405 maxima
2940 3350 3253 3413 lucraberis,
3281 3365 3385 3404 non
3414 3364 3442 3402 a
3468 3349 3650 3419 probis
3676 3348 3843 3411 modo,

2275 3445 2367 3497 sed
2392 3443 2549 3498 etiam
2572 3442 2638 3497 ab
2661 3441 2932 3511 improbis.
2963 3440 3085 3494 Ideo
3108 3440 3271 3504 enim,
3302 3450 3359 3494 ut
3382 3449 3536 3494 antea
3558 3439 3694 3504 dixi,
3714 3453 3849 3493 com-

2277 3536 2472 3588 mixtos
2514 3535 2720 3604 reliquit
2767 3533 2909 3587 Deus
2954 3532 3237 3597 homines,
3274 3532 3502 3585 maxime
3542 3532 3713 3587 bonos
3739 3544 3846 3584 cum

2278 3626 2462 3687 malis,
2492 3635 2550 3679 ut
2580 3625 2678 3680 hos
2715 3625 2781 3679 ad
2817 3639 2967 3679 suam
3011 3624 3276 3693 propriam
3308 3623 3561 3678 reducant
3591 3625 3847 3677 virtutem.

2278 3718 2413 3772 Audi
2443 3718 2566 3788 quid
2597 3718 2870 3786 discipulis
2895 3717 3036 3771 dicat
3061 3715 3306 3770 Christus
3335 3733 3350 3770 :
3376 3715 3555 3771 Simile
3580 3718 3766 3787 fectant
3787 3721 3850 3767 est

2277 3827 2485 3881 regnum
2506 3811 2745 3864 caelorum
2766 3808 2983 3875 mulieri,
3010 3823 3123 3875 qua:
3142 3816 3399 3875 acceptum
3428 3809 3726 3877 ferrumtum
3747 3805 3849 3859 abs-

2279 3903 2449 3957 condit
2486 3902 2540 3955 in
2583 3901 2763 3969 farina:
2803 3900 2927 3954 satis
2964 3900 3121 3952 tribus
3151 3897 3380 3971 (Matth.
3410 3898 3497 3952 I3.
3527 3896 3654 3966 53).
3688 3898 3849 3966 Itaque

2275 3992 2403 4062 justi
2438 3992 2543 4045 vim
2588 3990 2830 4045 fermenti
2875 3990 3108 4053 habent,
3141 4000 3199 4043 ut
3226 3988 3291 4042 ad
3320 4003 3467 4043 suam
3506 3987 3848 4043 conditionem

2280 4083 2553 4152 improbos
2594 4081 2931 4137 transferant.
2974 4079 3080 4134 Sed
3125 4080 3273 4148 pauci
3313 4089 3436 4133 sunt
3469 4079 3631 4149 justi,
3661 4079 3778 4150 quia
3804 4084 3852 4131 et

2283 4173 2600 4229 fermentum
2631 4187 2850 4241 parvum
2880 4179 3001 4236 est;
3032 4185 3217 4224 verum
3257 4170 3343 4224 illa
3375 4170 3609 4238 paucitas
3635 4182 3848 4223 massam

2281 4282 2387 4321 non
2427 4266 2608 4329 laedit,
2646 4265 2738 4320 sed
2780 4273 2943 4318 totam
2989 4263 3210 4317 farinam
3251 4279 3349 4335 pro
3390 4264 3547 4317 insita
3586 4264 3776 4318 virtute
3806 4262 3850 4312 in

2281 4374 2433 4413 suam
2481 4356 2734 4412 transfert
2774 4355 3156 4410 conditionem.
3211 4353 3303 4409 Sic
3343 4352 3609 4422 justorum
3656 4364 3852 4422 quoque

2282 4451 2451 4504 virtus
2491 4464 2596 4503 non
2635 4447 2687 4502 in
2717 4460 2940 4501 numero
2963 4447 3061 4499 sita
3092 4454 3175 4500 est
3196 4485 3211 4509 ,
3240 4445 3333 4498 sed
3363 4444 3415 4498 in
3440 4444 3607 4514 gratia
3641 4443 3852 4514 Spiritus

2285 4540 2448 4595 robur
2475 4549 2639 4594 totum
2671 4538 2848 4593 habet.
2880 4535 3164 4591 Duodecim
3194 4543 3348 4590 erant
3398 4534 3622 4604 apostoli
3652 4552 3666 4588 :
3699 4528 3854 4587 videu‘

2285 4650 2443 4704 quam
2477 4633 2741 4687 modicum
2771 4630 2841 4685 sit
2871 4628 3233 4684 fermentum?
3262 4636 3404 4682 totus
3429 4627 3575 4682 orbis
3605 4628 3655 4680 in
3682 4623 3854 4680 inlide-

2286 4727 2433 4781 litate
2460 4723 2771 4778 versabatur
2800 4737 2815 4776 :
2844 4719 3018 4775 viden‘
3046 4728 3241 4790 quanta
3270 4718 3485 4773 massa?
3513 4718 3605 4771 sed
3638 4717 3714 4772 illi
3738 4716 3856 4770 duo-

2286 4816 2459 4870 decim
2487 4821 2652 4868 totum
2684 4813 2869 4866 orbem
2900 4810 2967 4864 ad
3002 4825 3061 4865 se
3088 4819 3484 4865 converterunt.
3526 4807 3853 4862 Fermeutum

2286 4917 2340 4961 et
2365 4894 2534 4960 massa
2565 4903 2804 4974 ejusdem
2829 4910 2953 4956 sunt
2979 4909 3203 4966 natum,
3230 4899 3325 4955 sed
3355 4914 3458 4953 non
3483 4897 3720 4967 ejusdem
3743 4907 3856 4963 qna-

2290 5000 2450 5053 litatis
2481 5015 2495 5051 :
2525 4995 2868 5067 quamobrem
2898 4995 3038 5049 inter
3063 4992 3236 5062 justos
3266 4992 3471 5061 reliquit
3504 4989 3787 5060 improbos.
3810 4990 3851 5035 ιιῐ
3882 5000 3891 5042 l

2289 5086 2735 5160 quemadmodum
2769 5086 2819 5140 hi
2859 5085 3097 5155 ejusdem
3140 5093 3339 5137 natura:
3374 5092 3498 5136 sunt
3523 5090 3682 5151 atque
3703 5074 3854 5150 justi,

2290 5185 2366 5239 sic
2396 5181 2631 5251 ejusdem
2664 5179 2919 5250 propositi
2950 5178 3157 5232 fierent.

2367 5275 2533 5329 Homo
2561 5273 2698 5327 solus
2722 5282 2896 5325 auctor
2919 5269 3129 5336 peccati.
3155 5297 3227 5309 —
3256 5264 3381 5321 Ilaec
3414 5263 3671 5321 memoria
3696 5270 3862 5315 tenea-

2293 5369 2378 5431 lis,
2414 5366 2498 5421 his
2524 5382 2585 5419 os
2613 5367 2853 5418 ohturate
2885 5362 3087 5432 ignavis
3128 5360 3254 5425 illis,
3286 5357 3581 5423 dissolutis,
3616 5349 3861 5424 segniori-

2296 5460 2393 5514 bus
2415 5501 2428 5522 ,
2462 5458 2548 5528 qui
2594 5456 2802 5511 virtutis
2848 5454 3053 5508 labores
3092 5451 3393 5522 refugiunt,
3423 5446 3859 5520 quicommunem

2296 5561 2535 5605 nostrum
2566 5549 2847 5602 Dominum
2881 5546 3143 5598 incusant.
3186 5540 3438 5607 Peccasti,
3470 5538 3658 5609 inquit,
3688 5532 3863 5604 quiesce

2297 5640 2452 5712 (Gen.
2481 5644 2532 5700 4.
2564 5642 2618 5712 7)
2653 5657 2666 5692 :
2699 5654 2767 5694 ne
2790 5635 3007 5709 adjicias
3032 5634 3174 5690 aliud
3203 5632 3416 5706 gravius
3443 5640 3713 5704 peccatum
3740 5619 3866 5696 (Er-
