4066 6454
383 387 673 450 κάκείνους
718 386 747 439 6
780 384 1023 448 διάϐολος
1056 383 1345 455 ἠπάτησε;
1384 383 1501 448 πῶς
1532 379 1626 438 οὖν
1672 384 1818 454 ὑμᾶς
1869 381 1970 435 οὐκ

393 472 714 545 ὴπάτησεν;
745 471 809 525 Οί
837 470 993 525 αὐτοὶ
1026 468 1306 540 ἄνθρωποι
1336 469 1496 539 ὑμεῖς
1527 468 1791 534 κάκεῖνοι,
1831 464 1975 520 κατὰ

385 556 485 626 τὴν
526 553 690 624 φύσιν
729 553 906 621 λέγω·
935 552 1036 624 τὴν
1069 551 1242 624 αὐτὴν
1274 550 1427 622 ἔχετε
1455 550 1637 623 ψυχὴν
1679 551 1838 621 ὑμεῖς
1874 549 1977 603 κά-

387 640 588 702 κεῖνοι,
632 635 733 701 τὰς
765 635 935 699 αὐτὰς
982 634 1136 706 ἔχετε
1191 633 1486 705 ἐπιθυμίας
1532 633 1631 696 τὰς
1682 632 1835 704 παρά
1876 630 1976 702 τῆς

387 720 633 789 φύσεωςο
663 719 781 784 πῶς
808 715 901 774 οὖν
937 720 1038 774 οὑκ
1063 722 1121 775 ὲν
1151 720 1265 783 τοῖς
1291 719 1478 782 αὑτοῖς
1503 719 1665 788 ὑμεῖς
1695 717 1974 781 κὰκεῖνοι;

399 803 619 874 Ἐπειδὴ
649 805 706 858 αἱ
738 804 1087 875 προαιρέσεις
1134 803 1233 877 οὑχ
1283 804 1337 855 αἱ
1385 801 1548 854 αὑταὶ
1573 800 1600 830 ⁸
1632 800 1762 871 ὑμῖν
1792 798 1979 852 κάκεί-

386 906 527 952 νοις·
558 888 649 942 διὰ
687 888 846 942 τοῦτο
888 890 1086 942 ἐκεῖνοι
1120 887 1220 958 μὲν
1256 888 1313 940 ὲν
1348 885 1556 958 ἀπάτῃ,
1590 884 1748 955 ὑμεῖς
1787 883 1845 936 δὲ
1883 883 1979 935 ὲκ-

388 973 478 1035 τὸς
509 972 608 1043 τῆς
635 971 869 1043 ἀπάτης.
899 971 974 1025 Ού
1003 971 1169 1025 πάλιν
1206 969 1298 1023 τὸν
1331 967 1578 1023 διάϐολον
1621 966 1978 1021 ἀπαλλάττων

389 1054 751 1125 ἐγκλημάτων
791 1054 967 1109 ταῦτα
1012 1055 1180 1123 λέγω,
1232 1054 1351 1109 ἀλλ’
1379 1054 1524 1124 ὑμᾶς
1565 1051 1979 1123 ἁμαρτημάτων

389 1138 755 1209 ἐλευθερῶσαι
805 1138 1144 1204 σπουδάζων.
1195 1137 1441 1209 Πονηρὸς
1482 1139 1512 1189 ὁ
1538 1134 1805 1199 διάϐολος,
1847 1136 1979 1205 ὁμο-

386 1222 534 1291 λογῶ
561 1222 736 1292 κάγὼ,
786 1223 902 1278 ἀλλ’
944 1223 1124 1293 ἐαυτῷ
1159 1223 1416 1294 πονηρὸς,
1456 1222 1556 1291 οὑχ
1587 1222 1741 1292 ἡμῖν,
1775 1219 1843 1274 ἂν
1884 1220 1982 1291 νή-

391 1323 610 1376 φωμεν·
642 1306 864 1378 τοιαύτη
897 1305 1009 1379 γὰρ
1052 1306 1154 1377 τῆς
1192 1306 1391 1369 κακίας
1425 1305 1459 1376 ή
1500 1303 1693 1374 φύσις·
1740 1307 1850 1368 τοῖς
1884 1321 1980 1358 κε-

391 1388 682 1462 κτημένοις
708 1390 856 1444 ἐστὶν
896 1388 1118 1462 ὀλεθρία
1163 1389 1366 1460 μόνοις,
1396 1389 1429 1458 ἡ
1463 1387 1521 1441 δὲ
1550 1387 1721 1459 ἀρετὴ
1760 1388 1982 1442 τούναν-

392 1472 534 1526 τίονο
561 1473 682 1543 οὐχὶ
712 1472 840 1535 τοὺς
884 1471 1262 1545 κεκτημένους
1318 1471 1502 1542 μόνον,
1547 1469 1682 1524 ἀλλά
1714 1470 1810 1523 καὶ
1854 1470 1982 1532 τοὺς

394 1556 620 1628 πλησίον
657 1555 887 1627 ὠφελεῖν
924 1556 1168 1610 δύναται.
1211 1556 1322 1608 Καὶ
1356 1555 1443 1608 ῖνα
1474 1553 1676 1627 μάθῃς.
1706 1554 1788 1608 ὅτι
1815 1555 1843 1607 ὁ
1885 1555 1982 1625 μὲν

394 1640 563 1704 κακὸς
585 1638 764 1711 ἑαυτῷ
789 1639 980 1703 κακὸς,
1011 1641 1039 1692 6
1061 1639 1118 1692 δὲ
1144 1638 1369 1707 ἀγαθὸς,
1398 1638 1494 1690 καὶ
1518 1638 1726 1708 ἑτέροις
1756 1636 1980 1706 ἀγαθὸς,

398 1722 708 1796 μαρτυρίαν
737 1740 819 1776 σοι
850 1723 1078 1795 παρέχω
1104 1719 1476 1792 παροιμιώδη.
1509 1719 1752 1785 Τέκνον,
1791 1719 1976 1791 φησὶν,

393 1807 504 1861 ἐὰν
533 1807 721 1873 κακὸς
750 1806 926 1878 γέν-ῃ,
962 1807 1153 1877 μόνος
1184 1805 1514 1872 ἀντλήσεις
1542 1803 1615 1858 τὰ
1657 1802 1843 1858 κακά·
1875 1802 1984 1858 ἐὰν

394 1891 465 1946 δὲ
490 1892 705 1962 σοφὸς,
732 1891 926 1958 ἑαυτῷ
952 1892 1050 1945 καί
1080 1890 1163 1957 τῷ
1194 1890 1485 1956 πλησίον.

482 1975 871 2047 Ἠπατήθησαν
917 1976 975 2028 ὲν
1032 1977 1147 2038 τοῖς
1203 1973 1487 2046 θεάτροις,
1535 1973 1650 2027 ἀλλ’
1678 1972 1835 2043 ὑμεῖς
1883 1971 1985 2025 οὑκ

395 2060 737 2131 ἠπατήθητε.
790 2060 1041 2130 Μεγίστη
1088 2057 1231 2129 αὕτη
1279 2057 1626 2130 πραγμάτων
1673 2056 1983 2123 ἀπόδειξις,

396 2144 617 2214 ἔλεγχος
657 2144 836 2215 σαφὴς
874 2144 971 2196 καὶ
1008 2143 1269 2214 λογισμὸς
1300 2142 1452 2221 [268]
1501 2141 1988 2213 ἀναμφισϐήτητος

396 2228 490 2283 τοῦ
521 2226 800 2298 πανταχοῦ
828 2227 927 2298 τὴν
976 2226 1299 2300 προαίρεσιν
1351 2223 1491 2281 εἶναι
1533 2228 1751 2299 κυρίαν.
1797 2226 1985 2295 Τούτῳ

398 2312 462 2381 δὴ
500 2313 592 2365 καὶ
639 2311 803 2375 αὐτὸς
855 2310 1098 2384 κέχρησο
1128 2311 1206 2382 τῷ
1250 2311 1440 2384 τρόπῳ
1472 2312 1570 2383 τῆς
1617 2309 1983 2375 ἀποδείξεωςο

399 2397 502 2451 κᾶν
549 2396 670 2468 ἴδῃς
713 2395 1000 2467 ἄνθρωπον
1047 2398 1105 2450 ὲν
1152 2397 1387 2469 πονηρίᾳ
1431 2397 1610 2462 ζῶντα
1655 2396 1750 2450 καλ⁵
1804 2396 1987 2459 πᾶσαν

398 2480 598 2534 κακίαν
642 2479 1113 2551 ἐπιδεικνύμενον,
1162 2476 1282 2534 εἷτα
1338 2478 1667 2551 αἰτιώμενον
1711 2477 1804 2532 τοῦ
1851 2477 1986 2531 Θεοῦ

398 2564 498 2635 τὴν
544 2563 801 2635 πρόνοιαν
848 2564 943 2617 καὶ
996 2563 1248 2632 λέγοντα,
1291 2562 1383 2616 ὅτι
1433 2563 1605 2635 τύχης
1652 2563 1745 2616 καὶ
1794 2562 1989 2633 εἱμαρ-

406 2647 571 2719 μένης
600 2648 814 2720 ἀνάγκη
848 2647 945 2702 καὶ¹
981 2649 1256 2716 δαιμόνων
1281 2648 1557 2721 τυραννίδι
1583 2647 1682 2719 τὴν
1714 2647 1989 2718 ἡμετέραν

405 2729 634 2796 ἐξέδωκε
668 2730 852 2799 φύσιν,
880 2731 976 2784 καὶ
1016 2730 1281 2785 πάντοθεν
1322 2733 1421 2802 τὴν
1455 2730 1633 2784 αἰτίαν
1666 2729 1758 2799 ἀφ’
1794 2728 1988 2783 ἑαυτοῦ

406 2815 505 2885 μὲν
538 2813 845 2882 ἀπάγοντα,
876 2813 968 2865 ἐπὶ
997 2812 1053 2866 δὲ
1080 2812 1172 2865 τὸν
1205 2813 1540 2886 δημιουργὸν
1569 2813 1665 2866 καὶ
1707 2812 1860 2866 τοῦδε
1892 2811 1987 2865 τοῦ

402 2896 605 2959 παντὸς
635 2894 970 2966 προνοοῦντα
1018 2896 1428 2966 μεταφέροντα,
1471 2895 1787 2967 ἀπόφραξον
1824 2894 1989 2947 αὑτοῦ

401 2983 464 3032 τὸ
497 2980 692 3048 στόμα,
737 2977 811 3048 μὴ
861 2977 1025 3048 λόγῳ,
1052 2976 1167 3030 ἀλλ’
1195 2977 1364 3048 ἔργῳ,
1397 2977 1672 3043 ἐπιδείξας
1709 2977 1993 3031 σύνδουλον

403 3063 591 3132 ἓτερον
620 3065 678 3114 ἐν
717 3062 885 3133 ἀρετῇ
926 3061 1021 3116 καὶ
1062 3061 1338 3131 ἐπιεικείᾳ
1376 3059 1575 3125 ζῶντα.
1606 3061 1681 3114 Οὑ
1715 3060 1873 3132 χρεία
1901 3061 1991 3114 λό-

403 3161 517 3212 γων
570 3144 816 3215 μακρῶν,
860 3144 920 3196 ού
959 3144 1120 3214 χρεία
1165 3144 1516 3213 κατασκευῆς
1564 3143 1994 3215 συμπεπλεγμέ-

409 3244 529 3297 νης,
574 3227 696 3279 οὐδὲ
727 3226 1105 3296 συλλογισμῶν
1125 3242 1140 3256 ο
1170 3226 1259 3280 διὰ
1300 3227 1408 3279 τῶν
1436 3226 1614 3298 ἔργων
1649 3228 1682 3297 ή
1720 3225 1993 3291 ἀπόδειξις

406 3310 648 3377 γίνεται·
680 3311 802 3363 εἰπὲ
836 3310 974 3381 πρὸς
1006 3310 1169 3363 αὑτόν
1191 3326 1204 3341 ·
1242 3310 1354 3363 Καὶ
1388 3310 1453 3363 σὺ
1491 3309 1700 3373 δοῦλος,
1740 3309 1994 3373 κάκεῖνος

404 3393 625 3458 δοῦλοςο
665 3395 762 3448 καὶ
793 3394 859 3448 σὺ
900 3394 996 3449 ἀνθ
1008 3400 1209 3467 ρωπος,
1259 3395 1511 3458 κάκεῖνος
1543 3393 1862 3465 ἄνθρωπος’
1903 3394 1994 3446 τὸν

404 3479 570 3532 αὑτὸν
600 3477 804 3550 κόσμον
854 3479 1063 3545 οἰκεῖς,
1114 3477 1221 3531 ὑπὸ
1271 3477 1364 3531 τὸν
1416 3477 1579 3531 αὑτὸν
1630 3478 1861 3547 οὐρανὸν
1893 3476 1994 3540 τὰς

407 3559 577 3625 αὑτάς
618 3562 791 3633 τρέφῃ
822 3561 1055 3631 τροφάς·
1090 3562 1210 3624 πῶς
1239 3562 1304 3615 σὺ
1349 3560 1447 3632 μὲν
1475 3562 1533 3615 ὲν
1567 3561 1823 3631 πονηρίᾳ,
1855 3560 1996 3613 ἐκεῖ·

408 3662 498 3709 νος
527 3646 584 3698 δὲ
611 3646 670 3699 εν
701 3646 908 3717 ἀρετῇς
943 3646 1046 3699 Διά
1083 3645 1242 3700 τοῦτο
1270 3646 1364 3698 καὶ
1398 3646 1426 3698 ὁ
1458 3642 1593 3707 Θεὸς
1639 3644 1821 3714 ἀφῆκε
1867 3644 1995 3706 τοὺς

408 3730 681 3800 πονηροὺς
710 3732 822 3793 τοῖς
850 3729 1079 3798 ἀγαθοῖς
1126 3727 1526 3799 ἀναμεμίχθαι,
1558 3727 1654 3780 καὶ
1683 3728 1786 3780 οὑκ
1826 3727 1994 3797 ἄλλην

412 3813 512 3884 μὲν
555 3814 670 3875 τοῖς
717 3815 972 3884 πονηροῖς
1014 3812 1183 3866 ἔδωκε
1228 3815 1354 3883 γῆν,
1404 3812 1485 3874 είς
1535 3811 1731 3882 ἑτέραν
1763 3809 1820 3861 δὲ
1869 3813 1995 3872 τοὺς

409 3896 648 3965 ἀγαθοὺς
673 3895 1002 3967 οἰκουμένην
1027 3895 1329 3967 ἀπῴκισεν,
1356 3894 1492 3949 ἀλλά
1515 3893 1741 3965 ἀνέμιξε
1770 3891 1995 3957 τούτους

408 3979 677 4045 ἐκείνοις,
725 3980 861 4035 πολὺ
897 3981 960 4034 τὸ
1009 3981 1281 4050 χρήσιμον
1325 3977 1716 4049 ἐργαζόμενος.
1774 3979 1837 4029 UE
1885 3977 1995 4047 γὰρ

408 4064 609 4135 ἀγαθοὶ
636 4064 994 4136 δοκιμώτεροι
1024 4064 1323 4132 φαίνονται,
1352 4063 1411 4115 ὲν
1443 4061 1595 4132 μέσῳ
1621 4060 1728 4114 τῶν
1756 4056 1997 4114 κωλυόν-

410 4166 520 4203 των
575 4149 774 4213 αύτοὺς
819 4148 995 4218 ὀρθῶς
1035 4147 1135 4219 ζῇν
1185 4149 1279 4200 καὶ
1321 4145 1456 4219 πρὸς
1492 4144 1693 4199 κακίαν
1731 4143 1996 4197 ἑλκόντων

410 4231 565 4297 ὄντες
603 4233 699 4287 καὶ
743 4232 840 4303 τῆς
886 4230 1090 4302 ἀρετῆς
1138 4228 1687 4300 ἀντιλαμϐανόμενοι.
1720 4227 1822 4281 Δεῖ
1864 4227 1994 4298 γὰρ,

413 4316 568 4389 φησὶ,
603 4314 702 4369 καὶ
745 4314 1007 4384 αἱρέσεις
1042 4310 1196 4368 εἶναι
1232 4315 1302 4368 ἐν
1341 4311 1506 4383 ὑμῖν,
1540 4312 1644 4366 ἵνα
1670 4314 1723 4366 οἱ
1763 4309 1999 4379 δόκιμοι

411 4399 659 4471 φανεροὶ
690 4399 979 4470 γένωνται
1017 4397 1088 4451 ἐν
1122 4396 1289 4466 ὑμῖν.

488 4481 698 4537 Οὐκοῦν
725 4482 820 4537 καὶ
853 4481 942 4535 διὰ
966 4480 1125 4535 τοῦτο
1151 4481 1279 4544 τοὺς
1308 4477 1583 4551 πονηροὺς
1615 4476 1829 4547 ἀφῆκεν
1857 4473 1998 4531 εἶναι

414 4567 474 4621 ὲν
497 4566 575 4639 τῷ
606 4568 776 4639 μέσῳ,
800 4568 887 4622 ἵνα
911 4569 961 4620 οἱ
987 4565 1182 4634 ἀγαθοὶ
1209 4564 1558 4635 διαλάμπωσι
1585 4562 1805 4632 μᾶλλον.
1837 4563 2000 4632 Ὁρᾷς

413 4652 477 4706 τὸ
507 4652 696 4722 κέρδος
723 4653 877 4717 ὃσον;
917 4650 1055 4704 Ἀλλ’
1085 4650 1146 4703 ού
1180 4650 1330 4721 παρὰ
1354 4648 1463 4701 τῶν
1497 4647 1751 4717 πονηρῶν
1784 4645 1845 4699 τὸ
1877 4648 2001 4719 κέρ-

414 4734 526 4799 δος,
557 4734 693 4788 ἀλλὰ
722 4736 876 4807 παρά
904 4734 1006 4804 τῆς
1030 4733 1280 4804 ἀνδρείας
1311 4731 1420 4785 τῶν
1448 4728 1690 4800 ἀγαθῶν.
1719 4729 1817 4783 Διὰ
1843 4728 2001 4782 τοῦτο

416 4819 515 4873 καὶ
545 4819 638 4873 τὸν
670 4819 794 4871 Νῶε
827 4816 1201 4887 θαυμάζομεν,
1243 4814 1343 4885 οὑχ
1372 4816 1455 4869 ὅτι
1500 4811 1706 4874 δίκαιος
1741 4808 1830 4883 ἦν,
1880 4812 2002 4867 οὑδὲ

406 4902 502 4958 ὅτι
533 4902 740 4966 τέλειος
769 4899 837 4974 ἦν
870 4903 1049 4973 μόνον,
1075 4900 1188 4954 ἀλλ’
1217 4901 1299 4952 ὅτι
1329 4902 1387 4952 ὲν
1419 4900 1486 4970 τῇ
1514 4898 1678 4967 γενεᾷ
1710 4896 1896 4969 ἐκείνῃ
1932 4897 1999 4968 τῇ

414 4988 822 5061 διεστραμμένη
868 4987 961 5040 καὶ
1006 4986 1219 5057 πονηρᾷ
1250 4984 1472 5037 διέσωσε
1518 4983 1617 5055 τὴν
1654 4980 1877 5054 ἀρετὴν,
1911 4982 2001 5034 ὅτε

415 5072 519 5129 οὑκ
546 5069 660 5144 εἶχε
682 5072 1034 5141 παράδειγμα
1060 5070 1280 5140 ἀρετῆς,
1308 5068 1395 5120 ὅτε
1430 5066 1630 5129 πάντες
1666 5065 1803 5134 πρὸς
1835 5080 2003 5136 πονη-

421 5157 544 5228 ρίαν
593 5157 756 5209 αύτὸν
814 5153 1186 5227 παρεκάλουνο
1228 5151 1323 5203 καὶ
1381 5150 1562 5202 πᾶσαν
1622 5149 1716 5201 ἀπ’
1753 5148 2004 5212 ἐναντίας

415 5235 580 5312 ἦλθεν
634 5240 898 5304 ἐκείνοις,
941 5237 1195 5306 καθάπερ
1232 5250 1314 5298 τις
1348 5233 1528 5303 ὁδίτης
1574 5230 1758 5302 πολλῴ
1808 5230 2004 5301 πλήθει

421 5323 571 5396 ῥύμῃ
601 5324 885 5396 φερομένῳ
914 5322 1016 5393 τὴν
1048 5318 1297 5374 ἐναντίαν
1325 5315 1524 5371 ὁδεύων
1553 5315 1691 5369 ὁδόν.
1717 5314 1815 5367 Διά
1844 5312 2005 5366 τοῦτο

416 5410 521 5479 οὑχ
550 5407 736 5471 ἁπλῶς
766 5402 907 5473 εἷπε,
942 5403 1070 5460 Νῶε
1106 5403 1354 5465 δίκαιος,
1388 5399 1638 5465 τέλειος,
1667 5398 1805 5452 ἀλλά
1836 5415 2007 5470 προσ-

424 5491 642 5563 έθηκεν,
681 5490 751 5543 ἐν
786 5489 863 5559 τῇ
900 5486 1076 5558 γενεᾷ
1127 5485 1335 5550 αὐτοῦ,
1363 5486 1422 5537 ὲν
1453 5487 1519 5554 τῇ
1559 5483 2003 5563 διεστραμμένη,

418 5575 480 5629 ἐν
505 5561 572 5646 τῇ
615 5572 1036 5644 ἀπεγνωσμένῃ.
1082 5572 1171 5625 ὅτε
1217 5568 1370 5623 οὐδὲν
1408 5567 1737 5639 ὲμπόρευμα
1763 5561 1833 5637 ἦν
1875 5565 2008 5635 ἀρε-

408 5657 542 5729 -τῆς,
578 5657 706 5721 Τοῖς
741 5656 839 5727 μὲν
875 5653 969 5709 οὖν
1000 5654 1227 5725 ἀγαθοῖς
1259 5653 1367 5707 ἀπὸ
1399 5651 1508 5704 τῶν
1549 5648 1803 5720 πονηρῶν
1844 5648 2009 5701 τοῦτο

418 5741 484 5795 τὸ
519 5740 708 5812 κέρδος
752 5735 853 5811 ἦν’
898 5737 1041 5792 οὑτω
1087 5738 1217 5806 γοῦν
1267 5737 1363 5791 καὶ
1402 5734 1594 5807 δένδρα
1640 5733 1746 5786 ὑπὸ
1780 5731 1997 5812 ἀνέμων

419 5811 676 5878 ἐναντίων
728 5821 1055 5895 ριπιζόμενα
1104 5821 1431 5893 ἰσχυρότερα
1475 5818 1705 5886 γίνεται.
1739 5816 1895 5868 Ἔστι
1944 5811 2000 5866 δὲ

488 5930 515 5959 ⁸
539 5929 660 5992 Reg.
680 5932 710 5987 ἠ
735 5928 1006 5992 προαίρεσις
1028 5926 1117 5989 οὐχ
1136 5928 1166 5983 ἡ
1203 5925 1339 5983 αὐτή.

1309 268 1398 326 DE
1437 267 1732 326 DIABOLO
1773 266 2215 325 TENTATORE.
2261 265 2494 326 HOMIL.
2536 266 2624 322 111.

3551 274 3667 333 266

2077 382 2173 437 καὶ
2208 384 2324 447 τοῖς
2371 384 2630 453 πονηροῖς
2681 380 2871 454 κέρδος
2923 380 3034 436 ἀπὸ
3075 382 3179 454 τῆς
3226 383 3508 455 ἐπιμιξίας
3553 388 3666 443 τῶν

2077 465 2332 534 ἀγαθῶνο
2386 466 2685 531 αἰδοῦνται,
2734 466 3102 538 αἰσχύνονται,
3147 468 3477 543 ἐρυθριῶσιν
3523 471 3666 525 ὲκεί-

2076 567 2222 613 νους,
2254 551 2358 604 κᾶν
2392 551 2467 622 μὴ
2500 551 2779 604 ἀποστῶσι
2813 552 2914 621 τῆς
2943 552 3163 615 κακίας,
3189 552 3304 605 ἀλλ’
3333 553 3483 624 ὅμως
3523 556 3665 626 μετά

2076 633 2172 688 τοῦ
2202 632 2485 687 λανθάνειν
2519 634 2790 706 τολμῶσιν
2831 635 2976 709 άπερ
3004 635 3296 707 τολμῶσιν.
3341 637 3417 691 Οὑ
3467 639 3668 711 μικρὸν

2077 715 2135 769 δὲ
2169 716 2350 784 τοῦτο,
2390 717 2466 789 μὴ
2498 717 2643 789 ἔχειν
2686 721 3253 792 πεπαρρησιασμένην
3292 720 3391 793 τὴν
3427 740 3667 795 παρανοε-

2084 799 2213 870 μίαν
2232 815 2247 830 ⁸
2278 803 2307 854 6
2342 799 2452 873 γὰρ
2478 801 2586 855 τῶν
2632 802 2807 857 ἄλλων
2836 803 2950 875 βίος
2977 806 3283 878 κατήγορος
3319 807 3419 877 τῆς
3458 807 3668 862 τούτων

2080 885 2280 949 κακίας
2306 885 2533 954 γίνεται.
2564 887 2832 940 Ἀκουσον
2877 886 3008 957 γοῦν
3042 888 3094 942 τί
3120 906 3252 957 φασι
3286 891 3414 960 περὶ
3447 890 3543 944 τοῦ
3588 892 3666 945 δι-

2080 968 2266 1022 καίου·
2316 971 2515 1038 Βαρύς
2565 971 2738 1025 ἐστιν
2780 971 2928 1041 ἡμῖν
2975 972 3075 1026 καὶ
3137 973 3542 1043 βλεπόμενος.
3587 977 3666 1029 Ού

2085 1052 2257 1124 μικρά
2290 1052 2347 1106 δὲ
2391 1053 2534 1126 ἁρχὴ
2564 1053 2903 1125 διορθώσεως
2937 1054 2998 1109 τὸ
3041 1055 3330 1111 δάκνεσθαι
3382 1059 3547 1112 αὑτοῦ
3593 1061 3666 1131 τῇ

2082 1136 2388 1208 παρουσίᾳο
2420 1139 2515 1192 καὶ
2542 1136 2653 1208 γὰρ
2685 1139 2732 1189 εἰ
2761 1138 2836 1209 μὴ
2870 1138 3092 1192 ἔδακνεν
3120 1140 3318 1203 αὐτοὺς
3346 1142 3380 1213 ἠ
3410 1141 3533 1212 ὄψις
3567 1142 3668 1195 τοῦ

2080 1220 2314 1283 δικαίου,
2355 1219 2456 1274 οὐκ
2493 1219 2560 1273 ἂν
2600 1221 2759 1275 τοῦτο
2808 1219 3139 1291 ἐφθέγξαντο
3172 1223 3232 1276 τὸ
3281 1225 3452 1295 ῥῆμα⁶
3503 1226 3564 1279 τὸ
3608 1225 3668 1280 δὲ

2081 1304 2373 1358 δάκνεσθαι
2399 1304 2491 1358 καὶ
2521 1303 2820 1374 στύφεσθαι
2846 1304 2909 1357 τὸ
2943 1306 3182 1370 συνειδὸς
3206 1308 3313 1360 ἀπὸ
3338 1309 3440 1378 τῆς
3466 1325 3669 1381 παρου-

2084 1389 2208 1452 σίας
2234 1388 2466 1452 ὲκείνου,
2492 1389 2553 1441 ού
2591 1389 2787 1460 μικρὸν
2815 1387 2883 1442 ἂν
2914 1390 2999 1460 εἴη
3029 1389 3258 1461 κώλυμα
3281 1391 3376 1445 τοῦ
3412 1392 3487 1464 μὴ
3530 1392 3669 1463 μετά

2082 1472 2268 1536 ἀδείας
2296 1474 2362 1544 τῇ
2409 1473 2645 1545 πονηρίᾳ
2671 1474 2994 1547 κεχρῆσθαι.
3026 1471 3182 1538 Εἶδες
3210 1476 3374 1530 πόσον
3404 1478 3521 1531 ἐστὶ
3548 1478 3672 1549 κέρ-

2083 1555 2173 1619 δος
2216 1558 2311 1609 καὶ
2354 1559 2468 1622 τοῖς
2516 1557 2743 1626 ἀγαθοῖς
2782 1558 2893 1611 ἀπὸ
2939 1558 3049 1612 τῶν
3100 1560 3372 1630 πονηρῶν,
3414 1561 3509 1615 καὶ
3556 1565 3671 1627 τοῖς

2084 1643 2341 1711 πονηροῖς
2384 1640 2494 1694 ἀπὸ
2543 1640 2653 1695 τῶν
2696 1640 2960 1709 ἀγαθῶν;
3005 1642 3092 1696 διὰ
3144 1643 3306 1697 τοῦτο
3362 1646 3424 1699 οὑ
3472 1645 3671 1700 διεῖλεν

2084 1724 2277 1787 αὑτοὺς
2305 1726 2333 1778 6
2356 1723 2509 1789 Θεὸς,
2539 1724 2655 1778 ἀλλ’
2679 1725 2892 1796 ἀφῆκεν
2916 1722 3314 1797 ἀναμεμίχθαι.

2158 1807 2310 1881 [269]
2347 1808 2415 1879 β’.
2467 1809 2529 1861 '0
2553 1808 2718 1872 αὐτὸς
2738 1808 2918 1862 τοίνυν
2942 1811 3073 1881 ἡμῖν
3102 1810 3263 1879 λόγος
3295 1810 3391 1865 καὶ
3421 1813 3550 1882 περὶ
3575 1812 3670 1866 τοῦ

2083 1891 2353 1946 διαϐόλου.
2397 1889 2496 1945 Διά
2547 1891 2656 1962 γὰρ
2714 1890 2870 1945 τοῦτο
2921 1895 3020 1946 καὶ
3071 1893 3259 1947 τοῦτον
3313 1895 3525 1966 ἀφῆκεν
3582 1897 3675 1949 ὲν-

2083 1975 2258 2029 ταῦθα
2290 1970 2452 2039 εἶναι,
2484 1975 2570 2028 ἵνα
2599 1976 2657 2029 σὲ
2696 1976 3045 2048 ἰσχυρότερον
3072 1978 3394 2050 ἐργάσηται,
3425 1979 3510 2031 ἵνα
3540 1978 3674 2048 λαμ-

2085 2060 2350 2132 πρότερον
2401 2059 2604 2131 ποιήσῃ
2656 2058 2748 2112 τὸν
2812 2059 3074 2131 ἀθλητὴν,
3127 2061 3214 2114 ἵνα
3264 2057 3557 2135 μείζοναῇ
3603 2062 3674 2116 τά

2084 2142 2464 2214 ἀγωνίσματα.
2490 2141 2665 2196 Ὅταν
2696 2138 2788 2195 οὖν
2823 2143 2958 2215 λέγῃ
2986 2161 3089 2207 τις,
3113 2143 3211 2197 Διά
3236 2144 3289 2198 τί
3311 2144 3403 2198 τὸν
3426 2145 3675 2199 διάϐολον

2087 2230 2300 2300 ἀφῆκεν
2326 2232 2355 2283 6
2379 2228 2543 2294 Θεός;
2574 2227 2745 2281 ταῦτα
2768 2227 2893 2297 λέγε
2924 2228 3060 2297 πρὸς
3091 2229 3299 2282 ἐκεῖνον
3328 2229 3396 2283 τά
3419 2230 3671 2301 ῥήματαθ

2088 2312 2213 2366 Ὀτι
2245 2312 2372 2376 τοὺς
2405 2313 2676 2382 νήφοντας
2713 2311 2809 2365 καὶ
2838 2311 3206 2383 προσέχοντας
3231 2312 3291 2365 οὑ
3329 2313 3488 2384 μόνον
3520 2313 3676 2366 οὐδὲν

2087 2396 2459 2469 παρέϐλαψεν,
2491 2395 2626 2449 ἀλλά
2661 2396 2757 2450 καὶ
2781 2394 3086 2467 ὠφέλησεν,
3128 2396 3190 2449 οὑ
3226 2396 3379 2466 παρά
3415 2396 3516 2466 τὴν
3548 2397 3677 2449 ἑαυιε

2087 2480 2181 2535 τοῦ
2208 2481 2531 2552 προαίρεσιν
2562 2479 2800 2551 (πονηρά
2835 2479 2943 2553 γάρ
2988 2479 3180 2551 ἐστιν).
3211 2480 3348 2535 ἀλλά
3390 2480 3541 2551 παρὰ
3575 2482 3677 2553 τὴν

2087 2564 2312 2619 ἐκείνων
2338 2564 2591 2635 ἀνδρείαν
2629 2564 2738 2617 τῶν
2765 2567 2831 2634 τῇ
2876 2564 3111 2637 πονηρίᾳ
3140 2565 3221 2627 είς
3244 2564 3363 2618 δέον
3397 2563 3678 2637 χρησαμέ-

2086 2667 2215 2704 νων.
2260 2649 2413 2703 Ἐπεὶ
2468 2650 2564 2703 καὶ
2618 2648 2696 2719 τῶ
2738 2647 2858 2702 Ἰὼϐ
2894 2648 3252 2721 προσεπλάκη
3314 2650 3434 2721 μὲν,
3480 2650 3540 2703 οὐ
3587 2650 3678 2704 διά

2087 2732 2247 2786 τοῦτο
2296 2733 2374 2799 δὲ,
2408 2733 2497 2787 ἵνα
2546 2732 2708 2786 αὐτὸν
2757 2732 3140 2804 λαμπρότερον
3181 2735 3407 2804 ποιήσῃ,
3448 2733 3563 2787 ἀλλ’
3594 2733 3682 2787 ἵνα

2090 2816 2454 2891 ὑποσκελίσῃ·
2506 2817 2594 2870 διά
2642 2817 2801 2870 τοῦτο
2848 2816 3107 2888 πονηρὸς,
3157 2816 3246 2870 διὰ
3282 2817 3380 2888 τὴν
3423 2816 3682 2887 τοιαύτην

2089 2900 2316 2971 γνώμην
2350 2902 2445 2953 καὶ
2483 2901 2583 2971 τὴν
2617 2899 2941 2972 προαίρεσιν
2962 2917 2975 2929 ·
3011 2899 3127 2953 ἀλλ’
3161 2901 3311 2971 ὅμως
3346 2900 3500 2955 οὐδὲν
3539 2918 3683 2971 παρ-

2089 2982 2291 3050 έϐλαψε
2329 2984 2419 3036 τὸν
2449 2983 2677 3049 δίκαιον,
2711 2982 2849 3036 ἀλλά
2882 2984 2976 3037 καὶ
3004 2983 3260 3037 ἀπώνατο
3303 2984 3502 3054 μᾶλλον
3533 2984 3682 3036 ὲκεῖο

2089 3082 2180 3129 νος
2203 3065 2317 3121 ἀπὸ
2339 3066 2438 3136 τῆς
2465 3066 2665 3136 μάχης,
2690 3067 2827 3137 ὅπερ
2865 3061 2958 3120 οὖν
2990 3068 3084 3120 καὶ
3111 3066 3495 3138 ἀπεδείξαμενο
3530 3067 3624 3119 καὶ
3652 3068 3685 3119 6

2091 3150 2303 3220 δαίμων
2351 3149 2451 3219 τὴν
2501 3150 2807 3221 πονηρίαν,
2856 3151 2951 3203 καὶ
2990 3151 3247 3213 ὁδίκαιος
3280 3151 3379 3219 τὴν
3428 3149 3683 3222 ἀνδρείαν

2092 3233 2425 3298 ἐπεδείξατο.
2478 3232 2639 3287 Ἀλλὰ
2668 3233 2763 3287 καὶ
2812 3233 3154 3298 ὑποσκελίζει
3207 3232 3475 3298 πολλοὺς,
3512 3233 3677 3303 φησί’

2095 3317 2248 3389 παρά
2300 3317 2400 3387 τὴν
2432 3315 2610 3370 αὐτῶν
2645 3316 2970 3381 ἀσθένειαν,
3022 3317 3082 3369 οὑ
3115 3315 3267 3386 παρά
3320 3315 3419 3386 τὴν
3471 3317 3684 3370 οίκείαν

2095 3401 2249 3472 ίσχύν
2271 3417 2282 3430 ·
2308 3401 2403 3454 καὶ
2435 3399 2543 3471 γὰρ
2562 3400 2719 3452 τοῦτο
2752 3399 3046 3470 ἀπεδείχθη
3069 3399 3158 3452 διὰ
3181 3398 3391 3451 πολλῶν
3568 3399 3682 3468 Τὴν

2095 3485 2294 3539 σαυτοῦ
2321 3485 2502 3538 τοίνυν
2532 3484 2882 3555 κατόρθωσον
2913 3483 3161 3554 γνώμην,
3192 3483 3284 3536 καὶ
3308 3484 3441 3550 παρ’
3466 3482 3681 3546 οὐδενὸς

2092 3570 2349 3624 οὐδέποτε
2372 3570 2499 3642 δέξῃ
2526 3568 2741 3639 βλάϐος,
2774 3568 2912 3621 ἀλλὰ
2959 3569 3053 3622 καὶ
3091 3567 3161 3620 τὰ
3206 3565 3440 3638 μέγιστα
3486 3567 3682 3639 κερδα-

2093 3656 2224 3716 νεῖς,
2253 3654 2375 3723 οὐχὶ
2401 3652 2553 3723 παρά
2589 3653 2697 3706 τῶν
2725 3650 2950 3721 ἀγαθῶν
2996 3651 3156 3721 μόνον
3181 3691 3196 3714 ,
3225 3650 3361 3704 ἀλλά
3402 3651 3496 3704 καλ⁴
3531 3649 3685 3720 παρὰ

2092 3735 2203 3788 τῶν
2232 3736 2508 3807 πονηρῶν.
2551 3736 2651 3789 Διά
2694 3734 2803 3806 γὰρ
2841 3734 3034 3795 τοῦτο,
3070 3735 3328 3804 καθάπερ
3371 3733 3684 3805 ἔμπροσθεν

2094 3813 2268 3880 εἷπον,
2314 3819 2431 3887 μετ’
2457 3817 2702 3888 ἀλλήλων
2725 3818 2940 3886 ἀφῆκεν
2965 3814 3104 3870 εἶναι
3136 3818 3263 3879 τοὺς
3307 3816 3628 3888 ἀνθρώπους
3652 3818 3684 3870 ὁ

2092 3901 2246 3964 Θεὸς,
2283 3900 2379 3953 καὶ
2408 3899 2643 3970 μάλιστα
2663 3900 2789 3963 τοὺς
2810 3899 3049 3967 ἀγαθοὺς
3081 3898 3221 3969 μετὰ
3254 3899 3363 3952 τῶν
3404 3899 3679 3970 πονηρῶν,

2094 3984 2182 4037 ἵνα
2209 3981 2495 4045 κάκείνους
2525 3981 2661 4053 πρὸς
2690 3980 2787 4052 τὴν
2815 3980 3023 4034 οἰκείαν
3053 3980 3439 4051 μεταγάγωσιν
3457 3982 3676 4052 ἀρετήν.

2099 4068 2366 4119 ’Ἄκουσον
2424 4063 2556 4132 γοῦν
2590 4064 2645 4117 τί
2693 4080 2827 4135 φησι
2858 4066 2972 4127 τοῖς
3011 4063 3283 4133 μαθηταῖς
3334 4064 3362 4117 ὁ
3408 4063 3680 4134 Χριστόςο

2107 4148 2388 4220 Ὠμοιώοη
2421 4150 2459 4216 ἡ
2480 4149 2773 4213 ,ϐασιλεία
2796 4147 2914 4201 τῶν
2940 4146 3218 4216 οὐρανῶν
3252 4147 3512 4217 γυναικὶ,
3550 4146 3684 4216 ἣτις

2093 4234 2371 4289 λαϐοῦσα
2407 4230 2596 4302 ζύμην
2621 4234 2888 4300 ἔκρυψεν
2916 4234 3003 4297 εἰς
3035 4231 3298 4298 ἀλεύρου
3341 4230 3499 4284 σάτα
3525 4231 3680 4300 τρία.

2098 4319 2262 4369 Ὥστε
2284 4314 2466 4387 ζύμης
2489 4315 2719 4386 δύναμιν
2742 4314 2957 4385 ἔχουσιν
2980 4316 3029 4368 οἱ
3062 4313 3284 4375 δίκαιοι,
3320 4312 3407 4367 ἵνα
3434 4313 3569 4384 πρὸς
3583 4312 3685 4383 τὴν

2097 4398 2308 4452 ἑαυτῶν
2338 4398 2601 4469 ποιότητα
2632 4398 2760 4460 τοὺς
2778 4397 3053 4469 πονηροὺς
3073 4397 3507 4467 μεταστήσωσιν.
3544 4395 3684 4449 Ἀλλ’

2096 4482 2269 4551 ὀλίγοι
2307 4482 2358 4534 οί
2390 4481 2611 4545 δίκαιοι,
2648 4482 2745 4534 καὶ¹
2787 4482 2898 4551 γὰρ
2928 4481 3024 4534 καὶ
3068 4482 3102 4552 ή
3139 4478 3287 4552 ζύμη
3328 4479 3534 4551 μικρά⁶
3567 4479 3684 4533 ἀλλ’

2097 4567 2306 4637 οὑδὲνὴ
2368 4565 2635 4636 μικρότης
2672 4562 3060 4635 παραϐλάπτει
3097 4563 3161 4616 τὸ
3204 4563 3456 4634 φύραμα,
3487 4562 3601 4615 ἀλλ’
3649 4563 3685 4633 ή

2099 4650 2402 4722 σμικρότης
2431 4648 2616 4719 ἐκείνη
2645 4648 2791 4701 ἆπαν
2821 4647 2883 4699 τὸ
2917 4646 3146 4718 ἄλευρον
3168 4648 3305 4716 πρὸς
3323 4645 3521 4717 ἑαυτὴν
3553 4645 3686 4715 μεθ-

2103 4734 2283 4805 ίστησι
2318 4732 2405 4785 διὰ
2431 4732 2531 4803 τῆς
2562 4730 2789 4799 ἐνούσης
2817 4730 2955 4798 αὑτῇ
2988 4729 3289 4800 δυνάμεως.
3321 4727 3478 4781 (ὶὺτω
3500 4728 3564 4798 δὴ
3592 4728 3688 4781 καὶ

2098 4818 2134 4888 ή
2161 4815 2392 4885 δύναμις
2422 4814 2531 4866 τῶν
2562 4814 2791 4868 δικαίων
2824 4814 2926 4866 οὑκ
2962 4814 3023 4865 έν
3055 4814 3120 4883 τῇ
3156 4810 3416 4880 ποσότητι
3441 4809 3536 4862 τοῦ
3564 4810 3687 4880 ἀρι-

2101 4900 2266 4973 θμοῦ,
2296 4900 2411 4954 ἀλλ’
2442 4901 2500 4952 ὲν
2543 4902 2611 4971 τῇ
2664 4898 2754 4952 τοῦ
2790 4896 3108 4966 Πνεύματος
3156 4894 3340 4965 χάριτι
3387 4891 3487 4964 τὴν
3532 4892 3687 4963 ἰσχὺν

2101 4985 2236 5056 ἔχει.
2264 4983 2486 5038 Δώδεκα
2515 4979 2654 5054 ἦσαν
2680 4985 2728 5036 οἱ
2752 4980 3077 5035 ἀπόστολοι·
3129 4975 3269 5041 εἶδες
3299 4977 3417 5041 πῶς
3445 4977 3619 5048 μικρά
3650 4979 3685 5049 ή

2102 5071 2286 5141 ζύμη;
2317 5070 2413 5139 ὅλη
2446 5070 2478 5139 ή
2512 5067 2806 5137 οἰκουμένη
2843 5066 2902 5117 ὲν
2932 5063 3165 5135 ἀπιστίᾳ
3205 5057 3307 5133 ἦν’
3343 5057 3484 5125 εἶδες
3519 5060 3686 5114 πόσον

2100 5155 2164 5208 τὸ
2193 5155 2458 5226 φύραμα;
2492 5150 2605 5204 ἀλλ’
2636 5150 2834 5204 ἐκεῖνοι
2856 5150 2907 5202 οἱ
2932 5147 3142 5202 δώδεκα
3176 5149 3357 5201 πᾶσαν
3377 5146 3476 5217 τὴν
3508 5146 3688 5217 οἰκου-

2106 5237 2274 5309 μένην
2296 5237 2431 5305 πρὸς
2454 5233 2683 5294 ἑαυτοὺς
2705 5232 3071 5303 ἐπέστρεψαν.
3115 5232 3179 5284 Ἥ
3211 5230 3356 5302 ζύμη
3383 5230 3478 5283 καὶ
3500 5228 3561 5281 τὸ
3587 5227 3687 5297 φύο

2106 5341 2255 5396 ραμα
2282 5322 2384 5393 τῆς
2421 5319 2594 5390 αὑτῆς
2633 5316 2870 5389 φύσεως,
2897 5316 3011 5370 ἀλλ’
3042 5317 3104 5370 οὐ
3137 5317 3236 5387 τῆς
3269 5315 3441 5383 αὐτῆς
3464 5312 3686 5385 ποιότη-

2100 5424 2196 5470 τος
2217 5421 2232 5436 ⁸
2254 5406 2344 5459 διά
2368 5403 2525 5458 τοῦτο
2549 5402 2733 5474 ἀφῆκε
2767 5399 2975 5473 μεταξὺ
3006 5401 3113 5455 τῶν
3155 5398 3383 5453 δικαίων
3415 5396 3543 5454 τοὺς
3583 5412 3687 5448 πο-

2103 5489 2325 5561 νηροὺς,
2363 5488 2430 5541 ἵν’
2476 5486 2669 5558 ὥσπερ
2708 5485 2810 5555 τῆς
2847 5484 3018 5555 αὐτῆς
3067 5481 3283 5553 φύσεώς
3327 5481 3433 5561 εἰσι
3468 5480 3577 5541 τοῖς
3605 5479 3689 5531 διο

2104 5560 2302 5636 καίοις,
2335 5571 2479 5625 οὑτω
2506 5569 2719 5640 καὶτῆς
2758 5568 2933 5637 αὐτῆς
2963 5565 3338 5638 προαιρέσειιις
3366 5560 3652 5630 γένωνται.

2177 5655 2397 5709 Τούτων
2439 5653 2743 5724 μέμνησθε,
2773 5651 2986 5715 τούτοις
3009 5646 3394 5717 ἐπιστομίζει-,ξε
3431 5644 3558 5707 τοὺς
3588 5646 3690 5716 ρᾳ-

2108 5740 2335 5811 θύμους,
2356 5739 2484 5801 τοὺς
2499 5736 2950 5806 διακεχυμένους,
2971 5735 3099 5796 τοὺς
3121 5728 3541 5801 ὀκνηροτέρους,
3563 5729 3689 5811 τοὺς

2110 5810 2508 5896 ἀναδυομένους
2538 5820 2677 5892 πρὸς
2704 5820 2831 5882 τοὺς
2849 5818 2948 5888 τῆς
2965 5816 3171 5889 ἀρετῆς
3193 5816 3414 5879 πόνους,
3448 5813 3573 5868 τοὺς
3592 5810 3690 5896 τοῦ

2114 5907 2292 5961 κοινοῦ
2318 5894 2596 5961 -Δεσπότου
2627 5901 3087 5976 κατηγοροῦντας.
3139 5899 3448 5970 Ἥμαρτες,
3498 5894 3686 5966 φησὶν,
