4066 6458
430 283 531 339 261

425 392 774 462 ἡσύχασον,
814 387 889 459 μὴ
914 385 1156 459 προσθῇς
1185 387 1442 458 δευτέραν
1463 389 1736 458 ἁμαρτίαν
1762 388 2008 459 χαλεπωι

424 480 591 548 τέραν
613 493 627 506 ·
666 475 765 544 οὐχ
796 471 940 526 οὕτω
969 471 1201 541 χαλεπὸν
1237 469 1299 522 τὸ
1321 471 1610 541 ἁμαρτεῖν,
1633 472 1709 535 ὡς
1745 472 1882 543 μετά
1910 471 2010 542 τὴν

424 559 702 632 ἁμαρτίαν
740 554 835 609 τοῦ
882 553 1153 607 Δεσπότου
1191 556 1542 625 κατηγορεῖν.
1594 555 1887 623 Ἐπίγνωθι
1920 555 2010 608 τὸν

424 647 597 698 αίτιον
628 642 728 712 τῆς
759 637 1054 709 ἁμαρτίας,
1091 635 1185 689 καὶ
1230 636 1424 691 οὐδένα
1469 637 1628 691 ἀλλον
1661 638 1938 709 εὑρήσεις,
1974 637 2008 708 ἢ

425 730 517 783 τὸν
563 723 919 798 ἡμαρτηκότα
971 721 1053 774 σέ.
1100 720 1384 791 Πανταχοῦ
1433 721 1809 793 προαιρέσεως
1852 721 2012 792 χρεία

427 810 634 880 ἀγαθῆς
658 826 670 840 ε
699 807 878 872 ἔδειξα
910 806 1042 875 ὑμῖν
1067 803 1228 857 τοῦτο
1252 805 1353 857 οὐκ
1381 804 1489 857 ἀπὸ
1516 804 1790 875 λογισμῶν
1817 804 2010 872 ψιλῶν,

428 893 543 947 ἀλλ’
570 891 677 945 ἀπὸ
706 888 1009 943 συνδούλων
1034 888 1145 940 τῶν
1177 889 1235 941 ἐν
1263 887 1412 957 αὐτῷ
1440 888 1520 959 τῷ
1549 889 1743 960 κόσμῳ
1771 888 2009 951 ζώντων.

430 975 613 1047 Ταύτῃ
640 973 732 1027 καὶ
751 972 914 1034 αὐτὸς
943 970 1187 1042 κέχρησο
1225 973 1292 1042 τῇ
1335 971 1609 1036 ἀποδείξει
1635 989 1647 1001 ·
1693 971 1837 1024 οὕτω
1865 972 1957 1025 καὶ
1984 972 2013 1024 6

428 1060 607 1122 κοινὸς
660 1059 807 1128 ἡμᾶς
853 1058 1034 1129 κρινεῖ
1071 1056 1382 1127 Δεσπότης·
1421 1057 1622 1127 μάθετε
1673 1056 1859 1110 τοῦτον
1912 1057 2014 1127 τῆς

427 1140 756 1205 ἀποδείξεως
798 1140 891 1192 τὸν
928 1140 1151 1211 τρόπον,
1187 1139 1282 1192 καὶ
1327 1140 1503 1203 οὐδεὶς
1542 1140 1688 1211 ὑμᾶς
1725 1140 2013 1211 δυνήσεται

430 1224 847 1296 συλλογίσασθαι
883 1236 932 1277 ι.
969 1223 1230 1294 Πορνεύει
1277 1241 1390 1288 τις;
1428 1224 1601 1291 δεῖξον
1632 1223 1782 1295 αὐτῷ
1805 1241 2016 1296 σωφρο-

427 1311 624 1365 νοῦντα
670 1309 890 1379 ἕτερον·
950 1307 1266 1360 πλεονεκτεῖ
1300 1307 1453 1379 [270]
1487 1326 1574 1371 τις
1621 1308 2012 1379 καίάρπάζεις

427 1393 601 1458 δεῖξον
644 1390 795 1462 αὐτῷ
841 1391 935 1443 τὸν
969 1390 1345 1461 ἐλεημοσύνην
1379 1390 1619 1445 διδόντα’
1647 1393 1707 1445 ὲν
1747 1392 2018 1464 βασκανίᾳ

431 1476 498 1547 ζῇ
527 1478 621 1532 καὶ
648 1475 860 1545 φθόνῳ;
885 1474 1056 1538 δεῖξον
1089 1473 1239 1543 αὐτῷ
1270 1474 1364 1527 τὸν
1390 1476 1631 1547 καθαρὸν
1653 1476 1749 1529 τοῦ
1785 1477 2013 1541 πάθουςο

431 1564 523 1617 ὑπ’
548 1562 721 1634 ὀργῆς
746 1562 1060 1631 κρατεῖται;
1085 1558 1178 1613 τὸν
1208 1560 1266 1612 ἐν
1292 1559 1580 1630 φιλοσοφίᾳ
1604 1558 1787 1623 ζῶντα
1816 1563 1896 1627 εἰς
1922 1562 2018 1632 μέ-

434 1662 527 1699 σον
554 1646 749 1714 ἁγαγε.
792 1644 867 1696 Οὐ
896 1642 1003 1712 γάρ
1028 1641 1109 1694 δεῖ
1133 1642 1294 1711 μόνον
1325 1644 1406 1705 είς
1436 1642 1505 1695 τὰ
1541 1643 1748 1697 παλαιά
1790 1644 2019 1715 ἀνατρέ-

428 1743 551 1797 χειν
583 1731 918 1800 διηγήματα,
951 1725 1090 1780 ἀλλὰ
1124 1726 1219 1779 καί⁵
1256 1726 1363 1779 ἀπὸ
1396 1725 1507 1779 τῶν
1555 1728 1842 1798 παρόντων
1875 1728 2019 1798 λαμ-

434 1816 620 1869 ϐἀνειν
658 1811 729 1865 τά
761 1810 1223 1882 παραδείγματα’
1260 1812 1353 1863 καὶ
1393 1810 1504 1881 γάρ
1542 1811 1638 1864 καὶ
1663 1812 1904 1882 τήμερον
1930 1811 2019 1866 διὰ

430 1901 533 1971 τὴν
556 1897 648 1952 τοῦ
679 1895 815 1950 Θεοῦ
848 1895 1005 1965 χάριν
1037 1895 1137 1947 οὐκ
1167 1893 1424 1948 ἐλάττονα
1450 1894 1558 1947 τῶν
1588 1894 1871 1966 προτέρων
1904 1896 2022 1949 ἐστὶ

433 1984 505 2037 τά
537 1977 963 2052 κατορθώματα.
998 1978 1259 2041 νΛπιστὸς
1290 1979 1404 2030 ἐστι
1435 1978 1531 2031 καὶ
1557 1978 1773 2047 ψευδεῖς
1802 1980 2021 2050 ήγεῖται

432 2067 533 2129 τὰς
559 2062 785 2135 Γραφάς
825 2058 998 2122 εἷναις
1036 2061 1098 2113 οὐ
1136 2061 1405 2125 πιστεύει,
1430 2061 1514 2113 ὃτι
1550 2063 1579 2114 6
1634 2061 1755 2115 Ἰὼϐ
1783 2062 2022 2125 τοιοῦτος

433 2147 537 2221 ἧν;
566 2148 739 2212 δεῖξον
772 2146 923 2216 αὐτῷ
963 2146 1151 2217 ἕτερον
1198 2145 1488 2216 ἄνθρωπον
1544 2145 1637 2199 τὸν
1674 2146 1883 2200 ἐκείνου
1925 2148 2020 2199 τοῦ

434 2232 644 2287 δικαίου
668 2230 937 2301 ζηλοῦντα
955 2229 1045 2281 τὸν
1063 2227 1196 2299 βίον.
1218 2227 1377 2281 Οῦτω
1405 2228 1499 2281 καὶ
1523 2231 1551 2281 6
1571 2229 1848 2300 Δεσπότης
1872 2232 2023 2301 ἡμᾶς

435 2317 647 2388 κρινεῖ”
682 2311 1002 2373 συνδούλους
1041 2311 1224 2381 ἵστησι
1257 2311 1395 2380 μετά
1429 2311 1751 2377 συνδούλων,
1796 2313 1891 2366 καὶ
1922 2313 2023 2367 οὐκ

435 2400 545 2455 ἀπὸ
567 2399 668 2469 τῆς
703 2396 867 2451 αὐτοῦ
899 2395 1138 2467 κρίσεως
1167 2395 1321 2466 φέρει
1347 2395 1447 2467 τὴν
1477 2395 1678 2465 ψῆφον,
1710 2396 1796 2450 ἵνα
1825 2395 1900 2466 μὴ
1921 2396 2024 2468 ἄρα

437 2486 598 2554 ξηται
625 2482 805 2550 λέγειν
836 2498 919 2543 τις
950 2479 1135 2542 πάλιν,
1168 2479 1423 2550 καθάπερ
1456 2480 1664 2543 ἐκεῖνος
1693 2482 1720 2533 ό
1750 2481 1968 2549 οἰκέτης
1995 2481 2025 2534 6

437 2567 499 2619 τὸ
525 2565 787 2619 τάλαντον
820 2562 1154 2626 πιστευθεὶς,
1183 2564 1279 2615 καί
1315 2562 1437 2615 ἀντὶ⁵
1481 2562 1749 2616 ταλάντου
1786 2580 2025 2634 κατηγο-

442 2649 564 2721 ρίαν
588 2645 993 2719 προσενεγκὼν,
1034 2646 1164 2699 Ὅτι
1192 2648 1464 2714 σκληρὸς
1502 2644 1575 2701 εἶ.
1597 2646 1728 2700 Δέον
1766 2647 1877 2719 γὰρ
1904 2649 2026 2701 στέ-

441 2750 577 2795 νειν,
605 2733 686 2785 δτι
728 2731 824 2784 οὐκ
851 2729 1203 2783 ἐδιπλασίασε
1223 2730 1285 2783 τὸ
1308 2730 1590 2795 τάλαντον,
1625 2729 1764 2784 ἀλλὰ
1801 2732 1898 2785 καλ⁵
1924 2750 2025 2802 χα-

442 2815 757 2888 λεπωτέραν
789 2815 886 2885 τὴν
917 2814 1193 2884 ἁμαρτίαν
1216 2815 1534 2885 εἰργάσατο,
1564 2815 1662 2884 τὴν
1690 2817 2027 2888 κατηγορίαν

444 2900 542 2972 τὴν
571 2898 712 2953 κατὰ
740 2895 833 2951 τοῦ
859 2897 1122 2955 δεσπότου
1154 2897 1415 2968 προσθεὶς
1443 2900 1507 2968 τῇ
1533 2897 1710 2968 οίκείᾳ⁸
1740 2900 1931 2970 ἀργίᾳ.
1960 2899 2026 2953 Τί

444 2984 557 3055 γάρ
590 2999 755 3054 φησιν
777 2998 793 3047 ;
817 2977 1005 3033 Εἷδόν
1037 2995 1111 3033 σε
1140 2980 1231 3034 ὅτι
1268 2983 1541 3048 σκληρὸς
1566 2978 1639 3035 εἷ.
1667 2978 1739 3037 Ὦ
1762 2982 1914 3039 ἁθλιε
1933 2982 2027 3036 καὶ

445 3065 785 3136 ταλαίπωρε,
825 3062 919 3116 καὶ
930 3061 1279 3134 ἀγνωμονῶν,
1300 3062 1397 3119 καὶ
1415 3061 1637 3137 ὀκνηρέο
1661 3063 1901 3135 ὀφείλων;
1926 3066 2029 3139 τῆς

447 3146 645 3203 σαυτοῦ
679 3148 1005 3216 κατηγορεῖν
1031 3143 1231 3215 ἀργίας
1261 3145 1357 3198 καὶ
1370 3145 1667 3215 ὑφελέσθαι
1688 3164 1743 3201 τι
1766 3150 1867 3219 τῆς
1895 3166 2029 3222 προ-

446 3232 605 3305 τέρας
627 3230 923 3302 ἁμαρτίας,
959 3229 1023 3282 σὺ
1054 3228 1110 3281 δὲ
1132 3229 1223 3282 ἐπὶ
1247 3229 1339 3282 τὸν
1360 3230 1627 3302 δεσπότην
1656 3233 1755 3304 τὴν
1784 3250 2026 3303 κατηγο.

443 3317 566 3388 ρίαν
599 3312 965 3386 μετενεγκὼν,
991 3313 1114 3366 ἀντὶ
1165 3312 1261 3366 τοῦ
1310 3313 1578 3368 ταλάντου
1620 3314 1720 3385 τὴν
1749 3316 2027 3387 ἁμαρτίαν

440 3396 849 3460 ἐδιπλασίασας.

510 3512 581 3574 γ’.
604 3504 703 3557 Διὰ
718 3502 878 3556 τοῦτο
895 3503 923 3553 ό
942 3499 1076 3562 Θεδς
1094 3499 1317 3563 δούλους
1332 3501 1429 3554 καὶ
1442 3500 1664 3567 δούλους
1680 3503 1801 3575 ἵστη
1810 3520 1914 3568 σιν,
1942 3503 2030 3557 ἵνα

440 3582 587 3642 οὗτοι
608 3585 851 3648 ἐκείνους
885 3582 1136 3654 κρίνωσι,
1171 3584 1417 3636 κάκεῖνοι
1465 3583 1556 3637 διὰ
1600 3585 1807 3639 τούτων
1844 3588 2028 3657 κρινό-

446 3687 600 3741 μενοι
651 3666 727 3738 μὴ
762 3666 928 3737 ἔχωσι
979 3664 1165 3718 λοιπὸν
1217 3669 1545 3736 κατηγορεῖν
1590 3667 1686 3721 τοῦ
1730 3670 2024 3725 Δεσπότου.

443 3752 545 3806 Διά
572 3749 733 3804 τοῦτό
762 3763 954 3819 φησιν’
995 3747 1328 3815 Ἔρχεταιό
1378 3748 1512 3815 Υἱὸς
1559 3750 1664 3804 τοῦ
1711 3751 2027 3820 ἀνθρώπου

439 3835 540 3888 ἐπὶ
561 3832 671 3901 τῆς
688 3833 875 3900 δόξης
898 3830 1006 3884 τοῦ
1041 3833 1272 3899 Πατρός
1306 3832 1514 3887 αὐτοῦ.
1554 3834 1696 3904 Ὅρα
1726 3836 1826 3906 τῆς
1869 3836 2029 3908 δόξης

440 3919 503 3972 τὸ
534 3915 957 3989 ἀπαράλλακτον
979 3932 991 3944 ’
1025 3915 1128 3968 οὐκ
1176 3911 1352 3978 εἶπεν,
1392 3916 1516 3969 Ἐπὶ
1543 3915 1701 3987 δόξης
1745 3918 1937 3990 ὁμοίας
1960 3923 2026 3993 τῇ

439 4001 568 4075 δόξῃ
595 4000 690 4054 τοῦ
717 3997 952 4071 Πατρὸς,
981 3997 1097 4052 ἀλλ’
1138 3998 1265 4051 Ἐπί
1292 3997 1403 4068 τῆς
1428 3997 1615 4067 δόξης
1635 4001 1743 4055 τοῦ
1772 4004 2027 4071 Πατρός,

440 4086 541 4139 καὶ
564 4083 822 4147 συνάξει
844 4082 918 4136 τὰ
938 4081 1082 4149 ἔθνη
1110 4079 1307 4135 πάντα
1325 4099 1337 4112 ’
1370 4082 1601 4155 φοϐερὸν
1630 4083 1692 4137 τὸ
1722 4088 2025 4157 κριτήριον,

441 4169 671 4240 φοϐερὸν
707 4169 821 4231 τοῖς
837 4166 1229 4238 ἁμαρτάνουσι
1263 4166 1359 4219 καί
1383 4165 1707 4231 ὑπευθύνοις
1726 4185 1739 4199 ⁸
1764 4170 1887 4222 ἐπεὶ
1913 4172 2029 4235 τοῖς

441 4252 740 4308 συνειδόσιν
762 4253 977 4315 ἑαυτοῖς
1001 4250 1409 4322 κατορθώματα
1450 4250 1700 4304 ποθεινὸν
1735 4253 1829 4305 καὶ
1857 4270 2018 4323 προσ.

440 4337 600 4409 ηνές·
632 4334 744 4389 Καὶ
770 4334 989 4401 στήσει
1015 4337 1088 4387 τὰ
1113 4333 1382 4401 πρόϐατα
1431 4332 1501 4387 ἐκ
1526 4333 1762 4398 δεξιῶν,
1817 4336 1916 4389 καὶ
1956 4337 2029 4390 τὰ

437 4421 638 4489 ἐρίφια
658 4418 726 4484 ἐξ
748 4416 1098 4487 εὐωνύμων·
1130 4418 1227 4470 καὶ
1263 4412 1411 4470 οῦτοι
1450 4420 1694 4473 κάκεῖνοι
1721 4419 2022 4492 ἄνθρωποι.

441 4502 544 4557 Διά
585 4501 638 4555 τί
669 4499 762 4556 οὖν
792 4503 989 4554 ἐκεῖνοι
1044 4501 1142 4571 μὲν
1176 4500 1449 4572 πρόϐατα,
1510 4495 1657 4557 οὗτοι
1703 4503 1761 4557 δὲ
1795 4505 2025 4575 ἐρίφια;

440 4586 555 4655 Οὐχ
603 4584 691 4637 ἵνα
741 4583 840 4653 τὴν
872 4583 1176 4651 ἐναλλαγὴν
1229 4584 1331 4654 τῆς
1379 4584 1619 4653 φύσεως,
1667 4587 1784 4641 ἀλλ’
1810 4588 1896 4641 ἵνα
1927 4590 2026 4660 τὴν

440 4666 743 4737 ἐναλλαγὴν
767 4667 866 4737 τῆς
896 4667 1273 4737 προαιρέσεως
1308 4666 1511 4740 μάθῃς.
1542 4669 1643 4723 Διά
1670 4670 1721 4723 τί
1745 4670 1803 4725 δὲ
1846 4673 1899 4724 οί
1951 4673 2026 4744 μὴ

441 4751 675 4815 διδόντες
709 4749 1079 4822 ἐλεημοσύνην
1099 4750 1326 4819 ἐρίφια;
1363 4749 1486 4804 Ὅτι
1523 4752 1773 4824 ἁκαρπόν
1823 4757 1939 4809 ἐστι
1967 4757 2028 4809 τὸ

442 4834 604 4899 ζῶον,
625 4835 721 4889 καὶ
748 4833 870 4887 οὐτε
919 4833 1017 4905 τὴν
1061 4834 1169 4887 ἁπδ
1211 4834 1308 4887 τοῦ
1355 4834 1630 4904 γάλακτος
1657 4837 2025 4908 λειτουργίαν,

440 4916 565 4972 οὔτε
593 4918 692 4990 τὴν
735 4917 844 4970 ἀπὺ
888 4916 993 4970 τῶν
1037 4917 1431 4988 γεννημάτων,
1477 4917 1603 4972 οὐτε
1641 4920 1757 4991 τὴνη
1780 4922 1890 4974 ἀπὸ
1918 4921 2026 4974 τῶν

442 5001 644 5072 τριχῶν
676 5000 946 5072 εἰσφέρειν
972 5001 1197 5055 δύναται
1238 5005 1350 5066 τοῖς
1395 5003 1780 5073 κεκτημένοις,
1814 5021 2026 5057 παντα-

442 5082 599 5153 χόθεν
634 5084 840 5153 ἔρημον
872 5082 930 5136 δν
956 5084 1054 5155 τῆς
1082 5084 1339 5157 τοιαύτης
1359 5087 1625 5156 εἰσφορᾶς
1655 5086 1682 5126 δ
1712 5085 1805 5140 διά
1829 5087 1892 5140 τὸ
1926 5088 2028 5158 τῆς

441 5166 658 5237 ἡλικίας
677 5167 874 5237 ἄωρον.
904 5168 1005 5221 Διά
1034 5170 1191 5224 τοῦτο
1216 5171 1343 5233 τούς
1385 5170 1581 5224 οὐδένα
1641 5172 1851 5241 καρπὸν
1876 5171 2028 5241 ἐλεη-

444 5249 682 5322 μοσύνης
708 5253 976 5323 φέροντας
1023 5254 1284 5308 ἐκάλεσεν
1328 5253 1542 5325 ἐρίφια,
1583 5254 1712 5317 τούς
1746 5256 1809 5308 ἐκ
1835 5254 2027 5322 δεξιῶν

441 5334 688 5406 πρόϐατα
706 5349 721 5365 ⁸
748 5335 858 5390 ἀπὸ
885 5336 995 5410 γὰρ
1028 5337 1232 5392 τούτων
1263 5337 1486 5408 πολλὴή
1522 5336 1686 5409 φορὰ,
1715 5339 1779 5391 ἐκ
1808 5339 1909 5409 τῆς
1929 5338 2025 5393 τοῦ

440 5418 587 5490 ιρίου
621 5418 857 5489 φύσεως,
892 5422 958 5476 ἐκ
989 5421 1098 5475 τῶν
1116 5421 1493 5491 γεννημάτων,
1518 5424 1583 5475 ἐκ
1609 5422 1703 5476 τοῦ
1726 5422 2023 5491 γάλακτος.

442 5499 508 5556 Τί
536 5498 629 5558 οὖν
668 5522 801 5577 φησι
835 5502 969 5577 πρὸς
994 5503 1226 5571 αὐτούς;
1261 5506 1539 5560 Πεινῶντά
1585 5524 1653 5577 με
1683 5508 1855 5562 εἴδετε
1877 5549 1893 5573 ,
1930 5509 2026 5563 καὶ

442 5582 709 5656 ἐθρέψατε
732 5603 748 5620 ⁸
779 5588 1009 5660 γυμνὸν,
1045 5590 1140 5643 καί
1162 5589 1514 5659 περιεϐάλετε
1534 5606 1548 5620 °
1578 5591 1747 5657 ξένον,
1774 5593 1869 5646 καὶ
1902 5610 2027 5647 συν·

442 5668 698 5738 ηγάγετε.
739 5672 907 5726 Πάλιν
948 5672 1082 5744 πρὸς
1112 5671 1352 5735 ἐκείνους
1372 5671 1440 5725 τά
1468 5673 1692 5727 ἐναντία
1711 5689 1723 5702 ⁸
1760 5675 1939 5728 καίτοι
1962 5693 2026 5745 γε

440 5753 492 5805 τί
518 5752 672 5807 αὐτοὶ
694 5755 971 5827 ἄνθρωποι
991 5756 1084 5809 καὶ
1108 5749 1253 5810 οὗτοι
1281 5756 1544 5825 κάκεῖνοι,
1576 5756 1675 5823 τὰς
1705 5759 1877 5823 αὐτάς
1900 5758 2022 5815 ελα-

502 5840 525 5907 Ϊ
559 5847 679 5907 RPg.
692 5849 1008 5907 συλήσασθαι.

505 5905 538 5947 ιι
559 5913 668 5962 Duo
690 5905 811 5959 mss;
829 5912 1047 5972 τοιαύτης
1067 5920 1229 5978 φορᾶς.

1157 274 1215 330 S.
1250 272 1537 330 JOANNIS
1572 272 2058 332 CIIRYSOSTOMI
2097 269 2416 330 ARCHIEP.
2466 270 3018 329 CONSTANTINOP.

3607 273 3726 330 201‘

2120 389 2214 443 ϐον
2239 388 2570 458 ἐπαγγελίας
2594 387 2689 440 καὶ
2727 381 2874 441 οὗτοι
2899 388 3164 453 κάκεῖνοι,
3210 386 3279 440 τά
3312 386 3449 440 αὐτὰ
3494 384 3726 443 ἔπαθλα

2116 472 2450 543 ἀμφοτέροις
2505 472 2794 544 προέκειτο
2842 469 3280 542 κατορθῶσασιν,
3315 480 3344 534 δ
3390 468 3566 533 αὐτὸς
3628 473 3732 524 καὶ

2118 555 2254 627 πρὸς
2273 556 2494 620 τούτους
2526 556 2621 609 καὶ
2656 555 2794 626 πρὸς
2822 555 3070 619 ἐκείνους
3096 550 3250 626 ἦλθε,
3301 554 3441 627 μετά
3469 555 3582 624 τῆς
3618 556 3729 607 αὐ-

2117 641 2216 708 τῆς
2243 640 2583 710 γυμνότητος
2617 641 2712 694 καὶ
2744 638 2882 710 πρὸς
2904 639 3128 703 τούτους
3154 640 3249 693 καὶ
3281 637 3417 710 πρὺς
3439 638 3728 700 ἐκείνους,

2122 721 2259 793 μετά
2285 724 2385 792 τῆς
2418 723 2589 792 αὐτῆς
2614 722 2823 793 πείνης,
2843 722 2936 776 καὶ
2964 719 3114 787 ξένος
3138 720 3340 793 ὁμοίιος
3361 739 3376 753 ο
3409 721 3601 775 πάντα
3634 721 3731 775 ῖσα

2118 806 2394 870 κάκείνοις
2422 807 2517 860 καί
2550 807 2642 860 τού
2650 825 2784 870 τοις.

2190 890 2314 954 Πῶς
2341 887 2434 945 οὖν
2461 891 2523 944 τὸ
2549 891 2701 954 τέλος
2722 892 2823 945 οὐκ
2850 891 2995 956 ῖσονς
3028 892 3150 944 Ὅτι
3187 890 3221 961 ή
3253 888 3591 961 προαίρεσις
3621 889 3731 944 οὐκ

2118 975 2363 1045 ἀφῆκεν·
2388 976 2526 1046 αὐτη
2574 974 2685 1046 γάρ
2720 976 2858 1046 μόνη
2893 975 2994 1045 τὴν
3036 974 3299 1049 διαίρεσιν
3340 973 3489 1046 [271]
3521 976 3730 1044 ἐποιή-

2121 1076 2273 1112 σατο.
2308 1060 2410 1112 Διά
2430 1059 2589 1113 τοῦτο
2615 1061 2813 1113 ἐκεῖνοι
2850 1059 2950 1128 μὲν
2975 1060 3054 1121 εἰς
3088 1059 3334 1127 γέενναν,
3367 1052 3512 1112 οὗτοι
3545 1058 3610 1112 δὲ
3644 1061 3729 1122 είς

2124 1140 2399 1211 βασιλείαν
2422 1157 2434 1171 ’
2468 1143 2518 1195 εί
2550 1142 2608 1195 δὲ
2643 1145 2671 1195 6
2698 1141 2945 1203 διάϐολος
2990 1136 3060 1212 ἦν
3106 1141 3293 1203 αὐτοῖς
3321 1140 3433 1194 τῶν
3459 1142 3731 1213 ἀμαρτηδ

2125 1225 2311 1295 μάτων
2334 1226 2363 1278 6
2388 1226 2581 1289 αἴτιος,
2612 1227 2713 1279 οὐκ
2744 1224 2832 1287 ἂν,
2864 1224 3027 1278 ἄλλου
3057 1225 3401 1296 ἁμαρτόντος
3426 1224 3522 1278 καὶ
3568 1223 3728 1294 ὠθή-

2125 1323 2338 1373 σαντος,
2363 1302 2509 1363 οῦτοι
2535 1307 2761 1378 ἔμελλον
2800 1306 3150 1371 κολάζεσθαι.
3178 1303 3333 1369 Εἶδες
3356 1305 3605 1360 ἐνταῦθα
3626 1306 3729 1360 καὶ

2121 1391 2249 1455 τοὺς
2296 1391 2665 1462 ἁμαρτόντας,
2720 1391 2976 1455 καὶτοὺς
3031 1388 3530 1460 κατορθώσανταςς
3577 1385 3726 1454 εἶδες

2123 1473 2241 1537 πῶς
2281 1474 2484 1538 ἰδόντες
2509 1475 2638 1537 τοὺς
2671 1475 2991 1539 συνδούλους
3025 1473 3545 1545 ἐπεστομίσθησανς
3581 1475 3725 1543 Φέρε

2125 1573 2210 1610 σοι
2240 1558 2335 1611 καὶ
2359 1559 2446 1627 ἐφ’
2477 1558 2664 1630 ἕτερον
2692 1559 3046 1629 παράδειγμα
3073 1555 3166 1611 τὸν
3200 1556 3360 1625 λόγον
3388 1557 3725 1628 ἀγάγωμεν.

2126 1640 2413 1711 Παρθένοι,
2442 1642 2628 1712 φησὶν,
2660 1638 2802 1713 ἦσαν
2832 1642 2988 1695 δέκα.
3015 1641 3189 1695 Πάλιν
3228 1639 3465 1694 ἐνταῦθα
3496 1641 3558 1693 αἰ
3586 1656 3727 1711 προ-

2126 1723 2371 1793 αιρέσεις
2398 1724 2456 1778 αί
2505 1724 2948 1797 κατορθώσασαι,
3000 1723 3164 1778 πάλιν
3203 1725 3259 1777 αἰ
3288 1721 3727 1795 διαμαρτοῦσαι,

2127 1807 2216 1860 ῖνα
2249 1808 2314 1860 ἐκ
2343 1808 2697 1880 παραλλήλου
2727 1811 2825 1863 καὶ
2851 1811 3056 1863 τούτων
3080 1808 3151 1862 τά
3171 1809 3555 1879 ἁμαρτήματα
3582 1806 3725 1878 ῖδῃς,

2127 1890 2398 1945 κάκείνων
2422 1892 2491 1946 τὰ
2520 1893 2962 1965 κατορθώματαο
2992 1895 3027 1965 ή
3071 1893 3183 1964 γάρ
3225 1892 3513 1960 σύγκρισις
3552 1889 3729 1959 σαφέα

2130 1991 2298 2047 στερα
2327 1972 2504 2029 ταῦτα
2541 1980 2706 2031 ποιεῖ.
2757 1977 2868 2030 Καὶ
2916 1969 3076 2031 αὗται
3109 1976 3371 2047 παρθένοι
3419 1975 3726 2038 κάκεῖναι,

2129 2059 2226 2112 καὶ
2253 2050 2411 2111 αὗται
2434 2058 2596 2111 πέντε
2621 2060 2873 2113 κάκεῖναι
2891 2076 2905 2089 ·
2939 2059 3230 2130 λαμπάδας
3248 2055 3394 2129 εἶχον
3421 2059 3522 2112 καὶ
3558 2050 3727 2110 αὗται

2130 2143 2405 2195 κὰκεῖναι’
2444 2141 2534 2195 τὸν
2571 2143 2803 2212 νυμφίον
2836 2143 3097 2212 ἀνέμενον
3132 2145 3325 2196 πᾶσαι.
3366 2142 3491 2205 Πῶς
3539 2137 3641 2193 οὖν
3674 2139 3728 2191 αἱ

2134 2227 2233 2296 μὲν
2262 2225 2533 2295 εἰσῆλθον,
2563 2228 2620 2280 αί
2649 2226 2706 2279 δέ
2732 2227 2832 2280 οὐκ
2862 2226 3113 2298 εἰσῆλθον
3139 2245 3153 2292 ;
3177 2227 3302 2280 Ὀτι
3340 2227 3398 2279 αἰ
3427 2225 3527 2296 μὲν
3548 2223 3729 2278 ἀπάν-

2116 2304 2523 2381 εθρωποιήσαν,
2557 2312 2615 2363 αί
2649 2310 2707 2364 δέ
2734 2311 2935 2383 ἥμεροι
2978 2311 3072 2365 καὶ
3115 2310 3513 2381 φιλάνθρωποι.
3559 2308 3729 2379 Ὁρᾷς

2132 2394 2296 2447 πάλιν
2329 2392 2429 2464 τὴν
2482 2392 2801 2463 προαίρεσιν
2832 2392 2926 2446 τοῦ
2968 2393 3156 2456 τέλους
3186 2393 3368 2448 αἰτίαν
3400 2391 3725 2461 γινομένην,

2132 2477 2255 2547 οὐχὶ
2285 2476 2376 2531 τὸν
2406 2476 2683 2542 διάϐολον;
2706 2473 2847 2541 εἶδες
2868 2480 2932 2531 ἐκ
2960 2477 3312 2549 παραλλήλου
3341 2478 3441 2539 τὰς
3482 2476 3726 2546 κρίσεις.

2135 2563 2228 2616 καὶ
2257 2562 2323 2615 ἐκ
2347 2560 2455 2615 τῶν
2484 2561 2689 2633 ὁμοίων
2715 2562 3022 2634 φερομένην
3051 2562 3153 2634 τὴν
3189 2562 3401 2631 ψῆφονς
3436 2559 3728 2613 Σύνδουλοι

2135 2641 2457 2706 συνδούλους
2500 2644 2770 2715 κρινοῦσι.
2816 2644 3007 2698 Βούλει
3053 2662 3137 2698 σοι
3180 2644 3338 2710 δείξω
3379 2643 3476 2697 καὶ
3518 2643 3582 2709 ἐξ
3632 2643 3727 2695 ἀνι

2133 2728 2336 2800 ομοίων
2362 2729 2655 2799 γινομένην
2684 2727 3008 2800 σύγκρισιν;
3034 2729 3244 2799 γίνεται
3269 2728 3375 2801 γὰρ
3414 2728 3511 2781 καί
3534 2728 3598 2793 ἐξ
3630 2729 3728 2781 ἀν⁴

2133 2815 2358 2884 ομοίων,
2391 2813 2533 2867 ὥστε
2566 2812 2666 2884 τὴν
2696 2813 3022 2884 κατάκρισιν
3063 2812 3317 2882 γενέσθαι
3357 2812 3722 2883 σαφεστέραν.

2139 2897 2381 2967 Ἄνδρες
2405 2897 2733 2965 Νινευῗται,
2758 2901 2945 2968 φησὶν,
2990 2898 3448 2963 ἀναστήσονται
3481 2897 3584 2951 καί
3618 2912 3728 2949 και

2135 2982 2488 3050 τακρινοῦσι
2527 2983 2644 3051 τὴν
2687 2982 2903 3053 γενεὰν
2939 2983 3187 3050 ταύτην.
3233 2982 3431 3036 Οὐκέτι
3470 2973 3727 3052 ὅμοιοιοί

2136 3068 2448 3139 κρινόμενοι
2468 3084 2481 3098 ·
2514 3069 2562 3121 οί
2598 3066 2697 3139 μὲν
2730 3067 2838 3137 γάρ
2860 3066 3150 3139 βάρϐαροι,
3182 3066 3233 3120 οἰ
3268 3066 3327 3119 δέ
3366 3063 3653 3120 Ἰονδαῖοιο
3676 3058 3726 3116 οί

2139 3151 2240 3222 μὲν
2268 3150 2613 3221 προφητικῖκ
2636 3149 2960 3219 ἀπήλαυσαν
2997 3149 3367 3212 διδασκαλίας,
3400 3151 3452 3203 οἰ
3488 3148 3548 3201 δὲ
3578 3147 3729 3201 οὐδέ-

2138 3250 2269 3287 ποτε
2303 3232 2563 3303 μετέσχον
2593 3232 2745 3295 θείας
2782 3233 3118 3302 ἀκροάσεως.
3171 3232 3246 3285 Οὐ
3281 3230 3442 3285 τοῦτο
3468 3231 3525 3285 δὲ
3566 3230 3727 3301 μόνον

2136 3318 2253 3370 ἐστί
2276 3315 2339 3368 τὸ
2368 3316 2648 3387 διάφορον,
2674 3315 2790 3368 ἀλλ’
2820 3316 2903 3369 δτι
2946 3318 3066 3369 ἐκεῖ
3097 3316 3195 3386 μὲν
3228 3313 3417 3376 δοῦλος
3457 3314 3724 3385 ἀπῆλθεν,

2136 3399 2373 3454 ἐνταῦθα
2397 3400 2453 3453 δὲ
2504 3403 2533 3455 6
2571 3402 2880 3471 Δεσπότης·
2927 3399 3178 3463 κακεῖνος
3214 3398 3312 3470 μὲν
3341 3396 3725 3469 καταστροφὴν

2136 3484 2405 3555 ἐκήρυττε
2437 3484 2901 3556 παραγενόμενος,
2920 3479 3074 3547 οὗτος
3093 3482 3149 3536 δὲ
3173 3481 3452 3553 βασιλείαν
3473 3480 3725 3551 οὐρανῶν

2137 3565 2539 3637 εὐηγγελίζετο.
2563 3567 2727 3630 Τίνας
2754 3562 2848 3619 οῦν
2876 3566 3024 3630 εἰκὸς
3065 3562 3134 3638 ἦν
3168 3565 3459 3619 πιστεῦσαι
3496 3564 3720 3634 μᾶλλον,

2135 3649 2262 3712 τούς
2288 3648 2598 3721 βαρϐάρους
2616 3650 2712 3703 καὶ
2737 3650 2995 3721 ἀνοήτους
3015 3649 3108 3703 καί
3129 3649 3399 3720 μηδέποτε
3427 3646 3726 3717 μετασχόνδ

2135 3746 2234 3795 τας
2257 3731 2408 3795 θείας
2428 3732 2795 3797 διδασκαλίας,
2820 3731 2854 3801 ἢ
2877 3732 3004 3795 τούς
3022 3733 3087 3785 ὲκ
3111 3732 3336 3804 πρώτης
3356 3729 3572 3802 ἡλικίας
3589 3745 3723 3801 προ-

2137 3817 2398 3884 φητικαῖς
2424 3816 2791 3885 ἐντραφέντας
2818 3815 3056 3885 βίϐλοις;
3080 3814 3252 3869 Παντὶ
3280 3813 3458 3884 δῆλον,
3480 3813 3565 3865 δτι
3596 3813 3723 3875 τούς

2149 3897 2439 3961 Ἰουδαίους
2471 3898 2704 3969 μᾶλλον·
2723 3898 2861 3952 ἀλλά
2892 3898 3081 3968 γέγονε
3107 3895 3439 3951 τούναντίον.
3480 3896 3596 3950 Καὶ
3626 3887 3721 3947 οὗ·

2135 3998 2219 4035 τοι
2251 3981 2351 4051 μὲν
2399 3981 2711 4054 ἠπίστησαν
2758 3980 2838 4052 τῷ
2879 3982 3122 4053 Δεσπότῃ
3162 3980 3440 4052 βασιλείαν
3476 3976 3721 4050 οὐρανῶν

2137 4063 2484 4135 κηρύττοντι,
2502 4067 2701 4118 ἐκεῖνοι
2728 4065 2785 4118 δέ
2807 4065 3138 4120 ἐπίστευσαν
3159 4064 3238 4137 τῷ
3261 4064 3532 4134 συνδούλῳ
3557 4077 3721 4117 καταο

2137 4149 2378 4220 στροφὴν
2411 4148 2741 4212 ἀπειλοῦντι,
2771 4150 2859 4203 ἵνα
2891 4148 3153 4221 μειζόνως
3179 4149 3454 4203 κάκείνων
3479 4150 3513 4219 ή
3542 4144 3718 4200 ἐπιεί-

2136 4248 2260 4285 κεια
2296 4234 2391 4286 καὶ
2429 4232 2637 4287 τούτων
2683 4235 2716 4306 ή
2760 4232 3119 4306 ἀγνωμοσύνη
3166 4234 3498 4304 φανήσηται.
3535 4233 3629 4303 Μή
3667 4241 3720 4285 τι

2135 4315 2375 4386 δαίμων;
2406 4317 2479 4388 μή
2512 4334 2567 4370 τι
2605 4316 2889 4381 διάϐολος;
2923 4320 2996 4389 μή
3031 4334 3086 4372 τι
3107 4316 3279 4388 τύχης
3321 4317 3395 4389 μή
3434 4333 3489 4369 τι
3523 4318 3717 4387 είμαρο

2140 4401 2304 4470 μένη;
2339 4402 2458 4471 οὐχὶ
2478 4401 2707 4463 ἕκαστος
2741 4401 2922 4472 ἐαυτῷ
2948 4402 3123 4464 αῐτιος
3149 4401 3245 4455 καὶ
3271 4401 3369 4471 τῆς
3394 4399 3598 4464 κακίας
3625 4396 3721 4453 καὶ

2134 4482 2236 4552 τῆς
2261 4483 2462 4553 ἀρετῆς
2489 4483 2728 4553 ἐγίνετο;
2757 4485 2820 4537 Εί
2851 4485 2960 4555 γὰρ
2998 4483 3072 4555 μὴ
3112 4485 3267 4538 αὐτοὶ
3296 4482 3523 4554 ἔμελλον
3553 4479 3721 4538 ὑπεύ·

2135 4565 2284 4620 θυνοι
2322 4566 2562 4632 ἔσεσθαι,
2591 4568 2693 4621 οὐκ
2720 4567 2787 4621 ἂν
2820 4562 2994 4633 εἶπεν,
3028 4569 3112 4622 δτι
3148 4567 3585 4637 Κῑιτακρινοῦσι
3605 4564 3719 4633 τὴν

2134 4650 2349 4719 γενεὰν
2376 4651 2635 4719 ταύτην
2668 4651 2771 4704 οὐκ
2798 4651 2864 4705 ἂν
2891 4652 2987 4705 καὶ
3024 4650 3123 4723 τὴν
3156 4651 3478 4722 βασίλισσαν
3509 4649 3605 4704 τοῦ
3638 4646 3721 4702 νό-

2134 4748 2229 4787 του
2261 4732 2609 4805 κατακρίνειν
2638 4735 2767 4796 τούς
2804 4733 3095 4798 Ἰουδαίους
3124 4736 3250 4805 ἔφη.
3285 4734 3363 4787 Οὐ
3399 4733 3510 4805 γάρ
3535 4732 3601 4805 δὴ
3632 4730 3719 4800 δῆ-

2139 4834 2228 4887 μοι
2260 4817 2466 4888 δήμους
2499 4817 2658 4886 μόνον
2710 4816 3102 4887 κατακρινοῦσι
3153 4818 3297 4884 τότε,
3332 4816 3471 4872 ἁλλά
3514 4817 3609 4870 καὶ
3635 4807 3716 4875 εἷς

2134 4901 2422 4972 ἄνθρωπος
2448 4901 2620 4971 δῆμον
2657 4900 2954 4973 ὁλόκληρον
3006 4901 3289 4967 πολλάκις,
3318 4904 3449 4957 ὅταν
3478 4901 3576 4965 οὓς
3614 4898 3714 4971 μὲν

2135 4984 2411 5056 ἐνεδέχετο
2445 4984 2645 5056 μᾶλλον
2675 4987 3055 5058 ἀπατηθῆναι,
3100 4987 3382 5057 φαίνονται
3432 4986 3713 5057 μείναντες

2134 5065 2555 5137 ἀνεξαπάτητοι,
2587 5068 2636 5121 οἰ
2665 5069 2723 5122 δὲ
2760 5071 2825 5124 ἐκ
2860 5070 3062 5134 παντὸς
3097 5069 3301 5141 τρόπου
3330 5068 3712 5141 περιγενέσθαι

2134 5150 2459 5220 ὀφείλοντες,
2491 5151 2820 5222 ἡττηθέντες
2846 5151 3072 5225 τύχωσι.
3128 5153 3228 5206 Διά
3269 5151 3428 5207 τοῦτο
3477 5153 3574 5207 καὶ
3615 5146 3710 5206 τοῦ

2148 5234 2320 5304 ’Δδὰμ
2342 5233 2552 5288 καὶτοῦ
2600 5233 2721 5288 Ἰὼϐ
2746 5237 3098 5308 ἐμνήσθημεν
3117 5254 3131 5268 ⁸
3157 5237 3369 5306 ἀνάγκη
3399 5236 3509 5308 γὰρ
3553 5234 3712 5289 πάλιν

2134 5316 2450 5370 ἐπανελθεῖν
2495 5317 2588 5370 ἐπὶ
2632 5318 2731 5389 τὴν
2762 5319 3019 5372 ὑπόθεσιν
3057 5318 3274 5390 ἐκείνην
3294 5359 3308 5381 ,
3344 5318 3484 5373 ὥστε
3505 5318 3574 5372 τὰ
3606 5315 3709 5371 λείο

2133 5399 2279 5469 ψανα
2306 5400 2597 5454 ἀποδοῦναι
2619 5401 2697 5471 τῷ
2720 5401 2883 5473 λόγῳ.
2915 5401 3004 5473 Τῷ
3041 5404 3140 5473 μὲν
3165 5399 3260 5457 οὖν
3296 5403 3469 5474 Ἀδὰμ
3493 5403 3581 5458 διὰ
3610 5404 3709 5472 ῥηι-

2137 5484 2322 5555 μάτων
2348 5484 2653 5556 προσέϐαλε
2676 5485 2867 5555 ψιλῶν,
2897 5486 2977 5557 τῷ
2999 5485 3060 5540 δὲ
3087 5483 3207 5541 Ἰὼϐ
3229 5488 3322 5541 καὶ
3341 5487 3429 5541 διὰ
3459 5484 3709 5557 πραγμά⁴

2133 5586 2272 5625 των·
2304 5569 2396 5624 τὸν
2431 5572 2530 5639 μὲν
2551 5570 2661 5641 γάρ
2690 5571 2785 5624 τοῦ
2818 5570 3050 5625 πλούτου
3081 5570 3282 5636 παντὸς
3305 5570 3587 5642 ἐγύμνωσε
3614 5566 3706 5623 καὶ

2132 5652 2243 5707 τῶν
2279 5653 2485 5707 παίδων
2529 5649 2908 5723 ἀπεστέρησε·
2959 5654 3152 5709 τούτου
3194 5653 3253 5708 δὲ
3286 5656 3347 5708 οὐ
3403 5653 3617 5726 μικρὸν,
3646 5649 3706 5704 οὐ

2139 5736 2282 5809 μέγα
2312 5754 2365 5791 τι
2390 5737 2499 5791 τῶν
2535 5736 2706 5791 ὄντων
2744 5736 3010 5808 ἀφείλετο.
3035 5736 3252 5794 Μᾶλλον
3278 5737 3336 5790 δὲ
3361 5739 3456 5792 καὶ
3482 5737 3621 5793 αὐτά
3642 5733 3706 5788 τά

2135 5822 2357 5892 ῥήματα
2386 5820 2750 5891 ἐξετάσωμεν,
2783 5821 2935 5894 {272]
2969 5823 3064 5876 καί
3099 5822 3197 5892 τῆς
3240 5821 3499 5893 ἐπιϐολῆς
3539 5828 3566 5861 ι
3617 5819 3709 5873 τὸν

2197 5916 2448 5966 'Savilius
2468 5924 2549 5975 τῆς
2570 5918 2838 5977 ἐπιϐυυλῆς,
2853 5925 2905 5968 el
2928 5918 2998 5970 sic
3024 5921 3239 5984 inlcrpr.
