4066 6432
316 405 428 461 267

318 521 406 575 ch‘.
447 517 539 573 2|.
572 516 626 590 l)
665 535 678 572 :
710 531 819 573 non
860 517 937 572 ita
977 531 1135 588 grave
1173 525 1255 572 est
1293 521 1553 586 peccare,
1595 532 1752 588 quam
1796 525 1914 586 post

317 611 614 665 admissum
667 618 944 680 peceatum
1003 607 1284 664 Dominum
1341 623 1616 663 accusare.
1675 609 1918 678 Agnosce

318 702 526 774 peccati
553 712 846 768 auctorem,
875 702 1187 771 nullumque
1212 701 1372 757 alium
1401 702 1660 772 reperies,
1686 717 1842 772 quam
1868 709 1919 756 te

313 798 408 868 qui
441 797 694 867 peccasti.
730 797 934 867 Ubique
961 796 1101 851 bono
1130 812 1264 868 opus
1299 805 1382 852 est
1425 796 1696 866 proposito
1727 796 1916 851 volun-

315 891 478 954 tatis;
513 889 562 944 id
589 897 769 943 autem
796 889 946 943 vobis
981 888 1344 958 comprobavi,
1375 903 1479 943 non
1509 889 1678 944 solum
1709 889 1920 943 ratioci-

319 981 422 1034 niis
444 1021 458 1042 ,
492 977 586 1034 sed
617 979 868 1048 exemplo
889 993 1273 1034 conservorum
1298 1021 1314 1046 ,
1346 979 1436 1048 qui
1481 979 1532 1032 in
1576 977 1678 1033 hoc
1719 978 1918 1034 mundo

322 1071 586 1125 vivebant.
620 1069 730 1125 llac
753 1081 807 1125 et
829 1079 881 1124 tu
909 1081 1062 1125 utere
1082 1069 1535 1126 demonstratione
1559 1087 1575 1121 ι
1600 1070 1677 1124 sic
1698 1077 1752 1124 et
1773 1085 1920 1124 com-

318 1162 498 1216 munis
541 1161 794 1216 Dominus
818 1176 920 1216 nos
943 1161 1201 1230 judicabit
1228 1178 1243 1216 :
1269 1160 1415 1215 hunc
1444 1161 1918 1218 demonstrationis

317 1255 538 1308 modum
573 1255 793 1320 discite,
822 1263 876 1310 et
915 1269 1074 1310 nemo
1112 1254 1260 1309 vobis
1304 1241 1499 1324 poterit
1527 1255 1691 1310 verba
1721 1254 1849 1311 dare
1874 1255 1914 1310 ¹.

313 1344 636 1401 Fornicatur
661 1346 965 1417 quiSpiam?
993 1345 1217 1402 ostende
1260 1347 1334 1401 illi
1376 1347 1542 1401 alium
1579 1348 1918 1402 continenter

316 1448 586 1508 agentem.
629 1438 835 1492 Avarus
877 1446 960 1492 est
1003 1437 1138 1492 alius
1179 1446 1232 1492 et
1273 1438 1480 1508 rapax?
1518 1439 1914 1510 elcemosynam

308 1537 623 1598 erOgantem
665 1529 740 1583 illi
785 1528 998 1584 exhibe.
1033 1529 1088 1583 lu
1128 1528 1296 1584 livore
1326 1539 1380 1584 et
1415 1529 1609 1584 invidia
1636 1531 1917 1585 versatur?

315 1621 384 1674 ab
413 1619 514 1675 hoc
543 1621 731 1675 morbo
758 1619 983 1674 liberum
1019 1620 1069 1675 ei
1107 1621 1352 1676 ostende.
1392 1620 1682 1676 Iracundus
1709 1622 1833 1676 est?
1863 1623 1916 1678 in

313 1711 551 1766 medium
583 1711 756 1766 adduc
785 1728 940 1777 eum,
968 1711 1058 1783 qui
1090 1727 1214 1768 cum
1249 1712 1585 1784 pltilOSOphia
1618 1713 1769 1769 vivit.
1799 1714 1914 1770 Non

311 1804 457 1857 enim
494 1813 701 1858 veteres
731 1803 903 1857 solum
943 1803 1196 1857 historias
1230 1811 1475 1874 repetere
1499 1815 1587 1860 est
1615 1819 1788 1876 opus;
1820 1805 1914 1862 sed

304 1909 343 1947 .a
377 1893 728 1962 praesentibus
755 1895 996 1963 exempla
1027 1894 1286 1950 sumenda
1315 1905 1460 1950 sunt.
1488 1895 1621 1950 Nam
1648 1894 1916 1968 hodieque

309 2001 412 2054 per
443 1985 533 2040 Dei
559 1981 784 2055 gratiam
812 2001 918 2040 non
945 1987 1155 2041 minora
1187 1987 1458 2057 prioribus
1495 1996 1622 2043 sunt
1658 1991 1913 2058 praeclara

305 2091 497 2146 Opera.
529 2076 837 2132 lncredulus
862 2080 976 2142 est,
1004 2087 1064 2133 et
1095 2078 1379 2134 mendaces
1419 2089 1569 2149 putat
1609 2095 1730 2137 esse
1769 2080 1917 2136 Scri-

309 2170 534 2239 pturas?
579 2185 685 2224 non
725 2170 897 2225 credit
937 2170 1128 2226 Jobum
1163 2171 1321 2226 talem
1351 2171 1559 2227 fuisse?
1587 2173 1810 2228 ostende
1839 2174 1914 2228 illi

308 2263 478 2316 alium
511 2263 802 2329 hominem,
836 2264 924 2333 qui
954 2264 1094 2318 illius
1118 2263 1248 2334 justi
1279 2264 1518 2321 imitetur
1540 2265 1722 2320 vitam.
1749 2265 1838 2321 Sic
1862 2275 1916 2322 et

307 2369 413 2409 nos
435 2354 693 2410 Dominus
713 2355 975 2424 iudicabit
997 2372 1010 2408 :
1035 2369 1324 2411 conservos
1346 2371 1464 2410 cum
1488 2357 1764 2412 conservis
1785 2372 1914 2412 con-

312 2446 504 2512 stituit,
538 2461 638 2503 nec
665 2461 762 2502 suo
786 2446 988 2517 judicio
1025 2445 1126 2501 fert
1160 2447 1502 2514 sententiam,
1532 2462 1599 2501 ne
1626 2447 1745 2517 quis
1771 2446 1915 2503 dicat

313 2538 543 2603 iterum,
585 2537 1034 2608 quemadmodum
1081 2538 1171 2592 ille
1217 2537 1476 2605 famulus,
1521 2538 1606 2593 cui
1653 2538 1912 2593 talentum

307 2631 574 2687 creditum
605 2631 796 2697 fuerat,
825 2641 879 2686 et
904 2647 1006 2703 pro
1037 2631 1238 2687 talento
1268 2631 1660 2687 accusationem
1687 2632 1870 2686 retulit
1896 2648 1913 2688 :

309 2725 448 2791 Quia
486 2733 713 2779 austeras
741 2741 794 2779 es
827 2722 1050 2795 (Matth.
1078 2713 1168 2777 25.
1196 2721 1312 2792 24).
1346 2722 1482 2778 Cum
1514 2723 1656 2778 enim
1689 2724 1914 2794 ingemi-

313 2832 464 2872 scere
511 2816 866 2886 oportuisset,
908 2815 1051 2885 quod
1100 2815 1354 2869 talentum
1395 2830 1501 2870 non
1548 2814 1912 2884 duplicasset,

308 2908 527 2978 gravius
556 2906 768 2960 admisit
813 2916 1086 2975 peccatum
1113 2945 1129 2971 ,
1159 2906 1389 2974 propriae
1424 2906 1665 2977 scgnitici
1694 2921 1914 2962 accusa-

308 3001 511 3053 tionem
559 3006 745 3052 contra
795 2996 1069 3050 dominum
1118 2995 1394 3064 adjiciens.
1435 2995 1572 3064 Quid
1614 2997 1756 3051 enim
1798 2997 1915 3051 ait?

311 3091 551 3144 Sciebam
581 3089 699 3160 quia
723 3099 955 3142 austeras
985 3104 1056 3140 es.
1078 3087 1126 3142 0
1151 3087 1334 3150 miser,
1363 3102 1396 3141 ο
1425 3087 1603 3142 infelix
1628 3096 1684 3142 et
1708 3088 1915 3158 ingrate

308 3193 371 3236 et
403 3182 622 3251 ignave!
650 3195 773 3236 cum
815 3179 1078 3250 ignaviam
1109 3187 1250 3234 tuam
1283 3193 1535 3235 accusare
1563 3179 1791 3235 deberes
1815 3223 1829 3245 ,
1861 3187 1916 3236 et.

319 3276 398 3329 sic
427 3274 572 3343 prius
610 3281 883 3343 peccatum
912 3272 1154 3328 minuere
1172 3313 1187 3337 ,
1222 3280 1276 3326 tu
1305 3281 1488 3326 contra
1517 3271 1792 3327 dominum
1821 3289 1914 3328 ac-

314 3367 646 3421 cusationem
676 3375 911 3433 vertens,
944 3365 1063 3420 loco
1092 3364 1272 3420 talenti
1307 3375 1581 3435 peccatum
1609 3365 1910 3436 duplicasti.

387 3461 440 3515 5.
469 3458 672 3514 idcirco
703 3459 843 3514 Deus
871 3473 1058 3514 servos
1087 3468 1139 3514 et
1177 3473 1364 3514 servos
1393 3459 1598 3527 statuit,
1627 3468 1685 3515 ut
1713 3459 1766 3514 hi
1795 3460 1914 3515 illos

313 3550 570 3620 judicent,
595 3559 648 3604 et
673 3551 746 3604 illi
769 3550 834 3605 ab
857 3551 938 3605 bis
957 3549 1199 3619 iudicati,
1231 3565 1336 3604 non
1362 3549 1595 3605 habeant
1614 3551 1750 3605 ultra
1773 3552 1914 3607 unde

314 3641 602 3697 Dominum
633 3650 904 3696 accusent.
935 3641 1221 3709 Propterea
1247 3640 1374 3694 dicit
1405 3658 1417 3694 :
1462 3640 1604 3695 Venit
1631 3639 1802 3696 Filius
1823 3643 1915 3696 ho-

314 3736 466 3789 minis
491 3735 542 3788 in
566 3735 731 3807 gloria
759 3733 931 3788 Patris
960 3738 1039 3790 sui
1067 3733 1278 3806 (Matth.
1309 3733 1400 3792 16.
1427 3732 1544 3804 27).
1572 3733 1704 3789 Vide
1730 3735 1914 3804 gloria:

313 3827 674 3898 aequalitatem
695 3846 708 3882 :
726 3844 836 3886 non
858 3828 1016 3895 dixit,
1035 3827 1093 3882 In
1117 3825 1284 3895 gloria
1311 3825 1470 3879 simili
1500 3825 1684 3895 gloria:
1710 3825 1909 3889 Patris,

312 3916 443 3983 sed,
487 3915 554 3970 In
594 3915 759 3988 gloria
796 3913 998 3981 Patris,
1045 3923 1092 3968 et
1131 3913 1452 3986 congregabit
1493 3925 1662 3986 gentes
1701 3932 1872 3968 omnes
1894 3931 1914 3968 :

311 4009 556 4064 terribile
580 4007 832 4076 tribunal,
864 4007 1102 4062 terribile
1131 4007 1503 4077 peccatoribus
1528 4015 1583 4061 et
1610 4007 1715 4062 rcis
1745 4025 1758 4061 :
1789 4021 1910 4062 nam

315 4100 418 4155 sibi
460 4099 692 4155 consciis
731 4098 799 4154 de
846 4099 988 4154 bono
1027 4112 1191 4168 opere
1215 4139 1229 4164 ,
1261 4096 1616 4153 desiderabile
1653 4097 1914 4167 dulceque

310 4202 400 4250 est.
427 4213 440 4249 :
470 4193 537 4248 Et
572 4193 839 4247 constituet
871 4208 984 4246 oves
1019 4208 1049 4245 a
1085 4191 1309 4257 dextris,
1350 4201 1397 4244 et
1438 4191 1610 4245 haedos
1637 4208 1667 4244 a
1695 4191 1913 4245 sinistris

313 4285 530 4358 (Matth.
572 4285 662 4340 23.
704 4280 796 4356 55)
833 4301 846 4337 :
878 4291 932 4338 et
957 4282 1009 4337 hi
1041 4289 1094 4335 et
1121 4282 1192 4335 illi
1226 4281 1471 4336 homines
1500 4291 1642 4336 sunt.
1675 4281 1781 4337 Cur
1811 4282 1912 4335 ita-

311 4393 421 4448 que
450 4378 522 4432 illi
556 4390 686 4432 oves
707 4417 721 4442 ,
751 4374 807 4428 hi
847 4373 1024 4430 inedi?
1062 4374 1176 4428 Non
1208 4381 1265 4427 ut
1292 4369 1646 4428 differentiam
1676 4382 1910 4439 naturae,

315 4469 411 4526 sed
439 4479 497 4525 ut
523 4467 811 4523 voluntatis
835 4465 1120 4521 discrimen
1147 4463 1374 4520 ediscas.
1399 4464 1505 4520 Cur
1532 4476 1710 4520 autem
1742 4466 1798 4530 ii,
1821 4466 1912 4536 qui

314 4563 712 4634 eleemosynam
741 4576 846 4615 non
873 4566 1182 4630 erogarnnt,
1217 4558 1360 4614 btedi
1390 4559 1552 4614 sunt?
1579 4559 1713 4627 Quia
1743 4559 1913 4614 infru-

313 4662 560 4708 ctuosum
587 4661 672 4708 est
698 4651 896 4705 animal
919 4692 935 4718 ,
964 4648 1105 4721 quod
1135 4665 1310 4719 neque
1336 4650 1490 4705 lactis
1521 4650 1873 4706 ministerium
1894 4693 1910 4718 ,

319 4763 492 4818 neque
519 4747 743 4816 prolem,
774 4761 945 4814 neque
971 4744 1196 4814 pilorum
1219 4744 1503 4800 utilitatem
1531 4743 1700 4814 possit
1720 4739 1914 4800 afferre

315 4837 572 4901 dominis,
594 4835 716 4906 quia
741 4834 813 4889 ob
836 4843 1211 4904 praematuram
1239 4842 1450 4890 atatem
1479 4833 1599 4890 talis
1624 4844 1912 4905 proventus

315 4945 516 5002 expers
539 4937 641 4986 est.
673 4928 798 4983 Ideo
821 4941 920 4983 eos
944 4926 1035 4998 qui
1064 4927 1266 4981 nullum
1299 4927 1654 4999 elcemosynae
1683 4927 1910 4983 fructum

317 5025 514 5091 lerunt,
546 5023 735 5078 haedos
759 5019 1000 5085 vocavit;
1023 5034 1116 5075 eos
1139 5028 1317 5074 autem
1343 5020 1430 5090 qui
1459 5035 1488 5072 a
1515 5019 1735 5088 dextris,
1760 5036 1908 5077 oves.

317 5120 397 5174 Ab
427 5118 533 5174 illis
557 5117 698 5174 enim
731 5117 917 5188 ingens
947 5121 1238 5187 proventus
1267 5130 1329 5168 ex
1360 5113 1479 5168 lana
1500 5155 1514 5179 ,
1543 5129 1608 5169 ex
1637 5115 1813 5185 prole,
1845 5129 1908 5170 ex

316 5214 475 5268 lacte.
506 5208 645 5279 Quid
692 5210 850 5282 igitur
890 5209 964 5263 ait
1001 5208 1107 5262 illis
1136 5225 1149 5260 :
1181 5202 1516 5262 Esurieutem
1548 5223 1634 5262 me
1665 5208 1868 5263 vidistis
1893 5251 1908 5274 ,

316 5317 371 5361 et
397 5304 698 5361 nutrivistis
726 5319 851 5369 me;
891 5302 1111 5365 nudum,
1139 5309 1194 5356 et
1223 5299 1500 5364 induistis;
1535 5300 1824 5370 hospitem,
1855 5310 1918 5356 et.

311 5396 604 5468 eollegistis
634 5394 849 5464 (Matth.
880 5394 972 5450 25.
1004 5394 1116 5464 35).
1150 5393 1378 5448 Rursum
1422 5391 1488 5447 ad
1529 5393 1648 5448 illos
1687 5405 1906 5449 contra-

315 5490 392 5544 ria
423 5507 437 5544 :
464 5500 518 5543 ct
545 5487 760 5558 quidem
793 5495 899 5540 tam
935 5486 1008 5541 illi
1037 5500 1194 5557 quam
1226 5485 1279 5540 hi
1311 5485 1554 5540 homines
1581 5495 1754 5552 erant,
1785 5501 1905 5541 eas-

314 5582 436 5636 dem
461 5579 670 5650 utrique
691 5587 1006 5648 acceperant
1029 5578 1430 5646 promissiones,
1455 5577 1643 5632 eadem
1670 5578 1909 5648 utrisque

314 5675 448 5729 bene
468 5671 811 5743 operantibus
837 5671 1053 5741 praemia
1074 5671 1341 5740 proposita
1367 5687 1380 5725 :
1404 5670 1542 5725 idem
1570 5670 1684 5742 ipse
1708 5685 1802 5740 pro
1826 5671 1908 5726 bis

312 5775 364 5820 et
396 5780 492 5836 pro
521 5765 623 5819 illis
661 5763 838 5829 venit,
866 5761 1054 5817 eadem
1093 5776 1212 5818 cum
1256 5762 1494 5818 nuditate
1521 5762 1585 5816 ad
1617 5770 1906 5832 utrosque,

378 5879 394 5908 ε
431 5884 569 5939 neg.,
590 5889 669 5931 vos
689 5888 881 5940 capere,
917 5889 1018 5939 pro,
1045 5875 1175 5925 vobis
1198 5877 1342 5928 verba
1366 5877 1503 5927 dare.

637 5965 883 6021 Parnm,
952 5965 1067 6023 Gn.
1114 5964 1341 6033 XLIX.

1321 403 1406 460 DE
1446 403 1740 462 DMBOLO
1777 405 2217 464 TENTATORE.
2252 411 2482 468 llOMlL.
2525 412 2614 469 Ill.

3505 433 3611 489 268

2028 521 2214 575 eadem
2242 521 2400 589 fame,
2431 524 2624 596 hospes
2653 525 2834 582 itidem
2859 543 2872 580 :
2895 528 3072 582 omnia
3098 537 3217 583 sunt
3244 537 3298 584 et
3327 526 3409 584 his
3432 539 3487 586 et
3510 533 3616 589 illis

2027 616 2269 684 aequalia.

2099 707 2179 762 Ea:
2207 708 2476 764 voluntatis
2507 694 2761 781 proposito
2792 714 2907 768 boni
2953 714 3030 769 vel
3075 715 3198 770 mali
3222 717 3622 773 sumus—Cui-

2023 815 2153 870 crgo
2201 800 2319 854 linis
2341 817 2444 856 non
2473 805 2704 860 similis?
2730 807 2862 874 Qula
2885 807 2934 861 id
2959 808 3244 864 voluntatis
3289 812 3622 880 propositum

2026 908 2130 947 non
2155 895 2424 964 permisit:
2445 895 2572 951 illud
2602 898 2741 952 enim
2761 899 2930 953 solum
2952 899 3345 958 distinctionem
3372 903 3515 958 illam
3540 903 3626 958 fe-

2026 986 2115 1038 cit.
2175 985 2342 1056 llujus
2390 1003 2548 1042 causa
2605 989 2679 1044 illi
2712 991 3107 1060 ingebeunam,
3160 993 3213 1048 hi
3265 994 3318 1049 in
3371 1011 3617 1066 regnum,

2027 1088 2288 1149 pergunt:
2319 1080 2461 1149 quod
2500 1081 2544 1134 si
2591 1080 2833 1137 diabolus
2863 1084 2992 1154 ipsis
3043 1093 3229 1140 auctor
3276 1097 3618 1155 peccatorum

2023 1179 2187 1237 esset,
2217 1187 2322 1226 non
2357 1174 2555 1244 utique,
2607 1175 2714 1229 alio
2741 1188 2992 1245 peccante
3014 1188 3065 1234 et
3094 1178 3161 1234 ad
3208 1190 3481 1250 peccatum
3514 1181 3615 1236 im-

2025 1264 2286 1333 pellente,
2333 1264 2384 1318 hi
2412 1266 2670 1336 supplicio
2699 1267 2962 1324 alliciendi
2991 1282 3164 1326 erant.
3196 1272 3388 1328 Videu’
3419 1274 3503 1330 hic
3560 1285 3619 1330 et

2023 1357 2110 1426 qui
2142 1370 2495 1427 peccaverunt
2522 1370 2578 1415 et
2598 1361 2688 1431 qui
2720 1362 2856 1418 bene
2873 1364 3132 1434 egerunt?
3155 1365 3324 1420 viden’
3349 1367 3620 1437 quomodo

2024 1466 2318 1508 conservos
2340 1453 2604 1521 videntes,
2626 1455 3031 1514 obmutuerunt?
3057 1451 3167 1528 Age
3184 1459 3248 1513 ad
3275 1460 3415 1514 aliud
3441 1476 3619 1516 exem-

2024 1543 2169 1612 plum
2191 1558 2490 1598 sermonem
2513 1545 2916 1605 transferamus.
2937 1549 3201 1619 Virgines,
3222 1551 3411 1620 inquit,
3431 1551 3616 1606 decem

2024 1644 2178 1689 erant
2199 1634 2408 1706 (Matth.
2442 1637 2558 1709 ‘25).
2585 1625 2681 1693 llic
2710 1656 2893 1695 rursus
2919 1641 3221 1698 voluntates
3247 1655 3370 1698 sunt
3387 1660 3504 1715 qua:
3526 1644 3620 1699 be-

2022 1742 2089 1780 ne
2110 1737 2416 1797 operantur,
2434 1737 2485 1784 et
2507 1746 2624 1800 qua:
2646 1727 2981 1803 delinquunt,
3007 1742 3063 1787 ut
3083 1750 3148 1788 ex
3177 1737 3424 1806 Opposita
3450 1746 3504 1792 et
3525 1737 3620 1792 ha-

2023 1836 2139 1875 rum
2173 1834 2389 1890 peccata
2410 1823 2610 1890 videas,
2631 1835 2685 1880 et
2707 1825 2917 1881 illarum
2943 1827 3080 1882 bona
3098 1844 3261 1897 Opera
3294 1848 3307 1883 :
3336 1846 3617 1900 compara-

2024 1916 2096 1970 tio
2111 1916 2253 1970 enim
2315 1916 2432 1972 lucc
2459 1920 2603 1974 clare
2635 1920 2871 1975 exhibet.
2897 1919 2963 1976 Et
3003 1922 3085 1976 ha:
3130 1935 3183 1978 et
3231 1923 3336 1979 illa:
3361 1925 3613 1996 virgines,

2025 2015 2081 2060 ct
2123 2007 2204 2061 ba:
2227 2016 2280 2062 et
2309 2007 2414 2062 illa;
2446 2009 2710 2080 quinque;
2743 2012 3015 2082 lampadas
3043 2005 3283 2085 utraeque
3321 2016 3614 2082 habebant.

2019 2111 2206 2151 omnes
2233 2111 2488 2167 sponsum
2517 2102 3030 2170 cxspectabant.Cur
3054 2105 3168 2159 alia:
3193 2107 3463 2176 ingressrc,
3495 2109 3618 2164 aliae

2020 2205 2125 2244 non
2155 2191 2405 2260 ingressae
2422 2193 2584 2247 sunt?
2605 2194 2737 2260 Quia
2761 2196 2864 2250 illa:
2882 2197 3094 2267 quidem
3119 2198 3422 2254 inhumana:
3438 2213 3613 2267 erant,

2021 2279 2101 2333 ha:
2128 2295 2254 2334 vero
2286 2293 2575 2339 mansueta:
2599 2293 2652 2339 et
2681 2284 2950 2344 humanm.
2982 2288 3169 2344 Videu‘
3188 2305 3398 2347 rursum
3427 2295 3614 2348 volune

2021 2373 2142 2426 tatis
2194 2374 2524 2443 propositum
2549 2391 2764 2431 causam
2799 2377 2962 2434 fuisse
2992 2379 3130 2444 linis,
3165 2397 3270 2435 non
3297 2393 3473 2438 autem
3495 2384 3620 2438 dia:

2019 2459 2240 2516 bolum?
2271 2464 2421 2518 vides
2457 2480 2525 2519 ex
2551 2469 2795 2537 opposito
2819 2469 3038 2540 judicia.
3059 2480 3111 2525 et
3135 2487 3196 2527 ex
3221 2474 3480 2529 similibus
3506 2476 3613 2530 cal-

2019 2553 2169 2607 culos
2196 2551 2360 2608 ferri?
2386 2553 2642 2612 Couservi
2668 2572 2959 2613 conservos
2982 2561 3310 2630 judicabunt.
3333 2564 3494 2620 Visne
3518 2566 3614 2620 tibi

2019 2645 2296 2700 os:endam
2325 2647 2484 2701 etiam
2508 2663 2572 2703 ex
2597 2648 2945 2706 dissimilibus
2976 2653 3091 2708 fieri
3121 2657 3616 2724 comparationem?

2021 2738 2080 2792 fit
2099 2739 2241 2794 enim
2269 2750 2327 2795 et
2348 2758 2413 2796 ex
2436 2741 2809 2810 dissimilibus,
2832 2754 2890 2798 ut
2909 2747 3288 2804 condemnatio
3308 2751 3378 2804 sit
3397 2750 3613 2805 clarior.

2028 2827 2139 2883 Viri
2177 2829 2441 2897 Ninivitee,
2477 2833 2662 2903 inquit,
2681 2847 2884 2906 surgent
2910 2846 2955 2890 et
2981 2839 3383 2895 condemnabam
3401 2858 3616 2912 genera-

2019 2919 2204 2974 tionem
2224 2922 2356 2975 hanc
2371 2922 2584 2994 (Matth.
2609 2925 2695 2978 12.
2719 2927 2832 2997 il).
2851 2927 2964 2981 Non
2984 2929 3121 2983 ultra
3142 2930 3344 2986 similes
3364 2941 3488 2986 sunt
3505 2933 3534 2985 ii
3549 2933 3616 2986 de

2018 3011 2210 3080 quibus
2233 3011 2490 3081 judicium
2514 3015 2682 3070 fertur
2707 3035 2718 3068 :
2745 3033 2867 3070 nam
2890 3019 2978 3072 alii
3001 3019 3212 3075 barbari
3239 3031 3383 3088 sunt,
3402 3023 3490 3077 alii
3517 3023 3615 3077 .lu-

2019 3102 2142 3158 dtei:
2176 3103 2228 3158 hi
2261 3105 2624 3175 prophetieam
2653 3108 2956 3165 doctrinam
2983 3115 3254 3183 assequuti
3306 3126 3478 3183 erant,
3523 3116 3613 3171 alii

2018 3210 2306 3266 numquam
2339 3197 2406 3252 de
2432 3198 2629 3256 divinis
2650 3201 2947 3255 audierant.
2973 3202 3157 3273 Neque
3178 3205 3278 3260 hoc
3304 3214 3505 3261 tantum
3536 3208 3616 3262 in-

2021 3298 2184 3345 terest
2225 3289 2571 3360 discriminis,
2604 3293 2696 3348 sed
2724 3293 2864 3363 quod
2891 3293 2958 3349 ad
2998 3295 3118 3350 illos
3147 3311 3333 3352 servus
3353 3340 3368 3362 ,
3394 3298 3458 3353 ad
3513 3301 3615 3354 hos

2021 3380 2278 3437 Dominus
2307 3384 2514 3438 venerit
2545 3403 2558 3437 ε
2591 3395 2646 3439 et
2673 3384 2760 3439 ille
2789 3386 3002 3456 quidem
3036 3387 3265 3443 futuram
3309 3389 3617 3446 subversio—

2017 3489 2140 3528 nem
2161 3476 2577 3545 prasituntiabat,
2607 3477 2695 3532 hic
2729 3493 2856 3533 vero
2877 3495 3100 3550 regnum
3130 3482 3389 3536 cmlorum
3418 3484 3614 3552 prdidi-

2017 3565 2192 3620 cabat.
2216 3565 2361 3634 Quos
2389 3583 2518 3639 ergo
2560 3569 2860 3625 credituros
2905 3586 3027 3628 esse
3072 3573 3416 3628 verisimilius
3467 3588 3614 3642 erat,

2019 3657 2344 3714 barbarosne
2375 3661 2526 3726 illos,
2581 3661 2914 3733 insipientes,
2948 3664 3038 3735 qui
3084 3681 3373 3737 numquam
3423 3669 3618 3725 divina:

2017 3747 2275 3805 doctrinae
2291 3752 2574 3822 participes
2589 3752 2817 3821 fuerant,
2839 3770 2908 3809 an
2931 3770 3024 3811 eos
3045 3756 3178 3826 quia
3200 3759 3397 3813 teneris
3420 3760 3471 3814 in
3491 3775 3618 3830 pro-

2021 3837 2246 3908 pheticis
2287 3841 2438 3898 libris
2483 3842 2692 3898 educati
2724 3844 2968 3900 fuerant?
3016 3846 3224 3902 Nemini
3255 3865 3363 3904 non
3401 3851 3618 3907 videtur

2016 3927 2231 3985 Judzeos
2256 3933 2432 4002 potius
2449 3933 2785 4000 credituros;
2813 3937 2906 3991 sed
2929 3941 3256 3995 contrarium
3290 3943 3501 3998 accidit.
3552 3945 3615 4000 lli

2017 4021 2232 4092 quidem
2279 4040 2384 4077 non
2420 4025 2766 4082 crediderunt
2814 4029 3039 4084 Domino
3086 4047 3307 4102 regnum
3357 4035 3614 4089 caelorum

2020 4107 2354 4186 praxlicanti,
2387 4117 2461 4172 illi
2491 4134 2618 4174 vero
2647 4120 2995 4176 crediderunt
3019 4137 3281 4178 conservo
3308 4125 3614 4181 subversio—

2018 4223 2140 4262 nem
2167 4211 2534 4275 comminanti,
2556 4220 2614 4265 ut
2636 4213 2831 4268 clarius
2857 4223 3124 4270 eteorum
3154 4217 3400 4288 :equitas,
3424 4229 3477 4272 et
3509 4219 3610 4274 ho.

2018 4315 2136 4354 rum
2161 4300 2477 4370 improbitas
2507 4313 2812 4372 appareret.
2846 4305 3114 4376 Numquid
3164 4306 3412 4364 daemon?
3452 4327 3612 4365 num-

2017 4390 2143 4462 quid
2188 4391 2470 4448 diabolus?
2500 4396 2756 4466 numquid
2799 4395 3049 4452 fortuna?
3101 4400 3357 4470 numquid
3410 4403 3614 4458 fatum?

2017 4483 2274 4552 numquid
2323 4485 2423 4539 sibi
2445 4486 2671 4557 quisque
2700 4502 2858 4543 causa
2905 4487 3003 4543 fuit
3033 4499 3142 4545 tum
3182 4492 3468 4562 nequitiae,
3501 4502 3613 4549 tum

2016 4576 2264 4631 virtutis?
2293 4575 2406 4631 Nisi
2437 4577 2580 4632 enim
2613 4579 2687 4633 illi
2729 4581 2805 4634 rei
2859 4579 3017 4635 futuri
3045 4590 3243 4649 essent,
3278 4599 3614 4654 nequaquam

2015 4668 2238 4723 dixisset
2255 4667 2697 4724 :Condemnabnnt
2716 4673 3088 4742 generationem
3109 4674 3610 4747 hancmequaquam

2016 4759 2241 4815 dixisset
2268 4761 2506 4831 reginam
2530 4762 2711 4817 Austri
2733 4763 3207 4820 condemnaturam
3231 4765 3446 4821 Judzros
3465 4781 3608 4822 esse.

2017 4850 2134 4906 Non
2159 4851 2331 4906 solum
2354 4853 2494 4908 enim
2525 4841 2967 4924 impun-populos,
2999 4855 3094 4909 sed
3121 4871 3256 4910 unus
3283 4857 3442 4911 homo
3467 4873 3610 4928 szepe

2019 4942 2282 5013 integrum
2328 4943 2582 5015 populum
2616 4945 2940 5000 condemnat
2971 4963 2984 4999 :
3017 4945 3229 5015 quando
3257 4947 3313 5013 ii,
3339 4948 3428 5016 qui
3456 4931 3607 5005 facile

2015 5033 2189 5106 decipi
2221 5051 2378 5106 posse
2407 5036 2740 5104 videbantur,
2766 5053 2870 5092 non
2892 5027 3098 5107 decepti
3126 5037 3290 5094 fuisse
3311 5040 3609 5111 deprehen-

2016 5127 2229 5194 duntur,
2273 5137 2328 5184 et
2355 5129 2445 5200 qui
2471 5128 2617 5184 omni
2647 5130 2807 5184 modo
2849 5131 3065 5186 vincere
3095 5118 3388 5200 debebant,
3429 5143 3609 5191 tamen

2017 5231 2351 5292 superantur.
2371 5222 2496 5278 Ideo
2527 5223 2714 5278 Adami
2746 5233 2800 5279 et
2829 5222 2948 5280 Jobi
2986 5225 3312 5284 mentionem
3345 5227 3606 5286 fecimus:

2012 5317 2122 5386 jam
2141 5315 2282 5370 enim
2313 5314 2378 5369 ad
2402 5314 2533 5372 illud
2559 5327 2930 5387 argumentum
2956 5318 3133 5376 redire
3162 5336 3385 5377 necesse
3413 5330 3511 5386 est,
3548 5331 3607 5376 ut

2016 5407 2156 5480 quod
2175 5409 2434 5478 reliquum
2463 5418 2544 5464 est
2565 5409 2931 5478 expediamus.
2960 5411 3222 5466 Adamum
3251 5411 3408 5480 igitur
3449 5410 3604 5466 nudis

2019 5510 2220 5555 tantum
2240 5501 2434 5564 verbis,
2461 5500 2654 5558 Jobum
2676 5500 2827 5558 factis
2844 5519 3126 5574 aggressus
3146 5503 3263 5558 est:
3298 5503 3439 5557 hunc
3459 5503 3602 5559 enim

2015 5592 2264 5647 omnibus
2302 5592 2500 5647 divitiis
2545 5593 2793 5665 spoliavit
2839 5595 3069 5664 filiisque
3111 5595 3343 5658 orbavit,
3400 5592 3473 5646 illi
3505 5609 3609 5649 nee

2015 5684 2294 5738 minimum
2328 5699 2428 5741 nec
2465 5677 2712 5756 magnum
2752 5686 3021 5756 quidpiam
3057 5685 3291 5740 abstulit.
3335 5671 3472 5750 Quin
3507 5699 3602 5755 po-

2015 5776 2120 5830 tius
2158 5775 2269 5845 ipsa
2299 5776 2458 5831 verba
2491 5769 2898 5846 perpendamus,
2941 5787 2992 5830 et
3023 5767 3329 5830 insidiarum
3363 5775 3601 5829 modum.

2012 5867 2450 5940 Acc.’ssit,inquit,
2474 5886 2696 5940 serpens,
2723 5870 2906 5922 etdixit
2936 5869 3129 5922 mulieri
3153 5887 3168 5921 :
3195 5867 3297 5921 Cur
3318 5869 3442 5921 dixit
3467 5865 3607 5923 vobis

3165 5956 3240 6016 17
