4066 6428
485 376 591 439 9.69

475 483 635 543 Deus,
670 478 789 534 Non
817 476 1084 533 comedetis
1106 490 1171 529 ex
1195 475 1333 528 omni
1359 474 1494 543 ligno
1514 513 1529 539 ,
1557 471 1691 542 quod
1719 478 1792 524 est
1826 469 1878 523 in
1918 482 2069 538 para-

475 578 588 630 diso
609 572 756 644 (Gen.
785 573 839 627 5.
876 572 927 641 1)
951 570 974 622 ?
1006 569 1101 622 llic
1124 582 1369 637 serpens,
1398 567 1505 620 illic
1536 579 1674 619 uxor
1698 562 1835 617 Joho
1856 559 2073 614 insidia—

476 676 563 721 tur
590 681 604 718 :
633 663 716 716 hic
744 662 963 716 multum
979 659 1199 714 interest
1221 658 1358 712 inter
1378 656 1711 712 consiliarios
1727 651 2071 707 discriminis.

476 754 608 811 Nam
659 754 748 808 ille
798 751 1010 822 quidem
1055 765 1240 806 servus
1263 792 1279 818 ,
1329 750 1444 804 lucc
1469 749 1590 803 vitm
1618 746 1885 817 particeps
1915 762 1925 796 :
1960 742 2076 797 lure

477 845 795 907 auxiliatrix,
833 844 920 898 ille
959 857 1087 897 vero
1113 841 1361 897 subditus
1389 850 1524 895 erat.
1558 837 1742 893 Viden‘
1770 850 1927 905 quam
1955 833 2075 887 nul-

479 939 560 991 lus
606 940 675 990 sit
702 936 872 991 venia:
914 935 1106 990 locus?
1137 934 1282 988 illam
1310 934 1451 987 enim
1503 932 1747 986 subditus
1791 945 1852 983 ac
1891 940 2077 982 servus

477 1026 674 1081 'rlevicit
703 1043 715 1080 :
743 1026 890 1080 illum
914 1040 981 1079 ne
994 1023 1207 1094 quidem
1222 1037 1442 1077 consors
1463 1030 1517 1076 et
1545 1019 1842 1075 auxiliatrix
1868 1018 2078 1071 vincere

483 1117 670 1185 potuit.
697 1118 764 1171 At
812 1113 1087 1170 videamus
1114 1113 1239 1185 quid
1269 1113 1412 1168 dicat
1439 1130 1453 1167 :
1486 1111 1589 1166 Cur
1609 1111 1736 1164 dixit
1761 1109 1896 1163 vobis
1921 1107 2075 1176 Dens,

482 1208 607 1262 Non
635 1207 899 1261 comedetis
925 1222 986 1260 ea:
1006 1207 1141 1259 omni
1168 1204 1344 1276 ligno?
1364 1204 1523 1274 Atqui
1551 1218 1654 1257 non
1687 1200 1736 1255 id
1766 1201 1903 1255 Deus
1927 1198 2079 1253 dixe-

486 1308 593 1365 rat,
624 1298 718 1353 sed
748 1312 965 1368 prorsus
989 1296 1339 1351 contrarium.
1367 1294 1660 1350 Considera
1703 1293 1880 1362 itaque
1920 1289 2080 1344 vafri-

487 1390 826 1447 tiemdiaboli
849 1407 863 1443 :
887 1390 1025 1444 dixit
1066 1388 1205 1460 quod
1236 1403 1343 1443 non
1363 1386 1561 1442 dictum
1589 1384 1847 1449 fuerat,ut
1869 1382 2078 1438 edisce-

487 1495 566 1539 ret
592 1483 1167 1553 quod'dictum'fuerat.
1198 1479 1333 1548 Quid
1361 1480 1520 1550 igitur
1535 1477 1759 1532 mulier?
1786 1491 1903 1528 cum
1922 1488 2081 1542 opor-

489 1579 683 1633 tuissct
719 1576 800 1629 illi
839 1591 898 1630 os
926 1575 1205 1638 obturare,
1257 1572 1341 1627 vel
1370 1588 1475 1626 non
1524 1569 1884 1640 respondere,
1919 1566 2081 1619 Stulte

489 1667 806 1722 dominicam
833 1664 1150 1720 sententiam
1180 1663 1387 1733 aperuit
1415 1678 1430 1715 :
1462 1661 1692 1731 hincque
1719 1658 1797 1713 illi
1835 1670 2080 1727 magnam

488 1756 717 1828 pnebuit
741 1772 947 1812 ansam.

552 1849 605 1902 4.
639 1847 772 1902 Vide
800 1855 1054 1919 quantum
1086 1846 1283 1902 malum
1312 1846 1381 1901 sit
1408 1859 1526 1901 sese
1550 1853 1750 1899 temere
1776 1840 2005 1897 inimicis
2027 1849 2083 1896 et

491 1938 893 1994 insidiatoribus
927 1938 1138 1993 tradere
1170 1956 1183 1993 :
1213 1938 1334 1993 ideo
1366 1937 1607 1992 Christus
1633 1935 1844 1990 dicebat
1869 1951 1882 1988 :
1912 1930 2086 1986 Nolite

490 2031 614 2085 dare.
635 2040 809 2084 saneta
831 2031 1058 2096 canibus,
1087 2046 1244 2101 neque
1270 2029 1548 2101 projiciatis
1577 2026 1875 2096 margaritas
1897 2033 2085 2078 vestras

491 2131 610 2175 ante
642 2137 841 2192 porcos,
871 2138 934 2175 ne
973 2125 1104 2193 forte
1143 2120 1367 2174 conversi
1411 2120 1731 2187 disrumpunt
1761 2132 1843 2169 vos
1870 2113 2079 2186 (Matth.

491 2213 544 2265 7.
570 2211 647 2281 6).
678 2211 789 2266 lloc
816 2219 993 2267 autem
1023 2210 1151 2265 Eva:
1180 2210 1399 2281 contigit
1434 2228 1446 2264 :
1478 2209 1627 2264 dedit
1654 2215 1833 2261 saneta
1863 2205 2002 2271 cani,
2031 2212 2087 2259 et

494 2318 686 2373 porco;
719 2302 805 2357 ille
834 2303 996 2357 verba
1042 2302 1395 2366 conculcavtt,
1427 2308 1481 2355 et
1504 2313 1795 2354 conversus
1837 2296 2083 2351 feminam

492 2395 741 2465 disrupit.
790 2393 1172 2449 Animadverte
1221 2402 1398 2447 autem
1441 2407 1598 2462 quam
1631 2390 1776 2444 vafro
1803 2389 2081 2457 loquatur:

495 2486 620 2541 Non
648 2497 808 2540 morte
835 2486 1118 2540 moriemini
1136 2484 1287 2558 (Gen.
1317 2483 1462 2554 3.4),
1495 2483 1679 2553 inquit.
1705 2482 1800 2535 llic
1821 2495 1948 2534 vero
1967 2477 2085 2531 ani-

492 2595 639 2634 mum
673 2580 936 2635 advertite
966 2596 980 2633 :
1011 2579 1187 2651 potuit
1232 2578 1425 2632 mulier
1455 2576 1696 2631 fraudem
1743 2574 2038 2643 intelligere
2069 2591 2084 2627 :

493 2674 672 2726 statim
695 2671 839 2726 enim
868 2671 1198 2725 inimicitiam
1229 2680 1283 2724 et
1306 2669 1502 2723 bellqu
1527 2668 1781 2724 adversus
1811 2664 1976 2721 Deum
2006 2664 2088 2718 dc-

495 2765 776 2830 nuntiavit,
808 2764 988 2819 statim
1018 2765 1067 2819 ci
1122 2763 1462 2819 contradixit.
1488 2762 1637 2827 Esto,
1666 2766 1810 2832 prius
1842 2760 1931 2815 Dei
1962 2775 2086 2814 sen-

494 2854 715 2910 tentiam
756 2854 999 2910 ediscere
1028 2854 1226 2910 velenti
1257 2853 1508 2918 dicebas;
1538 2862 1589 2906 at
1617 2853 1787 2922 ipsum
1819 2850 2086 2908 contraria

492 2956 675 3017 postea
702 2946 964 3001 dicentem
1009 2962 1104 3002 cur
1130 2946 1702 3017 sequebarisiDixerat
1730 2945 1894 3011 Dius,
1924 2943 2088 2998 Morte

494 3039 782 3092 moriemini
806 3037 924 3092 :‘his
952 3038 1269 3093 contradixit
1310 3038 1397 3091 ille
1426 3038 1507 3091 his
1536 3038 1730 3099 verbis,
1754 3035 2089 3106 Nequaquam

494 3140 655 3184 morte
687 3131 989 3184 moriemini;
1005 3130 1139 3195 Quid
1174 3128 1276 3184 hoc
1304 3129 1442 3184 bello
1468 3128 1688 3183 clarius?
1711 3127 1972 3183 undenam
1994 3140 2090 3197 po-

494 3229 630 3275 terat
669 3220 858 3275 mclius
888 3221 1136 3290 cognosci
1198 3220 1446 3275 inimicus
1473 3228 1523 3273 et
1550 3219 1740 3285 hostis,
1767 3234 1924 3288 quam
1946 3217 2088 3288 quod

492 3313 757 3367 contraria
787 3313 896 3367 Deo
920 3312 1258 3383 loqueretur?
1285 3311 1579 3367 Confestim
1622 3325 1750 3382 ergo
1790 3310 2087 3380 decipulum

492 3403 631 3460 hanc
646 3403 932 3475 confugere
948 3419 1041 3473 par
1063 3402 1181 3468 fuit,
1206 3418 1233 3455 a
1254 3402 1445 3473 laqueo
1469 3400 1678 3457 resilire
1696 3402 1947 3470 Oportuit.
1974 3397 2086 3454 Nc-

490 3501 738 3566 quaquam
755 3506 914 3549 morte
933 3495 1230 3559 moriemini,
1250 3494 1420 3564 inquit
1441 3510 1455 3546 :
1474 3493 1565 3547 scit
1578 3493 1761 3564 quippe
1779 3490 2088 3562 Deus,gquod

491 3600 593 3655 qua
631 3585 715 3639 die
763 3585 1097 3651 comederitis,
1150 3585 1443 3654 aperientur
1492 3582 1835 3647 oculi-‘t‘estri,
1862 3590 1913 3635 et
1950 3581 2090 3634 eritis

492 3676 621 3729 sicut
639 3675 732 3730 dii.
755 3674 862 3745 Spe
890 3674 1109 3745 majoris
1131 3674 1376 3746 promissi
1403 3673 1564 3730 etiam
1583 3674 1741 3741 bona,
1765 3688 1882 3744 qua:
1900 3673 1952 3727 in
1974 3687 2089 3727 ma-

494 3765 653 3821 nibus
680 3776 854 3833 erant,
878 3766 1113 3838 perdidit
1141 3782 1155 3838 ξ
1179 3767 1496 3837 promiserat
1524 3766 1614 3821 ille
1664 3780 1722 3822 se
1761 3765 1891 3820 deos
1940 3765 2078 3821 elTe-

492 3858 870 3923 cturum,et‘in
889 3858 1085 3913 mortis
1116 3857 1451 3929 tyrannidem
1483 3856 1907 3927 coniecit.‘Unde
1935 3871 2086 3927 ergo,

492 3949 705 4013 mulier,
720 3949 932 4006 diabolo
952 3949 1109 4005 tidem
1122 3949 1392 4006 habuisti?
1415 3949 1540 4020 quid
1563 3950 1685 4004 boni
1706 3949 2089 4020 perspiciehas?

495 4055 673 4095 annon
712 4049 795 4095 sat
830 4041 924 4096 tibi
966 4050 1084 4095 erat
1112 4042 1402 4095 auctoritas
1440 4039 1755 4109 lcgislatoris
1779 4082 1795 4107 ,
1840 4039 2089 4111 quodque

496 4133 635 4189 Deus
662 4141 872 4188 creator
897 4141 951 4187 et
979 4130 1157 4201 opifex
1183 4139 1346 4195 esset,
1369 4130 1456 4184 ille
1485 4145 1613 4185 vero
1637 4129 1882 4185 diabolus
1908 4139 1963 4185 et
1983 4130 2086 4184 ini-

492 4223 706 4279 micus?
734 4223 969 4279 Necdum
1010 4223 1279 4277 diabolum
1307 4221 1568 4288 dixerim,
1598 4230 1899 4291 serpentem
1942 4220 2086 4276 enim

498 4326 699 4372 tantum
723 4332 843 4372 esse
871 4315 1128 4387 putabas:
1161 4322 1537 4384 serpentemne
1559 4315 1687 4369 tanti
1720 4315 1893 4369 facere
1922 4328 2087 4384 opor-

495 4411 615 4475 tuit,
640 4420 699 4465 ut
716 4410 1044 4464 Dominicam
1069 4408 1497 4478 ipsisententiam
1516 4408 1857 4464 denuntiares
1883 4408 1907 4463 2
1931 4407 2088 4463 Vides

496 4501 733 4571 potuisse
761 4499 1246 4568 fraudem'vltlere;
1277 4509 1331 4555 at
1358 4500 1530 4556 noluit
1572 4502 1703 4573 ipsa.
1738 4501 1895 4572 Atqui
1938 4500 2088 4556 Deus

496 4595 604 4669 iam
631 4591 794 4649 multa
826 4591 1191 4647 beneficentia:
1211 4608 1321 4647 sua:
1343 4604 1650 4664 argumenta
1673 4592 1929 4659 dederat,
1954 4606 2087 4661 ope-

497 4684 749 4754 ribusque
778 4684 1163 4755 providentiam
1187 4700 1474 4756 curamque
1503 4700 1653 4740 suam
1681 4684 2087 4740 demonstrave-

496 4787 601 4834 rat.
624 4775 862 4846 Namque
884 4776 1175 4843 hominem,
1195 4779 1282 4849 qui
1300 4787 1453 4833 antea
1470 4792 1576 4833 non
1602 4787 1738 4844 erat,
1762 4777 2084 4844 clTormavil,

494 4870 726 4927 animam
749 4871 848 4942 ipsi
870 4870 1165 4942 inspiravit,
1185 4871 1549 4942 adimaginem
1580 4884 1731 4924 suam
1760 4870 1907 4924 illum
1938 4868 2083 4936 fecit,

496 4962 790 5035 principem
829 4964 1069 5020 omnium
1091 5004 1104 5029 ,
1138 4979 1257 5035 quia
1291 4964 1342 5017 in
1367 4971 1508 5018 terra
1539 4969 1720 5016 essent
1743 5003 1758 5028 ,
1788 4961 2084 5027 constituit,

495 5056 810 5127 adiutricem
833 5056 999 5126 dedit,
1024 5058 1328 5130 paradisum
1348 5054 1626 5126 plantavit,
1659 5064 1713 5109 et
1738 5070 1836 5110 usu
1866 5065 2090 5110 cancro—

497 5149 900 5221 rum’lignorum
928 5164 1207 5216 concesso,
1231 5163 1399 5205 unum
1435 5156 1639 5202 tantum
1669 5162 1738 5202 ne
1766 5147 2090 5218 attingerent

496 5239 667 5297 vetuit
692 5259 705 5296 :
736 5241 880 5314 quod
900 5240 1084 5312 ipsum
1110 5240 1191 5297 ad
1206 5240 1443 5310 ipsorum
1473 5238 1756 5294 utilitatem
1792 5238 2083 5309 prohibuit.

497 5333 753 5391 Diabolus
790 5348 919 5401 vero
946 5347 1118 5403 neque
1143 5332 1443 5391 minimum.
1468 5345 1641 5402 neque
1669 5346 1917 5401 magnum
1936 5330 2090 5401 quid-

497 5428 638 5498 piam
686 5426 812 5483 boni
838 5440 999 5496 opere
1037 5424 1319 5495 prtestitit;
1352 5423 1447 5479 sed
1493 5422 1651 5478 nudis
1676 5431 1880 5477 tantum
1910 5421 2089 5477 verbis

494 5516 740 5575 mulieris
763 5517 998 5571 animum
1027 5514 1308 5583 extollens,
1360 5529 1602 5585 vanaque
1625 5527 1719 5584 spe
1762 5512 1974 5580 inﬂaus,
2015 5512 2089 5568 ita

494 5608 728 5681 decepit.
753 5612 883 5677 Quze
939 5620 1119 5666 tamen
1165 5610 1438 5666 diabolum
1488 5610 1599 5665 Deo
1640 5608 1743 5664 fide
1787 5608 2088 5680 digniorem

492 5701 840 5767 existimavit,
861 5701 962 5758 etsi
990 5701 1131 5757 Deus
1159 5702 1412 5774 operibus
1463 5700 1892 5758 benevolentiam
1937 5715 2087 5755 suam

486 5793 963 5852 dctnonstrasset:
992 5792 1063 5858 ei,
1114 5796 1204 5867 qui
1254 5794 1397 5852 nuda
1442 5795 1602 5853 verba
1661 5793 1897 5864 nihi'dllc
1934 5809 2087 5863 Ῥτίυ·

1212 356 1591 418 S.’JOANNIS
1628 346 2105 411 CHRYSOSTOMI
2143 345 2460 403 ARCillEP.
2501 344 3036 404 CONSTANTlNOP.
3664 344 3785 398 270

2181 473 2324 519 terea
2350 460 2562 528 obtulit,
2614 458 2775 515 ﬁdem
2818 457 3001 514 habuit
3027 456 3236 510 mulier.
3281 451 3460 509 Videu‘
3488 468 3557 507 ex
3603 454 3787 506 stulti-

2180 557 2249 608 tia
2282 562 2484 608 tantum
2505 560 2559 608 et
2584 551 2811 622 ignavia,
2850 563 2958 604 non
3002 555 3185 602 autem
3213 545 3257 601 vi
3293 543 3534 599 fraudem
3594 541 3781 611 profea

2177 655 2319 701 ctam
2345 644 2502 700 esse?
2530 642 2704 712 thue
2724 642 2921 696 clarius
2939 639 3169 701 ediscas,
3192 636 3314 692 audi
3332 632 3605 707 quomodo
3628 632 3784 689 Scri-

2179 746 2333 807 ptura
2356 735 2629 791 mulierem
2651 742 2887 789 accuset.
2908 733 3022 788 Non
3041 732 3181 787 enim
3199 730 3354 795 dixit,
3384 729 3632 797 Decepta,
3653 726 3785 793 sed.

2179 829 2495 899 Conspieata
2534 828 2754 896 lignum,
2809 825 2949 896 quod
2982 825 3257 894 pulchrum
3287 829 3463 886 esset,
3518 818 3786 874 comedit.

2182 923 2365 993 Itaque
2395 921 2598 976 crimen
2630 919 2757 974 illud
2786 915 3188 987 intemperantis
3217 922 3466 984 aspectus
3506 920 3637 977 erat,
3669 925 3790 964 non

2184 1014 2404 1070 fallacia:
2437 1012 2714 1067 diabolica:
2744 1018 2949 1064 tantum
2973 1025 2987 1062 :
3010 1024 3041 1062 a
3070 1007 3285 1077 propria
3315 1018 3540 1073 namque
3573 1015 3791 1056 concu—

2185 1107 2467 1180 piscentia,
2499 1120 2605 1161 non
2632 1102 2946 1159 adu-monis
2975 1100 3176 1156 malitia
3221 1105 3470 1167 superata
3510 1102 3613 1150 est.
3654 1092 3793 1147 ldeo

2184 1202 2393 1257 veniam
2422 1215 2528 1255 non
2547 1207 2633 1255 est
2657 1205 3006 1267 consequuta,
3035 1193 3130 1250 sed
3153 1208 3275 1249 cum
3297 1191 3538 1256 dixisset,
3556 1189 3792 1259 Serpens

2185 1294 2379 1364 decepit
2406 1309 2504 1358 me,
2545 1299 2815 1346 extremas
2841 1296 3023 1342 tamen
3060 1298 3247 1354 ptenas
3268 1283 3369 1337 luit
3397 1300 3409 1334 :
3436 1296 3598 1350 penes
3634 1280 3789 1361 illam

2185 1386 2326 1440 enim
2353 1393 2468 1438 erat
2487 1398 2592 1437 non
2619 1381 2832 1437 cadere.
2858 1378 3011 1447 Quod
3044 1386 3100 1431 ut
3126 1376 3327 1430 clarius
3347 1374 3561 1432 evadat.
3588 1356 3689 1441 age
3714 1377 3789 1425 ad

2183 1475 2379 1531 Jobtun
2402 1488 2711 1530 sermonem
2728 1479 3184 1533 convertamus,a
3213 1466 3370 1521 victis
3394 1464 3461 1518 ad
3494 1450 3787 1528 victorem,

2188 1584 2217 1622 a
2243 1567 2505 1638 superatis
2527 1565 2595 1620 ad
2622 1572 3002 1636 superantem:
3033 1560 3125 1614 ille
3144 1573 3384 1628 namque
3412 1556 3647 1627 majores
3670 1570 3792 1609 .no-

2189 1660 2272 1715 bis
2299 1658 2507 1713 animos
2539 1657 2714 1721 faciet,
2746 1666 2805 1709 ut
2824 1668 3012 1708 manus
3032 1666 3153 1707 cum
3177 1649 3391 1705 diabolo
3414 1663 3789 1703 conseramus.

2188 1753 2301 1807 illic
2327 1766 2553 1822 serpens
2568 1758 2703 1813 erat,
2730 1749 2818 1818 qui
2842 1746 3160 1817 decipiebat,
3187 1752 3241 1798 et
3267 1742 3394 1797 vicit
3416 1759 3433 1807 ;
3455 1742 3539 1796 hic
3568 1740 3789 1808 mulier,

2189 1859 2310 1915 qua:
2341 1858 2449 1898 non
2472 1840 2773 1913 praevaluit,
2799 1839 3008 1893 tametsi
3036 1836 3102 1890 ad
3128 1833 3555 1905 persuadendum
3582 1832 3792 1900 aptior.

2189 1952 2348 2007 quam
2372 1935 2479 1989 ille.
2524 1934 2602 1988 Ac
2629 1931 2765 1987 Jobo
2808 1929 3025 2007 quidem
3070 1936 3191 1997 post
3221 1925 3567 1995 pecuniarum
3610 1922 3794 1992 jactu-

2190 2043 2327 2092 ram,
2360 2026 2586 2082 filiorum
2607 2023 2973 2085 amissionem,
3000 2034 3209 2074 necnon
3235 2016 3499 2071 honorum
3521 2015 3791 2075 omnium,

2189 2119 2433 2177 machina
2465 2116 2880 2178 admovebatur;
2906 2112 3014 2167 illic
3031 2126 3160 2165 vero
3181 2108 3310 2163 nihil
3336 2115 3452 2163 erat
3478 2103 3742 2175 ejusmodi
3773 2121 3790 2157 :

2193 2212 2340 2267 filios.
2361 2225 2468 2265 non
2488 2209 2742 2264 amiserat
2769 2222 2867 2261 nec
2882 2204 3144 2276 pecunias
3170 2201 3557 2269 Adam.neque
3578 2198 3629 2251 in
3650 2197 3793 2251 timo

2190 2301 2433 2366 sedebat,
2460 2300 2561 2355 sed
2593 2299 2648 2353 in
2671 2297 2917 2368 paradiso
2936 2292 3234 2362 .voluptatis
3257 2291 3548 2353 habitabat,
3575 2298 3629 2343 et
3652 2304 3789 2341 .om-

2193 2395 2275 2450 nis
2303 2392 2514 2464 generis
2540 2390 2802 2459 lignorum
2828 2387 2981 2457 c0pia
3002 2384 3301 2446 fruebatur,
3335 2380 3649 2442 fontcitem,
3685 2377 3791 2432 llu-

2192 2486 2311 2552 viis,
2351 2484 2575 2551 aliisque
2617 2480 2867 2536 omnibus
2921 2475 3263 2533 commodis:
3294 2487 3555 2542 nusquam
3608 2470 3788 2535 labor,

2192 2592 2297 2631 non
2330 2574 2563 2639 tristitia,
2597 2587 2702 2626 non
2731 2584 2952 2634 maeror,
3006 2582 3111 2622 non
3140 2563 3478 2621 contumelia:
3507 2571 3558 2617 et
3599 2562 3785 2617 convi-

2192 2669 2293 2733 cia,
2313 2680 2485 2737 neque
2503 2664 2776 2718 innumera
2801 2662 2889 2716 illa
2913 2661 3071 2725 mala,
3094 2655 3360 2728 qumJobo
3383 2655 3618 2710 immissa
3632 2665 3783 2716 sunt;

2191 2768 2424 2812 attamen
2454 2771 2576 2811 cum
2604 2754 2731 2811 nihil
2759 2752 2974 2807 adesset
2999 2746 3325 2820 hujusmodi,
3356 2746 3535 2816 lapsus
3558 2752 3617 2798 et
3657 2758 3783 2811 sup-

2194 2852 2460 2921 plantatus
2486 2857 2587 2903 est.
2619 2848 2810 2902 Annon
2860 2844 3029 2916 liquet
3068 2842 3119 2896 id
3147 2857 3209 2896 ex
3243 2839 3447 2910 ignavia
3487 2836 3783 2892 accidisse!

2192 2940 2394 2996 Eodem
2428 2940 2586 2994 modo
2613 2954 2734 2994 cum
2767 2937 2855 2992 ille
2880 2934 2945 2992 iis
2969 2933 3216 2991 omnibus
3249 2930 3566 2985 instantibus
3587 2938 3640 2983 et
3671 2943 3783 2998 pre-

2191 3032 2471 3095 mentibus,
2503 3030 2710 3084 fortiter
2730 3029 2896 3090 stetit,
2920 3024 3337 3095 annouplanum
3355 3019 3509 3077 estid
3532 3035 3596 3074 ex
3618 3018 3782 3073 animi

2143 3158 2163 3165 -ν
2190 3123 2455 3193 vigilantia
2483 3130 2657 3177 ortum
2685 3119 2844 3177 esse?

2263 3288 2315 3342 5.
2354 3286 2473 3340 Jobi
2500 3285 2759 3356 patientia
2812 3283 3049 3339 omnibus
3079 3280 3385 3335 consolatio.
3410 3275 3774 3343 ——L'3r'nque

2188 3379 2372 3451 igitur,
2411 3378 2711 3442 carissime,
2755 3391 3012 3448 magnum
3061 3373 3271 3428 lucrum
3312 3372 3774 3439 deccrperegpns—

2187 3468 2265 3523 sis
2291 3485 2304 3522 :
2335 3467 2595 3524 Adamum
2621 3466 2844 3520 imiteris
2866 3476 3218 3533 cave,gnarus
3248 3468 3441 3531 quanta
3461 3475 3527 3513 ex
3551 3460 3776 3527 segnitie

2185 3564 2324 3620 mala
2362 3562 2601 3619 oriantur
2635 3559 2788 3616 :Jobi
2822 3559 3075 3630 pietatem
3100 3556 3339 3621 imitare,
3380 3568 3501 3608 cum
3524 3551 3775 3606 didiceris

2185 3661 2381 3725 quanta
2411 3667 2477 3707 ex
2515 3651 2789 3722 diligentia
2834 3649 2970 3704 bona
3023 3655 3353 3703 nascantur:
3385 3644 3525 3700 hunc
3563 3658 3778 3712 semper

2187 3752 2566 3815 tecum-reputa
2588 3744 2845 3797 victorem
2868 3748 3203 3802 coronatum,
3228 3746 3387 3809 atque
3404 3736 3456 3790 in
3473 3736 3660 3806 quovis
3676 3735 3776 3788 do-

2185 3838 2299 3895 lore
2345 3846 2398 3894 et
2425 3836 2726 3892 calamitate
2782 3848 3028 3904 magnam
3075 3831 3298 3887 habebis
3326 3829 3773 3885 consolationem.

2184 3929 2641 4000 Quemadmodum
2667 3928 2809 3983 enim
2838 3928 2889 3981 in
2926 3925 3198 3980 communi
3222 3924 3368 3979 orbis
3398 3921 3604 3977 theatro
3638 3935 3775 3976 con-

2183 4021 2610 4079 stitutus’beatus
2640 4034 2701 4074 ac
2730 4006 3371 4089 generosus'ille,omnes
3398 4029 3492 4085 per
3509 4026 3777 4068 aerumnas

2184 4131 2308 4172 suas
2334 4116 2594 4179 hortatur,
2624 4121 2682 4167 ut
2709 4129 2826 4182 qua:
2851 4108 3101 4166 accidunt
3129 4109 3306 4163 omnia
3343 4107 3554 4163 fortiter
3579 4108 3772 4172 ierant,

2183 4221 2361 4279 neque
2380 4201 3161 4273 calamitatibusingruentibus
3190 4199 3403 4256 cedant.
3428 4198 3544 4253 Non
3575 4207 3658 4253 est
3685 4197 3775 4251 ul-

2184 4298 2314 4363 hnn,
2345 4312 2450 4351 non
2474 4304 2577 4364 est,
2600 4295 2836 4366 inquam,
2865 4293 3030 4348 ullum
3054 4291 3177 4346 mali
3205 4306 3390 4362 genus,
3439 4291 3491 4344 in
3515 4304 3617 4359 quo
3664 4303 3771 4343 non

2184 4388 2451 4462 possimus
2470 4388 2602 4444 'in‘de
2631 4386 3052 4444 consolationem
3079 4382 3549 4438 mutuari.0mnes
3578 4379 3775 4451 quippe

2184 4485 2235 4537 in
2262 4491 2377 4538 toto
2406 4495 2608 4552 sparsa:
2645 4480 2777 4535 ot‘be
2812 4492 3068 4533 :crumna:
3118 4478 3171 4531 in
3204 4475 3324 4530 'hoc
3371 4490 3535 4530 unum
3576 4486 3774 4543 corpus

2181 4584 2448 4646 congesta:
2473 4580 2617 4629 sunt.
2646 4571 2777 4640 Quae
2801 4571 2962 4642 igitur
2985 4569 3133 4624 venia
3153 4569 3223 4634 ei,
3248 4568 3339 4638 qui
3362 4583 3466 4622 non
3486 4573 3670 4638 potest
3686 4564 3773 4621 vel

2181 4682 2386 4742 partem
2417 4668 2701 4741 quamdam
2722 4681 2931 4733 eorum,
2963 4680 3082 4737 qua:
3119 4662 3216 4734 ipsi
3241 4660 3436 4717 inﬂicta
3466 4668 3618 4725 sunt,
3645 4673 3769 4713 cum

2181 4764 2468 4834 gratiarum
2495 4763 2704 4816 actione
2724 4759 2892 4824 ferre,
2916 4773 3038 4814 cum
3067 4757 3156 4811 ille
3184 4770 3291 4811 non
3322 4761 3535 4827 partem
3563 4752 3732 4807 solum
3756 4791 3774 4817 ,

2182 4856 2274 4911 sed
2300 4855 2549 4910 universa
2572 4851 2850 4907 hominum
2882 4849 3019 4906 ma‘la
3047 4844 3332 4920 pertulisse
3377 4841 3653 4899 videatur?
3699 4843 3778 4895 Ac

2184 4963 2251 5004 ne
2277 4963 2363 5003 me
2393 4955 2450 5001 ut
2474 4944 2634 5001 nimia
2656 4944 2922 5000 dicentem
2942 4940 3187 5007 damnes,
3211 4953 3306 5008 age
3328 4935 3563 5005 singulas
3589 4947 3781 4988 terunt-

2185 5059 2282 5099 nas
2304 5049 2711 5115 pertractantes,
2743 5037 2901 5093 dictis
2931 5035 3088 5091 fidem
3113 5033 3389 5089 faciamus.
3412 5029 3481 5085 Et
3505 5026 3548 5083 si
3572 5028 3776 5097 placet,

2182 5133 2322 5205 quod
2350 5132 2589 5187 omnium
2609 5129 2842 5184 maxime
2858 5123 3191 5183 intolerabile
3206 5121 3438 5187 videtur,
3471 5117 3780 5174 inmedium

2183 5226 2546 5289 adducamus,
2562 5228 2965 5293 paupertatem,
2998 5219 3237 5289 inquam,
3276 5223 3333 5271 et
3365 5211 3606 5269 dolorem
3651 5208 3781 5263 inde

2183 5325 2371 5370 naium
2409 5333 2424 5370 :
2475 5316 2528 5373 id
2558 5315 2700 5372 enim
2755 5314 3004 5368 homines
3054 5311 3252 5380 ubique
3298 5304 3603 5377 deplorant.
3635 5301 3776 5371 Quid

2185 5425 2313 5479 ergo
2332 5408 2469 5464 Jubo
2491 5408 2774 5479 pauperius
2799 5404 2896 5460 fuit
2937 5446 2955 5471 ,
2980 5403 3248 5474 quietiam
3274 5399 3359 5465 iis,
3382 5399 3469 5468 qui
3491 5397 3544 5451 in
3568 5394 3778 5450 balneis

2184 5502 2377 5572 abjeeti
2405 5512 2550 5568 sunt,
2580 5500 2663 5556 vel
2693 5499 2745 5554 in
2776 5499 2957 5554 cinere
2985 5494 3179 5551 camini
3207 5493 3425 5557 cubant,
3448 5499 3504 5545 et
3528 5486 3777 5544 omnibus

2189 5610 2408 5665 prorsus
2435 5592 2740 5649 hominibus
2766 5589 3051 5662 pauperior
3087 5586 3240 5643 erat?
3272 5584 3338 5640 Hi
3381 5583 3525 5639 enim
3568 5589 3773 5636 vestem

2186 5688 2374 5743 saltem
2404 5687 2624 5742 scissam
2663 5683 2858 5739 habent
2882 5723 2896 5748 ,
2935 5681 3027 5737 ille
3070 5695 3199 5735 vero
3227 5677 3398 5733 nudus
3439 5673 3691 5735 sedebat,
3721 5678 3778 5725 et

2187 5783 2328 5857 quod
2359 5775 2531 5841 solum
2574 5796 2604 5836 a
2632 5789 2815 5836 natura
2857 5775 3237 5833 vestimentum
3281 5770 3541 5836 habebat,
3595 5764 3780 5823 carnis
