  <div class='ocr_page' id='page_1' title='image "/cluster/home/n/w/nwhite01/storage/ocr_20150623/49:no.2:pt.1/coo.31924054869486/270.png"; bbox 0 0 4066 6432; ppageno 0'>
   <div class='ocr_carea' id='block_1_1' title="bbox 420 389 524 445">
    <p class='ocr_par' dir='ltr' id='par_1_1' title="bbox 420 389 524 445">
     <span class='ocr_line' id='line_1_1' title="bbox 420 389 524 445; baseline -0.01 0"><span class='ocrx_word' id='word_1_1' title='bbox 420 389 524 445; x_wconf 60' lang='grc' dir='ltr'>εει)</span> 
     </span>
    </p>
   </div>
   <div class='ocr_carea' id='block_1_2' title="bbox 420 495 2005 576">
    <p class='ocr_par' dir='ltr' id='par_1_2' title="bbox 420 495 2005 576">
     <span class='ocr_line' id='line_1_2' title="bbox 420 495 2005 576; baseline -0.006 -17"><span class='ocrx_word' id='word_1_2' title='bbox 420 505 642 576; x_wconf 81' lang='grc' dir='ltr'>τρόπον.</span> <span class='ocrx_word' id='word_1_3' title='bbox 680 503 1019 573; x_wconf 76' lang='grc' dir='ltr'>Προσῆλθε,</span> <span class='ocrx_word' id='word_1_4' title='bbox 1046 503 1231 572; x_wconf 72' lang='grc' dir='ltr'>φησὶν,</span> <span class='ocrx_word' id='word_1_5' title='bbox 1256 504 1287 557; x_wconf 87' lang='grc' dir='ltr'>ό</span> <span class='ocrx_word' id='word_1_6' title='bbox 1315 502 1471 572; x_wconf 64' lang='grc' dir='ltr'>ὄφις.</span> <span class='ocrx_word' id='word_1_7' title='bbox 1501 500 1601 558; x_wconf 79' lang='grc' dir='ltr'>καί</span> <span class='ocrx_word' id='word_1_8' title='bbox 1640 499 1770 553; x_wconf 75' lang='grc' dir='ltr'>εἷπε</span> <span class='ocrx_word' id='word_1_9' title='bbox 1798 495 1873 565; x_wconf 76' lang='grc' dir='ltr'>τῇ</span> <span class='ocrx_word' id='word_1_10' title='bbox 1902 514 2005 566; x_wconf 74' lang='grc' dir='ltr'>γυ-</span> 
     </span>
    </p>
   </div>
   <div class='ocr_carea' id='block_1_3' title="bbox 421 579 2009 654">
    <p class='ocr_par' dir='ltr' id='par_1_3' title="bbox 421 579 2009 654">
     <span class='ocr_line' id='line_1_3' title="bbox 421 579 2009 654; baseline -0.007 -11"><span class='ocrx_word' id='word_1_11' title='bbox 421 590 619 643; x_wconf 79' lang='grc' dir='ltr'>ναικί·</span> <span class='ocrx_word' id='word_1_12' title='bbox 660 586 721 643; x_wconf 83' lang='grc' dir='ltr'>Τί</span> <span class='ocrx_word' id='word_1_13' title='bbox 775 587 862 641; x_wconf 83' lang='grc' dir='ltr'>ὅτι</span> <span class='ocrx_word' id='word_1_14' title='bbox 892 583 1062 641; x_wconf 78' lang='grc' dir='ltr'>εἶπεν</span> <span class='ocrx_word' id='word_1_15' title='bbox 1088 589 1122 640; x_wconf 89' lang='lat' dir='ltr'>o&#39;</span> <span class='ocrx_word' id='word_1_16' title='bbox 1162 588 1326 652; x_wconf 79' lang='grc' dir='ltr'>Θεὸς.</span> <span class='ocrx_word' id='word_1_17' title='bbox 1370 587 1453 639; x_wconf 78' lang='grc' dir='ltr'>Οὐ</span> <span class='ocrx_word' id='word_1_18' title='bbox 1490 584 1576 654; x_wconf 73' lang='grc' dir='ltr'>μὴ</span> <span class='ocrx_word' id='word_1_19' title='bbox 1613 582 1843 653; x_wconf 62' lang='grc' dir='ltr'>φάγητε</span> <span class='ocrx_word' id='word_1_20' title='bbox 1889 579 2009 633; x_wconf 77' lang='grc' dir='ltr'>ἀπὸ</span> 
     </span>
    </p>
   </div>
   <div class='ocr_carea' id='block_1_4' title="bbox 420 663 2010 738">
    <p class='ocr_par' dir='ltr' id='par_1_4' title="bbox 420 663 2010 738">
     <span class='ocr_line' id='line_1_4' title="bbox 420 663 2010 738; baseline -0.006 -12"><span class='ocrx_word' id='word_1_21' title='bbox 420 671 654 738; x_wconf 78' lang='grc' dir='ltr'>παντὸς</span> <span class='ocrx_word' id='word_1_22' title='bbox 701 671 892 737; x_wconf 75' lang='grc' dir='ltr'>ξύλου</span> <span class='ocrx_word' id='word_1_23' title='bbox 940 671 1046 726; x_wconf 85' lang='grc' dir='ltr'>τοῦ</span> <span class='ocrx_word' id='word_1_24' title='bbox 1078 670 1150 722; x_wconf 87' lang='grc' dir='ltr'>ἐν</span> <span class='ocrx_word' id='word_1_25' title='bbox 1202 668 1284 735; x_wconf 83' lang='grc' dir='ltr'>τῷ</span> <span class='ocrx_word' id='word_1_26' title='bbox 1327 669 1705 737; x_wconf 71' lang='grc' dir='ltr'>παραδείσῳ;</span> <span class='ocrx_word' id='word_1_27' title='bbox 1747 663 2010 719; x_wconf 73' lang='grc' dir='ltr'>Ἐνταῦθα</span> 
     </span>
    </p>
   </div>
   <div class='ocr_carea' id='block_1_5' title="bbox 420 749 2009 826">
    <p class='ocr_par' dir='ltr' id='par_1_5' title="bbox 420 749 2009 826">
     <span class='ocr_line' id='line_1_5' title="bbox 420 749 2009 826; baseline -0.008 -16"><span class='ocrx_word' id='word_1_28' title='bbox 420 755 569 824; x_wconf 77' lang='grc' dir='ltr'>ὄφις,</span> <span class='ocrx_word' id='word_1_29' title='bbox 601 757 719 808; x_wconf 86' lang='grc' dir='ltr'>ἐκεῖ</span> <span class='ocrx_word' id='word_1_30' title='bbox 750 754 888 826; x_wconf 82' lang='grc' dir='ltr'>γυνὴ</span> <span class='ocrx_word' id='word_1_31' title='bbox 922 753 1015 808; x_wconf 79' lang='grc' dir='ltr'>ἐπὶ</span> <span class='ocrx_word' id='word_1_32' title='bbox 1050 753 1146 807; x_wconf 76' lang='grc' dir='ltr'>τοῦ</span> <span class='ocrx_word' id='word_1_33' title='bbox 1189 752 1338 807; x_wconf 81' lang='grc' dir='ltr'>Ἰὼϐ·</span> <span class='ocrx_word' id='word_1_34' title='bbox 1365 753 1505 814; x_wconf 89' lang='grc' dir='ltr'>τέως</span> <span class='ocrx_word' id='word_1_35' title='bbox 1535 751 1669 803; x_wconf 76' lang='grc' dir='ltr'>πολὺ</span> <span class='ocrx_word' id='word_1_36' title='bbox 1711 749 1821 801; x_wconf 85' lang='grc' dir='ltr'>τῶν</span> <span class='ocrx_word' id='word_1_37' title='bbox 1871 763 2009 816; x_wconf 87' lang='grc' dir='ltr'>συμ-</span> 
     </span>
    </p>
   </div>
   <div class='ocr_carea' id='block_1_6' title="bbox 424 828 2008 909">
    <p class='ocr_par' dir='ltr' id='par_1_6' title="bbox 424 828 2008 909">
     <span class='ocr_line' id='line_1_6' title="bbox 424 828 2008 909; baseline -0.007 -17"><span class='ocrx_word' id='word_1_38' title='bbox 424 837 635 893; x_wconf 75' lang='grc' dir='ltr'>ϐούλων</span> <span class='ocrx_word' id='word_1_39' title='bbox 663 837 724 891; x_wconf 74' lang='grc' dir='ltr'>τὸ</span> <span class='ocrx_word' id='word_1_40' title='bbox 754 837 940 909; x_wconf 86' lang='grc' dir='ltr'>μέσον.</span> <span class='ocrx_word' id='word_1_41' title='bbox 984 837 1045 887; x_wconf 78' lang='grc'><strong>’0</strong></span> <span class='ocrx_word' id='word_1_42' title='bbox 1092 836 1191 908; x_wconf 84' lang='grc' dir='ltr'>μὲν</span> <span class='ocrx_word' id='word_1_43' title='bbox 1223 835 1331 908; x_wconf 86' lang='grc' dir='ltr'>γάρ</span> <span class='ocrx_word' id='word_1_44' title='bbox 1361 834 1567 898; x_wconf 85' lang='grc' dir='ltr'>δοῦλος,</span> <span class='ocrx_word' id='word_1_45' title='bbox 1602 835 1636 904; x_wconf 85' lang='grc' dir='ltr'><strong>ἡ</strong></span> <span class='ocrx_word' id='word_1_46' title='bbox 1659 832 1716 885; x_wconf 84' lang='grc' dir='ltr'>δέ</span> <span class='ocrx_word' id='word_1_47' title='bbox 1749 828 2008 891; x_wconf 77' lang='grc' dir='ltr'>κοινωνὸς</span> 
     </span>
    </p>
   </div>
   <div class='ocr_carea' id='block_1_7' title="bbox 425 912 2009 996">
    <p class='ocr_par' dir='ltr' id='par_1_7' title="bbox 425 912 2009 996">
     <span class='ocr_line' id='line_1_7' title="bbox 425 912 2009 996; baseline -0.008 -18"><span class='ocrx_word' id='word_1_48' title='bbox 425 925 519 978; x_wconf 82' lang='grc' dir='ltr'>τοῦ</span> <span class='ocrx_word' id='word_1_49' title='bbox 555 924 670 996; x_wconf 82' lang='grc' dir='ltr'>βίου</span> <span class='ocrx_word' id='word_1_50' title='bbox 695 938 709 953; x_wconf 88' lang='grc'><strong>·</strong></span> <span class='ocrx_word' id='word_1_51' title='bbox 733 925 767 993; x_wconf 75' lang='grc' dir='ltr'><strong>ἡ</strong></span> <span class='ocrx_word' id='word_1_52' title='bbox 817 921 915 994; x_wconf 84' lang='grc' dir='ltr'>μὲν</span> <span class='ocrx_word' id='word_1_53' title='bbox 947 920 1175 993; x_wconf 72' lang='grc' dir='ltr'>βοηθὸς,</span> <span class='ocrx_word' id='word_1_54' title='bbox 1206 921 1234 973; x_wconf 88' lang='lat'>6</span> <span class='ocrx_word' id='word_1_55' title='bbox 1280 920 1338 973; x_wconf 86' lang='grc' dir='ltr'>δὲ</span> <span class='ocrx_word' id='word_1_56' title='bbox 1370 920 1726 976; x_wconf 84' lang='grc' dir='ltr'>ύπετέτακτο.</span> <span class='ocrx_word' id='word_1_57' title='bbox 1765 912 1919 979; x_wconf 82' lang='grc' dir='ltr'>Εἶδες</span> <span class='ocrx_word' id='word_1_58' title='bbox 1949 913 2009 967; x_wconf 76' lang='grc' dir='ltr'>τὸ</span> 
     </span>
    </p>
   </div>
   <div class='ocr_carea' id='block_1_8' title="bbox 420 1000 2009 1079">
    <p class='ocr_par' dir='ltr' id='par_1_8' title="bbox 420 1000 2009 1079">
     <span class='ocr_line' id='line_1_8' title="bbox 420 1000 2009 1079; baseline -0.007 -15"><span class='ocrx_word' id='word_1_59' title='bbox 420 1008 816 1079; x_wconf 86' lang='grc' dir='ltr'>ἀσύγγνωστον</span> <span class='ocrx_word' id='word_1_60' title='bbox 865 1007 1024 1073; x_wconf 73' lang='grc' dir='ltr'>ὅσους</span> <span class='ocrx_word' id='word_1_61' title='bbox 1070 1005 1169 1077; x_wconf 75' lang='grc' dir='ltr'>τὴν</span> <span class='ocrx_word' id='word_1_62' title='bbox 1203 1005 1299 1075; x_wconf 77' lang='grc' dir='ltr'>μὲν</span> <span class='ocrx_word' id='word_1_63' title='bbox 1344 1004 1455 1075; x_wconf 79' lang='grc' dir='ltr'>γὰρ</span> <span class='ocrx_word' id='word_1_64' title='bbox 1491 1004 1520 1056; x_wconf 91' lang='lat'>6</span> <span class='ocrx_word' id='word_1_65' title='bbox 1570 1000 2009 1072; x_wconf 73' lang='grc' dir='ltr'>ὑποτεταγμένας</span> 
     </span>
    </p>
   </div>
   <div class='ocr_carea' id='block_1_9' title="bbox 426 1083 2009 1161">
    <p class='ocr_par' dir='ltr' id='par_1_9' title="bbox 426 1083 2009 1161">
     <span class='ocr_line' id='line_1_9' title="bbox 426 1083 2009 1161; baseline -0.008 -14"><span class='ocrx_word' id='word_1_66' title='bbox 426 1095 520 1148; x_wconf 76' lang='grc' dir='ltr'>καὶ</span> <span class='ocrx_word' id='word_1_67' title='bbox 550 1091 818 1146; x_wconf 78' lang='grc' dir='ltr'>δουλεύων</span> <span class='ocrx_word' id='word_1_68' title='bbox 842 1090 1146 1161; x_wconf 72' lang='grc' dir='ltr'>ἠπάτησεν,</span> <span class='ocrx_word' id='word_1_69' title='bbox 1182 1090 1388 1141; x_wconf 85' lang='grc' dir='ltr'>ἐκεῖνον</span> <span class='ocrx_word' id='word_1_70' title='bbox 1417 1088 1474 1140; x_wconf 83' lang='grc' dir='ltr'>δὲ</span> <span class='ocrx_word' id='word_1_71' title='bbox 1511 1086 1632 1139; x_wconf 75' lang='grc' dir='ltr'>οὐδὲ</span> <span class='ocrx_word' id='word_1_72' title='bbox 1675 1087 1709 1157; x_wconf 82' lang='grc' dir='ltr'><strong>ἡ</strong></span> <span class='ocrx_word' id='word_1_73' title='bbox 1752 1083 2009 1145; x_wconf 83' lang='grc' dir='ltr'>κοινωνὸς</span> 
     </span>
    </p>
   </div>
   <div class='ocr_carea' id='block_1_10' title="bbox 426 1166 2010 1248">
    <p class='ocr_par' dir='ltr' id='par_1_10' title="bbox 426 1166 2010 1248">
     <span class='ocr_line' id='line_1_10' title="bbox 426 1166 2010 1248; baseline -0.008 -16"><span class='ocrx_word' id='word_1_74' title='bbox 426 1180 522 1233; x_wconf 76' lang='grc' dir='ltr'>καὶ</span> <span class='ocrx_word' id='word_1_75' title='bbox 557 1176 752 1248; x_wconf 83' lang='grc' dir='ltr'>βοηθὸς</span> <span class='ocrx_word' id='word_1_76' title='bbox 774 1172 1133 1228; x_wconf 83' lang='grc' dir='ltr'>ὑποσκελίσαι</span> <span class='ocrx_word' id='word_1_77' title='bbox 1157 1172 1396 1242; x_wconf 79' lang='grc' dir='ltr'>ἴσχυσεν.</span> <span class='ocrx_word' id='word_1_78' title='bbox 1435 1170 1576 1224; x_wconf 77' lang='grc' dir='ltr'>Ἀλλ’</span> <span class='ocrx_word' id='word_1_79' title='bbox 1605 1170 1804 1240; x_wconf 77' lang='grc' dir='ltr'>ἴδωμεν</span> <span class='ocrx_word' id='word_1_80' title='bbox 1830 1169 1924 1221; x_wconf 77' lang='grc' dir='ltr'>καὶ</span> <span class='ocrx_word' id='word_1_81' title='bbox 1959 1166 2010 1221; x_wconf 86' lang='grc' dir='ltr'>τί</span> 
     </span>
    </p>
   </div>
   <div class='ocr_carea' id='block_1_11' title="bbox 425 1251 2009 1334">
    <p class='ocr_par' dir='ltr' id='par_1_11' title="bbox 425 1251 2009 1334">
     <span class='ocr_line' id='line_1_11' title="bbox 425 1251 2009 1334; baseline -0.008 -16"><span class='ocrx_word' id='word_1_82' title='bbox 425 1278 592 1334; x_wconf 73' lang='grc' dir='ltr'>φησιο</span> <span class='ocrx_word' id='word_1_83' title='bbox 635 1261 697 1317; x_wconf 88' lang='grc' dir='ltr'>Τί</span> <span class='ocrx_word' id='word_1_84' title='bbox 748 1259 839 1314; x_wconf 84' lang='grc' dir='ltr'>ὅτι</span> <span class='ocrx_word' id='word_1_85' title='bbox 887 1254 1058 1312; x_wconf 79' lang='grc' dir='ltr'>εἶπεν</span> <span class='ocrx_word' id='word_1_86' title='bbox 1090 1259 1122 1311; x_wconf 90' lang='grc' dir='ltr'>ό</span> <span class='ocrx_word' id='word_1_87' title='bbox 1173 1255 1337 1322; x_wconf 79' lang='grc' dir='ltr'>Θεὸς,</span> <span class='ocrx_word' id='word_1_88' title='bbox 1385 1253 1581 1325; x_wconf 74' lang='grc' dir='ltr'>Οὺμὴ</span> <span class='ocrx_word' id='word_1_89' title='bbox 1611 1253 1839 1325; x_wconf 65' lang='grc' dir='ltr'>φάγητε</span> <span class='ocrx_word' id='word_1_90' title='bbox 1889 1251 2009 1307; x_wconf 77' lang='grc' dir='ltr'>ἀπὸ</span> 
     </span>
    </p>
   </div>
   <div class='ocr_carea' id='block_1_12' title="bbox 415 1334 2008 1412">
    <p class='ocr_par' dir='ltr' id='par_1_12' title="bbox 415 1334 2008 1412">
     <span class='ocr_line' id='line_1_12' title="bbox 415 1334 2008 1412; baseline -0.008 -10"><span class='ocrx_word' id='word_1_91' title='bbox 415 1346 652 1411; x_wconf 70' lang='grc' dir='ltr'>’παντὸς</span> <span class='ocrx_word' id='word_1_92' title='bbox 695 1345 924 1410; x_wconf 77' lang='grc' dir='ltr'>ξύλου;</span> <span class='ocrx_word' id='word_1_93' title='bbox 980 1341 1092 1394; x_wconf 70' lang='grc' dir='ltr'>Καὶ</span> <span class='ocrx_word' id='word_1_94' title='bbox 1143 1341 1251 1412; x_wconf 83' lang='grc' dir='ltr'>μὴν</span> <span class='ocrx_word' id='word_1_95' title='bbox 1297 1340 1399 1393; x_wconf 81' lang='grc' dir='ltr'>οὐκ</span> <span class='ocrx_word' id='word_1_96' title='bbox 1429 1334 1582 1392; x_wconf 78' lang='grc' dir='ltr'>εἶπεν</span> <span class='ocrx_word' id='word_1_97' title='bbox 1614 1340 1644 1392; x_wconf 97' lang='lat'>6</span> <span class='ocrx_word' id='word_1_98' title='bbox 1666 1337 1799 1401; x_wconf 85' lang='grc' dir='ltr'>Θεὸς</span> <span class='ocrx_word' id='word_1_99' title='bbox 1828 1335 2008 1398; x_wconf 75' lang='grc' dir='ltr'>τοῦτο,</span> 
     </span>
    </p>
   </div>
   <div class='ocr_carea' id='block_1_13' title="bbox 416 1419 2008 1493">
    <p class='ocr_par' dir='ltr' id='par_1_13' title="bbox 416 1419 2008 1493">
     <span class='ocr_line' id='line_1_13' title="bbox 416 1419 2008 1493; baseline -0.009 -8"><span class='ocrx_word' id='word_1_100' title='bbox 416 1428 560 1485; x_wconf 83' lang='grc' dir='ltr'>ἀλλά</span> <span class='ocrx_word' id='word_1_101' title='bbox 591 1428 654 1481; x_wconf 85' lang='grc' dir='ltr'>τὸ</span> <span class='ocrx_word' id='word_1_102' title='bbox 672 1426 930 1484; x_wconf 87' lang='grc' dir='ltr'>ἐναντίον.</span> <span class='ocrx_word' id='word_1_103' title='bbox 956 1425 1099 1493; x_wconf 87' lang='grc' dir='ltr'>Ὅρα</span> <span class='ocrx_word' id='word_1_104' title='bbox 1127 1419 1220 1479; x_wconf 79' lang='grc' dir='ltr'>οὖν</span> <span class='ocrx_word' id='word_1_105' title='bbox 1245 1421 1581 1493; x_wconf 79' lang='grc' dir='ltr'>κακουργίαν</span> <span class='ocrx_word' id='word_1_106' title='bbox 1608 1421 1702 1474; x_wconf 83' lang='grc' dir='ltr'>τού</span> <span class='ocrx_word' id='word_1_107' title='bbox 1728 1419 1973 1473; x_wconf 86' lang='grc' dir='ltr'>διαϐόλου</span> <span class='ocrx_word' id='word_1_108' title='bbox 1992 1434 2008 1450; x_wconf 77' lang='grc' dir='ltr'><strong>ο</strong></span> 
     </span>
    </p>
   </div>
   <div class='ocr_carea' id='block_1_14' title="bbox 418 1500 2010 1585">
    <p class='ocr_par' dir='ltr' id='par_1_14' title="bbox 418 1500 2010 1585">
     <span class='ocr_line' id='line_1_14' title="bbox 418 1500 2010 1585; baseline -0.006 -17"><span class='ocrx_word' id='word_1_109' title='bbox 418 1510 547 1569; x_wconf 82' lang='grc' dir='ltr'>εἷπε</span> <span class='ocrx_word' id='word_1_110' title='bbox 573 1513 634 1566; x_wconf 84' lang='grc' dir='ltr'>τὸ</span> <span class='ocrx_word' id='word_1_111' title='bbox 666 1512 742 1585; x_wconf 82' lang='grc' dir='ltr'>μὴ</span> <span class='ocrx_word' id='word_1_112' title='bbox 768 1509 1080 1583; x_wconf 77' lang='grc' dir='ltr'>εἰρημένον,</span> <span class='ocrx_word' id='word_1_113' title='bbox 1113 1509 1202 1563; x_wconf 82' lang='grc' dir='ltr'>ἵνα</span> <span class='ocrx_word' id='word_1_114' title='bbox 1226 1508 1373 1580; x_wconf 77' lang='grc' dir='ltr'>μάθῃ</span> <span class='ocrx_word' id='word_1_115' title='bbox 1400 1507 1460 1561; x_wconf 78' lang='grc' dir='ltr'>τὸ</span> <span class='ocrx_word' id='word_1_116' title='bbox 1484 1505 1796 1578; x_wconf 75' lang='grc' dir='ltr'>εἰρημένον.</span> <span class='ocrx_word' id='word_1_117' title='bbox 1821 1504 1887 1557; x_wconf 87' lang='grc' dir='ltr'>Τί</span> <span class='ocrx_word' id='word_1_118' title='bbox 1917 1500 2010 1558; x_wconf 74' lang='grc' dir='ltr'>οὖν</span> 
     </span>
    </p>
   </div>
   <div class='ocr_carea' id='block_1_15' title="bbox 417 1587 2007 1670">
    <p class='ocr_par' dir='ltr' id='par_1_15' title="bbox 417 1587 2007 1670">
     <span class='ocr_line' id='line_1_15' title="bbox 417 1587 2007 1670; baseline -0.004 -23"><span class='ocrx_word' id='word_1_119' title='bbox 417 1600 460 1670; x_wconf 72' lang='grc' dir='ltr'>,ἡ</span> <span class='ocrx_word' id='word_1_120' title='bbox 494 1598 630 1668; x_wconf 87' lang='grc' dir='ltr'>γυνή</span> <span class='ocrx_word' id='word_1_121' title='bbox 654 1613 670 1661; x_wconf 90' lang='grc'>;</span> <span class='ocrx_word' id='word_1_122' title='bbox 693 1596 819 1649; x_wconf 85' lang='grc' dir='ltr'>Δέον</span> <span class='ocrx_word' id='word_1_123' title='bbox 840 1592 1216 1664; x_wconf 85' lang='grc' dir='ltr'>ἐπιστομίσαι,</span> <span class='ocrx_word' id='word_1_124' title='bbox 1233 1591 1353 1645; x_wconf 90' lang='grc' dir='ltr'>δέον</span> <span class='ocrx_word' id='word_1_125' title='bbox 1372 1590 1448 1661; x_wconf 86' lang='grc' dir='ltr'>μὴ</span> <span class='ocrx_word' id='word_1_126' title='bbox 1470 1587 1796 1661; x_wconf 77' lang='grc' dir='ltr'>μεταδοῦναι</span> <span class='ocrx_word' id='word_1_127' title='bbox 1823 1588 2007 1658; x_wconf 82' lang='grc' dir='ltr'>λόγου,</span> 
     </span>
    </p>
   </div>
   <div class='ocr_carea' id='block_1_16' title="bbox 426 1673 2006 1749">
    <p class='ocr_par' dir='ltr' id='par_1_16' title="bbox 426 1673 2006 1749">
     <span class='ocr_line' id='line_1_16' title="bbox 426 1673 2006 1749; baseline -0.009 -11"><span class='ocrx_word' id='word_1_128' title='bbox 426 1684 532 1738; x_wconf 83' lang='grc' dir='ltr'>ὑπὸ</span> <span class='ocrx_word' id='word_1_129' title='bbox 563 1680 749 1743; x_wconf 81' lang='grc' dir='ltr'>ἀνοίας</span> <span class='ocrx_word' id='word_1_130' title='bbox 780 1677 1071 1749; x_wconf 81' lang='grc' dir='ltr'>ἐξελάλησε</span> <span class='ocrx_word' id='word_1_131' title='bbox 1099 1675 1197 1746; x_wconf 86' lang='grc' dir='ltr'>τὴν</span> <span class='ocrx_word' id='word_1_132' title='bbox 1230 1673 1457 1746; x_wconf 81' lang='grc' dir='ltr'>γνώμην</span> <span class='ocrx_word' id='word_1_133' title='bbox 1490 1674 1590 1746; x_wconf 79' lang='grc' dir='ltr'>τὴν</span> <span class='ocrx_word' id='word_1_134' title='bbox 1633 1674 1969 1746; x_wconf 80' lang='grc' dir='ltr'>Δεσποτικήν</span> <span class='ocrx_word' id='word_1_135' title='bbox 1993 1691 2006 1705; x_wconf 90' lang='grc'><strong>·</strong></span> 
     </span>
    </p>
   </div>
   <div class='ocr_carea' id='block_1_17' title="bbox 412 1758 1661 1835">
    <p class='ocr_par' dir='ltr' id='par_1_17' title="bbox 412 1758 1661 1835">
     <span class='ocr_line' id='line_1_17' title="bbox 412 1758 1661 1835; baseline -0.01 -10"><span class='ocrx_word' id='word_1_136' title='bbox 412 1769 516 1825; x_wconf 68' lang='grc' dir='ltr'>εδιά</span> <span class='ocrx_word' id='word_1_137' title='bbox 540 1765 698 1822; x_wconf 81' lang='grc' dir='ltr'>τοῦτο</span> <span class='ocrx_word' id='word_1_138' title='bbox 723 1763 999 1835; x_wconf 87' lang='grc' dir='ltr'>παρέσχεν</span> <span class='ocrx_word' id='word_1_139' title='bbox 1030 1760 1180 1832; x_wconf 79' lang='grc' dir='ltr'>αὐτῷ</span> <span class='ocrx_word' id='word_1_140' title='bbox 1214 1759 1386 1832; x_wconf 80' lang='grc' dir='ltr'>λαϐὴν</span> <span class='ocrx_word' id='word_1_141' title='bbox 1414 1758 1661 1830; x_wconf 84' lang='grc' dir='ltr'>ἰσχυράν.</span> 
     </span>
    </p>
   </div>
   <div class='ocr_carea' id='block_1_18' title="bbox 495 1841 2013 1921">
    <p class='ocr_par' dir='ltr' id='par_1_18' title="bbox 495 1841 2013 1921">
     <span class='ocr_line' id='line_1_18' title="bbox 495 1841 2013 1921; baseline -0.009 -15"><span class='ocrx_word' id='word_1_142' title='bbox 495 1853 559 1907; x_wconf 85' lang='grc' dir='ltr'>δ’.</span> <span class='ocrx_word' id='word_1_143' title='bbox 583 1852 727 1921; x_wconf 85' lang='grc' dir='ltr'>Ὅρα</span> <span class='ocrx_word' id='word_1_144' title='bbox 749 1849 872 1901; x_wconf 83' lang='grc' dir='ltr'>ὅσον</span> <span class='ocrx_word' id='word_1_145' title='bbox 893 1845 1062 1900; x_wconf 86' lang='grc' dir='ltr'>κακόν</span> <span class='ocrx_word' id='word_1_146' title='bbox 1090 1847 1205 1897; x_wconf 85' lang='grc' dir='ltr'>ἐστι</span> <span class='ocrx_word' id='word_1_147' title='bbox 1235 1843 1295 1896; x_wconf 81' lang='grc' dir='ltr'>τὸ</span> <span class='ocrx_word' id='word_1_148' title='bbox 1327 1842 1511 1906; x_wconf 88' lang='grc' dir='ltr'>ἁπλῶς</span> <span class='ocrx_word' id='word_1_149' title='bbox 1533 1846 1646 1908; x_wconf 84' lang='grc' dir='ltr'>τοῖς</span> <span class='ocrx_word' id='word_1_150' title='bbox 1676 1842 1893 1914; x_wconf 77' lang='grc' dir='ltr'>ἐχθροῖς</span> <span class='ocrx_word' id='word_1_151' title='bbox 1917 1841 2013 1896; x_wconf 76' lang='grc' dir='ltr'>καὶ</span> 
     </span>
    </p>
   </div>
   <div class='ocr_carea' id='block_1_19' title="bbox 422 1926 2012 2002">
    <p class='ocr_par' dir='ltr' id='par_1_19' title="bbox 422 1926 2012 2002">
     <span class='ocr_line' id='line_1_19' title="bbox 422 1926 2012 2002; baseline -0.008 -10"><span class='ocrx_word' id='word_1_152' title='bbox 422 1940 538 2002; x_wconf 79' lang='grc' dir='ltr'>τοῖς</span> <span class='ocrx_word' id='word_1_153' title='bbox 570 1931 877 1995; x_wconf 86' lang='grc' dir='ltr'>ἐπιϐούλοις</span> <span class='ocrx_word' id='word_1_154' title='bbox 901 1929 1128 1992; x_wconf 77' lang='grc' dir='ltr'>ἑαυτοὺς</span> <span class='ocrx_word' id='word_1_155' title='bbox 1153 1926 1504 1999; x_wconf 76' lang='grc' dir='ltr'>ἐγχειρίζειν.</span> <span class='ocrx_word' id='word_1_156' title='bbox 1529 1927 1628 1981; x_wconf 88' lang='grc' dir='ltr'>Διά</span> <span class='ocrx_word' id='word_1_157' title='bbox 1653 1926 1810 1980; x_wconf 82' lang='grc' dir='ltr'>τοῦτο</span> <span class='ocrx_word' id='word_1_158' title='bbox 1835 1927 1864 1979; x_wconf 93' lang='lat'>6</span> <span class='ocrx_word' id='word_1_159' title='bbox 1888 1927 2012 1997; x_wconf 87' lang='grc' dir='ltr'>Χρι-</span> 
     </span>
    </p>
   </div>
   <div class='ocr_carea' id='block_1_20' title="bbox 421 2008 2012 2086">
    <p class='ocr_par' dir='ltr' id='par_1_20' title="bbox 421 2008 2012 2086">
     <span class='ocr_line' id='line_1_20' title="bbox 421 2008 2012 2086; baseline -0.009 -10"><span class='ocrx_word' id='word_1_160' title='bbox 421 2020 552 2084; x_wconf 80' lang='grc' dir='ltr'>στὸς</span> <span class='ocrx_word' id='word_1_161' title='bbox 582 2018 734 2086; x_wconf 75' lang='grc' dir='ltr'>ἔλεγε</span> <span class='ocrx_word' id='word_1_162' title='bbox 751 2031 763 2045; x_wconf 74' lang='grc'><strong>⁸</strong></span> <span class='ocrx_word' id='word_1_163' title='bbox 785 2012 884 2082; x_wconf 77' lang='grc' dir='ltr'>Μὴ</span> <span class='ocrx_word' id='word_1_164' title='bbox 909 2012 1048 2066; x_wconf 83' lang='grc' dir='ltr'>δότε</span> <span class='ocrx_word' id='word_1_165' title='bbox 1068 2012 1141 2066; x_wconf 84' lang='grc' dir='ltr'>τὰ</span> <span class='ocrx_word' id='word_1_166' title='bbox 1169 2013 1307 2080; x_wconf 80' lang='grc' dir='ltr'>ἅγια</span> <span class='ocrx_word' id='word_1_167' title='bbox 1328 2009 1452 2076; x_wconf 86' lang='grc' dir='ltr'>τοῖς</span> <span class='ocrx_word' id='word_1_168' title='bbox 1467 2009 1636 2075; x_wconf 78' lang='grc' dir='ltr'>κυσὶ,</span> <span class='ocrx_word' id='word_1_169' title='bbox 1660 2008 1816 2079; x_wconf 81' lang='grc' dir='ltr'>μηδὲ</span> <span class='ocrx_word' id='word_1_170' title='bbox 1826 2010 2012 2077; x_wconf 69' lang='grc' dir='ltr'>ῥίψῃ-</span> 
     </span>
    </p>
   </div>
   <div class='ocr_carea' id='block_1_21' title="bbox 419 2092 2009 2170">
    <p class='ocr_par' dir='ltr' id='par_1_21' title="bbox 419 2092 2009 2170">
     <span class='ocr_line' id='line_1_21' title="bbox 419 2092 2009 2170; baseline -0.005 -16"><span class='ocrx_word' id='word_1_171' title='bbox 419 2122 491 2161; x_wconf 88' lang='grc' dir='ltr'>.τε</span> <span class='ocrx_word' id='word_1_172' title='bbox 510 2101 652 2168; x_wconf 86' lang='grc' dir='ltr'>τοὺς</span> <span class='ocrx_word' id='word_1_173' title='bbox 671 2098 1039 2170; x_wconf 71' lang='grc' dir='ltr'>μαργαρίτας</span> <span class='ocrx_word' id='word_1_174' title='bbox 1067 2094 1235 2164; x_wconf 83' lang='grc' dir='ltr'>ὑμῶν</span> <span class='ocrx_word' id='word_1_175' title='bbox 1258 2095 1602 2164; x_wconf 77' lang='grc' dir='ltr'>ἔμπροσθεν</span> <span class='ocrx_word' id='word_1_176' title='bbox 1631 2092 1750 2147; x_wconf 87' lang='grc' dir='ltr'>τῶν</span> <span class='ocrx_word' id='word_1_177' title='bbox 1770 2094 2009 2163; x_wconf 79' lang='grc' dir='ltr'>χοίρων,</span> 
     </span>
    </p>
   </div>
   <div class='ocr_carea' id='block_1_22' title="bbox 417 2176 2012 2260">
    <p class='ocr_par' dir='ltr' id='par_1_22' title="bbox 417 2176 2012 2260">
     <span class='ocr_line' id='line_1_22' title="bbox 417 2176 2012 2260; baseline -0.009 -18"><span class='ocrx_word' id='word_1_178' title='bbox 417 2188 654 2260; x_wconf 72' lang='grc' dir='ltr'>μήποτε</span> <span class='ocrx_word' id='word_1_179' title='bbox 696 2183 1067 2260; x_wconf 60' lang='grc' dir='ltr'>στραφέντες</span> <span class='ocrx_word' id='word_1_180' title='bbox 1088 2177 1364 2248; x_wconf 75' lang='grc' dir='ltr'>ῥήξωσιν</span> <span class='ocrx_word' id='word_1_181' title='bbox 1395 2176 1571 2247; x_wconf 81' lang='grc' dir='ltr'>ὑμᾶς.</span> <span class='ocrx_word' id='word_1_182' title='bbox 1607 2176 1776 2230; x_wconf 76' lang='grc' dir='ltr'>Τοῦτο</span> <span class='ocrx_word' id='word_1_183' title='bbox 1809 2176 1866 2229; x_wconf 82' lang='grc' dir='ltr'>δὲ</span> <span class='ocrx_word' id='word_1_184' title='bbox 1886 2177 2012 2260; x_wconf 81' lang='grc' dir='ltr'>ἐγέ-</span> 
     </span>
    </p>
   </div>
   <div class='ocr_carea' id='block_1_23' title="bbox 426 2254 2012 2337">
    <p class='ocr_par' dir='ltr' id='par_1_23' title="bbox 426 2254 2012 2337">
     <span class='ocr_line' id='line_1_23' title="bbox 426 2254 2012 2337; baseline -0.013 -11"><span class='ocrx_word' id='word_1_185' title='bbox 426 2254 548 2327; x_wconf 75' lang='grc' dir='ltr'>νετο</span> <span class='ocrx_word' id='word_1_186' title='bbox 574 2269 667 2323; x_wconf 79' lang='grc' dir='ltr'>ἐπὶ</span> <span class='ocrx_word' id='word_1_187' title='bbox 699 2267 800 2337; x_wconf 80' lang='grc' dir='ltr'>τῆς</span> <span class='ocrx_word' id='word_1_188' title='bbox 824 2254 970 2328; x_wconf 68' lang='grc' dir='ltr'>Εὔας</span> <span class='ocrx_word' id='word_1_189' title='bbox 991 2279 1007 2295; x_wconf 87' lang='grc'><strong>·</strong></span> <span class='ocrx_word' id='word_1_190' title='bbox 1052 2263 1222 2317; x_wconf 79' lang='grc' dir='ltr'>ἔδωκε</span> <span class='ocrx_word' id='word_1_191' title='bbox 1251 2261 1319 2315; x_wconf 72' lang='grc' dir='ltr'>τὰ</span> <span class='ocrx_word' id='word_1_192' title='bbox 1351 2260 1483 2331; x_wconf 81' lang='grc' dir='ltr'>ἆγια</span> <span class='ocrx_word' id='word_1_193' title='bbox 1505 2260 1584 2332; x_wconf 77' lang='grc' dir='ltr'>τῷ</span> <span class='ocrx_word' id='word_1_194' title='bbox 1616 2261 1759 2325; x_wconf 77' lang='grc' dir='ltr'>κυνὶ,</span> <span class='ocrx_word' id='word_1_195' title='bbox 1784 2259 1863 2330; x_wconf 78' lang='grc' dir='ltr'>τῷ</span> <span class='ocrx_word' id='word_1_196' title='bbox 1900 2259 2012 2330; x_wconf 76' lang='grc' dir='ltr'>χοε-</span> 
     </span>
    </p>
   </div>
   <div class='ocr_carea' id='block_1_24' title="bbox 417 2345 2013 2431">
    <p class='ocr_par' dir='ltr' id='par_1_24' title="bbox 417 2345 2013 2431">
     <span class='ocr_line' id='line_1_24' title="bbox 417 2345 2013 2431; baseline -0.008 -23"><span class='ocrx_word' id='word_1_197' title='bbox 417 2372 540 2431; x_wconf 77' lang='grc' dir='ltr'>ρῳο</span> <span class='ocrx_word' id='word_1_198' title='bbox 587 2351 970 2419; x_wconf 81' lang='grc' dir='ltr'>κατεπάτησεν</span> <span class='ocrx_word' id='word_1_199' title='bbox 1002 2349 1209 2410; x_wconf 79' lang='grc' dir='ltr'>ἐκεῖνος</span> <span class='ocrx_word' id='word_1_200' title='bbox 1239 2345 1595 2431; x_wconf 29' lang='grc' dir='ltr'>τάᾼρήματα,</span> <span class='ocrx_word' id='word_1_201' title='bbox 1629 2346 1890 2416; x_wconf 71' lang='grc' dir='ltr'>στραφεὶς</span> <span class='ocrx_word' id='word_1_202' title='bbox 1918 2345 2013 2417; x_wconf 82' lang='grc' dir='ltr'>ἐρ-</span> 
     </span>
    </p>
   </div>
   <div class='ocr_carea' id='block_1_25' title="bbox 426 2429 2015 2512">
    <p class='ocr_par' dir='ltr' id='par_1_25' title="bbox 426 2429 2015 2512">
     <span class='ocr_line' id='line_1_25' title="bbox 426 2429 2015 2512; baseline -0.005 -22"><span class='ocrx_word' id='word_1_203' title='bbox 426 2429 560 2512; x_wconf 70' lang='grc' dir='ltr'>ρηξε</span> <span class='ocrx_word' id='word_1_204' title='bbox 585 2438 683 2508; x_wconf 83' lang='grc' dir='ltr'>τὴν</span> <span class='ocrx_word' id='word_1_205' title='bbox 707 2436 961 2504; x_wconf 87' lang='grc' dir='ltr'>γυναῖκα.</span> <span class='ocrx_word' id='word_1_206' title='bbox 1003 2432 1113 2484; x_wconf 75' lang='grc' dir='ltr'>Καὶ</span> <span class='ocrx_word' id='word_1_207' title='bbox 1136 2431 1239 2502; x_wconf 80' lang='grc' dir='ltr'>ὅρα</span> <span class='ocrx_word' id='word_1_208' title='bbox 1269 2429 1385 2492; x_wconf 86' lang='grc' dir='ltr'>πῶς</span> <span class='ocrx_word' id='word_1_209' title='bbox 1414 2432 1746 2512; x_wconf 67' lang='grc' dir='ltr'>κακουργεῖε</span> <span class='ocrx_word' id='word_1_210' title='bbox 1798 2432 1881 2484; x_wconf 82' lang='grc' dir='ltr'><em>Οὐ</em></span> <span class='ocrx_word' id='word_1_211' title='bbox 1913 2435 2015 2485; x_wconf 81' lang='grc' dir='ltr'>θα-</span> 
     </span>
    </p>
   </div>
   <div class='ocr_carea' id='block_1_26' title="bbox 424 2511 2013 2588">
    <p class='ocr_par' dir='ltr' id='par_1_26' title="bbox 424 2511 2013 2588">
     <span class='ocr_line' id='line_1_26' title="bbox 424 2511 2013 2588; baseline -0.006 -12"><span class='ocrx_word' id='word_1_212' title='bbox 424 2511 585 2588; x_wconf 79' lang='grc' dir='ltr'>νάτῳ</span> <span class='ocrx_word' id='word_1_213' title='bbox 609 2515 1030 2577; x_wconf 75' lang='grc' dir='ltr'>ἀποθανεῖσθε,</span> <span class='ocrx_word' id='word_1_214' title='bbox 1059 2513 1192 2584; x_wconf 76' lang='grc' dir='ltr'>φησί</span> <span class='ocrx_word' id='word_1_215' title='bbox 1216 2547 1244 2566; x_wconf 66' lang='grc' dir='ltr'>ι.</span> <span class='ocrx_word' id='word_1_216' title='bbox 1276 2511 1543 2566; x_wconf 77' lang='grc' dir='ltr'>Ἐνταῦθα</span> <span class='ocrx_word' id='word_1_217' title='bbox 1570 2528 1662 2581; x_wconf 85' lang='grc' dir='ltr'>μοι</span> <span class='ocrx_word' id='word_1_218' title='bbox 1691 2512 2013 2583; x_wconf 77' lang='grc' dir='ltr'>προσέχετε,</span> 
     </span>
    </p>
   </div>
   <div class='ocr_carea' id='block_1_27' title="bbox 425 2594 2016 2673">
    <p class='ocr_par' dir='ltr' id='par_1_27' title="bbox 425 2594 2016 2673">
     <span class='ocr_line' id='line_1_27' title="bbox 425 2594 2016 2673; baseline -0.006 -14"><span class='ocrx_word' id='word_1_219' title='bbox 425 2606 508 2659; x_wconf 88' lang='grc' dir='ltr'>δτι</span> <span class='ocrx_word' id='word_1_220' title='bbox 535 2601 733 2673; x_wconf 85' lang='grc' dir='ltr'>δυνατὴ</span> <span class='ocrx_word' id='word_1_221' title='bbox 759 2596 827 2671; x_wconf 83' lang='grc' dir='ltr'>ἦν</span> <span class='ocrx_word' id='word_1_222' title='bbox 851 2601 884 2670; x_wconf 81' lang='grc' dir='ltr'>η</span> <span class='ocrx_word' id='word_1_223' title='bbox 910 2597 1049 2669; x_wconf 87' lang='grc' dir='ltr'>γυνὴ</span> <span class='ocrx_word' id='word_1_224' title='bbox 1082 2609 1107 2637; x_wconf 77' lang='grc' dir='ltr'>α</span> <span class='ocrx_word' id='word_1_225' title='bbox 1132 2596 1362 2649; x_wconf 85' lang='grc' dir='ltr'>συνιδεῖν</span> <span class='ocrx_word' id='word_1_226' title='bbox 1392 2594 1491 2667; x_wconf 77' lang='grc' dir='ltr'>τὴν</span> <span class='ocrx_word' id='word_1_227' title='bbox 1524 2596 1762 2666; x_wconf 85' lang='grc' dir='ltr'>ἀπάτην.</span> <span class='ocrx_word' id='word_1_228' title='bbox 1795 2596 2016 2660; x_wconf 77' lang='grc' dir='ltr'>Εὐθέως</span> 
     </span>
    </p>
   </div>
   <div class='ocr_carea' id='block_1_28' title="bbox 426 2678 2015 2762">
    <p class='ocr_par' dir='ltr' id='par_1_28' title="bbox 426 2678 2015 2762">
     <span class='ocr_line' id='line_1_28' title="bbox 426 2678 2015 2762; baseline -0.007 -19"><span class='ocrx_word' id='word_1_229' title='bbox 426 2690 545 2762; x_wconf 64' lang='grc' dir='ltr'>γὰρ*</span> <span class='ocrx_word' id='word_1_230' title='bbox 561 2687 661 2758; x_wconf 83' lang='grc' dir='ltr'>τὴν</span> <span class='ocrx_word' id='word_1_231' title='bbox 687 2684 888 2755; x_wconf 79' lang='grc' dir='ltr'>ἔχθραν</span> <span class='ocrx_word' id='word_1_232' title='bbox 923 2683 1019 2737; x_wconf 76' lang='grc' dir='ltr'>καὶ</span> <span class='ocrx_word' id='word_1_233' title='bbox 1067 2680 1161 2734; x_wconf 84' lang='grc' dir='ltr'>τὸν</span> <span class='ocrx_word' id='word_1_234' title='bbox 1206 2678 1440 2750; x_wconf 89' lang='grc' dir='ltr'>πόλεμον</span> <span class='ocrx_word' id='word_1_235' title='bbox 1498 2681 1876 2762; x_wconf 80' lang='grc' dir='ltr'>προεκήρυττε</span> <span class='ocrx_word' id='word_1_236' title='bbox 1923 2679 2015 2732; x_wconf 86' lang='grc' dir='ltr'>τὸν</span> 
     </span>
    </p>
   </div>
   <div class='ocr_carea' id='block_1_29' title="bbox 427 2761 2012 2844">
    <p class='ocr_par' dir='ltr' id='par_1_29' title="bbox 427 2761 2012 2844">
     <span class='ocr_line' id='line_1_29' title="bbox 427 2761 2012 2844; baseline -0.008 -18"><span class='ocrx_word' id='word_1_237' title='bbox 427 2761 565 2844; x_wconf 75' lang='grc' dir='ltr'>πρὸς</span> <span class='ocrx_word' id='word_1_238' title='bbox 585 2770 677 2823; x_wconf 84' lang='grc' dir='ltr'>τὸν</span> <span class='ocrx_word' id='word_1_239' title='bbox 697 2768 852 2832; x_wconf 77' lang='grc' dir='ltr'>Θεὸν,</span> <span class='ocrx_word' id='word_1_240' title='bbox 879 2765 1080 2827; x_wconf 80' lang='grc' dir='ltr'>εὐθέως</span> <span class='ocrx_word' id='word_1_241' title='bbox 1103 2763 1437 2826; x_wconf 85' lang='grc' dir='ltr'>ἀπεναντίας</span> <span class='ocrx_word' id='word_1_242' title='bbox 1464 2761 1787 2831; x_wconf 81' lang='grc' dir='ltr'>ἐφθέγξατο.</span> <span class='ocrx_word' id='word_1_243' title='bbox 1811 2762 2012 2815; x_wconf 59' lang='grc' dir='ltr'>Ἔστω</span> 
     </span>
    </p>
   </div>
   <div class='ocr_carea' id='block_1_30' title="bbox 426 2845 2012 2930">
    <p class='ocr_par' dir='ltr' id='par_1_30' title="bbox 426 2845 2012 2930">
     <span class='ocr_line' id='line_1_30' title="bbox 426 2845 2012 2930; baseline -0.021 -20"><span class='ocrx_word' id='word_1_244' title='bbox 426 2857 537 2930; x_wconf 83' lang='grc' dir='ltr'>πρὸ</span> <span class='ocrx_word' id='word_1_245' title='bbox 565 2853 756 2908; x_wconf 87' lang='grc' dir='ltr'>τούτου</span> <span class='ocrx_word' id='word_1_246' title='bbox 790 2847 1105 2922; x_wconf 81' lang='grc' dir='ltr'>βουλομένῳ</span> <span class='ocrx_word' id='word_1_247' title='bbox 1142 2847 1342 2930; x_wconf 70' lang='grc' dir='ltr'>⁸μαθεῖν</span> <span class='ocrx_word' id='word_1_248' title='bbox 1382 2845 1748 2930; x_wconf 13' lang='grc' dir='ltr'>τῂνγγυφμην</span> <span class='ocrx_word' id='word_1_249' title='bbox 1789 2846 1975 2930; x_wconf 63' lang='grc' dir='ltr'>εχεγες</span> <span class='ocrx_word' id='word_1_250' title='bbox 1997 2862 2012 2876; x_wconf 93' lang='grc'>.</span> 
     </span>
    </p>
   </div>
   <div class='ocr_carea' id='block_1_31' title="bbox 422 2924 2017 3011">
    <p class='ocr_par' dir='ltr' id='par_1_31' title="bbox 422 2924 2017 3011">
     <span class='ocr_line' id='line_1_31' title="bbox 422 2924 2017 3011; baseline -0.015 -16"><span class='ocrx_word' id='word_1_251' title='bbox 422 2924 572 3011; x_wconf 78' lang='grc' dir='ltr'>μετὰ</span> <span class='ocrx_word' id='word_1_252' title='bbox 597 2934 772 2991; x_wconf 79' lang='grc' dir='ltr'>ταῦτα</span> <span class='ocrx_word' id='word_1_253' title='bbox 806 2931 1027 2986; x_wconf 82' lang='grc' dir='ltr'>ἐναντία</span> <span class='ocrx_word' id='word_1_254' title='bbox 1058 2927 1343 2982; x_wconf 86' lang='grc' dir='ltr'>εἰπόντιτί</span> <span class='ocrx_word' id='word_1_255' title='bbox 1390 2928 1747 2999; x_wconf 74' lang='grc' dir='ltr'>ἠκολούθεις;</span> <span class='ocrx_word' id='word_1_256' title='bbox 1784 2924 1954 2983; x_wconf 83' lang='grc' dir='ltr'>Εἶπεν</span> <span class='ocrx_word' id='word_1_257' title='bbox 1988 2931 2017 2983; x_wconf 74' lang='grc' dir='ltr'>ὁ</span> 
     </span>
    </p>
   </div>
   <div class='ocr_carea' id='block_1_32' title="bbox 426 3012 2017 3086">
    <p class='ocr_par' dir='ltr' id='par_1_32' title="bbox 426 3012 2017 3086">
     <span class='ocr_line' id='line_1_32' title="bbox 426 3012 2017 3086; baseline -0.006 -8"><span class='ocrx_word' id='word_1_258' title='bbox 426 3023 583 3086; x_wconf 76' lang='grc' dir='ltr'>Θεόςο</span> <span class='ocrx_word' id='word_1_259' title='bbox 617 3017 862 3084; x_wconf 84' lang='grc' dir='ltr'>Θανάτῳ</span> <span class='ocrx_word' id='word_1_260' title='bbox 882 3012 1284 3070; x_wconf 75' lang='grc' dir='ltr'>ἀποθανεῖσθε</span> <span class='ocrx_word' id='word_1_261' title='bbox 1305 3029 1321 3044; x_wconf 77' lang='grc' dir='ltr'><strong>ο</strong></span> <span class='ocrx_word' id='word_1_262' title='bbox 1370 3012 1774 3082; x_wconf 79' lang='grc' dir='ltr'>ἀντεφθέγξατο</span> <span class='ocrx_word' id='word_1_263' title='bbox 1806 3014 2017 3080; x_wconf 82' lang='grc' dir='ltr'>τούτοις</span> 
     </span>
    </p>
   </div>
   <div class='ocr_carea' id='block_1_33' title="bbox 418 3094 2015 3168">
    <p class='ocr_par' dir='ltr' id='par_1_33' title="bbox 418 3094 2015 3168">
     <span class='ocr_line' id='line_1_33' title="bbox 418 3094 2015 3168; baseline -0.006 -7"><span class='ocrx_word' id='word_1_264' title='bbox 418 3109 656 3168; x_wconf 78' lang='grc' dir='ltr'>ἐκεῖνος,</span> <span class='ocrx_word' id='word_1_265' title='bbox 687 3101 785 3156; x_wconf 72' lang='grc' dir='ltr'>καὶ</span> <span class='ocrx_word' id='word_1_266' title='bbox 813 3095 966 3153; x_wconf 85' lang='grc' dir='ltr'>εἶπεν</span> <span class='ocrx_word' id='word_1_267' title='bbox 984 3113 1000 3129; x_wconf 78' lang='grc' dir='ltr'><strong><em>ο</em></strong></span> <span class='ocrx_word' id='word_1_268' title='bbox 1020 3098 1102 3151; x_wconf 88' lang='grc' dir='ltr'>Οὐ</span> <span class='ocrx_word' id='word_1_269' title='bbox 1137 3094 1370 3162; x_wconf 77' lang='grc' dir='ltr'>θανάτῳ</span> <span class='ocrx_word' id='word_1_270' title='bbox 1394 3095 1814 3151; x_wconf 80' lang='grc' dir='ltr'>ἀποθανεῖσθε.</span> <span class='ocrx_word' id='word_1_271' title='bbox 1838 3097 1903 3150; x_wconf 92' lang='grc' dir='ltr'>Τί</span> <span class='ocrx_word' id='word_1_272' title='bbox 1924 3097 2015 3151; x_wconf 83' lang='grc' dir='ltr'>τοῦ</span> 
     </span>
    </p>
   </div>
   <div class='ocr_carea' id='block_1_34' title="bbox 428 3176 2011 3258">
    <p class='ocr_par' dir='ltr' id='par_1_34' title="bbox 428 3176 2011 3258">
     <span class='ocr_line' id='line_1_34' title="bbox 428 3176 2011 3258; baseline -0.006 -17"><span class='ocrx_word' id='word_1_273' title='bbox 428 3188 669 3258; x_wconf 83' lang='grc' dir='ltr'>πολέμου</span> <span class='ocrx_word' id='word_1_274' title='bbox 693 3183 888 3238; x_wconf 88' lang='grc' dir='ltr'>τούτου</span> <span class='ocrx_word' id='word_1_275' title='bbox 920 3179 1298 3252; x_wconf 84' lang='grc' dir='ltr'>σαφέστερον;</span> <span class='ocrx_word' id='word_1_276' title='bbox 1326 3176 1494 3232; x_wconf 87' lang='grc' dir='ltr'>πόθεν</span> <span class='ocrx_word' id='word_1_277' title='bbox 1514 3178 1741 3233; x_wconf 81' lang='grc' dir='ltr'>ἄλλοθεν</span> <span class='ocrx_word' id='word_1_278' title='bbox 1773 3179 1881 3234; x_wconf 76' lang='grc' dir='ltr'>ἔδει</span> <span class='ocrx_word' id='word_1_279' title='bbox 1910 3198 2011 3253; x_wconf 89' lang='grc' dir='ltr'>μα-</span> 
     </span>
    </p>
   </div>
   <div class='ocr_carea' id='block_1_35' title="bbox 430 3262 2017 3338">
    <p class='ocr_par' dir='ltr' id='par_1_35' title="bbox 430 3262 2017 3338">
     <span class='ocr_line' id='line_1_35' title="bbox 430 3262 2017 3338; baseline -0.003 -14"><span class='ocrx_word' id='word_1_280' title='bbox 430 3272 542 3325; x_wconf 84' lang='grc' dir='ltr'>θεῖν</span> <span class='ocrx_word' id='word_1_281' title='bbox 563 3270 658 3323; x_wconf 74' lang='grc' dir='ltr'>τὸν</span> <span class='ocrx_word' id='word_1_282' title='bbox 694 3266 887 3338; x_wconf 76' lang='grc' dir='ltr'>ἐχθρὸν</span> <span class='ocrx_word' id='word_1_283' title='bbox 917 3265 1009 3320; x_wconf 79' lang='grc' dir='ltr'>καὶ</span> <span class='ocrx_word' id='word_1_284' title='bbox 1043 3264 1325 3335; x_wconf 77' lang='grc' dir='ltr'>πολέμιον,</span> <span class='ocrx_word' id='word_1_285' title='bbox 1349 3262 1520 3335; x_wconf 74' lang='grc' dir='ltr'>ἀλλ’ἢ</span> <span class='ocrx_word' id='word_1_286' title='bbox 1555 3263 1805 3318; x_wconf 84' lang='grc' dir='ltr'>ἐντεῦθεν</span> <span class='ocrx_word' id='word_1_287' title='bbox 1835 3266 1901 3319; x_wconf 89' lang='grc' dir='ltr'>ἐκ</span> <span class='ocrx_word' id='word_1_288' title='bbox 1923 3265 2017 3319; x_wconf 78' lang='grc' dir='ltr'>τοῦ</span> 
     </span>
    </p>
   </div>
   <div class='ocr_carea' id='block_1_36' title="bbox 425 3346 2018 3423">
    <p class='ocr_par' dir='ltr' id='par_1_36' title="bbox 425 3346 2018 3423">
     <span class='ocr_line' id='line_1_36' title="bbox 425 3346 2018 3423; baseline -0.004 -16"><span class='ocrx_word' id='word_1_289' title='bbox 425 3349 886 3423; x_wconf 76' lang='grc' dir='ltr'>ἀντιφθέγξασθαι</span> <span class='ocrx_word' id='word_1_290' title='bbox 914 3347 994 3419; x_wconf 82' lang='grc' dir='ltr'>τῷ</span> <span class='ocrx_word' id='word_1_291' title='bbox 1023 3346 1182 3418; x_wconf 73' lang='grc' dir='ltr'>Θεῷς</span> <span class='ocrx_word' id='word_1_292' title='bbox 1212 3348 1363 3401; x_wconf 85' lang='grc' dir='ltr'>Ἔδει</span> <span class='ocrx_word' id='word_1_293' title='bbox 1383 3347 1564 3399; x_wconf 84' lang='grc' dir='ltr'>τοίνυν</span> <span class='ocrx_word' id='word_1_294' title='bbox 1600 3351 1794 3417; x_wconf 78' lang='grc' dir='ltr'>φυγεῖν</span> <span class='ocrx_word' id='word_1_295' title='bbox 1815 3348 2018 3414; x_wconf 80' lang='grc' dir='ltr'>εὐθέως</span> 
     </span>
    </p>
   </div>
   <div class='ocr_carea' id='block_1_37' title="bbox 425 3422 2020 3508">
    <p class='ocr_par' dir='ltr' id='par_1_37' title="bbox 425 3422 2020 3508">
     <span class='ocr_line' id='line_1_37' title="bbox 425 3422 2020 3508; baseline -0.004 -15"><span class='ocrx_word' id='word_1_296' title='bbox 425 3439 487 3493; x_wconf 74' lang='grc' dir='ltr'>τὸ</span> <span class='ocrx_word' id='word_1_297' title='bbox 502 3422 716 3508; x_wconf 87' lang='grc' dir='ltr'>δέλεαρ,</span> <span class='ocrx_word' id='word_1_298' title='bbox 739 3434 846 3488; x_wconf 73' lang='grc' dir='ltr'>ἔδει</span> <span class='ocrx_word' id='word_1_299' title='bbox 879 3433 981 3503; x_wconf 70' lang='grc' dir='ltr'>τῆς</span> <span class='ocrx_word' id='word_1_300' title='bbox 1007 3431 1233 3501; x_wconf 80' lang='grc' dir='ltr'>παγίδος</span> <span class='ocrx_word' id='word_1_301' title='bbox 1258 3432 1635 3503; x_wconf 79' lang='grc' dir='ltr'>ἀπυπηδῆσαι.</span> <span class='ocrx_word' id='word_1_302' title='bbox 1662 3434 1744 3486; x_wconf 80' lang='grc' dir='ltr'>Οὐ</span> <span class='ocrx_word' id='word_1_303' title='bbox 1783 3432 2020 3501; x_wconf 82' lang='grc' dir='ltr'>θανάτῳ</span> 
     </span>
    </p>
   </div>
   <div class='ocr_carea' id='block_1_38' title="bbox 426 3509 2021 3588">
    <p class='ocr_par' dir='ltr' id='par_1_38' title="bbox 426 3509 2021 3588">
     <span class='ocr_line' id='line_1_38' title="bbox 426 3509 2021 3588; baseline -0.007 -10"><span class='ocrx_word' id='word_1_304' title='bbox 426 3519 846 3583; x_wconf 73' lang='grc' dir='ltr'>ἀποθανεῖσθε,</span> <span class='ocrx_word' id='word_1_305' title='bbox 869 3515 1051 3587; x_wconf 67' lang='grc' dir='ltr'>φησίν*</span> <span class='ocrx_word' id='word_1_306' title='bbox 1074 3515 1200 3585; x_wconf 74' lang='grc' dir='ltr'>ᾔδει</span> <span class='ocrx_word' id='word_1_307' title='bbox 1218 3515 1326 3585; x_wconf 76' lang='grc' dir='ltr'>γὰρ</span> <span class='ocrx_word' id='word_1_308' title='bbox 1344 3519 1377 3569; x_wconf 84' lang='grc' dir='ltr'>ό</span> <span class='ocrx_word' id='word_1_309' title='bbox 1400 3515 1564 3583; x_wconf 80' lang='grc' dir='ltr'>Θεὸς,</span> <span class='ocrx_word' id='word_1_310' title='bbox 1581 3509 1723 3588; x_wconf 85' lang='grc' dir='ltr'>ὅτιῇ</span> <span class='ocrx_word' id='word_1_311' title='bbox 1738 3515 1815 3570; x_wconf 82' lang='grc' dir='ltr'>ἂν</span> <span class='ocrx_word' id='word_1_312' title='bbox 1830 3516 2021 3588; x_wconf 76' lang='grc' dir='ltr'>ἡμέρᾳ</span> 
     </span>
    </p>
   </div>
   <div class='ocr_carea' id='block_1_39' title="bbox 427 3596 2021 3676">
    <p class='ocr_par' dir='ltr' id='par_1_39' title="bbox 427 3596 2021 3676">
     <span class='ocr_line' id='line_1_39' title="bbox 427 3596 2021 3676; baseline -0.002 -19"><span class='ocrx_word' id='word_1_313' title='bbox 427 3604 676 3676; x_wconf 76' lang='grc' dir='ltr'>φάγητε,</span> <span class='ocrx_word' id='word_1_314' title='bbox 702 3598 1232 3669; x_wconf 75' lang='grc' dir='ltr'>διανοιχθήσοινται</span> <span class='ocrx_word' id='word_1_315' title='bbox 1273 3596 1442 3666; x_wconf 83' lang='grc' dir='ltr'>ὑμῶν</span> <span class='ocrx_word' id='word_1_316' title='bbox 1463 3602 1518 3652; x_wconf 78' lang='grc' dir='ltr'>οἱ</span> <span class='ocrx_word' id='word_1_317' title='bbox 1552 3600 1873 3671; x_wconf 68' lang='grc' dir='ltr'>ὀφθαλμοὶ,</span> <span class='ocrx_word' id='word_1_318' title='bbox 1919 3599 2021 3655; x_wconf 80' lang='grc' dir='ltr'>καὶ</span> 
     </span>
    </p>
   </div>
   <div class='ocr_carea' id='block_1_40' title="bbox 426 3682 2020 3753">
    <p class='ocr_par' dir='ltr' id='par_1_40' title="bbox 426 3682 2020 3753">
     <span class='ocr_line' id='line_1_40' title="bbox 426 3682 2020 3753; baseline -0.004 -10"><span class='ocrx_word' id='word_1_319' title='bbox 426 3689 649 3743; x_wconf 76' lang='grc' dir='ltr'>ἔσεσθε</span> <span class='ocrx_word' id='word_1_320' title='bbox 693 3686 775 3752; x_wconf 86' lang='grc' dir='ltr'>ὡς</span> <span class='ocrx_word' id='word_1_321' title='bbox 823 3683 969 3739; x_wconf 84' lang='grc' dir='ltr'>θεοί.</span> <span class='ocrx_word' id='word_1_322' title='bbox 1012 3682 1219 3735; x_wconf 83' lang='grc' dir='ltr'>Ἐλπίδι</span> <span class='ocrx_word' id='word_1_323' title='bbox 1260 3682 1508 3752; x_wconf 78' lang='grc' dir='ltr'>μείζονος</span> <span class='ocrx_word' id='word_1_324' title='bbox 1546 3683 1895 3753; x_wconf 78' lang='grc' dir='ltr'>ὑποσχέσεως</span> <span class='ocrx_word' id='word_1_325' title='bbox 1924 3687 2020 3737; x_wconf 74' lang='grc' dir='ltr'>καὶ</span> 
     </span>
    </p>
   </div>
   <div class='ocr_carea' id='block_1_41' title="bbox 427 3764 2019 3842">
    <p class='ocr_par' dir='ltr' id='par_1_41' title="bbox 427 3764 2019 3842">
     <span class='ocr_line' id='line_1_41' title="bbox 427 3764 2019 3842; baseline -0.004 -16"><span class='ocrx_word' id='word_1_326' title='bbox 427 3774 497 3827; x_wconf 74' lang='grc' dir='ltr'>τὰ</span> <span class='ocrx_word' id='word_1_327' title='bbox 534 3774 592 3824; x_wconf 81' lang='grc' dir='ltr'>ἐν</span> <span class='ocrx_word' id='word_1_328' title='bbox 618 3770 804 3842; x_wconf 80' lang='grc' dir='ltr'>χερσὶν</span> <span class='ocrx_word' id='word_1_329' title='bbox 839 3765 1091 3834; x_wconf 78' lang='grc' dir='ltr'>ἐξέϐαλεν</span> <span class='ocrx_word' id='word_1_330' title='bbox 1126 3764 1308 3834; x_wconf 83' lang='grc' dir='ltr'>ἀγαθά</span> <span class='ocrx_word' id='word_1_331' title='bbox 1328 3779 1340 3793; x_wconf 82' lang='lat'><strong><em>°</em></strong></span> <span class='ocrx_word' id='word_1_332' title='bbox 1374 3764 1743 3835; x_wconf 82' lang='grc' dir='ltr'>ἐπηγγείλατο</span> <span class='ocrx_word' id='word_1_333' title='bbox 1770 3767 2019 3838; x_wconf 84' lang='grc' dir='ltr'>ποιήσειν</span> 
     </span>
    </p>
   </div>
   <div class='ocr_carea' id='block_1_42' title="bbox 431 3847 2015 3921">
    <p class='ocr_par' dir='ltr' id='par_1_42' title="bbox 431 3847 2015 3921">
     <span class='ocr_line' id='line_1_42' title="bbox 431 3847 2015 3921; baseline -0.004 -10"><span class='ocrx_word' id='word_1_334' title='bbox 431 3858 608 3920; x_wconf 84' lang='grc' dir='ltr'>θεοὺς,</span> <span class='ocrx_word' id='word_1_335' title='bbox 636 3853 733 3907; x_wconf 84' lang='grc' dir='ltr'>καὶ</span> <span class='ocrx_word' id='word_1_336' title='bbox 755 3849 1057 3907; x_wconf 83' lang='grc' dir='ltr'>κατέϐαλεν</span> <span class='ocrx_word' id='word_1_337' title='bbox 1087 3850 1167 3913; x_wconf 89' lang='grc' dir='ltr'>εἰς</span> <span class='ocrx_word' id='word_1_338' title='bbox 1200 3849 1300 3918; x_wconf 81' lang='grc' dir='ltr'>τὴν</span> <span class='ocrx_word' id='word_1_339' title='bbox 1325 3848 1420 3902; x_wconf 82' lang='grc' dir='ltr'>τοῦ</span> <span class='ocrx_word' id='word_1_340' title='bbox 1443 3847 1676 3902; x_wconf 84' lang='grc' dir='ltr'>θανάτου</span> <span class='ocrx_word' id='word_1_341' title='bbox 1704 3850 2015 3921; x_wconf 89' lang='grc' dir='ltr'>τυραννίδα.</span> 
     </span>
    </p>
   </div>
   <div class='ocr_carea' id='block_1_43' title="bbox 430 3926 2021 4003">
    <p class='ocr_par' dir='ltr' id='par_1_43' title="bbox 430 3926 2021 4003">
     <span class='ocr_line' id='line_1_43' title="bbox 430 3926 2021 4003; baseline -0.005 -9"><span class='ocrx_word' id='word_1_342' title='bbox 430 3938 604 3995; x_wconf 82' lang='grc' dir='ltr'>Πόθεν</span> <span class='ocrx_word' id='word_1_343' title='bbox 638 3931 731 3990; x_wconf 75' lang='grc' dir='ltr'>οὖν</span> <span class='ocrx_word' id='word_1_344' title='bbox 764 3934 1112 3997; x_wconf 81' lang='grc' dir='ltr'>ἐπίστευσας,</span> <span class='ocrx_word' id='word_1_345' title='bbox 1137 3926 1381 4001; x_wconf 85' lang='grc' dir='ltr'>ὦγύναι,</span> <span class='ocrx_word' id='word_1_346' title='bbox 1408 3931 1486 4003; x_wconf 78' lang='grc' dir='ltr'>τῷ</span> <span class='ocrx_word' id='word_1_347' title='bbox 1512 3931 1785 4003; x_wconf 82' lang='grc' dir='ltr'>διαϐόλῳ;</span> <span class='ocrx_word' id='word_1_348' title='bbox 1819 3933 1872 3988; x_wconf 88' lang='grc' dir='ltr'>τί</span> <span class='ocrx_word' id='word_1_349' title='bbox 1896 3951 2021 3987; x_wconf 91' lang='grc' dir='ltr'>συν-</span> 
     </span>
    </p>
   </div>
   <div class='ocr_carea' id='block_1_44' title="bbox 428 4014 2017 4090">
    <p class='ocr_par' dir='ltr' id='par_1_44' title="bbox 428 4014 2017 4090">
     <span class='ocr_line' id='line_1_44' title="bbox 428 4014 2017 4090; baseline -0.004 -12"><span class='ocrx_word' id='word_1_350' title='bbox 428 4025 569 4087; x_wconf 85' lang='grc' dir='ltr'>εῖδες</span> <span class='ocrx_word' id='word_1_351' title='bbox 594 4019 837 4090; x_wconf 83' lang='grc' dir='ltr'>ἀγαθόν;</span> <span class='ocrx_word' id='word_1_352' title='bbox 867 4019 968 4072; x_wconf 78' lang='grc' dir='ltr'>οὐκ</span> <span class='ocrx_word' id='word_1_353' title='bbox 994 4018 1155 4089; x_wconf 72' lang='grc' dir='ltr'>ἤρκει</span> <span class='ocrx_word' id='word_1_354' title='bbox 1177 4018 1211 4088; x_wconf 79' lang='grc' dir='ltr'><strong>ἠ</strong></span> <span class='ocrx_word' id='word_1_355' title='bbox 1242 4015 1552 4081; x_wconf 79' lang='grc' dir='ltr'>ἀξιοπιστία</span> <span class='ocrx_word' id='word_1_356' title='bbox 1574 4017 1667 4070; x_wconf 80' lang='grc' dir='ltr'>τοῦ</span> <span class='ocrx_word' id='word_1_357' title='bbox 1701 4014 2017 4088; x_wconf 77' lang='grc' dir='ltr'>νομοθέτου,</span> 
     </span>
    </p>
   </div>
   <div class='ocr_carea' id='block_1_45' title="bbox 429 4100 2021 4176">
    <p class='ocr_par' dir='ltr' id='par_1_45' title="bbox 429 4100 2021 4176">
     <span class='ocr_line' id='line_1_45' title="bbox 429 4100 2021 4176; baseline -0.011 -14"><span class='ocrx_word' id='word_1_358' title='bbox 429 4108 512 4162; x_wconf 76' lang='grc' dir='ltr'>ὅτι</span> <span class='ocrx_word' id='word_1_359' title='bbox 541 4109 570 4160; x_wconf 87' lang='lat'>6</span> <span class='ocrx_word' id='word_1_360' title='bbox 599 4105 695 4176; x_wconf 85' lang='grc' dir='ltr'>μὲν</span> <span class='ocrx_word' id='word_1_361' title='bbox 725 4104 857 4168; x_wconf 74' lang='grc' dir='ltr'>θεὸς</span> <span class='ocrx_word' id='word_1_362' title='bbox 883 4103 979 4157; x_wconf 76' lang='grc' dir='ltr'>καὶ</span> <span class='ocrx_word' id='word_1_363' title='bbox 1004 4101 1339 4172; x_wconf 81' lang='grc' dir='ltr'>δημιουργὸς</span> <span class='ocrx_word' id='word_1_364' title='bbox 1365 4101 1461 4153; x_wconf 81' lang='grc' dir='ltr'>καὶ</span> <span class='ocrx_word' id='word_1_365' title='bbox 1490 4100 1739 4172; x_wconf 80' lang='grc' dir='ltr'>ποιητὴς,</span> <span class='ocrx_word' id='word_1_366' title='bbox 1762 4104 1791 4155; x_wconf 92' lang='lat'>6</span> <span class='ocrx_word' id='word_1_367' title='bbox 1819 4101 1878 4155; x_wconf 88' lang='grc' dir='ltr'>δὲ</span> <span class='ocrx_word' id='word_1_368' title='bbox 1904 4100 2021 4156; x_wconf 89' lang='grc' dir='ltr'>διά-</span> 
     </span>
    </p>
   </div>
   <div class='ocr_carea' id='block_1_46' title="bbox 430 4182 2020 4258">
    <p class='ocr_par' dir='ltr' id='par_1_46' title="bbox 430 4182 2020 4258">
     <span class='ocr_line' id='line_1_46' title="bbox 430 4182 2020 4258; baseline -0.002 -15"><span class='ocrx_word' id='word_1_369' title='bbox 430 4190 588 4253; x_wconf 78' lang='grc' dir='ltr'>ϐολος</span> <span class='ocrx_word' id='word_1_370' title='bbox 625 4187 721 4243; x_wconf 72' lang='grc' dir='ltr'>καὶ</span> <span class='ocrx_word' id='word_1_371' title='bbox 769 4185 999 4258; x_wconf 82' lang='grc' dir='ltr'>ἐχθρός;</span> <span class='ocrx_word' id='word_1_372' title='bbox 1041 4186 1152 4238; x_wconf 79' lang='grc' dir='ltr'>Καὶ</span> <span class='ocrx_word' id='word_1_373' title='bbox 1184 4182 1338 4237; x_wconf 79' lang='grc' dir='ltr'>οῠπω</span> <span class='ocrx_word' id='word_1_374' title='bbox 1374 4183 1518 4251; x_wconf 86' lang='grc' dir='ltr'>λέγω</span> <span class='ocrx_word' id='word_1_375' title='bbox 1562 4184 1845 4238; x_wconf 78' lang='grc' dir='ltr'>διάϐολονο</span> <span class='ocrx_word' id='word_1_376' title='bbox 1893 4184 2020 4256; x_wconf 82' lang='grc' dir='ltr'>ὅφιν</span> 
     </span>
    </p>
   </div>
   <div class='ocr_carea' id='block_1_47' title="bbox 429 4263 2021 4343">
    <p class='ocr_par' dir='ltr' id='par_1_47' title="bbox 429 4263 2021 4343">
     <span class='ocr_line' id='line_1_47' title="bbox 429 4263 2021 4343; baseline -0.003 -16"><span class='ocrx_word' id='word_1_377' title='bbox 429 4274 596 4327; x_wconf 84' lang='grc' dir='ltr'>αὐτὸν</span> <span class='ocrx_word' id='word_1_378' title='bbox 617 4270 863 4343; x_wconf 76' lang='grc' dir='ltr'>ἐνόμιζες</span> <span class='ocrx_word' id='word_1_379' title='bbox 891 4266 1031 4322; x_wconf 81' lang='grc' dir='ltr'>εἶναι</span> <span class='ocrx_word' id='word_1_380' title='bbox 1054 4267 1242 4337; x_wconf 60' lang='grc' dir='ltr'>ψιλόν</span> <span class='ocrx_word' id='word_1_381' title='bbox 1276 4266 1399 4335; x_wconf 71' lang='grc' dir='ltr'>ὅφιν</span> <span class='ocrx_word' id='word_1_382' title='bbox 1429 4263 1543 4332; x_wconf 81' lang='grc' dir='ltr'>οὖν,</span> <span class='ocrx_word' id='word_1_383' title='bbox 1576 4268 1697 4321; x_wconf 86' lang='grc' dir='ltr'>εἰπέ</span> <span class='ocrx_word' id='word_1_384' title='bbox 1730 4286 1824 4340; x_wconf 89' lang='grc' dir='ltr'>μοι</span> <span class='ocrx_word' id='word_1_385' title='bbox 1843 4310 1859 4335; x_wconf 93' lang='grc'>,</span> <span class='ocrx_word' id='word_1_386' title='bbox 1891 4287 2021 4324; x_wconf 83' lang='grc' dir='ltr'>τοσ-</span> 
     </span>
    </p>
   </div>
   <div class='ocr_carea' id='block_1_48' title="bbox 428 4351 2016 4428">
    <p class='ocr_par' dir='ltr' id='par_1_48' title="bbox 428 4351 2016 4428">
     <span class='ocr_line' id='line_1_48' title="bbox 428 4351 2016 4428; baseline -0.003 -16"><span class='ocrx_word' id='word_1_387' title='bbox 428 4357 605 4428; x_wconf 88' lang='grc' dir='ltr'>αύτης</span> <span class='ocrx_word' id='word_1_388' title='bbox 638 4354 922 4426; x_wconf 84' lang='grc' dir='ltr'>ἰσηγορίας</span> <span class='ocrx_word' id='word_1_389' title='bbox 949 4352 1185 4419; x_wconf 79' lang='grc' dir='ltr'>ἀξιῶσαι</span> <span class='ocrx_word' id='word_1_390' title='bbox 1215 4352 1406 4422; x_wconf 82' lang='grc' dir='ltr'>ἐχρῆν,</span> <span class='ocrx_word' id='word_1_391' title='bbox 1438 4351 1515 4414; x_wconf 86' lang='grc' dir='ltr'>ὼς</span> <span class='ocrx_word' id='word_1_392' title='bbox 1559 4352 1654 4405; x_wconf 74' lang='grc' dir='ltr'>καὶ</span> <span class='ocrx_word' id='word_1_393' title='bbox 1676 4353 2016 4424; x_wconf 81' lang='grc' dir='ltr'>Δεσποτικὴν</span> 
     </span>
    </p>
   </div>
   <div class='ocr_carea' id='block_1_49' title="bbox 429 4431 2018 4512">
    <p class='ocr_par' dir='ltr' id='par_1_49' title="bbox 429 4431 2018 4512">
     <span class='ocr_line' id='line_1_49' title="bbox 429 4431 2018 4512; baseline -0.003 -18"><span class='ocrx_word' id='word_1_394' title='bbox 429 4441 657 4512; x_wconf 82' lang='grc' dir='ltr'>γνώμην</span> <span class='ocrx_word' id='word_1_395' title='bbox 684 4437 999 4508; x_wconf 81' lang='grc' dir='ltr'>ἐξαγγεῖλαι</span> <span class='ocrx_word' id='word_1_396' title='bbox 1028 4434 1214 4506; x_wconf 78' lang='grc' dir='ltr'>αὐτῷ;</span> <span class='ocrx_word' id='word_1_397' title='bbox 1258 4436 1418 4508; x_wconf 78' lang='grc' dir='ltr'>Ὁρᾷς</span> <span class='ocrx_word' id='word_1_398' title='bbox 1444 4437 1524 4488; x_wconf 82' lang='grc' dir='ltr'>ὅτι</span> <span class='ocrx_word' id='word_1_399' title='bbox 1549 4434 1775 4489; x_wconf 85' lang='grc' dir='ltr'>δυνατὸν</span> <span class='ocrx_word' id='word_1_400' title='bbox 1798 4431 1867 4507; x_wconf 80' lang='grc' dir='ltr'>ἦν</span> <span class='ocrx_word' id='word_1_401' title='bbox 1892 4454 2018 4490; x_wconf 90' lang='grc' dir='ltr'>συν-</span> 
     </span>
    </p>
   </div>
   <div class='ocr_carea' id='block_1_50' title="bbox 380 4517 2020 4596">
    <p class='ocr_par' dir='ltr' id='par_1_50' title="bbox 380 4517 2020 4596">
     <span class='ocr_line' id='line_1_50' title="bbox 380 4517 2020 4596; baseline -0.004 -16"><span class='ocrx_word' id='word_1_402' title='bbox 380 4576 386 4583; x_wconf 86' lang='grc'>,</span> <span class='ocrx_word' id='word_1_403' title='bbox 433 4526 563 4579; x_wconf 82' lang='grc' dir='ltr'>ιδεῖν</span> <span class='ocrx_word' id='word_1_404' title='bbox 601 4524 699 4596; x_wconf 79' lang='grc' dir='ltr'>τὴν</span> <span class='ocrx_word' id='word_1_405' title='bbox 727 4524 966 4592; x_wconf 84' lang='grc' dir='ltr'>ἀπάτην,</span> <span class='ocrx_word' id='word_1_406' title='bbox 1003 4520 1118 4573; x_wconf 86' lang='grc' dir='ltr'>ἀλλ’</span> <span class='ocrx_word' id='word_1_407' title='bbox 1147 4520 1248 4572; x_wconf 75' lang='grc' dir='ltr'>οὐκ</span> <span class='ocrx_word' id='word_1_408' title='bbox 1282 4518 1548 4588; x_wconf 76' lang='grc' dir='ltr'>ὴθέλησεν</span> <span class='ocrx_word' id='word_1_409' title='bbox 1579 4517 1741 4590; x_wconf 78' lang='grc' dir='ltr'>αὕτη.</span> <span class='ocrx_word' id='word_1_410' title='bbox 1771 4520 1966 4573; x_wconf 81' lang='grc' dir='ltr'>Καίτοι</span> <span class='ocrx_word' id='word_1_411' title='bbox 1991 4523 2020 4574; x_wconf 93' lang='lat'>6</span> 
     </span>
    </p>
   </div>
   <div class='ocr_carea' id='block_1_51' title="bbox 435 4602 2018 4681">
    <p class='ocr_par' dir='ltr' id='par_1_51' title="bbox 435 4602 2018 4681">
     <span class='ocr_line' id='line_1_51' title="bbox 435 4602 2018 4681; baseline -0.007 -18"><span class='ocrx_word' id='word_1_412' title='bbox 435 4610 532 4681; x_wconf 82' lang='grc' dir='ltr'>μὲν</span> <span class='ocrx_word' id='word_1_413' title='bbox 570 4608 701 4671; x_wconf 83' lang='grc' dir='ltr'>Θεὸς</span> <span class='ocrx_word' id='word_1_414' title='bbox 728 4606 924 4669; x_wconf 77' lang='grc' dir='ltr'>ἱκανὰς</span> <span class='ocrx_word' id='word_1_415' title='bbox 962 4604 1132 4657; x_wconf 84' lang='grc' dir='ltr'>ἐδωκε</span> <span class='ocrx_word' id='word_1_416' title='bbox 1161 4604 1262 4674; x_wconf 74' lang='grc' dir='ltr'>τῆς</span> <span class='ocrx_word' id='word_1_417' title='bbox 1300 4602 1621 4674; x_wconf 80' lang='grc' dir='ltr'>εὐεργεσίας</span> <span class='ocrx_word' id='word_1_418' title='bbox 1672 4604 1772 4675; x_wconf 81' lang='grc' dir='ltr'>τῆς</span> <span class='ocrx_word' id='word_1_419' title='bbox 1818 4605 2018 4658; x_wconf 73' lang='grc' dir='ltr'>ἑαυτοῦ</span> 
     </span>
    </p>
   </div>
   <div class='ocr_carea' id='block_1_52' title="bbox 430 4686 2020 4759">
    <p class='ocr_par' dir='ltr' id='par_1_52' title="bbox 430 4686 2020 4759">
     <span class='ocr_line' id='line_1_52' title="bbox 430 4686 2020 4759; baseline -0.003 -12"><span class='ocrx_word' id='word_1_420' title='bbox 430 4692 531 4756; x_wconf 77' lang='grc' dir='ltr'>τὰς</span> <span class='ocrx_word' id='word_1_421' title='bbox 557 4689 883 4756; x_wconf 83' lang='grc' dir='ltr'>ἀποδείξεις,</span> <span class='ocrx_word' id='word_1_422' title='bbox 916 4690 1013 4743; x_wconf 80' lang='grc' dir='ltr'>καὶ</span> <span class='ocrx_word' id='word_1_423' title='bbox 1053 4687 1143 4741; x_wconf 89' lang='lat'>6:6</span> <span class='ocrx_word' id='word_1_424' title='bbox 1180 4686 1290 4741; x_wconf 88' lang='grc' dir='ltr'>τῶν</span> <span class='ocrx_word' id='word_1_425' title='bbox 1320 4686 1498 4759; x_wconf 73' lang='grc' dir='ltr'>ἔργων</span> <span class='ocrx_word' id='word_1_426' title='bbox 1543 4686 1642 4758; x_wconf 78' lang='grc' dir='ltr'>τὴν</span> <span class='ocrx_word' id='word_1_427' title='bbox 1693 4688 2020 4759; x_wconf 86' lang='grc' dir='ltr'>κηδεμονίαν</span> 
     </span>
    </p>
   </div>
   <div class='ocr_carea' id='block_1_53' title="bbox 431 4769 2016 4844">
    <p class='ocr_par' dir='ltr' id='par_1_53' title="bbox 431 4769 2016 4844">
     <span class='ocr_line' id='line_1_53' title="bbox 431 4769 2016 4844; baseline -0.001 -16"><span class='ocrx_word' id='word_1_428' title='bbox 431 4775 769 4841; x_wconf 78' lang='grc' dir='ltr'>ἐπεδείξατο·</span> <span class='ocrx_word' id='word_1_429' title='bbox 803 4773 900 4827; x_wconf 72' lang='grc' dir='ltr'>καὶ</span> <span class='ocrx_word' id='word_1_430' title='bbox 928 4772 1037 4844; x_wconf 81' lang='grc' dir='ltr'>γὰρ</span> <span class='ocrx_word' id='word_1_431' title='bbox 1069 4771 1170 4825; x_wconf 83' lang='grc' dir='ltr'>οὐκ</span> <span class='ocrx_word' id='word_1_432' title='bbox 1197 4769 1329 4824; x_wconf 75' lang='grc' dir='ltr'>ὄντα</span> <span class='ocrx_word' id='word_1_433' title='bbox 1351 4771 1442 4822; x_wconf 81' lang='grc' dir='ltr'>τὸν</span> <span class='ocrx_word' id='word_1_434' title='bbox 1469 4770 1757 4842; x_wconf 80' lang='grc' dir='ltr'>ἄνθρωπον</span> <span class='ocrx_word' id='word_1_435' title='bbox 1788 4772 2016 4840; x_wconf 72' lang='grc' dir='ltr'>ἔπλασε,</span> 
     </span>
    </p>
   </div>
   <div class='ocr_carea' id='block_1_54' title="bbox 430 4853 2014 4930">
    <p class='ocr_par' dir='ltr' id='par_1_54' title="bbox 430 4853 2014 4930">
     <span class='ocr_line' id='line_1_54' title="bbox 430 4853 2014 4930; baseline -0.001 -15"><span class='ocrx_word' id='word_1_436' title='bbox 430 4861 527 4916; x_wconf 83' lang='grc' dir='ltr'>καί</span> <span class='ocrx_word' id='word_1_437' title='bbox 554 4857 731 4930; x_wconf 76' lang='grc' dir='ltr'>ψυχὴν</span> <span class='ocrx_word' id='word_1_438' title='bbox 751 4857 1064 4921; x_wconf 87' lang='grc' dir='ltr'>ἐνέπνευσε,</span> <span class='ocrx_word' id='word_1_439' title='bbox 1087 4853 1182 4908; x_wconf 73' lang='grc' dir='ltr'>καὶ</span> <span class='ocrx_word' id='word_1_440' title='bbox 1199 4856 1319 4909; x_wconf 80' lang='grc' dir='ltr'>κατ’</span> <span class='ocrx_word' id='word_1_441' title='bbox 1334 4854 1521 4909; x_wconf 86' lang='grc' dir='ltr'>εἰκόνα</span> <span class='ocrx_word' id='word_1_442' title='bbox 1544 4855 1708 4910; x_wconf 80' lang='grc' dir='ltr'>αὐτὸν</span> <span class='ocrx_word' id='word_1_443' title='bbox 1740 4857 2014 4929; x_wconf 87' lang='grc' dir='ltr'>ἐποίησεν,</span> 
     </span>
    </p>
   </div>
   <div class='ocr_carea' id='block_1_55' title="bbox 431 4938 2018 5018">
    <p class='ocr_par' dir='ltr' id='par_1_55' title="bbox 431 4938 2018 5018">
     <span class='ocr_line' id='line_1_55' title="bbox 431 4938 2018 5018; baseline -0.006 -17"><span class='ocrx_word' id='word_1_444' title='bbox 431 4946 671 5018; x_wconf 77' lang='grc' dir='ltr'>ἄρχοντα</span> <span class='ocrx_word' id='word_1_445' title='bbox 697 4939 804 4995; x_wconf 89' lang='grc' dir='ltr'>τῶν</span> <span class='ocrx_word' id='word_1_446' title='bbox 830 4940 925 4993; x_wconf 78' lang='grc' dir='ltr'>ἐπὶ</span> <span class='ocrx_word' id='word_1_447' title='bbox 950 4940 1054 5010; x_wconf 83' lang='grc' dir='ltr'>γῆς</span> <span class='ocrx_word' id='word_1_448' title='bbox 1086 4939 1319 5009; x_wconf 75' lang='grc' dir='ltr'>ποιήσας</span> <span class='ocrx_word' id='word_1_449' title='bbox 1357 4938 1645 5005; x_wconf 87' lang='grc' dir='ltr'>ἀπάντων,</span> <span class='ocrx_word' id='word_1_450' title='bbox 1681 4942 1779 4995; x_wconf 78' lang='grc' dir='ltr'>καὶ</span> <span class='ocrx_word' id='word_1_451' title='bbox 1820 4942 2018 5014; x_wconf 79' lang='grc' dir='ltr'>βοηθὸν</span> 
     </span>
    </p>
   </div>
   <div class='ocr_carea' id='block_1_56' title="bbox 430 5022 2019 5104">
    <p class='ocr_par' dir='ltr' id='par_1_56' title="bbox 430 5022 2019 5104">
     <span class='ocr_line' id='line_1_56' title="bbox 430 5022 2019 5104; baseline 0 -22"><span class='ocrx_word' id='word_1_452' title='bbox 430 5027 748 5104; x_wconf 79' lang='grc' dir='ltr'>ἐχαρίσατο,</span> <span class='ocrx_word' id='word_1_453' title='bbox 783 5024 881 5079; x_wconf 73' lang='grc' dir='ltr'>καὶ</span> <span class='ocrx_word' id='word_1_454' title='bbox 910 5023 1236 5093; x_wconf 80' lang='grc' dir='ltr'>παράδεισον</span> <span class='ocrx_word' id='word_1_455' title='bbox 1262 5022 1551 5093; x_wconf 77' lang='grc' dir='ltr'>ἐφύτευσε,</span> <span class='ocrx_word' id='word_1_456' title='bbox 1582 5025 1676 5079; x_wconf 77' lang='grc' dir='ltr'>καὶ</span> <span class='ocrx_word' id='word_1_457' title='bbox 1695 5025 1794 5099; x_wconf 76' lang='grc' dir='ltr'>τὴν</span> <span class='ocrx_word' id='word_1_458' title='bbox 1820 5028 2019 5101; x_wconf 83' lang='grc' dir='ltr'>χρῆσιν</span> 
     </span>
    </p>
   </div>
   <div class='ocr_carea' id='block_1_57' title="bbox 429 5108 2018 5187">
    <p class='ocr_par' dir='ltr' id='par_1_57' title="bbox 429 5108 2018 5187">
     <span class='ocr_line' id='line_1_57' title="bbox 429 5108 2018 5187; baseline 0.002 -22"><span class='ocrx_word' id='word_1_459' title='bbox 429 5113 538 5169; x_wconf 79' lang='grc' dir='ltr'>τῶν</span> <span class='ocrx_word' id='word_1_460' title='bbox 566 5111 771 5165; x_wconf 84' lang='grc' dir='ltr'>λοιπῶν</span> <span class='ocrx_word' id='word_1_461' title='bbox 803 5109 1104 5181; x_wconf 77' lang='grc' dir='ltr'>ἐπιτρέψας</span> <span class='ocrx_word' id='word_1_462' title='bbox 1127 5108 1380 5180; x_wconf 83' lang='grc' dir='ltr'>δένδρων,</span> <span class='ocrx_word' id='word_1_463' title='bbox 1404 5110 1522 5175; x_wconf 74' lang='grc' dir='ltr'>ἐνὸς</span> <span class='ocrx_word' id='word_1_464' title='bbox 1556 5111 1905 5185; x_wconf 83' lang='grc' dir='ltr'>ἀπηγόρευσε</span> <span class='ocrx_word' id='word_1_465' title='bbox 1940 5115 2018 5187; x_wconf 80' lang='grc' dir='ltr'>μὴ</span> 
     </span>
    </p>
   </div>
   <div class='ocr_carea' id='block_1_58' title="bbox 435 5192 2019 5270">
    <p class='ocr_par' dir='ltr' id='par_1_58' title="bbox 435 5192 2019 5270">
     <span class='ocr_line' id='line_1_58' title="bbox 435 5192 2019 5270; baseline 0.037 -18"><span class='ocrx_word' id='word_1_466' title='bbox 435 5194 850 5270; x_wconf 67' lang='grc' dir='ltr'>εψασθαιΓ-ιπ]</span> <span class='ocrx_word' id='word_1_467' title='bbox 884 5194 1081 5267; x_wconf 77' lang='grc' dir='ltr'>μόνον’</span> <span class='ocrx_word' id='word_1_468' title='bbox 1129 5192 1222 5245; x_wconf 58' lang='grc' dir='ltr'>καὶ</span> <span class='ocrx_word' id='word_1_469' title='bbox 1262 5192 1423 5249; x_wconf 67' lang='grc' dir='ltr'>τθδτο</span> <span class='ocrx_word' id='word_1_470' title='bbox 1451 5193 1509 5246; x_wconf 65' lang='grc' dir='ltr'>δὲ</span> <span class='ocrx_word' id='word_1_471' title='bbox 1553 5195 1688 5249; x_wconf 56' lang='grc' dir='ltr'>αὐτὸ</span> <span class='ocrx_word' id='word_1_472' title='bbox 1728 5197 2019 5270; x_wconf 64' lang='grc' dir='ltr'>χρησίμως</span> 
     </span>
    </p>
   </div>
   <div class='ocr_carea' id='block_1_59' title="bbox 430 5275 2019 5352">
    <p class='ocr_par' dir='ltr' id='par_1_59' title="bbox 430 5275 2019 5352">
     <span class='ocr_line' id='line_1_59' title="bbox 430 5275 2019 5352; baseline 0.001 -18"><span class='ocrx_word' id='word_1_473' title='bbox 430 5280 728 5334; x_wconf 79' lang='grc' dir='ltr'>ἐκώλυσεν.</span> <span class='ocrx_word' id='word_1_474' title='bbox 764 5279 823 5333; x_wconf 87' lang='grc' dir='ltr'>Ὁ</span> <span class='ocrx_word' id='word_1_475' title='bbox 852 5278 908 5332; x_wconf 84' lang='grc' dir='ltr'>δὲ</span> <span class='ocrx_word' id='word_1_476' title='bbox 933 5275 1179 5341; x_wconf 86' lang='grc' dir='ltr'>διάϐολος</span> <span class='ocrx_word' id='word_1_477' title='bbox 1204 5275 1350 5349; x_wconf 80' lang='grc' dir='ltr'>ἔργῳ</span> <span class='ocrx_word' id='word_1_478' title='bbox 1370 5276 1471 5349; x_wconf 84' lang='grc' dir='ltr'>μὲν</span> <span class='ocrx_word' id='word_1_479' title='bbox 1492 5276 1617 5332; x_wconf 74' lang='grc' dir='ltr'>οὔτε</span> <span class='ocrx_word' id='word_1_480' title='bbox 1647 5282 1866 5352; x_wconf 82' lang='grc' dir='ltr'>μικρὸν,</span> <span class='ocrx_word' id='word_1_481' title='bbox 1892 5281 2019 5336; x_wconf 80' lang='grc' dir='ltr'>οὔτε</span> 
     </span>
    </p>
   </div>
   <div class='ocr_carea' id='block_1_60' title="bbox 434 5362 2021 5438">
    <p class='ocr_par' dir='ltr' id='par_1_60' title="bbox 434 5362 2021 5438">
     <span class='ocr_line' id='line_1_60' title="bbox 434 5362 2021 5438; baseline 0.001 -20"><span class='ocrx_word' id='word_1_482' title='bbox 434 5364 579 5438; x_wconf 83' lang='grc' dir='ltr'>μέγα</span> <span class='ocrx_word' id='word_1_483' title='bbox 630 5363 942 5430; x_wconf 81' lang='grc' dir='ltr'>ἐπεδείξατο</span> <span class='ocrx_word' id='word_1_484' title='bbox 971 5362 1198 5433; x_wconf 79' lang='grc' dir='ltr'>ἀγαθὸν,</span> <span class='ocrx_word' id='word_1_485' title='bbox 1231 5363 1442 5435; x_wconf 80' lang='grc' dir='ltr'>ῥήμασι</span> <span class='ocrx_word' id='word_1_486' title='bbox 1471 5363 1529 5416; x_wconf 90' lang='grc' dir='ltr'>δέ</span> <span class='ocrx_word' id='word_1_487' title='bbox 1576 5362 1754 5433; x_wconf 82' lang='grc' dir='ltr'>ψιλοῖς</span> <span class='ocrx_word' id='word_1_488' title='bbox 1803 5367 2021 5438; x_wconf 86' lang='grc' dir='ltr'>ἐπάρας</span> 
     </span>
    </p>
   </div>
   <div class='ocr_carea' id='block_1_61' title="bbox 430 5448 2017 5522">
    <p class='ocr_par' dir='ltr' id='par_1_61' title="bbox 430 5448 2017 5522">
     <span class='ocr_line' id='line_1_61' title="bbox 430 5448 2017 5522; baseline 0.001 -18"><span class='ocrx_word' id='word_1_489' title='bbox 430 5450 530 5522; x_wconf 82' lang='grc' dir='ltr'>τὴν</span> <span class='ocrx_word' id='word_1_490' title='bbox 561 5451 809 5519; x_wconf 86' lang='grc' dir='ltr'>γυναῖκα,</span> <span class='ocrx_word' id='word_1_491' title='bbox 851 5448 946 5503; x_wconf 76' lang='grc' dir='ltr'>καὶ</span> <span class='ocrx_word' id='word_1_492' title='bbox 996 5448 1249 5519; x_wconf 81' lang='grc' dir='ltr'>φυσήσας</span> <span class='ocrx_word' id='word_1_493' title='bbox 1302 5449 1424 5511; x_wconf 87' lang='grc' dir='ltr'>ταῖς</span> <span class='ocrx_word' id='word_1_494' title='bbox 1469 5449 1730 5519; x_wconf 86' lang='grc' dir='ltr'>ματαίαις</span> <span class='ocrx_word' id='word_1_495' title='bbox 1784 5449 2017 5518; x_wconf 82' lang='grc' dir='ltr'>ἐλπίσιν,</span> 
     </span>
    </p>
   </div>
   <div class='ocr_carea' id='block_1_62' title="bbox 431 5531 2020 5605">
    <p class='ocr_par' dir='ltr' id='par_1_62' title="bbox 431 5531 2020 5605">
     <span class='ocr_line' id='line_1_62' title="bbox 431 5531 2020 5605; baseline 0.003 -18"><span class='ocrx_word' id='word_1_496' title='bbox 431 5533 606 5597; x_wconf 75' lang='grc' dir='ltr'>οὕτως</span> <span class='ocrx_word' id='word_1_497' title='bbox 634 5532 940 5605; x_wconf 72' lang='grc' dir='ltr'>ἠπάτησεν.</span> <span class='ocrx_word' id='word_1_498' title='bbox 983 5531 1124 5586; x_wconf 80' lang='grc' dir='ltr'>Ἀλλ’</span> <span class='ocrx_word' id='word_1_499' title='bbox 1154 5533 1303 5602; x_wconf 81' lang='grc' dir='ltr'>ὅμως</span> <span class='ocrx_word' id='word_1_500' title='bbox 1329 5531 1425 5586; x_wconf 82' lang='grc' dir='ltr'>τοῦ</span> <span class='ocrx_word' id='word_1_501' title='bbox 1459 5533 1595 5587; x_wconf 79' lang='grc' dir='ltr'>Θεοῦ</span> <span class='ocrx_word' id='word_1_502' title='bbox 1637 5533 1730 5587; x_wconf 83' lang='grc' dir='ltr'>τὸν</span> <span class='ocrx_word' id='word_1_503' title='bbox 1770 5534 2020 5591; x_wconf 86' lang='grc' dir='ltr'>διάϐολον</span> 
     </span>
    </p>
   </div>
   <div class='ocr_carea' id='block_1_63' title="bbox 432 5610 2019 5694">
    <p class='ocr_par' dir='ltr' id='par_1_63' title="bbox 432 5610 2019 5694">
     <span class='ocr_line' id='line_1_63' title="bbox 432 5610 2019 5694; baseline 0.003 -22"><span class='ocrx_word' id='word_1_504' title='bbox 432 5616 875 5689; x_wconf 75' lang='grc' dir='ltr'>ἀξιοπιστότερον</span> <span class='ocrx_word' id='word_1_505' title='bbox 897 5610 1038 5670; x_wconf 78' lang='grc' dir='ltr'>εἶναι</span> <span class='ocrx_word' id='word_1_506' title='bbox 1065 5615 1308 5689; x_wconf 81' lang='grc' dir='ltr'>ἐνόμισε,</span> <span class='ocrx_word' id='word_1_507' title='bbox 1347 5616 1526 5672; x_wconf 85' lang='grc' dir='ltr'>καίτοι</span> <span class='ocrx_word' id='word_1_508' title='bbox 1562 5617 1651 5673; x_wconf 88' lang='grc' dir='ltr'>διά</span> <span class='ocrx_word' id='word_1_509' title='bbox 1684 5619 1794 5675; x_wconf 86' lang='grc' dir='ltr'>τῶν</span> <span class='ocrx_word' id='word_1_510' title='bbox 1837 5620 2019 5694; x_wconf 79' lang='grc' dir='ltr'>ἔργων</span> 
     </span>
    </p>
   </div>
   <div class='ocr_carea' id='block_1_64' title="bbox 493 5871 1351 5938">
    <p class='ocr_par' dir='ltr' id='par_1_64' title="bbox 493 5871 1351 5938">
     <span class='ocr_line' id='line_1_64' title="bbox 493 5871 1351 5938; baseline 0 -12"><span class='ocrx_word' id='word_1_511' title='bbox 493 5871 512 5897; x_wconf 84' lang='grc'><strong><em>⁸</em></strong></span> <span class='ocrx_word' id='word_1_512' title='bbox 539 5873 663 5938; x_wconf 69' lang='grc' dir='ltr'>Βυε.</span> <span class='ocrx_word' id='word_1_513' title='bbox 686 5874 758 5923; x_wconf 82' lang='grc' dir='ltr'>ὅτι</span> <span class='ocrx_word' id='word_1_514' title='bbox 784 5873 978 5924; x_wconf 81' lang='grc' dir='ltr'>δυνατὸν</span> <span class='ocrx_word' id='word_1_515' title='bbox 994 5873 1054 5934; x_wconf 77' lang='grc' dir='ltr'>ἦν</span> <span class='ocrx_word' id='word_1_516' title='bbox 1072 5879 1129 5938; x_wconf 77' lang='grc' dir='ltr'>τῇ</span> <span class='ocrx_word' id='word_1_517' title='bbox 1151 5878 1351 5938; x_wconf 84' lang='grc' dir='ltr'>γυναικί.</span> 
     </span>
    </p>
   </div>
   <div class='ocr_carea' id='block_1_65' title="bbox 1400 373 2729 437">
    <p class='ocr_par' dir='ltr' id='par_1_65' title="bbox 1400 373 2729 437">
     <span class='ocr_line' id='line_1_65' title="bbox 1400 373 2729 437; baseline -0.002 0"><span class='ocrx_word' id='word_1_518' title='bbox 1400 381 1496 437; x_wconf 75' lang='lat' dir='ltr'>BE</span> <span class='ocrx_word' id='word_1_519' title='bbox 1528 375 1834 436; x_wconf 76' lang='lat' dir='ltr'><strong>DIABOLO</strong></span> <span class='ocrx_word' id='word_1_520' title='bbox 1874 373 2322 432; x_wconf 74' lang='lat' dir='ltr'>TENTATORE.</span> <span class='ocrx_word' id='word_1_521' title='bbox 2362 375 2598 435; x_wconf 79' lang='lat' dir='ltr'>IIOMIL.</span> <span class='ocrx_word' id='word_1_522' title='bbox 2640 379 2729 434; x_wconf 80' lang='grc'><strong>111.</strong></span> 
     </span>
    </p>
   </div>
   <div class='ocr_carea' id='block_1_66' title="bbox 3587 380 3706 499">
    <p class='ocr_par' dir='ltr' id='par_1_66' title="bbox 3587 380 3706 499">
     <span class='ocr_line' id='line_1_66' title="bbox 3587 380 3706 499; baseline -0.042 -61"><span class='ocrx_word' id='word_1_523' title='bbox 3587 380 3706 499; x_wconf 54' lang='grc' dir='ltr'>93ίῦ</span> 
     </span>
    </p>
   </div>
   <div class='ocr_carea' id='block_1_67' title="bbox 2113 495 3700 572">
    <p class='ocr_par' dir='ltr' id='par_1_67' title="bbox 2113 495 3700 572">
     <span class='ocr_line' id='line_1_67' title="bbox 2113 495 3700 572; baseline 0.005 -26"><span class='ocrx_word' id='word_1_524' title='bbox 2113 495 2529 569; x_wconf 81' lang='grc' dir='ltr'>ἐπιδειξαμένου</span> <span class='ocrx_word' id='word_1_525' title='bbox 2562 498 2661 571; x_wconf 75' lang='grc' dir='ltr'>τὴν</span> <span class='ocrx_word' id='word_1_526' title='bbox 2690 499 2924 554; x_wconf 71' lang='grc' dir='ltr'>εὔνοιαν·</span> <span class='ocrx_word' id='word_1_527' title='bbox 2985 500 3052 553; x_wconf 79' lang='grc' dir='ltr'>τά</span> <span class='ocrx_word' id='word_1_528' title='bbox 3094 501 3318 572; x_wconf 77' lang='grc' dir='ltr'>ῥήματα</span> <span class='ocrx_word' id='word_1_529' title='bbox 3361 499 3492 570; x_wconf 58' lang='grc' dir='ltr'>ψιλᾶ</span> <span class='ocrx_word' id='word_1_530' title='bbox 3526 495 3700 567; x_wconf 69' lang='grc' dir='ltr'>προσ-ἶ</span> 
     </span>
    </p>
   </div>
   <div class='ocr_carea' id='block_1_68' title="bbox 2111 583 3699 657">
    <p class='ocr_par' dir='ltr' id='par_1_68' title="bbox 2111 583 3699 657">
     <span class='ocr_line' id='line_1_68' title="bbox 2111 583 3699 657; baseline 0.004 -24"><span class='ocrx_word' id='word_1_531' title='bbox 2111 583 2392 649; x_wconf 87' lang='grc' dir='ltr'>ενεγκόντι</span> <span class='ocrx_word' id='word_1_532' title='bbox 2418 585 2554 653; x_wconf 90' lang='grc' dir='ltr'>μόνα</span> <span class='ocrx_word' id='word_1_533' title='bbox 2575 625 2591 647; x_wconf 88' lang='grc'>,</span> <span class='ocrx_word' id='word_1_534' title='bbox 2640 584 2767 640; x_wconf 86' lang='grc' dir='ltr'>ἄλλο</span> <span class='ocrx_word' id='word_1_535' title='bbox 2795 584 2853 637; x_wconf 81' lang='grc' dir='ltr'>δὲ</span> <span class='ocrx_word' id='word_1_536' title='bbox 2881 584 3056 646; x_wconf 75' lang='grc' dir='ltr'>οὐδὲν,</span> <span class='ocrx_word' id='word_1_537' title='bbox 3093 585 3413 639; x_wconf 83' lang='grc' dir='ltr'>ἐπίστευσεν</span> <span class='ocrx_word' id='word_1_538' title='bbox 3452 587 3486 657; x_wconf 86' lang='grc' dir='ltr'><strong>ἠ</strong></span> <span class='ocrx_word' id='word_1_539' title='bbox 3538 588 3699 657; x_wconf 70' lang='grc' dir='ltr'>γυνή.</span> 
     </span>
    </p>
   </div>
   <div class='ocr_carea' id='block_1_69' title="bbox 2122 663 3703 739">
    <p class='ocr_par' dir='ltr' id='par_1_69' title="bbox 2122 663 3703 739">
     <span class='ocr_line' id='line_1_69' title="bbox 2122 663 3703 739; baseline 0.004 -23"><span class='ocrx_word' id='word_1_540' title='bbox 2122 663 2287 735; x_wconf 81' lang='grc' dir='ltr'>Ὁρᾷς</span> <span class='ocrx_word' id='word_1_541' title='bbox 2307 665 2455 729; x_wconf 85' lang='grc' dir='ltr'>ὅπως</span> <span class='ocrx_word' id='word_1_542' title='bbox 2480 666 2538 732; x_wconf 79' lang='grc' dir='ltr'>ἐξ</span> <span class='ocrx_word' id='word_1_543' title='bbox 2566 667 2753 732; x_wconf 84' lang='grc' dir='ltr'>ἀνοίας</span> <span class='ocrx_word' id='word_1_544' title='bbox 2786 667 2956 738; x_wconf 86' lang='grc' dir='ltr'>μόνης</span> <span class='ocrx_word' id='word_1_545' title='bbox 2993 668 3088 721; x_wconf 74' lang='grc' dir='ltr'>καὶ</span> <span class='ocrx_word' id='word_1_546' title='bbox 3111 668 3420 739; x_wconf 67' lang='grc' dir='ltr'>ῥᾳθυμίας,</span> <span class='ocrx_word' id='word_1_547' title='bbox 3460 668 3560 722; x_wconf 81' lang='grc' dir='ltr'>οὐκ</span> <span class='ocrx_word' id='word_1_548' title='bbox 3593 668 3703 722; x_wconf 68' lang='grc' dir='ltr'>ἀπὸ</span> 
     </span>
    </p>
   </div>
   <div class='ocr_carea' id='block_1_70' title="bbox 2113 744 3701 826">
    <p class='ocr_par' dir='ltr' id='par_1_70' title="bbox 2113 744 3701 826">
     <span class='ocr_line' id='line_1_70' title="bbox 2113 744 3701 826; baseline 0.005 -27"><span class='ocrx_word' id='word_1_549' title='bbox 2113 744 2286 819; x_wconf 85' lang='grc' dir='ltr'>βίαςή</span> <span class='ocrx_word' id='word_1_550' title='bbox 2323 748 2506 820; x_wconf 85' lang='grc' dir='ltr'>ἀπάτη</span> <span class='ocrx_word' id='word_1_551' title='bbox 2532 750 2724 818; x_wconf 89' lang='grc' dir='ltr'>γέγονε</span> <span class='ocrx_word' id='word_1_552' title='bbox 2750 769 2764 815; x_wconf 84' lang='grc'>;</span> <span class='ocrx_word' id='word_1_553' title='bbox 2797 752 2910 805; x_wconf 71' lang='grc' dir='ltr'>Καὶ</span> <span class='ocrx_word' id='word_1_554' title='bbox 2943 752 3029 805; x_wconf 85' lang='grc' dir='ltr'>’ίνα</span> <span class='ocrx_word' id='word_1_555' title='bbox 3055 746 3235 826; x_wconf 80' lang='grc' dir='ltr'>μάθῃς</span> <span class='ocrx_word' id='word_1_556' title='bbox 3266 752 3397 807; x_wconf 71' lang='grc' dir='ltr'>αὐτὸ</span> <span class='ocrx_word' id='word_1_557' title='bbox 3432 753 3701 821; x_wconf 74' lang='grc' dir='ltr'>σαφέστε-</span> 
     </span>
    </p>
   </div>
   <div class='ocr_carea' id='block_1_71' title="bbox 2115 831 3704 910">
    <p class='ocr_par' dir='ltr' id='par_1_71' title="bbox 2115 831 3704 910">
     <span class='ocr_line' id='line_1_71' title="bbox 2115 831 3704 910; baseline 0.007 -27"><span class='ocrx_word' id='word_1_558' title='bbox 2115 847 2228 902; x_wconf 90' lang='grc' dir='ltr'>ρον,</span> <span class='ocrx_word' id='word_1_559' title='bbox 2263 831 2515 896; x_wconf 83' lang='grc' dir='ltr'>ἄκουσον,</span> <span class='ocrx_word' id='word_1_560' title='bbox 2549 833 2666 896; x_wconf 88' lang='grc' dir='ltr'>πῶς</span> <span class='ocrx_word' id='word_1_561' title='bbox 2697 835 2794 887; x_wconf 77' lang='grc' dir='ltr'>καὶ</span> <span class='ocrx_word' id='word_1_562' title='bbox 2841 836 2875 906; x_wconf 80' lang='grc' dir='ltr'><strong>ἡ</strong></span> <span class='ocrx_word' id='word_1_563' title='bbox 2910 837 3099 908; x_wconf 72' lang='grc' dir='ltr'>Γραιρὴ</span> <span class='ocrx_word' id='word_1_564' title='bbox 3136 840 3437 910; x_wconf 82' lang='grc' dir='ltr'>κατηγορεῖ</span> <span class='ocrx_word' id='word_1_565' title='bbox 3481 839 3580 909; x_wconf 77' lang='grc' dir='ltr'>τῆς</span> <span class='ocrx_word' id='word_1_566' title='bbox 3612 856 3704 907; x_wconf 87' lang='grc' dir='ltr'>γυ-</span> 
     </span>
    </p>
   </div>
   <div class='ocr_carea' id='block_1_72' title="bbox 2111 913 3704 991">
    <p class='ocr_par' dir='ltr' id='par_1_72' title="bbox 2111 913 3704 991">
     <span class='ocr_line' id='line_1_72' title="bbox 2111 913 3704 991; baseline 0.006 -26"><span class='ocrx_word' id='word_1_567' title='bbox 2111 914 2319 979; x_wconf 87' lang='grc' dir='ltr'>ναικός.</span> <span class='ocrx_word' id='word_1_568' title='bbox 2350 917 2424 969; x_wconf 81' lang='grc' dir='ltr'>Οὐ</span> <span class='ocrx_word' id='word_1_569' title='bbox 2454 918 2564 987; x_wconf 74' lang='grc' dir='ltr'>γὰρ</span> <span class='ocrx_word' id='word_1_570' title='bbox 2591 913 2769 980; x_wconf 78' lang='grc' dir='ltr'>εἶπεν,</span> <span class='ocrx_word' id='word_1_571' title='bbox 2806 918 3196 991; x_wconf 80' lang='grc' dir='ltr'>’Λπατηθεῖσα,</span> <span class='ocrx_word' id='word_1_572' title='bbox 3224 921 3361 985; x_wconf 83' lang='grc' dir='ltr'>ἀλλ’,</span> <span class='ocrx_word' id='word_1_573' title='bbox 3410 921 3615 977; x_wconf 75' lang='grc' dir='ltr'>’ἰδοῦσα</span> <span class='ocrx_word' id='word_1_574' title='bbox 3641 923 3704 975; x_wconf 77' lang='grc' dir='ltr'>τὸ</span> 
     </span>
    </p>
   </div>
   <div class='ocr_carea' id='block_1_73' title="bbox 2114 996 3703 1076">
    <p class='ocr_par' dir='ltr' id='par_1_73' title="bbox 2114 996 3703 1076">
     <span class='ocr_line' id='line_1_73' title="bbox 2114 996 3703 1076; baseline 0.005 -25"><span class='ocrx_word' id='word_1_575' title='bbox 2114 996 2290 1064; x_wconf 78' lang='grc' dir='ltr'>ξύλον,</span> <span class='ocrx_word' id='word_1_576' title='bbox 2325 999 2407 1052; x_wconf 86' lang='grc' dir='ltr'>ὅτι</span> <span class='ocrx_word' id='word_1_577' title='bbox 2446 999 2649 1069; x_wconf 82' lang='grc' dir='ltr'>ὡραῖόν</span> <span class='ocrx_word' id='word_1_578' title='bbox 2697 1002 2869 1067; x_wconf 82' lang='grc' dir='ltr'>ἐστιν,</span> <span class='ocrx_word' id='word_1_579' title='bbox 2916 1001 3139 1072; x_wconf 56' lang='grc' dir='ltr'>ἔφαγεν.</span> <span class='ocrx_word' id='word_1_580' title='bbox 3181 1003 3345 1058; x_wconf 79' lang='grc' dir='ltr'>Ὥστε</span> <span class='ocrx_word' id='word_1_581' title='bbox 3395 1005 3493 1075; x_wconf 83' lang='grc' dir='ltr'>τῆς</span> <span class='ocrx_word' id='word_1_582' title='bbox 3524 1005 3703 1076; x_wconf 67' lang='grc' dir='ltr'>ὅψεως</span> 
     </span>
    </p>
   </div>
   <div class='ocr_carea' id='block_1_74' title="bbox 2112 1084 3704 1161">
    <p class='ocr_par' dir='ltr' id='par_1_74' title="bbox 2112 1084 3704 1161">
     <span class='ocr_line' id='line_1_74' title="bbox 2112 1084 3704 1161; baseline 0.005 -25"><span class='ocrx_word' id='word_1_583' title='bbox 2112 1087 2211 1155; x_wconf 85' lang='grc' dir='ltr'>τῆς</span> <span class='ocrx_word' id='word_1_584' title='bbox 2240 1084 2513 1154; x_wconf 79' lang='grc' dir='ltr'>ἀκρατοῦς</span> <span class='ocrx_word' id='word_1_585' title='bbox 2545 1085 2606 1138; x_wconf 87' lang='grc' dir='ltr'>τὺ</span> <span class='ocrx_word' id='word_1_586' title='bbox 2636 1084 2910 1155; x_wconf 82' lang='grc' dir='ltr'>ἔγκλημα,</span> <span class='ocrx_word' id='word_1_587' title='bbox 2946 1087 3007 1140; x_wconf 83' lang='grc' dir='ltr'>οὐ</span> <span class='ocrx_word' id='word_1_588' title='bbox 3034 1089 3135 1158; x_wconf 83' lang='grc' dir='ltr'>τῆς</span> <span class='ocrx_word' id='word_1_589' title='bbox 3164 1089 3382 1161; x_wconf 83' lang='grc' dir='ltr'>ἀπάτης</span> <span class='ocrx_word' id='word_1_590' title='bbox 3415 1091 3513 1160; x_wconf 80' lang='grc' dir='ltr'>τῆς</span> <span class='ocrx_word' id='word_1_591' title='bbox 3551 1091 3704 1161; x_wconf 66' lang='grc' dir='ltr'>παρὰ</span> 
     </span>
    </p>
   </div>
   <div class='ocr_carea' id='block_1_75' title="bbox 2110 1167 3703 1244">
    <p class='ocr_par' dir='ltr' id='par_1_75' title="bbox 2110 1167 3703 1244">
     <span class='ocr_line' id='line_1_75' title="bbox 2110 1167 3703 1244; baseline 0.003 -23"><span class='ocrx_word' id='word_1_592' title='bbox 2110 1167 2207 1222; x_wconf 76' lang='grc' dir='ltr'>τοῦ</span> <span class='ocrx_word' id='word_1_593' title='bbox 2235 1167 2483 1221; x_wconf 87' lang='grc' dir='ltr'>διαϐόλου</span> <span class='ocrx_word' id='word_1_594' title='bbox 2516 1168 2684 1239; x_wconf 86' lang='grc' dir='ltr'>μόνης</span> <span class='ocrx_word' id='word_1_595' title='bbox 2708 1186 2722 1198; x_wconf 81' lang='grc'><strong>’</strong></span> <span class='ocrx_word' id='word_1_596' title='bbox 2758 1170 2862 1223; x_wconf 74' lang='grc' dir='ltr'>ὑπὸ</span> <span class='ocrx_word' id='word_1_597' title='bbox 2890 1169 2999 1243; x_wconf 88' lang='grc' dir='ltr'>γάρ</span> <span class='ocrx_word' id='word_1_598' title='bbox 3028 1172 3127 1242; x_wconf 76' lang='grc' dir='ltr'>τῆς</span> <span class='ocrx_word' id='word_1_599' title='bbox 3166 1172 3464 1243; x_wconf 84' lang='grc' dir='ltr'>ἐπιθυμίας</span> <span class='ocrx_word' id='word_1_600' title='bbox 3492 1173 3703 1244; x_wconf 80' lang='grc' dir='ltr'>ἡττήθη</span> 
     </span>
    </p>
   </div>
   <div class='ocr_carea' id='block_1_76' title="bbox 2111 1251 3703 1326">
    <p class='ocr_par' dir='ltr' id='par_1_76' title="bbox 2111 1251 3703 1326">
     <span class='ocr_line' id='line_1_76' title="bbox 2111 1251 3703 1326; baseline 0.004 -22"><span class='ocrx_word' id='word_1_601' title='bbox 2111 1251 2214 1320; x_wconf 81' lang='grc' dir='ltr'>τῆς</span> <span class='ocrx_word' id='word_1_602' title='bbox 2245 1252 2476 1316; x_wconf 77' lang='grc' dir='ltr'>οἰκείας,</span> <span class='ocrx_word' id='word_1_603' title='bbox 2508 1253 2608 1322; x_wconf 79' lang='grc' dir='ltr'>οὐχ</span> <span class='ocrx_word' id='word_1_604' title='bbox 2635 1253 2741 1305; x_wconf 85' lang='grc' dir='ltr'>ὑπὸ</span> <span class='ocrx_word' id='word_1_605' title='bbox 2767 1254 2866 1324; x_wconf 81' lang='grc' dir='ltr'>τῆς</span> <span class='ocrx_word' id='word_1_606' title='bbox 2890 1255 3155 1325; x_wconf 83' lang='grc' dir='ltr'>πονηρίας</span> <span class='ocrx_word' id='word_1_607' title='bbox 3188 1254 3282 1308; x_wconf 77' lang='grc' dir='ltr'>τοῦ</span> <span class='ocrx_word' id='word_1_608' title='bbox 3303 1254 3576 1326; x_wconf 89' lang='grc' dir='ltr'>δαίμονος.</span> <span class='ocrx_word' id='word_1_609' title='bbox 3603 1257 3703 1310; x_wconf 76' lang='grc' dir='ltr'>Διά</span> 
     </span>
    </p>
   </div>
   <div class='ocr_carea' id='block_1_77' title="bbox 2112 1333 3705 1407">
    <p class='ocr_par' dir='ltr' id='par_1_77' title="bbox 2112 1333 3705 1407">
     <span class='ocr_line' id='line_1_77' title="bbox 2112 1333 3705 1407; baseline 0.002 -20"><span class='ocrx_word' id='word_1_610' title='bbox 2112 1333 2271 1388; x_wconf 80' lang='grc' dir='ltr'>τοῦτο</span> <span class='ocrx_word' id='word_1_611' title='bbox 2297 1335 2419 1388; x_wconf 79' lang='grc' dir='ltr'>οὐδὲ</span> <span class='ocrx_word' id='word_1_612' title='bbox 2455 1334 2787 1406; x_wconf 82' lang='grc' dir='ltr'>συγγνώμης</span> <span class='ocrx_word' id='word_1_613' title='bbox 2812 1336 3152 1407; x_wconf 77' lang='grc' dir='ltr'>ἀπήλαυσεν,</span> <span class='ocrx_word' id='word_1_614' title='bbox 3189 1337 3303 1391; x_wconf 80' lang='grc' dir='ltr'>ἀλλ’</span> <span class='ocrx_word' id='word_1_615' title='bbox 3335 1338 3586 1403; x_wconf 84' lang='grc' dir='ltr'>εἰποῦσα,</span> <span class='ocrx_word' id='word_1_616' title='bbox 3618 1339 3705 1393; x_wconf 85' lang='grc' dir='ltr'>ὅτι</span> 
     </span>
    </p>
   </div>
   <div class='ocr_carea' id='block_1_78' title="bbox 2124 1417 3703 1493">
    <p class='ocr_par' dir='ltr' id='par_1_78' title="bbox 2124 1417 3703 1493">
     <span class='ocr_line' id='line_1_78' title="bbox 2124 1417 3703 1493; baseline 0.003 -22"><span class='ocrx_word' id='word_1_617' title='bbox 2124 1419 2179 1472; x_wconf 89' lang='grc' dir='ltr'>Ὀ</span> <span class='ocrx_word' id='word_1_618' title='bbox 2221 1418 2358 1488; x_wconf 63' lang='grc' dir='ltr'>ὄφις</span> <span class='ocrx_word' id='word_1_619' title='bbox 2396 1417 2678 1488; x_wconf 78' lang='grc' dir='ltr'>ἠπάτησέ</span> <span class='ocrx_word' id='word_1_620' title='bbox 2731 1436 2828 1489; x_wconf 81' lang='grc' dir='ltr'>με.</span> <span class='ocrx_word' id='word_1_621' title='bbox 2864 1421 2961 1474; x_wconf 77' lang='grc' dir='ltr'>καί</span> <span class='ocrx_word' id='word_1_622' title='bbox 3016 1419 3159 1474; x_wconf 63' lang='lat'>067:0</span> <span class='ocrx_word' id='word_1_623' title='bbox 3214 1420 3370 1492; x_wconf 85' lang='grc' dir='ltr'>δίκην</span> <span class='ocrx_word' id='word_1_624' title='bbox 3393 1421 3559 1476; x_wconf 81' lang='grc' dir='ltr'>ἔδωκε</span> <span class='ocrx_word' id='word_1_625' title='bbox 3602 1421 3703 1493; x_wconf 81' lang='grc' dir='ltr'>τὴν</span> 
     </span>
    </p>
   </div>
   <div class='ocr_carea' id='block_1_79' title="bbox 2114 1500 3703 1577">
    <p class='ocr_par' dir='ltr' id='par_1_79' title="bbox 2114 1500 3703 1577">
     <span class='ocr_line' id='line_1_79' title="bbox 2114 1500 3703 1577; baseline 0.001 -18"><span class='ocrx_word' id='word_1_626' title='bbox 2114 1505 2383 1576; x_wconf 85' lang='grc' dir='ltr'>ἐσχάτην·</span> <span class='ocrx_word' id='word_1_627' title='bbox 2414 1506 2470 1556; x_wconf 85' lang='grc' dir='ltr'>ἐν</span> <span class='ocrx_word' id='word_1_628' title='bbox 2498 1504 2635 1575; x_wconf 78' lang='grc' dir='ltr'>αὐτῇ</span> <span class='ocrx_word' id='word_1_629' title='bbox 2672 1505 2779 1576; x_wconf 84' lang='grc' dir='ltr'>γὰρ</span> <span class='ocrx_word' id='word_1_630' title='bbox 2805 1500 2873 1576; x_wconf 78' lang='grc' dir='ltr'>ἦν</span> <span class='ocrx_word' id='word_1_631' title='bbox 2898 1505 2960 1558; x_wconf 85' lang='grc' dir='ltr'>τὸ</span> <span class='ocrx_word' id='word_1_632' title='bbox 2997 1506 3073 1576; x_wconf 84' lang='grc' dir='ltr'>μὴ</span> <span class='ocrx_word' id='word_1_633' title='bbox 3098 1509 3306 1559; x_wconf 83' lang='grc' dir='ltr'>πεσεῖν.</span> <span class='ocrx_word' id='word_1_634' title='bbox 3343 1507 3454 1560; x_wconf 67' lang='grc' dir='ltr'>Καὶ</span> <span class='ocrx_word' id='word_1_635' title='bbox 3487 1507 3572 1560; x_wconf 79' lang='grc' dir='ltr'>ἵνα</span> <span class='ocrx_word' id='word_1_636' title='bbox 3595 1508 3703 1577; x_wconf 85' lang='grc' dir='ltr'>μά-</span> 
     </span>
    </p>
   </div>
   <div class='ocr_carea' id='block_1_80' title="bbox 2114 1586 3704 1661">
    <p class='ocr_par' dir='ltr' id='par_1_80' title="bbox 2114 1586 3704 1661">
     <span class='ocr_line' id='line_1_80' title="bbox 2114 1586 3704 1661; baseline 0.002 -20"><span class='ocrx_word' id='word_1_637' title='bbox 2114 1587 2213 1661; x_wconf 77' lang='grc' dir='ltr'>θῃς</span> <span class='ocrx_word' id='word_1_638' title='bbox 2242 1586 2402 1641; x_wconf 82' lang='grc' dir='ltr'>τοῦτο</span> <span class='ocrx_word' id='word_1_639' title='bbox 2426 1587 2785 1658; x_wconf 74' lang='grc' dir='ltr'>σαφέστερον,</span> <span class='ocrx_word' id='word_1_640' title='bbox 2828 1589 2960 1659; x_wconf 84' lang='grc' dir='ltr'>φέρε</span> <span class='ocrx_word' id='word_1_641' title='bbox 2983 1589 3079 1642; x_wconf 73' lang='grc' dir='ltr'>ἐπὶ</span> <span class='ocrx_word' id='word_1_642' title='bbox 3120 1589 3211 1642; x_wconf 85' lang='grc' dir='ltr'>τὸν</span> <span class='ocrx_word' id='word_1_643' title='bbox 3258 1588 3378 1643; x_wconf 76' lang='grc' dir='ltr'>Ἰὼϐ</span> <span class='ocrx_word' id='word_1_644' title='bbox 3416 1591 3506 1643; x_wconf 74' lang='grc' dir='ltr'>τὸν</span> <span class='ocrx_word' id='word_1_645' title='bbox 3545 1590 3704 1659; x_wconf 85' lang='grc' dir='ltr'>λόγον</span> 
     </span>
    </p>
   </div>
   <div class='ocr_carea' id='block_1_81' title="bbox 2112 1670 3700 1747">
    <p class='ocr_par' dir='ltr' id='par_1_81' title="bbox 2112 1670 3700 1747">
     <span class='ocr_line' id='line_1_81' title="bbox 2112 1670 3700 1747; baseline 0.003 -22"><span class='ocrx_word' id='word_1_646' title='bbox 2112 1671 2433 1742; x_wconf 86' lang='grc' dir='ltr'>ἀγάγωμεν,</span> <span class='ocrx_word' id='word_1_647' title='bbox 2460 1670 2567 1724; x_wconf 83' lang='grc' dir='ltr'>ἀπὸ</span> <span class='ocrx_word' id='word_1_648' title='bbox 2591 1670 2698 1725; x_wconf 83' lang='grc' dir='ltr'>τῶν</span> <span class='ocrx_word' id='word_1_649' title='bbox 2721 1673 3065 1743; x_wconf 79' lang='grc' dir='ltr'>ἡττηθέντων</span> <span class='ocrx_word' id='word_1_650' title='bbox 3092 1674 3187 1727; x_wconf 62' lang='grc' dir='ltr'>ἐπλ¹</span> <span class='ocrx_word' id='word_1_651' title='bbox 3214 1675 3305 1728; x_wconf 73' lang='grc' dir='ltr'>τὸν</span> <span class='ocrx_word' id='word_1_652' title='bbox 3328 1676 3700 1747; x_wconf 80' lang='grc' dir='ltr'>κρατήσαντα,</span> 
     </span>
    </p>
   </div>
   <div class='ocr_carea' id='block_1_82' title="bbox 2114 1755 3704 1828">
    <p class='ocr_par' dir='ltr' id='par_1_82' title="bbox 2114 1755 3704 1828">
     <span class='ocr_line' id='line_1_82' title="bbox 2114 1755 3704 1828; baseline 0.001 -18"><span class='ocrx_word' id='word_1_653' title='bbox 2114 1756 2222 1810; x_wconf 87' lang='grc' dir='ltr'>ἀπὸ</span> <span class='ocrx_word' id='word_1_654' title='bbox 2251 1755 2359 1809; x_wconf 88' lang='grc' dir='ltr'>τῶν</span> <span class='ocrx_word' id='word_1_655' title='bbox 2384 1756 2756 1826; x_wconf 85' lang='grc' dir='ltr'>νενικημένων</span> <span class='ocrx_word' id='word_1_656' title='bbox 2794 1757 2890 1810; x_wconf 81' lang='grc' dir='ltr'>ἐπὶ</span> <span class='ocrx_word' id='word_1_657' title='bbox 2929 1756 3019 1810; x_wconf 84' lang='grc' dir='ltr'>τὸν</span> <span class='ocrx_word' id='word_1_658' title='bbox 3052 1757 3378 1828; x_wconf 85' lang='grc' dir='ltr'>νενικηκότα</span> <span class='ocrx_word' id='word_1_659' title='bbox 3399 1775 3413 1790; x_wconf 77' lang='grc' dir='ltr'><strong><em>ο</em></strong></span> <span class='ocrx_word' id='word_1_660' title='bbox 3459 1759 3557 1812; x_wconf 73' lang='grc' dir='ltr'>καὶ</span> <span class='ocrx_word' id='word_1_661' title='bbox 3593 1757 3704 1828; x_wconf 81' lang='grc' dir='ltr'>γάρ</span> 
     </span>
    </p>
   </div>
   <div class='ocr_carea' id='block_1_83' title="bbox 2115 1832 3705 1914">
    <p class='ocr_par' dir='ltr' id='par_1_83' title="bbox 2115 1832 3705 1914">
     <span class='ocr_line' id='line_1_83' title="bbox 2115 1832 3705 1914; baseline 0.001 -20"><span class='ocrx_word' id='word_1_662' title='bbox 2115 1840 2338 1894; x_wconf 86' lang='grc' dir='ltr'>πλείονα</span> <span class='ocrx_word' id='word_1_663' title='bbox 2383 1841 2515 1911; x_wconf 81' lang='grc' dir='ltr'>ἡμῖν</span> <span class='ocrx_word' id='word_1_664' title='bbox 2547 1832 2703 1903; x_wconf 76' lang='grc' dir='ltr'>οὗτος</span> <span class='ocrx_word' id='word_1_665' title='bbox 2728 1838 2892 1893; x_wconf 84' lang='grc' dir='ltr'>δώσει</span> <span class='ocrx_word' id='word_1_666' title='bbox 2925 1840 3254 1911; x_wconf 85' lang='grc' dir='ltr'>προθυμίαν,</span> <span class='ocrx_word' id='word_1_667' title='bbox 3292 1840 3440 1895; x_wconf 78' lang='grc' dir='ltr'>ὥστε</span> <span class='ocrx_word' id='word_1_668' title='bbox 3472 1841 3705 1914; x_wconf 82' lang='grc' dir='ltr'>ἀντᾶραι</span> 
     </span>
    </p>
   </div>
   <div class='ocr_carea' id='block_1_84' title="bbox 2114 1920 3700 1996">
    <p class='ocr_par' dir='ltr' id='par_1_84' title="bbox 2114 1920 3700 1996">
     <span class='ocr_line' id='line_1_84' title="bbox 2114 1920 3700 1996; baseline -0.001 -18"><span class='ocrx_word' id='word_1_669' title='bbox 2114 1927 2306 1995; x_wconf 89' lang='grc' dir='ltr'>χεῖρας</span> <span class='ocrx_word' id='word_1_670' title='bbox 2337 1923 2478 1978; x_wconf 86' lang='grc' dir='ltr'>κατά</span> <span class='ocrx_word' id='word_1_671' title='bbox 2515 1922 2609 1976; x_wconf 82' lang='grc' dir='ltr'>τοῦ</span> <span class='ocrx_word' id='word_1_672' title='bbox 2642 1922 2911 1977; x_wconf 87' lang='grc' dir='ltr'>διαϐόλου.</span> <span class='ocrx_word' id='word_1_673' title='bbox 2953 1924 3101 1978; x_wconf 83' lang='grc' dir='ltr'>Ἐκεῖ</span> <span class='ocrx_word' id='word_1_674' title='bbox 3130 1924 3251 1992; x_wconf 66' lang='grc' dir='ltr'>ὄφις</span> <span class='ocrx_word' id='word_1_675' title='bbox 3289 1920 3356 1996; x_wconf 84' lang='grc' dir='ltr'>ἦν</span> <span class='ocrx_word' id='word_1_676' title='bbox 3379 1925 3408 1976; x_wconf 92' lang='grc' dir='ltr'><strong>ὀ</strong></span> <span class='ocrx_word' id='word_1_677' title='bbox 3449 1925 3700 1988; x_wconf 83' lang='grc' dir='ltr'>ἀπατῶν,</span> 
     </span>
    </p>
   </div>
   <div class='ocr_carea' id='block_1_85' title="bbox 2115 2006 3703 2080">
    <p class='ocr_par' dir='ltr' id='par_1_85' title="bbox 2115 2006 3703 2080">
     <span class='ocr_line' id='line_1_85' title="bbox 2115 2006 3703 2080; baseline -0.001 -19"><span class='ocrx_word' id='word_1_678' title='bbox 2115 2009 2209 2062; x_wconf 78' lang='grc' dir='ltr'>καὶ</span> <span class='ocrx_word' id='word_1_679' title='bbox 2229 2008 2530 2080; x_wconf 82' lang='grc' dir='ltr'>ἐκράτησεν</span> <span class='ocrx_word' id='word_1_680' title='bbox 2545 2023 2560 2037; x_wconf 73' lang='grc'><strong><em>⁸</em></strong></span> <span class='ocrx_word' id='word_1_681' title='bbox 2586 2006 2822 2061; x_wconf 72' lang='grc' dir='ltr'>ἐνταῦθα</span> <span class='ocrx_word' id='word_1_682' title='bbox 2842 2006 3002 2080; x_wconf 81' lang='grc' dir='ltr'>γυνὴ,</span> <span class='ocrx_word' id='word_1_683' title='bbox 3029 2007 3120 2061; x_wconf 71' lang='grc' dir='ltr'>καὶ</span> <span class='ocrx_word' id='word_1_684' title='bbox 3140 2009 3240 2062; x_wconf 74' lang='grc' dir='ltr'>οὐκ</span> <span class='ocrx_word' id='word_1_685' title='bbox 3266 2008 3453 2079; x_wconf 80' lang='grc' dir='ltr'>ἴσχυσε</span> <span class='ocrx_word' id='word_1_686' title='bbox 3475 2023 3489 2038; x_wconf 83' lang='lat'><strong><em>&#39;</em></strong></span> <span class='ocrx_word' id='word_1_687' title='bbox 3523 2008 3703 2062; x_wconf 87' lang='grc' dir='ltr'>καίτοι</span> 
     </span>
    </p>
   </div>
   <div class='ocr_carea' id='block_1_86' title="bbox 2114 2090 3703 2164">
    <p class='ocr_par' dir='ltr' id='par_1_86' title="bbox 2114 2090 3703 2164">
     <span class='ocr_line' id='line_1_86' title="bbox 2114 2090 3703 2164; baseline -0.001 -19"><span class='ocrx_word' id='word_1_688' title='bbox 2114 2108 2179 2160; x_wconf 90' lang='grc' dir='ltr'>γε</span> <span class='ocrx_word' id='word_1_689' title='bbox 2203 2091 2342 2163; x_wconf 74' lang='grc' dir='ltr'>αὕτη</span> <span class='ocrx_word' id='word_1_690' title='bbox 2373 2090 2554 2162; x_wconf 81' lang='grc' dir='ltr'>πολλῷ</span> <span class='ocrx_word' id='word_1_691' title='bbox 2575 2091 2920 2162; x_wconf 88' lang='grc' dir='ltr'>πιθανωτέρα</span> <span class='ocrx_word' id='word_1_692' title='bbox 2941 2091 3176 2147; x_wconf 88' lang='grc' dir='ltr'>ἐκείνου.</span> <span class='ocrx_word' id='word_1_693' title='bbox 3209 2093 3319 2145; x_wconf 80' lang='grc' dir='ltr'>Καὶ</span> <span class='ocrx_word' id='word_1_694' title='bbox 3339 2091 3418 2162; x_wconf 81' lang='grc' dir='ltr'>τῷ</span> <span class='ocrx_word' id='word_1_695' title='bbox 3455 2092 3554 2164; x_wconf 80' lang='grc' dir='ltr'>μὲν</span> <span class='ocrx_word' id='word_1_696' title='bbox 3582 2091 3703 2145; x_wconf 85' lang='grc' dir='ltr'>Ἰὼϐ</span> 
     </span>
    </p>
   </div>
   <div class='ocr_carea' id='block_1_87' title="bbox 2120 2174 3704 2247">
    <p class='ocr_par' dir='ltr' id='par_1_87' title="bbox 2120 2174 3704 2247">
     <span class='ocr_line' id='line_1_87' title="bbox 2120 2174 3704 2247; baseline 0 -18"><span class='ocrx_word' id='word_1_697' title='bbox 2120 2175 2259 2245; x_wconf 82' lang='grc' dir='ltr'>μετὰ</span> <span class='ocrx_word' id='word_1_698' title='bbox 2285 2175 2383 2247; x_wconf 79' lang='grc' dir='ltr'>τὴν</span> <span class='ocrx_word' id='word_1_699' title='bbox 2413 2175 2690 2229; x_wconf 87' lang='grc' dir='ltr'>ἀπώλειαν</span> <span class='ocrx_word' id='word_1_700' title='bbox 2727 2174 2837 2228; x_wconf 89' lang='grc' dir='ltr'>τῶν</span> <span class='ocrx_word' id='word_1_701' title='bbox 2861 2175 3181 2246; x_wconf 88' lang='grc' dir='ltr'>χρημάτων,</span> <span class='ocrx_word' id='word_1_702' title='bbox 3218 2175 3355 2244; x_wconf 86' lang='grc' dir='ltr'>μετά</span> <span class='ocrx_word' id='word_1_703' title='bbox 3381 2174 3479 2246; x_wconf 83' lang='grc' dir='ltr'>τὴν</span> <span class='ocrx_word' id='word_1_704' title='bbox 3511 2174 3704 2229; x_wconf 80' lang='grc' dir='ltr'>ἀποϐο-</span> 
     </span>
    </p>
   </div>
   <div class='ocr_carea' id='block_1_88' title="bbox 2115 2258 3706 2331">
    <p class='ocr_par' dir='ltr' id='par_1_88' title="bbox 2115 2258 3706 2331">
     <span class='ocr_line' id='line_1_88' title="bbox 2115 2258 3706 2331; baseline 0.001 -18"><span class='ocrx_word' id='word_1_705' title='bbox 2115 2260 2214 2331; x_wconf 80' lang='grc' dir='ltr'>λὴν</span> <span class='ocrx_word' id='word_1_706' title='bbox 2233 2260 2342 2314; x_wconf 88' lang='grc' dir='ltr'>τῶν</span> <span class='ocrx_word' id='word_1_707' title='bbox 2381 2260 2588 2314; x_wconf 88' lang='grc' dir='ltr'>παίδων</span> <span class='ocrx_word' id='word_1_708' title='bbox 2620 2258 2715 2312; x_wconf 80' lang='grc' dir='ltr'>καὶ</span> <span class='ocrx_word' id='word_1_709' title='bbox 2745 2258 2842 2329; x_wconf 80' lang='grc' dir='ltr'>τὴν</span> <span class='ocrx_word' id='word_1_710' title='bbox 2867 2259 3148 2330; x_wconf 80' lang='grc' dir='ltr'>γύμνωσιν</span> <span class='ocrx_word' id='word_1_711' title='bbox 3185 2259 3294 2313; x_wconf 89' lang='grc' dir='ltr'>τῶν</span> <span class='ocrx_word' id='word_1_712' title='bbox 3331 2260 3503 2313; x_wconf 75' lang='grc' dir='ltr'>ὄντων</span> <span class='ocrx_word' id='word_1_713' title='bbox 3529 2260 3706 2315; x_wconf 78' lang='grc' dir='ltr'>ἀπάνε-</span> 
     </span>
    </p>
   </div>
   <div class='ocr_carea' id='block_1_89' title="bbox 2115 2341 3698 2417">
    <p class='ocr_par' dir='ltr' id='par_1_89' title="bbox 2115 2341 3698 2417">
     <span class='ocr_line' id='line_1_89' title="bbox 2115 2341 3698 2417; baseline 0.001 -20"><span class='ocrx_word' id='word_1_714' title='bbox 2115 2363 2223 2399; x_wconf 89' lang='grc' dir='ltr'>των</span> <span class='ocrx_word' id='word_1_715' title='bbox 2250 2346 2283 2416; x_wconf 83' lang='grc' dir='ltr'>ἡ</span> <span class='ocrx_word' id='word_1_716' title='bbox 2328 2343 2543 2415; x_wconf 79' lang='grc' dir='ltr'>μηχανὴ</span> <span class='ocrx_word' id='word_1_717' title='bbox 2571 2345 2879 2415; x_wconf 79' lang='grc' dir='ltr'>προσήγετο</span> <span class='ocrx_word' id='word_1_718' title='bbox 2900 2360 2914 2375; x_wconf 88' lang='grc'><strong>·</strong></span> <span class='ocrx_word' id='word_1_719' title='bbox 2938 2345 3056 2396; x_wconf 87' lang='grc' dir='ltr'>ἐκεῖ</span> <span class='ocrx_word' id='word_1_720' title='bbox 3074 2343 3130 2397; x_wconf 87' lang='grc' dir='ltr'>δὲ</span> <span class='ocrx_word' id='word_1_721' title='bbox 3162 2345 3314 2399; x_wconf 76' lang='grc' dir='ltr'>οὐδὲν</span> <span class='ocrx_word' id='word_1_722' title='bbox 3341 2346 3580 2400; x_wconf 78' lang='grc' dir='ltr'>τοιοῦτον</span> <span class='ocrx_word' id='word_1_723' title='bbox 3608 2341 3698 2417; x_wconf 82' lang='grc' dir='ltr'>ἦν·</span> 
     </span>
    </p>
   </div>
   <div class='ocr_carea' id='block_1_90' title="bbox 2115 2426 3703 2501">
    <p class='ocr_par' dir='ltr' id='par_1_90' title="bbox 2115 2426 3703 2501">
     <span class='ocr_line' id='line_1_90' title="bbox 2115 2426 3703 2501; baseline 0.001 -20"><span class='ocrx_word' id='word_1_724' title='bbox 2115 2430 2215 2481; x_wconf 78' lang='grc' dir='ltr'>οὐκ</span> <span class='ocrx_word' id='word_1_725' title='bbox 2243 2428 2482 2481; x_wconf 86' lang='grc' dir='ltr'>ἀπέϐαλε</span> <span class='ocrx_word' id='word_1_726' title='bbox 2505 2427 2722 2491; x_wconf 87' lang='grc' dir='ltr'>παῖδας,</span> <span class='ocrx_word' id='word_1_727' title='bbox 2754 2427 2855 2480; x_wconf 82' lang='grc' dir='ltr'>οὐκ</span> <span class='ocrx_word' id='word_1_728' title='bbox 2876 2426 3126 2481; x_wconf 81' lang='grc' dir='ltr'>ἀπώλεσε</span> <span class='ocrx_word' id='word_1_729' title='bbox 3161 2429 3422 2499; x_wconf 84' lang='grc' dir='ltr'>χρήματα</span> <span class='ocrx_word' id='word_1_730' title='bbox 3449 2429 3478 2481; x_wconf 91' lang='grc' dir='ltr'><strong>ὀ</strong></span> <span class='ocrx_word' id='word_1_731' title='bbox 3508 2429 3703 2501; x_wconf 71' lang='grc' dir='ltr'>Ἀδὰμ,</span> 
     </span>
    </p>
   </div>
   <div class='ocr_carea' id='block_1_91' title="bbox 2115 2510 3707 2583">
    <p class='ocr_par' dir='ltr' id='par_1_91' title="bbox 2115 2510 3707 2583">
     <span class='ocr_line' id='line_1_91' title="bbox 2115 2510 3707 2583; baseline 0.001 -18"><span class='ocrx_word' id='word_1_732' title='bbox 2115 2513 2216 2566; x_wconf 84' lang='grc' dir='ltr'>οὐκ</span> <span class='ocrx_word' id='word_1_733' title='bbox 2245 2511 2338 2564; x_wconf 75' lang='grc' dir='ltr'>ἐπὶ</span> <span class='ocrx_word' id='word_1_734' title='bbox 2362 2511 2596 2582; x_wconf 83' lang='grc' dir='ltr'>κοπρίας</span> <span class='ocrx_word' id='word_1_735' title='bbox 2623 2510 2877 2580; x_wconf 85' lang='grc' dir='ltr'>ἐκάθητο,</span> <span class='ocrx_word' id='word_1_736' title='bbox 2899 2510 3036 2564; x_wconf 84' lang='grc' dir='ltr'>ἀλλά</span> <span class='ocrx_word' id='word_1_737' title='bbox 3064 2512 3391 2582; x_wconf 85' lang='grc' dir='ltr'>παράδεισον</span> <span class='ocrx_word' id='word_1_738' title='bbox 3421 2511 3553 2583; x_wconf 81' lang='grc' dir='ltr'>ῷκει</span> <span class='ocrx_word' id='word_1_739' title='bbox 3576 2530 3707 2583; x_wconf 86' lang='grc' dir='ltr'>τρυ-</span> 
     </span>
    </p>
   </div>
   <div class='ocr_carea' id='block_1_92' title="bbox 2117 2594 3709 2668">
    <p class='ocr_par' dir='ltr' id='par_1_92' title="bbox 2117 2594 3709 2668">
     <span class='ocr_line' id='line_1_92' title="bbox 2117 2594 3709 2668; baseline -0.003 -18"><span class='ocrx_word' id='word_1_740' title='bbox 2117 2596 2248 2666; x_wconf 75' lang='grc' dir='ltr'>φῆς,</span> <span class='ocrx_word' id='word_1_741' title='bbox 2297 2595 2391 2648; x_wconf 78' lang='grc' dir='ltr'>καὶ</span> <span class='ocrx_word' id='word_1_742' title='bbox 2423 2594 2654 2666; x_wconf 83' lang='grc' dir='ltr'>δένδρων</span> <span class='ocrx_word' id='word_1_743' title='bbox 2702 2595 2949 2665; x_wconf 86' lang='grc' dir='ltr'>ἀπήλαυε</span> <span class='ocrx_word' id='word_1_744' title='bbox 3000 2594 3356 2648; x_wconf 84' lang='grc' dir='ltr'>παντοδαπῶν</span> <span class='ocrx_word' id='word_1_745' title='bbox 3396 2598 3490 2649; x_wconf 84' lang='grc' dir='ltr'>καὶ</span> <span class='ocrx_word' id='word_1_746' title='bbox 3524 2596 3709 2668; x_wconf 81' lang='grc' dir='ltr'>πηγῆς</span> 
     </span>
    </p>
   </div>
   <div class='ocr_carea' id='block_1_93' title="bbox 2119 2678 3706 2752">
    <p class='ocr_par' dir='ltr' id='par_1_93' title="bbox 2119 2678 3706 2752">
     <span class='ocr_line' id='line_1_93' title="bbox 2119 2678 3706 2752; baseline -0.001 -19"><span class='ocrx_word' id='word_1_747' title='bbox 2119 2681 2213 2733; x_wconf 70' lang='grc' dir='ltr'>καὶ</span> <span class='ocrx_word' id='word_1_748' title='bbox 2236 2678 2495 2750; x_wconf 81' lang='grc' dir='ltr'>ποταμῶν</span> <span class='ocrx_word' id='word_1_749' title='bbox 2528 2679 2623 2732; x_wconf 72' lang='grc' dir='ltr'>καὶ</span> <span class='ocrx_word' id='word_1_750' title='bbox 2651 2679 2751 2749; x_wconf 81' lang='grc' dir='ltr'>τῆς</span> <span class='ocrx_word' id='word_1_751' title='bbox 2771 2678 2939 2750; x_wconf 87' lang='grc' dir='ltr'>ἄλλης</span> <span class='ocrx_word' id='word_1_752' title='bbox 2968 2679 3151 2743; x_wconf 85' lang='grc' dir='ltr'>ἀδείας</span> <span class='ocrx_word' id='word_1_753' title='bbox 3174 2680 3413 2751; x_wconf 72' lang='grc' dir='ltr'>ἀπάσης.</span> <span class='ocrx_word' id='word_1_754' title='bbox 3450 2679 3706 2752; x_wconf 78' lang='grc' dir='ltr'>Ούδαμοῦ</span> 
     </span>
    </p>
   </div>
   <div class='ocr_carea' id='block_1_94' title="bbox 2119 2762 3711 2836">
    <p class='ocr_par' dir='ltr' id='par_1_94' title="bbox 2119 2762 3711 2836">
     <span class='ocr_line' id='line_1_94' title="bbox 2119 2762 3711 2836; baseline 0 -20"><span class='ocrx_word' id='word_1_755' title='bbox 2119 2763 2283 2827; x_wconf 89' lang='grc' dir='ltr'>πόνος</span> <span class='ocrx_word' id='word_1_756' title='bbox 2306 2762 2425 2815; x_wconf 79' lang='grc' dir='ltr'>οὐδὲ</span> <span class='ocrx_word' id='word_1_757' title='bbox 2456 2762 2637 2833; x_wconf 80' lang='grc' dir='ltr'>ὀδύνη.</span> <span class='ocrx_word' id='word_1_758' title='bbox 2673 2762 2796 2815; x_wconf 78' lang='grc' dir='ltr'>οὐδὲ</span> <span class='ocrx_word' id='word_1_759' title='bbox 2842 2762 3052 2830; x_wconf 87' lang='grc' dir='ltr'>ἀθυμία</span> <span class='ocrx_word' id='word_1_760' title='bbox 3092 2763 3186 2816; x_wconf 75' lang='grc' dir='ltr'>καὶ</span> <span class='ocrx_word' id='word_1_761' title='bbox 3222 2762 3534 2836; x_wconf 77' lang='grc' dir='ltr'>φροντίδες,</span> <span class='ocrx_word' id='word_1_762' title='bbox 3585 2763 3711 2816; x_wconf 80' lang='grc' dir='ltr'>οὐδὲ</span> 
     </span>
    </p>
   </div>
   <div class='ocr_carea' id='block_1_95' title="bbox 2118 2845 3711 2919">
    <p class='ocr_par' dir='ltr' id='par_1_95' title="bbox 2118 2845 3711 2919">
     <span class='ocr_line' id='line_1_95' title="bbox 2118 2845 3711 2919; baseline 0.002 -22"><span class='ocrx_word' id='word_1_763' title='bbox 2118 2846 2292 2918; x_wconf 84' lang='grc' dir='ltr'>ὀνείδη</span> <span class='ocrx_word' id='word_1_764' title='bbox 2325 2846 2419 2899; x_wconf 70' lang='grc' dir='ltr'>καὶ</span> <span class='ocrx_word' id='word_1_765' title='bbox 2438 2845 2716 2918; x_wconf 84' lang='grc' dir='ltr'>λοιδορίαι,</span> <span class='ocrx_word' id='word_1_766' title='bbox 2748 2845 2869 2899; x_wconf 82' lang='grc' dir='ltr'>ούδέ</span> <span class='ocrx_word' id='word_1_767' title='bbox 2902 2846 2970 2899; x_wconf 86' lang='grc' dir='ltr'>τά</span> <span class='ocrx_word' id='word_1_768' title='bbox 3000 2846 3177 2919; x_wconf 85' lang='grc' dir='ltr'>μυρία</span> <span class='ocrx_word' id='word_1_769' title='bbox 3200 2846 3367 2911; x_wconf 72' lang='grc' dir='ltr'>κακὰ,</span> <span class='ocrx_word' id='word_1_770' title='bbox 3398 2845 3544 2916; x_wconf 76' lang='grc' dir='ltr'>ἅπερ</span> <span class='ocrx_word' id='word_1_771' title='bbox 3575 2863 3711 2900; x_wconf 68' lang='grc' dir='ltr'>κατα</span> 
     </span>
    </p>
   </div>
   <div class='ocr_carea' id='block_1_96' title="bbox 2119 2928 3710 3000">
    <p class='ocr_par' dir='ltr' id='par_1_96' title="bbox 2119 2928 3710 3000">
     <span class='ocr_line' id='line_1_96' title="bbox 2119 2928 3710 3000; baseline 0 -18"><span class='ocrx_word' id='word_1_772' title='bbox 2119 2928 2358 3000; x_wconf 70' lang='grc' dir='ltr'>έσκηψεν</span> <span class='ocrx_word' id='word_1_773' title='bbox 2387 2930 2468 2991; x_wconf 87' lang='grc' dir='ltr'>εἰς</span> <span class='ocrx_word' id='word_1_774' title='bbox 2490 2928 2581 2982; x_wconf 78' lang='grc' dir='ltr'>τὸν</span> <span class='ocrx_word' id='word_1_775' title='bbox 2623 2929 2742 2982; x_wconf 79' lang='grc' dir='ltr'>Ἱώϐ</span> <span class='ocrx_word' id='word_1_776' title='bbox 2767 2946 2780 2957; x_wconf 80' lang='grc'><em>’</em></span> <span class='ocrx_word' id='word_1_777' title='bbox 2807 2929 2921 2982; x_wconf 84' lang='grc' dir='ltr'>ἀλλ’</span> <span class='ocrx_word' id='word_1_778' title='bbox 2956 2930 3107 3000; x_wconf 83' lang='grc' dir='ltr'>ὅμως</span> <span class='ocrx_word' id='word_1_779' title='bbox 3148 2930 3360 2999; x_wconf 69' lang='grc' dir='ltr'>ούδενδς</span> <span class='ocrx_word' id='word_1_780' title='bbox 3398 2929 3553 2993; x_wconf 82' lang='grc' dir='ltr'>ὄντος</span> <span class='ocrx_word' id='word_1_781' title='bbox 3600 2946 3710 2983; x_wconf 86' lang='grc' dir='ltr'>τοι-</span> 
     </span>
    </p>
   </div>
   <div class='ocr_carea' id='block_1_97' title="bbox 2118 3012 3708 3088">
    <p class='ocr_par' dir='ltr' id='par_1_97' title="bbox 2118 3012 3708 3088">
     <span class='ocr_line' id='line_1_97' title="bbox 2118 3012 3708 3088; baseline 0.004 -24"><span class='ocrx_word' id='word_1_782' title='bbox 2118 3012 2298 3077; x_wconf 91' lang='grc' dir='ltr'>ούτου,</span> <span class='ocrx_word' id='word_1_783' title='bbox 2321 3013 2592 3066; x_wconf 81' lang='grc' dir='ltr'>κατέπεσε</span> <span class='ocrx_word' id='word_1_784' title='bbox 2619 3013 2716 3066; x_wconf 64' lang='grc' dir='ltr'>καὶ</span> <span class='ocrx_word' id='word_1_785' title='bbox 2744 3012 3135 3082; x_wconf 84' lang='grc' dir='ltr'>ύπεσκελίσθη.</span> <span class='ocrx_word' id='word_1_786' title='bbox 3182 3012 3299 3069; x_wconf 76' lang='grc' dir='ltr'>Οὐκ</span> <span class='ocrx_word' id='word_1_787' title='bbox 3340 3013 3583 3088; x_wconf 77' lang='grc' dir='ltr'>εὔδηλον,</span> <span class='ocrx_word' id='word_1_788' title='bbox 3624 3016 3708 3071; x_wconf 85' lang='grc' dir='ltr'>ὅτι</span> 
     </span>
    </p>
   </div>
   <div class='ocr_carea' id='block_1_98' title="bbox 2119 3091 3710 3166">
    <p class='ocr_par' dir='ltr' id='par_1_98' title="bbox 2119 3091 3710 3166">
     <span class='ocr_line' id='line_1_98' title="bbox 2119 3091 3710 3166; baseline 0.002 -18"><span class='ocrx_word' id='word_1_789' title='bbox 2119 3094 2209 3148; x_wconf 87' lang='grc' dir='ltr'>διά</span> <span class='ocrx_word' id='word_1_790' title='bbox 2259 3094 2575 3166; x_wconf 77' lang='grc' dir='ltr'>ῥᾳθυμίαν;</span> <span class='ocrx_word' id='word_1_791' title='bbox 2626 3095 2836 3166; x_wconf 83' lang='grc' dir='ltr'>Ὥσπερ</span> <span class='ocrx_word' id='word_1_792' title='bbox 2870 3091 2962 3149; x_wconf 76' lang='grc' dir='ltr'>οὖν</span> <span class='ocrx_word' id='word_1_793' title='bbox 3014 3098 3222 3161; x_wconf 83' lang='grc' dir='ltr'>ἐκεῖνος</span> <span class='ocrx_word' id='word_1_794' title='bbox 3252 3098 3470 3152; x_wconf 78' lang='grc' dir='ltr'>πάντων</span> <span class='ocrx_word' id='word_1_795' title='bbox 3504 3099 3710 3152; x_wconf 85' lang='grc' dir='ltr'>τούτων</span> 
     </span>
    </p>
   </div>
   <div class='ocr_carea' id='block_1_99' title="bbox 2120 3177 3706 3250">
    <p class='ocr_par' dir='ltr' id='par_1_99' title="bbox 2120 3177 3706 3250">
     <span class='ocr_line' id='line_1_99' title="bbox 2120 3177 3706 3250; baseline 0.003 -18"><span class='ocrx_word' id='word_1_796' title='bbox 2120 3180 2484 3247; x_wconf 83' lang='grc' dir='ltr'>ἐπικειμένων</span> <span class='ocrx_word' id='word_1_797' title='bbox 2512 3177 2607 3232; x_wconf 76' lang='grc' dir='ltr'>καὶ</span> <span class='ocrx_word' id='word_1_798' title='bbox 2661 3178 2971 3250; x_wconf 79' lang='grc' dir='ltr'>βαρούντων</span> <span class='ocrx_word' id='word_1_799' title='bbox 3024 3179 3157 3250; x_wconf 77' lang='grc' dir='ltr'>ἔστη</span> <span class='ocrx_word' id='word_1_800' title='bbox 3190 3181 3474 3249; x_wconf 86' lang='grc' dir='ltr'>γενναίως,</span> <span class='ocrx_word' id='word_1_801' title='bbox 3505 3183 3598 3236; x_wconf 74' lang='grc' dir='ltr'>καὶ</span> <span class='ocrx_word' id='word_1_802' title='bbox 3642 3184 3706 3237; x_wconf 82' lang='grc' dir='ltr'>οὐ</span> 
     </span>
    </p>
   </div>
   <div class='ocr_carea' id='block_1_100' title="bbox 2120 3256 3705 3337">
    <p class='ocr_par' dir='ltr' id='par_1_100' title="bbox 2120 3256 3705 3337">
     <span class='ocr_line' id='line_1_100' title="bbox 2120 3256 3705 3337; baseline 0.001 -20"><span class='ocrx_word' id='word_1_803' title='bbox 2120 3263 2444 3332; x_wconf 85' lang='grc' dir='ltr'>κατέπεσεν,</span> <span class='ocrx_word' id='word_1_804' title='bbox 2463 3264 2562 3317; x_wconf 85' lang='grc' dir='ltr'>ούκ</span> <span class='ocrx_word' id='word_1_805' title='bbox 2582 3262 2803 3333; x_wconf 73' lang='grc' dir='ltr'>εὔδηλον</span> <span class='ocrx_word' id='word_1_806' title='bbox 2817 3263 2897 3316; x_wconf 80' lang='grc' dir='ltr'>ὅτι</span> <span class='ocrx_word' id='word_1_807' title='bbox 2919 3264 3013 3316; x_wconf 76' lang='grc' dir='ltr'>καὶ</span> <span class='ocrx_word' id='word_1_808' title='bbox 3034 3256 3188 3327; x_wconf 75' lang='grc' dir='ltr'>οὗτος</span> <span class='ocrx_word' id='word_1_809' title='bbox 3206 3263 3293 3317; x_wconf 81' lang='grc' dir='ltr'>διὰ</span> <span class='ocrx_word' id='word_1_810' title='bbox 3312 3265 3473 3335; x_wconf 72' lang='grc' dir='ltr'>νῆψιν</span> <span class='ocrx_word' id='word_1_811' title='bbox 3493 3265 3705 3337; x_wconf 63' lang='grc' dir='ltr'>ψυχῆςς</span> 
     </span>
    </p>
   </div>
   <div class='ocr_carea' id='block_1_101' title="bbox 2224 3343 3709 3421">
    <p class='ocr_par' dir='ltr' id='par_1_101' title="bbox 2224 3343 3709 3421">
     <span class='ocr_line' id='line_1_101' title="bbox 2224 3343 3709 3421; baseline 0.002 -21"><span class='ocrx_word' id='word_1_812' title='bbox 2224 3354 2286 3404; x_wconf 85' lang='grc' dir='ltr'>ε’.</span> <span class='ocrx_word' id='word_1_813' title='bbox 2318 3344 2689 3417; x_wconf 82' lang='grc' dir='ltr'>Ἑκατέρωθεν</span> <span class='ocrx_word' id='word_1_814' title='bbox 2701 3343 2814 3412; x_wconf 77' lang='grc' dir='ltr'>οὖν,</span> <span class='ocrx_word' id='word_1_815' title='bbox 2833 3345 3104 3419; x_wconf 80' lang='grc' dir='ltr'>ἀγαπητέ,</span> <span class='ocrx_word' id='word_1_816' title='bbox 3122 3347 3415 3421; x_wconf 83' lang='grc' dir='ltr'>κάρπωσαι</span> <span class='ocrx_word' id='word_1_817' title='bbox 3449 3349 3709 3420; x_wconf 84' lang='grc' dir='ltr'>μέγιστον</span> 
     </span>
    </p>
   </div>
   <div class='ocr_carea' id='block_1_102' title="bbox 2124 3429 3710 3505">
    <p class='ocr_par' dir='ltr' id='par_1_102' title="bbox 2124 3429 3710 3505">
     <span class='ocr_line' id='line_1_102' title="bbox 2124 3429 3710 3505; baseline 0.001 -20"><span class='ocrx_word' id='word_1_818' title='bbox 2124 3432 2334 3505; x_wconf 85' lang='grc' dir='ltr'>κέρδος,</span> <span class='ocrx_word' id='word_1_819' title='bbox 2373 3430 2467 3484; x_wconf 80' lang='grc' dir='ltr'>καί</span> <span class='ocrx_word' id='word_1_820' title='bbox 2496 3429 2635 3500; x_wconf 84' lang='grc' dir='ltr'>φύγε</span> <span class='ocrx_word' id='word_1_821' title='bbox 2684 3430 2775 3482; x_wconf 74' lang='grc' dir='ltr'>τὸν</span> <span class='ocrx_word' id='word_1_822' title='bbox 2819 3430 2912 3482; x_wconf 76' lang='grc' dir='ltr'>τοῦ</span> <span class='ocrx_word' id='word_1_823' title='bbox 2959 3429 3131 3501; x_wconf 76' lang='grc' dir='ltr'>Ἀδὰμ</span> <span class='ocrx_word' id='word_1_824' title='bbox 3184 3432 3366 3501; x_wconf 74' lang='grc' dir='ltr'>ζῆλον,</span> <span class='ocrx_word' id='word_1_825' title='bbox 3420 3432 3577 3497; x_wconf 82' lang='grc' dir='ltr'>εἰδὼς</span> <span class='ocrx_word' id='word_1_826' title='bbox 3606 3434 3710 3487; x_wconf 80' lang='grc' dir='ltr'>ὅσα</span> 
     </span>
    </p>
   </div>
   <div class='ocr_carea' id='block_1_103' title="bbox 2123 3512 3706 3587">
    <p class='ocr_par' dir='ltr' id='par_1_103' title="bbox 2123 3512 3706 3587">
     <span class='ocr_line' id='line_1_103' title="bbox 2123 3512 3706 3587; baseline -0.001 -17"><span class='ocrx_word' id='word_1_827' title='bbox 2123 3515 2231 3570; x_wconf 80' lang='grc' dir='ltr'>ἀπὸ</span> <span class='ocrx_word' id='word_1_828' title='bbox 2252 3516 2350 3585; x_wconf 78' lang='grc' dir='ltr'>τῆς</span> <span class='ocrx_word' id='word_1_829' title='bbox 2380 3513 2651 3586; x_wconf 73' lang='grc' dir='ltr'>ῥᾳθυμίας</span> <span class='ocrx_word' id='word_1_830' title='bbox 2680 3513 2920 3567; x_wconf 75' lang='grc' dir='ltr'>τίκτεται</span> <span class='ocrx_word' id='word_1_831' title='bbox 2938 3514 3117 3568; x_wconf 80' lang='grc' dir='ltr'>κακά·</span> <span class='ocrx_word' id='word_1_832' title='bbox 3140 3512 3382 3587; x_wconf 79' lang='grc' dir='ltr'>ζήλωσον</span> <span class='ocrx_word' id='word_1_833' title='bbox 3400 3515 3457 3569; x_wconf 81' lang='grc' dir='ltr'>δὲ</span> <span class='ocrx_word' id='word_1_834' title='bbox 3486 3517 3584 3587; x_wconf 76' lang='grc' dir='ltr'>τὴν</span> <span class='ocrx_word' id='word_1_835' title='bbox 3610 3515 3706 3570; x_wconf 78' lang='grc' dir='ltr'>τοῦ</span> 
     </span>
    </p>
   </div>
   <div class='ocr_carea' id='block_1_104' title="bbox 2133 3592 3708 3672">
    <p class='ocr_par' dir='ltr' id='par_1_104' title="bbox 2133 3592 3708 3672">
     <span class='ocr_line' id='line_1_104' title="bbox 2133 3592 3708 3672; baseline 0.002 -19"><span class='ocrx_word' id='word_1_836' title='bbox 2133 3600 2253 3653; x_wconf 83' lang='grc' dir='ltr'>Ἰὼϐ</span> <span class='ocrx_word' id='word_1_837' title='bbox 2276 3599 2583 3662; x_wconf 80' lang='grc' dir='ltr'>εὐλάϐειαν,</span> <span class='ocrx_word' id='word_1_838' title='bbox 2612 3592 2800 3670; x_wconf 79' lang='grc' dir='ltr'>μαθὼν</span> <span class='ocrx_word' id='word_1_839' title='bbox 2829 3600 2930 3652; x_wconf 80' lang='grc' dir='ltr'>ὅσα</span> <span class='ocrx_word' id='word_1_840' title='bbox 2953 3599 3062 3653; x_wconf 74' lang='grc' dir='ltr'>ἀπὸ</span> <span class='ocrx_word' id='word_1_841' title='bbox 3090 3600 3191 3671; x_wconf 80' lang='grc' dir='ltr'>τῆς</span> <span class='ocrx_word' id='word_1_842' title='bbox 3218 3600 3454 3670; x_wconf 77' lang='grc' dir='ltr'>σπουδῆς</span> <span class='ocrx_word' id='word_1_843' title='bbox 3472 3600 3708 3672; x_wconf 70' lang='grc' dir='ltr'>βλαστά-</span> 
     </span>
    </p>
   </div>
   <div class='ocr_carea' id='block_1_105' title="bbox 2121 3672 3707 3756">
    <p class='ocr_par' dir='ltr' id='par_1_105' title="bbox 2121 3672 3707 3756">
     <span class='ocr_line' id='line_1_105' title="bbox 2121 3672 3707 3756; baseline -0.001 -19"><span class='ocrx_word' id='word_1_844' title='bbox 2121 3701 2201 3737; x_wconf 90' lang='grc' dir='ltr'>νει</span> <span class='ocrx_word' id='word_1_845' title='bbox 2227 3682 2367 3736; x_wconf 85' lang='grc' dir='ltr'>καλά</span> <span class='ocrx_word' id='word_1_846' title='bbox 2381 3672 2617 3736; x_wconf 66' lang='grc' dir='ltr'>θ’τοῦτον</span> <span class='ocrx_word' id='word_1_847' title='bbox 2645 3682 2937 3746; x_wconf 73' lang='grc' dir='ltr'>διαπαντὸς</span> <span class='ocrx_word' id='word_1_848' title='bbox 2970 3682 3188 3752; x_wconf 69' lang='grc' dir='ltr'>λογίζου</span> <span class='ocrx_word' id='word_1_849' title='bbox 3223 3684 3315 3738; x_wconf 70' lang='grc' dir='ltr'>τὸν</span> <span class='ocrx_word' id='word_1_850' title='bbox 3358 3685 3707 3756; x_wconf 69' lang='grc' dir='ltr'>στεφανίτην,</span> 
     </span>
    </p>
   </div>
   <div class='ocr_carea' id='block_1_106' title="bbox 2123 3765 3709 3838">
    <p class='ocr_par' dir='ltr' id='par_1_106' title="bbox 2123 3765 3709 3838">
     <span class='ocr_line' id='line_1_106' title="bbox 2123 3765 3709 3838; baseline 0.001 -18"><span class='ocrx_word' id='word_1_851' title='bbox 2123 3768 2217 3820; x_wconf 80' lang='grc' dir='ltr'>καὶ</span> <span class='ocrx_word' id='word_1_852' title='bbox 2240 3767 2417 3837; x_wconf 82' lang='grc' dir='ltr'>πάσης</span> <span class='ocrx_word' id='word_1_853' title='bbox 2437 3765 2629 3837; x_wconf 77' lang='grc' dir='ltr'>ὀδύνης</span> <span class='ocrx_word' id='word_1_854' title='bbox 2650 3767 2746 3819; x_wconf 72' lang='grc' dir='ltr'>καὶ</span> <span class='ocrx_word' id='word_1_855' title='bbox 2766 3767 3141 3837; x_wconf 76' lang='grc' dir='ltr'>περιστάσεως</span> <span class='ocrx_word' id='word_1_856' title='bbox 3161 3768 3349 3838; x_wconf 72' lang='grc' dir='ltr'>ἱκανὴν</span> <span class='ocrx_word' id='word_1_857' title='bbox 3368 3768 3510 3834; x_wconf 71' lang='grc' dir='ltr'>ἔξεις</span> <span class='ocrx_word' id='word_1_858' title='bbox 3535 3786 3709 3836; x_wconf 77' lang='grc' dir='ltr'>παρα⁴</span> 
     </span>
    </p>
   </div>
   <div class='ocr_carea' id='block_1_107' title="bbox 2124 3849 3710 3924">
    <p class='ocr_par' dir='ltr' id='par_1_107' title="bbox 2124 3849 3710 3924">
     <span class='ocr_line' id='line_1_107' title="bbox 2124 3849 3710 3924; baseline 0.003 -22"><span class='ocrx_word' id='word_1_859' title='bbox 2124 3851 2342 3922; x_wconf 86' lang='grc' dir='ltr'>μυθίαν.</span> <span class='ocrx_word' id='word_1_860' title='bbox 2361 3849 2627 3921; x_wconf 80' lang='grc' dir='ltr'>Καθάπερ</span> <span class='ocrx_word' id='word_1_861' title='bbox 2640 3849 2747 3922; x_wconf 78' lang='grc' dir='ltr'>γὰρ</span> <span class='ocrx_word' id='word_1_862' title='bbox 2765 3851 2821 3902; x_wconf 89' lang='grc' dir='ltr'>ἐν</span> <span class='ocrx_word' id='word_1_863' title='bbox 2840 3850 3003 3920; x_wconf 84' lang='grc' dir='ltr'>κοινῷ</span> <span class='ocrx_word' id='word_1_864' title='bbox 3026 3850 3238 3923; x_wconf 83' lang='grc' dir='ltr'>θεάτρῳ</span> <span class='ocrx_word' id='word_1_865' title='bbox 3259 3853 3360 3922; x_wconf 80' lang='grc' dir='ltr'>τῆς</span> <span class='ocrx_word' id='word_1_866' title='bbox 3383 3854 3710 3924; x_wconf 82' lang='grc' dir='ltr'>οἰκουμένης</span> 
     </span>
    </p>
   </div>
   <div class='ocr_carea' id='block_1_108' title="bbox 2123 3934 3713 4007">
    <p class='ocr_par' dir='ltr' id='par_1_108' title="bbox 2123 3934 3713 4007">
     <span class='ocr_line' id='line_1_108' title="bbox 2123 3934 3713 4007; baseline 0.001 -17"><span class='ocrx_word' id='word_1_867' title='bbox 2123 3934 2294 3999; x_wconf 88' lang='grc' dir='ltr'>ἐστὼς</span> <span class='ocrx_word' id='word_1_868' title='bbox 2319 3937 2347 3987; x_wconf 92' lang='lat'>6</span> <span class='ocrx_word' id='word_1_869' title='bbox 2364 3934 2634 4007; x_wconf 86' lang='grc' dir='ltr'>μακάριος</span> <span class='ocrx_word' id='word_1_870' title='bbox 2662 3935 2756 3987; x_wconf 74' lang='grc' dir='ltr'>καὶ</span> <span class='ocrx_word' id='word_1_871' title='bbox 2776 3937 3023 4003; x_wconf 88' lang='grc' dir='ltr'>γενναῖος</span> <span class='ocrx_word' id='word_1_872' title='bbox 3045 3935 3272 3999; x_wconf 87' lang='grc' dir='ltr'>ἐκεῖνος,</span> <span class='ocrx_word' id='word_1_873' title='bbox 3292 3935 3464 3991; x_wconf 76' lang='grc' dir='ltr'>ἅπασι</span> <span class='ocrx_word' id='word_1_874' title='bbox 3493 3938 3582 3991; x_wconf 73' lang='grc' dir='ltr'>διὰ</span> <span class='ocrx_word' id='word_1_875' title='bbox 3601 3939 3713 3992; x_wconf 84' lang='grc' dir='ltr'>τῶν</span> 
     </span>
    </p>
   </div>
   <div class='ocr_carea' id='block_1_109' title="bbox 2125 4016 3712 4090">
    <p class='ocr_par' dir='ltr' id='par_1_109' title="bbox 2125 4016 3712 4090">
     <span class='ocr_line' id='line_1_109' title="bbox 2125 4016 3712 4090; baseline 0.001 -19"><span class='ocrx_word' id='word_1_876' title='bbox 2125 4017 2548 4090; x_wconf 85' lang='grc' dir='ltr'>συμϐεϐηκότων</span> <span class='ocrx_word' id='word_1_877' title='bbox 2580 4016 2731 4087; x_wconf 84' lang='grc' dir='ltr'>αὐτῷ</span> <span class='ocrx_word' id='word_1_878' title='bbox 2758 4016 2949 4070; x_wconf 87' lang='grc' dir='ltr'>παθῶν</span> <span class='ocrx_word' id='word_1_879' title='bbox 2977 4017 3284 4087; x_wconf 89' lang='grc' dir='ltr'>διαλέγεται</span> <span class='ocrx_word' id='word_1_880' title='bbox 3316 4019 3492 4073; x_wconf 86' lang='grc' dir='ltr'>πάντα</span> <span class='ocrx_word' id='word_1_881' title='bbox 3522 4021 3712 4090; x_wconf 79' lang='grc' dir='ltr'>φέρειν</span> 
     </span>
    </p>
   </div>
   <div class='ocr_carea' id='block_1_110' title="bbox 2121 4101 3710 4173">
    <p class='ocr_par' dir='ltr' id='par_1_110' title="bbox 2121 4101 3710 4173">
     <span class='ocr_line' id='line_1_110' title="bbox 2121 4101 3710 4173; baseline 0.001 -17"><span class='ocrx_word' id='word_1_882' title='bbox 2121 4102 2191 4157; x_wconf 86' lang='grc' dir='ltr'>τά</span> <span class='ocrx_word' id='word_1_883' title='bbox 2222 4102 2605 4172; x_wconf 86' lang='grc' dir='ltr'>συμπίπτοντα</span> <span class='ocrx_word' id='word_1_884' title='bbox 2630 4101 2912 4170; x_wconf 81' lang='grc' dir='ltr'>γενναίως,</span> <span class='ocrx_word' id='word_1_885' title='bbox 2947 4102 3043 4155; x_wconf 73' lang='grc' dir='ltr'>καὶ</span> <span class='ocrx_word' id='word_1_886' title='bbox 3077 4102 3214 4173; x_wconf 83' lang='grc' dir='ltr'>πρὸς</span> <span class='ocrx_word' id='word_1_887' title='bbox 3247 4103 3414 4173; x_wconf 77' lang='grc' dir='ltr'>μηδὲν</span> <span class='ocrx_word' id='word_1_888' title='bbox 3449 4104 3710 4159; x_wconf 84' lang='grc' dir='ltr'>ἐνδιδόναι</span> 
     </span>
    </p>
   </div>
   <div class='ocr_carea' id='block_1_111' title="bbox 2119 4185 3710 4257">
    <p class='ocr_par' dir='ltr' id='par_1_111' title="bbox 2119 4185 3710 4257">
     <span class='ocr_line' id='line_1_111' title="bbox 2119 4185 3710 4257; baseline 0.001 -17"><span class='ocrx_word' id='word_1_889' title='bbox 2119 4188 2227 4241; x_wconf 86' lang='grc' dir='ltr'>τῶν</span> <span class='ocrx_word' id='word_1_890' title='bbox 2249 4187 2511 4241; x_wconf 85' lang='grc' dir='ltr'>ἐπιόντων</span> <span class='ocrx_word' id='word_1_891' title='bbox 2541 4185 2749 4241; x_wconf 88' lang='grc' dir='ltr'>δεινῶν.</span> <span class='ocrx_word' id='word_1_892' title='bbox 2781 4186 2855 4239; x_wconf 79' lang='grc' dir='ltr'>Ού</span> <span class='ocrx_word' id='word_1_893' title='bbox 2883 4186 2991 4257; x_wconf 82' lang='grc' dir='ltr'>γὰρ</span> <span class='ocrx_word' id='word_1_894' title='bbox 3020 4186 3187 4250; x_wconf 79' lang='grc' dir='ltr'>ἐστιν,</span> <span class='ocrx_word' id='word_1_895' title='bbox 3238 4188 3339 4242; x_wconf 80' lang='grc' dir='ltr'>οὐκ</span> <span class='ocrx_word' id='word_1_896' title='bbox 3373 4188 3520 4241; x_wconf 80' lang='grc' dir='ltr'>ἔστιν</span> <span class='ocrx_word' id='word_1_897' title='bbox 3555 4189 3710 4242; x_wconf 79' lang='grc' dir='ltr'>οὐδὲν</span> 
     </span>
    </p>
   </div>
   <div class='ocr_carea' id='block_1_112' title="bbox 2121 4270 3709 4345">
    <p class='ocr_par' dir='ltr' id='par_1_112' title="bbox 2121 4270 3709 4345">
     <span class='ocr_line' id='line_1_112' title="bbox 2121 4270 3709 4345; baseline -0.001 -16"><span class='ocrx_word' id='word_1_898' title='bbox 2121 4273 2460 4345; x_wconf 87' lang='grc' dir='ltr'>ἀνθρώπινον</span> <span class='ocrx_word' id='word_1_899' title='bbox 2483 4270 2674 4335; x_wconf 80' lang='grc' dir='ltr'>πάθος,</span> <span class='ocrx_word' id='word_1_900' title='bbox 2697 4270 2725 4324; x_wconf 83' lang='grc' dir='ltr'>δ</span> <span class='ocrx_word' id='word_1_901' title='bbox 2753 4270 2826 4342; x_wconf 84' lang='grc' dir='ltr'>μὴ</span> <span class='ocrx_word' id='word_1_902' title='bbox 2856 4271 3076 4326; x_wconf 88' lang='grc' dir='ltr'>δύναται</span> <span class='ocrx_word' id='word_1_903' title='bbox 3110 4272 3467 4344; x_wconf 80' lang='grc' dir='ltr'>παραμυθίαν</span> <span class='ocrx_word' id='word_1_904' title='bbox 3494 4273 3709 4328; x_wconf 86' lang='grc' dir='ltr'>ἐκεῖθεν</span> 
     </span>
    </p>
   </div>
   <div class='ocr_carea' id='block_1_113' title="bbox 2120 4354 3711 4430">
    <p class='ocr_par' dir='ltr' id='par_1_113' title="bbox 2120 4354 3711 4430">
     <span class='ocr_line' id='line_1_113' title="bbox 2120 4354 3711 4430; baseline -0.001 -16"><span class='ocrx_word' id='word_1_905' title='bbox 2120 4357 2406 4424; x_wconf 79' lang='grc' dir='ltr'>δέξασθαι·</span> <span class='ocrx_word' id='word_1_906' title='bbox 2437 4354 2474 4410; x_wconf 84' lang='lat'>6</span> <span class='ocrx_word' id='word_1_907' title='bbox 2504 4355 2613 4427; x_wconf 84' lang='grc' dir='ltr'>γὰρ</span> <span class='ocrx_word' id='word_1_908' title='bbox 2645 4357 2704 4409; x_wconf 87' lang='grc' dir='ltr'>ἐν</span> <span class='ocrx_word' id='word_1_909' title='bbox 2737 4356 2886 4429; x_wconf 75' lang='grc' dir='ltr'>πάσῃ</span> <span class='ocrx_word' id='word_1_910' title='bbox 2941 4357 3008 4426; x_wconf 82' lang='grc' dir='ltr'>τῇ</span> <span class='ocrx_word' id='word_1_911' title='bbox 3052 4356 3344 4430; x_wconf 77' lang='grc' dir='ltr'>οἰκουμένῃ</span> <span class='ocrx_word' id='word_1_912' title='bbox 3387 4356 3711 4430; x_wconf 86' lang='grc' dir='ltr'>διέσπαρται</span> 
     </span>
    </p>
   </div>
   <div class='ocr_carea' id='block_1_114' title="bbox 2123 4438 3711 4514">
    <p class='ocr_par' dir='ltr' id='par_1_114' title="bbox 2123 4438 3711 4514">
     <span class='ocr_line' id='line_1_114' title="bbox 2123 4438 3711 4514; baseline -0.003 -17"><span class='ocrx_word' id='word_1_913' title='bbox 2123 4442 2294 4514; x_wconf 81' lang='grc' dir='ltr'>πάθη,</span> <span class='ocrx_word' id='word_1_914' title='bbox 2319 4440 2488 4495; x_wconf 72' lang='grc' dir='ltr'>ταῦτα</span> <span class='ocrx_word' id='word_1_915' title='bbox 2515 4438 2652 4510; x_wconf 77' lang='grc' dir='ltr'>ὁμοῦ</span> <span class='ocrx_word' id='word_1_916' title='bbox 2681 4438 3003 4493; x_wconf 89' lang='grc' dir='ltr'>συνελθόντα</span> <span class='ocrx_word' id='word_1_917' title='bbox 3021 4441 3101 4504; x_wconf 84' lang='grc' dir='ltr'>είς</span> <span class='ocrx_word' id='word_1_918' title='bbox 3128 4439 3185 4494; x_wconf 85' lang='grc' dir='ltr'>ἓν</span> <span class='ocrx_word' id='word_1_919' title='bbox 3208 4440 3366 4512; x_wconf 86' lang='grc' dir='ltr'>σῶμα</span> <span class='ocrx_word' id='word_1_920' title='bbox 3394 4441 3711 4513; x_wconf 69' lang='grc' dir='ltr'>κατέσκηψε</span> 
     </span>
    </p>
   </div>
   <div class='ocr_carea' id='block_1_115' title="bbox 2119 4520 3714 4600">
    <p class='ocr_par' dir='ltr' id='par_1_115' title="bbox 2119 4520 3714 4600">
     <span class='ocr_line' id='line_1_115' title="bbox 2119 4520 3714 4600; baseline -0.001 -18"><span class='ocrx_word' id='word_1_921' title='bbox 2119 4530 2181 4582; x_wconf 64' lang='grc' dir='ltr'>τὸ</span> <span class='ocrx_word' id='word_1_922' title='bbox 2206 4529 2435 4580; x_wconf 82' lang='grc' dir='ltr'>ἐκείνου.</span> <span class='ocrx_word' id='word_1_923' title='bbox 2469 4525 2565 4589; x_wconf 89' lang='grc' dir='ltr'>Τίς</span> <span class='ocrx_word' id='word_1_924' title='bbox 2586 4520 2679 4578; x_wconf 71' lang='grc' dir='ltr'>οὖν</span> <span class='ocrx_word' id='word_1_925' title='bbox 2701 4524 2854 4578; x_wconf 80' lang='grc' dir='ltr'>ἐσται</span> <span class='ocrx_word' id='word_1_926' title='bbox 2884 4525 3181 4597; x_wconf 85' lang='grc' dir='ltr'>συγγνώμη</span> <span class='ocrx_word' id='word_1_927' title='bbox 3211 4525 3287 4596; x_wconf 83' lang='grc' dir='ltr'>τῷ</span> <span class='ocrx_word' id='word_1_928' title='bbox 3316 4526 3392 4599; x_wconf 85' lang='grc' dir='ltr'>μὴ</span> <span class='ocrx_word' id='word_1_929' title='bbox 3428 4529 3714 4600; x_wconf 80' lang='grc' dir='ltr'>δυναμένῳ</span> 
     </span>
    </p>
   </div>
   <div class='ocr_carea' id='block_1_116' title="bbox 2121 4608 3712 4685">
    <p class='ocr_par' dir='ltr' id='par_1_116' title="bbox 2121 4608 3712 4685">
     <span class='ocr_line' id='line_1_116' title="bbox 2121 4608 3712 4685; baseline -0.001 -17"><span class='ocrx_word' id='word_1_930' title='bbox 2121 4633 2174 4668; x_wconf 88' lang='grc' dir='ltr'>τι</span> <span class='ocrx_word' id='word_1_931' title='bbox 2206 4614 2368 4685; x_wconf 84' lang='grc' dir='ltr'>μέρος</span> <span class='ocrx_word' id='word_1_932' title='bbox 2388 4611 2498 4664; x_wconf 87' lang='grc' dir='ltr'>τῶν</span> <span class='ocrx_word' id='word_1_933' title='bbox 2526 4608 2875 4680; x_wconf 80' lang='grc' dir='ltr'>ἐπαχθέντων</span> <span class='ocrx_word' id='word_1_934' title='bbox 2904 4610 3096 4682; x_wconf 87' lang='grc' dir='ltr'>ἐκείνῳ</span> <span class='ocrx_word' id='word_1_935' title='bbox 3121 4610 3310 4667; x_wconf 82' lang='grc' dir='ltr'>δεινῶν</span> <span class='ocrx_word' id='word_1_936' title='bbox 3339 4614 3457 4683; x_wconf 82' lang='grc' dir='ltr'>μετ’</span> <span class='ocrx_word' id='word_1_937' title='bbox 3485 4614 3712 4684; x_wconf 81' lang='grc' dir='ltr'>εὐχαρι-</span> 
     </span>
    </p>
   </div>
   <div class='ocr_carea' id='block_1_117' title="bbox 2124 4694 3717 4770">
    <p class='ocr_par' dir='ltr' id='par_1_117' title="bbox 2124 4694 3717 4770">
     <span class='ocr_line' id='line_1_117' title="bbox 2124 4694 3717 4770; baseline -0.001 -17"><span class='ocrx_word' id='word_1_938' title='bbox 2124 4700 2278 4763; x_wconf 87' lang='grc' dir='ltr'>στίας</span> <span class='ocrx_word' id='word_1_939' title='bbox 2300 4695 2456 4770; x_wconf 58' lang='grc'>[⁸274]</span> <span class='ocrx_word' id='word_1_940' title='bbox 2478 4697 2743 4764; x_wconf 82' lang='grc' dir='ltr'>ἐνεγκεῖν,</span> <span class='ocrx_word' id='word_1_941' title='bbox 2767 4694 2828 4760; x_wconf 85' lang='grc' dir='ltr'>ὃς</span> <span class='ocrx_word' id='word_1_942' title='bbox 2853 4695 2931 4767; x_wconf 83' lang='grc' dir='ltr'>μὴ</span> <span class='ocrx_word' id='word_1_943' title='bbox 2964 4696 3128 4768; x_wconf 84' lang='grc' dir='ltr'>μέρος</span> <span class='ocrx_word' id='word_1_944' title='bbox 3159 4698 3341 4769; x_wconf 82' lang='grc' dir='ltr'>μόνον,</span> <span class='ocrx_word' id='word_1_945' title='bbox 3358 4697 3474 4751; x_wconf 77' lang='grc' dir='ltr'>ἀλλ’</span> <span class='ocrx_word' id='word_1_946' title='bbox 3490 4698 3717 4769; x_wconf 82' lang='grc' dir='ltr'>ὁλόκλη-</span> 
     </span>
    </p>
   </div>
   <div class='ocr_carea' id='block_1_118' title="bbox 2124 4780 3715 4857">
    <p class='ocr_par' dir='ltr' id='par_1_118' title="bbox 2124 4780 3715 4857">
     <span class='ocr_line' id='line_1_118' title="bbox 2124 4780 3715 4857; baseline -0.001 -17"><span class='ocrx_word' id='word_1_947' title='bbox 2124 4802 2195 4857; x_wconf 88' lang='grc' dir='ltr'>ρα</span> <span class='ocrx_word' id='word_1_948' title='bbox 2219 4783 2469 4854; x_wconf 83' lang='grc' dir='ltr'>φαίνεται</span> <span class='ocrx_word' id='word_1_949' title='bbox 2495 4781 2563 4837; x_wconf 83' lang='grc' dir='ltr'>τὰ</span> <span class='ocrx_word' id='word_1_950' title='bbox 2596 4780 2815 4835; x_wconf 89' lang='grc' dir='ltr'>πάντων</span> <span class='ocrx_word' id='word_1_951' title='bbox 2842 4780 3146 4852; x_wconf 88' lang='grc' dir='ltr'>ἀνθρώπων</span> <span class='ocrx_word' id='word_1_952' title='bbox 3178 4783 3360 4856; x_wconf 83' lang='grc' dir='ltr'>φέρων</span> <span class='ocrx_word' id='word_1_953' title='bbox 3389 4783 3568 4844; x_wconf 80' lang='grc' dir='ltr'>κακὰς</span> <span class='ocrx_word' id='word_1_954' title='bbox 3605 4784 3715 4839; x_wconf 73' lang='grc' dir='ltr'>Καὶ</span> 
     </span>
    </p>
   </div>
   <div class='ocr_carea' id='block_1_119' title="bbox 2124 4863 3716 4940">
    <p class='ocr_par' dir='ltr' id='par_1_119' title="bbox 2124 4863 3716 4940">
     <span class='ocr_line' id='line_1_119' title="bbox 2124 4863 3716 4940; baseline -0.001 -16"><span class='ocrx_word' id='word_1_955' title='bbox 2124 4871 2210 4924; x_wconf 82' lang='grc' dir='ltr'>ἵνα</span> <span class='ocrx_word' id='word_1_956' title='bbox 2235 4867 2311 4940; x_wconf 86' lang='grc' dir='ltr'>μὴ</span> <span class='ocrx_word' id='word_1_957' title='bbox 2331 4865 2618 4937; x_wconf 85' lang='grc' dir='ltr'>καταγνῴς</span> <span class='ocrx_word' id='word_1_958' title='bbox 2638 4863 2945 4936; x_wconf 79' lang='grc' dir='ltr'>ὑπερϐολὴν</span> <span class='ocrx_word' id='word_1_959' title='bbox 2961 4864 3055 4919; x_wconf 85' lang='grc' dir='ltr'>τοῦ</span> <span class='ocrx_word' id='word_1_960' title='bbox 3078 4865 3260 4933; x_wconf 86' lang='grc' dir='ltr'>λόγου,</span> <span class='ocrx_word' id='word_1_961' title='bbox 3280 4865 3413 4937; x_wconf 83' lang='grc' dir='ltr'>φέρε</span> <span class='ocrx_word' id='word_1_962' title='bbox 3437 4866 3562 4921; x_wconf 80' lang='grc' dir='ltr'>καθ’</span> <span class='ocrx_word' id='word_1_963' title='bbox 3591 4868 3716 4923; x_wconf 82' lang='grc' dir='ltr'>ἐκα-</span> 
     </span>
    </p>
   </div>
   <div class='ocr_carea' id='block_1_120' title="bbox 2124 4948 3715 5023">
    <p class='ocr_par' dir='ltr' id='par_1_120' title="bbox 2124 4948 3715 5023">
     <span class='ocr_line' id='line_1_120' title="bbox 2124 4948 3715 5023; baseline -0.001 -16"><span class='ocrx_word' id='word_1_964' title='bbox 2124 4969 2249 5007; x_wconf 88' lang='grc' dir='ltr'>στον</span> <span class='ocrx_word' id='word_1_965' title='bbox 2307 4950 2788 5023; x_wconf 83' lang='grc' dir='ltr'>προχειρισάμενοι</span> <span class='ocrx_word' id='word_1_966' title='bbox 2844 4948 2956 5002; x_wconf 86' lang='grc' dir='ltr'>τῶν</span> <span class='ocrx_word' id='word_1_967' title='bbox 3003 4948 3339 5003; x_wconf 84' lang='grc' dir='ltr'>ἐπελθόντων</span> <span class='ocrx_word' id='word_1_968' title='bbox 3385 4949 3554 5022; x_wconf 80' lang='grc' dir='ltr'>αὐτῷ,</span> <span class='ocrx_word' id='word_1_969' title='bbox 3612 4951 3715 5023; x_wconf 81' lang='grc' dir='ltr'>τὴν</span> 
     </span>
    </p>
   </div>
   <div class='ocr_carea' id='block_1_121' title="bbox 2123 5033 3716 5108">
    <p class='ocr_par' dir='ltr' id='par_1_121' title="bbox 2123 5033 3716 5108">
     <span class='ocr_line' id='line_1_121' title="bbox 2123 5033 3716 5108; baseline 0.001 -17"><span class='ocrx_word' id='word_1_970' title='bbox 2123 5037 2417 5108; x_wconf 80' lang='grc' dir='ltr'>ὑπόσχεσιν</span> <span class='ocrx_word' id='word_1_971' title='bbox 2447 5034 2655 5106; x_wconf 86' lang='grc' dir='ltr'>ταύτην</span> <span class='ocrx_word' id='word_1_972' title='bbox 2680 5033 2996 5104; x_wconf 82' lang='grc' dir='ltr'>ἐπάγωμεν.</span> <span class='ocrx_word' id='word_1_973' title='bbox 3023 5034 3153 5097; x_wconf 79' lang='grc' dir='ltr'>Καὶ,</span> <span class='ocrx_word' id='word_1_974' title='bbox 3188 5036 3236 5088; x_wconf 88' lang='grc' dir='ltr'>εἰ</span> <span class='ocrx_word' id='word_1_975' title='bbox 3259 5033 3458 5104; x_wconf 86' lang='grc' dir='ltr'>βούλει,</span> <span class='ocrx_word' id='word_1_976' title='bbox 3490 5037 3552 5091; x_wconf 83' lang='grc' dir='ltr'>τὸ</span> <span class='ocrx_word' id='word_1_977' title='bbox 3577 5038 3716 5093; x_wconf 82' lang='grc' dir='ltr'>πάν-</span> 
     </span>
    </p>
   </div>
   <div class='ocr_carea' id='block_1_122' title="bbox 2121 5112 3715 5195">
    <p class='ocr_par' dir='ltr' id='par_1_122' title="bbox 2121 5112 3715 5195">
     <span class='ocr_line' id='line_1_122' title="bbox 2121 5112 3715 5195; baseline 0.002 -21"><span class='ocrx_word' id='word_1_978' title='bbox 2121 5137 2230 5174; x_wconf 89' lang='grc' dir='ltr'>των</span> <span class='ocrx_word' id='word_1_979' title='bbox 2261 5118 2669 5192; x_wconf 78' lang='grc' dir='ltr'>ἀφορητότερον</span> <span class='ocrx_word' id='word_1_980' title='bbox 2701 5112 2844 5171; x_wconf 80' lang='grc' dir='ltr'>εἶναι</span> <span class='ocrx_word' id='word_1_981' title='bbox 2883 5116 3098 5180; x_wconf 78' lang='grc' dir='ltr'>δοκοῦν,</span> <span class='ocrx_word' id='word_1_982' title='bbox 3141 5117 3359 5189; x_wconf 85' lang='grc' dir='ltr'>πρῶτον</span> <span class='ocrx_word' id='word_1_983' title='bbox 3412 5123 3493 5185; x_wconf 84' lang='grc' dir='ltr'>εἰς</span> <span class='ocrx_word' id='word_1_984' title='bbox 3546 5123 3715 5195; x_wconf 84' lang='grc' dir='ltr'>μέσον</span> 
     </span>
    </p>
   </div>
   <div class='ocr_carea' id='block_1_123' title="bbox 2124 5198 3717 5277">
    <p class='ocr_par' dir='ltr' id='par_1_123' title="bbox 2124 5198 3717 5277">
     <span class='ocr_line' id='line_1_123' title="bbox 2124 5198 3717 5277; baseline 0.001 -19"><span class='ocrx_word' id='word_1_985' title='bbox 2124 5203 2440 5274; x_wconf 85' lang='grc' dir='ltr'>ἀγάγωμεν,</span> <span class='ocrx_word' id='word_1_986' title='bbox 2477 5201 2576 5273; x_wconf 81' lang='grc' dir='ltr'>τὴν</span> <span class='ocrx_word' id='word_1_987' title='bbox 2605 5201 2801 5255; x_wconf 81' lang='grc' dir='ltr'>πενίαν</span> <span class='ocrx_word' id='word_1_988' title='bbox 2824 5198 2988 5269; x_wconf 86' lang='grc' dir='ltr'>λέγω,</span> <span class='ocrx_word' id='word_1_989' title='bbox 3026 5200 3121 5255; x_wconf 72' lang='grc' dir='ltr'>καὶ</span> <span class='ocrx_word' id='word_1_990' title='bbox 3145 5203 3247 5274; x_wconf 84' lang='grc' dir='ltr'>τὴν</span> <span class='ocrx_word' id='word_1_991' title='bbox 3277 5205 3344 5258; x_wconf 86' lang='grc' dir='ltr'>ἐκ</span> <span class='ocrx_word' id='word_1_992' title='bbox 3365 5203 3568 5277; x_wconf 87' lang='grc' dir='ltr'>ταύτης</span> <span class='ocrx_word' id='word_1_993' title='bbox 3595 5206 3717 5261; x_wconf 73' lang='grc' dir='ltr'>ὀδύ-</span> 
     </span>
    </p>
   </div>
   <div class='ocr_carea' id='block_1_124' title="bbox 2122 5284 3710 5360">
    <p class='ocr_par' dir='ltr' id='par_1_124' title="bbox 2122 5284 3710 5360">
     <span class='ocr_line' id='line_1_124' title="bbox 2122 5284 3710 5360; baseline 0.003 -20"><span class='ocrx_word' id='word_1_994' title='bbox 2122 5305 2222 5359; x_wconf 88' lang='grc' dir='ltr'>νην</span> <span class='ocrx_word' id='word_1_995' title='bbox 2241 5304 2254 5318; x_wconf 76' lang='lat'><strong>&#39;</strong></span> <span class='ocrx_word' id='word_1_996' title='bbox 2285 5286 2445 5341; x_wconf 82' lang='grc' dir='ltr'>τοῦτο</span> <span class='ocrx_word' id='word_1_997' title='bbox 2469 5286 2578 5357; x_wconf 73' lang='grc' dir='ltr'>γὰρ</span> <span class='ocrx_word' id='word_1_998' title='bbox 2603 5284 2883 5355; x_wconf 84' lang='grc' dir='ltr'>πανταχοῦ</span> <span class='ocrx_word' id='word_1_999' title='bbox 2913 5285 3115 5350; x_wconf 87' lang='grc' dir='ltr'>πάντες</span> <span class='ocrx_word' id='word_1_1000' title='bbox 3130 5286 3408 5359; x_wconf 80' lang='grc' dir='ltr'>ἄνθρωποι</span> <span class='ocrx_word' id='word_1_1001' title='bbox 3430 5287 3710 5360; x_wconf 83' lang='grc' dir='ltr'>θρηνοῦσι.</span> 
     </span>
    </p>
   </div>
   <div class='ocr_carea' id='block_1_125' title="bbox 2123 5366 3715 5442">
    <p class='ocr_par' dir='ltr' id='par_1_125' title="bbox 2123 5366 3715 5442">
     <span class='ocr_line' id='line_1_125' title="bbox 2123 5366 3715 5442; baseline 0.002 -17"><span class='ocrx_word' id='word_1_1002' title='bbox 2123 5371 2188 5425; x_wconf 92' lang='grc' dir='ltr'>Τί</span> <span class='ocrx_word' id='word_1_1003' title='bbox 2216 5366 2309 5425; x_wconf 76' lang='grc' dir='ltr'>οὖν</span> <span class='ocrx_word' id='word_1_1004' title='bbox 2338 5368 2434 5423; x_wconf 76' lang='grc' dir='ltr'>τοῦ</span> <span class='ocrx_word' id='word_1_1005' title='bbox 2476 5368 2598 5423; x_wconf 87' lang='grc' dir='ltr'>Ἰὼϐ</span> <span class='ocrx_word' id='word_1_1006' title='bbox 2629 5370 2954 5442; x_wconf 87' lang='grc' dir='ltr'>πενέστερον</span> <span class='ocrx_word' id='word_1_1007' title='bbox 2985 5370 3014 5410; x_wconf 76' lang='lat' dir='ltr'><strong>b</strong></span> <span class='ocrx_word' id='word_1_1008' title='bbox 3044 5371 3290 5440; x_wconf 85' lang='grc' dir='ltr'>γέγονεν,</span> <span class='ocrx_word' id='word_1_1009' title='bbox 3316 5372 3375 5436; x_wconf 83' lang='grc' dir='ltr'>ὃς</span> <span class='ocrx_word' id='word_1_1010' title='bbox 3398 5372 3493 5425; x_wconf 77' lang='grc' dir='ltr'>καὶ</span> <span class='ocrx_word' id='word_1_1011' title='bbox 3518 5373 3628 5427; x_wconf 83' lang='grc' dir='ltr'>τῶν</span> <span class='ocrx_word' id='word_1_1012' title='bbox 3655 5375 3715 5428; x_wconf 90' lang='grc' dir='ltr'>ἐν</span> 
     </span>
    </p>
   </div>
   <div class='ocr_carea' id='block_1_126' title="bbox 2124 5452 3718 5529">
    <p class='ocr_par' dir='ltr' id='par_1_126' title="bbox 2124 5452 3718 5529">
     <span class='ocr_line' id='line_1_126' title="bbox 2124 5452 3718 5529; baseline 0.002 -20"><span class='ocrx_word' id='word_1_1013' title='bbox 2124 5452 2429 5527; x_wconf 83' lang='grc' dir='ltr'>βαλανείοις</span> <span class='ocrx_word' id='word_1_1014' title='bbox 2461 5453 2836 5526; x_wconf 75' lang='grc' dir='ltr'>ἐρριμμένων,</span> <span class='ocrx_word' id='word_1_1015' title='bbox 2867 5453 2963 5508; x_wconf 78' lang='grc' dir='ltr'>καί.</span> <span class='ocrx_word' id='word_1_1016' title='bbox 2989 5454 3101 5508; x_wconf 89' lang='grc' dir='ltr'>τῶν</span> <span class='ocrx_word' id='word_1_1017' title='bbox 3124 5457 3183 5508; x_wconf 85' lang='grc' dir='ltr'>ἐν</span> <span class='ocrx_word' id='word_1_1018' title='bbox 3204 5458 3271 5527; x_wconf 80' lang='grc' dir='ltr'>τῇ</span> <span class='ocrx_word' id='word_1_1019' title='bbox 3302 5456 3592 5529; x_wconf 84' lang='grc' dir='ltr'>καμινιαίᾳ</span> <span class='ocrx_word' id='word_1_1020' title='bbox 3627 5459 3718 5512; x_wconf 81' lang='grc' dir='ltr'>τέ-</span> 
     </span>
    </p>
   </div>
   <div class='ocr_carea' id='block_1_127' title="bbox 2123 5537 3726 5612">
    <p class='ocr_par' dir='ltr' id='par_1_127' title="bbox 2123 5537 3726 5612">
     <span class='ocr_line' id='line_1_127' title="bbox 2123 5537 3726 5612; baseline -0.004 -18"><span class='ocrx_word' id='word_1_1021' title='bbox 2123 5556 2239 5612; x_wconf 80' lang='grc' dir='ltr'>φρᾳ</span> <span class='ocrx_word' id='word_1_1022' title='bbox 2265 5537 2633 5593; x_wconf 87' lang='grc' dir='ltr'>καθευδόντων</span> <span class='ocrx_word' id='word_1_1023' title='bbox 2648 5578 2664 5603; x_wconf 93' lang='grc'>,</span> <span class='ocrx_word' id='word_1_1024' title='bbox 2698 5539 2793 5593; x_wconf 78' lang='grc' dir='ltr'>καὶ</span> <span class='ocrx_word' id='word_1_1025' title='bbox 2826 5539 3045 5594; x_wconf 85' lang='grc' dir='ltr'>πάντων</span> <span class='ocrx_word' id='word_1_1026' title='bbox 3077 5539 3261 5603; x_wconf 83' lang='grc' dir='ltr'>ἁπλῶς</span> <span class='ocrx_word' id='word_1_1027' title='bbox 3286 5537 3588 5611; x_wconf 83' lang='grc' dir='ltr'>ἀνθρώπων</span> <span class='ocrx_word' id='word_1_1028' title='bbox 3618 5560 3726 5597; x_wconf 63' lang='grc' dir='ltr'>πε-.</span> 
     </span>
    </p>
   </div>
   <div class='ocr_carea' id='block_1_128' title="bbox 2121 5617 3727 5699">
    <p class='ocr_par' dir='ltr' id='par_1_128' title="bbox 2121 5617 3727 5699">
     <span class='ocr_line' id='line_1_128' title="bbox 2121 5617 3727 5699; baseline -0.001 -19"><span class='ocrx_word' id='word_1_1029' title='bbox 2121 5626 2376 5697; x_wconf 87' lang='grc' dir='ltr'>νέστερος</span> <span class='ocrx_word' id='word_1_1030' title='bbox 2403 5618 2506 5694; x_wconf 80' lang='grc' dir='ltr'>ἦν;</span> <span class='ocrx_word' id='word_1_1031' title='bbox 2532 5617 2692 5678; x_wconf 72' lang='grc' dir='ltr'>Οὗτοι</span> <span class='ocrx_word' id='word_1_1032' title='bbox 2733 5622 2834 5694; x_wconf 79' lang='grc' dir='ltr'>μὲν</span> <span class='ocrx_word' id='word_1_1033' title='bbox 2861 5622 2972 5695; x_wconf 86' lang='grc' dir='ltr'>γάρ</span> <span class='ocrx_word' id='word_1_1034' title='bbox 2992 5623 3095 5678; x_wconf 83' lang='grc' dir='ltr'>κᾶν</span> <span class='ocrx_word' id='word_1_1035' title='bbox 3125 5623 3338 5694; x_wconf 85' lang='grc' dir='ltr'>ἱμάτιον</span> <span class='ocrx_word' id='word_1_1036' title='bbox 3366 5621 3548 5695; x_wconf 78' lang='grc' dir='ltr'>ἔχουσι</span> <span class='ocrx_word' id='word_1_1037' title='bbox 3571 5624 3727 5699; x_wconf 61' lang='grc' dir='ltr'>διερω</span> 
     </span>
    </p>
   </div>
   <div class='ocr_carea' id='block_1_129' title="bbox 2189 5878 3147 5944">
    <p class='ocr_par' dir='ltr' id='par_1_129' title="bbox 2189 5878 3147 5944">
     <span class='ocr_line' id='line_1_129' title="bbox 2189 5878 3147 5944; baseline 0 -14"><span class='ocrx_word' id='word_1_1038' title='bbox 2189 5878 2217 5918; x_wconf 66' lang='grc' dir='ltr'>ι’</span> <span class='ocrx_word' id='word_1_1039' title='bbox 2245 5879 2352 5933; x_wconf 85' lang='lat' dir='ltr'>Duo</span> <span class='ocrx_word' id='word_1_1040' title='bbox 2376 5894 2490 5933; x_wconf 85' lang='lat' dir='ltr'>mss.</span> <span class='ocrx_word' id='word_1_1041' title='bbox 2513 5882 2582 5940; x_wconf 83' lang='grc' dir='ltr'>τίς</span> <span class='ocrx_word' id='word_1_1042' title='bbox 2604 5880 2685 5930; x_wconf 78' lang='grc' dir='ltr'>οὖν</span> <span class='ocrx_word' id='word_1_1043' title='bbox 2720 5880 2829 5931; x_wconf 78' lang='grc' dir='ltr'>Ἰὼϐ</span> <span class='ocrx_word' id='word_1_1044' title='bbox 2848 5880 3147 5944; x_wconf 83' lang='grc' dir='ltr'>πενέστερος.</span> 
     </span>
    </p>
   </div>
  </div>
