4066 6426
358 328 455 384 271

362 441 641 508 amictur..,
666 438 811 512 gravi
840 435 1119 508 putredine
1151 436 1383 507 undique
1412 442 1726 509 corruperat
1764 432 1951 489 diabo-

365 534 467 587 lus.
501 529 736 587 Rursum
763 531 815 584 hl
847 544 1106 601 pauperes
1133 528 1322 584 saltem
1344 528 1444 583 sub
1460 528 1614 584 tectis
1642 536 1767 582 sunt
1785 524 1951 580 vesti-

365 622 614 679 holerum
643 624 696 677 in
718 622 943 686 balneis,
970 620 1157 676 saltem
1180 621 1398 676 latibulo
1419 627 1686 690 teguntur;
1714 619 1804 674 ille
1826 632 1953 674 vero

365 714 464 770 sub
482 712 575 770 dio
595 723 752 770 nocte
777 714 969 784 dieque
995 728 1208 783 seraper
1227 712 1470 783 degebat,
1503 726 1675 782 neque
1697 709 1954 782 simplicis

364 808 491 863 tecti
534 807 782 863 solatium
840 822 939 859 nae
965 821 1025 860 ns
1051 820 1065 858 :
1094 804 1340 876 quodque
1366 803 1581 875 gravius
1605 812 1714 865 est,
1746 803 1800 856 hi
1839 801 1955 872 qui-

362 899 487 953 dem
513 899 798 955 multorqu
827 896 926 951 sibi
951 896 1209 951 malorum
1248 896 1448 951 conscii
1488 902 1647 961 sunt;
1690 894 1778 949 ille
1829 908 1957 947 vero

367 992 565 1047 nullius
584 990 682 1045 sibi
703 990 951 1047 conscius
972 998 1085 1045 erat
1108 990 1149 1044 ¹.
1175 988 1286 1045 [loc
1302 998 1478 1044 autem
1507 988 1559 1042 in
1581 988 1800 1058 singulis
1820 1001 1957 1057 quo.

366 1096 472 1153 que
487 1081 700 1138 casibus
715 1080 1105 1137 observandum
1129 1075 1213 1136 est
1233 1099 1247 1135 :
1272 1078 1414 1154 quod
1435 1095 1564 1135 sane
1586 1079 1840 1149 majorem
1860 1078 1957 1148 ipsi

368 1174 611 1231 dolorem
651 1177 1016 1245 maioremque
1058 1173 1379 1229 anxietatem
1409 1174 1679 1242 pariebat,
1711 1172 1849 1241 quod
1893 1187 1959 1226 ne

366 1282 584 1323 causam
612 1267 824 1338 quidem
854 1266 1273 1337 contingrntium
1320 1265 1581 1319 malorum
1622 1272 1819 1318 nosset.
1855 1262 1955 1326 llli,

371 1357 608 1429 inquam,
636 1356 705 1413 de
730 1358 909 1412 multis
934 1372 992 1411 se
1012 1371 1265 1411 accusare
1293 1365 1573 1426 potuerunt
1605 1374 1618 1411 :
1648 1370 1746 1410 nec
1775 1370 1957 1425 parum

376 1449 504 1505 illud
532 1449 595 1504 ad
620 1450 1041 1505 cumulationem
1073 1450 1252 1519 juvat,
1302 1464 1423 1504 cum
1453 1449 1574 1520 jure
1629 1448 1728 1504 sibi
1777 1462 1961 1518 pinnas

372 1540 537 1612 lnlligi
584 1542 917 1611 agnoscitur;
951 1540 1040 1597 ille
1080 1550 1257 1596 autem
1288 1539 1388 1596 hac
1415 1555 1612 1595 vacuus
1636 1549 1751 1597 erat
1770 1553 1964 1594 conso-

371 1637 587 1701 latione,
614 1644 667 1690 et
718 1650 839 1691 cum
861 1635 1022 1690 vitam
1059 1632 1253 1690 virtute
1282 1635 1491 1705 plenam
1537 1632 1811 1699 duxisset,
1863 1647 1960 1687 ex-

370 1742 537 1787 trema
565 1728 1094 1785 sceleratissimorum
1116 1727 1374 1799 supplicia
1406 1727 1601 1783 luebat.
1634 1726 1717 1791 lli,
1749 1726 1837 1795 qui
1872 1740 1964 1795 pe-

366 1838 464 1881 ues
494 1835 592 1878 uos
617 1830 765 1889 sunt,
798 1835 1057 1892 pauperes
1079 1820 1189 1891 jam
1218 1820 1345 1874 olim
1372 1835 1401 1873 a
1428 1818 1686 1889 principio
1720 1817 1842 1873 huic
1865 1834 1959 1869 ca-

370 1908 593 1969 lamitati
621 1922 748 1969 sunt
775 1912 1010 1978 assueti;
1042 1910 1130 1967 ille
1150 1927 1280 1967 vero
1309 1911 1633 1981 inopinatam
1679 1910 1796 1965 tulit
1827 1925 1959 1979 pau-

368 2003 935 2076 pertatem,confestim
952 2000 1256 2057 divitiarum
1268 1994 1529 2073 jacturam
1548 2000 1953 2073 passusQuem-

366 2094 653 2153 admodum
698 2096 857 2168 igitur
891 2110 1106 2154 causam
1161 2096 1957 2163 calamitatumnossemagnum

366 2188 527 2246 affert
553 2189 621 2245 ad
636 2188 1056 2245 consolationem
1087 2195 1439 2254 momentum,
1467 2186 1540 2241 ita
1565 2200 1670 2241 non
1697 2184 1956 2239 minorem

371 2280 509 2349 parit
538 2280 590 2334 in
619 2287 928 2351 paupertate
953 2279 1163 2350 degenti
1202 2279 1425 2349 pristina
1453 2276 1693 2348 ejusdem
1731 2291 1955 2347 pauper.

367 2373 490 2428 tatis
504 2373 814 2427 exercitatio
846 2391 860 2427 :
887 2379 1236 2441 utrorumque
1263 2378 1439 2425 autem
1462 2369 1638 2440 justus
1659 2368 1748 2423 ille
1767 2382 1959 2436 expers

366 2472 505 2529 erat,
534 2477 709 2533 neque
739 2473 914 2519 tamen
935 2465 1013 2518 sic
1041 2463 1220 2517 animo
1246 2461 1500 2518 concidit.
1534 2459 1721 2516 Vidisti
1759 2474 1880 2514 cum
1903 2458 1957 2512 in

365 2564 658 2611 extremam
685 2554 957 2611 redactum
985 2565 1373 2626 paupertatem,
1391 2554 1474 2609 cui
1505 2553 1693 2610 similis
1708 2551 1857 2610 nulla
1869 2567 1957 2608 es-

364 2663 427 2703 se
446 2648 657 2718 potest?
679 2647 802 2717 quid
826 2649 974 2703 enim
1005 2647 1149 2702 nudo
1165 2655 1412 2717 tectoque
1429 2653 1648 2702 carente
1671 2643 1958 2714 pauperius

363 2738 569 2794 fuerit?
598 2739 708 2793 Into
731 2739 819 2793 ille
846 2754 913 2793 ne
940 2738 1154 2809 quidem
1180 2737 1354 2793 solum
1380 2752 1484 2807 quo
1513 2735 1769 2806 gauderet
1794 2734 1957 2788 habe-

363 2829 494 2895 bat;
524 2845 700 2900 neque
725 2828 867 2884 enim
886 2829 939 2883 in
967 2838 1108 2884 terra
1128 2870 1144 2895 ,
1174 2828 1269 2883 sed
1288 2828 1339 2881 in
1368 2828 1494 2882 limo
1511 2827 1748 2881 sedebat.
1775 2826 1956 2894 Itaque

361 2936 484 2976 cum
505 2928 559 2975 te
586 2918 785 2975 videris
814 2928 1123 2989 paupertate
1168 2914 1442 2979 afﬂictum,
1465 2917 1636 2987 cogita
1660 2916 1784 2988 justi
1813 2915 1954 2970 illius

360 3010 716 3067 calamitatem
738 3009 1022 3079 statimque
1040 3009 1277 3063 animum
1295 3008 1488 3077 eriges,
1508 3016 1563 3064 et
1580 3022 1792 3063 omnem
1815 3022 1954 3062 mo:-

363 3099 502 3155 roris
527 3100 817 3169 cogitatum
844 3099 1097 3169 repelles.
1126 3100 1301 3168 Atque
1329 3100 1444 3154 haec
1489 3099 1703 3169 quidem
1729 3098 1950 3154 calami-

362 3200 446 3245 tas
465 3191 706 3246 omnium
736 3190 998 3247 malorum
1025 3189 1177 3262 quasi
1207 3188 1611 3244 fundamentum
1649 3189 1952 3244 hominibus

358 3294 481 3337 esse
518 3281 757 3349 videtur;
799 3282 966 3339 altera
996 3297 1124 3338 vero
1147 3283 1433 3355 posterior,
1462 3282 1570 3337 imo
1613 3283 1787 3353 prior,
1838 3289 1954 3336 erat

360 3375 602 3445 corporis
623 3376 797 3445 plaga;
813 3375 946 3443 Quis
967 3388 1219 3445 umquam
1249 3374 1352 3431 hoc
1376 3374 1547 3430 morbi
1573 3389 1772 3445 genere
1797 3373 1951 3429 labo-

358 3464 530 3522 tavit?
552 3466 670 3537 quis
701 3466 859 3522 talem
876 3460 1245 3538 tcgritudittem
1290 3466 1451 3521 tulit?
1473 3465 1593 3537 quis
1613 3465 1770 3520 talem
1791 3480 1950 3520 exce-

360 3557 436 3626 pit
462 3556 692 3628 plagam,
719 3564 815 3615 aut
831 3558 995 3613 alium
1020 3557 1372 3628 excipientem
1398 3556 1570 3613 vidit?
1605 3556 1774 3613 Nemo
1798 3571 1947 3614 sane.

359 3648 616 3703 Paulatim
644 3648 745 3719 ipsi
783 3663 979 3718 corpus
1001 3648 1399 3715 absumebatur,
1437 3649 1680 3704 membra
1716 3648 1952 3718 undique

358 3738 631 3795 vermibus
670 3739 1287 3811 scatebaut,.perpetuus
1301 3749 1416 3795 erat
1432 3740 1521 3794 ille
1545 3738 1739 3804 ﬂuxus,
1770 3747 1824 3794 et
1847 3739 1950 3795 fm-

359 3840 447 3885 tor
470 3829 703 3902 undique
722 3832 1090 3903 gravissimus,
1120 3846 1421 3902 corpusque
1445 3831 1571 3886 dum
1602 3830 1681 3888 sic
1700 3831 1946 3901 paulatim

358 3922 600 3977 interiret
626 3931 681 3977 et
701 3932 843 3978 tanta
871 3922 1152 3994 putredine
1180 3923 1495 3990 tabesceret,
1528 3924 1763 3993 ingratos
1787 3924 1946 3977 etiam

356 4014 506 4070 cibos
533 4014 807 4080 reddebat,
833 4016 1105 4086 famesque
1128 4017 1200 4071 illi
1224 4026 1339 4070 erat
1358 4016 1565 4071 insolita
1594 4015 1946 4071 incredibilis-

355 4121 460 4177 que
489 4120 507 4162 :
535 4122 707 4177 neque
735 4109 875 4163 enim
902 4108 1081 4162 oblato
1128 4108 1250 4163 cibo
1281 4107 1383 4164 frui
1432 4118 1659 4179 poterat.
1695 4108 1946 4163 Foster-em

354 4198 521 4265 sttint,
544 4198 732 4267 inquit,
756 4199 898 4254 uideo
917 4215 1023 4254 esse
1042 4199 1179 4254 cibos
1200 4216 1333 4254 meos
1352 4198 1471 4272 (Job
1500 4199 1553 4256 6.
1603 4201 1678 4271 7).
1696 4198 1829 4256 Cum
1855 4217 1946 4256 cr-

353 4290 498 4359 goin
539 4291 784 4345 morbum
834 4289 1104 4355 incideris,
1127 4290 1364 4357 ohomo,
1411 4290 1693 4347 recordare
1707 4293 1947 4362 corporis

352 4378 496 4436 Illius
523 4390 826 4452 sancteque
854 4380 1031 4435 carnis
1057 4398 1072 4435 :
1099 4389 1282 4437 sancta
1309 4382 1504 4453 quippe
1523 4392 1637 4438 erat
1664 4392 1823 4453 atque
1851 4399 1948 4454 pu-

355 4469 599 4539 ra,licet
651 4471 735 4527 his
756 4472 1069 4529 vulneribus
1118 4472 1329 4529 affecta.
1379 4473 1583 4545 Siquis
1627 4475 1677 4530 in
1706 4477 1946 4531 exercitu

356 4565 562 4635 positus
610 4564 805 4637 injuste
844 4567 1096 4639 nullaque
1122 4569 1311 4624 saltem
1346 4568 1620 4639 probabili
1668 4568 1736 4624 de
1784 4583 1945 4623 causa

355 4658 500 4730 ligno
543 4672 854 4728 suspensus,
880 4661 1045 4715 latera
1070 4660 1170 4715 sibi
1211 4660 1433 4716 lacerari
1490 4659 1700 4725 videat,
1746 4675 1949 4729 nequa-

352 4766 513 4822 quam
535 4750 586 4807 id
612 4750 918 4824 ignominiae
942 4751 1059 4808 loco
1086 4752 1298 4816 habeat,
1325 4769 1497 4825 neque
1515 4769 1574 4810 se
1602 4753 1789 4809 dolore
1818 4768 1947 4808 con-

324 4882 327 4885 -
360 4842 447 4899 llci
474 4843 636 4909 sinat,
664 4853 908 4900 sanctum
935 4844 1084 4898 illum
1111 4843 1370 4901 memoria
1397 4854 1668 4916 repetens.
1720 4846 1790 4900 At
1829 4844 1942 4913 ille,

358 4936 870 5006 inquies,summam
898 4933 1087 4990 habuit
1111 4936 1559 5001 consolationem,
1588 4935 1731 5008 quod
1783 4937 1946 4992 sciret

361 5028 524 5084 Deum
555 5026 673 5083 bazc
704 5027 807 5083 sibi
833 5026 1097 5098 inﬂigere.
1129 5029 1289 5099 Atqui
1319 5030 1421 5085 hoc
1464 5029 1636 5101 ipsum
1674 5030 1841 5101 magis
1882 5029 1946 5085 il-

356 5118 464 5173 lum
522 5118 769 5175 turbabat
806 5118 1216 5191 allligebatque,
1255 5121 1397 5190 quod
1446 5123 1705 5193 cogitaret
1742 5122 1944 5193 justum

359 5212 547 5278 Deum,
597 5222 755 5295 quem
774 5213 900 5284 ipse
928 5214 1075 5269 omni
1106 5214 1267 5269 modo
1286 5214 1573 5282 coluisset,
1626 5232 1811 5272 secum
1846 5233 1945 5288 pu-

355 5321 544 5376 gnarc.
566 5305 675 5363 Nec
703 5304 868 5363 ullam
889 5307 973 5363 vel
1004 5305 1333 5377 probabilem
1354 5323 1561 5376 eorum,
1588 5322 1708 5380 quas
1732 5311 1941 5366 accide-

358 5401 503 5462 bant.
534 5414 750 5454 causam
790 5401 1025 5470 reperire
1050 5408 1273 5470 poterat.
1294 5399 1425 5455 Nam
1453 5402 1541 5456 ubi
1567 5401 1780 5457 demum
1812 5418 1942 5459 cau-

354 5504 470 5544 sam
494 5488 678 5544 didicit
700 5532 715 5554 ,
760 5491 882 5547 vide
906 5501 1158 5563 quantam
1180 5492 1435 5563 pietatem
1459 5494 1779 5551 exhibuerit.
1807 5497 1945 5555 Cum

355 5579 498 5635 enim
521 5579 593 5634 illi
618 5580 754 5636 Deus
772 5580 905 5637 dixit
936 5597 950 5635 :
982 5582 1161 5637 Alioue
1179 5594 1326 5653 putas
1356 5586 1503 5640 modo
1526 5602 1600 5641 me
1625 5588 1713 5641 tibi
1736 5589 1942 5643 oracula

416 5782 437 5815 ⁸
466 5778 590 5833 Vide
619 5784 783 5830 notam
809 5781 1024 5832 Grecam

1353 326 1441 387 DE
1480 328 1777 389 DlAllOLO
1816 323 2256 390 TENTATORE.
2301 333 2533 392 llOMlL.
2577 332 2673 388 lli..

2942 398 2945 401 _
3531 327 3657 389 εἶξε.

2059 433 2268 500 fudisse,
2297 450 2446 504 quam
2468 447 2522 490 ut
2542 438 2714 508 justus
2742 453 3011 507 appareres
3037 438 3158 511 (Job
3187 441 3281 501 40..
3303 439 3659 512 8)?"pcrcul-'v-

2060 540 2151 580 sus
2177 526 2264 581 ille
2295 528 2569 597 respondit
2597 546 2611 583 :
2639 528 2846 582 Manum
2872 547 3057 601 ponam
3081 547 3231 601 super
3253 547 3307 586 os
3337 548 3536 588 meum:
3560 552 3643 589 se-

2058 618 2158 671 mel
2178 617 2411 686 loquutus
2432 620 2797 687 sum,secumlo
2823 637 2921 674 non
2944 623 3129 675 addant
3171 620 3276 691 (Ib.
3306 638 3352 677 υ.
3377 624 3429 678 4.
3463 625 3517 696 5)
3542 642 3558 679 :
3585 641 3647 681 ac

2060 726 2293 778 rursum,
2320 711 2487 782 Usque
2506 713 2573 765 ad
2609 713 2749 767 auris
2771 713 2999 767 auditum
3024 714 3193 768 audiri
3211 724 3259 769 te
3280 724 3466 781 antea;
3514 734 3648 769 nunc

2061 812 2227 856 autem
2250 802 2422 857 oculus
2441 820 2578 858 meus
2597 804 2719 858 vidit
2739 815 2805 863 te.
2827 804 2995 871 Quare
3010 807 3253 874 meipsum
3280 806 3427 860 uilem
3446 818 3651 877 reputa-

2063 896 2129 958 οἱ,
2176 903 2223 949 et
2248 893 2449 949 extab'ui
2477 912 2497 951 :
2522 896 2747 967 reputavi
2771 906 2939 950 autem
2965 897 3209 967 mcipsum
3225 907 3411 952 terram
3440 909 3485 953 et
3515 900 3653 953 cina-

2062 1003 2167 1039 rem
2198 982 2354 1058 (Job.
2379 984 2470 1041 42.
2490 986 2544 1042 5.
2576 988 2654 1058 6).
2754 994 2757 997 ’

2135 1078 2188 1132 6.
2230 1078 2384 1145 Quod
2413 1080 2457 1134 si
2486 1079 2601 1134 lucc
2623 1078 2751 1136 satis
2778 1080 2844 1136 ad
2869 1064 3289 1136 consolationem
3317 1099 3434 1136 esse
3464 1095 3614 1151 putas
3631 1126 3655 1148 ,.

2066 1171 2267 1239 poteris
2288 1180 2343 1225 et
2371 1172 2480 1241 ipse
2511 1170 2612 1226 hac
2639 1171 3005 1227 consolatione
3029 1173 3149 1227 frui.
3191 1164 3337 1228 Nam
3371 1174 3494 1227 licet
3542 1190 3657 1227 non

2065 1274 2163 1330 pro
2191 1261 2299 1316 Deo
2327 1261 2525 1332 aliquid
2552 1261 2677 1317 mali
2705 1262 2993 1328 sustineas,
3017 1263 3110 1318 sed
3137 1276 3205 1318 ex
3237 1263 3509 1318 hominum
3547 1283 3646 1318 uo-

2064 1362 2331 1421 cumeuto,
2350 1354 2394 1410 si
2412 1355 2612 1426 gratias
2629 1356 2803 1427 egeris
2828 1370 2927 1410 uec
2950 1350 3406 1423 blaspltemaveris
3431 1355 3483 1410 in
3502 1372 3648 1419 eum,

2066 1449 2154 1520 qui
2185 1449 2443 1520 impedire
2469 1448 2683 1522 quidem
2713 1456 2945 1519 poterat,
2986 1448 3080 1502 sed
3106 1447 3170 1501 ad
3201 1457 3341 1501 tuam
3375 1449 3647 1518 probatio-

2068 1558 2188 1598 nem
2228 1544 2487 1613 permisit,
2538 1543 2677 1599 sicut
2703 1542 2739 1596 ii
2758 1541 2846 1612 qui
2897 1549 3115 1612 propter
3161 1539 3327 1595 Deum
3381 1542 3655 1610 patiuntur

2066 1634 2496 1701 coronantur,sic
2520 1640 2574 1688 et
2600 1643 2656 1689 tu
2684 1631 2925 1688 eamdem
2946 1621 3295 1701 consequeris
3322 1631 3651 1697 mercedem,

2066 1728 2187 1798 quia
2214 1728 2387 1783 illatas
2417 1727 2508 1782 tibi
2530 1727 2597 1783 ab
2628 1724 2931 1781 hominibus
2957 1723 3289 1779 calamitates
3317 1722 3526 1779 lurtiter
3571 1735 3652 1778 tu-

2068 1821 2196 1888 listi,
2222 1831 2276 1876 et
2295 1823 2342 1875 ei
2373 1823 2601 1891 quicum
2632 1819 2747 1873 illas
2773 1817 3058 1888 prohibere
3097 1824 3313 1885 posset,
3368 1816 3541 1869 uoluit
3567 1824 3652 1870 ta~

2068 1928 2211 1978 men,
2228 1909 2609 1984 gratiasegisti.
2626 1906 2764 1966 Ecce
2790 1910 2949 1981 igitur
2968 1919 3021 1964 et
3045 1917 3406 1977 paupertatem
3431 1917 3483 1962 et
3509 1902 3657 1961 mur-

2066 2005 2190 2059 bum
2214 2020 2370 2074 supra
2394 2003 2610 2058 modum
2638 2019 2850 2058 omnem
2868 2002 3012 2073 justo
3037 2001 3238 2056 illatum
3254 1999 3451 2057 vidisti.
3484 2000 3651 2054 Visne

2065 2097 2222 2151 etiam
2255 2106 2311 2151 ut
2339 2095 2558 2161 bellum,
2587 2094 2727 2165 quod
2759 2095 2856 2165 ipsi
2888 2105 3073 2149 natura
3096 2093 3292 2157 intulit,
3315 2092 3504 2147 eodem
3526 2107 3662 2146 Clllllr

2067 2189 2266 2259 impetu
2296 2186 2484 2244 fortem
2517 2187 2689 2242 virum
2715 2186 2981 2241 invasisse
3019 2184 3339 2240 ostendam?
3366 2184 3557 2238 lleeem
3590 2183 3655 2234 li-

2065 2281 2165 2337 lios
2191 2279 2443 2350 perdidit,
2471 2279 2658 2335 decem
2688 2278 2866 2340 simul.
2896 2278 3080 2332 decem
3116 2276 3304 2332 eodem
3353 2271 3659 2344 juventutis

2064 2373 2216 2437 ﬂore,
2246 2372 2430 2429 decem
2462 2372 2657 2427 virtute
2681 2372 2949 2441 pra'ditos,
2997 2383 3096 2424 nec
3124 2367 3394 2423 communi
3445 2373 3648 2419 natura:

2064 2465 2203 2535 lege,
2231 2464 2328 2519 sed
2357 2463 2590 2518 violenta
2617 2460 3017 2531 miserabilique
3062 2468 3253 2514 morte.
3308 2457 3439 2523 Quis
3487 2455 3646 2510 talem

2062 2557 2419 2613 calamitatem
2473 2556 2777 2626 exprimere
2832 2553 3041 2609 valeat?
3098 2551 3266 2608 Nemo
3304 2567 3455 2606 sane.
3514 2549 3663 2605 Cum.

2060 2663 2262 2719 ergoet
2289 2648 2456 2704 lilium
2477 2655 2532 2703 et
2570 2646 2734 2701 llliam
2784 2645 2942 2701 simul
2984 2644 3268 2709 amiseris,
3320 2657 3534 2697 recurre
3580 2642 3648 2695 ad

2057 2741 2258 2812 justum
2291 2741 2462 2808 illum,
2491 2740 2818 2811 multamque
2838 2738 3161 2793 nancisceris
3201 2735 3655 2798 con-elationem.

2060 2834 2196 2890 Nam
2225 2834 2342 2889 hmc
2368 2842 2574 2889 tantum
2596 2834 2697 2904 ipsi
2725 2832 2970 2887 accidere
2995 2830 3177 2886 mala?
3208 2830 3514 2884 Amicorum
3563 2829 3649 2883 in-

2061 2940 2224 2993 super
2250 2922 2481 2979 defectio
2508 2933 2562 2979 ct
2583 2922 2836 2993 proditio,
2861 2932 3176 2986 scommata,
3206 2919 3480 2984 convicia,
3509 2917 3650 2973 deri-

2059 3017 2262 3083 siones,
2285 3016 2438 3074 sanni
2464 3035 2476 3070 :
2505 3016 2572 3071 ab
2599 3015 2845 3070 omnibus
2873 3024 3054 3070 autem
3086 3012 3323 3068 divexari
3363 3028 3518 3080 quam
3566 3012 3617 3064 iu
3635 3042 3647 3050 -

2061 3106 2393 3161 tolerandum
2423 3104 2611 3161 merit!
2645 3105 2762 3159 Non
2789 3105 2930 3160 enim
2956 3107 3025 3157 ita
3048 3118 3406 3158 mrutttuarum
3435 3111 3645 3165 natura,

2059 3205 2120 3252 ut
2138 3198 2195 3266 ii,
2225 3197 2495 3268 qui'ttobis
2515 3210 2783 3251 aerumnas
2804 3196 3151 3266 exprobrant,
3181 3192 3432 3248 mordere.
3484 3194 3641 3245 solut.

2059 3290 2174 3345 Non
2205 3288 2366 3345 modo
2388 3278 2737 3354 noniaderat,‘
2768 3289 2877 3358 equi
2918 3286 3313 3351 consolaretur;
3361 3283 3453 3338 Sctl
3493 3285 3641 3337 multi

2057 3380 2294 3452 undique
2314 3381 2582 3435 instabant
2608 3380 2994 3436 conviciautcs.
3020 3378 3288 3445 Vidcsque
3340 3377 3487 3429 illum
3546 3375 3644 3428 hac

2057 3473 2125 3528 de
2145 3488 2203 3528 re
2230 3472 2506 3543 conqueri,
2539 3486 2599 3526 ac
2626 3472 2805 3528 dicere
2832 3487 2847 3524 :
2884 3473 2946 3523 At
2975 3485 3061 3524 vos
3092 3468 3331 3523 invaditis
3372 3484 3449 3521 me
3511 3465 3659 3535 (Job

2060 3562 2146 3620 19.
2170 3562 2247 3639 5),
2271 3578 2469 3635 eosque
2499 3560 2947 3617 immisericorch
2976 3568 3131 3613 vocat
3160 3558 3241 3611 bis
3270 3558 3445 3610 verbis
3471 3575 3481 3609 :
3512 3556 3649 3623 Quia

2057 3654 2428 3726 abnegaoerunt
2455 3671 2532 3709 me
2551 3652 2767 3725 proximi
2794 3652 2922 3716 mei;
2953 3660 2999 3705 et
3023 3650 3282 3706 domestici
3326 3650 3422 3701 mei
3468 3659 3649 3701 centra

2055 3763 2136 3801 me
2159 3746 2508 3817 loquebantur,
2554 3754 2601 3798 et
2630 3744 2765 3812 filios
2806 3744 3041 3811 pellicum
3092 3757 3320 3794 ineorum
3361 3741 3598 3793 vorabunt
3625 3755 3644 3791 :

2062 3838 2141 3892 illi
2160 3853 2276 3892 vero
2301 3836 2585 3892 resiliebant
2608 3833 2627 3908 (
2647 3835 2728 3887 Ib.
2758 3849 2804 3887 υ.
2839 3836 2924 3888 Η.
2953 3834 3065 3901 17).
3094 3833 3217 3893 Alii,
3271 3834 3463 3901 inquit,
3518 3847 3641 3883 ron-

2053 3930 2298 3998 spuebant
2324 3931 2375 3982 in
2401 3945 2496 3995 me,
2526 3944 2585 3981 ac
2613 3925 2883 3991 ludibrium
2912 3928 3077 3997 [actus
3106 3942 3219 3980 sum
3247 3925 3473 3978 euntibus
3506 3921 3637 3995 (Job

2054 4022 2146 4080 39.
2173 4021 2227 4077 9.
2263 4021 2353 4088 10)
2381 4038 2395 4075 :
2424 4030 2470 4073 et
2497 4020 2632 4089 ipsa,
2669 4018 2836 4087 inquit
2862 4058 2876 4081 ,
2908 4018 3053 4071 uestis
3106 4032 3184 4069 me
3234 4016 3522 4069 abominata
3568 4024 3643 4069 est

2057 4113 2174 4187 (Job
2204 4112 2257 4170 9.
2284 4113 2397 4184 5t).
2430 4111 2555 4167 llaec
2602 4126 2670 4166 ne
2713 4109 2895 4164 auditu
2933 4107 3146 4179 quidem
3177 4107 3412 4169 ferenda,
3442 4106 3641 4161 nedum

2055 4207 2171 4277 ipso
2192 4219 2371 4262 rerum
2420 4202 2561 4259 facto
2609 4199 2943 4257 sustinenda.
3005 4198 3295 4267 Paupertas
3350 4205 3587 4251 extrema
3624 4238 3639 4258 ,

2055 4299 2275 4354 morbus
2301 4292 2685 4359 intolerandus,
2717 4307 2887 4347 novus
2900 4300 2955 4346 et
2974 4288 3263 4350 inauditus.
3292 4296 3436 4342 totet
3457 4286 3649 4341 talium

2054 4387 2282 4444 ﬁliorum
2310 4385 2529 4441 amissio
2556 4385 2643 4439 tali
2675 4381 2832 4437 modo
2852 4381 3012 4445 facta,
3042 4378 3302 4444 convicia,
3321 4386 3643 4441 scommata,

2053 4479 2315 4550 vitupcria
2337 4478 2405 4533 ab
2425 4474 2750 4532 hominibus.
2783 4474 2884 4528 Alii
2913 4469 3127 4542 quidem
3160 4469 3453 4525 irridebant
3484 4511 3498 4531 ,
3552 4469 3647 4524 alii

2022 4571 2511 4633 .eonviciabantur,
2535 4569 2626 4624 alii
2671 4567 3159 4644 spernebant,_non
3184 4562 3385 4619 inimici
3414 4571 3639 4624 tantum,
3711 4565 3719 4604 ῒ

2052 4664 2151 4722 sed
2180 4674 2235 4721 et
2257 4663 2447 4729 amici;
2478 4676 2583 4717 non
2603 4660 2765 4716 amici
2786 4667 2989 4713 tantum
3019 4698 3035 4723 ,
3087 4654 3183 4712 sed
3236 4665 3290 4710 et
3338 4654 3640 4710 domestici.

2052 4756 2235 4827 Neque
2264 4754 2436 4810 solum
2463 4751 2758 4825 irridebant
2808 4756 2864 4805 et
2905 4747 3146 4804 convicia
3195 4744 3494 4817 jactabant.
3545 4745 3640 4798 sed

2053 4850 2213 4905 etiam
2241 4844 2722 4908 abominabantur;
2748 4842 2862 4896 hmc
2902 4853 3061 4910 porro
3111 4852 3215 4891 non
3259 4835 3504 4914 duobus,
3557 4837 3658 4888 \‘cl'

2053 4938 2342 5005 tribus,th
2373 4936 2557 4993 decem
2584 4935 2790 4999 diebus,
2838 4932 2934 4988 sed
2982 4930 3163 5003 multis
3205 4926 3479 4993 mensibus
3524 4944 3537 4981 :
3586 4937 3656 4979 et

2051 5031 2192 5103 quod
2217 5029 2287 5086 illi
2317 5027 2674 5098 uni-contigit,
2698 5038 2766 5080 ne
2791 5022 2964 5078 noctis
2986 5020 3202 5092 quidem
3218 5018 3638 5075 consolationem

2052 5122 2304 5191 habebat,
2325 5120 2418 5177 sed
2447 5119 2653 5177 diurnis
2676 5116 2932 5172 aerumnis
2964 5113 3325 5168 accessionem
3370 5111 3633 5182 majorem

2055 5217 2281 5276 faciebat
2306 5224 2690 5271 nocturnarum
2721 5205 3070 5264 formidinum
3125 5205 3424 5277 phantasia.
3478 5204 3637 5272 Quod

2051 5315 2193 5371 enim
2228 5311 2312 5367 vel
2362 5309 2414 5365 in
2453 5307 2657 5362 somnis
2697 5302 2935 5375 graviora
2978 5315 3169 5373 passus
3196 5301 3282 5365 sit,
3314 5299 3436 5355 audi
3491 5300 3638 5354 illum

2051 5407 2317 5465 dicentem
2342 5421 2357 5459 :
2393 5401 2565 5470 Quare
2591 5415 2671 5454 me
2697 5407 2853 5452 terres
2875 5396 2930 5450 iu
2958 5394 3169 5462 somnis,
3214 5401 3260 5446 et
3288 5393 3340 5445 in
3367 5391 3644 5444 uisionibus

2051 5515 2132 5553 me
2152 5505 2440 5551 constemus
2466 5490 2592 5563 (Job
2619 5491 2671 5545 7.
2703 5487 2840 5560 li)?
2890 5487 3022 5554 Quis
3048 5495 3153 5541 tam
3202 5480 3408 5537 ferreus
3456 5480 3638 5541 homo.

2051 5590 2169 5660 quis
2189 5587 2407 5642 adamas
2424 5584 2540 5641 haec
2562 5583 2700 5640 mala
2725 5582 2991 5637 suatinere
3016 5574 3220 5649 possit?
3239 5573 3372 5629 Nam
3399 5573 3445 5627 si
3468 5572 3636 5642 quod-

2054 5683 2184 5738 libet
2211 5693 2398 5737 eorum
2421 5678 2646 5736 seorsim
2671 5674 3065 5731 consideratam
3092 5666 3486 5723 intolerandum
3506 5673 3590 5720 est
3616 5704 3638 5730 ,

2053 5781 2306 5847 quantum
2336 5772 2614 5828 tumultum
2639 5768 2817 5825 omnia
2833 5759 3205 5822 concurrentia
3232 5758 3507 5817 attulerint
3558 5765 3646 5809 ω·-
