4066 6474
1155 245 1224 340 εξ
1253 285 1538 342 mmsis
1575 283 2066 342 οιιιιγεοεειόιιι

2182 278 2431 336 ιιῑιιιεΡ.
2472 275 3026 335 CONSTAFTINOP.
3537 288 3548 298 ‘
3662 273 3784 331 ετξ

1706 564 1924 616 ΛΟΓΟΣ
1957 565 2116 620 ΠΕΡΙ
2148 565 2549 621 ΜΕΤΑΝΟΚΑΣ

1569 704 1664 768 Ἐξ
1713 701 1896 772 ἀγροῦ
1951 702 2137 757 αὑτοῦ
2185 701 2624 766 ἐπανελθόντος
2647 712 2694 754 ι.

2077 885 2148 898 ﬂ

988 1037 1139 1109 [279]
1189 1039 1421 1106 ὋμιλΙα
1455 1043 1525 1089 α’.

567 1125 635 1180 α’.
651 1122 796 1193 Ἆρα
820 1121 1132 1192 ἐμέμνησθε
1153 1121 1332 1192 ἡμῶν,
1361 1119 1525 1190 ἡνίκα
1544 1117 1634 1170 τὸν
1657 1117 1860 1188 μεταξὺ
1884 1117 2073 1172 τοῦτον

495 1210 876 1283 ιχωρισθημεν
922 1209 1114 1277 χρόνον
1165 1203 1351 1275 ὑμῶνς
1413 1202 1554 1270 Ἐγὼ
1605 1202 1704 1271 μὲν
1747 1201 1858 1270 γὰρ
1919 1201 2074 1272 ὑμῶν

496 1297 752 1354 οὐδέποτε
783 1291 1053 1362 ἡδυνήθην
1077 1287 1454 1350 ἐπιλαθέσθαι,
1495 1285 1633 1340 ἀλλὰ
1663 1287 1758 1338 καὶ
1780 1286 1879 1356 τὴν
1919 1286 2074 1338 πόλιν

497 1382 681 1452 ἀφεὶς,
715 1377 815 1447 τὴν
842 1374 1115 1445 ὑμετέραν
1139 1373 1238 1425 οὑκ
1263 1370 1450 1440 ἀφῆκα
1478 1371 1696 1439 μνήμην
1712 1386 1725 1398 ·
1749 1369 1864 1421 ἀλλ’
1885 1368 2075 1440 ὥσπερ

496 1468 547 1518 οί
599 1463 708 1517 τῶν
758 1456 1025 1529 λαμπρῶν
1073 1456 1307 1526 ἐρῶντες
1357 1453 1663 1523 σωμάτων,
1713 1453 1957 1522 ὅπουπερ
2008 1453 2075 1505 ἂν

497 1549 724 1607 ἀπίωσι,
765 1543 882 1614 μεθ’
918 1540 1126 1594 ἑαυτῶν
1161 1539 1262 1608 τὴν
1301 1537 1641 1607 ποθουμένην
1687 1537 2076 1608 περιφέρουσιν

496 1635 642 1703 ὄψιν,
679 1628 824 1682 οὑτω
855 1625 920 1694 δὴ
953 1625 1046 1676 καὶ
1077 1625 1237 1694 ἡμεῖς
1269 1620 1362 1673 τοῦ
1412 1620 1642 1682 κάλλους
1678 1620 1779 1688 τῆς
1807 1619 2077 1689 ὑμετέρας

497 1716 676 1785 ψυχῆς
714 1709 1059 1782 ἐρασθέντες.
1111 1705 1198 1758 ἀεὶ
1235 1703 1352 1774 μεθ’
1383 1703 1593 1755 ἑαυτῶν
1624 1703 1724 1773 τὴν
1772 1702 2078 1772 εὐμορφίαν

497 1802 597 1872 τῆς
629 1794 901 1868 ὑμετέρας
946 1788 1331 1872 περι-φέρομεν
1367 1786 1624 1849 διανοίας.
1668 1787 1780 1872 Kal
1827 1785 2076 1872 καθάπερ

501 1865 564 1939 οῖ’
591 1865 909 1949 ζωγράφοι,
961 1872 1183 1924 ποικίλα
1229 1870 1503 1940 χρώματα
1549 1867 1939 1940 κεραννύντες,
1978 1865 2079 1929 τὰς

502 1967 612 2022 τῶν
643 1962 911 2034 σωμάτων
957 1956 1173 2018 εἰκόνας
1217 1954 1574 2023 ἐργάζονται,
1608 1950 1752 2005 οὑτω
1785 1955 1881 2004 καὶ
1918 1952 2079 2021 ἡμεῖς

501 2051 601 2121 τὴν
635 2043 870 2114 σπουδὴν
913 2039 1066 2110 ὑμῶν
1097 2038 1195 2109 τὴν
1237 2039 1293 2089 ἐν
1324 2038 1443 2098 ταῖς
1494 2035 1768 2098 συνάξεσι,
1814 2035 1914 2104 τὴν
1947 2050 2080 2103 προ-

497 2117 702 2204 θυμίαν
728 2129 829 2200 τὴν
853 2125 984 2197 περὶ⁹
1023 2122 1120 2194 τὴν
1144 2121 1432 2192 ἀκρόασιν,
1465 2118 1802 2204 τὴνῗεῦνοιαν
1823 2118 1920 2204 τὴν
1951 2117 2080 2204 περὶ

495 2202 586 2274 τὸν
623 2216 880 2283 λέγοντα,
908 2209 978 2263 τὰ
1009 2206 1144 2262 ἄλλα
1177 2207 1354 2259 πάντα
1394 2203 1797 2276 κατορθώματα
1831 2202 2080 2270 καθάπερ

499 2299 723 2357 ποικίλα
748 2295 1016 2367 χρώματα
1043 2289 1246 2360 ἀρετῆς
1275 2288 1627 2358 κεράσαντες,
1665 2287 1761 2339 καὶ
1791 2285 1880 2337 τὸν
1901 2301 2076 2367 χαρα-

496 2387 680 2456 κτῆρα
835 2377 1018 2448 ψυχῆς
1051 2374 1205 2443 ὑμῶν
1231 2371 1804 2456 ὑπογράιίιαντεςηκαλ⁵
1833 2369 1939 2456 πρὸ
1970 2366 2079 2420 τῶν

495 2452 796 2539 ὀφθαλμῶν
820 2460 920 2530 τῆς
953 2457 1193 2539 διανοίας
1219 2455 1426 2523 θέντες,
1449 2452 1910 2539 ίκανὴνῗδιὰὲτῆς
1946 2468 2081 2521 φαν-

496 2536 691 2611 τασίας
727 2544 933 2613 ταύτης
987 2538 1366 2610 ἐλαμϐάνομεν
1410 2538 1506 2607 τῆς
1557 2536 1863 2607 ἀποδημίας
1900 2552 2079 2605 παρα-

504 2633 725 2705 μυθίαν.
767 2626 879 2682 Kal
917 2623 1124 2686 ταῦτα,
1170 2622 1266 2676 καὶ
1313 2619 1455 2673 οἴκοι
1507 2620 1811 2690 καθήμενοι
1859 2619 1953 2671 καὶ
1998 2617 2081 2670 δι-

498 2700 872 2781 ἀνιστάμενοι,
890 2707 984 2763 καὶ
1024 2703 1433 2774 ὁδοιποροῦντες
1507 2704 1602 2755 καὶ
1640 2700 2078 2771 ἀναπαυόμενοι,

498 2800 596 2853 καὶ
615 2795 870 2856 είσιὸντες
901 2790 997 2844 καὶ
1023 2789 1278 2856 ἐξιόντες,
1314 2788 1651 2857 ἐστρέφομεν
1687 2785 1925 2855 συνεχῶς
1943 2823 1958 2847 ,
1983 2783 2082 2854 τὴν

500 2880 772 2953 ὑμετέραν
791 2872 1258 2948 ὀνειροπολοῦντες
1295 2871 1513 2941 ἀγάπην
1536 2887 1549 2900 ·
1576 2870 1670 2923 καὶ
1698 2869 1797 2922 οὐκ
1827 2871 1882 2921 ἐν
1899 2869 2083 2939 ἡμέρᾳ

502 2967 686 3036 μόνον,
713 2961 851 3017 ἀλλά
877 2961 969 3013 καὶ
999 2959 1056 3013 ἐν
1083 2957 1242 3011 νυκτὶ
1279 2957 1508 3019 ταύταις
1543 2954 1927 3027 ἐνετρυφῶμεν
1960 2954 2082 3016 ταῖς

499 3047 844 3119 φαντασίαις.
875 3044 986 3098 Kal
1012 3043 1148 3112 ὅπερ
1167 3044 1193 3094 ό
1216 3040 1467 3111 Σολομὼν
1490 3039 1617 3110 ἔφη,
1655 3038 1794 3109 Ἐ
1817 3036 2082 3092 καθεύδω

498 3135 599 3189 καὶ
629 3137 667 3203 ἡ
702 3130 916 3200 καρδία
933 3146 1052 3198 μου
1097 3127 1420 3194 ἀγρυπνεῖ·
1453 3125 1614 3178 τοῦτο
1645 3126 1737 3178 καὶ
1771 3126 1928 3194 ἡμεῖς
1959 3123 2082 3175 τότε

497 3220 833 3289 ἐπάσχομεν.
867 3214 932 3266 Ἢ
963 3212 1061 3283 μὲν
1089 3210 1198 3281 γὰρ
1229 3210 1438 3280 ἀνάγκη
1465 3209 1558 3262 τοῦ
1590 3209 1759 3262 ύπνου
1793 3205 2082 3261 κατέστελ-

495 3304 588 3357 λεν
614 3301 772 3374 ἡμῶν
794 3300 824 3339 Β
848 3297 918 3352 τά
944 3297 1190 3368 βλέφαρα
1209 3311 1222 3325 ·
1257 3296 1288 3365 ἡ
1311 3294 1366 3346 δέ
1394 3297 1493 3364 τῆς
1516 3294 1734 3364 ἀγάπης
1761 3292 1858 3362 τῆς
1884 3291 2081 3361 ὑμετέ-

499 3405 598 3459 ρας
616 3404 676 3438 τυ
687 3382 870 3457 ραννὶς
891 3379 1162 3450 άφύπνιζε
1182 3378 1309 3440 τοὺς
1326 3376 1422 3448 τῆς
1447 3376 1685 3438 διανοίας
1706 3379 1737 3445 ἡ
1750 3374 1865 3445 μῶν
1889 3374 2084 3441 ὀφθαλ-

501 3458 666 3541 μούς·
705 3468 800 3520 καὶ
831 3464 1095 3525 πολλάκις
1130 3463 1259 3531 ὑμῖν
1298 3461 1431 3530 ὄναρ
1460 3458 1803 3526 διαλέγεσθαι
1839 3458 2077 3541 ἐδόκουν.

496 3539 611 3609 Kal
635 3552 746 3623 γὰρ
767 3549 1009 3618 πέφυκεν
1034 3545 1232 3616 ἡψυχὴ
1255 3543 1427 3598 ταῦτα
1453 3541 1818 3623 φαντάζεσθαι
1842 3539 2078 3611 νύκτωρ,

497 3639 605 3690 ἀπε
613 3654 644 3708 ρ
659 3621 726 3688 ἂν
752 3633 870 3704 μεθ’
890 3631 1104 3702 ἡμέραν
1119 3627 1426 3699 λογίζηται·
1447 3629 1584 3699 ὅπερ
1605 3621 1697 3680 οῦν
1715 3626 1807 3680 καὶ
1825 3628 1908 3696 ἐφ’
1926 3626 2083 3697 ἡμῶν

496 3720 618 3774 τότε
643 3715 942 3771 συνέϐαινε·
967 3713 1062 3767 καὶ
1083 3712 1181 3783 οὑχ
1201 3711 1340 3783 ὁρῶν
1365 3711 1510 3782 ὑμᾶς
1531 3713 1644 3774 τοῖς
1663 3709 1961 3781 ὀφθαλμοῖς
1983 3710 2083 3780 τῆς

500 3801 726 3873 σαρκὸς,
759 3801 948 3870 ἐώρων
969 3797 1116 3868 ὑμᾶς
1139 3797 1236 3866 τῆς
1262 3795 1485 3868 ἀγάπης
1510 3797 1619 3857 τοῖς
1641 3794 1960 3865 ὀφθαλμοῖς,
1990 3794 2084 3848 καὶ

500 3886 576 3956 μὴ
607 3882 798 3955 παρὼν
836 3883 964 3954 ὑμῖν
995 3878 1069 3949 τῷ
1101 3877 1334 3949 σώματι,
1366 3879 1514 3950 παρή
1526 3895 1631 3949 μην
1661 3880 1787 3948 ὑμῖν
1815 3881 1880 3949 τῇ
1906 3877 2085 3930 διαθέ-

478 3987 607 4031 .σει,
643 3967 737 4022 καί
785 3983 876 4036 μοι
917 3965 986 4018 τὰ
1023 3956 1138 4016 ὦτα
1167 3963 1254 4016 ἀεὶ
1289 3963 1394 4017 ὑπὸ
1423 3975 1446 4003 ο
1473 3963 1572 4033 τῆς
1612 3962 1885 4034 ὑμετέρας
1924 3978 2084 4033 περι-

492 4055 678 4122 ηχεῖτο
711 4048 978 4120 κραυγῆς.
1010 4047 1109 4100 Διά
1136 4044 1294 4098 τοῦτο
1323 4046 1416 4099 καὶ
1445 4045 1544 4115 τῆς
1578 4045 1672 4098 τοῦ
1701 4043 1954 4114 σώματος
1984 4045 2085 4116 ἀρ-

498 4135 736 4210 ρωστίας
765 4134 857 4185 ἐπὶ
879 4131 1040 4184 πλέον
1057 4131 1172 4183 ἐκεῖ
1193 4129 1492 4200 διατρίϐειν
1516 4127 1960 4199 ἀναγκαζούσης,
1991 4128 2086 4181 καὶ

495 4218 597 4288 τῆς
629 4215 724 4270 τοῦ
753 4216 914 4286 ἀέρος
936 4213 1207 4286 ὠφελείας
1236 4215 1316 4276 είς
1343 4212 1550 4284 τὴντῆς
1569 4211 1775 4285 σαρκὸς
1796 4210 2086 4266 ἀπολαύειν

498 4301 731 4370 ὑγίειαν,
762 4302 795 4372 ἡ
828 4299 926 4369 τῆς
943 4298 1160 4367 ἀγάπης
1189 4295 1281 4367 βία
1294 4297 1392 4368 τῆς
1416 4297 1692 4368 ὑμετέρας
1708 4296 1806 4350 οὑκ
1828 4294 2087 4366 ἠνέσχετο

497 4383 656 4438 τοῦτο
693 4381 741 4446 ἀ,
799 4381 937 4436 ἀλλά
963 4379 1282 4449 κατεϐόησε,
1321 4380 1417 4433 καὶ
1467 4379 1526 4431 οὑ
1571 4380 1835 4450 πρότερον
1871 4380 2087 4449 ἀπέστη

497 4463 865 4535 διενοχλοῦσα,
927 4463 1031 4526 ἕως
1092 4463 1242 4532 ἡμᾶς
1298 4463 1393 4515 καὶ
1433 4462 1536 4533 πρὸ
1569 4461 1671 4532 τῆς
1705 4461 2088 4532 προσηκούσης

498 4548 651 4620 ὥρας
701 4548 1001 4618 ἀναστῆναι
1053 4546 1260 4606 ἔπεισε.
1295 4547 1388 4599 καὶ
1422 4546 1631 4614 ὑγίειαν
1654 4545 1749 4599 καὶ
1773 4545 1965 4617 τέρψιν
1993 4545 2088 4598 καὶ

500 4633 610 4685 πᾶν
661 4630 844 4684 ὁτιοῦν
894 4629 1100 4698 ἀγαθὸν
1146 4631 1244 4699 τὴν
1279 4629 1552 4701 ὑμετέραν
1597 4629 1905 4700 ἡγήσασθαι
1960 4646 2087 4681 συν-

498 4714 788 4768 εϐούλευσε
824 4713 1131 4768 συνουσίαν.
1168 4711 1355 4784 Ταύτῃ
1378 4711 1434 4765 δὲ
1456 4713 1770 4776 πεισθέντες
1797 4715 1982 4784 ἡμεῖς,
2017 4713 2091 4764 εί-

496 4797 706 4870 λόμεθα
737 4797 938 4868 μᾶλλον
966 4795 1180 4870 ἔχοντες
1206 4795 1287 4848 ἔτι
1316 4796 1384 4850 τά
1407 4794 1634 4865 λείψανα
1658 4797 1756 4866 τῆς
1777 4795 2088 4867 ἀρρωστίας

499 4881 838 4946 ἐπανελθεῖν,
861 4880 895 4950 ἢ
935 4879 1191 4951 καθαρῶς
1222 4878 1549 4949 ἀποθέμενοι
1575 4879 1674 4949 τὴν
1701 4879 1796 4932 τοῦ
1834 4877 2085 4948 σώματος

497 4963 805 5028 ἀσθένειαν,
830 4964 923 5017 ἐπὶ
953 4963 1114 5017 πλέον
1151 4962 1390 5034 λυπῆσαι
1408 4963 1508 5034 τὴν
1538 4961 1813 5032 ὑμετέραν
1840 4961 2084 5030 ἀγάπην.

498 5047 609 5100 Kal
631 5047 739 5118 γὰρ
778 5049 894 5100 ἐκεῖ
916 5047 1203 5117 διατρίϐων
1237 5047 1432 5115 ἡκουον
1458 5045 1613 5115 ὑμῶν
1644 5044 1713 5097 τὰ
1743 5043 2084 5115 ἐγκλήματα,

498 5129 593 5183 καὶ
624 5133 868 5202 συνεχεῖς
920 5131 1202 5185 ἐπιστολαὶ⁴
1241 5128 1416 5183 ταῦτα
1446 5130 1577 5199 ἡμῖν
1623 5128 1962 5197 διεκόμιζον·
1992 5127 2086 5180 καὶ

496 5212 606 5284 γὰρ
629 5217 916 5285 προσεῖχον
948 5216 1058 5278 τοῖς
1082 5211 1406 5282 ἐγκαλοῦσιν
1439 5223 1462 5250 ο
1484 5212 1582 5282 οὑχ
1599 5205 1782 5282 ἦττον,
1808 5211 1840 5282 ἢ
1861 5214 1973 5274 τοῖς
1994 5211 2086 5279 ἐγ-

559 5309 585 5336 ⁰
610 5308 826 5372 Colbert.
857 5308 944 5358 τοῦ
969 5310 1015 5358 ἐν
1034 5310 1237 5371 ἁγίοις...
1264 5313 1608 5372 Χρυσοστομου
1632 5309 1679 5365 ἐξ
1698 5305 1844 5372 ἀγροῦ
1869 5308 1947 5357 διὰ
1968 5307 2080 5371 χρό-

494 5386 578 5434 νου
603 5370 830 5434 ἐλθόντος,
857 5373 938 5434 καὶ
956 5373 1062 5434 περὶ
1079 5370 1350 5433 μετανοίας.

556 5429 587 5505 ι
621 5431 757 5505 βεδε
781 5432 915 5505 ἡμῖν

560 5494 583 5522 τ
610 5493 708 5541 Alii
731 5493 846 5540 ἀπό.

558 5551 587 5590 <1
621 5554 703 5600 Sic
721 5566 894 5615 omnes
916 5557 1096 5615 praeter
1115 5551 1290 5601 Morel.
1316 5555 1400 5615 qui
1425 5554 1572 5602 habet
1593 5555 1781 5602 τούτου.
1817 5554 1944 5615 Infra
1967 5551 2072 5600 Mo-

497 5613 973 5716 ἓεὶ.)σγνεϐούλευσε,
1015 5614 1114 5662 duo
1145 5629 1264 5663 mss.
1307 5613 1718 5678 συμϐουλεύουσα,
1762 5614 1912 5666 Savil.
1950 5631 2073 5676 συμ-

530 5687 586 5716 O‘J
607 5689 833 5716 .ευουσα.ν.

530 5687 833 5721 ουλευουσαν.

564 5731 590 5758 θ
615 5730 713 5780 Alii
732 5736 810 5780 καὶ
832 5733 964 5797 χάριν
989 5736 1113 5799 εἶχον
1134 5736 1229 5792 τοῖς
1254 5737 1352 5797 ἐγκ.

2174 1035 2514 1104 κωμιάζουσι
2536 1050 2548 1063 ·
2581 1033 2760 1102 ψυχῆς
2793 1031 2900 1103 γὰρ
2938 1032 3141 1096 εἰδυίας
3164 1033 3338 1100 φιλεῖν
3365 1027 3506 1104 ἦσαν
3532 1035 3588 1086 αί
3621 1033 3780 1105 μέμ-

2172 1120 2294 1185 ψεις
2325 1114 2550 1170 ἐκεῖναι.
2588 1117 2698 1168 Kal
2722 1115 2808 1168 διά
2835 1114 3008 1168 ταῦτα
3038 1115 3278 1178 ἀναστάς
3309 1115 3544 1186 ἔδραμον
3569 1133 3582 1146 ·
3611 1116 3783 1190 [280]

2172 1201 2259 1253 δια
2280 1199 2452 1252 ταῦτα
2466 1199 2720 1252 οὐδέποτε
2749 1198 2893 1268 ὑμᾶς
2922 1198 3023 1268 τῆς
3046 1198 3287 1262 διανοίας
3311 1199 3580 1272 ἡδυνὴθην
3593 1202 3776 1254 ἐκϐα-

2172 1283 2284 1336 λεῖν
2309 1283 2410 1351 τῆς
2436 1283 2597 1354 ἐμῆς.
2631 1284 2742 1336 Kal
2769 1282 2823 1334 τί
2854 1281 3168 1352 θαυμαστὸν
3204 1284 3252 1335 εί
3289 1284 3347 1335 ἐν
3373 1284 3528 1354 ἀγρῷ
3555 1284 3772 1356 διατρί-

2175 1367 2284 1420 ϐων
2310 1365 2442 1435 ἐγὼ,
2465 1367 2560 1419 καὶ
2575 1365 2758 1429 ἀδείας
2775 1365 3084 1430 ἀπολαύων,
3103 1366 3204 1436 τῆς
3222 1367 3495 1439 ὑμετέρας
3517 1370 3774 1441 ἐμεμνή-

2177 1468 2285 1521 μην
2322 1449 2566 1519 ἀγάπης,
2593 1449 2728 1502 ὃπου
2781 1466 2844 1518 γε
2880 1449 3090 1513 Παῦλος
3132 1450 3308 1521 δεσμά
3356 1454 3779 1522 περικείμενος,

2174 1536 2268 1588 καὶ
2321 1535 2694 1604 δεσμωτήριον
2720 1533 2902 1598 οἰκῶν,
2937 1534 3032 1586 καὶ
3077 1535 3304 1604 μυρίους
3349 1535 3490 1605 ὁρῶν
3518 1538 3773 1609 ἐπηρτη-

2178 1618 2377 1689 μένους
2399 1617 2548 1687 αὑτῷ
2567 1617 2865 1680 κινδύνους,
2887 1617 3140 1686 καθάπερ
3157 1620 3213 1670 ἐν
3232 1617 3454 1688 λειμῶνι
3469 1618 3545 1688 τῷ
3555 1619 3776 1690 δεσμω-

2175 1702 2350 1772 τηρίῳ
2383 1701 2606 1768 διάγων,
2632 1699 2776 1752 οὕτω
2791 1700 2900 1753 τῶν
2920 1699 3164 1769 ἀδελφῶν
3192 1701 3488 1772 ἐμέμνητο,
3517 1703 3609 1756 καὶ
3633 1704 3776 1773 γρᾶο

2175 1802 2293 1854 φων
2313 1785 2464 1852 έλεγε
2483 1799 2498 1812 ·
2523 1783 2728 1848 Καθὼς
2752 1785 2882 1838 ἐστι
2906 1783 3143 1838 δίκαιον
3156 1785 3286 1854 ἐμοὶ
3310 1786 3484 1839 τοῦτο
3518 1787 3775 1855 φρονεῖν

2176 1869 2312 1937 περὶ
2338 1867 2527 1938 ὑμῶν,
2553 1868 2651 1922 διὰ
2679 1869 2745 1922 τὸ
2781 1869 2947 1938 ἔχειν
2969 1887 3046 1938 με
3069 1869 3140 1923 ἐν
3171 1869 3245 1939 τῇ
3273 1872 3482 1942 καρδίᾳ
3501 1873 3673 1944 ὑμᾶς,
3692 1876 3776 1929 ἐν

2176 1969 2240 2006 τε
2263 1952 2386 2018 τοῖς
2412 1952 2658 2020 δεσμοῖς
2681 1969 2823 2020 μου,
2872 1952 2971 2005 καί
3001 1953 3072 2005 ἐν
3099 1952 3175 2021 τῇ
3207 1955 3504 2025 ἀπολογίᾳ
3532 1959 3631 2012 καί
3654 1959 3778 2024 ,βε-

2178 2036 2415 2090 ὅαιώσει
2442 2036 2550 2089 τοῦ
2589 2035 2995 2106 Εὐαγγελίου;
3029 2035 3269 2101 Ἐξωθεν
3327 2039 3516 2104 ἀλυσις
3550 2043 3581 2111 ἡ
3616 2041 3776 2114 παρά

2177 2121 2286 2173 τῶν
2321 2118 2554 2190 ἐχθρῶν,
2587 2121 2683 2172 καὶ
2737 2119 2941 2172 ἔσωθεν
2981 2120 3172 2186 ἀλυσις
3197 2123 3231 2193 ἡ
3272 2121 3366 2175 τοῦ
3409 2125 3631 2196 φίλτρου
3657 2126 3777 2179 τῶν

2183 2203 2473 2276 μαθητῶν·
2526 2203 2642 2256 ἀλλ’
2681 2206 2714 2276 ἡ
2765 2204 2862 2276 μὲν
2911 2204 3110 2269 ἔξωθεν
3138 2206 3246 2259 ἀπὸ
3291 2206 3508 2280 σιδήρου
3541 2208 3776 2279 ἐκεχάλο

2179 2305 2360 2352 κευτο,
2395 2289 2428 2358 ἡ
2460 2289 2516 2341 δὲ
2547 2287 2755 2342 ἔνδοθεν
2789 2288 2849 2352 ἐξ
2879 2289 3100 2360 ἀγάπης
3133 2290 3424 2362 ἐγεγένητο
3453 2311 3466 2323 ·
3505 2295 3777 2366 κάκείνην

2182 2377 2283 2445 μὲν
2312 2374 2572 2436 πολλάκις
2599 2374 2692 2427 καὶ
2720 2373 2975 2438 ἀπέθετο,
2997 2375 3202 2446 ταύτην
3232 2376 3288 2429 δὲ
3311 2377 3565 2432 οὐδέποτε
3596 2381 3776 2453 ἀπέρ-

2181 2457 2345 2528 ρηξεν
2370 2473 2383 2486 ·
2408 2456 2522 2510 ἀλλ’
2547 2457 2735 2528 ὥσπερ
2774 2459 2831 2511 αί
2882 2461 3140 2526 γυναῖκες
3173 2460 3296 2512 ὅσαι
3335 2463 3531 2530 πεῖραν
3563 2463 3776 2517 ὠδίνων

2181 2537 2370 2594 έλαϐον
2406 2543 2499 2594 καὶ
2535 2541 2769 2612 μητέρες
2796 2541 3065 2609 ἐγένοντο,
3090 2546 3202 2606 τοῖς
3237 2544 3475 2614 τεχθεῖσι
3509 2549 3771 2612 παιδίοις,

2177 2625 2426 2696 ὅπουπερ
2465 2627 2532 2680 ἂν
2560 2623 2714 2688 ὦσιν,
2748 2627 2855 2679 εἰσὶ
2887 2625 3155 2696 διηνεκῶς
3182 2629 3565 2701 συνδεδεμέναι
3586 2650 3599 2662 ·
3625 2633 3777 2686 οὕτω

2180 2710 2274 2763 καὶ
2297 2708 2525 2772 Παῦλος,
2562 2708 2761 2778 μᾶλλον
2781 2708 2838 2761 δέ
2856 2709 2948 2762 καὶ
2973 2709 3154 2780 πολλῷ
3187 2711 3391 2766 τούτων
3416 2715 3777 2787 σφοδρότερον

2181 2794 2269 2846 ἀεὶ
2291 2795 2406 2855 τοῖς
2425 2792 2693 2863 μαθηταῖς
2723 2792 3042 2863 προσήλωτο
3062 2797 3174 2857 τοῖς
3198 2794 3385 2861 αὑτοῦ,
3405 2798 3500 2850 καὶ
3530 2799 3781 2870 τοσούτῳ

2185 2877 2408 2948 μᾶλλον,
2451 2877 2562 2947 ὅσῳ
2614 2874 2723 2928 τῶν
2762 2876 3007 2945 φυσικῶν
3049 2877 3225 2931 τόκων
3265 2881 3312 2932 οἱ
3340 2879 3435 2932 τοῦ
3461 2881 3774 2952 πνεύματός

2182 2965 2289 3016 είσι
2315 2962 2660 3034 θερμότεροι.
2693 2960 2804 3013 Kal
2827 2959 2936 3032 γὰρ
2967 2961 3062 3013 καὶ
3086 2955 3238 3026 οὗτος
3267 2962 3457 3020 ὤδινεν
3477 2966 3574 3035 οὑχ
3599 2966 3769 3032 ἅπαξ,

2183 3047 2317 3100 ἀλλά
2360 3047 2454 3099 καὶ
2492 3045 2573 3107 δίς
2612 3044 2739 3108 τοὺς
2773 3045 2990 3106 αὐτοὺς,
3023 3046 3118 3098 καὶ
3147 3045 3276 3099 ἐϐόα
3308 3046 3483 3115 λέγων
3505 3064 3517 3076 ·
3565 3051 3776 3104 Τεκνία

2176 3149 2318 3201 μου,
2353 3130 2461 3195 οὓς
2487 3129 2676 3182 πάλιν
2717 3128 2926 3180 ὠδίνω.
2979 3129 3175 3182 Καίτοι
3217 3147 3280 3198 γε
3329 3130 3488 3184 τοῦτο
3515 3133 3775 3186 οὐδέποτε

2181 3217 2247 3271 ἂν
2279 3216 2440 3268 πάθοι
2469 3217 2502 3284 ἡ
2534 3213 2693 3283 γυνὴ,
2725 3213 2834 3265 οὐδ’
2876 3211 2942 3265 ἂν
2977 3213 3245 3285 ὑποσταίη
3281 3215 3381 3278 τας
3405 3217 3577 3281 αὑτὰς
3607 3219 3776 3272 πάλιν

2182 3301 2398 3364 ὠδῖνας,
2440 3299 2576 3352 ἀλλά
2625 3297 2835 3359 Παῦλος
2879 3297 3140 3367 ὑπέμεινε
3169 3298 3350 3362 τοῦτο,
3379 3301 3517 3372 ὅπερ
3551 3304 3641 3355 ἐπὶ
3671 3304 3773 3373 τῆς

2183 3383 2398 3452 φύσεως
2427 3382 2554 3434 ἰδεῖν
2573 3382 2672 3434 οὑκ
2692 3380 2828 3434 ἐστι.
2866 3381 2957 3433 καὶ
2980 3381 3107 3445 τοὺς
3132 3381 3279 3448 ἅπαξ
3306 3383 3596 3453 τεχθέντας
3609 3386 3772 3440 πάλιν

2183 3467 2498 3529 ἀναλαϐεῖν,
2535 3466 2628 3518 καὶ
2675 3465 2774 3527 τὰς
2805 3464 3057 3533 δριμείας
3116 3466 3202 3517 ἐπ’
3257 3468 3443 3532 αὐτοῖς
3481 3470 3778 3540 ὑπομεῖναι,

2183 3553 2398 3614 ὠδῖνας.
2435 3551 2535 3604 Διὰ
2562 3548 2720 3602 τοῦτο
2769 3548 2864 3601 καὶ⁵
2915 3547 3171 3620 ἐντρέψαι
3201 3549 3524 3621 βουλόμενος
3555 3556 3768 3621 αὑτοὺς,

2185 3635 2390 3702 ἔλεγεν,
2417 3633 2534 3699 Οὓς
2559 3633 2745 3691 πάλιν
2769 3631 2960 3684 ὠδίνω
2978 3647 2990 3658 ·
3037 3636 3318 3704 μονονουχὶ
3334 3635 3506 3705 λέγων
3532 3654 3545 3668 ·
3581 3639 3774 3693 Φείσα-

2185 3719 2278 3772 σθέ
2314 3735 2443 3790 μου·
2467 3718 2644 3781 οὐδεὶς
2677 3717 2791 3780 υίὸς
2822 3716 3075 3787 δεύτερον
3102 3718 3200 3788 τὴν
3232 3719 3506 3792 μητρικὴν
3532 3723 3774 3796 γαστέρα

2182 3805 2303 3866 ταῖς
2361 3801 2514 3856 ὠδῖσι
2541 3801 2832 3858 διέτεινεν.
2881 3800 3017 3870 ὅπερ
3067 3800 3406 3868 ἀναγκάζετέ
3445 3821 3512 3874 με
3543 3806 3771 3877 πάσχειν

2186 3888 2345 3957 ὑμεῖς
2367 3903 2380 3916 ·
2443 3885 2622 3939 καίτοι
2661 3887 2865 3938 ἐκεῖναι
2908 3885 3007 3954 μὲν
3043 3886 3099 3937 αἱ
3130 3886 3318 3950 ὠδῖνες
3345 3889 3401 3940 ἐν
3443 3891 3542 3960 μιᾷ
3577 3893 3773 3962 καιροῦ

2187 3973 2328 4043 ῥοπῇ
2363 3970 2766 4031 κατατείνουσι,
2800 3968 2892 4022 καὶ
2923 3967 3017 4022 τοῦ
3058 3969 3270 4044 παιδίου
3313 3971 3415 4040 τῆς
3445 3973 3636 4044 νηδύος
3681 3976 3773 4041 ἐξα

2185 4041 2591 4124 ολισθήσαντος,
2627 4051 3069 4123 συνεξέρχονται·
3125 4041 3288 4107 αὗται
3326 4054 3383 4107 δὲ
3436 4041 3535 4127 οὐχ
3577 4057 3772 4124 οῦτως,

2185 4138 2322 4192 ἀλλά
2355 4137 2448 4190 xal
2481 4137 2659 4206 μῆνας
2675 4136 3004 4207 ὁλοκλήρους
3035 4137 3255 4206 μένουσι
3285 4155 3297 4166 ·
3333 4138 3426 4190 καὶ
3458 4140 3566 4212 γὰρ
3595 4143 3770 4194 ἐνιαυ-

2183 4221 2276 4274 τὸν
2303 4221 2421 4274 ὅλον
2444 4218 2602 4273 ῶδινε
2631 4218 2911 4284 πολλάκις,
2931 4220 3025 4272 καὶ
3045 4221 3144 4273 οὑκ
3160 4220 3312 4274 ἔτεκε
3329 4223 3456 4287 τοὺς
3478 4227 3777 4294 κυομένους

2186 4306 2214 4358 ὁ
2233 4304 2446 4368 Παῦλος
2473 4319 2488 4334 ·
2517 4304 2684 4356 κάκεῖ
2712 4303 2809 4373 μὲν
2835 4303 2935 4372 τῆς
2971 4304 3172 4368 σαρκὸς
3195 4307 3224 4358 ὁ
3259 4306 3438 4370 πόνος,
3470 4309 3700 4363 ἐνταῦθα
3718 4312 3775 4364 δὲ

2185 4390 2246 4443 οὑ
2277 4388 2522 4459 γαστέρα
2546 4387 2904 4441 διατείνουσιν
2926 4390 2982 4441 αί
3007 4389 3320 4460 ἀλγηδόνες,
3338 4389 3454 4442 ἀλλ’
3478 4393 3647 4465 αὐτὴν
3674 4393 3774 4464 τῆς

2185 4475 2364 4546 ψυχῆς
2410 4474 2514 4545 τὴν
2564 4474 2719 4543 ίσχὺν
2751 4473 3158 4539 καταξαίνουσι.
3209 4475 3320 4527 Kal
3349 4476 3433 4528 ἵνα
3466 4476 3663 4550 μάθῃς,
3692 4479 3775 4532 δτι

2189 4559 2517 4629 θερμότεραι
2548 4552 2710 4612 αὗται
2767 4560 2821 4611 αἱ
2862 4557 3071 4621 ὠδῖνες,
3096 4558 3180 4622 τίς
3211 4575 3341 4612 ποτε
3373 4560 3515 4632 ὑπὲρ
3541 4562 3650 4614 τῶν
3685 4581 3774 4616 τε-

2188 4643 2424 4714 χθέντων
2442 4641 2669 4696 παιδίων
2687 4640 2887 4712 ηὔξατο
2921 4642 3206 4712 ὑπομεῖναι
3239 4643 3494 4711 γέενναν;
3529 4641 3694 4710 Οὗτος
3717 4649 3774 4701 δὲ

2188 4726 2246 4780 οὑ
2268 4727 2426 4797 μόνον
2453 4727 2686 4795 αἱρεῖται
2727 4725 3018 4795 ὑπομεῖναι
3049 4728 3294 4795 γέενναν,
3327 4730 3464 4784 ἀλλά
3493 4732 3588 4784 καὶ
3617 4731 3775 4801 εῦχε.

2191 4827 2278 4864 ται
2310 4808 2556 4880 ἀνάθεμα
2586 4804 2726 4862 εἶναι
2757 4808 2864 4862 ἀπὸ
2897 4809 2991 4862 τοῦ
3027 4812 3282 4883 Χριστοῦ,
3312 4813 3453 4867 ὥστε
3481 4815 3774 4885 δυνηθῆναι

2193 4896 2320 4958 τοὺς
2353 4891 2638 4956 Ἰουδαίους
2665 4892 2978 4956 ἀποτεκεῖν,
3009 4895 3104 4960 οὓς
3133 4895 3318 4951 ὤδινεν
3349 4898 3437 4950 ἀεὶ
3471 4900 3566 4952 καὶ
3593 4899 3772 4969 διηνε-

2193 4978 2325 5041 κῶς,
2353 4979 2448 5031 καὶ
2486 4977 2674 5044 ἐπειδὴ
2699 4977 2776 5050 μὴ
2797 4979 3079 5033 συνέϐαινε
3109 4980 3290 5046 τοῦτο,
3314 4983 3556 5035 ὠδυνᾶτο
3579 4982 3770 5048 λέγων·

2191 5061 2367 5128 Λύπη
2395 5061 2502 5130 μοί
2550 5061 2682 5115 ἐστι
2735 5061 2992 5132 μεγάλη,
3026 5063 3124 5116 καὶ
3161 5063 3540 5130 ἀδιάλειπτος
3589 5065 3774 5132 ὀδύνη

2193 5142 2268 5211 τῇ
2293 5143 2507 5212 καρδίᾳ
2523 5162 2665 5213 μου.
2687 5145 2797 5198 Kal
2814 5145 3048 5200 ἐνταῦθα
3082 5146 3244 5201 πάλιν
3261 5163 3274 5176 ·
3305 5147 3651 5217 Τεκνίαμου,
3669 5147 3774 5212 οὓς

2192 5226 2600 5293 πάλιν-ὠδίνω,
2626 5227 2800 5298 ἄχρις
2832 5224 2904 5285 οὗ
2928 5229 3215 5299 μορφωθῇ
3255 5231 3506 5299 Χριστὸς
3527 5231 3770 5298 ἐνύμῖν.

2192 5311 2257 5364 Τί
2293 5312 2391 5382 τῆς
2417 5311 2608 5382 νηδύος
2658 5311 2874 5383 ἐκείνης
2932 5315 3346 5384 μακαριώτερον
3379 5314 3588 5384 γένοιτο
3630 5315 3714 5376 ἂν,
3740 5316 3774 5386 ἢ

2186 5395 2414 5447 τοιαῦτα
2436 5395 2624 5448 παιδία
2650 5395 2856 5450 τίκτειν
2880 5396 3124 5462 ἐδύνατο,
3157 5397 3232 5461 ὡς
3260 5398 3350 5450 τὸν
3378 5398 3613 5469 Χριστὸν
3631 5398 3774 5466 ἔχειν

2185 5479 2244 5530 ἐν
2295 5480 2547 5545 ἐαυτοῖς;
2600 5478 2653 5531 τί
2692 5480 2748 5532 δὲ
2802 5479 3203 5550 εύςιορώτερον,
3243 5483 3276 5553 ἢ
3310 5483 3410 5554 τὴν
3451 5483 3774 5552 οἰκουμένην

2184 5562 2402 5615 ἅπασαν
2424 5563 2764 5634 ἀπεγέννησε
2788 5580 2803 5627 ;
2829 5564 2881 5616 τί
2904 5564 2960 5616 δέ
3001 5564 3390 5636 δυνατώτερον,
3417 5565 3540 5634 ἣτις
3565 5564 3774 5635 τεχθέν-

2186 5661 2285 5707 τας
2316 5646 2410 5698 καλ¹
2438 5644 2776 5716 αὐξηθέντας
2820 5650 2899 5710 είς
2945 5647 3224 5717 ἄμϐλωσιν
3255 5650 3610 5712 ἐκπεσόντας,
3647 5650 3774 5702 ἀνα-

2186 5724 2369 5781 λαϐεῖν
2421 5727 2605 5799 ἴσχυσε
2657 5729 2820 5783 πάλιν
2862 5730 2953 5784 καὶ
3005 5730 3210 5786 ἄνωθεν
3252 5731 3578 5802 διαπλάσαι;
3617 5730 3776 5786 τοῦτο
