4066 6426
356 271 456 327 ²77
1534 275 1620 332 ΒΕ
1661 274 2127 349 ΡίΕΝΙΤΕΝΤΙΑ-
2172 279 2403 343 1103111..
2444 281 2484 337 l.
2912 332 2923 341 .
3555 276 3660 337 2’8

2181 435 3641 462 Ἢ*

1547 557 1687 627 DE
1750 558 2487 651 PCENITENTIA,‘

1513 730 1645 779 cus!
1690 730 1867 782 unus
1916 730 2053 775 IPSE
2096 731 2430 776 REDHSSET
2459 716 2498 774 ί.

552 1052 556 1057 .
640 1028 647 1033 ο
744 1027 751 1034 -
832 1026 835 1029 -
896 1020 899 1023 -
953 982 1338 1058 somniet)-

438 1078 488 1134 l.
514 1077 669 1134 Amor
702 1087 751 1139 ct
798 1077 1088 1134 sollicitudo
1131 1073 1478 1147 Chrysottomi
1519 1089 1636 1144 ergo
1680 1073 1946 1144 populum.

354 1169 531 1237 Paulo
576 1172 849 1228 tumulatur
890 1170 1026 1241 ﬁlios
1072 1169 1257 1231 iterum
1298 1165 1624 1238 parturienti.
1664 1195 1736 1204 —
1774 1163 1947 1233 Num,

351 1279 560 1338 quasso,
587 1278 854 1321 memores
881 1261 1052 1321 nostri
1081 1260 1272 1327 fuistis,
1294 1267 1495 1330 quanto
1522 1266 1764 1327 tempore
1790 1271 1821 1312 a
1851 1272 1949 1311 vo-

357 1357 445 1415 bis
473 1356 783 1413 ahfuimus?
803 1355 939 1415 Nam
966 1355 1084 1427 ipse
1103 1353 1319 1425 quidem
1346 1350 1512 1418 vestri
1529 1364 1791 1421 nusquam
1805 1350 1949 1406 obli-

355 1452 491 1509 visci
535 1451 722 1521 potui,
762 1449 1083 1509 sedurbem
1102 1446 1402 1512 dimittens,
1433 1443 1750 1507 memoriam
1785 1441 1949 1503 vestri

354 1560 464 1601 non
489 1543 706 1600 dimisi:
730 1540 1181 1614 quemadmodum
1211 1539 1356 1597 enim
1387 1538 1478 1609 qui
1507 1551 1793 1606 corporum
1815 1551 1955 1605 pra:-

353 1633 721 1692 stanti.forma
751 1633 1059 1704 capiuntur.
1088 1644 1427 1702 quocumque
1472 1627 1818 1697 recesserint,
1860 1642 1951 1682 se-

353 1741 481 1784 cum
506 1725 868 1782 desideratam
898 1724 1094 1781 faciem
1141 1722 1526 1782 circumferunt
1554 1739 1568 1775 :
1598 1719 1741 1779 haud
1793 1734 1953 1779 secus

354 1820 459 1890 ipsi
479 1829 761 1875 venustate
781 1818 1082 1873 animarum
1109 1823 1410 1875 vestrarum
1454 1815 1617 1880 tacti,
1647 1829 1769 1875 eam
1797 1828 1953 1868 men—

354 1912 426 1967 tis
453 1920 645 1967 vestra:
672 1910 907 1981 speciem
938 1922 1156 1981 semper
1181 1905 1463 1962 nobiscum
1495 1905 1948 1963 circumferimns.

355 2002 427 2058 Et
470 2001 920 2074 quemadmodum
969 2001 1207 2070 pictores
1253 1996 1528 2053 coloribus
1559 1996 1731 2054 variis
1773 1997 1955 2055 mixtis

355 2094 605 2163 corporis.
628 2090 1179 2163 imagines‘efﬁngere
1202 2100 1609 2147 consueverunt
1640 2106 1652 2142 :
1682 2088 1753 2145 ita
1772 2096 1827 2146 et
1851 2089 1954 2159 ipsi

353 2184 588 2240 studium
612 2193 849 2240 vestrum
870 2184 926 2239 in
946 2180 1209 2248 collectis,
1234 2180 1288 2235 in
1314 2178 1582 2239 audiendo
1597 2179 1950 2247 alacritatem,

355 2276 789 2337 benevolentiam
813 2291 938 2348 erga
960 2274 1419 2338 concinnatorem,
1443 2280 1746 2343 ceteraque
1773 2272 1954 2329 omnia

354 2366 535 2422 ofﬁcia
578 2367 744 2423 veluti
775 2368 987 2422 colores
1028 2367 1286 2421 virtutum
1319 2364 1497 2421 varios
1547 2364 1913 2421 immiscentes
1936 2404 1952 2430 ,

353 2465 519 2528 atque
549 2458 723 2528 ipsqu
764 2458 1409 2513 animarum-vestrarum
1458 2453 1824 2511 characterem
1850 2455 1954 2511 im-

355 2549 655 2620 primentes
679 2549 986 2619 mentisque
1008 2556 1344 2618 opponentes
1364 2546 1557 2613 oculis,
1603 2561 1668 2601 ea
1711 2545 1958 2616 specula-

356 2640 506 2697 tione
546 2641 677 2697 satis
712 2651 910 2697 nostrze
937 2638 1386 2710 peregrinationis
1422 2638 1731 2707 accepimus
1754 2637 1949 2697 solatii.

356 2730 486 2787 Haec
514 2742 570 2789 et
594 2731 849 2788 sedentes
875 2740 933 2786 et
955 2739 1262 2801 surgentes,
1287 2739 1342 2785 et
1367 2729 1708 2787 ambulantes
1724 2739 1778 2784 et
1799 2730 1952 2799 quie-

354 2831 589 2886 scentes,
614 2832 668 2876 et
688 2822 1026 2877 iutroeuntes
1055 2829 1112 2876 et
1136 2831 1416 2884 exeuntes,
1433 2818 1688 2874 continuo
1704 2819 1959 2877 versaba-

358 2929 507 2978 mus,
533 2913 819 2975 caritatem
847 2923 1083 2967 vestram
1106 2911 1191 2964 vel
1213 2911 1264 2963 in
1296 2907 1522 2964 somniis
1547 2909 1835 2974 intuentes,
1861 2924 1958 2965 ne-

357 3020 466 3077 que
495 3005 732 3061 interdiu
780 3005 978 3070 solum,
1024 3003 1121 3060 sed
1148 3004 1311 3060 etiam
1344 3012 1506 3060 noctu
1536 3002 1729 3058 iisdem
1757 3002 1960 3074 cogita-

362 3096 600 3152 tionibus
659 3096 817 3167 quasi
881 3094 1090 3151 deliciis
1145 3094 1585 3158 enutriebamur,
1652 3093 1784 3149 illud
1833 3109 1955 3149 cum

359 3188 653 3245 Salomone
697 3190 964 3246 scientes:
986 3186 1099 3260 Ego
1129 3188 1346 3253 dormio,
1376 3197 1422 3243 et
1449 3203 1538 3245 cor
1587 3204 1756 3242 meum
1784 3187 1959 3258 vigilat

365 3281 537 3353 (Cant.
560 3281 613 3338 5.
638 3282 728 3352 2).Δ
761 3283 995 3352 ldipsum
1023 3291 1078 3337 et
1121 3280 1277 3337 nobis
1304 3281 1651 3352 contingebat
1676 3298 1689 3335 :
1720 3296 1843 3335 nam
1870 3295 1959 3336 so-

358 3377 472 3430 mni
499 3374 717 3445 quidem
743 3374 1041 3429 necessitas
1073 3372 1355 3444 palpebras
1379 3372 1544 3442 ipsas
1568 3370 1956 3445 contrahebat,

361 3465 604 3536 tyrannis
633 3480 762 3520 vero
783 3465 987 3520 amoris
1011 3465 1175 3521 vestri
1198 3465 1387 3521 oculos
1414 3472 1614 3520 nostrae
1643 3464 1839 3521 mentis
1858 3479 1958 3519 ex-
2044 3484 2049 3489 -

358 3557 562 3613 citabat
593 3575 607 3612 :
645 3568 807 3629 atque
835 3571 1214 3628 smpeuumero
1244 3571 1338 3626 per
1386 3570 1635 3612 somnum
1677 3555 1956 3611 vobiscum

362 3649 510 3720 loqui
536 3648 668 3703 mihi
693 3647 932 3703 videbar.
970 3648 1184 3702 Etenim
1229 3647 1512 3702 consuevit
1531 3647 1709 3701 anima
1735 3660 1855 3715 qua:
1880 3646 1959 3699 in-

361 3739 539 3795 terdiu
565 3739 787 3810 cogitat,
810 3737 1003 3795 eadem
1032 3739 1085 3792 in
1112 3737 1319 3792 somnis
1348 3753 1444 3806 per
1475 3737 1811 3806 phantasiam
1840 3751 1961 3792 cer-

360 3846 515 3898 nere,
544 3830 688 3901 quod
711 3839 767 3886 et
793 3831 947 3885 nobis
979 3838 1107 3884 tunc
1129 3828 1326 3885 accidit
1353 3847 1366 3882 :
1390 3836 1446 3883 et
1477 3842 1573 3882 vos
1597 3828 1806 3884 carneis
1830 3842 1960 3885 ocu—
2034 3852 2037 3853 ν

361 3921 433 3977 iis
457 3921 682 3977 minime
713 3921 938 3988 videns,
967 3921 1135 3975 oculis
1164 3920 1401 3975 caritatis
1419 3919 1729 3985 cernebam,
1761 3934 1958 3989 corpo-

359 4028 534 4084 reque
578 4014 821 4079 absens,
849 4013 1042 4068 atiectu
1084 4027 1323 4083 praesens
1350 4027 1521 4074 eram,
1560 4022 1614 4066 et
1642 4027 1778 4068 mea:
1801 4027 1959 4067 aures

361 4120 579 4176 semper
603 4105 842 4160 clamore
868 4112 1050 4160 vestro
1072 4104 1449 4175 personabant.
1476 4104 1652 4172 Quare
1678 4112 1733 4160 et
1760 4118 1960 4174 corpu-

359 4196 442 4254 l'is
469 4190 785 4268 aegritudine
823 4197 907 4252 ibi
924 4196 1126 4255 diutius
1151 4205 1377 4267 cogente
1401 4195 1699 4261 immorari,
1731 4203 1787 4251 et
1815 4195 1959 4251 aeris

361 4288 683 4344 salubritate
723 4287 792 4343 ad
838 4288 1021 4344 carnis
1069 4288 1353 4343 sanitatem
1386 4286 1722 4357 proﬁciente,
1776 4285 1833 4343 id
1877 4286 1961 4345 vis

362 4379 569 4436 amoris
591 4380 756 4435 vestri
780 4394 887 4434 non
924 4378 1213 4446 tolerabat,
1242 4378 1339 4434 sed
1372 4378 1745 4442 exclamabat,
1778 4391 1955 4447 neque

366 4471 521 4542 prius
549 4471 888 4526 molestando
918 4471 1171 4537 cessavit,
1203 4486 1363 4542 quam
1393 4471 1550 4527 nobis
1574 4470 1808 4528 suaserit
1834 4478 1961 4527 ante

365 4562 646 4634 pmﬁxum
676 4573 887 4634 tempus
902 4579 1219 4636 exsurgere,
1249 4572 1304 4619 et
1322 4563 1607 4619 sanitatem
1632 4573 1686 4619 et
1713 4563 1960 4633 volnpta-
2032 4590 2040 4597 -

366 4661 480 4708 tem
531 4660 587 4708 et
632 4667 795 4708 omne
833 4652 1209 4722 quodcumque
1233 4660 1319 4707 est
1340 4651 1540 4708 bonum
1575 4694 1590 4718 ,
1634 4661 1959 4708 conventum

367 4743 514 4802 hunc
538 4752 778 4799 vestrum
818 4744 1150 4800 existimare.
1189 4742 1324 4799 lluic
1348 4744 1508 4815 igitur
1534 4760 1741 4800 morem
1765 4760 1961 4815 geren-

366 4846 472 4904 tes,
499 4834 788 4891 maluimus
820 4834 1022 4901 redire,
1070 4837 1283 4890 tametsi
1312 4835 1485 4891 morbi
1514 4835 1757 4906 reliquiae
1785 4846 1959 4892 resta-
2022 4852 2025 4857 ί

366 4939 511 4995 rent,
544 4943 707 5000 quam
735 4929 983 4998 corporis
1013 4926 1377 4984 inﬁrmitatem
1423 4943 1647 4999 prorsus
1689 4929 1962 5000 deponere

365 5030 698 5092 satagentes,
732 5020 802 5075 de
845 5028 1047 5076 cetero
1073 5020 1286 5075 caritati
1315 5027 1509 5076 vestrae
1556 5021 1831 5078 molestias
1874 5021 1961 5077 in-

365 5108 696 5168 ferre..Nam
720 5123 785 5169 et
800 5112 912 5168 illic
935 5126 1162 5166 manens
1198 5111 1603 5168 criminationes
1634 5121 1842 5168 vestras
1860 5127 1961 5171 au-

366 5203 586 5260 diebam
609 5222 624 5260 :
646 5204 918 5265 continuae
944 5204 1092 5260 enim
1120 5203 1288 5259 litera:
1318 5203 1415 5259 has
1440 5204 1594 5261 nobis
1618 5204 1915 5269 all‘erebant
1940 5243 1957 5270 ,

367 5296 716 5368 animumque
751 5297 973 5355 adhibui
1002 5297 1415 5361 criminantibus
1444 5312 1550 5351 non
1574 5297 1774 5364 minus,
1800 5312 1959 5368 quam

369 5379 713 5438 laudantibus
735 5384 779 5438 ³.
812 5382 943 5438 Nam
964 5382 1161 5437 anima:
1200 5381 1421 5438 scientis
1441 5395 1625 5437 amare
1651 5382 1756 5436 illa:
1780 5381 1964 5436 crimi-

432 5497 454 5534 ι
486 5495 699 5548 colbert.
745 5498 819 5549 sic
854 5494 1047 5559 titulum
1080 5497 1245 5555 habet,
1271 5496 1335 5559 in
1365 5503 1603 5559 sanam...
1641 5492 1965 5559 chrysouami

368 5571 592 5632 recenso
613 5571 728 5632 rure
750 5557 976 5632 regressi,
999 5560 1133 5632 et.de_
1155 5557 1447 5632 pauitantia.

437 5623 458 5664 ³
494 5620 665 5684 Αιὶἰκςε
686 5620 870 5684 gratias
890 5621 968 5683 egi
991 5620 1376 5681 criminantibus,
1396 5630 1492 5672 etc.

437 5683 514 5744 (a)
546 5680 721 5750 collata
737 5696 853 5750 cum
867 5680 1127 5750 __(;6dicibus
1160 5685 1321 5750 Regiis
1362 5680 1497 5744 l8"28,
1523 5682 1643 5734 l829
1672 5688 1724 5734 et
1743 5680 1886 5746 3624,
1909 5688 1960 5733 et

372 5757 483 5796 ctuu
504 5744 777 5797 Colbertino
797 5745 938 5798 3061.

2070 985 2581 1043 natioucs‘fue‘rant
2608 1016 2628 1056 ,-
2655 988 2952 1047 absentiam
3020 1002 3258 1059 nostram
3320 1007 3660 1054 accusantes.

2083 1074 2378 1146 Propterea
2433 1093 2659 1150 surgens
2715 1083 2971 1149 cucurri;
3028 1088 3309 1158 propterea
3375 1100 3667 1160 numquam

2078 1181 2200 1223 mea
2217 1183 2314 1225 vos
2338 1181 2521 1226 mente
2547 1173 2693 1243 quivi
2714 1174 3034 1232 excludere:
3062 1178 3158 1234 sed
3183 1179 3308 1248 quid
3338 1181 3532 1237 mirum
3554 1184 3665 1238 ruri

2082 1259 2127 1315 si
2155 1271 2544 1332 commoratus,
2578 1264 2793 1320 licentia
2819 1267 3048 1336 quadam
3075 1276 3131 1325 et
3160 1269 3407 1329 libertate
3437 1270 3621 1327 fruens
3647 1316 3663 1335 ,

2078 1362 2281 1409 vestrm
2340 1354 2739 1412 caritatisrnon
2786 1374 2904 1415 sum
2958 1359 3200 1416 oblitus:
3231 1363 3666 1434 quandoquidem
3712 1397 3715 1400 -

2084 1445 2282 1501 Paulus
2307 1446 2535 1503 vinculis
2554 1448 3124 1520 alligatus,“carcerem
3148 1451 3476 1521 inhabitans,
3504 1464 3668 1524 atque

2080 1534 2287 1594 inﬁnita
2318 1554 2455 1609 pene
2484 1540 2723 1610 pericula
2755 1542 3090 1597 imminentia
3108 1541 3327 1610 videns,
3366 1544 3426 1597 in
3451 1557 3670 1600 carcere

2081 1647 2189 1688 non
2237 1649 2395 1689 secus
2437 1648 2597 1703 quam
2627 1635 2678 1689 in
2717 1646 2870 1706 prato
2900 1643 3165 1699 versatus,
3197 1634 3277 1691 sic
3303 1634 3523 1692 fratrum
3551 1651 3668 1692 mc-

2078 1727 2303 1781 moriam
2346 1726 2616 1793 habebat,
2651 1737 2705 1782 et
2753 1727 3019 1784 scribebat
3062 1729 3248 1783 dicens
3280 1745 3294 1781 :
3326 1727 3472 1784 Sicut
3491 1739 3563 1783 est
3579 1731 3675 1799 ju-

2076 1827 2209 1871 stum
2233 1819 2356 1871 mihi
2379 1817 2474 1873 hoc
2499 1819 2683 1873 sentire
2697 1835 2788 1889 pro
2816 1819 3047 1875 omnibus
3067 1818 3283 1884 uobis,eo
3301 1817 3437 1888 quod
3461 1819 3672 1874 habeam

2077 1926 2167 1967 eos
2188 1911 2241 1966 in
2265 1912 2416 1966 corde
2431 1921 2479 1966 et
2502 1913 2555 1967 in
2592 1912 2807 1967 uinculis
2835 1913 2974 1976 meis,
3000 1913 3054 1967 in
3080 1912 3372 1984 defensione
3390 1922 3437 1965 et
3482 1913 3672 1981 conﬁr~

2077 2006 2300 2062 motione
2319 2007 2562 2079 euangelii
2580 2006 3000 2079 (PhilippJJ)?
3026 2008 3190 2065 Extra
3215 2008 3545 2063 inimicorum
3577 2023 3670 2063 ca-

2079 2104 2225 2163 tena,
2259 2096 2397 2152 intra
2427 2099 2627 2154 amoris
2650 2099 3032 2168 discipulorum
3059 2111 3245 2156 catena
3271 2116 3283 2152 :
3314 2099 3408 2154 sed
3436 2100 3672 2155 exterior

2077 2189 2292 2259 quidem
2322 2206 2388 2245 ex
2418 2190 2562 2247 ferro
2586 2201 2911 2259 constructa,
2935 2191 3158 2247 interior
3174 2207 3244 2247 ex
3258 2191 3479 2246 caritate
3497 2190 3630 2247 facta
3652 2208 3667 2255 ;

2078 2294 2129 2339 et
2153 2283 2294 2339 illam
2319 2281 2532 2357 quidem
2554 2298 2922 2354 saepenumero
2940 2282 3349 2354 deposuit,hanc
3367 2294 3495 2337 vero
3521 2297 3674 2335 num-

2078 2391 2238 2446 quam
2258 2376 2521 2433 dissolvit.
2549 2376 2653 2433 Sed
2683 2375 3129 2448 quemadmodum
3147 2374 3394 2429 mulieres
3415 2381 3673 2443 quotquot

2078 2469 2323 2525 dolorum
2352 2479 2530 2541 partus
2546 2453 2970 2540 experimentum
2996 2462 3353 2540 sumpsere,et
3378 2475 3573 2521 matres
3595 2464 3675 2519 fa-

2078 2571 2180 2618 cta:
2199 2574 2341 2630 sunt,
2366 2561 2583 2629 horum,
2606 2576 2741 2631 quos
2757 2560 3096 2632 pepererunt,
3115 2559 3437 2629 ubicumque
3456 2559 3671 2625 fuerint,

2080 2657 2304 2713 vinculis
2350 2671 2566 2726 semper
2607 2664 2732 2712 sunt
2779 2654 3150 2710 astrictaamic
3188 2661 3243 2709 et
3266 2652 3484 2719 Paulus,
3516 2661 3675 2722 atque

2079 2751 2217 2807 adeo
2245 2752 2414 2807 multo
2438 2749 2661 2815 fortius,
2689 2749 2967 2819 discipulis
2995 2748 3107 2803 suis
3127 2744 3452 2813 adhaerebat,
3494 2751 3673 2799 tanto-

2081 2858 2187 2911 que
2208 2842 2396 2912 magis,
2419 2848 2622 2912 quanto
2648 2837 2981 2895 naturalibus
3009 2834 3312 2907 spirituales
3345 2846 3529 2905 partus
3551 2842 3676 2889 sunt

2082 2933 2453 3015 ferventiores.
2471 2928 2605 2987 Nam
2636 2946 2743 2986 non
2773 2929 2939 2986 semel
2970 2971 2986 2997 ,
3018 2929 3115 2984 sed
3140 2927 3357 2983 eos'dem
3386 2926 3468 2981 bis
3494 2935 3678 2996 partu-

2043 3038 2049 3045 '
2082 3026 2226 3092 rivit,
2255 3033 2310 3080 et
2329 3023 2595 3078 clamabat
2613 3021 2817 3087 dicens,
2848 3019 3028 3074 Filioli
3057 3020 3175 3085 mei,
3203 3034 3326 3090 quos
3349 3019 3529 3072 iterum
3551 3018 3675 3087 par-

2084 3114 2390 3188 tario-(Gal.
2443 3115 2497 3170 4.
2528 3112 2640 3187 i9).
2673 3113 2728 3168 id
2760 3128 2888 3167 vero
2914 3112 3108 3167 mulier
3138 3110 3426 3181 numquam
3458 3120 3672 3179 patere-

2084 3217 2193 3274 tur,
2221 3222 2395 3278 neque
2421 3206 2671 3261 sull'erret
2694 3204 2915 3261 eosdem
2938 3200 3130 3258 iterum
3175 3204 3391 3258 dolores
3419 3218 3441 3256 ε·
3461 3201 3554 3257 sed
3595 3211 3677 3256 to-

2083 3299 2290 3356 lerabat
2317 3300 2418 3354 hoc
2456 3297 2676 3365 Paulus,
2719 3296 2859 3368 quod
2893 3295 2943 3349 in
2983 3306 3174 3349 natura
3202 3309 3308 3348 non
3349 3302 3433 3350 est
3458 3293 3671 3348 videre:

2084 3405 2141 3449 ut
2168 3407 2303 3464 quos
2332 3383 2499 3448 semel
2524 3398 2825 3461 pepererat,
2860 3388 3050 3444 iterum
3087 3389 3370 3458 reciperet,
3414 3397 3469 3443 et
3492 3395 3676 3441 acutos

2083 3502 2246 3560 super
2273 3487 2379 3553 illis
2424 3485 2638 3541 dolores
2692 3486 2968 3554 perferret.
3024 3482 3315 3552 Pmpterea
3354 3490 3410 3536 et
3448 3478 3676 3535 confun-

2085 3580 2215 3635 dere
2265 3593 2362 3635 eos
2408 3578 2631 3643 volens,
2686 3576 2821 3631 dixit
2855 3591 2885 3649 _:
2943 3574 3083 3639 Quos
3144 3566 3327 3627 iterum
3403 3571 3675 3642 par-tario:

2084 3671 2238 3743 quasi
2285 3671 2530 3737 diceret,
2582 3670 2795 3725 Parcite
2849 3667 2982 3723 mihi
3017 3685 3031 3721 :
3065 3667 3240 3722 nullus
3298 3663 3440 3721 ﬁlius
3482 3679 3677 3720 secun-

2084 3764 2155 3818 do
2221 3771 2526 3818 maternum
2591 3772 2800 3815 uterum
2875 3770 3061 3829 partus
3130 3756 3404 3812 doloribus
3453 3755 3629 3810 ail'ecit
3659 3797 3680 3822 ,

2082 3854 2223 3926 quod
2276 3869 2365 3909 me
2410 3854 2518 3922 pati
2571 3851 2779 3922 cogitis.
2832 3849 2981 3904 Licet
3027 3848 3243 3903 dolores
3293 3846 3367 3901 illi
3411 3861 3518 3900 uno
3547 3856 3680 3901 tem-

2083 3949 2229 4018 poris
2256 3957 2526 4003 momento
2566 3950 2847 4015 torqueant
2872 3984 2887 4008 ,
2916 3952 3075 4011 atque
3105 3939 3308 3995 infante
3332 3953 3397 3994 ex
3438 3938 3558 3994 alvo
3587 3938 3685 3993 dc-

2089 4039 2304 4094 labeute
2343 4046 2397 4093 et
2426 4038 2527 4108 ipsi
2553 4050 2767 4107 quoque
2783 4026 3112 4088 delabantur
3140 4050 3155 4088 :
3186 4031 3241 4086 hi
3269 4045 3399 4087 vero
3445 4045 3551 4084 non
3575 4030 3678 4098 sic,

2086 4132 2182 4189 sed
2204 4143 2257 4207 et
2280 4131 2555 4188 mensibus
2578 4129 2796 4200 integris
2820 4133 3069 4184 maneant
3102 4143 3117 4180 :
3146 4139 3267 4179 nam
3294 4132 3349 4180 et
3370 4137 3569 4177 annum
3593 4130 3678 4176 to-

2087 4235 2199 4281 tum
2224 4238 2593 4296 saepenumero
2630 4220 2908 4292 parturivit
2946 4217 3143 4274 Paulus
3162 4258 3176 4283 ,
3205 4225 3364 4286 atque
3391 4222 3683 4284 conceptos

2087 4334 2193 4374 non
2215 4317 2423 4390 peperit
2447 4333 2461 4370 :
2486 4322 2541 4370 et
2570 4314 2678 4370 illic
2704 4311 2919 4384 quidem
2947 4309 3124 4366 carnis
3147 4318 3230 4365 est
3254 4308 3425 4373 labor,
3450 4305 3680 4389 bicvero

2084 4412 2305 4468 dolores
2346 4425 2453 4465 non
2489 4415 2731 4485 ventrem
2775 4402 3102 4469 distendunt,
3138 4399 3234 4457 sed
3276 4392 3487 4454 animas
3518 4395 3681 4452 robur

2087 4506 2342 4560 lacerant.
2371 4503 2546 4575 Atque
2566 4488 2623 4557 ut
2636 4500 2815 4556 discas
2834 4513 2928 4553 eos
2943 4497 3293 4553 ferventiores
3310 4507 3429 4549 esse
3441 4490 3676 4558 dolores,

2084 4612 2204 4668 quae
2245 4609 2480 4669 unquam
2532 4600 2706 4647 mater
2740 4597 2890 4661 Optat
2934 4598 3180 4643 natorum
3220 4588 3339 4642 loco
3383 4585 3679 4656 gehennam

2084 4686 2392 4753 sustinere?
2430 4684 2527 4740 llic
2569 4698 2697 4739 vero
2724 4697 2832 4739 non
2863 4679 3024 4735 modo
3047 4678 3371 4751 gehennam,
3399 4676 3491 4731 sed
3532 4684 3681 4745 Optat

2082 4782 2245 4838 etiam
2286 4778 2570 4835 anathema
2595 4791 2718 4832 esse
2746 4790 2774 4829 a
2793 4773 3009 4830 Christo
3034 4772 3210 4842 (Rom.
3241 4768 3293 4825 9.
3318 4768 3374 4838 3)
3391 4808 3406 4834 ,
3435 4780 3541 4836 quo
3556 4780 3684 4835 pos-

2084 4882 2170 4930 set
2190 4871 2406 4929 Judzcos
2438 4884 2630 4941 parcre
2654 4882 2789 4938 quos
2813 4880 3026 4935 semper
3048 4862 3301 4918 continue
3330 4856 3676 4928 partui-iebat,

2085 4974 2142 5020 et
2178 4940 2502 5035 quoniamid
2526 4976 2630 5015 non
2663 4958 2967 5022 eveniebat,
2993 4954 3113 5010 ideo
3133 4950 3347 5007 dolebat
3364 4940 3677 5025 etdicehat:

2084 5042 2315 5118 Tristitia
2358 5053 2484 5109 mihi
2511 5061 2583 5108 est
2620 5067 2824 5121 magna,
2854 5056 2900 5101 et
2927 5046 3192 5101 continuus
3237 5041 3383 5096 dolor
3408 5039 3551 5094 cordi
3572 5056 3680 5095 meo

2086 5151 2265 5224 (Rom.
2316 5147 2371 5204 9.
2402 5173 2405 5177 -
2446 5145 2540 5216 2).
2588 5145 2762 5213 Atque
2796 5140 2884 5194 hic
2923 5151 3109 5195 rursus
3141 5152 3155 5190 :
3185 5133 3364 5189 Filioli
3387 5132 3504 5200 mei,
3553 5148 3680 5203 quos

2085 5245 2269 5303 iterum
2297 5240 2546 5314 periurio,
2567 5238 2727 5293 donec
2752 5234 2982 5291 Christus
3006 5236 3253 5307 {armetur
3278 5230 3329 5284 in
3357 5229 3494 5283 vobis
3532 5225 3673 5299 (Gal.

2084 5341 2140 5397 4.
2176 5339 2291 5411 l9).
2314 5335 2577 5405 Quidnam
2642 5332 2768 5388 alvo
2820 5330 2908 5385 illa
2965 5327 3173 5384 beatius
3215 5323 3329 5386 fuit,
3375 5316 3678 5411 quietales

2088 5433 2229 5499 filios
2243 5406 2439 5501 parere
2457 5425 2649 5497 potuit,
2672 5424 2761 5494 qui
2789 5421 2841 5476 in
2859 5435 2917 5476 se
2937 5419 3202 5475 Christum
3228 5414 3490 5501 haberent
3504 5408 3530 5462 ἲ
3548 5406 3675 5501 quid

2086 5541 2216 5582 vero
2253 5498 2566 5578 vfmcundius
2613 5532 2701 5585 ea,
2741 5529 2858 5588 quae
2905 5511 3093 5569 orbem
3132 5498 3676 5580 progenuit‘totum?

2086 5619 2213 5694 quid
2232 5633 2296 5675 ea
2322 5607 2534 5682 fortius,
2560 5628 2681 5687 quae
2695 5611 2870 5669 editos
2894 5616 2950 5665 et
2973 5604 3183 5662 adultos
3202 5597 3471 5694 abortivos
3496 5601 3675 5694 posset

2086 5687 2264 5771 denuo
2293 5709 2574 5781 concipere
2620 5721 2681 5763 ac
2725 5698 3057 5762 reformare?
3086 5697 3139 5753 id
3167 5694 3309 5753 enim
3346 5690 3405 5747 in
3445 5687 3670 5746 naturali
