  <div class='ocr_page' id='page_1' title='image "/cluster/home/n/w/nwhite01/storage/ocr_20150623/49:no.2:pt.1/coo.31924054869486/277.png"; bbox 0 0 4066 6454; ppageno 0'>
   <div class='ocr_carea' id='block_1_1' title="bbox 459 332 567 394">
    <p class='ocr_par' dir='ltr' id='par_1_1' title="bbox 459 332 567 394">
     <span class='ocr_line' id='line_1_1' title="bbox 459 332 567 394; baseline -0.046 -4"><span class='ocrx_word' id='word_1_1' title='bbox 459 332 567 394; x_wconf 69' lang='grc' dir='ltr'><strong>ἐἺΘ</strong></span> 
     </span>
    </p>
   </div>
   <div class='ocr_carea' id='block_1_2' title="bbox 461 440 2049 520">
    <p class='ocr_par' dir='ltr' id='par_1_2' title="bbox 461 440 2049 520">
     <span class='ocr_line' id='line_1_2' title="bbox 461 440 2049 520; baseline 0.001 -23"><span class='ocrx_word' id='word_1_2' title='bbox 461 456 616 520; x_wconf 75' lang='lat' dir='ltr'><strong>partu</strong></span> <span class='ocrx_word' id='word_1_3' title='bbox 665 452 861 517; x_wconf 68' lang='lat' dir='ltr'><strong>praeter</strong></span> <span class='ocrx_word' id='word_1_4' title='bbox 907 443 1169 497; x_wconf 79' lang='lat' dir='ltr'><strong>humanas</strong></span> <span class='ocrx_word' id='word_1_5' title='bbox 1203 450 1286 496; x_wconf 85' lang='lat' dir='ltr'><strong>est</strong></span> <span class='ocrx_word' id='word_1_6' title='bbox 1315 442 1477 496; x_wconf 90' lang='lat' dir='ltr'><strong>vires.</strong></span> <span class='ocrx_word' id='word_1_7' title='bbox 1510 440 1685 508; x_wconf 82' lang='lat' dir='ltr'><strong>Quare</strong></span> <span class='ocrx_word' id='word_1_8' title='bbox 1732 442 1892 513; x_wconf 87' lang='lat' dir='ltr'><strong>igitur</strong></span> <span class='ocrx_word' id='word_1_9' title='bbox 1940 457 2049 499; x_wconf 90' lang='lat' dir='ltr'><strong>non</strong></span> 
     </span>
    </p>
   </div>
   <div class='ocr_carea' id='block_1_3' title="bbox 461 532 2057 606">
    <p class='ocr_par' dir='ltr' id='par_1_3' title="bbox 461 532 2057 606">
     <span class='ocr_line' id='line_1_3' title="bbox 461 532 2057 606; baseline -0.004 -12"><span class='ocrx_word' id='word_1_10' title='bbox 461 540 595 595; x_wconf 78' lang='lat' dir='ltr'><strong>dixit</strong></span> <span class='ocrx_word' id='word_1_11' title='bbox 624 556 639 594; x_wconf 92' lang='lat'><strong>:</strong></span> <span class='ocrx_word' id='word_1_12' title='bbox 671 537 849 592; x_wconf 83' lang='lat' dir='ltr'><strong>Filioli</strong></span> <span class='ocrx_word' id='word_1_13' title='bbox 891 535 1008 601; x_wconf 88' lang='lat' dir='ltr'><strong>mei,</strong></span> <span class='ocrx_word' id='word_1_14' title='bbox 1036 550 1163 606; x_wconf 82' lang='lat' dir='ltr'><strong>quos</strong></span> <span class='ocrx_word' id='word_1_15' title='bbox 1210 533 1389 587; x_wconf 79' lang='lat' dir='ltr'><strong><em>iterum</em></strong></span> <span class='ocrx_word' id='word_1_16' title='bbox 1419 548 1736 602; x_wconf 74' lang='lat' dir='ltr'><strong>progenero,</strong></span> <span class='ocrx_word' id='word_1_17' title='bbox 1772 532 1889 601; x_wconf 85' lang='lat' dir='ltr'><strong>sed,</strong></span> <span class='ocrx_word' id='word_1_18' title='bbox 1934 549 2057 604; x_wconf 83' lang='lat' dir='ltr'><strong>par-</strong></span> 
     </span>
    </p>
   </div>
   <div class='ocr_carea' id='block_1_4' title="bbox 462 623 2057 696">
    <p class='ocr_par' dir='ltr' id='par_1_4' title="bbox 462 623 2057 696">
     <span class='ocr_line' id='line_1_4' title="bbox 462 623 2057 696; baseline -0.005 -10"><span class='ocrx_word' id='word_1_19' title='bbox 462 634 597 687; x_wconf 83' lang='lat' dir='ltr'><strong>turio</strong></span> <span class='ocrx_word' id='word_1_20' title='bbox 623 634 649 687; x_wconf 87' lang='lat'><strong>?</strong></span> <span class='ocrx_word' id='word_1_21' title='bbox 692 630 904 685; x_wconf 83' lang='lat' dir='ltr'><strong>Etenim</strong></span> <span class='ocrx_word' id='word_1_22' title='bbox 925 627 1050 681; x_wconf 83' lang='lat' dir='ltr'><strong>alibi</strong></span> <span class='ocrx_word' id='word_1_23' title='bbox 1076 640 1334 696; x_wconf 88' lang='lat' dir='ltr'><strong>generare</strong></span> <span class='ocrx_word' id='word_1_24' title='bbox 1349 639 1410 680; x_wconf 89' lang='lat' dir='ltr'><strong>se</strong></span> <span class='ocrx_word' id='word_1_25' title='bbox 1429 624 1579 691; x_wconf 92' lang='lat' dir='ltr'><strong>dicit,</strong></span> <span class='ocrx_word' id='word_1_26' title='bbox 1609 623 1677 679; x_wconf 86' lang='lat' dir='ltr'><strong>In</strong></span> <span class='ocrx_word' id='word_1_27' title='bbox 1704 624 1904 679; x_wconf 79' lang='lat' dir='ltr'><strong>Cltristo</strong></span> <span class='ocrx_word' id='word_1_28' title='bbox 1924 625 2057 679; x_wconf 86' lang='lat' dir='ltr'><strong>enim</strong></span> 
     </span>
    </p>
   </div>
   <div class='ocr_carea' id='block_1_5' title="bbox 464 716 2059 794">
    <p class='ocr_par' dir='ltr' id='par_1_5' title="bbox 464 716 2059 794">
     <span class='ocr_line' id='line_1_5' title="bbox 464 716 2059 794; baseline -0.003 -19"><span class='ocrx_word' id='word_1_29' title='bbox 464 723 589 777; x_wconf 82' lang='lat' dir='ltr'><strong>Jesu</strong></span> <span class='ocrx_word' id='word_1_30' title='bbox 642 738 734 794; x_wconf 84' lang='lat' dir='ltr'><strong>ego</strong></span> <span class='ocrx_word' id='word_1_31' title='bbox 779 737 867 774; x_wconf 79' lang='lat' dir='ltr'><strong>vos</strong></span> <span class='ocrx_word' id='word_1_32' title='bbox 907 716 1066 791; x_wconf 84' lang='lat' dir='ltr'><strong>genui</strong></span> <span class='ocrx_word' id='word_1_33' title='bbox 1086 718 1162 791; x_wconf 79' lang='grc'><strong>(1.</strong></span> <span class='ocrx_word' id='word_1_34' title='bbox 1191 717 1309 773; x_wconf 87' lang='lat' dir='ltr'><strong>Cor.</strong></span> <span class='ocrx_word' id='word_1_35' title='bbox 1340 719 1391 773; x_wconf 77' lang='grc' dir='ltr'><strong>ι.</strong></span> <span class='ocrx_word' id='word_1_36' title='bbox 1419 717 1533 788; x_wconf 78' lang='grc'><strong>15).</strong></span> <span class='ocrx_word' id='word_1_37' title='bbox 1567 716 1681 772; x_wconf 81' lang='lat' dir='ltr'><strong>Illic</strong></span> <span class='ocrx_word' id='word_1_38' title='bbox 1705 732 1834 787; x_wconf 85' lang='lat' dir='ltr'><strong>ergo</strong></span> <span class='ocrx_word' id='word_1_39' title='bbox 1861 731 2059 787; x_wconf 82' lang='lat' dir='ltr'><strong>cogna-</strong></span> 
     </span>
    </p>
   </div>
   <div class='ocr_carea' id='block_1_6' title="bbox 470 811 2060 878">
    <p class='ocr_par' dir='ltr' id='par_1_6' title="bbox 470 811 2060 878">
     <span class='ocr_line' id='line_1_6' title="bbox 470 811 2060 878; baseline -0.004 -8"><span class='ocrx_word' id='word_1_40' title='bbox 470 818 666 870; x_wconf 89' lang='lat' dir='ltr'><strong>tionem</strong></span> <span class='ocrx_word' id='word_1_41' title='bbox 697 814 1064 868; x_wconf 89' lang='lat' dir='ltr'><strong>tantummodo</strong></span> <span class='ocrx_word' id='word_1_42' title='bbox 1084 812 1369 868; x_wconf 89' lang='lat' dir='ltr'><strong>ostendere</strong></span> <span class='ocrx_word' id='word_1_43' title='bbox 1390 812 1576 878; x_wconf 84' lang='lat' dir='ltr'><strong>voluit,</strong></span> <span class='ocrx_word' id='word_1_44' title='bbox 1609 812 1694 867; x_wconf 91' lang='lat' dir='ltr'><strong>hic</strong></span> <span class='ocrx_word' id='word_1_45' title='bbox 1722 827 1849 866; x_wconf 90' lang='lat' dir='ltr'><strong>vero</strong></span> <span class='ocrx_word' id='word_1_46' title='bbox 1875 822 1928 867; x_wconf 90' lang='lat' dir='ltr'><strong>et</strong></span> <span class='ocrx_word' id='word_1_47' title='bbox 1956 811 2060 865; x_wconf 86' lang='lat' dir='ltr'><strong>do-</strong></span> 
     </span>
    </p>
   </div>
   <div class='ocr_carea' id='block_1_7' title="bbox 469 902 2058 969">
    <p class='ocr_par' dir='ltr' id='par_1_7' title="bbox 469 902 2058 969">
     <span class='ocr_line' id='line_1_7' title="bbox 469 902 2058 969; baseline -0.004 -7"><span class='ocrx_word' id='word_1_48' title='bbox 469 907 638 963; x_wconf 86' lang='lat' dir='ltr'><strong>lorem</strong></span> <span class='ocrx_word' id='word_1_49' title='bbox 684 921 865 962; x_wconf 83' lang='lat' dir='ltr'><strong>ceram</strong></span> <span class='ocrx_word' id='word_1_50' title='bbox 908 914 1143 960; x_wconf 84' lang='lat' dir='ltr'><strong>statuere</strong></span> <span class='ocrx_word' id='word_1_51' title='bbox 1207 913 1431 958; x_wconf 85' lang='lat' dir='ltr'><strong>conatus</strong></span> <span class='ocrx_word' id='word_1_52' title='bbox 1460 910 1563 957; x_wconf 90' lang='lat' dir='ltr'><strong>est.</strong></span> <span class='ocrx_word' id='word_1_53' title='bbox 1596 902 1873 969; x_wconf 90' lang='lat' dir='ltr'><strong>Quomodo</strong></span> <span class='ocrx_word' id='word_1_54' title='bbox 1914 902 2058 956; x_wconf 87' lang='lat' dir='ltr'><strong>enim</strong></span> 
     </span>
    </p>
   </div>
   <div class='ocr_carea' id='block_1_8' title="bbox 474 993 2057 1068">
    <p class='ocr_par' dir='ltr' id='par_1_8' title="bbox 474 993 2057 1068">
     <span class='ocr_line' id='line_1_8' title="bbox 474 993 2057 1068; baseline -0.005 -13"><span class='ocrx_word' id='word_1_55' title='bbox 474 1001 612 1055; x_wconf 85' lang='lat' dir='ltr'><strong>filios</strong></span> <span class='ocrx_word' id='word_1_56' title='bbox 641 1008 814 1065; x_wconf 89' lang='lat' dir='ltr'><strong>vocat,</strong></span> <span class='ocrx_word' id='word_1_57' title='bbox 846 1012 981 1068; x_wconf 91' lang='lat' dir='ltr'><strong>quos</strong></span> <span class='ocrx_word' id='word_1_58' title='bbox 1007 995 1253 1051; x_wconf 80' lang='lat' dir='ltr'><strong>nondum</strong></span> <span class='ocrx_word' id='word_1_59' title='bbox 1269 996 1460 1049; x_wconf 79' lang='lat' dir='ltr'><strong>enixus</strong></span> <span class='ocrx_word' id='word_1_60' title='bbox 1486 995 1600 1048; x_wconf 79' lang='lat' dir='ltr'><strong>est&#39;?</strong></span> <span class='ocrx_word' id='word_1_61' title='bbox 1630 995 1672 1047; x_wconf 89' lang='lat' dir='ltr'><strong>si</strong></span> <span class='ocrx_word' id='word_1_62' title='bbox 1697 993 1839 1047; x_wconf 90' lang='lat' dir='ltr'><strong>enim</strong></span> <span class='ocrx_word' id='word_1_63' title='bbox 1868 1003 2057 1062; x_wconf 87' lang='lat' dir='ltr'><strong>partu-</strong></span> 
     </span>
    </p>
   </div>
   <div class='ocr_carea' id='block_1_9' title="bbox 469 1081 2063 1159">
    <p class='ocr_par' dir='ltr' id='par_1_9' title="bbox 469 1081 2063 1159">
     <span class='ocr_line' id='line_1_9' title="bbox 469 1081 2063 1159; baseline -0.004 -15"><span class='ocrx_word' id='word_1_64' title='bbox 469 1094 570 1152; x_wconf 84' lang='lat' dir='ltr'><strong>rit,</strong></span> <span class='ocrx_word' id='word_1_65' title='bbox 605 1090 843 1145; x_wconf 83' lang='lat' dir='ltr'><strong>nondum</strong></span> <span class='ocrx_word' id='word_1_66' title='bbox 878 1089 1084 1159; x_wconf 85' lang='lat' dir='ltr'><strong>peperit</strong></span> <span class='ocrx_word' id='word_1_67' title='bbox 1118 1106 1133 1142; x_wconf 91' lang='lat'><strong>:</strong></span> <span class='ocrx_word' id='word_1_68' title='bbox 1164 1086 1434 1157; x_wconf 90' lang='lat' dir='ltr'><strong>quomodo</strong></span> <span class='ocrx_word' id='word_1_69' title='bbox 1462 1101 1590 1154; x_wconf 89' lang='lat' dir='ltr'><strong>ergo</strong></span> <span class='ocrx_word' id='word_1_70' title='bbox 1617 1085 1757 1139; x_wconf 82' lang='lat' dir='ltr'><strong>filios</strong></span> <span class='ocrx_word' id='word_1_71' title='bbox 1779 1086 1968 1139; x_wconf 82' lang='lat' dir='ltr'><strong>vocat?</strong></span> <span class='ocrx_word' id='word_1_72' title='bbox 1995 1081 2063 1140; x_wconf 87' lang='lat' dir='ltr'><strong>Ut</strong></span> 
     </span>
    </p>
   </div>
   <div class='ocr_carea' id='block_1_10' title="bbox 471 1162 2064 1250">
    <p class='ocr_par' dir='ltr' id='par_1_10' title="bbox 471 1162 2064 1250">
     <span class='ocr_line' id='line_1_10' title="bbox 471 1162 2064 1250; baseline -0.005 -15"><span class='ocrx_word' id='word_1_73' title='bbox 471 1183 671 1248; x_wconf 88' lang='lat' dir='ltr'><strong>discas,</strong></span> <span class='ocrx_word' id='word_1_74' title='bbox 703 1182 852 1237; x_wconf 91' lang='lat' dir='ltr'><strong>illum</strong></span> <span class='ocrx_word' id='word_1_75' title='bbox 882 1196 985 1234; x_wconf 90' lang='lat' dir='ltr'><strong>non</strong></span> <span class='ocrx_word' id='word_1_76' title='bbox 1016 1180 1284 1250; x_wconf 82' lang='lat' dir='ltr'><strong>prioribus</strong></span> <span class='ocrx_word' id='word_1_77' title='bbox 1306 1187 1490 1245; x_wconf 90' lang='lat' dir='ltr'><strong>partus</strong></span> <span class='ocrx_word' id='word_1_78' title='bbox 1510 1176 1783 1232; x_wconf 83' lang='lat' dir='ltr'><strong>doloribus</strong></span> <span class='ocrx_word' id='word_1_79' title='bbox 1806 1162 1929 1229; x_wconf 76' lang='lat' dir='ltr'><strong>tunc</strong></span> <span class='ocrx_word' id='word_1_80' title='bbox 1948 1190 2064 1229; x_wconf 86' lang='lat' dir='ltr'><strong>cru-</strong></span> 
     </span>
    </p>
   </div>
   <div class='ocr_carea' id='block_1_11' title="bbox 473 1266 2065 1341">
    <p class='ocr_par' dir='ltr' id='par_1_11' title="bbox 473 1266 2065 1341">
     <span class='ocr_line' id='line_1_11' title="bbox 473 1266 2065 1341; baseline -0.004 -16"><span class='ocrx_word' id='word_1_81' title='bbox 473 1271 695 1337; x_wconf 85' lang='lat' dir='ltr'><strong>eiatum,</strong></span> <span class='ocrx_word' id='word_1_82' title='bbox 727 1271 869 1341; x_wconf 90' lang='lat' dir='ltr'><strong>quod</strong></span> <span class='ocrx_word' id='word_1_83' title='bbox 896 1274 1028 1326; x_wconf 84' lang='lat' dir='ltr'><strong>satis</strong></span> <span class='ocrx_word' id='word_1_84' title='bbox 1054 1269 1160 1324; x_wconf 89' lang='lat' dir='ltr'><strong>illis</strong></span> <span class='ocrx_word' id='word_1_85' title='bbox 1183 1277 1300 1323; x_wconf 87' lang='lat' dir='ltr'><strong>erat</strong></span> <span class='ocrx_word' id='word_1_86' title='bbox 1327 1266 1393 1322; x_wconf 85' lang='lat' dir='ltr'><strong>ad</strong></span> <span class='ocrx_word' id='word_1_87' title='bbox 1421 1268 1691 1321; x_wconf 83' lang='lat' dir='ltr'><strong>ruborem.</strong></span> <span class='ocrx_word' id='word_1_88' title='bbox 1727 1266 1954 1330; x_wconf 81' lang='lat' dir='ltr'><strong>Etenim,</strong></span> <span class='ocrx_word' id='word_1_89' title='bbox 1982 1266 2065 1319; x_wconf 74' lang='lat' dir='ltr'><strong>ina</strong></span> 
     </span>
    </p>
   </div>
   <div class='ocr_carea' id='block_1_12' title="bbox 474 1358 2067 1435">
    <p class='ocr_par' dir='ltr' id='par_1_12' title="bbox 474 1358 2067 1435">
     <span class='ocr_line' id='line_1_12' title="bbox 474 1358 2067 1435; baseline -0.006 -15"><span class='ocrx_word' id='word_1_90' title='bbox 474 1365 612 1435; x_wconf 87' lang='lat' dir='ltr'><strong>quit,</strong></span> <span class='ocrx_word' id='word_1_91' title='bbox 638 1364 806 1421; x_wconf 90' lang='lat' dir='ltr'><strong>semel</strong></span> <span class='ocrx_word' id='word_1_92' title='bbox 827 1363 995 1418; x_wconf 83' lang='lat' dir='ltr'><strong>factus</strong></span> <span class='ocrx_word' id='word_1_93' title='bbox 1016 1378 1134 1417; x_wconf 87' lang='lat' dir='ltr'><strong>sum</strong></span> <span class='ocrx_word' id='word_1_94' title='bbox 1158 1370 1327 1430; x_wconf 77' lang='lat' dir='ltr'><strong>pater,</strong></span> <span class='ocrx_word' id='word_1_95' title='bbox 1374 1359 1716 1428; x_wconf 90' lang='lat' dir='ltr'><strong>debitumque</strong></span> <span class='ocrx_word' id='word_1_96' title='bbox 1746 1358 1797 1411; x_wconf 91' lang='lat' dir='ltr'><strong>in</strong></span> <span class='ocrx_word' id='word_1_97' title='bbox 1828 1372 1923 1412; x_wconf 88' lang='lat' dir='ltr'><strong>vos</strong></span> <span class='ocrx_word' id='word_1_98' title='bbox 1946 1372 2067 1427; x_wconf 84' lang='lat' dir='ltr'><strong>par-</strong></span> 
     </span>
    </p>
   </div>
   <div class='ocr_carea' id='block_1_13' title="bbox 476 1449 2067 1521">
    <p class='ocr_par' dir='ltr' id='par_1_13' title="bbox 476 1449 2067 1521">
     <span class='ocr_line' id='line_1_13' title="bbox 476 1449 2067 1521; baseline -0.004 -11"><span class='ocrx_word' id='word_1_99' title='bbox 476 1466 589 1510; x_wconf 91' lang='lat' dir='ltr'><strong>tum</strong></span> <span class='ocrx_word' id='word_1_100' title='bbox 610 1455 853 1521; x_wconf 77' lang='lat' dir='ltr'><strong>toleravi,</strong></span> <span class='ocrx_word' id='word_1_101' title='bbox 884 1470 979 1509; x_wconf 89' lang='lat' dir='ltr'><strong>vos</strong></span> <span class='ocrx_word' id='word_1_102' title='bbox 999 1468 1130 1509; x_wconf 84' lang='lat' dir='ltr'><strong>vero</strong></span> <span class='ocrx_word' id='word_1_103' title='bbox 1152 1452 1242 1506; x_wconf 88' lang='lat' dir='ltr'><strong>lilii</strong></span> <span class='ocrx_word' id='word_1_104' title='bbox 1270 1451 1436 1506; x_wconf 88' lang='lat' dir='ltr'><strong>semel</strong></span> <span class='ocrx_word' id='word_1_105' title='bbox 1460 1449 1581 1506; x_wconf 88' lang='lat' dir='ltr'><strong>facti</strong></span> <span class='ocrx_word' id='word_1_106' title='bbox 1609 1450 1739 1506; x_wconf 81' lang='lat' dir='ltr'><strong>estis</strong></span> <span class='ocrx_word' id='word_1_107' title='bbox 1763 1467 1777 1503; x_wconf 91' lang='lat'><strong>:</strong></span> <span class='ocrx_word' id='word_1_108' title='bbox 1798 1449 2067 1520; x_wconf 88' lang='lat' dir='ltr'><strong>quomodo</strong></span> 
     </span>
    </p>
   </div>
   <div class='ocr_carea' id='block_1_14' title="bbox 475 1541 2065 1602">
    <p class='ocr_par' dir='ltr' id='par_1_14' title="bbox 475 1541 2065 1602">
     <span class='ocr_line' id='line_1_14' title="bbox 475 1541 2065 1602; baseline -0.005 -1"><span class='ocrx_word' id='word_1_109' title='bbox 475 1562 565 1602; x_wconf 86' lang='lat' dir='ltr'><strong>me</strong></span> <span class='ocrx_word' id='word_1_110' title='bbox 588 1546 657 1601; x_wconf 91' lang='lat' dir='ltr'><strong>ad</strong></span> <span class='ocrx_word' id='word_1_111' title='bbox 703 1546 969 1601; x_wconf 85' lang='lat' dir='ltr'><strong>secundos</strong></span> <span class='ocrx_word' id='word_1_112' title='bbox 1008 1545 1208 1599; x_wconf 84' lang='lat' dir='ltr'><strong>iterum</strong></span> <span class='ocrx_word' id='word_1_113' title='bbox 1242 1543 1457 1597; x_wconf 85' lang='lat' dir='ltr'><strong>dolores</strong></span> <span class='ocrx_word' id='word_1_114' title='bbox 1496 1542 1745 1596; x_wconf 90' lang='lat' dir='ltr'><strong>mittitis?</strong></span> <span class='ocrx_word' id='word_1_115' title='bbox 1772 1541 2065 1595; x_wconf 85' lang='lat' dir='ltr'><strong>satisenim</strong></span> 
     </span>
    </p>
   </div>
   <div class='ocr_carea' id='block_1_15' title="bbox 479 1629 2068 1706">
    <p class='ocr_par' dir='ltr' id='par_1_15' title="bbox 479 1629 2068 1706">
     <span class='ocr_line' id='line_1_15' title="bbox 479 1629 2068 1706; baseline -0.003 -17"><span class='ocrx_word' id='word_1_116' title='bbox 479 1636 574 1706; x_wconf 88' lang='lat' dir='ltr'><strong>qui</strong></span> <span class='ocrx_word' id='word_1_117' title='bbox 625 1634 886 1706; x_wconf 83' lang='lat' dir='ltr'><strong>principio</strong></span> <span class='ocrx_word' id='word_1_118' title='bbox 927 1634 1207 1697; x_wconf 86' lang='lat' dir='ltr'><strong>habentur,</strong></span> <span class='ocrx_word' id='word_1_119' title='bbox 1256 1641 1379 1687; x_wconf 82' lang='lat' dir='ltr'><strong>sunt</strong></span> <span class='ocrx_word' id='word_1_120' title='bbox 1410 1639 1594 1701; x_wconf 76' lang='lat' dir='ltr'><strong>partus</strong></span> <span class='ocrx_word' id='word_1_121' title='bbox 1644 1631 1899 1695; x_wconf 89' lang='lat' dir='ltr'><strong>dolores;</strong></span> <span class='ocrx_word' id='word_1_122' title='bbox 1939 1629 2068 1701; x_wconf 89' lang='lat' dir='ltr'><strong>quid</strong></span> 
     </span>
    </p>
   </div>
   <div class='ocr_carea' id='block_1_16' title="bbox 484 1720 2071 1781">
    <p class='ocr_par' dir='ltr' id='par_1_16' title="bbox 484 1720 2071 1781">
     <span class='ocr_line' id='line_1_16' title="bbox 484 1720 2071 1781; baseline -0.005 0"><span class='ocrx_word' id='word_1_123' title='bbox 484 1741 574 1781; x_wconf 85' lang='lat' dir='ltr'><strong>tne</strong></span> <span class='ocrx_word' id='word_1_124' title='bbox 624 1724 861 1780; x_wconf 89' lang='lat' dir='ltr'><strong>secundo</strong></span> <span class='ocrx_word' id='word_1_125' title='bbox 912 1723 1188 1778; x_wconf 86' lang='lat' dir='ltr'><strong>doloribus</strong></span> <span class='ocrx_word' id='word_1_126' title='bbox 1214 1721 1510 1776; x_wconf 82' lang='lat' dir='ltr'><strong>cruciatis?</strong></span> <span class='ocrx_word' id='word_1_127' title='bbox 1538 1720 1667 1775; x_wconf 90' lang='lat' dir='ltr'><strong>Nam</strong></span> <span class='ocrx_word' id='word_1_128' title='bbox 1707 1720 1943 1775; x_wconf 82' lang='lat' dir='ltr'><strong>fidelium</strong></span> <span class='ocrx_word' id='word_1_129' title='bbox 1994 1721 2071 1774; x_wconf 88' lang='lat' dir='ltr'><strong>la-</strong></span> 
     </span>
    </p>
   </div>
   <div class='ocr_carea' id='block_1_17' title="bbox 485 1810 2072 1887">
    <p class='ocr_par' dir='ltr' id='par_1_17' title="bbox 485 1810 2072 1887">
     <span class='ocr_line' id='line_1_17' title="bbox 485 1810 2072 1887; baseline -0.003 -16"><span class='ocrx_word' id='word_1_130' title='bbox 485 1831 635 1887; x_wconf 90' lang='lat' dir='ltr'><strong>psus,</strong></span> <span class='ocrx_word' id='word_1_131' title='bbox 670 1831 775 1870; x_wconf 90' lang='lat' dir='ltr'><strong>non</strong></span> <span class='ocrx_word' id='word_1_132' title='bbox 804 1816 1064 1870; x_wconf 89' lang='lat' dir='ltr'><strong>minorem</strong></span> <span class='ocrx_word' id='word_1_133' title='bbox 1099 1814 1220 1884; x_wconf 87' lang='lat' dir='ltr'><strong>ipsi,</strong></span> <span class='ocrx_word' id='word_1_134' title='bbox 1251 1828 1410 1883; x_wconf 89' lang='lat' dir='ltr'><strong>quam</strong></span> <span class='ocrx_word' id='word_1_135' title='bbox 1452 1813 1544 1883; x_wconf 89' lang='lat' dir='ltr'><strong>qui</strong></span> <span class='ocrx_word' id='word_1_136' title='bbox 1571 1812 1803 1867; x_wconf 92' lang='lat' dir='ltr'><strong>nondum</strong></span> <span class='ocrx_word' id='word_1_137' title='bbox 1827 1810 2072 1867; x_wconf 88' lang='lat' dir='ltr'><strong>credide-</strong></span> 
     </span>
    </p>
   </div>
   <div class='ocr_carea' id='block_1_18' title="bbox 487 1904 2072 1975">
    <p class='ocr_par' dir='ltr' id='par_1_18' title="bbox 487 1904 2072 1975">
     <span class='ocr_line' id='line_1_18' title="bbox 487 1904 2072 1975; baseline -0.004 -11"><span class='ocrx_word' id='word_1_138' title='bbox 487 1919 607 1964; x_wconf 84' lang='lat' dir='ltr'><strong>rant</strong></span> <span class='ocrx_word' id='word_1_139' title='bbox 624 1950 640 1975; x_wconf 92' lang='lat'><strong>,</strong></span> <span class='ocrx_word' id='word_1_140' title='bbox 664 1908 900 1964; x_wconf 84' lang='lat' dir='ltr'><strong>laborem</strong></span> <span class='ocrx_word' id='word_1_141' title='bbox 928 1907 1244 1963; x_wconf 86' lang='lat' dir='ltr'><strong>inferebant.</strong></span> <span class='ocrx_word' id='word_1_142' title='bbox 1265 1904 1603 1961; x_wconf 74' lang='lat' dir='ltr'><strong>Intolerabile</strong></span> <span class='ocrx_word' id='word_1_143' title='bbox 1637 1906 1778 1962; x_wconf 91' lang='lat' dir='ltr'><strong>enim</strong></span> <span class='ocrx_word' id='word_1_144' title='bbox 1808 1913 1931 1961; x_wconf 85' lang='lat' dir='ltr'><strong>erat</strong></span> <span class='ocrx_word' id='word_1_145' title='bbox 1952 1913 2072 1974; x_wconf 86' lang='lat' dir='ltr'><strong>post</strong></span> 
     </span>
    </p>
   </div>
   <div class='ocr_carea' id='block_1_19' title="bbox 485 1998 2071 2073">
    <p class='ocr_par' dir='ltr' id='par_1_19' title="bbox 485 1998 2071 2073">
     <span class='ocr_line' id='line_1_19' title="bbox 485 1998 2071 2073; baseline -0.002 -17"><span class='ocrx_word' id='word_1_146' title='bbox 485 2002 667 2057; x_wconf 89' lang='lat' dir='ltr'><strong>talium</strong></span> <span class='ocrx_word' id='word_1_147' title='bbox 715 2004 1089 2073; x_wconf 85' lang='lat' dir='ltr'><strong>mysteriorum</strong></span> <span class='ocrx_word' id='word_1_148' title='bbox 1138 2001 1568 2056; x_wconf 91' lang='lat' dir='ltr'><strong>communionem</strong></span> <span class='ocrx_word' id='word_1_149' title='bbox 1610 1999 1793 2055; x_wconf 86' lang='lat' dir='ltr'><strong>videre</strong></span> <span class='ocrx_word' id='word_1_150' title='bbox 1815 1998 2071 2069; x_wconf 90' lang='lat' dir='ltr'><strong>quosdam</strong></span> 
     </span>
    </p>
   </div>
   <div class='ocr_carea' id='block_1_20' title="bbox 481 2089 2074 2162">
    <p class='ocr_par' dir='ltr' id='par_1_20' title="bbox 481 2089 2074 2162">
     <span class='ocr_line' id='line_1_20' title="bbox 481 2089 2074 2162; baseline -0.001 -16"><span class='ocrx_word' id='word_1_151' title='bbox 481 2091 549 2146; x_wconf 91' lang='lat' dir='ltr'><strong>ad</strong></span> <span class='ocrx_word' id='word_1_152' title='bbox 579 2091 904 2161; x_wconf 78' lang='lat' dir='ltr'><strong>impietatem</strong></span> <span class='ocrx_word' id='word_1_153' title='bbox 930 2101 1122 2162; x_wconf 86' lang='lat' dir='ltr'><strong>sponte</strong></span> <span class='ocrx_word' id='word_1_154' title='bbox 1155 2091 1441 2146; x_wconf 88' lang='lat' dir='ltr'><strong>declinare.</strong></span> <span class='ocrx_word' id='word_1_155' title='bbox 1469 2090 1643 2157; x_wconf 83' lang='lat' dir='ltr'><strong>Quare</strong></span> <span class='ocrx_word' id='word_1_156' title='bbox 1666 2091 1859 2146; x_wconf 86' lang='lat' dir='ltr'><strong>acriter</strong></span> <span class='ocrx_word' id='word_1_157' title='bbox 1884 2089 2074 2144; x_wconf 90' lang='lat' dir='ltr'><strong>admo-</strong></span> 
     </span>
    </p>
   </div>
   <div class='ocr_carea' id='block_1_21' title="bbox 486 2181 2077 2251">
    <p class='ocr_par' dir='ltr' id='par_1_21' title="bbox 486 2181 2077 2251">
     <span class='ocr_line' id='line_1_21' title="bbox 486 2181 2077 2251; baseline -0.003 -13"><span class='ocrx_word' id='word_1_158' title='bbox 486 2183 613 2238; x_wconf 91' lang='lat' dir='ltr'><strong>dum</strong></span> <span class='ocrx_word' id='word_1_159' title='bbox 657 2198 720 2238; x_wconf 92' lang='lat' dir='ltr'><strong>ac</strong></span> <span class='ocrx_word' id='word_1_160' title='bbox 751 2182 897 2238; x_wconf 90' lang='lat' dir='ltr'><strong>omni</strong></span> <span class='ocrx_word' id='word_1_161' title='bbox 942 2184 1164 2238; x_wconf 88' lang='lat' dir='ltr'><strong>muliere</strong></span> <span class='ocrx_word' id='word_1_162' title='bbox 1192 2182 1545 2238; x_wconf 77' lang='lat' dir='ltr'><strong>miserabilius</strong></span> <span class='ocrx_word' id='word_1_163' title='bbox 1592 2181 1974 2251; x_wconf 83' lang='lat' dir='ltr'><strong>ingemiscebat</strong></span> <span class='ocrx_word' id='word_1_164' title='bbox 1997 2181 2077 2234; x_wconf 88' lang='lat' dir='ltr'><strong>di-</strong></span> 
     </span>
    </p>
   </div>
   <div class='ocr_carea' id='block_1_22' title="bbox 488 2270 2077 2344">
    <p class='ocr_par' dir='ltr' id='par_1_22' title="bbox 488 2270 2077 2344">
     <span class='ocr_line' id='line_1_22' title="bbox 488 2270 2077 2344; baseline -0.003 -14"><span class='ocrx_word' id='word_1_165' title='bbox 488 2289 618 2330; x_wconf 82' lang='lat' dir='ltr'><strong>cens</strong></span> <span class='ocrx_word' id='word_1_166' title='bbox 649 2292 663 2330; x_wconf 85' lang='lat'><strong>:</strong></span> <span class='ocrx_word' id='word_1_167' title='bbox 694 2272 870 2329; x_wconf 77' lang='lat' dir='ltr'><strong>Filioli</strong></span> <span class='ocrx_word' id='word_1_168' title='bbox 899 2274 1017 2340; x_wconf 87' lang='lat' dir='ltr'><strong>mei,</strong></span> <span class='ocrx_word' id='word_1_169' title='bbox 1055 2290 1179 2344; x_wconf 75' lang='lat' dir='ltr'><strong>quos</strong></span> <span class='ocrx_word' id='word_1_170' title='bbox 1198 2274 1378 2327; x_wconf 90' lang='lat' dir='ltr'><strong>iterum</strong></span> <span class='ocrx_word' id='word_1_171' title='bbox 1404 2272 1821 2343; x_wconf 82' lang='lat' dir='ltr'><strong>parturio,donec</strong></span> <span class='ocrx_word' id='word_1_172' title='bbox 1847 2270 2077 2325; x_wconf 73' lang='lat' dir='ltr'><strong>Christus</strong></span> 
     </span>
    </p>
   </div>
   <div class='ocr_carea' id='block_1_23' title="bbox 487 2361 2081 2436">
    <p class='ocr_par' dir='ltr' id='par_1_23' title="bbox 487 2361 2081 2436">
     <span class='ocr_line' id='line_1_23' title="bbox 487 2361 2081 2436; baseline -0.002 -19"><span class='ocrx_word' id='word_1_173' title='bbox 487 2367 737 2436; x_wconf 75' lang='lat' dir='ltr'><strong>formetur</strong></span> <span class='ocrx_word' id='word_1_174' title='bbox 759 2364 814 2417; x_wconf 88' lang='lat' dir='ltr'><strong>in</strong></span> <span class='ocrx_word' id='word_1_175' title='bbox 856 2363 991 2418; x_wconf 77' lang='lat' dir='ltr'><strong>vobis</strong></span> <span class='ocrx_word' id='word_1_176' title='bbox 1031 2361 1189 2435; x_wconf 84' lang='lat' dir='ltr'><strong>(Gal.</strong></span> <span class='ocrx_word' id='word_1_177' title='bbox 1213 2364 1267 2418; x_wconf 75' lang='grc'><strong>4.</strong></span> <span class='ocrx_word' id='word_1_178' title='bbox 1299 2362 1366 2418; x_wconf 80' lang='grc'><strong>19</strong></span> <span class='ocrx_word' id='word_1_179' title='bbox 1387 2362 1425 2432; x_wconf 84' lang='grc'><strong>).</strong></span> <span class='ocrx_word' id='word_1_180' title='bbox 1454 2361 1507 2417; x_wconf 85' lang='lat' dir='ltr'><strong>Id</strong></span> <span class='ocrx_word' id='word_1_181' title='bbox 1544 2370 1720 2416; x_wconf 85' lang='lat' dir='ltr'><strong>autem</strong></span> <span class='ocrx_word' id='word_1_182' title='bbox 1742 2361 1950 2417; x_wconf 85' lang='lat' dir='ltr'><strong>dicebat</strong></span> <span class='ocrx_word' id='word_1_183' title='bbox 1974 2402 1989 2426; x_wconf 92' lang='lat'><strong>,</strong></span> <span class='ocrx_word' id='word_1_184' title='bbox 2022 2370 2081 2415; x_wconf 90' lang='lat' dir='ltr'><strong>ut</strong></span> 
     </span>
    </p>
   </div>
   <div class='ocr_carea' id='block_1_24' title="bbox 490 2451 2080 2509">
    <p class='ocr_par' dir='ltr' id='par_1_24' title="bbox 490 2451 2080 2509">
     <span class='ocr_line' id='line_1_24' title="bbox 490 2451 2080 2509; baseline -0.003 -1"><span class='ocrx_word' id='word_1_185' title='bbox 490 2452 595 2508; x_wconf 90' lang='lat' dir='ltr'><strong>illis</strong></span> <span class='ocrx_word' id='word_1_186' title='bbox 618 2454 862 2509; x_wconf 82' lang='lat' dir='ltr'><strong>fiduciam</strong></span> <span class='ocrx_word' id='word_1_187' title='bbox 886 2452 1046 2508; x_wconf 90' lang='lat' dir='ltr'><strong>simul</strong></span> <span class='ocrx_word' id='word_1_188' title='bbox 1079 2464 1135 2508; x_wconf 91' lang='lat' dir='ltr'><strong>et</strong></span> <span class='ocrx_word' id='word_1_189' title='bbox 1178 2453 1419 2508; x_wconf 87' lang='lat' dir='ltr'><strong>timorem</strong></span> <span class='ocrx_word' id='word_1_190' title='bbox 1451 2451 1743 2508; x_wconf 74' lang='lat' dir='ltr'><strong>induceret.</strong></span> <span class='ocrx_word' id='word_1_191' title='bbox 1777 2452 1909 2506; x_wconf 87' lang='lat' dir='ltr'><strong>Cum</strong></span> <span class='ocrx_word' id='word_1_192' title='bbox 1939 2451 2080 2504; x_wconf 87' lang='lat' dir='ltr'><strong>enim</strong></span> 
     </span>
    </p>
   </div>
   <div class='ocr_carea' id='block_1_25' title="bbox 489 2541 2081 2611">
    <p class='ocr_par' dir='ltr' id='par_1_25' title="bbox 489 2541 2081 2611">
     <span class='ocr_line' id='line_1_25' title="bbox 489 2541 2081 2611; baseline -0.003 -13"><span class='ocrx_word' id='word_1_193' title='bbox 489 2544 725 2598; x_wconf 83' lang='lat' dir='ltr'><strong>ostendit</strong></span> <span class='ocrx_word' id='word_1_194' title='bbox 764 2560 871 2599; x_wconf 92' lang='lat' dir='ltr'><strong>non</strong></span> <span class='ocrx_word' id='word_1_195' title='bbox 901 2544 1188 2597; x_wconf 89' lang='lat' dir='ltr'><strong>formatum</strong></span> <span class='ocrx_word' id='word_1_196' title='bbox 1233 2543 1287 2597; x_wconf 87' lang='lat' dir='ltr'><strong>in</strong></span> <span class='ocrx_word' id='word_1_197' title='bbox 1338 2543 1468 2611; x_wconf 90' lang='lat' dir='ltr'><strong>ipsis</strong></span> <span class='ocrx_word' id='word_1_198' title='bbox 1495 2542 1791 2607; x_wconf 83' lang='lat' dir='ltr'><strong>Christum,</strong></span> <span class='ocrx_word' id='word_1_199' title='bbox 1837 2541 2081 2594; x_wconf 91' lang='lat' dir='ltr'><strong>timorem</strong></span> 
     </span>
    </p>
   </div>
   <div class='ocr_carea' id='block_1_26' title="bbox 491 2631 2086 2707">
    <p class='ocr_par' dir='ltr' id='par_1_26' title="bbox 491 2631 2086 2707">
     <span class='ocr_line' id='line_1_26' title="bbox 491 2631 2086 2707; baseline -0.004 -14"><span class='ocrx_word' id='word_1_200' title='bbox 491 2639 718 2694; x_wconf 81' lang='lat' dir='ltr'><strong>incussit</strong></span> <span class='ocrx_word' id='word_1_201' title='bbox 754 2645 810 2693; x_wconf 91' lang='lat' dir='ltr'><strong>et</strong></span> <span class='ocrx_word' id='word_1_202' title='bbox 853 2639 1100 2707; x_wconf 87' lang='lat' dir='ltr'><strong>agoniam</strong></span> <span class='ocrx_word' id='word_1_203' title='bbox 1146 2653 1161 2690; x_wconf 88' lang='lat'><strong>:</strong></span> <span class='ocrx_word' id='word_1_204' title='bbox 1202 2650 1320 2690; x_wconf 89' lang='lat' dir='ltr'><strong>cum</strong></span> <span class='ocrx_word' id='word_1_205' title='bbox 1349 2634 1731 2688; x_wconf 75' lang='lat' dir='ltr'><strong>demonstravit</strong></span> <span class='ocrx_word' id='word_1_206' title='bbox 1772 2647 1928 2702; x_wconf 83' lang='lat' dir='ltr'><strong>posse</strong></span> <span class='ocrx_word' id='word_1_207' title='bbox 1976 2631 2086 2687; x_wconf 89' lang='lat' dir='ltr'><strong>for-</strong></span> 
     </span>
    </p>
   </div>
   <div class='ocr_carea' id='block_1_27' title="bbox 492 2721 2089 2792">
    <p class='ocr_par' dir='ltr' id='par_1_27' title="bbox 492 2721 2089 2792">
     <span class='ocr_line' id='line_1_27' title="bbox 492 2721 2089 2792; baseline -0.002 -11"><span class='ocrx_word' id='word_1_208' title='bbox 492 2728 649 2792; x_wconf 87' lang='lat' dir='ltr'><strong>mari,</strong></span> <span class='ocrx_word' id='word_1_209' title='bbox 673 2727 863 2781; x_wconf 87' lang='lat' dir='ltr'><strong>iterum</strong></span> <span class='ocrx_word' id='word_1_210' title='bbox 896 2726 1140 2780; x_wconf 82' lang='lat' dir='ltr'><strong>fiduciam</strong></span> <span class='ocrx_word' id='word_1_211' title='bbox 1167 2723 1373 2779; x_wconf 92' lang='lat' dir='ltr'><strong>indidit.</strong></span> <span class='ocrx_word' id='word_1_212' title='bbox 1400 2722 1530 2778; x_wconf 89' lang='lat' dir='ltr'><strong>Cum</strong></span> <span class='ocrx_word' id='word_1_213' title='bbox 1557 2724 1699 2778; x_wconf 88' lang='lat' dir='ltr'><strong>enim</strong></span> <span class='ocrx_word' id='word_1_214' title='bbox 1729 2723 1941 2787; x_wconf 90' lang='lat' dir='ltr'><strong>dicitur,</strong></span> <span class='ocrx_word' id='word_1_215' title='bbox 1976 2721 2089 2778; x_wconf 87' lang='lat' dir='ltr'><strong>Do-</strong></span> 
     </span>
    </p>
   </div>
   <div class='ocr_carea' id='block_1_28' title="bbox 498 2814 2086 2891">
    <p class='ocr_par' dir='ltr' id='par_1_28' title="bbox 498 2814 2086 2891">
     <span class='ocr_line' id='line_1_28' title="bbox 498 2814 2086 2891; baseline -0.005 -16"><span class='ocrx_word' id='word_1_216' title='bbox 498 2836 589 2874; x_wconf 81' lang='lat' dir='ltr'><strong>nec</strong></span> <span class='ocrx_word' id='word_1_217' title='bbox 626 2822 893 2891; x_wconf 81' lang='lat' dir='ltr'><strong>formetur,</strong></span> <span class='ocrx_word' id='word_1_218' title='bbox 944 2826 1229 2886; x_wconf 86' lang='lat' dir='ltr'><strong>utrumque</strong></span> <span class='ocrx_word' id='word_1_219' title='bbox 1271 2815 1565 2870; x_wconf 74' lang='lat' dir='ltr'><strong>ostenditur</strong></span> <span class='ocrx_word' id='word_1_220' title='bbox 1588 2857 1601 2878; x_wconf 89' lang='lat'><strong>,</strong></span> <span class='ocrx_word' id='word_1_221' title='bbox 1630 2823 1684 2870; x_wconf 88' lang='lat' dir='ltr'><strong>et</strong></span> <span class='ocrx_word' id='word_1_222' title='bbox 1713 2814 1948 2869; x_wconf 89' lang='lat' dir='ltr'><strong>nondum</strong></span> <span class='ocrx_word' id='word_1_223' title='bbox 1977 2814 2086 2868; x_wconf 80' lang='lat' dir='ltr'><strong>fur-</strong></span> 
     </span>
    </p>
   </div>
   <div class='ocr_carea' id='block_1_29' title="bbox 498 2906 2088 2987">
    <p class='ocr_par' dir='ltr' id='par_1_29' title="bbox 498 2906 2088 2987">
     <span class='ocr_line' id='line_1_29' title="bbox 498 2906 2088 2987; baseline -0.004 -22"><span class='ocrx_word' id='word_1_224' title='bbox 498 2922 703 2966; x_wconf 86' lang='lat' dir='ltr'><strong>ntatum</strong></span> <span class='ocrx_word' id='word_1_225' title='bbox 730 2925 872 2977; x_wconf 90' lang='lat' dir='ltr'><strong>esse,</strong></span> <span class='ocrx_word' id='word_1_226' title='bbox 910 2920 964 2963; x_wconf 83' lang='lat' dir='ltr'><strong>et</strong></span> <span class='ocrx_word' id='word_1_227' title='bbox 988 2908 1206 2963; x_wconf 83' lang='lat' dir='ltr'><strong>formari</strong></span> <span class='ocrx_word' id='word_1_228' title='bbox 1254 2909 1443 2963; x_wconf 87' lang='lat' dir='ltr'><strong>iterum</strong></span> <span class='ocrx_word' id='word_1_229' title='bbox 1473 2923 1647 2987; x_wconf 80' lang='lat' dir='ltr'><strong>posse.</strong></span> <span class='ocrx_word' id='word_1_230' title='bbox 1696 2906 1750 2960; x_wconf 82' lang='lat' dir='ltr'><strong>Si</strong></span> <span class='ocrx_word' id='word_1_231' title='bbox 1782 2908 1922 2961; x_wconf 86' lang='lat' dir='ltr'><strong>enim</strong></span> <span class='ocrx_word' id='word_1_232' title='bbox 1974 2906 2088 2961; x_wconf 86' lang='lat' dir='ltr'><strong>fieri</strong></span> 
     </span>
    </p>
   </div>
   <div class='ocr_carea' id='block_1_30' title="bbox 501 2998 2093 3073">
    <p class='ocr_par' dir='ltr' id='par_1_30' title="bbox 501 2998 2093 3073">
     <span class='ocr_line' id='line_1_30' title="bbox 501 2998 2093 3073; baseline -0.003 -16"><span class='ocrx_word' id='word_1_233' title='bbox 501 3018 609 3058; x_wconf 88' lang='lat' dir='ltr'><strong>non</strong></span> <span class='ocrx_word' id='word_1_234' title='bbox 635 3012 836 3073; x_wconf 88' lang='lat' dir='ltr'><strong>posset,</strong></span> <span class='ocrx_word' id='word_1_235' title='bbox 863 3003 914 3057; x_wconf 91' lang='lat' dir='ltr'><strong>in</strong></span> <span class='ocrx_word' id='word_1_236' title='bbox 945 3016 1168 3056; x_wconf 89' lang='lat' dir='ltr'><strong>vacuum</strong></span> <span class='ocrx_word' id='word_1_237' title='bbox 1194 3001 1260 3055; x_wconf 91' lang='lat' dir='ltr'><strong>ad</strong></span> <span class='ocrx_word' id='word_1_238' title='bbox 1283 3016 1375 3057; x_wconf 87' lang='lat' dir='ltr'><strong>eos</strong></span> <span class='ocrx_word' id='word_1_239' title='bbox 1397 3001 1643 3067; x_wconf 77' lang='lat' dir='ltr'><strong>dixisset,</strong></span> <span class='ocrx_word' id='word_1_240' title='bbox 1673 2998 1842 3055; x_wconf 84' lang='lat' dir='ltr'><strong>Donec</strong></span> <span class='ocrx_word' id='word_1_241' title='bbox 1864 2998 2093 3054; x_wconf 80' lang='lat' dir='ltr'><strong>Christus</strong></span> 
     </span>
    </p>
   </div>
   <div class='ocr_carea' id='block_1_31' title="bbox 499 3093 1859 3169">
    <p class='ocr_par' dir='ltr' id='par_1_31' title="bbox 499 3093 1859 3169">
     <span class='ocr_line' id='line_1_31' title="bbox 499 3093 1859 3169; baseline -0.003 -19"><span class='ocrx_word' id='word_1_242' title='bbox 499 3097 751 3169; x_wconf 87' lang='lat' dir='ltr'><strong>formetur</strong></span> <span class='ocrx_word' id='word_1_243' title='bbox 776 3097 829 3151; x_wconf 87' lang='lat' dir='ltr'><strong>in</strong></span> <span class='ocrx_word' id='word_1_244' title='bbox 856 3095 992 3150; x_wconf 80' lang='lat' dir='ltr'><strong>vobis</strong></span> <span class='ocrx_word' id='word_1_245' title='bbox 1016 3110 1034 3148; x_wconf 91' lang='lat'><strong><em>:</em></strong></span> <span class='ocrx_word' id='word_1_246' title='bbox 1056 3105 1109 3149; x_wconf 88' lang='lat' dir='ltr'><strong>et</strong></span> <span class='ocrx_word' id='word_1_247' title='bbox 1132 3095 1275 3163; x_wconf 88' lang='lat' dir='ltr'><strong>ipsos</strong></span> <span class='ocrx_word' id='word_1_248' title='bbox 1300 3109 1394 3164; x_wconf 90' lang='lat' dir='ltr'><strong>spe</strong></span> <span class='ocrx_word' id='word_1_249' title='bbox 1422 3110 1559 3148; x_wconf 88' lang='lat' dir='ltr'><strong>vana</strong></span> <span class='ocrx_word' id='word_1_250' title='bbox 1589 3093 1859 3148; x_wconf 87' lang='lat' dir='ltr'><strong>iactasset.</strong></span> 
     </span>
    </p>
   </div>
   <div class='ocr_carea' id='block_1_32' title="bbox 582 3182 2097 3263">
    <p class='ocr_par' dir='ltr' id='par_1_32' title="bbox 582 3182 2097 3263">
     <span class='ocr_line' id='line_1_32' title="bbox 582 3182 2097 3263; baseline -0.008 -16"><span class='ocrx_word' id='word_1_251' title='bbox 582 3193 639 3247; x_wconf 72' lang='grc'><strong>2.</strong></span> <span class='ocrx_word' id='word_1_252' title='bbox 681 3191 975 3263; x_wconf 77' lang='lat' dir='ltr'><strong>Desperatio</strong></span> <span class='ocrx_word' id='word_1_253' title='bbox 1004 3199 1049 3243; x_wconf 84' lang='lat' dir='ltr'><strong>et</strong></span> <span class='ocrx_word' id='word_1_254' title='bbox 1074 3189 1302 3259; x_wconf 81' lang='lat' dir='ltr'><strong>segnities</strong></span> <span class='ocrx_word' id='word_1_255' title='bbox 1325 3186 1634 3258; x_wconf 78' lang='lat' dir='ltr'><strong>pernicioste.</strong></span> <span class='ocrx_word' id='word_1_256' title='bbox 1678 3213 1750 3225; x_wconf 89' lang='lat'><strong>—-</strong></span> <span class='ocrx_word' id='word_1_257' title='bbox 1788 3183 1912 3238; x_wconf 73' lang='grc' dir='ltr'><strong>ιιωο</strong></span> <span class='ocrx_word' id='word_1_258' title='bbox 1938 3182 2097 3253; x_wconf 79' lang='lat' dir='ltr'><strong>igitur</strong></span> 
     </span>
    </p>
   </div>
   <div class='ocr_carea' id='block_1_33' title="bbox 507 3273 2098 3351">
    <p class='ocr_par' dir='ltr' id='par_1_33' title="bbox 507 3273 2098 3351">
     <span class='ocr_line' id='line_1_33' title="bbox 507 3273 2098 3351; baseline -0.009 -12"><span class='ocrx_word' id='word_1_259' title='bbox 507 3284 740 3340; x_wconf 75' lang='lat' dir='ltr'><strong>scientes</strong></span> <span class='ocrx_word' id='word_1_260' title='bbox 763 3324 778 3345; x_wconf 84' lang='lat'><strong>,</strong></span> <span class='ocrx_word' id='word_1_261' title='bbox 815 3297 985 3351; x_wconf 87' lang='lat' dir='ltr'><strong>neque</strong></span> <span class='ocrx_word' id='word_1_262' title='bbox 1008 3280 1105 3349; x_wconf 88' lang='lat' dir='ltr'><strong>ipsi</strong></span> <span class='ocrx_word' id='word_1_263' title='bbox 1132 3295 1161 3332; x_wconf 89' lang='lat' dir='ltr'><strong>a</strong></span> <span class='ocrx_word' id='word_1_264' title='bbox 1192 3294 1286 3348; x_wconf 89' lang='lat' dir='ltr'><strong>spe</strong></span> <span class='ocrx_word' id='word_1_265' title='bbox 1314 3276 1566 3332; x_wconf 80' lang='lat' dir='ltr'><strong>cudamus</strong></span> <span class='ocrx_word' id='word_1_266' title='bbox 1589 3317 1604 3340; x_wconf 90' lang='lat'><strong>,</strong></span> <span class='ocrx_word' id='word_1_267' title='bbox 1636 3273 1731 3330; x_wconf 86' lang='lat' dir='ltr'><strong>sed</strong></span> <span class='ocrx_word' id='word_1_268' title='bbox 1774 3289 1947 3342; x_wconf 87' lang='lat' dir='ltr'><strong>neque</strong></span> <span class='ocrx_word' id='word_1_269' title='bbox 1981 3289 2098 3327; x_wconf 70' lang='lat' dir='ltr'><strong>on.-</strong></span> 
     </span>
    </p>
   </div>
   <div class='ocr_carea' id='block_1_34' title="bbox 508 3362 2099 3445">
    <p class='ocr_par' dir='ltr' id='par_1_34' title="bbox 508 3362 2099 3445">
     <span class='ocr_line' id='line_1_34' title="bbox 508 3362 2099 3445; baseline -0.011 -12"><span class='ocrx_word' id='word_1_270' title='bbox 508 3362 639 3434; x_wconf 84' lang='lat' dir='ltr'><strong>nino</strong></span> <span class='ocrx_word' id='word_1_271' title='bbox 666 3375 1013 3445; x_wconf 82' lang='lat' dir='ltr'><strong>pigrilemur;</strong></span> <span class='ocrx_word' id='word_1_272' title='bbox 1053 3382 1274 3439; x_wconf 89' lang='lat' dir='ltr'><strong>utraque</strong></span> <span class='ocrx_word' id='word_1_273' title='bbox 1309 3368 1451 3423; x_wconf 89' lang='lat' dir='ltr'><strong>enim</strong></span> <span class='ocrx_word' id='word_1_274' title='bbox 1485 3368 1601 3422; x_wconf 76' lang='lat' dir='ltr'><strong>inec</strong></span> <span class='ocrx_word' id='word_1_275' title='bbox 1641 3366 1960 3437; x_wconf 62' lang='lat' dir='ltr'><strong>perniciosa.</strong></span> <span class='ocrx_word' id='word_1_276' title='bbox 1995 3364 2099 3418; x_wconf 85' lang='lat' dir='ltr'><strong>De.-</strong></span> 
     </span>
    </p>
   </div>
   <div class='ocr_carea' id='block_1_35' title="bbox 508 3453 2097 3539">
    <p class='ocr_par' dir='ltr' id='par_1_35' title="bbox 508 3453 2097 3539">
     <span class='ocr_line' id='line_1_35' title="bbox 508 3453 2097 3539; baseline -0.011 -15"><span class='ocrx_word' id='word_1_277' title='bbox 508 3467 743 3539; x_wconf 87' lang='lat' dir='ltr'><strong>speratio</strong></span> <span class='ocrx_word' id='word_1_278' title='bbox 770 3465 982 3535; x_wconf 84' lang='lat' dir='ltr'><strong>quidem</strong></span> <span class='ocrx_word' id='word_1_279' title='bbox 1005 3463 1269 3532; x_wconf 87' lang='lat' dir='ltr'><strong>jacentem</strong></span> <span class='ocrx_word' id='word_1_280' title='bbox 1292 3474 1577 3527; x_wconf 62' lang='lat' dir='ltr'><strong>exsurgere</strong></span> <span class='ocrx_word' id='word_1_281' title='bbox 1605 3472 1709 3510; x_wconf 90' lang='lat' dir='ltr'><strong>non</strong></span> <span class='ocrx_word' id='word_1_282' title='bbox 1735 3455 1901 3521; x_wconf 86' lang='lat' dir='ltr'><strong>sinit,</strong></span> <span class='ocrx_word' id='word_1_283' title='bbox 1933 3453 2097 3523; x_wconf 80' lang='lat' dir='ltr'><strong>pigri-</strong></span> 
     </span>
    </p>
   </div>
   <div class='ocr_carea' id='block_1_36' title="bbox 516 3543 2104 3616">
    <p class='ocr_par' dir='ltr' id='par_1_36' title="bbox 516 3543 2104 3616">
     <span class='ocr_line' id='line_1_36' title="bbox 516 3543 2104 3616; baseline -0.011 -2"><span class='ocrx_word' id='word_1_284' title='bbox 516 3562 588 3615; x_wconf 89' lang='lat' dir='ltr'><strong>tia</strong></span> <span class='ocrx_word' id='word_1_285' title='bbox 617 3573 745 3613; x_wconf 86' lang='lat' dir='ltr'><strong>vero</strong></span> <span class='ocrx_word' id='word_1_286' title='bbox 775 3568 829 3611; x_wconf 91' lang='lat' dir='ltr'><strong>et</strong></span> <span class='ocrx_word' id='word_1_287' title='bbox 855 3565 1082 3609; x_wconf 83' lang='lat' dir='ltr'><strong>stantem</strong></span> <span class='ocrx_word' id='word_1_288' title='bbox 1114 3552 1305 3607; x_wconf 84' lang='lat' dir='ltr'><strong>cadere</strong></span> <span class='ocrx_word' id='word_1_289' title='bbox 1344 3549 1469 3603; x_wconf 58' lang='lat' dir='ltr'><strong>facit</strong></span> <span class='ocrx_word' id='word_1_290' title='bbox 1500 3565 1514 3601; x_wconf 92' lang='lat'><strong>:</strong></span> <span class='ocrx_word' id='word_1_291' title='bbox 1559 3555 1717 3616; x_wconf 89' lang='lat' dir='ltr'><strong>atque</strong></span> <span class='ocrx_word' id='word_1_292' title='bbox 1763 3544 1851 3599; x_wconf 88' lang='lat' dir='ltr'><strong>i‘la</strong></span> <span class='ocrx_word' id='word_1_293' title='bbox 1890 3543 2104 3614; x_wconf 80' lang='lat' dir='ltr'><strong>quidem</strong></span> 
     </span>
    </p>
   </div>
   <div class='ocr_carea' id='block_1_37' title="bbox 514 3633 2108 3722">
    <p class='ocr_par' dir='ltr' id='par_1_37' title="bbox 514 3633 2108 3722">
     <span class='ocr_line' id='line_1_37' title="bbox 514 3633 2108 3722; baseline -0.012 -17"><span class='ocrx_word' id='word_1_294' title='bbox 514 3652 626 3722; x_wconf 76' lang='lat' dir='ltr'><strong>jam</strong></span> <span class='ocrx_word' id='word_1_295' title='bbox 653 3648 815 3718; x_wconf 87' lang='lat' dir='ltr'><strong>partis</strong></span> <span class='ocrx_word' id='word_1_296' title='bbox 843 3645 1053 3714; x_wconf 86' lang='lat' dir='ltr'><strong>privare</strong></span> <span class='ocrx_word' id='word_1_297' title='bbox 1080 3657 1177 3696; x_wconf 81' lang='lat' dir='ltr'><strong>nos</strong></span> <span class='ocrx_word' id='word_1_298' title='bbox 1207 3640 1344 3696; x_wconf 82' lang='lat' dir='ltr'><strong>solet</strong></span> <span class='ocrx_word' id='word_1_299' title='bbox 1375 3639 1526 3692; x_wconf 88' lang='lat' dir='ltr'><strong>bonis</strong></span> <span class='ocrx_word' id='word_1_300' title='bbox 1551 3679 1563 3701; x_wconf 93' lang='lat'><strong>,</strong></span> <span class='ocrx_word' id='word_1_301' title='bbox 1593 3637 1709 3690; x_wconf 72' lang='lat' dir='ltr'><strong>hmc</strong></span> <span class='ocrx_word' id='word_1_302' title='bbox 1738 3635 1890 3689; x_wconf 90' lang='lat' dir='ltr'><strong>malis</strong></span> <span class='ocrx_word' id='word_1_303' title='bbox 1919 3633 2108 3703; x_wconf 84' lang='lat' dir='ltr'><strong>quibus</strong></span> 
     </span>
    </p>
   </div>
   <div class='ocr_carea' id='block_1_38' title="bbox 522 3722 2107 3810">
    <p class='ocr_par' dir='ltr' id='par_1_38' title="bbox 522 3722 2107 3810">
     <span class='ocr_line' id='line_1_38' title="bbox 522 3722 2107 3810; baseline -0.013 -14"><span class='ocrx_word' id='word_1_304' title='bbox 522 3752 777 3810; x_wconf 88' lang='lat' dir='ltr'><strong>urgemur</strong></span> <span class='ocrx_word' id='word_1_305' title='bbox 807 3750 904 3790; x_wconf 90' lang='lat' dir='ltr'><strong>nos</strong></span> <span class='ocrx_word' id='word_1_306' title='bbox 931 3732 1144 3788; x_wconf 85' lang='lat' dir='ltr'><strong>liberari</strong></span> <span class='ocrx_word' id='word_1_307' title='bbox 1176 3746 1282 3786; x_wconf 91' lang='lat' dir='ltr'><strong>non</strong></span> <span class='ocrx_word' id='word_1_308' title='bbox 1308 3730 1471 3794; x_wconf 92' lang='lat' dir='ltr'><strong>sinit,</strong></span> <span class='ocrx_word' id='word_1_309' title='bbox 1513 3739 1565 3783; x_wconf 91' lang='lat' dir='ltr'><strong>et</strong></span> <span class='ocrx_word' id='word_1_310' title='bbox 1591 3727 1861 3797; x_wconf 85' lang='lat' dir='ltr'><strong>neglectus</strong></span> <span class='ocrx_word' id='word_1_311' title='bbox 1891 3722 2107 3795; x_wconf 82' lang='lat' dir='ltr'><strong>quidem</strong></span> 
     </span>
    </p>
   </div>
   <div class='ocr_carea' id='block_1_39' title="bbox 525 3819 2113 3901">
    <p class='ocr_par' dir='ltr' id='par_1_39' title="bbox 525 3819 2113 3901">
     <span class='ocr_line' id='line_1_39' title="bbox 525 3819 2113 3901; baseline -0.012 -13"><span class='ocrx_word' id='word_1_312' title='bbox 525 3848 590 3888; x_wconf 74' lang='lat' dir='ltr'><strong>ex</strong></span> <span class='ocrx_word' id='word_1_313' title='bbox 621 3830 747 3901; x_wconf 86' lang='lat' dir='ltr'><strong>ipsis</strong></span> <span class='ocrx_word' id='word_1_314' title='bbox 775 3826 1007 3883; x_wconf 87' lang='lat' dir='ltr'><strong>detrudit</strong></span> <span class='ocrx_word' id='word_1_315' title='bbox 1036 3825 1183 3880; x_wconf 69' lang='lat' dir='ltr'><strong>czelis</strong></span> <span class='ocrx_word' id='word_1_316' title='bbox 1205 3864 1221 3891; x_wconf 94' lang='lat'><strong>,</strong></span> <span class='ocrx_word' id='word_1_317' title='bbox 1246 3822 1549 3891; x_wconf 87' lang='lat' dir='ltr'><strong>desperatio</strong></span> <span class='ocrx_word' id='word_1_318' title='bbox 1570 3835 1696 3874; x_wconf 86' lang='lat' dir='ltr'><strong>vero</strong></span> <span class='ocrx_word' id='word_1_319' title='bbox 1718 3819 1771 3874; x_wconf 92' lang='lat' dir='ltr'><strong>in</strong></span> <span class='ocrx_word' id='word_1_320' title='bbox 1798 3819 1965 3887; x_wconf 83' lang='lat' dir='ltr'><strong>ipsum</strong></span> <span class='ocrx_word' id='word_1_321' title='bbox 1996 3832 2113 3870; x_wconf 87' lang='lat' dir='ltr'><strong>ma-</strong></span> 
     </span>
    </p>
   </div>
   <div class='ocr_carea' id='block_1_40' title="bbox 527 3912 2105 3990">
    <p class='ocr_par' dir='ltr' id='par_1_40' title="bbox 527 3912 2105 3990">
     <span class='ocr_line' id='line_1_40' title="bbox 527 3912 2105 3990; baseline -0.012 -10"><span class='ocrx_word' id='word_1_322' title='bbox 527 3925 659 3980; x_wconf 72' lang='lat' dir='ltr'><strong>litia:</strong></span> <span class='ocrx_word' id='word_1_323' title='bbox 702 3921 914 3977; x_wconf 79' lang='lat' dir='ltr'><strong>deducit</strong></span> <span class='ocrx_word' id='word_1_324' title='bbox 961 3919 1209 3990; x_wconf 86' lang='lat' dir='ltr'><strong>abyssum</strong></span> <span class='ocrx_word' id='word_1_325' title='bbox 1237 3957 1252 3982; x_wconf 95' lang='lat'><strong>,</strong></span> <span class='ocrx_word' id='word_1_326' title='bbox 1302 3916 1437 3971; x_wconf 89' lang='lat' dir='ltr'><strong>sicut</strong></span> <span class='ocrx_word' id='word_1_327' title='bbox 1482 3914 1523 3968; x_wconf 89' lang='lat' dir='ltr'><strong>si</strong></span> <span class='ocrx_word' id='word_1_328' title='bbox 1572 3927 1679 3968; x_wconf 90' lang='lat' dir='ltr'><strong>non</strong></span> <span class='ocrx_word' id='word_1_329' title='bbox 1732 3912 2105 3979; x_wconf 87' lang='lat' dir='ltr'><strong>desperemus,</strong></span> 
     </span>
    </p>
   </div>
   <div class='ocr_carea' id='block_1_41' title="bbox 530 4003 2114 4073">
    <p class='ocr_par' dir='ltr' id='par_1_41' title="bbox 530 4003 2114 4073">
     <span class='ocr_line' id='line_1_41' title="bbox 530 4003 2114 4073; baseline -0.011 -2"><span class='ocrx_word' id='word_1_330' title='bbox 530 4017 641 4071; x_wconf 82' lang='lat' dir='ltr'><strong>cito</strong></span> <span class='ocrx_word' id='word_1_331' title='bbox 670 4014 812 4069; x_wconf 91' lang='lat' dir='ltr'><strong>illinc</strong></span> <span class='ocrx_word' id='word_1_332' title='bbox 839 4010 1163 4069; x_wconf 89' lang='lat' dir='ltr'><strong>reducimur.</strong></span> <span class='ocrx_word' id='word_1_333' title='bbox 1194 4007 1485 4064; x_wconf 87' lang='lat' dir='ltr'><strong>Considera</strong></span> <span class='ocrx_word' id='word_1_334' title='bbox 1516 4020 1644 4060; x_wconf 87' lang='lat' dir='ltr'><strong>vero</strong></span> <span class='ocrx_word' id='word_1_335' title='bbox 1667 4003 1938 4073; x_wconf 77' lang='lat' dir='ltr'><strong>utriusque</strong></span> <span class='ocrx_word' id='word_1_336' title='bbox 1966 4003 2071 4054; x_wconf 90' lang='lat' dir='ltr'><strong>vim</strong></span> <span class='ocrx_word' id='word_1_337' title='bbox 2100 4018 2114 4054; x_wconf 91' lang='lat'><strong>:</strong></span> 
     </span>
    </p>
   </div>
   <div class='ocr_carea' id='block_1_42' title="bbox 529 4094 2120 4170">
    <p class='ocr_par' dir='ltr' id='par_1_42' title="bbox 529 4094 2120 4170">
     <span class='ocr_line' id='line_1_42' title="bbox 529 4094 2120 4170; baseline -0.009 -7"><span class='ocrx_word' id='word_1_338' title='bbox 529 4107 774 4163; x_wconf 87' lang='lat' dir='ltr'><strong>diabolus</strong></span> <span class='ocrx_word' id='word_1_339' title='bbox 799 4114 952 4161; x_wconf 86' lang='lat' dir='ltr'><strong>antea</strong></span> <span class='ocrx_word' id='word_1_340' title='bbox 981 4103 1153 4158; x_wconf 90' lang='lat' dir='ltr'><strong>bonus</strong></span> <span class='ocrx_word' id='word_1_341' title='bbox 1188 4109 1341 4166; x_wconf 84' lang='lat' dir='ltr'><strong>erat;</strong></span> <span class='ocrx_word' id='word_1_342' title='bbox 1382 4099 1636 4170; x_wconf 87' lang='lat' dir='ltr'><strong>pigritans</strong></span> <span class='ocrx_word' id='word_1_343' title='bbox 1674 4112 1798 4152; x_wconf 86' lang='lat' dir='ltr'><strong>vero</strong></span> <span class='ocrx_word' id='word_1_344' title='bbox 1836 4104 1890 4151; x_wconf 92' lang='lat' dir='ltr'><strong>ct</strong></span> <span class='ocrx_word' id='word_1_345' title='bbox 1925 4094 2120 4163; x_wconf 57' lang='lat' dir='ltr'><strong>desiis-</strong></span> 
     </span>
    </p>
   </div>
   <div class='ocr_carea' id='block_1_43' title="bbox 528 4186 2117 4264">
    <p class='ocr_par' dir='ltr' id='par_1_43' title="bbox 528 4186 2117 4264">
     <span class='ocr_line' id='line_1_43' title="bbox 528 4186 2117 4264; baseline -0.011 -9"><span class='ocrx_word' id='word_1_346' title='bbox 528 4215 655 4255; x_wconf 81' lang='lat' dir='ltr'><strong>rans</strong></span> <span class='ocrx_word' id='word_1_347' title='bbox 682 4198 913 4262; x_wconf 89' lang='lat' dir='ltr'><strong>cecidit,</strong></span> <span class='ocrx_word' id='word_1_348' title='bbox 946 4205 1195 4264; x_wconf 86' lang='lat' dir='ltr'><strong>tantaque</strong></span> <span class='ocrx_word' id='word_1_349' title='bbox 1220 4193 1445 4248; x_wconf 91' lang='lat' dir='ltr'><strong>obrutus</strong></span> <span class='ocrx_word' id='word_1_350' title='bbox 1470 4190 1668 4244; x_wconf 90' lang='lat' dir='ltr'><strong>malitia</strong></span> <span class='ocrx_word' id='word_1_351' title='bbox 1698 4196 1780 4242; x_wconf 88' lang='lat' dir='ltr'><strong>est</strong></span> <span class='ocrx_word' id='word_1_352' title='bbox 1800 4230 1814 4253; x_wconf 92' lang='lat'><strong>,</strong></span> <span class='ocrx_word' id='word_1_353' title='bbox 1847 4196 1906 4241; x_wconf 92' lang='lat' dir='ltr'><strong>ut</strong></span> <span class='ocrx_word' id='word_1_354' title='bbox 1934 4186 1987 4239; x_wconf 89' lang='lat' dir='ltr'><strong>in</strong></span> <span class='ocrx_word' id='word_1_355' title='bbox 2019 4201 2117 4256; x_wconf 85' lang='lat' dir='ltr'><strong>po-</strong></span> 
     </span>
    </p>
   </div>
   <div class='ocr_carea' id='block_1_44' title="bbox 532 4275 2122 4353">
    <p class='ocr_par' dir='ltr' id='par_1_44' title="bbox 532 4275 2122 4353">
     <span class='ocr_line' id='line_1_44' title="bbox 532 4275 2122 4353; baseline -0.01 -9"><span class='ocrx_word' id='word_1_356' title='bbox 532 4299 735 4345; x_wconf 88' lang='lat' dir='ltr'><strong>sterum</strong></span> <span class='ocrx_word' id='word_1_357' title='bbox 767 4304 870 4343; x_wconf 90' lang='lat' dir='ltr'><strong>non</strong></span> <span class='ocrx_word' id='word_1_358' title='bbox 903 4294 1165 4353; x_wconf 81' lang='lat' dir='ltr'><strong>resurgat.</strong></span> <span class='ocrx_word' id='word_1_359' title='bbox 1195 4282 1349 4352; x_wconf 86' lang='lat' dir='ltr'><strong>Quod</strong></span> <span class='ocrx_word' id='word_1_360' title='bbox 1380 4280 1519 4336; x_wconf 90' lang='lat' dir='ltr'><strong>enim</strong></span> <span class='ocrx_word' id='word_1_361' title='bbox 1566 4279 1739 4334; x_wconf 91' lang='lat' dir='ltr'><strong>bonus</strong></span> <span class='ocrx_word' id='word_1_362' title='bbox 1777 4277 1971 4341; x_wconf 89' lang='lat' dir='ltr'><strong>fuerit,</strong></span> <span class='ocrx_word' id='word_1_363' title='bbox 2000 4275 2122 4329; x_wconf 89' lang='lat' dir='ltr'><strong>audi</strong></span> 
     </span>
    </p>
   </div>
   <div class='ocr_carea' id='block_1_45' title="bbox 534 4366 2126 4451">
    <p class='ocr_par' dir='ltr' id='par_1_45' title="bbox 534 4366 2126 4451">
     <span class='ocr_line' id='line_1_45' title="bbox 534 4366 2126 4451; baseline -0.008 -17"><span class='ocrx_word' id='word_1_364' title='bbox 534 4379 664 4451; x_wconf 83' lang='lat' dir='ltr'><strong>quid</strong></span> <span class='ocrx_word' id='word_1_365' title='bbox 693 4378 898 4434; x_wconf 84' lang='lat' dir='ltr'><strong>dicatur</strong></span> <span class='ocrx_word' id='word_1_366' title='bbox 928 4395 941 4432; x_wconf 90' lang='lat'>:</span> <span class='ocrx_word' id='word_1_367' title='bbox 982 4375 1100 4431; x_wconf 80' lang='lat' dir='ltr'><strong>Vidi</strong></span> <span class='ocrx_word' id='word_1_368' title='bbox 1127 4385 1356 4429; x_wconf 89' lang='lat' dir='ltr'><strong>satanam</strong></span> <span class='ocrx_word' id='word_1_369' title='bbox 1395 4370 1545 4426; x_wconf 84' lang='lat' dir='ltr'><strong>veluti</strong></span> <span class='ocrx_word' id='word_1_370' title='bbox 1573 4370 1748 4443; x_wconf 78' lang='lat' dir='ltr'><strong>fulgur</strong></span> <span class='ocrx_word' id='word_1_371' title='bbox 1776 4369 2034 4422; x_wconf 82' lang='lat' dir='ltr'><strong>cadentem</strong></span> <span class='ocrx_word' id='word_1_372' title='bbox 2062 4366 2126 4421; x_wconf 89' lang='lat' dir='ltr'><strong>de</strong></span> 
     </span>
    </p>
   </div>
   <div class='ocr_carea' id='block_1_46' title="bbox 534 4460 2121 4541">
    <p class='ocr_par' dir='ltr' id='par_1_46' title="bbox 534 4460 2121 4541">
     <span class='ocr_line' id='line_1_46' title="bbox 534 4460 2121 4541; baseline -0.008 -15"><span class='ocrx_word' id='word_1_373' title='bbox 534 4471 659 4526; x_wconf 71' lang='lat' dir='ltr'><strong>uelo</strong></span> <span class='ocrx_word' id='word_1_374' title='bbox 712 4468 883 4541; x_wconf 88' lang='lat' dir='ltr'><strong>(Luc.</strong></span> <span class='ocrx_word' id='word_1_375' title='bbox 927 4469 1014 4523; x_wconf 80' lang='grc'><strong>10.</strong></span> <span class='ocrx_word' id='word_1_376' title='bbox 1060 4465 1191 4537; x_wconf 84' lang='lat' dir='ltr'><strong>i8).</strong></span> <span class='ocrx_word' id='word_1_377' title='bbox 1235 4465 1477 4534; x_wconf 78' lang='lat' dir='ltr'><strong>Fulguris</strong></span> <span class='ocrx_word' id='word_1_378' title='bbox 1517 4465 1657 4519; x_wconf 89' lang='lat' dir='ltr'><strong>enim</strong></span> <span class='ocrx_word' id='word_1_379' title='bbox 1699 4460 2027 4525; x_wconf 88' lang='lat' dir='ltr'><strong>similitudo,</strong></span> <span class='ocrx_word' id='word_1_380' title='bbox 2071 4469 2121 4514; x_wconf 91' lang='lat' dir='ltr'><strong>ct</strong></span> 
     </span>
    </p>
   </div>
   <div class='ocr_carea' id='block_1_47' title="bbox 534 4555 2129 4631">
    <p class='ocr_par' dir='ltr' id='par_1_47' title="bbox 534 4555 2129 4631">
     <span class='ocr_line' id='line_1_47' title="bbox 534 4555 2129 4631; baseline -0.008 -14"><span class='ocrx_word' id='word_1_381' title='bbox 534 4561 828 4617; x_wconf 90' lang='lat' dir='ltr'><strong>claritatem</strong></span> <span class='ocrx_word' id='word_1_382' title='bbox 862 4558 1101 4631; x_wconf 79' lang='lat' dir='ltr'><strong>pristinae</strong></span> <span class='ocrx_word' id='word_1_383' title='bbox 1127 4556 1546 4613; x_wconf 77' lang='lat' dir='ltr'><strong>conversationis</strong></span> <span class='ocrx_word' id='word_1_384' title='bbox 1572 4555 1844 4621; x_wconf 89' lang='lat' dir='ltr'><strong>ostendit,</strong></span> <span class='ocrx_word' id='word_1_385' title='bbox 1887 4560 1941 4605; x_wconf 91' lang='lat' dir='ltr'><strong>et</strong></span> <span class='ocrx_word' id='word_1_386' title='bbox 1974 4565 2129 4606; x_wconf 84' lang='lat' dir='ltr'><strong>casus</strong></span> 
     </span>
    </p>
   </div>
   <div class='ocr_carea' id='block_1_48' title="bbox 541 4647 2128 4717">
    <p class='ocr_par' dir='ltr' id='par_1_48' title="bbox 541 4647 2128 4717">
     <span class='ocr_line' id='line_1_48' title="bbox 541 4647 2128 4717; baseline -0.008 -11"><span class='ocrx_word' id='word_1_387' title='bbox 541 4650 901 4707; x_wconf 76' lang='lat' dir='ltr'><strong>velocitatem.</strong></span> <span class='ocrx_word' id='word_1_388' title='bbox 937 4649 1130 4704; x_wconf 84' lang='lat' dir='ltr'><strong>Paulus</strong></span> <span class='ocrx_word' id='word_1_389' title='bbox 1158 4647 1497 4717; x_wconf 88' lang='lat' dir='ltr'><strong>blasphemus</strong></span> <span class='ocrx_word' id='word_1_390' title='bbox 1540 4653 1694 4711; x_wconf 89' lang='lat' dir='ltr'><strong>erat,</strong></span> <span class='ocrx_word' id='word_1_391' title='bbox 1737 4652 1792 4698; x_wconf 90' lang='lat' dir='ltr'><strong>et</strong></span> <span class='ocrx_word' id='word_1_392' title='bbox 1834 4656 2128 4712; x_wconf 77' lang='lat' dir='ltr'><strong>persequu-</strong></span> 
     </span>
    </p>
   </div>
   <div class='ocr_carea' id='block_1_49' title="bbox 540 4733 2130 4808">
    <p class='ocr_par' dir='ltr' id='par_1_49' title="bbox 540 4733 2130 4808">
     <span class='ocr_line' id='line_1_49' title="bbox 540 4733 2130 4808; baseline -0.009 -10"><span class='ocrx_word' id='word_1_393' title='bbox 540 4754 663 4808; x_wconf 90' lang='lat' dir='ltr'><strong>tor,</strong></span> <span class='ocrx_word' id='word_1_394' title='bbox 691 4750 745 4796; x_wconf 88' lang='lat' dir='ltr'><strong>et</strong></span> <span class='ocrx_word' id='word_1_395' title='bbox 773 4739 1191 4796; x_wconf 87' lang='lat' dir='ltr'><strong>contumeliosus</strong></span> <span class='ocrx_word' id='word_1_396' title='bbox 1230 4755 1244 4792; x_wconf 92' lang='lat'><strong>:</strong></span> <span class='ocrx_word' id='word_1_397' title='bbox 1286 4738 1409 4807; x_wconf 89' lang='lat' dir='ltr'><strong>quia</strong></span> <span class='ocrx_word' id='word_1_398' title='bbox 1451 4751 1579 4791; x_wconf 88' lang='lat' dir='ltr'><strong>vero</strong></span> <span class='ocrx_word' id='word_1_399' title='bbox 1617 4733 1895 4789; x_wconf 87' lang='lat' dir='ltr'><strong>desudavit</strong></span> <span class='ocrx_word' id='word_1_400' title='bbox 1938 4739 1993 4786; x_wconf 89' lang='lat' dir='ltr'><strong>et</strong></span> <span class='ocrx_word' id='word_1_401' title='bbox 2035 4745 2130 4800; x_wconf 88' lang='lat' dir='ltr'><strong>spe</strong></span> 
     </span>
    </p>
   </div>
   <div class='ocr_carea' id='block_1_50' title="bbox 541 4818 2130 4896">
    <p class='ocr_par' dir='ltr' id='par_1_50' title="bbox 541 4818 2130 4896">
     <span class='ocr_line' id='line_1_50' title="bbox 541 4818 2130 4896; baseline -0.009 -7"><span class='ocrx_word' id='word_1_402' title='bbox 541 4848 648 4889; x_wconf 89' lang='lat' dir='ltr'><strong>non</strong></span> <span class='ocrx_word' id='word_1_403' title='bbox 675 4831 873 4886; x_wconf 88' lang='lat' dir='ltr'><strong>decidit</strong></span> <span class='ocrx_word' id='word_1_404' title='bbox 897 4872 909 4894; x_wconf 93' lang='lat'><strong>,</strong></span> <span class='ocrx_word' id='word_1_405' title='bbox 940 4838 993 4885; x_wconf 89' lang='lat' dir='ltr'><strong>et</strong></span> <span class='ocrx_word' id='word_1_406' title='bbox 1022 4828 1363 4892; x_wconf 88' lang='lat' dir='ltr'><strong>exsurrexit,</strong></span> <span class='ocrx_word' id='word_1_407' title='bbox 1393 4841 1488 4896; x_wconf 86' lang='lat' dir='ltr'><strong>par</strong></span> <span class='ocrx_word' id='word_1_408' title='bbox 1513 4824 1715 4894; x_wconf 79' lang='lat' dir='ltr'><strong>angelis</strong></span> <span class='ocrx_word' id='word_1_409' title='bbox 1739 4822 1958 4877; x_wconf 78' lang='lat' dir='ltr'><strong>effectus</strong></span> <span class='ocrx_word' id='word_1_410' title='bbox 1990 4837 2003 4872; x_wconf 91' lang='lat'>:</span> <span class='ocrx_word' id='word_1_411' title='bbox 2032 4818 2130 4874; x_wconf 83' lang='lat' dir='ltr'><strong>Ju-</strong></span> 
     </span>
    </p>
   </div>
   <div class='ocr_carea' id='block_1_51' title="bbox 540 4910 2129 4997">
    <p class='ocr_par' dir='ltr' id='par_1_51' title="bbox 540 4910 2129 4997">
     <span class='ocr_line' id='line_1_51' title="bbox 540 4910 2129 4997; baseline -0.01 -17"><span class='ocrx_word' id='word_1_412' title='bbox 540 4925 636 4980; x_wconf 89' lang='lat' dir='ltr'><strong>das</strong></span> <span class='ocrx_word' id='word_1_413' title='bbox 664 4923 936 4997; x_wconf 87' lang='lat' dir='ltr'><strong>apostolus</strong></span> <span class='ocrx_word' id='word_1_414' title='bbox 966 4930 1078 4979; x_wconf 90' lang='lat' dir='ltr'><strong>erat</strong></span> <span class='ocrx_word' id='word_1_415' title='bbox 1108 4962 1124 4988; x_wconf 92' lang='lat'><strong>,</strong></span> <span class='ocrx_word' id='word_1_416' title='bbox 1168 4918 1263 4975; x_wconf 89' lang='lat' dir='ltr'><strong>sed</strong></span> <span class='ocrx_word' id='word_1_417' title='bbox 1290 4918 1544 4988; x_wconf 86' lang='lat' dir='ltr'><strong>pigritans</strong></span> <span class='ocrx_word' id='word_1_418' title='bbox 1569 4913 1738 4970; x_wconf 88' lang='lat' dir='ltr'><strong>factus</strong></span> <span class='ocrx_word' id='word_1_419' title='bbox 1763 4922 1846 4968; x_wconf 89' lang='lat' dir='ltr'><strong>est</strong></span> <span class='ocrx_word' id='word_1_420' title='bbox 1872 4910 2129 4981; x_wconf 90' lang='lat' dir='ltr'><strong>proditor.</strong></span> 
     </span>
    </p>
   </div>
   <div class='ocr_carea' id='block_1_52' title="bbox 543 5000 2137 5084">
    <p class='ocr_par' dir='ltr' id='par_1_52' title="bbox 543 5000 2137 5084">
     <span class='ocr_line' id='line_1_52' title="bbox 543 5000 2137 5084; baseline -0.011 -13"><span class='ocrx_word' id='word_1_421' title='bbox 543 5017 703 5073; x_wconf 86' lang='lat' dir='ltr'><strong>Latro</strong></span> <span class='ocrx_word' id='word_1_422' title='bbox 737 5017 862 5070; x_wconf 88' lang='lat' dir='ltr'><strong>item</strong></span> <span class='ocrx_word' id='word_1_423' title='bbox 892 5024 1012 5084; x_wconf 90' lang='lat' dir='ltr'><strong>post</strong></span> <span class='ocrx_word' id='word_1_424' title='bbox 1041 5021 1244 5066; x_wconf 91' lang='lat' dir='ltr'><strong>tantum</strong></span> <span class='ocrx_word' id='word_1_425' title='bbox 1275 5007 1490 5064; x_wconf 73' lang='lat' dir='ltr'><strong>malitia:</strong></span> <span class='ocrx_word' id='word_1_426' title='bbox 1513 5048 1528 5073; x_wconf 93' lang='lat'><strong>,</strong></span> <span class='ocrx_word' id='word_1_427' title='bbox 1560 5005 1681 5076; x_wconf 91' lang='lat' dir='ltr'><strong>quia</strong></span> <span class='ocrx_word' id='word_1_428' title='bbox 1708 5003 1776 5059; x_wconf 91' lang='lat' dir='ltr'><strong>de</strong></span> <span class='ocrx_word' id='word_1_429' title='bbox 1802 5017 1898 5073; x_wconf 89' lang='lat' dir='ltr'><strong>spe</strong></span> <span class='ocrx_word' id='word_1_430' title='bbox 1923 5016 2028 5055; x_wconf 91' lang='lat' dir='ltr'><strong>non</strong></span> <span class='ocrx_word' id='word_1_431' title='bbox 2059 5000 2137 5054; x_wconf 86' lang='lat' dir='ltr'><strong>la—</strong></span> 
     </span>
    </p>
   </div>
   <div class='ocr_carea' id='block_1_53' title="bbox 544 5090 2135 5179">
    <p class='ocr_par' dir='ltr' id='par_1_53' title="bbox 544 5090 2135 5179">
     <span class='ocr_line' id='line_1_53' title="bbox 544 5090 2135 5179; baseline -0.012 -17"><span class='ocrx_word' id='word_1_432' title='bbox 544 5121 676 5179; x_wconf 90' lang='lat' dir='ltr'><strong>psus</strong></span> <span class='ocrx_word' id='word_1_433' title='bbox 723 5115 805 5161; x_wconf 88' lang='lat' dir='ltr'><strong>est</strong></span> <span class='ocrx_word' id='word_1_434' title='bbox 831 5147 845 5173; x_wconf 95' lang='lat'><strong>,</strong></span> <span class='ocrx_word' id='word_1_435' title='bbox 890 5111 1014 5159; x_wconf 85' lang='lat' dir='ltr'><strong>ante</strong></span> <span class='ocrx_word' id='word_1_436' title='bbox 1054 5102 1188 5157; x_wconf 87' lang='lat' dir='ltr'><strong>alios</strong></span> <span class='ocrx_word' id='word_1_437' title='bbox 1228 5095 1532 5170; x_wconf 86' lang='lat' dir='ltr'><strong>paradisum</strong></span> <span class='ocrx_word' id='word_1_438' title='bbox 1576 5091 1915 5164; x_wconf 88' lang='lat' dir='ltr'><strong>ingreditur:</strong></span> <span class='ocrx_word' id='word_1_439' title='bbox 1948 5090 2135 5145; x_wconf 84' lang='lat' dir='ltr'><strong>Phari-</strong></span> 
     </span>
    </p>
   </div>
   <div class='ocr_carea' id='block_1_54' title="bbox 548 5182 2137 5262">
    <p class='ocr_par' dir='ltr' id='par_1_54' title="bbox 548 5182 2137 5262">
     <span class='ocr_line' id='line_1_54' title="bbox 548 5182 2137 5262; baseline -0.013 -7"><span class='ocrx_word' id='word_1_440' title='bbox 548 5214 689 5255; x_wconf 72' lang='lat' dir='ltr'><strong>smus</strong></span> <span class='ocrx_word' id='word_1_441' title='bbox 741 5197 1018 5253; x_wconf 86' lang='lat' dir='ltr'><strong>confidens</strong></span> <span class='ocrx_word' id='word_1_442' title='bbox 1054 5210 1122 5250; x_wconf 90' lang='lat' dir='ltr'><strong>ex</strong></span> <span class='ocrx_word' id='word_1_443' title='bbox 1158 5193 1275 5262; x_wconf 91' lang='lat' dir='ltr'><strong>ipso</strong></span> <span class='ocrx_word' id='word_1_444' title='bbox 1310 5187 1518 5244; x_wconf 86' lang='lat' dir='ltr'><strong>virtutis</strong></span> <span class='ocrx_word' id='word_1_445' title='bbox 1561 5185 1793 5241; x_wconf 88' lang='lat' dir='ltr'><strong>culmine</strong></span> <span class='ocrx_word' id='word_1_446' title='bbox 1833 5182 2032 5239; x_wconf 91' lang='lat' dir='ltr'><strong>decidit</strong></span> <span class='ocrx_word' id='word_1_447' title='bbox 2083 5182 2137 5236; x_wconf 89' lang='lat' dir='ltr'><strong>in</strong></span> 
     </span>
    </p>
   </div>
   <div class='ocr_carea' id='block_1_55' title="bbox 546 5272 2139 5365">
    <p class='ocr_par' dir='ltr' id='par_1_55' title="bbox 546 5272 2139 5365">
     <span class='ocr_line' id='line_1_55' title="bbox 546 5272 2139 5365; baseline -0.014 -16"><span class='ocrx_word' id='word_1_448' title='bbox 546 5291 913 5365; x_wconf 87' lang='lat' dir='ltr'><strong>profundum:</strong></span> <span class='ocrx_word' id='word_1_449' title='bbox 962 5286 1277 5360; x_wconf 85' lang='lat' dir='ltr'><strong>publicanus</strong></span> <span class='ocrx_word' id='word_1_450' title='bbox 1332 5282 1455 5352; x_wconf 86' lang='lat' dir='ltr'><strong>quia</strong></span> <span class='ocrx_word' id='word_1_451' title='bbox 1502 5295 1607 5334; x_wconf 90' lang='lat' dir='ltr'><strong>non</strong></span> <span class='ocrx_word' id='word_1_452' title='bbox 1660 5276 1998 5346; x_wconf 85' lang='lat' dir='ltr'><strong>desperavit,</strong></span> <span class='ocrx_word' id='word_1_453' title='bbox 2057 5272 2139 5328; x_wconf 87' lang='lat' dir='ltr'><strong>sic</strong></span> 
     </span>
    </p>
   </div>
   <div class='ocr_carea' id='block_1_56' title="bbox 546 5366 2143 5445">
    <p class='ocr_par' dir='ltr' id='par_1_56' title="bbox 546 5366 2143 5445">
     <span class='ocr_line' id='line_1_56' title="bbox 546 5366 2143 5445; baseline -0.016 -3"><span class='ocrx_word' id='word_1_454' title='bbox 546 5394 758 5441; x_wconf 87' lang='lat' dir='ltr'><strong>erectus</strong></span> <span class='ocrx_word' id='word_1_455' title='bbox 781 5389 900 5445; x_wconf 89' lang='lat' dir='ltr'><strong>est,</strong></span> <span class='ocrx_word' id='word_1_456' title='bbox 930 5386 990 5434; x_wconf 91' lang='lat' dir='ltr'><strong>ut</strong></span> <span class='ocrx_word' id='word_1_457' title='bbox 1027 5376 1175 5431; x_wconf 89' lang='lat' dir='ltr'><strong>illum</strong></span> <span class='ocrx_word' id='word_1_458' title='bbox 1214 5372 1553 5444; x_wconf 61' lang='lat' dir='ltr'><strong>praeveniret.</strong></span> <span class='ocrx_word' id='word_1_459' title='bbox 1589 5368 1682 5425; x_wconf 81' lang='lat' dir='ltr'><strong>Vis</strong></span> <span class='ocrx_word' id='word_1_460' title='bbox 1727 5377 1784 5423; x_wconf 92' lang='lat' dir='ltr'><strong>ut</strong></span> <span class='ocrx_word' id='word_1_461' title='bbox 1824 5366 1917 5421; x_wconf 92' lang='lat' dir='ltr'><strong>tibi</strong></span> <span class='ocrx_word' id='word_1_462' title='bbox 1955 5371 2143 5419; x_wconf 81' lang='lat' dir='ltr'><strong>osten-</strong></span> 
     </span>
    </p>
   </div>
   <div class='ocr_carea' id='block_1_57' title="bbox 549 5451 2144 5537">
    <p class='ocr_par' dir='ltr' id='par_1_57' title="bbox 549 5451 2144 5537">
     <span class='ocr_line' id='line_1_57' title="bbox 549 5451 2144 5537; baseline -0.019 0"><span class='ocrx_word' id='word_1_463' title='bbox 549 5480 672 5537; x_wconf 85' lang='lat' dir='ltr'><strong>dam</strong></span> <span class='ocrx_word' id='word_1_464' title='bbox 700 5486 754 5531; x_wconf 90' lang='lat' dir='ltr'><strong>et</strong></span> <span class='ocrx_word' id='word_1_465' title='bbox 784 5471 970 5528; x_wconf 88' lang='lat' dir='ltr'><strong>urbem</strong></span> <span class='ocrx_word' id='word_1_466' title='bbox 1000 5476 1164 5524; x_wconf 88' lang='lat' dir='ltr'><strong>totam</strong></span> <span class='ocrx_word' id='word_1_467' title='bbox 1207 5465 1312 5520; x_wconf 87' lang='lat' dir='ltr'><strong>hoc</strong></span> <span class='ocrx_word' id='word_1_468' title='bbox 1351 5461 1583 5519; x_wconf 82' lang='lat' dir='ltr'><strong>fecisse?</strong></span> <span class='ocrx_word' id='word_1_469' title='bbox 1624 5459 1975 5515; x_wconf 83' lang='lat' dir='ltr'><strong>Ninivitarum</strong></span> <span class='ocrx_word' id='word_1_470' title='bbox 2015 5451 2144 5508; x_wconf 89' lang='lat' dir='ltr'><strong>urbs</strong></span> 
     </span>
    </p>
   </div>
   <div class='ocr_carea' id='block_1_58' title="bbox 553 5543 2143 5625">
    <p class='ocr_par' dir='ltr' id='par_1_58' title="bbox 553 5543 2143 5625">
     <span class='ocr_line' id='line_1_58' title="bbox 553 5543 2143 5625; baseline -0.017 -1"><span class='ocrx_word' id='word_1_471' title='bbox 553 5568 633 5625; x_wconf 77' lang='lat' dir='ltr'><strong>sic</strong></span> <span class='ocrx_word' id='word_1_472' title='bbox 656 5563 833 5621; x_wconf 87' lang='lat' dir='ltr'><strong>omnis</strong></span> <span class='ocrx_word' id='word_1_473' title='bbox 858 5570 1064 5614; x_wconf 83' lang='lat' dir='ltr'><strong>servata</strong></span> <span class='ocrx_word' id='word_1_474' title='bbox 1093 5565 1174 5613; x_wconf 90' lang='lat' dir='ltr'><strong>est</strong></span> <span class='ocrx_word' id='word_1_475' title='bbox 1205 5576 1219 5612; x_wconf 92' lang='lat'><strong>:</strong></span> <span class='ocrx_word' id='word_1_476' title='bbox 1253 5554 1375 5610; x_wconf 84' lang='lat' dir='ltr'><strong>illos</strong></span> <span class='ocrx_word' id='word_1_477' title='bbox 1398 5554 1546 5609; x_wconf 74' lang='lat' dir='ltr'><strong>certe</strong></span> <span class='ocrx_word' id='word_1_478' title='bbox 1583 5551 1691 5605; x_wconf 91' lang='lat' dir='ltr'><strong>lata</strong></span> <span class='ocrx_word' id='word_1_479' title='bbox 1727 5547 1836 5619; x_wconf 86' lang='lat' dir='ltr'><strong>jam</strong></span> <span class='ocrx_word' id='word_1_480' title='bbox 1880 5543 2143 5601; x_wconf 80' lang='lat' dir='ltr'><strong>sententia</strong></span> 
     </span>
    </p>
   </div>
   <div class='ocr_carea' id='block_1_59' title="bbox 555 5637 2149 5725">
    <p class='ocr_par' dir='ltr' id='par_1_59' title="bbox 555 5637 2149 5725">
     <span class='ocr_line' id='line_1_59' title="bbox 555 5637 2149 5725; baseline -0.014 -15"><span class='ocrx_word' id='word_1_481' title='bbox 555 5669 586 5709; x_wconf 76' lang='grc' dir='ltr'>ι</span> <span class='ocrx_word' id='word_1_482' title='bbox 608 5672 703 5725; x_wconf 90' lang='lat' dir='ltr'><strong>spe</strong></span> <span class='ocrx_word' id='word_1_483' title='bbox 722 5650 1023 5720; x_wconf 88' lang='lat' dir='ltr'><strong>depulerat.</strong></span> <span class='ocrx_word' id='word_1_484' title='bbox 1053 5648 1166 5703; x_wconf 91' lang='lat' dir='ltr'><strong>Non</strong></span> <span class='ocrx_word' id='word_1_485' title='bbox 1194 5646 1334 5702; x_wconf 90' lang='lat' dir='ltr'><strong>enim</strong></span> <span class='ocrx_word' id='word_1_486' title='bbox 1357 5643 1523 5708; x_wconf 79' lang='lat' dir='ltr'><strong>dixit,</strong></span> <span class='ocrx_word' id='word_1_487' title='bbox 1550 5641 1605 5697; x_wconf 83' lang='lat' dir='ltr'><strong>Si</strong></span> <span class='ocrx_word' id='word_1_488' title='bbox 1634 5637 1995 5710; x_wconf 74' lang='lat' dir='ltr'><strong>pmnitentiam</strong></span> <span class='ocrx_word' id='word_1_489' title='bbox 2024 5648 2149 5704; x_wconf 84' lang='lat' dir='ltr'><strong>ege-</strong></span> 
     </span>
    </p>
   </div>
   <div class='ocr_carea' id='block_1_60' title="bbox 556 5728 2144 5809">
    <p class='ocr_par' dir='ltr' id='par_1_60' title="bbox 556 5728 2144 5809">
     <span class='ocr_line' id='line_1_60' title="bbox 556 5728 2144 5809; baseline -0.011 -11"><span class='ocrx_word' id='word_1_490' title='bbox 556 5753 665 5799; x_wconf 78' lang='lat' dir='ltr'><strong>rint</strong></span> <span class='ocrx_word' id='word_1_491' title='bbox 689 5785 705 5809; x_wconf 92' lang='lat'><strong>,</strong></span> <span class='ocrx_word' id='word_1_492' title='bbox 736 5740 1130 5798; x_wconf 81' lang='lat' dir='ltr'><strong>servabuntur:</strong></span> <span class='ocrx_word' id='word_1_493' title='bbox 1158 5736 1251 5797; x_wconf 87' lang='lat' dir='ltr'><strong>sed</strong></span> <span class='ocrx_word' id='word_1_494' title='bbox 1282 5736 1450 5793; x_wconf 88' lang='lat' dir='ltr'><strong>solum</strong></span> <span class='ocrx_word' id='word_1_495' title='bbox 1476 5775 1493 5805; x_wconf 89' lang='lat'><strong>,</strong></span> <span class='ocrx_word' id='word_1_496' title='bbox 1535 5732 1661 5789; x_wconf 79' lang='lat' dir='ltr'><strong>Tres</strong></span> <span class='ocrx_word' id='word_1_497' title='bbox 1702 5731 1870 5785; x_wconf 84' lang='lat' dir='ltr'><strong>adhuc</strong></span> <span class='ocrx_word' id='word_1_498' title='bbox 1914 5728 2019 5783; x_wconf 82' lang='lat' dir='ltr'><strong>dies</strong></span> <span class='ocrx_word' id='word_1_499' title='bbox 2040 5767 2055 5791; x_wconf 93' lang='lat'><strong>,</strong></span> <span class='ocrx_word' id='word_1_500' title='bbox 2096 5735 2144 5781; x_wconf 85' lang='lat' dir='ltr'><strong>et</strong></span> 
     </span>
    </p>
   </div>
   <div class='ocr_carea' id='block_1_61' title="bbox 1187 322 3008 389">
    <p class='ocr_par' dir='ltr' id='par_1_61' title="bbox 1187 322 3008 389">
     <span class='ocr_line' id='line_1_61' title="bbox 1187 322 3008 389; baseline 0.001 -4"><span class='ocrx_word' id='word_1_501' title='bbox 1187 327 1242 386; x_wconf 87' lang='lat' dir='ltr'><strong>S.</strong></span> <span class='ocrx_word' id='word_1_502' title='bbox 1282 327 1560 384; x_wconf 75' lang='lat' dir='ltr'><strong>JO.\NN|S</strong></span> <span class='ocrx_word' id='word_1_503' title='bbox 1596 323 2073 388; x_wconf 70' lang='lat' dir='ltr'><strong>CIIRYSOSTOMI</strong></span> <span class='ocrx_word' id='word_1_504' title='bbox 2110 329 2432 389; x_wconf 79' lang='lat' dir='ltr'><strong>ARCHIEP.</strong></span> <span class='ocrx_word' id='word_1_505' title='bbox 2472 322 3008 389; x_wconf 64' lang='lat' dir='ltr'><strong>CONSTANTINOP.</strong></span> 
     </span>
    </p>
   </div>
   <div class='ocr_carea' id='block_1_62' title="bbox 2167 441 3765 517">
    <p class='ocr_par' dir='ltr' id='par_1_62' title="bbox 2167 441 3765 517">
     <span class='ocr_line' id='line_1_62' title="bbox 2167 441 3765 517; baseline 0.004 -17"><span class='ocrx_word' id='word_1_506' title='bbox 2167 442 2353 501; x_wconf 79' lang='lat' dir='ltr'><strong>Ninive</strong></span> <span class='ocrx_word' id='word_1_507' title='bbox 2378 443 2687 500; x_wconf 74' lang='lat' dir='ltr'><strong>subvertetstr</strong></span> <span class='ocrx_word' id='word_1_508' title='bbox 2711 443 2733 514; x_wconf 89' lang='lat'>(</span> <span class='ocrx_word' id='word_1_509' title='bbox 2754 441 2879 500; x_wconf 80' lang='lat' dir='ltr'><strong>Jan.</strong></span> <span class='ocrx_word' id='word_1_510' title='bbox 2907 445 2963 500; x_wconf 79' lang='grc'><strong>5.</strong></span> <span class='ocrx_word' id='word_1_511' title='bbox 2994 445 3029 501; x_wconf 74' lang='grc' dir='ltr'>ι</span> <span class='ocrx_word' id='word_1_512' title='bbox 3053 442 3096 517; x_wconf 93' lang='grc'><strong>).</strong></span> <span class='ocrx_word' id='word_1_513' title='bbox 3129 443 3236 502; x_wconf 88' lang='lat' dir='ltr'><strong>Sed</strong></span> <span class='ocrx_word' id='word_1_514' title='bbox 3267 452 3441 503; x_wconf 86' lang='lat' dir='ltr'><strong>tamen</strong></span> <span class='ocrx_word' id='word_1_515' title='bbox 3470 447 3765 507; x_wconf 80' lang='lat' dir='ltr'><strong>minitante</strong></span> 
     </span>
    </p>
   </div>
   <div class='ocr_carea' id='block_1_63' title="bbox 2164 536 3766 609">
    <p class='ocr_par' dir='ltr' id='par_1_63' title="bbox 2164 536 3766 609">
     <span class='ocr_line' id='line_1_63' title="bbox 2164 536 3766 609; baseline 0.001 -16"><span class='ocrx_word' id='word_1_516' title='bbox 2164 537 2277 593; x_wconf 89' lang='lat' dir='ltr'><strong>Deo</strong></span> <span class='ocrx_word' id='word_1_517' title='bbox 2298 578 2313 603; x_wconf 93' lang='lat'><strong>,</strong></span> <span class='ocrx_word' id='word_1_518' title='bbox 2332 545 2387 595; x_wconf 91' lang='lat' dir='ltr'><strong>et</strong></span> <span class='ocrx_word' id='word_1_519' title='bbox 2411 536 2668 609; x_wconf 61' lang='lat' dir='ltr'><strong>proriteta</strong></span> <span class='ocrx_word' id='word_1_520' title='bbox 2688 536 2954 592; x_wconf 87' lang='lat' dir='ltr'><strong>clamante</strong></span> <span class='ocrx_word' id='word_1_521' title='bbox 2980 578 2996 603; x_wconf 92' lang='lat'><strong>,</strong></span> <span class='ocrx_word' id='word_1_522' title='bbox 3026 538 3286 593; x_wconf 86' lang='lat' dir='ltr'><strong>sententia</strong></span> <span class='ocrx_word' id='word_1_523' title='bbox 3307 537 3617 595; x_wconf 86' lang='lat' dir='ltr'><strong>dilationem</strong></span> <span class='ocrx_word' id='word_1_524' title='bbox 3643 554 3766 595; x_wconf 76' lang='lat' dir='ltr'><strong>non</strong></span> 
     </span>
    </p>
   </div>
   <div class='ocr_carea' id='block_1_64' title="bbox 2165 627 3813 700">
    <p class='ocr_par' dir='ltr' id='par_1_64' title="bbox 2165 627 3813 700">
     <span class='ocr_line' id='line_1_64' title="bbox 2165 627 3813 700; baseline 0.001 -16"><span class='ocrx_word' id='word_1_525' title='bbox 2165 629 2396 685; x_wconf 86' lang='lat' dir='ltr'><strong>habente</strong></span> <span class='ocrx_word' id='word_1_526' title='bbox 2436 645 2611 700; x_wconf 89' lang='lat' dir='ltr'><strong>neque</strong></span> <span class='ocrx_word' id='word_1_527' title='bbox 2636 628 3028 684; x_wconf 90' lang='lat' dir='ltr'><strong>distinctionem</strong></span> <span class='ocrx_word' id='word_1_528' title='bbox 3057 630 3095 695; x_wconf 77' lang='grc' dir='ltr'><strong>ί,</strong></span> <span class='ocrx_word' id='word_1_529' title='bbox 3142 645 3251 685; x_wconf 90' lang='lat' dir='ltr'><strong>non</strong></span> <span class='ocrx_word' id='word_1_530' title='bbox 3290 630 3599 685; x_wconf 86' lang='lat' dir='ltr'><strong>ceciderunt</strong></span> <span class='ocrx_word' id='word_1_531' title='bbox 3639 645 3770 686; x_wconf 57' lang='lat' dir='ltr'><strong>am.</strong></span> <span class='ocrx_word' id='word_1_532' title='bbox 3798 627 3813 651; x_wconf 60' lang='grc' dir='ltr'><strong><em>λ</em></strong></span> 
     </span>
    </p>
   </div>
   <div class='ocr_carea' id='block_1_65' title="bbox 2166 722 3766 793">
    <p class='ocr_par' dir='ltr' id='par_1_65' title="bbox 2166 722 3766 793">
     <span class='ocr_line' id='line_1_65' title="bbox 2166 722 3766 793; baseline 0 -16"><span class='ocrx_word' id='word_1_533' title='bbox 2166 723 2269 778; x_wconf 89' lang='lat' dir='ltr'><strong>mis</strong></span> <span class='ocrx_word' id='word_1_534' title='bbox 2292 762 2307 787; x_wconf 93' lang='lat'><strong>,</strong></span> <span class='ocrx_word' id='word_1_535' title='bbox 2339 736 2512 793; x_wconf 80' lang='lat' dir='ltr'><strong>neque</strong></span> <span class='ocrx_word' id='word_1_536' title='bbox 2541 725 2707 778; x_wconf 80' lang='lat' dir='ltr'><strong>bonas</strong></span> <span class='ocrx_word' id='word_1_537' title='bbox 2735 738 2857 793; x_wconf 89' lang='lat' dir='ltr'><strong>spes</strong></span> <span class='ocrx_word' id='word_1_538' title='bbox 2886 722 3252 793; x_wconf 89' lang='lat' dir='ltr'><strong>perdiderunt.</strong></span> <span class='ocrx_word' id='word_1_539' title='bbox 3294 722 3582 793; x_wconf 81' lang='lat' dir='ltr'><strong>Pmpterea</strong></span> <span class='ocrx_word' id='word_1_540' title='bbox 3610 724 3766 778; x_wconf 89' lang='lat' dir='ltr'><strong>enim</strong></span> 
     </span>
    </p>
   </div>
   <div class='ocr_carea' id='block_1_66' title="bbox 2167 809 3811 883">
    <p class='ocr_par' dir='ltr' id='par_1_66' title="bbox 2167 809 3811 883">
     <span class='ocr_line' id='line_1_66' title="bbox 2167 809 3811 883; baseline 0 -17"><span class='ocrx_word' id='word_1_541' title='bbox 2167 812 2565 867; x_wconf 88' lang='lat' dir='ltr'><strong>distinctionem</strong></span> <span class='ocrx_word' id='word_1_542' title='bbox 2598 828 2702 866; x_wconf 90' lang='lat' dir='ltr'><strong>non</strong></span> <span class='ocrx_word' id='word_1_543' title='bbox 2732 812 2975 882; x_wconf 89' lang='lat' dir='ltr'><strong>apposuit</strong></span> <span class='ocrx_word' id='word_1_544' title='bbox 3005 853 3021 879; x_wconf 98' lang='lat'><strong>,</strong></span> <span class='ocrx_word' id='word_1_545' title='bbox 3062 826 3235 883; x_wconf 84' lang='lat' dir='ltr'><strong>neque</strong></span> <span class='ocrx_word' id='word_1_546' title='bbox 3276 811 3408 866; x_wconf 73' lang='lat' dir='ltr'><strong>dixit</strong></span> <span class='ocrx_word' id='word_1_547' title='bbox 3429 852 3447 878; x_wconf 92' lang='lat'><strong>,</strong></span> <span class='ocrx_word' id='word_1_548' title='bbox 3478 812 3768 868; x_wconf 67' lang='lat' dir='ltr'><strong>Pteniten-s</strong></span> <span class='ocrx_word' id='word_1_549' title='bbox 3804 809 3811 813; x_wconf 74' lang='grc'><em>’</em></span> 
     </span>
    </p>
   </div>
   <div class='ocr_carea' id='block_1_67' title="bbox 2168 902 3765 974">
    <p class='ocr_par' dir='ltr' id='par_1_67' title="bbox 2168 902 3765 974">
     <span class='ocr_line' id='line_1_67' title="bbox 2168 902 3765 974; baseline 0 -17"><span class='ocrx_word' id='word_1_550' title='bbox 2168 904 2292 958; x_wconf 91' lang='lat' dir='ltr'><strong>tiam</strong></span> <span class='ocrx_word' id='word_1_551' title='bbox 2323 906 2368 957; x_wconf 91' lang='lat' dir='ltr'><strong>si</strong></span> <span class='ocrx_word' id='word_1_552' title='bbox 2397 905 2641 974; x_wconf 81' lang='lat' dir='ltr'><strong>egerint,</strong></span> <span class='ocrx_word' id='word_1_553' title='bbox 2673 904 3029 958; x_wconf 86' lang='lat' dir='ltr'><strong>servabuntur</strong></span> <span class='ocrx_word' id='word_1_554' title='bbox 3058 920 3072 956; x_wconf 91' lang='lat'>:</span> <span class='ocrx_word' id='word_1_555' title='bbox 3104 917 3209 971; x_wconf 91' lang='lat' dir='ltr'><strong>quo</strong></span> <span class='ocrx_word' id='word_1_556' title='bbox 3232 912 3286 957; x_wconf 90' lang='lat' dir='ltr'><strong>et</strong></span> <span class='ocrx_word' id='word_1_557' title='bbox 3320 902 3418 971; x_wconf 90' lang='lat' dir='ltr'><strong>ipsi</strong></span> <span class='ocrx_word' id='word_1_558' title='bbox 3458 902 3617 956; x_wconf 82' lang='lat' dir='ltr'><strong>latam</strong></span> <span class='ocrx_word' id='word_1_559' title='bbox 3661 903 3765 957; x_wconf 84' lang='lat' dir='ltr'><strong>Dei</strong></span> 
     </span>
    </p>
   </div>
   <div class='ocr_carea' id='block_1_68' title="bbox 2170 994 3768 1064">
    <p class='ocr_par' dir='ltr' id='par_1_68' title="bbox 2170 994 3768 1064">
     <span class='ocr_line' id='line_1_68' title="bbox 2170 994 3768 1064; baseline -0.002 -12"><span class='ocrx_word' id='word_1_560' title='bbox 2170 999 2490 1052; x_wconf 86' lang='lat' dir='ltr'><strong>sententiam</strong></span> <span class='ocrx_word' id='word_1_561' title='bbox 2522 997 2637 1051; x_wconf 90' lang='lat' dir='ltr'><strong>sine</strong></span> <span class='ocrx_word' id='word_1_562' title='bbox 2656 996 2997 1051; x_wconf 89' lang='lat' dir='ltr'><strong>distinctione</strong></span> <span class='ocrx_word' id='word_1_563' title='bbox 3017 994 3294 1049; x_wconf 70' lang='lat' dir='ltr'><strong>audientes</strong></span> <span class='ocrx_word' id='word_1_564' title='bbox 3316 1035 3333 1060; x_wconf 93' lang='lat'><strong>,</strong></span> <span class='ocrx_word' id='word_1_565' title='bbox 3363 1010 3533 1064; x_wconf 87' lang='lat' dir='ltr'><strong>neque</strong></span> <span class='ocrx_word' id='word_1_566' title='bbox 3557 995 3635 1049; x_wconf 86' lang='lat' dir='ltr'><strong>sic</strong></span> <span class='ocrx_word' id='word_1_567' title='bbox 3658 1009 3768 1064; x_wconf 88' lang='lat' dir='ltr'><strong>spe</strong></span> 
     </span>
    </p>
   </div>
   <div class='ocr_carea' id='block_1_69' title="bbox 2168 1076 3767 1155">
    <p class='ocr_par' dir='ltr' id='par_1_69' title="bbox 2168 1076 3767 1155">
     <span class='ocr_line' id='line_1_69' title="bbox 2168 1076 3767 1155; baseline -0.003 -13"><span class='ocrx_word' id='word_1_568' title='bbox 2168 1087 2420 1142; x_wconf 86' lang='lat' dir='ltr'><strong>cadamus</strong></span> <span class='ocrx_word' id='word_1_569' title='bbox 2443 1128 2458 1152; x_wconf 88' lang='lat'><strong>,</strong></span> <span class='ocrx_word' id='word_1_570' title='bbox 2491 1086 2585 1141; x_wconf 90' lang='lat' dir='ltr'><strong>sed</strong></span> <span class='ocrx_word' id='word_1_571' title='bbox 2629 1086 2695 1140; x_wconf 91' lang='lat' dir='ltr'><strong>ad</strong></span> <span class='ocrx_word' id='word_1_572' title='bbox 2736 1085 3198 1155; x_wconf 27' lang='lat' dir='ltr'><strong>illud&#39;exemplum</strong></span> <span class='ocrx_word' id='word_1_573' title='bbox 3233 1085 3576 1153; x_wconf 85' lang='lat' dir='ltr'><strong>respicientes</strong></span> <span class='ocrx_word' id='word_1_574' title='bbox 3597 1127 3612 1147; x_wconf 87' lang='lat'><strong>,</strong></span> <span class='ocrx_word' id='word_1_575' title='bbox 3647 1076 3767 1139; x_wconf 74' lang='lat' dir='ltr'><strong>rion</strong></span> 
     </span>
    </p>
   </div>
   <div class='ocr_carea' id='block_1_70' title="bbox 2170 1171 3771 1247">
    <p class='ocr_par' dir='ltr' id='par_1_70' title="bbox 2170 1171 3771 1247">
     <span class='ocr_line' id='line_1_70' title="bbox 2170 1171 3771 1247; baseline -0.001 -15"><span class='ocrx_word' id='word_1_576' title='bbox 2170 1178 2536 1247; x_wconf 82' lang='lat' dir='ltr'><strong>desperemus.</strong></span> <span class='ocrx_word' id='word_1_577' title='bbox 2570 1177 2753 1247; x_wconf 85' lang='lat' dir='ltr'><strong>Neque</strong></span> <span class='ocrx_word' id='word_1_578' title='bbox 2786 1177 2836 1229; x_wconf 91' lang='lat' dir='ltr'><strong>in</strong></span> <span class='ocrx_word' id='word_1_579' title='bbox 2862 1191 2928 1231; x_wconf 90' lang='lat' dir='ltr'><strong>eo</strong></span> <span class='ocrx_word' id='word_1_580' title='bbox 2963 1176 3136 1230; x_wconf 88' lang='lat' dir='ltr'><strong>solum</strong></span> <span class='ocrx_word' id='word_1_581' title='bbox 3178 1175 3361 1230; x_wconf 88' lang='lat' dir='ltr'><strong>videre</strong></span> <span class='ocrx_word' id='word_1_582' title='bbox 3393 1184 3476 1230; x_wconf 92' lang='lat' dir='ltr'><strong>est</strong></span> <span class='ocrx_word' id='word_1_583' title='bbox 3516 1174 3610 1229; x_wconf 87' lang='lat' dir='ltr'><strong>Dei</strong></span> <span class='ocrx_word' id='word_1_584' title='bbox 3647 1171 3771 1231; x_wconf 76' lang='lat' dir='ltr'><strong>cie-</strong></span> 
     </span>
    </p>
   </div>
   <div class='ocr_carea' id='block_1_71' title="bbox 2172 1265 3765 1339">
    <p class='ocr_par' dir='ltr' id='par_1_71' title="bbox 2172 1265 3765 1339">
     <span class='ocr_line' id='line_1_71' title="bbox 2172 1265 3765 1339; baseline -0.003 -14"><span class='ocrx_word' id='word_1_585' title='bbox 2172 1271 2426 1325; x_wconf 81' lang='lat' dir='ltr'><strong>mentiam</strong></span> <span class='ocrx_word' id='word_1_586' title='bbox 2452 1270 2633 1339; x_wconf 79' lang='lat' dir='ltr'><strong>,quod</strong></span> <span class='ocrx_word' id='word_1_587' title='bbox 2658 1270 2936 1324; x_wconf 69' lang='lat' dir='ltr'><strong>sententia:</strong></span> <span class='ocrx_word' id='word_1_588' title='bbox 2965 1267 3105 1322; x_wconf 87' lang='lat' dir='ltr'><strong>nulla</strong></span> <span class='ocrx_word' id='word_1_589' title='bbox 3127 1266 3360 1321; x_wconf 89' lang='lat' dir='ltr'><strong>adhibita</strong></span> <span class='ocrx_word' id='word_1_590' title='bbox 3380 1265 3726 1322; x_wconf 86' lang='lat' dir='ltr'><strong>distinctione</strong></span> <span class='ocrx_word' id='word_1_591' title='bbox 3747 1307 3765 1331; x_wconf 88' lang='lat'><strong>,</strong></span> 
     </span>
    </p>
   </div>
   <div class='ocr_carea' id='block_1_72' title="bbox 2172 1356 3770 1431">
    <p class='ocr_par' dir='ltr' id='par_1_72' title="bbox 2172 1356 3770 1431">
     <span class='ocr_line' id='line_1_72' title="bbox 2172 1356 3770 1431; baseline -0.003 -15"><span class='ocrx_word' id='word_1_592' title='bbox 2172 1372 2348 1417; x_wconf 83' lang='lat' dir='ltr'><strong>tamen</strong></span> <span class='ocrx_word' id='word_1_593' title='bbox 2394 1360 2774 1431; x_wconf 77' lang='lat' dir='ltr'><strong>pcenitentibus</strong></span> <span class='ocrx_word' id='word_1_594' title='bbox 2814 1359 3188 1414; x_wconf 80' lang='lat' dir='ltr'><strong>reconciliatus</strong></span> <span class='ocrx_word' id='word_1_595' title='bbox 3225 1358 3295 1413; x_wconf 86' lang='lat' dir='ltr'><strong>sit</strong></span> <span class='ocrx_word' id='word_1_596' title='bbox 3319 1373 3334 1422; x_wconf 88' lang='lat'><strong>;</strong></span> <span class='ocrx_word' id='word_1_597' title='bbox 3364 1356 3457 1413; x_wconf 86' lang='lat' dir='ltr'><strong>sed</strong></span> <span class='ocrx_word' id='word_1_598' title='bbox 3485 1357 3566 1412; x_wconf 92' lang='lat' dir='ltr'><strong>vel</strong></span> <span class='ocrx_word' id='word_1_599' title='bbox 3596 1372 3664 1413; x_wconf 83' lang='lat' dir='ltr'><strong>ex</strong></span> <span class='ocrx_word' id='word_1_600' title='bbox 3692 1372 3770 1412; x_wconf 83' lang='lat' dir='ltr'><strong>eo</strong></span> 
     </span>
    </p>
   </div>
   <div class='ocr_carea' id='block_1_73' title="bbox 2173 1446 3771 1524">
    <p class='ocr_par' dir='ltr' id='par_1_73' title="bbox 2173 1446 3771 1524">
     <span class='ocr_line' id='line_1_73' title="bbox 2173 1446 3771 1524; baseline -0.004 -15"><span class='ocrx_word' id='word_1_601' title='bbox 2173 1455 2331 1510; x_wconf 90' lang='lat' dir='ltr'><strong>etiam</strong></span> <span class='ocrx_word' id='word_1_602' title='bbox 2357 1452 2498 1524; x_wconf 87' lang='lat' dir='ltr'><strong>quod</strong></span> <span class='ocrx_word' id='word_1_603' title='bbox 2525 1452 2766 1507; x_wconf 86' lang='lat' dir='ltr'><strong>absolute</strong></span> <span class='ocrx_word' id='word_1_604' title='bbox 2788 1451 2889 1505; x_wconf 88' lang='lat' dir='ltr'><strong>lata</strong></span> <span class='ocrx_word' id='word_1_605' title='bbox 2911 1450 2998 1505; x_wconf 89' lang='lat' dir='ltr'><strong>sit.</strong></span> <span class='ocrx_word' id='word_1_606' title='bbox 3026 1449 3158 1504; x_wconf 84' lang='lat' dir='ltr'><strong>Nam</strong></span> <span class='ocrx_word' id='word_1_607' title='bbox 3179 1462 3375 1519; x_wconf 85' lang='lat' dir='ltr'><strong>augere</strong></span> <span class='ocrx_word' id='word_1_608' title='bbox 3395 1448 3576 1502; x_wconf 88' lang='lat' dir='ltr'><strong>volens</strong></span> <span class='ocrx_word' id='word_1_609' title='bbox 3597 1446 3771 1502; x_wconf 80' lang='lat' dir='ltr'><strong>timo-</strong></span> 
     </span>
    </p>
   </div>
   <div class='ocr_carea' id='block_1_74' title="bbox 2173 1537 3771 1616">
    <p class='ocr_par' dir='ltr' id='par_1_74' title="bbox 2173 1537 3771 1616">
     <span class='ocr_line' id='line_1_74' title="bbox 2173 1537 3771 1616; baseline -0.006 -14"><span class='ocrx_word' id='word_1_610' title='bbox 2173 1562 2288 1602; x_wconf 87' lang='lat' dir='ltr'><strong>rem</strong></span> <span class='ocrx_word' id='word_1_611' title='bbox 2313 1588 2328 1613; x_wconf 92' lang='lat'><strong>,</strong></span> <span class='ocrx_word' id='word_1_612' title='bbox 2362 1547 2733 1616; x_wconf 81' lang='lat' dir='ltr'><strong>ingentemque</strong></span> <span class='ocrx_word' id='word_1_613' title='bbox 2761 1543 2971 1597; x_wconf 90' lang='lat' dir='ltr'><strong>illorum</strong></span> <span class='ocrx_word' id='word_1_614' title='bbox 2999 1540 3275 1611; x_wconf 84' lang='lat' dir='ltr'><strong>segnitiem</strong></span> <span class='ocrx_word' id='word_1_615' title='bbox 3304 1549 3522 1608; x_wconf 78' lang='lat' dir='ltr'><strong>tangere</strong></span> <span class='ocrx_word' id='word_1_616' title='bbox 3544 1579 3559 1600; x_wconf 87' lang='lat'><strong>.</strong></span> <span class='ocrx_word' id='word_1_617' title='bbox 3594 1538 3646 1592; x_wconf 86' lang='lat' dir='ltr'><strong>id</strong></span> <span class='ocrx_word' id='word_1_618' title='bbox 3670 1537 3771 1592; x_wconf 77' lang='lat' dir='ltr'><strong>ef-</strong></span> 
     </span>
    </p>
   </div>
   <div class='ocr_carea' id='block_1_75' title="bbox 2176 1629 3775 1708">
    <p class='ocr_par' dir='ltr' id='par_1_75' title="bbox 2176 1629 3775 1708">
     <span class='ocr_line' id='line_1_75' title="bbox 2176 1629 3775 1708; baseline -0.006 -15"><span class='ocrx_word' id='word_1_619' title='bbox 2176 1639 2339 1705; x_wconf 88' lang='lat' dir='ltr'><strong>fecit,</strong></span> <span class='ocrx_word' id='word_1_620' title='bbox 2372 1639 2650 1708; x_wconf 88' lang='lat' dir='ltr'><strong>ipsumque</strong></span> <span class='ocrx_word' id='word_1_621' title='bbox 2681 1634 3004 1706; x_wconf 72' lang='lat' dir='ltr'><strong>pmniteutia:</strong></span> <span class='ocrx_word' id='word_1_622' title='bbox 3044 1644 3251 1703; x_wconf 88' lang='lat' dir='ltr'><strong>tempus</strong></span> <span class='ocrx_word' id='word_1_623' title='bbox 3294 1630 3612 1686; x_wconf 78' lang='lat' dir='ltr'><strong>ineffabilem</strong></span> <span class='ocrx_word' id='word_1_624' title='bbox 3641 1629 3775 1698; x_wconf 71' lang='lat' dir='ltr'><strong>ejus</strong></span> 
     </span>
    </p>
   </div>
   <div class='ocr_carea' id='block_1_76' title="bbox 2176 1718 3773 1793">
    <p class='ocr_par' dir='ltr' id='par_1_76' title="bbox 2176 1718 3773 1793">
     <span class='ocr_line' id='line_1_76' title="bbox 2176 1718 3773 1793; baseline -0.008 -7"><span class='ocrx_word' id='word_1_625' title='bbox 2176 1729 2408 1786; x_wconf 88' lang='lat' dir='ltr'><strong>ostendit</strong></span> <span class='ocrx_word' id='word_1_626' title='bbox 2436 1727 2796 1784; x_wconf 86' lang='lat' dir='ltr'><strong>clementiam.</strong></span> <span class='ocrx_word' id='word_1_627' title='bbox 2827 1724 3104 1793; x_wconf 88' lang='lat' dir='ltr'><strong>Quomodo</strong></span> <span class='ocrx_word' id='word_1_628' title='bbox 3142 1726 3283 1775; x_wconf 77' lang='lat' dir='ltr'><strong>enim</strong></span> <span class='ocrx_word' id='word_1_629' title='bbox 3323 1729 3432 1775; x_wconf 86' lang='lat' dir='ltr'><strong>tres</strong></span> <span class='ocrx_word' id='word_1_630' title='bbox 3471 1720 3584 1774; x_wconf 87' lang='lat' dir='ltr'><strong>dies</strong></span> <span class='ocrx_word' id='word_1_631' title='bbox 3627 1718 3773 1774; x_wconf 61' lang='lat' dir='ltr'><strong>ede-</strong></span> 
     </span>
    </p>
   </div>
   <div class='ocr_carea' id='block_1_77' title="bbox 2178 1808 3775 1886">
    <p class='ocr_par' dir='ltr' id='par_1_77' title="bbox 2178 1808 3775 1886">
     <span class='ocr_line' id='line_1_77' title="bbox 2178 1808 3775 1886; baseline -0.009 -9"><span class='ocrx_word' id='word_1_632' title='bbox 2178 1822 2417 1886; x_wconf 79' lang='lat' dir='ltr'><strong>eissent&#39;,</strong></span> <span class='ocrx_word' id='word_1_633' title='bbox 2470 1826 2531 1873; x_wconf 93' lang='lat' dir='ltr'><strong>ut</strong></span> <span class='ocrx_word' id='word_1_634' title='bbox 2573 1818 2843 1873; x_wconf 86' lang='lat' dir='ltr'><strong>deleretur</strong></span> <span class='ocrx_word' id='word_1_635' title='bbox 2888 1815 3087 1869; x_wconf 87' lang='lat' dir='ltr'><strong>malitia</strong></span> <span class='ocrx_word' id='word_1_636' title='bbox 3147 1811 3337 1866; x_wconf 83' lang='lat' dir='ltr'><strong>tanta?</strong></span> <span class='ocrx_word' id='word_1_637' title='bbox 3384 1810 3570 1864; x_wconf 87' lang='lat' dir='ltr'><strong>Cernis</strong></span> <span class='ocrx_word' id='word_1_638' title='bbox 3618 1808 3775 1877; x_wconf 77' lang='lat' dir='ltr'><strong>quod</strong></span> 
     </span>
    </p>
   </div>
   <div class='ocr_carea' id='block_1_78' title="bbox 2180 1899 3777 1978">
    <p class='ocr_par' dir='ltr' id='par_1_78' title="bbox 2180 1899 3777 1978">
     <span class='ocr_line' id='line_1_78' title="bbox 2180 1899 3777 1978; baseline -0.008 -11"><span class='ocrx_word' id='word_1_639' title='bbox 2180 1914 2339 1968; x_wconf 89' lang='lat' dir='ltr'><strong>etiam</strong></span> <span class='ocrx_word' id='word_1_640' title='bbox 2367 1911 2490 1965; x_wconf 91' lang='lat' dir='ltr'><strong>inde</strong></span> <span class='ocrx_word' id='word_1_641' title='bbox 2527 1909 2620 1965; x_wconf 86' lang='lat' dir='ltr'><strong>Dei</strong></span> <span class='ocrx_word' id='word_1_642' title='bbox 2659 1906 2987 1978; x_wconf 79' lang='lat' dir='ltr'><strong>providentia</strong></span> <span class='ocrx_word' id='word_1_643' title='bbox 3013 1902 3307 1975; x_wconf 73' lang='lat' dir='ltr'><strong>appareat?</strong></span> <span class='ocrx_word' id='word_1_644' title='bbox 3337 1902 3454 1973; x_wconf 84' lang='lat' dir='ltr'><strong>plus</strong></span> <span class='ocrx_word' id='word_1_645' title='bbox 3479 1900 3623 1956; x_wconf 88' lang='lat' dir='ltr'><strong>enim</strong></span> <span class='ocrx_word' id='word_1_646' title='bbox 3650 1899 3777 1955; x_wconf 71' lang='lat' dir='ltr'><strong>ntro</strong></span> 
     </span>
    </p>
   </div>
   <div class='ocr_carea' id='block_1_79' title="bbox 2183 1997 3107 2070">
    <p class='ocr_par' dir='ltr' id='par_1_79' title="bbox 2183 1997 3107 2070">
     <span class='ocr_line' id='line_1_79' title="bbox 2183 1997 3107 2070; baseline -0.008 -13"><span class='ocrx_word' id='word_1_647' title='bbox 2183 2004 2250 2057; x_wconf 89' lang='lat' dir='ltr'><strong>ad</strong></span> <span class='ocrx_word' id='word_1_648' title='bbox 2282 2002 2411 2070; x_wconf 76' lang='lat' dir='ltr'><strong>ejus</strong></span> <span class='ocrx_word' id='word_1_649' title='bbox 2428 2001 2573 2055; x_wconf 78' lang='lat' dir='ltr'><strong>urbis</strong></span> <span class='ocrx_word' id='word_1_650' title='bbox 2610 2000 2835 2054; x_wconf 83' lang='lat' dir='ltr'><strong>salutem</strong></span> <span class='ocrx_word' id='word_1_651' title='bbox 2863 1997 3107 2051; x_wconf 84' lang='lat' dir='ltr'><strong>contulit.</strong></span> 
     </span>
    </p>
   </div>
   <div class='ocr_carea' id='block_1_80' title="bbox 2255 2084 3783 2162">
    <p class='ocr_par' dir='ltr' id='par_1_80' title="bbox 2255 2084 3783 2162">
     <span class='ocr_line' id='line_1_80' title="bbox 2255 2084 3783 2162; baseline -0.006 -15"><span class='ocrx_word' id='word_1_652' title='bbox 2255 2093 2550 2162; x_wconf 63' lang='lat' dir='ltr'><strong>Desperatio</strong></span> <span class='ocrx_word' id='word_1_653' title='bbox 2570 2091 2723 2145; x_wconf 82' lang='lat' dir='ltr'><strong>telum</strong></span> <span class='ocrx_word' id='word_1_654' title='bbox 2744 2089 2951 2143; x_wconf 79' lang='lat' dir='ltr'><strong>diaboli.</strong></span> <span class='ocrx_word' id='word_1_655' title='bbox 2972 2114 3046 2128; x_wconf 80' lang='lat'><strong>——</strong></span> <span class='ocrx_word' id='word_1_656' title='bbox 3066 2087 3190 2141; x_wconf 75' lang='lat' dir='ltr'><strong>Haec</strong></span> <span class='ocrx_word' id='word_1_657' title='bbox 3215 2086 3371 2156; x_wconf 78' lang='lat' dir='ltr'><strong>igitur</strong></span> <span class='ocrx_word' id='word_1_658' title='bbox 3384 2084 3612 2139; x_wconf 88' lang='lat' dir='ltr'><strong>scientes</strong></span> <span class='ocrx_word' id='word_1_659' title='bbox 3635 2123 3651 2147; x_wconf 85' lang='lat'><strong>,</strong></span> <span class='ocrx_word' id='word_1_660' title='bbox 3671 2097 3783 2151; x_wconf 80' lang='lat' dir='ltr'><strong>spe</strong></span> 
     </span>
    </p>
   </div>
   <div class='ocr_carea' id='block_1_81' title="bbox 2188 2173 3778 2255">
    <p class='ocr_par' dir='ltr' id='par_1_81' title="bbox 2188 2173 3778 2255">
     <span class='ocr_line' id='line_1_81' title="bbox 2188 2173 3778 2255; baseline -0.009 -14"><span class='ocrx_word' id='word_1_661' title='bbox 2188 2200 2476 2255; x_wconf 87' lang='lat' dir='ltr'><strong>numquam</strong></span> <span class='ocrx_word' id='word_1_662' title='bbox 2503 2182 2775 2238; x_wconf 88' lang='lat' dir='ltr'><strong>cadamus.</strong></span> <span class='ocrx_word' id='word_1_663' title='bbox 2808 2180 2988 2251; x_wconf 82' lang='lat' dir='ltr'><strong>Neque</strong></span> <span class='ocrx_word' id='word_1_664' title='bbox 3019 2179 3160 2233; x_wconf 88' lang='lat' dir='ltr'><strong>enim</strong></span> <span class='ocrx_word' id='word_1_665' title='bbox 3187 2178 3352 2232; x_wconf 88' lang='lat' dir='ltr'><strong>ullum</strong></span> <span class='ocrx_word' id='word_1_666' title='bbox 3378 2176 3510 2230; x_wconf 85' lang='lat' dir='ltr'><strong>adeo</strong></span> <span class='ocrx_word' id='word_1_667' title='bbox 3541 2173 3778 2229; x_wconf 77' lang='lat' dir='ltr'><strong>validum</strong></span> 
     </span>
    </p>
   </div>
   <div class='ocr_carea' id='block_1_82' title="bbox 2184 2266 3784 2342">
    <p class='ocr_par' dir='ltr' id='par_1_82' title="bbox 2184 2266 3784 2342">
     <span class='ocr_line' id='line_1_82' title="bbox 2184 2266 3784 2342; baseline -0.01 -8"><span class='ocrx_word' id='word_1_668' title='bbox 2184 2288 2265 2334; x_wconf 86' lang='lat' dir='ltr'><strong>est</strong></span> <span class='ocrx_word' id='word_1_669' title='bbox 2288 2277 2449 2332; x_wconf 89' lang='lat' dir='ltr'><strong>telum</strong></span> <span class='ocrx_word' id='word_1_670' title='bbox 2469 2274 2702 2340; x_wconf 80' lang='lat' dir='ltr'><strong>diabolo,</strong></span> <span class='ocrx_word' id='word_1_671' title='bbox 2723 2288 2789 2328; x_wconf 72' lang='lat' dir='ltr'><strong>ac</strong></span> <span class='ocrx_word' id='word_1_672' title='bbox 2803 2272 3102 2342; x_wconf 82' lang='lat' dir='ltr'><strong>desperatio</strong></span> <span class='ocrx_word' id='word_1_673' title='bbox 3124 2287 3139 2337; x_wconf 90' lang='lat'><strong>;</strong></span> <span class='ocrx_word' id='word_1_674' title='bbox 3161 2269 3359 2324; x_wconf 88' lang='lat' dir='ltr'><strong>ideirco</strong></span> <span class='ocrx_word' id='word_1_675' title='bbox 3378 2283 3549 2338; x_wconf 85' lang='lat' dir='ltr'><strong>neque</strong></span> <span class='ocrx_word' id='word_1_676' title='bbox 3564 2275 3671 2319; x_wconf 82' lang='lat' dir='ltr'><strong>tam</strong></span> <span class='ocrx_word' id='word_1_677' title='bbox 3689 2266 3784 2319; x_wconf 70' lang='lat' dir='ltr'><strong>la-</strong></span> 
     </span>
    </p>
   </div>
   <div class='ocr_carea' id='block_1_83' title="bbox 2189 2355 3782 2437">
    <p class='ocr_par' dir='ltr' id='par_1_83' title="bbox 2189 2355 3782 2437">
     <span class='ocr_line' id='line_1_83' title="bbox 2189 2355 3782 2437; baseline -0.009 -14"><span class='ocrx_word' id='word_1_678' title='bbox 2189 2379 2299 2424; x_wconf 90' lang='lat' dir='ltr'><strong>tum</strong></span> <span class='ocrx_word' id='word_1_679' title='bbox 2316 2382 2438 2423; x_wconf 79' lang='lat' dir='ltr'><strong>eum</strong></span> <span class='ocrx_word' id='word_1_680' title='bbox 2459 2375 2738 2437; x_wconf 81' lang='lat' dir='ltr'><strong>peccantes</strong></span> <span class='ocrx_word' id='word_1_681' title='bbox 2768 2364 3239 2430; x_wconf 80' lang='lat' dir='ltr'><strong>reddimus,quam-~</strong></span> <span class='ocrx_word' id='word_1_682' title='bbox 3252 2359 3611 2430; x_wconf 83' lang='lat' dir='ltr'><strong>desperantes.</strong></span> <span class='ocrx_word' id='word_1_683' title='bbox 3633 2355 3782 2411; x_wconf 80' lang='lat' dir='ltr'><strong>Audi</strong></span> 
     </span>
    </p>
   </div>
   <div class='ocr_carea' id='block_1_84' title="bbox 2190 2448 3782 2529">
    <p class='ocr_par' dir='ltr' id='par_1_84' title="bbox 2190 2448 3782 2529">
     <span class='ocr_line' id='line_1_84' title="bbox 2190 2448 3782 2529; baseline -0.011 -12"><span class='ocrx_word' id='word_1_684' title='bbox 2190 2464 2241 2518; x_wconf 89' lang='lat' dir='ltr'><strong>in</strong></span> <span class='ocrx_word' id='word_1_685' title='bbox 2263 2458 2721 2529; x_wconf 86' lang='lat' dir='ltr'><strong>fornicante,quod</strong></span> <span class='ocrx_word' id='word_1_686' title='bbox 2756 2458 2870 2526; x_wconf 88' lang='lat' dir='ltr'><strong>plus</strong></span> <span class='ocrx_word' id='word_1_687' title='bbox 2889 2470 3045 2525; x_wconf 81' lang='lat' dir='ltr'><strong>quam</strong></span> <span class='ocrx_word' id='word_1_688' title='bbox 3066 2461 3355 2524; x_wconf 71' lang='lat' dir='ltr'><strong>peccatum</strong></span> <span class='ocrx_word' id='word_1_689' title='bbox 3366 2448 3560 2504; x_wconf 77' lang='lat' dir='ltr'><strong>Paulus</strong></span> <span class='ocrx_word' id='word_1_690' title='bbox 3580 2448 3782 2515; x_wconf 66' lang='lat' dir='ltr'><strong>despc~</strong></span> 
     </span>
    </p>
   </div>
   <div class='ocr_carea' id='block_1_85' title="bbox 2190 2540 3780 2610">
    <p class='ocr_par' dir='ltr' id='par_1_85' title="bbox 2190 2540 3780 2610">
     <span class='ocr_line' id='line_1_85' title="bbox 2190 2540 3780 2610; baseline -0.012 0"><span class='ocrx_word' id='word_1_691' title='bbox 2190 2556 2449 2610; x_wconf 88' lang='lat' dir='ltr'><strong>rationem</strong></span> <span class='ocrx_word' id='word_1_692' title='bbox 2474 2551 2730 2607; x_wconf 86' lang='lat' dir='ltr'><strong>timuerit.</strong></span> <span class='ocrx_word' id='word_1_693' title='bbox 2750 2547 3038 2605; x_wconf 69' lang='lat' dir='ltr'><strong>Corinthiis</strong></span> <span class='ocrx_word' id='word_1_694' title='bbox 3054 2545 3197 2600; x_wconf 83' lang='lat' dir='ltr'><strong>enim</strong></span> <span class='ocrx_word' id='word_1_695' title='bbox 3221 2544 3461 2598; x_wconf 87' lang='lat' dir='ltr'><strong>scribens</strong></span> <span class='ocrx_word' id='word_1_696' title='bbox 3476 2541 3553 2595; x_wconf 90' lang='lat' dir='ltr'><strong>sic</strong></span> <span class='ocrx_word' id='word_1_697' title='bbox 3569 2540 3736 2607; x_wconf 89' lang='lat' dir='ltr'><strong>inquit</strong></span> <span class='ocrx_word' id='word_1_698' title='bbox 3762 2554 3780 2591; x_wconf 90' lang='lat'><strong>:</strong></span> 
     </span>
    </p>
   </div>
   <div class='ocr_carea' id='block_1_86' title="bbox 2198 2634 3784 2709">
    <p class='ocr_par' dir='ltr' id='par_1_86' title="bbox 2198 2634 3784 2709">
     <span class='ocr_line' id='line_1_86' title="bbox 2198 2634 3784 2709; baseline -0.012 -9"><span class='ocrx_word' id='word_1_699' title='bbox 2198 2647 2419 2701; x_wconf 81' lang='lat' dir='ltr'><strong>Omnino</strong></span> <span class='ocrx_word' id='word_1_700' title='bbox 2445 2644 2649 2697; x_wconf 82' lang='lat' dir='ltr'><strong>auditur</strong></span> <span class='ocrx_word' id='word_1_701' title='bbox 2672 2643 2725 2696; x_wconf 89' lang='lat' dir='ltr'><strong>in</strong></span> <span class='ocrx_word' id='word_1_702' title='bbox 2753 2641 2889 2695; x_wconf 79' lang='lat' dir='ltr'><strong>vobis</strong></span> <span class='ocrx_word' id='word_1_703' title='bbox 2935 2638 3236 2709; x_wconf 83' lang='lat' dir='ltr'><strong>form&#39;catio,</strong></span> <span class='ocrx_word' id='word_1_704' title='bbox 3275 2645 3343 2689; x_wconf 70' lang='lat' dir='ltr'><strong>et‘</strong></span> <span class='ocrx_word' id='word_1_705' title='bbox 3375 2634 3492 2689; x_wconf 85' lang='lat' dir='ltr'><strong>talis</strong></span> <span class='ocrx_word' id='word_1_706' title='bbox 3528 2646 3641 2703; x_wconf 65' lang='lat' dir='ltr'><strong>qua</strong></span> <span class='ocrx_word' id='word_1_707' title='bbox 3687 2646 3784 2682; x_wconf 78' lang='lat' dir='ltr'><strong>nee</strong></span> 
     </span>
    </p>
   </div>
   <div class='ocr_carea' id='block_1_87' title="bbox 2196 2721 3781 2808">
    <p class='ocr_par' dir='ltr' id='par_1_87' title="bbox 2196 2721 3781 2808">
     <span class='ocr_line' id='line_1_87' title="bbox 2196 2721 3781 2808; baseline -0.012 -16"><span class='ocrx_word' id='word_1_708' title='bbox 2196 2742 2325 2794; x_wconf 82' lang='lat' dir='ltr'><strong>inter</strong></span> <span class='ocrx_word' id='word_1_709' title='bbox 2346 2747 2517 2808; x_wconf 86' lang='lat' dir='ltr'><strong>gentes</strong></span> <span class='ocrx_word' id='word_1_710' title='bbox 2543 2734 2867 2795; x_wconf 75' lang='lat' dir='ltr'><strong>nominaturi</strong></span> <span class='ocrx_word' id='word_1_711' title='bbox 2892 2731 2909 2784; x_wconf 89' lang='grc' dir='ltr'>ι</span> <span class='ocrx_word' id='word_1_712' title='bbox 2935 2729 3052 2784; x_wconf 89' lang='lat' dir='ltr'><strong>Cor.</strong></span> <span class='ocrx_word' id='word_1_713' title='bbox 3074 2731 3126 2786; x_wconf 82' lang='lat'><strong>5:</strong></span> <span class='ocrx_word' id='word_1_714' title='bbox 3152 2730 3178 2784; x_wconf 72' lang='grc' dir='ltr'>ί</span> <span class='ocrx_word' id='word_1_715' title='bbox 3205 2728 3245 2798; x_wconf 91' lang='grc'><strong>).</strong></span> <span class='ocrx_word' id='word_1_716' title='bbox 3271 2726 3386 2781; x_wconf 89' lang='lat' dir='ltr'><strong>Non</strong></span> <span class='ocrx_word' id='word_1_717' title='bbox 3410 2724 3579 2788; x_wconf 85' lang='lat' dir='ltr'><strong>dixit,</strong></span> <span class='ocrx_word' id='word_1_718' title='bbox 3606 2721 3781 2789; x_wconf 83' lang='lat' dir='ltr'><strong>Quam</strong></span> 
     </span>
    </p>
   </div>
   <div class='ocr_carea' id='block_1_88' title="bbox 2195 2815 3779 2899">
    <p class='ocr_par' dir='ltr' id='par_1_88' title="bbox 2195 2815 3779 2899">
     <span class='ocr_line' id='line_1_88' title="bbox 2195 2815 3779 2899; baseline -0.015 -12"><span class='ocrx_word' id='word_1_719' title='bbox 2195 2847 2297 2887; x_wconf 90' lang='lat' dir='ltr'><strong>nec</strong></span> <span class='ocrx_word' id='word_1_720' title='bbox 2353 2831 2407 2885; x_wconf 93' lang='lat' dir='ltr'><strong>in</strong></span> <span class='ocrx_word' id='word_1_721' title='bbox 2457 2827 2703 2899; x_wconf 77' lang='lat' dir='ltr'><strong>gentibus</strong></span> <span class='ocrx_word' id='word_1_722' title='bbox 2751 2823 2983 2886; x_wconf 87' lang='lat' dir='ltr'><strong>audent,</strong></span> <span class='ocrx_word' id='word_1_723' title='bbox 3039 2820 3173 2884; x_wconf 88' lang='lat' dir='ltr'><strong>sed,</strong></span> <span class='ocrx_word' id='word_1_724' title='bbox 3216 2818 3407 2887; x_wconf 80' lang='lat' dir='ltr'><strong>Neque</strong></span> <span class='ocrx_word' id='word_1_725' title='bbox 3438 2815 3725 2869; x_wconf 78' lang='lat' dir='ltr'><strong>nominatur</strong></span> <span class='ocrx_word' id='word_1_726' title='bbox 3744 2827 3779 2864; x_wconf 87' lang='lat'><strong>-:</strong></span> 
     </span>
    </p>
   </div>
   <div class='ocr_carea' id='block_1_89' title="bbox 2198 2904 3782 2994">
    <p class='ocr_par' dir='ltr' id='par_1_89' title="bbox 2198 2904 3782 2994">
     <span class='ocr_line' id='line_1_89' title="bbox 2198 2904 3782 2994; baseline -0.012 -20"><span class='ocrx_word' id='word_1_727' title='bbox 2198 2923 2447 2994; x_wconf 78' lang='lat' dir='ltr'><strong>quod‘vel</strong></span> <span class='ocrx_word' id='word_1_728' title='bbox 2476 2920 2690 2975; x_wconf 91' lang='lat' dir='ltr'><strong>nomine</strong></span> <span class='ocrx_word' id='word_1_729' title='bbox 2725 2917 2901 2971; x_wconf 91' lang='lat' dir='ltr'><strong>solum</strong></span> <span class='ocrx_word' id='word_1_730' title='bbox 2930 2916 3031 2969; x_wconf 91' lang='lat' dir='ltr'><strong>illis</strong></span> <span class='ocrx_word' id='word_1_731' title='bbox 3058 2911 3390 2968; x_wconf 73' lang='lat' dir='ltr'><strong>intolerabile</strong></span> <span class='ocrx_word' id='word_1_732' title='bbox 3423 2918 3502 2961; x_wconf 91' lang='lat' dir='ltr'><strong>est</strong></span> <span class='ocrx_word' id='word_1_733' title='bbox 3528 2947 3543 2971; x_wconf 86' lang='lat'><strong>,</strong></span> <span class='ocrx_word' id='word_1_734' title='bbox 3589 2904 3640 2959; x_wconf 89' lang='lat' dir='ltr'><strong>id</strong></span> <span class='ocrx_word' id='word_1_735' title='bbox 3677 2904 3782 2973; x_wconf 73' lang='lat' dir='ltr'><strong>ipsi</strong></span> 
     </span>
    </p>
   </div>
   <div class='ocr_carea' id='block_1_90' title="bbox 2199 2995 3789 3084">
    <p class='ocr_par' dir='ltr' id='par_1_90' title="bbox 2199 2995 3789 3084">
     <span class='ocr_line' id='line_1_90' title="bbox 2199 2995 3789 3084; baseline -0.014 -15"><span class='ocrx_word' id='word_1_736' title='bbox 2199 3030 2363 3084; x_wconf 86' lang='lat' dir='ltr'><strong>opere</strong></span> <span class='ocrx_word' id='word_1_737' title='bbox 2390 3014 2500 3067; x_wconf 86' lang='lat' dir='ltr'><strong>ausi</strong></span> <span class='ocrx_word' id='word_1_738' title='bbox 2531 3012 2675 3067; x_wconf 88' lang='lat' dir='ltr'><strong>estis.</strong></span> <span class='ocrx_word' id='word_1_739' title='bbox 2709 3009 2776 3063; x_wconf 83' lang='lat' dir='ltr'><strong>Et</strong></span> <span class='ocrx_word' id='word_1_740' title='bbox 2802 3025 2886 3063; x_wconf 76' lang='lat' dir='ltr'><strong>eos</strong></span> <span class='ocrx_word' id='word_1_741' title='bbox 2922 3006 3088 3076; x_wconf 80' lang='lat' dir='ltr'><strong>inflati</strong></span> <span class='ocrx_word' id='word_1_742' title='bbox 3137 3004 3253 3058; x_wconf 83' lang='lat' dir='ltr'><strong>estis</strong></span> <span class='ocrx_word' id='word_1_743' title='bbox 3292 3000 3469 3075; x_wconf 83' lang='lat' dir='ltr'><strong>(ibid.</strong></span> <span class='ocrx_word' id='word_1_744' title='bbox 3497 3015 3547 3053; x_wconf 73' lang='lat' dir='ltr'><strong>tr.</strong></span> <span class='ocrx_word' id='word_1_745' title='bbox 3570 2998 3607 3051; x_wconf 71' lang='lat'><strong>2</strong></span> <span class='ocrx_word' id='word_1_746' title='bbox 3630 2996 3690 3066; x_wconf 88' lang='lat'><strong>)?</strong></span> <span class='ocrx_word' id='word_1_747' title='bbox 3717 2995 3789 3049; x_wconf 77' lang='lat' dir='ltr'><strong>Et</strong></span> 
     </span>
    </p>
   </div>
   <div class='ocr_carea' id='block_1_91' title="bbox 2202 3092 3787 3171">
    <p class='ocr_par' dir='ltr' id='par_1_91' title="bbox 2202 3092 3787 3171">
     <span class='ocr_line' id='line_1_91' title="bbox 2202 3092 3787 3171; baseline -0.013 -9"><span class='ocrx_word' id='word_1_748' title='bbox 2202 3122 2307 3162; x_wconf 87' lang='lat' dir='ltr'><strong>non</strong></span> <span class='ocrx_word' id='word_1_749' title='bbox 2335 3106 2507 3171; x_wconf 84' lang='lat' dir='ltr'><strong>dixit,</strong></span> <span class='ocrx_word' id='word_1_750' title='bbox 2540 3102 2632 3157; x_wconf 89' lang='lat' dir='ltr'><strong>Ille</strong></span> <span class='ocrx_word' id='word_1_751' title='bbox 2660 3100 2870 3156; x_wconf 82' lang='lat' dir='ltr'><strong>inflatus</strong></span> <span class='ocrx_word' id='word_1_752' title='bbox 2899 3110 3020 3154; x_wconf 85' lang='lat' dir='ltr'><strong>est:</strong></span> <span class='ocrx_word' id='word_1_753' title='bbox 3065 3096 3158 3151; x_wconf 88' lang='lat' dir='ltr'><strong>sed</strong></span> <span class='ocrx_word' id='word_1_754' title='bbox 3192 3111 3312 3150; x_wconf 85' lang='lat' dir='ltr'><strong>cum</strong></span> <span class='ocrx_word' id='word_1_755' title='bbox 3337 3135 3353 3160; x_wconf 92' lang='lat'><strong>,</strong></span> <span class='ocrx_word' id='word_1_756' title='bbox 3391 3092 3481 3162; x_wconf 86' lang='lat' dir='ltr'><strong>qui</strong></span> <span class='ocrx_word' id='word_1_757' title='bbox 3526 3103 3787 3161; x_wconf 75' lang='lat' dir='ltr'><strong>peccave-</strong></span> 
     </span>
    </p>
   </div>
   <div class='ocr_carea' id='block_1_92' title="bbox 2204 3182 3807 3264">
    <p class='ocr_par' dir='ltr' id='par_1_92' title="bbox 2204 3182 3807 3264">
     <span class='ocr_line' id='line_1_92' title="bbox 2204 3182 3807 3264; baseline -0.013 -12"><span class='ocrx_word' id='word_1_758' title='bbox 2204 3208 2285 3254; x_wconf 90' lang='lat' dir='ltr'><strong>rat</strong></span> <span class='ocrx_word' id='word_1_759' title='bbox 2310 3238 2325 3264; x_wconf 96' lang='lat'><strong>,</strong></span> <span class='ocrx_word' id='word_1_760' title='bbox 2347 3196 2619 3251; x_wconf 85' lang='lat' dir='ltr'><strong>dimittens</strong></span> <span class='ocrx_word' id='word_1_761' title='bbox 2638 3234 2652 3259; x_wconf 89' lang='lat'><strong>,</strong></span> <span class='ocrx_word' id='word_1_762' title='bbox 2679 3206 2840 3248; x_wconf 84' lang='lat' dir='ltr'><strong>sanos</strong></span> <span class='ocrx_word' id='word_1_763' title='bbox 2865 3190 3146 3259; x_wconf 88' lang='lat' dir='ltr'><strong>alloquitur</strong></span> <span class='ocrx_word' id='word_1_764' title='bbox 3171 3205 3184 3241; x_wconf 88' lang='lat'><strong>:</strong></span> <span class='ocrx_word' id='word_1_765' title='bbox 3210 3182 3652 3257; x_wconf 90' lang='lat' dir='ltr'><strong>quemadmodum</strong></span> <span class='ocrx_word' id='word_1_766' title='bbox 3673 3194 3807 3233; x_wconf 53' lang='lat' dir='ltr'><strong>me»</strong></span> 
     </span>
    </p>
   </div>
   <div class='ocr_carea' id='block_1_93' title="bbox 2207 3272 3791 3354">
    <p class='ocr_par' dir='ltr' id='par_1_93' title="bbox 2207 3272 3791 3354">
     <span class='ocr_line' id='line_1_93' title="bbox 2207 3272 3791 3354; baseline -0.015 -10"><span class='ocrx_word' id='word_1_767' title='bbox 2207 3290 2311 3344; x_wconf 90' lang='lat' dir='ltr'><strong>dici</strong></span> <span class='ocrx_word' id='word_1_768' title='bbox 2368 3287 2606 3351; x_wconf 90' lang='lat' dir='ltr'><strong>faciunt,</strong></span> <span class='ocrx_word' id='word_1_769' title='bbox 2643 3298 2815 3354; x_wconf 66' lang='lat' dir='ltr'><strong>aegros</strong></span> <span class='ocrx_word' id='word_1_770' title='bbox 2864 3282 3230 3343; x_wconf 90' lang='lat' dir='ltr'><strong>dimittentes,</strong></span> <span class='ocrx_word' id='word_1_771' title='bbox 3276 3275 3415 3345; x_wconf 89' lang='lat' dir='ltr'><strong>apud</strong></span> <span class='ocrx_word' id='word_1_772' title='bbox 3467 3272 3791 3343; x_wconf 84' lang='lat' dir='ltr'><strong>propinquos</strong></span> 
     </span>
    </p>
   </div>
   <div class='ocr_carea' id='block_1_94' title="bbox 2209 3365 3789 3451">
    <p class='ocr_par' dir='ltr' id='par_1_94' title="bbox 2209 3365 3789 3451">
     <span class='ocr_line' id='line_1_94' title="bbox 2209 3365 3789 3451; baseline -0.014 -16"><span class='ocrx_word' id='word_1_773' title='bbox 2209 3381 2389 3451; x_wconf 89' lang='lat' dir='ltr'><strong>plures</strong></span> <span class='ocrx_word' id='word_1_774' title='bbox 2417 3390 2694 3433; x_wconf 89' lang='lat' dir='ltr'><strong>sermones</strong></span> <span class='ocrx_word' id='word_1_775' title='bbox 2723 3373 2940 3428; x_wconf 88' lang='lat' dir='ltr'><strong>habent.</strong></span> <span class='ocrx_word' id='word_1_776' title='bbox 2973 3370 3216 3438; x_wconf 82' lang='lat' dir='ltr'><strong>Alioquin</strong></span> <span class='ocrx_word' id='word_1_777' title='bbox 3257 3368 3309 3421; x_wconf 93' lang='lat' dir='ltr'><strong>bi</strong></span> <span class='ocrx_word' id='word_1_778' title='bbox 3334 3365 3509 3420; x_wconf 88' lang='lat' dir='ltr'><strong>omnis</strong></span> <span class='ocrx_word' id='word_1_779' title='bbox 3533 3375 3789 3429; x_wconf 80' lang='lat' dir='ltr'><strong>arrogan-</strong></span> 
     </span>
    </p>
   </div>
   <div class='ocr_carea' id='block_1_95' title="bbox 2213 3454 3793 3533">
    <p class='ocr_par' dir='ltr' id='par_1_95' title="bbox 2213 3454 3793 3533">
     <span class='ocr_line' id='line_1_95' title="bbox 2213 3454 3793 3533; baseline -0.016 -5"><span class='ocrx_word' id='word_1_780' title='bbox 2213 3475 2299 3528; x_wconf 79' lang='lat' dir='ltr'><strong>ti:e</strong></span> <span class='ocrx_word' id='word_1_781' title='bbox 2342 3472 2422 3527; x_wconf 92' lang='lat' dir='ltr'><strong>illi</strong></span> <span class='ocrx_word' id='word_1_782' title='bbox 2456 3479 2701 3523; x_wconf 88' lang='lat' dir='ltr'><strong>auctores</strong></span> <span class='ocrx_word' id='word_1_783' title='bbox 2738 3473 2890 3521; x_wconf 91' lang='lat' dir='ltr'><strong>erant</strong></span> <span class='ocrx_word' id='word_1_784' title='bbox 2913 3506 2928 3531; x_wconf 91' lang='lat'><strong>,</strong></span> <span class='ocrx_word' id='word_1_785' title='bbox 2966 3462 3107 3533; x_wconf 89' lang='lat' dir='ltr'><strong>quod</strong></span> <span class='ocrx_word' id='word_1_786' title='bbox 3144 3475 3263 3515; x_wconf 90' lang='lat' dir='ltr'><strong>eum</strong></span> <span class='ocrx_word' id='word_1_787' title='bbox 3308 3472 3413 3512; x_wconf 89' lang='lat' dir='ltr'><strong>non</strong></span> <span class='ocrx_word' id='word_1_788' title='bbox 3459 3454 3793 3522; x_wconf 86' lang='lat' dir='ltr'><strong>corriperent</strong></span> 
     </span>
    </p>
   </div>
   <div class='ocr_carea' id='block_1_96' title="bbox 2215 3543 3794 3623">
    <p class='ocr_par' dir='ltr' id='par_1_96' title="bbox 2215 3543 3794 3623">
     <span class='ocr_line' id='line_1_96' title="bbox 2215 3543 3794 3623; baseline -0.017 -4"><span class='ocrx_word' id='word_1_789' title='bbox 2215 3578 2315 3618; x_wconf 90' lang='lat' dir='ltr'><strong>nec</strong></span> <span class='ocrx_word' id='word_1_790' title='bbox 2365 3567 2649 3616; x_wconf 87' lang='lat' dir='ltr'><strong>terrerent.</strong></span> <span class='ocrx_word' id='word_1_791' title='bbox 2709 3556 2924 3612; x_wconf 90' lang='lat' dir='ltr'><strong>Crimen</strong></span> <span class='ocrx_word' id='word_1_792' title='bbox 2966 3555 3123 3623; x_wconf 86' lang='lat' dir='ltr'><strong>igitur</strong></span> <span class='ocrx_word' id='word_1_793' title='bbox 3163 3562 3446 3605; x_wconf 89' lang='lat' dir='ltr'><strong>commune</strong></span> <span class='ocrx_word' id='word_1_794' title='bbox 3486 3543 3647 3608; x_wconf 85' lang='lat' dir='ltr'><strong>fecit,</strong></span> <span class='ocrx_word' id='word_1_795' title='bbox 3685 3554 3794 3610; x_wconf 88' lang='lat' dir='ltr'><strong>quo</strong></span> 
     </span>
    </p>
   </div>
   <div class='ocr_carea' id='block_1_97' title="bbox 2216 3638 3793 3710">
    <p class='ocr_par' dir='ltr' id='par_1_97' title="bbox 2216 3638 3793 3710">
     <span class='ocr_line' id='line_1_97' title="bbox 2216 3638 3793 3710; baseline -0.015 -1"><span class='ocrx_word' id='word_1_796' title='bbox 2216 3654 2385 3710; x_wconf 87' lang='lat' dir='ltr'><strong>facilis</strong></span> <span class='ocrx_word' id='word_1_797' title='bbox 2408 3652 2612 3707; x_wconf 87' lang='lat' dir='ltr'><strong>curatio</strong></span> <span class='ocrx_word' id='word_1_798' title='bbox 2641 3647 2873 3703; x_wconf 87' lang='lat' dir='ltr'><strong>vulneris</strong></span> <span class='ocrx_word' id='word_1_799' title='bbox 2898 3653 3061 3701; x_wconf 81' lang='lat' dir='ltr'><strong>esset.</strong></span> <span class='ocrx_word' id='word_1_800' title='bbox 3086 3642 3258 3699; x_wconf 88' lang='lat' dir='ltr'><strong>Grave</strong></span> <span class='ocrx_word' id='word_1_801' title='bbox 3277 3638 3488 3709; x_wconf 83' lang='lat' dir='ltr'><strong>quidem</strong></span> <span class='ocrx_word' id='word_1_802' title='bbox 3520 3642 3793 3705; x_wconf 73' lang='lat' dir='ltr'><strong>peceatum</strong></span> 
     </span>
    </p>
   </div>
   <div class='ocr_carea' id='block_1_98' title="bbox 2217 3723 3794 3813">
    <p class='ocr_par' dir='ltr' id='par_1_98' title="bbox 2217 3723 3794 3813">
     <span class='ocr_line' id='line_1_98' title="bbox 2217 3723 3794 3813; baseline -0.017 -10"><span class='ocrx_word' id='word_1_803' title='bbox 2217 3756 2300 3803; x_wconf 88' lang='lat' dir='ltr'><strong>est</strong></span> <span class='ocrx_word' id='word_1_804' title='bbox 2321 3788 2337 3813; x_wconf 92' lang='lat'><strong>,</strong></span> <span class='ocrx_word' id='word_1_805' title='bbox 2369 3744 2462 3800; x_wconf 89' lang='lat' dir='ltr'><strong>sed</strong></span> <span class='ocrx_word' id='word_1_806' title='bbox 2488 3742 2656 3797; x_wconf 91' lang='lat' dir='ltr'><strong>multo</strong></span> <span class='ocrx_word' id='word_1_807' title='bbox 2683 3740 2894 3810; x_wconf 89' lang='lat' dir='ltr'><strong>gravius</strong></span> <span class='ocrx_word' id='word_1_808' title='bbox 2918 3736 3083 3789; x_wconf 88' lang='lat' dir='ltr'><strong>altum</strong></span> <span class='ocrx_word' id='word_1_809' title='bbox 3105 3732 3367 3802; x_wconf 86' lang='lat' dir='ltr'><strong>saperein</strong></span> <span class='ocrx_word' id='word_1_810' title='bbox 3398 3735 3636 3798; x_wconf 89' lang='lat' dir='ltr'><strong>peccato.</strong></span> <span class='ocrx_word' id='word_1_811' title='bbox 3660 3723 3794 3778; x_wconf 86' lang='lat' dir='ltr'><strong>Nam</strong></span> 
     </span>
    </p>
   </div>
   <div class='ocr_carea' id='block_1_99' title="bbox 2220 3815 3799 3904">
    <p class='ocr_par' dir='ltr' id='par_1_99' title="bbox 2220 3815 3799 3904">
     <span class='ocr_line' id='line_1_99' title="bbox 2220 3815 3799 3904; baseline -0.017 -11"><span class='ocrx_word' id='word_1_812' title='bbox 2220 3838 2267 3893; x_wconf 85' lang='lat' dir='ltr'><strong>si</strong></span> <span class='ocrx_word' id='word_1_813' title='bbox 2296 3837 2363 3891; x_wconf 89' lang='lat' dir='ltr'><strong>de</strong></span> <span class='ocrx_word' id='word_1_814' title='bbox 2391 3835 2595 3904; x_wconf 69' lang='lat' dir='ltr'><strong>iustitia</strong></span> <span class='ocrx_word' id='word_1_815' title='bbox 2645 3829 2817 3886; x_wconf 87' lang='lat' dir='ltr'><strong>inllari</strong></span> <span class='ocrx_word' id='word_1_816' title='bbox 2841 3869 2858 3894; x_wconf 94' lang='lat'><strong>,</strong></span> <span class='ocrx_word' id='word_1_817' title='bbox 2905 3825 3123 3896; x_wconf 72' lang='lat' dir='ltr'><strong>iustitia:</strong></span> <span class='ocrx_word' id='word_1_818' title='bbox 3160 3823 3229 3876; x_wconf 90' lang='lat' dir='ltr'><strong>sit</strong></span> <span class='ocrx_word' id='word_1_819' title='bbox 3268 3818 3587 3875; x_wconf 85' lang='lat' dir='ltr'><strong>evacuatio:</strong></span> <span class='ocrx_word' id='word_1_820' title='bbox 3631 3815 3799 3868; x_wconf 86' lang='lat' dir='ltr'><strong>multo</strong></span> 
     </span>
    </p>
   </div>
   <div class='ocr_carea' id='block_1_100' title="bbox 2224 3903 3800 3997">
    <p class='ocr_par' dir='ltr' id='par_1_100' title="bbox 2224 3903 3800 3997">
     <span class='ocr_line' id='line_1_100' title="bbox 2224 3903 3800 3997; baseline -0.016 -15"><span class='ocrx_word' id='word_1_821' title='bbox 2224 3903 2404 3997; x_wconf 80' lang='lat' dir='ltr'><strong>magis</strong></span> <span class='ocrx_word' id='word_1_822' title='bbox 2433 3923 2486 3978; x_wconf 89' lang='lat' dir='ltr'><strong>id</strong></span> <span class='ocrx_word' id='word_1_823' title='bbox 2529 3924 2580 3976; x_wconf 90' lang='lat' dir='ltr'><strong>in</strong></span> <span class='ocrx_word' id='word_1_824' title='bbox 2622 3917 2852 3989; x_wconf 88' lang='lat' dir='ltr'><strong>peccatis</strong></span> <span class='ocrx_word' id='word_1_825' title='bbox 2887 3916 2930 3969; x_wconf 90' lang='lat' dir='ltr'><strong>si</strong></span> <span class='ocrx_word' id='word_1_826' title='bbox 2974 3912 3281 3979; x_wconf 70' lang='lat' dir='ltr'><strong>contingat,</strong></span> <span class='ocrx_word' id='word_1_827' title='bbox 3321 3907 3602 3963; x_wconf 85' lang='lat' dir='ltr'><strong>maximam</strong></span> <span class='ocrx_word' id='word_1_828' title='bbox 3647 3903 3800 3958; x_wconf 84' lang='lat' dir='ltr'><strong>nobis</strong></span> 
     </span>
    </p>
   </div>
   <div class='ocr_carea' id='block_1_101' title="bbox 2220 3996 3799 4089">
    <p class='ocr_par' dir='ltr' id='par_1_101' title="bbox 2220 3996 3799 4089">
     <span class='ocr_line' id='line_1_101' title="bbox 2220 3996 3799 4089; baseline -0.016 -16"><span class='ocrx_word' id='word_1_829' title='bbox 2220 3996 2480 4089; x_wconf 72' lang='lat' dir='ltr'><strong>iacturam</strong></span> <span class='ocrx_word' id='word_1_830' title='bbox 2512 4012 2740 4077; x_wconf 84' lang='lat' dir='ltr'><strong>inferet,</strong></span> <span class='ocrx_word' id='word_1_831' title='bbox 2767 4016 2928 4077; x_wconf 87' lang='lat' dir='ltr'><strong>atque</strong></span> <span class='ocrx_word' id='word_1_832' title='bbox 2955 4004 3083 4075; x_wconf 89' lang='lat' dir='ltr'><strong>ipsis</strong></span> <span class='ocrx_word' id='word_1_833' title='bbox 3116 3998 3556 4072; x_wconf 79' lang='lat' dir='ltr'><strong>peccatis-majus</strong></span> <span class='ocrx_word' id='word_1_834' title='bbox 3596 3996 3799 4050; x_wconf 87' lang='lat' dir='ltr'><strong>crimen</strong></span> 
     </span>
    </p>
   </div>
   <div class='ocr_carea' id='block_1_102' title="bbox 2228 4087 3804 4178">
    <p class='ocr_par' dir='ltr' id='par_1_102' title="bbox 2228 4087 3804 4178">
     <span class='ocr_line' id='line_1_102' title="bbox 2228 4087 3804 4178; baseline -0.019 -12"><span class='ocrx_word' id='word_1_835' title='bbox 2228 4087 2403 4168; x_wconf 83' lang='lat' dir='ltr'><strong>fuerit.</strong></span> <span class='ocrx_word' id='word_1_836' title='bbox 2431 4109 2719 4178; x_wconf 83' lang='lat' dir='ltr'><strong>Propterea</strong></span> <span class='ocrx_word' id='word_1_837' title='bbox 2749 4101 2916 4171; x_wconf 84' lang='lat' dir='ltr'><strong>inquit</strong></span> <span class='ocrx_word' id='word_1_838' title='bbox 2946 4117 2960 4154; x_wconf 89' lang='lat'><strong>:</strong></span> <span class='ocrx_word' id='word_1_839' title='bbox 2992 4097 3118 4153; x_wconf 86' lang='lat' dir='ltr'><strong>Cum</strong></span> <span class='ocrx_word' id='word_1_840' title='bbox 3145 4094 3312 4149; x_wconf 87' lang='lat' dir='ltr'><strong>omnia</strong></span> <span class='ocrx_word' id='word_1_841' title='bbox 3351 4106 3466 4161; x_wconf 68' lang='lat' dir='ltr'><strong>quis</strong></span> <span class='ocrx_word' id='word_1_842' title='bbox 3497 4087 3804 4161; x_wconf 68' lang='lat' dir='ltr'><strong>principian-</strong></span> 
     </span>
    </p>
   </div>
   <div class='ocr_carea' id='block_1_103' title="bbox 2231 4183 3806 4269">
    <p class='ocr_par' dir='ltr' id='par_1_103' title="bbox 2231 4183 3806 4269">
     <span class='ocr_line' id='line_1_103' title="bbox 2231 4183 3806 4269; baseline -0.018 -11"><span class='ocrx_word' id='word_1_843' title='bbox 2231 4215 2313 4258; x_wconf 90' lang='lat' dir='ltr'><strong>tur</strong></span> <span class='ocrx_word' id='word_1_844' title='bbox 2355 4200 2491 4256; x_wconf 83' lang='lat' dir='ltr'><strong>vobis</strong></span> <span class='ocrx_word' id='word_1_845' title='bbox 2516 4241 2532 4264; x_wconf 92' lang='lat'><strong>,</strong></span> <span class='ocrx_word' id='word_1_846' title='bbox 2577 4195 2829 4269; x_wconf 84' lang='lat' dir='ltr'><strong>feceritis,</strong></span> <span class='ocrx_word' id='word_1_847' title='bbox 2874 4191 3023 4246; x_wconf 84' lang='lat' dir='ltr'><strong>dicite</strong></span> <span class='ocrx_word' id='word_1_848' title='bbox 3061 4188 3181 4259; x_wconf 83' lang='lat' dir='ltr'><strong>quia</strong></span> <span class='ocrx_word' id='word_1_849' title='bbox 3225 4185 3349 4240; x_wconf 78' lang='lat' dir='ltr'><strong>servi</strong></span> <span class='ocrx_word' id='word_1_850' title='bbox 3393 4183 3591 4237; x_wconf 85' lang='lat' dir='ltr'><strong>inutiles</strong></span> <span class='ocrx_word' id='word_1_851' title='bbox 3632 4193 3806 4233; x_wconf 75' lang='lat' dir='ltr'><strong>sumus</strong></span> 
     </span>
    </p>
   </div>
   <div class='ocr_carea' id='block_1_104' title="bbox 2233 4271 3803 4367">
    <p class='ocr_par' dir='ltr' id='par_1_104' title="bbox 2233 4271 3803 4367">
     <span class='ocr_line' id='line_1_104' title="bbox 2233 4271 3803 4367; baseline -0.017 -19"><span class='ocrx_word' id='word_1_852' title='bbox 2233 4295 2402 4367; x_wconf 79' lang='lat' dir='ltr'><strong>(an.</strong></span> <span class='ocrx_word' id='word_1_853' title='bbox 2430 4293 2515 4347; x_wconf 82' lang='grc' dir='ltr'><strong>Π.</strong></span> <span class='ocrx_word' id='word_1_854' title='bbox 2546 4287 2684 4360; x_wconf 84' lang='lat' dir='ltr'><strong>l0).</strong></span> <span class='ocrx_word' id='word_1_855' title='bbox 2735 4287 2790 4342; x_wconf 88' lang='lat' dir='ltr'><strong>Si</strong></span> <span class='ocrx_word' id='word_1_856' title='bbox 2845 4282 2987 4339; x_wconf 87' lang='lat' dir='ltr'><strong>enim</strong></span> <span class='ocrx_word' id='word_1_857' title='bbox 3014 4296 3146 4347; x_wconf 92' lang='lat' dir='ltr'><strong>eos,</strong></span> <span class='ocrx_word' id='word_1_858' title='bbox 3195 4278 3284 4348; x_wconf 92' lang='lat' dir='ltr'><strong>qui</strong></span> <span class='ocrx_word' id='word_1_859' title='bbox 3332 4274 3511 4331; x_wconf 90' lang='lat' dir='ltr'><strong>omnia</strong></span> <span class='ocrx_word' id='word_1_860' title='bbox 3567 4271 3803 4330; x_wconf 84' lang='lat' dir='ltr'><strong>faciunt,</strong></span> 
     </span>
    </p>
   </div>
   <div class='ocr_carea' id='block_1_105' title="bbox 2232 4370 3802 4455">
    <p class='ocr_par' dir='ltr' id='par_1_105' title="bbox 2232 4370 3802 4455">
     <span class='ocr_line' id='line_1_105' title="bbox 2232 4370 3802 4455; baseline -0.017 -14"><span class='ocrx_word' id='word_1_861' title='bbox 2232 4387 2462 4455; x_wconf 83' lang='lat' dir='ltr'><strong>dejicere</strong></span> <span class='ocrx_word' id='word_1_862' title='bbox 2517 4398 2576 4438; x_wconf 90' lang='lat' dir='ltr'><strong>se</strong></span> <span class='ocrx_word' id='word_1_863' title='bbox 2620 4387 2829 4450; x_wconf 90' lang='lat' dir='ltr'><strong>oportet</strong></span> <span class='ocrx_word' id='word_1_864' title='bbox 2873 4394 2888 4430; x_wconf 91' lang='lat'><strong>:</strong></span> <span class='ocrx_word' id='word_1_865' title='bbox 2927 4374 3094 4430; x_wconf 90' lang='lat' dir='ltr'><strong>multo</strong></span> <span class='ocrx_word' id='word_1_866' title='bbox 3140 4370 3306 4439; x_wconf 88' lang='lat' dir='ltr'><strong>magis</strong></span> <span class='ocrx_word' id='word_1_867' title='bbox 3362 4376 3417 4422; x_wconf 93' lang='lat' dir='ltr'><strong>et</strong></span> <span class='ocrx_word' id='word_1_868' title='bbox 3476 4373 3802 4436; x_wconf 80' lang='lat' dir='ltr'><strong>peccatorem</strong></span> 
     </span>
    </p>
   </div>
   <div class='ocr_carea' id='block_1_106' title="bbox 2236 4455 3803 4535">
    <p class='ocr_par' dir='ltr' id='par_1_106' title="bbox 2236 4455 3803 4535">
     <span class='ocr_line' id='line_1_106' title="bbox 2236 4455 3803 4535; baseline -0.019 -1"><span class='ocrx_word' id='word_1_869' title='bbox 2236 4479 2364 4534; x_wconf 85' lang='lat' dir='ltr'><strong>flere</strong></span> <span class='ocrx_word' id='word_1_870' title='bbox 2436 4475 2619 4535; x_wconf 88' lang='lat' dir='ltr'><strong>decet,</strong></span> <span class='ocrx_word' id='word_1_871' title='bbox 2673 4479 2728 4526; x_wconf 91' lang='lat' dir='ltr'><strong>et</strong></span> <span class='ocrx_word' id='word_1_872' title='bbox 2771 4468 3008 4524; x_wconf 84' lang='lat' dir='ltr'><strong>infimum</strong></span> <span class='ocrx_word' id='word_1_873' title='bbox 3073 4478 3192 4519; x_wconf 88' lang='lat' dir='ltr'><strong>sese</strong></span> <span class='ocrx_word' id='word_1_874' title='bbox 3235 4460 3472 4514; x_wconf 89' lang='lat' dir='ltr'><strong>omnium</strong></span> <span class='ocrx_word' id='word_1_875' title='bbox 3529 4455 3803 4511; x_wconf 83' lang='lat' dir='ltr'><strong>existima-</strong></span> 
     </span>
    </p>
   </div>
   <div class='ocr_carea' id='block_1_107' title="bbox 2237 4547 3812 4634">
    <p class='ocr_par' dir='ltr' id='par_1_107' title="bbox 2237 4547 3812 4634">
     <span class='ocr_line' id='line_1_107' title="bbox 2237 4547 3812 4634; baseline -0.02 -7"><span class='ocrx_word' id='word_1_876' title='bbox 2237 4588 2316 4627; x_wconf 85' lang='lat' dir='ltr'><strong>re.</strong></span> <span class='ocrx_word' id='word_1_877' title='bbox 2384 4569 2440 4623; x_wconf 74' lang='grc' dir='ltr'><strong>ιιι</strong></span> <span class='ocrx_word' id='word_1_878' title='bbox 2498 4568 2674 4634; x_wconf 88' lang='lat' dir='ltr'><strong>itaque</strong></span> <span class='ocrx_word' id='word_1_879' title='bbox 2718 4560 3039 4624; x_wconf 88' lang='lat' dir='ltr'><strong>ostendens,</strong></span> <span class='ocrx_word' id='word_1_880' title='bbox 3102 4564 3228 4609; x_wconf 91' lang='lat' dir='ltr'><strong>tunc</strong></span> <span class='ocrx_word' id='word_1_881' title='bbox 3263 4552 3431 4615; x_wconf 73' lang='lat' dir='ltr'><strong>dixit,</strong></span> <span class='ocrx_word' id='word_1_882' title='bbox 3486 4547 3551 4602; x_wconf 82' lang='lat' dir='ltr'><strong>Et</strong></span> <span class='ocrx_word' id='word_1_883' title='bbox 3576 4563 3675 4600; x_wconf 86' lang='lat' dir='ltr'><strong>non</strong></span> <span class='ocrx_word' id='word_1_884' title='bbox 3701 4561 3812 4597; x_wconf 78' lang='lat' dir='ltr'><strong>nta-</strong></span> 
     </span>
    </p>
   </div>
   <div class='ocr_carea' id='block_1_108' title="bbox 2238 4636 3813 4735">
    <p class='ocr_par' dir='ltr' id='par_1_108' title="bbox 2238 4636 3813 4735">
     <span class='ocr_line' id='line_1_108' title="bbox 2238 4636 3813 4735; baseline -0.017 -19"><span class='ocrx_word' id='word_1_885' title='bbox 2238 4664 2314 4735; x_wconf 81' lang='lat' dir='ltr'><strong>gis</strong></span> <span class='ocrx_word' id='word_1_886' title='bbox 2358 4658 2563 4731; x_wconf 76' lang='lat' dir='ltr'><strong>ﬂevistis</strong></span> <span class='ocrx_word' id='word_1_887' title='bbox 2622 4656 2641 4725; x_wconf 90' lang='lat'>(</span> <span class='ocrx_word' id='word_1_888' title='bbox 2683 4655 2736 4708; x_wconf 84' lang='lat' dir='ltr'><strong>l.</strong></span> <span class='ocrx_word' id='word_1_889' title='bbox 2784 4650 2904 4707; x_wconf 91' lang='lat' dir='ltr'><strong>Cor.</strong></span> <span class='ocrx_word' id='word_1_890' title='bbox 2952 4652 3006 4705; x_wconf 86' lang='lat'><strong>5.</strong></span> <span class='ocrx_word' id='word_1_891' title='bbox 3049 4646 3086 4701; x_wconf 71' lang='grc'><strong>2</strong></span> <span class='ocrx_word' id='word_1_892' title='bbox 3125 4645 3185 4717; x_wconf 80' lang='lat' dir='ltr'><strong>)‘i</strong></span> <span class='ocrx_word' id='word_1_893' title='bbox 3242 4641 3379 4710; x_wconf 79' lang='lat' dir='ltr'><strong>Quid</strong></span> <span class='ocrx_word' id='word_1_894' title='bbox 3442 4638 3616 4694; x_wconf 86' lang='lat' dir='ltr'><strong>dicis?</strong></span> <span class='ocrx_word' id='word_1_895' title='bbox 3678 4636 3813 4690; x_wconf 85' lang='lat' dir='ltr'><strong>alter</strong></span> 
     </span>
    </p>
   </div>
   <div class='ocr_carea' id='block_1_109' title="bbox 2243 4728 3813 4822">
    <p class='ocr_par' dir='ltr' id='par_1_109' title="bbox 2243 4728 3813 4822">
     <span class='ocr_line' id='line_1_109' title="bbox 2243 4728 3813 4822; baseline -0.018 -15"><span class='ocrx_word' id='word_1_896' title='bbox 2243 4728 2497 4822; x_wconf 77' lang='lat' dir='ltr'><strong>peccavit,</strong></span> <span class='ocrx_word' id='word_1_897' title='bbox 2556 4755 2610 4801; x_wconf 89' lang='lat' dir='ltr'><strong>et</strong></span> <span class='ocrx_word' id='word_1_898' title='bbox 2654 4758 2754 4813; x_wconf 84' lang='lat' dir='ltr'><strong>ego</strong></span> <span class='ocrx_word' id='word_1_899' title='bbox 2798 4738 3057 4812; x_wconf 81' lang='lat' dir='ltr'><strong>plorabo?</strong></span> <span class='ocrx_word' id='word_1_900' title='bbox 3117 4736 3229 4799; x_wconf 90' lang='lat' dir='ltr'><strong>Ita,</strong></span> <span class='ocrx_word' id='word_1_901' title='bbox 3291 4731 3460 4802; x_wconf 89' lang='lat' dir='ltr'><strong>inquit</strong></span> <span class='ocrx_word' id='word_1_902' title='bbox 3503 4747 3518 4783; x_wconf 88' lang='lat'><strong>:</strong></span> <span class='ocrx_word' id='word_1_903' title='bbox 3576 4728 3813 4797; x_wconf 88' lang='lat' dir='ltr'><strong>corporis</strong></span> 
     </span>
    </p>
   </div>
   <div class='ocr_carea' id='block_1_110' title="bbox 2241 4817 3817 4900">
    <p class='ocr_par' dir='ltr' id='par_1_110' title="bbox 2241 4817 3817 4900">
     <span class='ocr_line' id='line_1_110' title="bbox 2241 4817 3817 4900; baseline -0.018 -1"><span class='ocrx_word' id='word_1_904' title='bbox 2241 4817 2382 4900; x_wconf 80' lang='lat' dir='ltr'><strong>enim</strong></span> <span class='ocrx_word' id='word_1_905' title='bbox 2466 4849 2522 4895; x_wconf 88' lang='lat' dir='ltr'><strong>et</strong></span> <span class='ocrx_word' id='word_1_906' title='bbox 2579 4835 2939 4893; x_wconf 88' lang='lat' dir='ltr'><strong>membrorum</strong></span> <span class='ocrx_word' id='word_1_907' title='bbox 2990 4827 3236 4897; x_wconf 88' lang='lat' dir='ltr'><strong>exemplo</strong></span> <span class='ocrx_word' id='word_1_908' title='bbox 3313 4832 3497 4879; x_wconf 91' lang='lat' dir='ltr'><strong>mutuo</strong></span> <span class='ocrx_word' id='word_1_909' title='bbox 3558 4817 3817 4887; x_wconf 83' lang='lat' dir='ltr'><strong>compacti</strong></span> 
     </span>
    </p>
   </div>
   <div class='ocr_carea' id='block_1_111' title="bbox 2243 4910 3820 4997">
    <p class='ocr_par' dir='ltr' id='par_1_111' title="bbox 2243 4910 3820 4997">
     <span class='ocr_line' id='line_1_111' title="bbox 2243 4910 3820 4997; baseline -0.018 -8"><span class='ocrx_word' id='word_1_910' title='bbox 2243 4947 2469 4994; x_wconf 89' lang='lat' dir='ltr'><strong>sumus;</strong></span> <span class='ocrx_word' id='word_1_911' title='bbox 2518 4930 2570 4983; x_wconf 89' lang='lat' dir='ltr'><strong>in</strong></span> <span class='ocrx_word' id='word_1_912' title='bbox 2608 4940 2833 4997; x_wconf 87' lang='lat' dir='ltr'><strong>corpore</strong></span> <span class='ocrx_word' id='word_1_913' title='bbox 2874 4932 3052 4975; x_wconf 86' lang='lat' dir='ltr'><strong>autem</strong></span> <span class='ocrx_word' id='word_1_914' title='bbox 3094 4916 3302 4973; x_wconf 86' lang='lat' dir='ltr'><strong>tametsi</strong></span> <span class='ocrx_word' id='word_1_915' title='bbox 3348 4928 3443 4983; x_wconf 88' lang='lat' dir='ltr'><strong>pes</strong></span> <span class='ocrx_word' id='word_1_916' title='bbox 3468 4912 3658 4966; x_wconf 85' lang='lat' dir='ltr'><strong>vulnus</strong></span> <span class='ocrx_word' id='word_1_917' title='bbox 3681 4910 3820 4963; x_wconf 84' lang='lat' dir='ltr'><strong>acci—</strong></span> 
     </span>
    </p>
   </div>
   <div class='ocr_carea' id='block_1_112' title="bbox 2246 5005 3820 5099">
    <p class='ocr_par' dir='ltr' id='par_1_112' title="bbox 2246 5005 3820 5099">
     <span class='ocr_line' id='line_1_112' title="bbox 2246 5005 3820 5099; baseline -0.017 -17"><span class='ocrx_word' id='word_1_918' title='bbox 2246 5029 2374 5099; x_wconf 90' lang='lat' dir='ltr'><strong>piat,</strong></span> <span class='ocrx_word' id='word_1_919' title='bbox 2419 5022 2562 5078; x_wconf 90' lang='lat' dir='ltr'><strong>humi</strong></span> <span class='ocrx_word' id='word_1_920' title='bbox 2592 5027 2750 5090; x_wconf 89' lang='lat' dir='ltr'><strong>caput</strong></span> <span class='ocrx_word' id='word_1_921' title='bbox 2776 5015 3014 5073; x_wconf 89' lang='lat' dir='ltr'><strong>inclinari</strong></span> <span class='ocrx_word' id='word_1_922' title='bbox 3043 5012 3303 5067; x_wconf 88' lang='lat' dir='ltr'><strong>videmus.</strong></span> <span class='ocrx_word' id='word_1_923' title='bbox 3339 5008 3403 5063; x_wconf 79' lang='lat' dir='ltr'><strong>Et</strong></span> <span class='ocrx_word' id='word_1_924' title='bbox 3425 5005 3549 5077; x_wconf 89' lang='lat' dir='ltr'><strong>quid</strong></span> <span class='ocrx_word' id='word_1_925' title='bbox 3575 5020 3642 5059; x_wconf 88' lang='lat' dir='ltr'><strong>eo</strong></span> <span class='ocrx_word' id='word_1_926' title='bbox 3662 5018 3820 5057; x_wconf 82' lang='lat' dir='ltr'><strong>vene-</strong></span> 
     </span>
    </p>
   </div>
   <div class='ocr_carea' id='block_1_113' title="bbox 2246 5093 3820 5176">
    <p class='ocr_par' dir='ltr' id='par_1_113' title="bbox 2246 5093 3820 5176">
     <span class='ocr_line' id='line_1_113' title="bbox 2246 5093 3820 5176; baseline -0.019 -1"><span class='ocrx_word' id='word_1_927' title='bbox 2246 5093 2508 5175; x_wconf 73' lang='lat' dir='ltr'><strong>rabilius?</strong></span> <span class='ocrx_word' id='word_1_928' title='bbox 2546 5111 2651 5169; x_wconf 89' lang='lat' dir='ltr'><strong>Sed</strong></span> <span class='ocrx_word' id='word_1_929' title='bbox 2679 5121 2854 5166; x_wconf 88' lang='lat' dir='ltr'><strong>tamen</strong></span> <span class='ocrx_word' id='word_1_930' title='bbox 2879 5106 3188 5176; x_wconf 83' lang='lat' dir='ltr'><strong>dignitatem</strong></span> <span class='ocrx_word' id='word_1_931' title='bbox 3219 5116 3366 5156; x_wconf 87' lang='lat' dir='ltr'><strong>suam</strong></span> <span class='ocrx_word' id='word_1_932' title='bbox 3389 5114 3494 5153; x_wconf 89' lang='lat' dir='ltr'><strong>non</strong></span> <span class='ocrx_word' id='word_1_933' title='bbox 3517 5093 3820 5152; x_wconf 71' lang='lat' dir='ltr'><strong>novit-cata-</strong></span> 
     </span>
    </p>
   </div>
   <div class='ocr_carea' id='block_1_114' title="bbox 2249 5186 3820 5278">
    <p class='ocr_par' dir='ltr' id='par_1_114' title="bbox 2249 5186 3820 5278">
     <span class='ocr_line' id='line_1_114' title="bbox 2249 5186 3820 5278; baseline -0.021 -8"><span class='ocrx_word' id='word_1_934' title='bbox 2249 5212 2446 5271; x_wconf 89' lang='lat' dir='ltr'><strong>mitatis</strong></span> <span class='ocrx_word' id='word_1_935' title='bbox 2486 5218 2725 5278; x_wconf 87' lang='lat' dir='ltr'><strong>tempore</strong></span> <span class='ocrx_word' id='word_1_936' title='bbox 2754 5221 2768 5255; x_wconf 89' lang='lat'><strong>:</strong></span> <span class='ocrx_word' id='word_1_937' title='bbox 2795 5203 2933 5257; x_wconf 88' lang='lat' dir='ltr'><strong>idem</strong></span> <span class='ocrx_word' id='word_1_938' title='bbox 2955 5208 3010 5256; x_wconf 87' lang='lat' dir='ltr'><strong>et</strong></span> <span class='ocrx_word' id='word_1_939' title='bbox 3046 5198 3158 5267; x_wconf 89' lang='lat' dir='ltr'><strong>ipse</strong></span> <span class='ocrx_word' id='word_1_940' title='bbox 3189 5195 3290 5250; x_wconf 87' lang='lat' dir='ltr'><strong>fac.</strong></span> <span class='ocrx_word' id='word_1_941' title='bbox 3337 5192 3512 5261; x_wconf 83' lang='lat' dir='ltr'><strong>Quare</strong></span> <span class='ocrx_word' id='word_1_942' title='bbox 3540 5197 3601 5244; x_wconf 85' lang='lat' dir='ltr'><strong>et</strong></span> <span class='ocrx_word' id='word_1_943' title='bbox 3631 5186 3820 5242; x_wconf 81' lang='lat' dir='ltr'><strong>Paulus</strong></span> 
     </span>
    </p>
   </div>
   <div class='ocr_carea' id='block_1_115' title="bbox 2250 5280 3823 5374">
    <p class='ocr_par' dir='ltr' id='par_1_115' title="bbox 2250 5280 3823 5374">
     <span class='ocr_line' id='line_1_115' title="bbox 2250 5280 3823 5374; baseline -0.02 -11"><span class='ocrx_word' id='word_1_944' title='bbox 2250 5306 2501 5362; x_wconf 82' lang='lat' dir='ltr'><strong>admonet</strong></span> <span class='ocrx_word' id='word_1_945' title='bbox 2518 5342 2535 5369; x_wconf 88' lang='lat'><strong>,</strong></span> <span class='ocrx_word' id='word_1_946' title='bbox 2577 5297 2809 5355; x_wconf 83' lang='lat' dir='ltr'><strong>Gaudere</strong></span> <span class='ocrx_word' id='word_1_947' title='bbox 2833 5310 2944 5349; x_wconf 90' lang='lat' dir='ltr'><strong>cum</strong></span> <span class='ocrx_word' id='word_1_948' title='bbox 2969 5288 3298 5363; x_wconf 81' lang='lat' dir='ltr'><strong>gaudentibus</strong></span> <span class='ocrx_word' id='word_1_949' title='bbox 3319 5286 3489 5374; x_wconf 36' lang='lat' dir='ltr'><strong>Vden</strong></span> <span class='ocrx_word' id='word_1_950' title='bbox 3525 5298 3640 5337; x_wconf 85' lang='lat' dir='ltr'><strong>cum</strong></span> <span class='ocrx_word' id='word_1_951' title='bbox 3661 5280 3823 5351; x_wconf 77' lang='lat' dir='ltr'><strong>ﬂenti-</strong></span> 
     </span>
    </p>
   </div>
   <div class='ocr_carea' id='block_1_116' title="bbox 2320 5453 3827 5531">
    <p class='ocr_par' dir='ltr' id='par_1_116' title="bbox 2320 5453 3827 5531">
     <span class='ocr_line' id='line_1_116' title="bbox 2320 5453 3827 5531; baseline -0.007 -1"><span class='ocrx_word' id='word_1_952' title='bbox 2320 5482 2339 5515; x_wconf 75' lang='grc'>¹</span> <span class='ocrx_word' id='word_1_953' title='bbox 2372 5481 2421 5531; x_wconf 85' lang='lat' dir='ltr'><strong>Si</strong></span> <span class='ocrx_word' id='word_1_954' title='bbox 2434 5477 2648 5529; x_wconf 80' lang='lat' dir='ltr'><strong>sarravio</strong></span> <span class='ocrx_word' id='word_1_955' title='bbox 2669 5471 2894 5524; x_wconf 84' lang='lat' dir='ltr'><strong>credatur</strong></span> <span class='ocrx_word' id='word_1_956' title='bbox 2916 5467 2974 5531; x_wconf 78' lang='lat' dir='ltr'><strong>ad</strong></span> <span class='ocrx_word' id='word_1_957' title='bbox 2999 5463 3275 5531; x_wconf 63' lang='lat' dir='ltr'><strong>SalmaSillm</strong></span> <span class='ocrx_word' id='word_1_958' title='bbox 3291 5453 3827 5531; x_wconf 51' lang='lat' dir='ltr'><strong>ﬁeribe,“llv_&#39;°9‘_[_&#39;9§§</strong></span> 
     </span>
    </p>
   </div>
   <div class='ocr_carea' id='block_1_117' title="bbox 2251 5515 3827 5602">
    <p class='ocr_par' dir='ltr' id='par_1_117' title="bbox 2251 5515 3827 5602">
     <span class='ocr_line' id='line_1_117' title="bbox 2251 5515 3827 5602; baseline 0.015 -12"><span class='ocrx_word' id='word_1_959' title='bbox 2672 5515 3431 5602; x_wconf 57' lang='grc' dir='ltr'><strong>ῖιιῖὲῑὶίίἐιῦεέιξοιιεξτιξίὲξῠίίοξιίτ</strong></span> <span class='ocrx_word' id='word_1_960' title='bbox 3460 5515 3827 5602; x_wconf 51' lang='grc' dir='ltr'><strong>’ἓεῖἓὲίῗέὲὲεῖι</strong></span> 
     </span>
    </p>
   </div>
   <div class='ocr_carea' id='block_1_118' title="bbox 2256 5570 3831 5667">
    <p class='ocr_par' dir='ltr' id='par_1_118' title="bbox 2256 5570 3831 5667">
     <span class='ocr_line' id='line_1_118' title="bbox 2256 5570 3718 5602; baseline -0.019 -9"><span class='ocrx_word' id='word_1_961' title='bbox 2256 5570 2431 5590; x_wconf 58' lang='grc' dir='ltr'><strong>υιωιω</strong></span> <span class='ocrx_word' id='word_1_962' title='bbox 2451 5570 2657 5602; x_wconf 60' lang='grc' dir='ltr'><strong>οινδρισμυνν</strong></span> <span class='ocrx_word' id='word_1_963' title='bbox 2682 5570 2791 5598; x_wconf 66' lang='grc' dir='ltr'>ιιιιυν</span> <span class='ocrx_word' id='word_1_964' title='bbox 2816 5570 3160 5581; x_wconf 67' lang='lat' dir='ltr'><strong>IvIvIw-v--—------</strong></span> <span class='ocrx_word' id='word_1_965' title='bbox 3180 5570 3251 5583; x_wconf 53' lang='grc' dir='ltr'><strong>-νΠ</strong></span> <span class='ocrx_word' id='word_1_966' title='bbox 3278 5570 3285 5571; x_wconf 40' lang='grc' dir='ltr'><em>κ</em></span> <span class='ocrx_word' id='word_1_967' title='bbox 3422 5570 3431 5578; x_wconf 57' lang='grc' dir='ltr'><strong><em>π</em></strong></span> <span class='ocrx_word' id='word_1_968' title='bbox 3513 5570 3542 5579; x_wconf 62' lang='grc' dir='ltr'><strong>ν</strong></span> <span class='ocrx_word' id='word_1_969' title='bbox 3707 5572 3718 5584; x_wconf 55' lang='grc'><strong><em>⁸</em></strong></span> 
     </span>
     <span class='ocr_line' id='line_1_119' title="bbox 2256 5570 3831 5667; baseline -0.023 -11"><span class='ocrx_word' id='word_1_970' title='bbox 2256 5615 2476 5667; x_wconf 49' lang='lat' dir='ltr'><strong>smmis,</strong></span> <span class='ocrx_word' id='word_1_971' title='bbox 2501 5601 2671 5667; x_wconf 69' lang='lat' dir='ltr'><strong>idest,</strong></span> <span class='ocrx_word' id='word_1_972' title='bbox 2714 5605 2917 5667; x_wconf 65' lang='lat' dir='ltr'><strong>morem.</strong></span> <span class='ocrx_word' id='word_1_973' title='bbox 2941 5590 3051 5646; x_wconf 81' lang='lat' dir='ltr'><strong>Sed,</strong></span> <span class='ocrx_word' id='word_1_974' title='bbox 3085 5588 3134 5635; x_wconf 91' lang='lat' dir='ltr'><strong>ni</strong></span> <span class='ocrx_word' id='word_1_975' title='bbox 3169 5585 3336 5667; x_wconf 67' lang='lat' dir='ltr'><strong>fallor,l</strong></span> <span class='ocrx_word' id='word_1_976' title='bbox 3355 5589 3649 5667; x_wconf 55' lang='grc' dir='ltr'><strong>διορισμᾷΐὸεο</strong></span> <span class='ocrx_word' id='word_1_977' title='bbox 3666 5570 3831 5643; x_wconf 66' lang='lat' dir='ltr'><strong>distin-</strong></span> 
     </span>
     <span class='ocr_line' id='line_1_120' title="bbox 2858 5642 3829 5667; baseline -0.02 12"><span class='ocrx_word' id='word_1_978' title='bbox 2858 5661 2867 5667; x_wconf 84' lang='lat'><strong>‘</strong></span> <span class='ocrx_word' id='word_1_979' title='bbox 2904 5666 2910 5667; x_wconf 48' lang='grc' dir='ltr'>ί</span> <span class='ocrx_word' id='word_1_980' title='bbox 2949 5658 3023 5667; x_wconf 55' lang='grc' dir='ltr'><strong>λ-»·</strong></span> <span class='ocrx_word' id='word_1_981' title='bbox 3047 5661 3165 5667; x_wconf 76' lang='lat'><strong>-—---—--</strong></span> <span class='ocrx_word' id='word_1_982' title='bbox 3210 5658 3301 5667; x_wconf 68' lang='grc' dir='ltr'><strong>ιιι-ι-</strong></span> <span class='ocrx_word' id='word_1_983' title='bbox 3345 5652 3496 5667; x_wconf 69' lang='lat' dir='ltr'><strong>nnI-nu</strong></span> <span class='ocrx_word' id='word_1_984' title='bbox 3549 5644 3656 5667; x_wconf 62' lang='grc' dir='ltr'><strong>ενοι</strong></span> <span class='ocrx_word' id='word_1_985' title='bbox 3674 5642 3829 5667; x_wconf 63' lang='lat' dir='ltr'><strong>“nm</strong></span> 
     </span>
    </p>
   </div>
   <div class='ocr_carea' id='block_1_119' title="bbox 2258 5638 3834 5723">
    <p class='ocr_par' dir='ltr' id='par_1_119' title="bbox 2258 5638 3834 5723">
     <span class='ocr_line' id='line_1_121' title="bbox 2258 5638 3834 5723; baseline -0.021 -5"><span class='ocrx_word' id='word_1_986' title='bbox 2258 5638 2549 5723; x_wconf 58' lang='lat' dir='ltr'><strong>&quot;ciiiiiiiiii’oiii</strong></span> <span class='ocrx_word' id='word_1_987' title='bbox 2559 5638 2877 5723; x_wconf 42' lang='lat' dir='ltr'><strong>hini’qiiadr‘at</strong></span> <span class='ocrx_word' id='word_1_988' title='bbox 2899 5666 2911 5699; x_wconf 87' lang='lat'><strong>:</strong></span> <span class='ocrx_word' id='word_1_989' title='bbox 2939 5638 3168 5721; x_wconf 61' lang='lat' dir='ltr'><strong>caeterum</strong></span> <span class='ocrx_word' id='word_1_990' title='bbox 3191 5638 3518 5723; x_wconf 43' lang='lat' dir='ltr'><strong>butdlectioni</strong></span> <span class='ocrx_word' id='word_1_991' title='bbox 3534 5638 3664 5690; x_wconf 77' lang='lat' dir='ltr'><strong>favet</strong></span> <span class='ocrx_word' id='word_1_992' title='bbox 3673 5638 3834 5687; x_wconf 74' lang='lat' dir='ltr'><strong>serie:</strong></span> 
     </span>
    </p>
   </div>
   <div class='ocr_carea' id='block_1_120' title="bbox 2262 5712 3487 5793">
    <p class='ocr_par' dir='ltr' id='par_1_120' title="bbox 2262 5712 3487 5793">
     <span class='ocr_line' id='line_1_122' title="bbox 2262 5712 3487 5793; baseline -0.021 -14"><span class='ocrx_word' id='word_1_993' title='bbox 2262 5712 2462 5793; x_wconf 78' lang='lat' dir='ltr'><strong>et</strong></span> <span class='ocrx_word' id='word_1_994' title='bbox 2488 5712 2884 5785; x_wconf 62' lang='lat' dir='ltr'><strong>alioquin&#39;qisttcr</strong></span> <span class='ocrx_word' id='word_1_995' title='bbox 2901 5713 3139 5775; x_wconf 79' lang='lat' dir='ltr'><strong>repetitur</strong></span> <span class='ocrx_word' id='word_1_996' title='bbox 3157 5721 3268 5768; x_wconf 85' lang='lat' dir='ltr'><strong>vox,</strong></span> <span class='ocrx_word' id='word_1_997' title='bbox 3294 5712 3487 5768; x_wconf 47' lang='lat' dir='ltr'><strong>saetosas.</strong></span> 
     </span>
    </p>
   </div>
  </div>
