4066 6426
324 342 434 400 279

322 457 435 528 γάρ
468 454 561 509 ἐπὶ
586 454 694 510 τῶν
715 455 962 527 φυσικῶν
985 454 1161 510 τόκων
1191 454 1473 511 ἀδύνατον.
1507 457 1607 513 Διά
1638 460 1691 512 τί
1716 458 1774 512 δὲ
1802 459 1903 512 οὐκ

322 539 479 615 [281]
501 535 622 594 εἷπε
643 559 656 570 ·
700 543 912 594 Τεκνία
924 556 1069 609 μου,
1098 539 1206 607 οὓς
1227 540 1415 596 πάλιν
1456 540 1760 610 ἀναγεννῶ,
1791 541 1903 595 ἀλλ’

320 624 553 685 ὠδίνως
585 623 760 677 καίτοι
798 639 862 692 γε
912 621 1146 693 ἀλλαχοῦ
1194 626 1388 696 γεννᾷν
1423 641 1588 697 φησιν
1609 643 1625 658 ·
1669 626 1766 680 Ἑν
1797 626 1907 698 7&9

320 702 562 775 Χριστῷ
604 705 800 774 Ἰησοῦ
831 704 988 775 ὑμᾶς
1017 705 1338 776 ἐγέννησα.
1379 708 1528 761 Ἐκεῖ
1560 708 1658 779 μὲν
1689 705 1783 763 οὖν
1810 707 1907 780 τὴν

325 791 646 862 συγγένειαν
684 788 923 860 δηλῶσαι
960 790 1121 861 μόνον
1148 789 1398 845 ἐϐούλετο
1421 807 1434 821 °
1465 790 1699 846 ἐνταῦθα
1728 792 1785 844 δὲ
1812 793 1908 846 καὶ

320 875 414 929 τὸν
441 875 602 928 πόνον
616 874 967 945 παραστῆσαι
999 873 1319 939 ἐσπούδαζε.
1339 874 1463 938 Πῶς
1484 875 1541 928 δὲ
1570 876 1738 928 τέκνα
1754 874 1911 928 καλεῖ

321 962 395 1013 τά
426 958 651 1030 μηδέπω
678 957 975 1027 τεχθέντα;
1010 960 1059 1011 εί
1087 957 1194 1029 7&9
1228 958 1426 1024 ώδίνει,
1470 958 1678 1012 οὐδέπω
1716 958 1870 1012 ἔτεκε
1890 976 1903 990 ο

322 1037 553 1107 πῶςοῦν
575 1041 739 1094 τέκνα
770 1041 966 1107 καλεῖ;
1023 1042 1142 1096 ’Ὶνα
1183 1041 1381 1114 μάθῃς,
1435 1044 1518 1097 ὅτι
1560 1043 1666 1111 (οὐ)
1707 1042 1909 1106 ταύτας

319 1126 503 1180 ώδίνει
532 1125 634 1190 τάς
665 1124 891 1197 πρώτας
937 1125 1157 1189 ὠδῖνας,
1188 1126 1325 1196 ὅπερ
1354 1125 1538 1181 ἱκανὸν
1564 1121 1633 1197 ἦν
1665 1126 1908 1190 ἐκείνους

323 1209 605 1284 ἐντρέψαι.
645 1209 757 1263 Καὶ
808 1209 918 1280 γάρ
952 1209 1240 1280 ἐγενόμην,
1302 1210 1488 1281 φησὶν,
1518 1209 1664 1277 ἅπαξ
1700 1210 1905 1282 πατὴρ.

322 1295 419 1347 καὶ
450 1292 542 1346 τὸν
572 1291 922 1363 ὀφειλόμενον
948 1293 1032 1362 ἐφ’
1063 1293 1191 1363 ὐμῖν
1221 1292 1489 1363 ὑπέμεινα
1524 1293 1702 1358 τόκον,
1737 1293 1913 1362 ἐγένε-

322 1376 422 1430 σθε
449 1375 506 1429 δὲ
539 1373 706 1429 τέκνα
736 1375 831 1427 καὶ
871 1375 1031 1445 ὑμεῖς
1056 1374 1202 1443 ἀπαξ
1229 1392 1242 1406 ’
1268 1375 1387 1438 πῶς
1415 1372 1507 1430 οῦν
1539 1376 1701 1430 πάλιν
1732 1394 1799 1447 με
1829 1377 1909 1440 είς

320 1457 585 1528 δευτέρας
623 1456 819 1521 ὠδῖνας
853 1456 1150 1528 ἐμϐάλλετε
1176 1473 1190 1525 ;
1231 1459 1406 1513 ἱκανοὶ
1432 1461 1481 1513 οἱ
1513 1460 1665 1514 πόνοι
1686 1459 1794 1513 τῶν
1820 1459 1910 1513 τό·

321 1561 439 1597 κων
470 1541 578 1595 τῶν
604 1539 665 1606 ἐξ
690 1542 885 1613 ἀρχῆς,
938 1540 993 1594 τί
1018 1559 1086 1613 με
1122 1541 1413 1597 διατείνετε
1452 1543 1615 1598 πάλιν
1641 1546 1761 1607 ταῖς
1788 1541 1909 1596 ὀδύ-

321 1642 474 1692 ναις;
515 1624 636 1678 Τῶν
665 1624 775 1696 γὰρ
804 1623 1030 1694 μηδέπω
1052 1627 1495 1681 πεπιστευκότων
1521 1628 1624 1681 οὐκ
1649 1626 1907 1681 ἐλάττονα

320 1710 485 1763 πόνον
514 1710 774 1779 παρεῖχεν
818 1706 968 1778 αὐτῷ
987 1707 1096 1761 τῶν
1130 1709 1339 1765 πιστῶν
1365 1709 1437 1763 τά
1475 1709 1765 1782 πτώματα.
1795 1710 1908 1763 Καὶ

318 1791 433 1864 γάρ
462 1788 531 1863 ἧν
562 1791 858 1863 ἀφόρητον,
881 1792 1020 1863 μετά
1047 1792 1145 1864 τὴν
1169 1793 1279 1846 τῶν
1310 1792 1565 1847 τοιούτων
1591 1793 1907 1865 μυστηρίων

322 1874 612 1930 κοινωνίαν
659 1876 795 1947 πρὸς
850 1875 949 1947 τὴν
983 1875 1240 1929 ἀσέϐειαν
1280 1876 1710 1947 αὐτομολοῦντας
1739 1878 1901 1950 693v-

319 1958 404 2011 διὸ
435 1957 528 2011 καὶ
563 1957 769 2028 σφόδρα
806 1957 969 2029 δριμύ
996 1958 1087 2011 καὶ
1127 1959 1306 2028 πάσης
1331 1960 1585 2029 γυναικὸς
1609 1959 1907 2030 περιπαθέ-

324 2057 517 2111 στερον
546 2036 870 2105 ἀνωλόλυξε,
903 2040 1109 2110 λέγων’
1148 2042 1357 2095 Τεκνία
1400 2059 1539 2111 μου,
1574 2042 1681 2108 οὓς
1721 2040 1908 2095 πάλιν

321 2123 533 2188 ὠδίνω,
564 2122 736 2193 ἄχρις
768 2120 838 2178 οὗ
859 2122 1146 2193 μορφωθῇ
1172 2124 1426 2194 Χριστὸς
1444 2125 1512 2177 ἐν
1536 2124 1696 2194 ὑμῖν.
1737 2125 1907 2179 Τοῦτο

318 2207 380 2262 δὲ
408 2207 614 2276 ἔλεγεν,
654 2206 790 2279 ὁμοῦ
822 2208 917 2261 καὶ
946 2207 1209 2279 θαρρῦναι
1246 2210 1341 2262 καὶ
1374 2209 1609 2279 φοϐῆσαι
1645 2210 1902 2280 βουλόμε-

318 2306 444 2354 νος·
477 2292 538 2343 τὸ
569 2290 668 2361 μὲν
716 2290 825 2361 γὰρ
863 2289 1031 2357 δεῖξαι
1060 2290 1135 2362 μὴ
1168 2293 1594 2363 μεμορφωμένον
1632 2295 1689 2345 ἐν
1724 2294 1906 2357 αὐτοῖς

316 2374 412 2427 τὸν
435 2371 690 2445 Χριστὸν,
725 2372 965 2441 ἀγωνίαν
992 2374 1087 2425 καὶ
1115 2373 1278 2444 φόϐον
1307 2375 1559 2427 ἐνέϐαλλε
1584 2391 1598 2406 ⁸
1637 2376 1698 2428 τὸ
1726 2376 1780 2428 δὲ
1810 2378 1908 2446 ἐμ-

320 2458 492 2528 φῆναι
517 2457 599 2510 ὅτι
628 2456 850 2511 δυνατὸν
884 2456 1048 2509 αὐτὸν
1090 2457 1462 2529 μορφωθῆναι,
1491 2457 1654 2511 πάλιν
1684 2459 1904 2530 θαρρεῖν

319 2537 720 2612 παρεσκεύαζε.
751 2540 824 2591 Τὸ
861 2539 969 2609 7&9
996 2542 1192 2605 εἰπεῖν,
1227 2541 1433 2609 Ἂχρις
1480 2536 1553 2596 οὗ
1594 2541 1901 2610 μορφωθῇ,

318 2624 608 2695 ἀμφότερα
641 2623 815 2677 ταῦτά
840 2625 987 2677 ἐστιν
1013 2624 1446 2695 ἐνδεικνυμένου,
1472 2626 1566 2678 καὶ
1587 2626 1669 2679 ὅτι
1696 2627 1904 2680 οὐδέπω

322 2709 703 2780 μεμόρφωται,
734 2707 828 2759 καὶ
856 2708 938 2759 δτι
964 2706 1186 2760 δυνατὸν
1235 2709 1589 2780 μορφωθῆναι
1630 2710 1809 2764 πάλιν.
1839 2712 1903 2764 1⁸Σί

317 2791 430 2861 7&9
450 2790 524 2861 μὴ
559 2789 780 2842 δυνατὸν
799 2784 888 2859 ῆν,
916 2788 1039 2857 εἰκῆ
1070 2789 1207 2859 πρὸς
1235 2791 1430 2853 αὐτοὺς
1462 2791 1665 2858 ἔλεγεν,
1705 2794 1903 2859 Ἀχρις

318 2870 393 2930 οὗ
418 2872 707 2943 μορφωθῇ
732 2870 1068 2939 Χριστὸς-ὲν
1096 2871 1260 2941 ὑμῖν,
1294 2874 1386 2926 καὶ
1421 2873 1679 2943 ματαίαις
1706 2874 1900 2938 αὐτοὺς

317 2953 547 3029 ἔτρεφεν
575 2955 776 3009 ἐλπίσι.

396 3166 463 3238 β’.
492 3164 677 3219 Ταῦτα
704 3161 797 3220 οῦν
825 3163 1027 3227 εἰδότες
1058 3162 1192 3234 μηδέ
1219 3164 1378 3234 ἡμεῖς
1403 3162 1868 3232 άπογινώσκωμεν
1885 3201 1900 3227 ,

319 3242 460 3302 ἀλλά
481 3248 616 3320 μηδὲ
644 3248 1053 3320 ῥᾳθυμήσωμεν
1086 3247 1302 3310 ἁπλῶς·
1332 3247 1568 3316 ἐκάτερα
1599 3246 1708 3317 γὰρ
1731 3245 1906 3299 ταῦτα

323 3330 567 3401 ὀλέθρια.
585 3332 648 3384 Ἦ
673 3331 770 3402 μὲν
786 3330 895 3401 γάρ
910 3330 1219 3399 ἀπόγνωσις
1242 3329 1334 3383 τὸν
1358 3328 1611 3398 κείμενον
1622 3329 1721 3381 οὐκ
1737 3328 1904 3399 ἀφίη-

320 3430 410 3466 σιν
460 3413 779 3483 ἀναστῆναι,
843 3415 877 3484 ή
927 3412 984 3466 δὲ
1034 3412 1277 3484 ῥᾳθυμία
1320 3413 1413 3465 τὸν
1450 3411 1660 3464 ἑστῶτα
1700 3423 1727 3452 ιι
1764 3413 1907 3464 ποιεῖ

321 3498 690 3553 καταπίπτειν
714 3517 726 3530 ·
760 3498 944 3569 ἐκείνη
975 3499 1083 3552 τῶν
1108 3496 1475 3568 πορισθέντων
1516 3495 1736 3564 ἀγαθῶν
1774 3496 1909 3548 ἀπο-

321 3584 536 3653 στερεῖν
561 3582 772 3648 εἴωθεν,
801 3582 940 3653 αῦτη
973 3582 1083 3636 τῶν
1130 3581 1493 3651 ἐπικειμένων
1541 3581 1640 3632 οὐκ
1680 3579 1904 3649 ἀφίησιν

319 3665 702 3737 ἀπαλλαγῆναι
727 3666 943 3720 κακῶψ
971 3668 1065 3720 καὶ
1096 3667 1129 3737 ή
1167 3666 1265 3737 μὲν
1298 3665 1702 3735 καταφρόνησις
1731 3664 1823 3716 καὶ
1845 3664 1904 3730 ἐξ

320 3750 506 3804 αὐτῶν
555 3752 854 3822 καταφέρει
903 3750 1012 3804 τῶν
1041 3749 1304 3821 οὐρανῶν,
1332 3751 1369 3820 ή
1403 3748 1459 3801 δὲ
1489 3748 1800 3815 ἀπόγνωσις
1825 3748 1905 3809 εις

320 3834 493 3905 αὐτὴν
548 3835 778 3902 κατάγει
809 3834 906 3905 τῆς
934 3833 1134 3895 κακίας
1156 3833 1255 3902 τήν
1305 3831 1563 3897 ἄϐυσσον,
1597 3830 1785 3901 ὥσπερ
1810 3827 1903 3883 οὖν

318 3917 386 3970 τὸ
421 3917 494 3988 μὴ
524 3915 834 3985 ἀπογνῶναι
869 3915 1125 3971 κάκεῖθεν
1158 3915 1367 3986 ταχέως
1379 3914 1707 3986 ἀναδραμεῖν
1738 3916 1899 3967 ποιεῖ.

318 4000 521 4055 Σκόπει
546 4000 602 4053 δὲ
629 4000 954 4071 ἀμφοτέρων
1007 3999 1108 4069 τὴν
1135 3998 1286 4069 ίσχύν
1309 4014 1325 4030 °
1356 3999 1386 4051 6
1418 3997 1665 4060 διάϐολος
1702 3996 1905 4065 ἀγαθὸς

318 4080 393 4153 ἦν
423 4084 530 4156 πρὸ
561 4082 751 4136 τούτου
775 4097 788 4111 ⁸
826 4081 1150 4153 ρᾳθυμήσας
1194 4080 1252 4134 δέ
1283 4081 1376 4134 καὶ
1412 4080 1680 4147 ἀπογνοὺς
1710 4079 1903 4133 ἔπεσεν

319 4169 405 4231 είς
451 4167 717 4239 τοσαύτην
765 4167 986 4230 κακίαν,
1040 4166 1115 4228 ώς
1168 4164 1304 4235 μηδὲ
1336 4164 1630 4234 ἀναστῆναι
1670 4162 1856 4216 λοιπόν
1884 4178 1900 4194 ο

319 4252 406 4304 ὅτι
442 4249 553 4322 γάρ
596 4249 800 4316 ἀγαθὸς
846 4245 936 4319 ἦν,
988 4247 1220 4302 ἄκουσον
1267 4245 1319 4299 τί
1366 4263 1562 4316 φησιν’
1591 4242 1772 4299 Εἶδον
1798 4244 1905 4297 τὸν

318 4332 601 4389 Σατανᾶν
621 4333 701 4398 ώς
728 4330 1050 4401 ἀστραπὴν
1084 4331 1153 4383 ἐκ
1193 4329 1299 4383 τοῦ
1329 4328 1589 4397 οὐρανοῦ
1611 4331 1900 4382 πεσόντα.

334 4420 399 4471 Ἦ
429 4418 487 4471 δὲ
512 4416 797 4487 ἀστραπῆς
826 4413 1111 4487 παραϐολὴ
1130 4410 1306 4467 καὶτὸ
1337 4412 1563 4483 φαιδρὸν
1580 4413 1679 4482 τῆς
1708 4411 1905 4483 προτέ-

324 4519 425 4575 ρας
451 4501 719 4554 δείκνυσιν
732 4498 1102 4569 ἀναστροφῆς,
1121 4496 1215 4550 καὶ
1243 4496 1340 4567 τὴν
1372 4495 1473 4565 τῆς
1501 4496 1758 4558 πτώσεως
1782 4493 1904 4561 ὀξύ-

317 4602 481 4657 τητα.
524 4584 582 4637 Ὀ
615 4583 823 4646 Παῦλος
868 4583 1184 4653 βλάσφημος
1223 4575 1314 4652 ἦν,
1364 4581 1460 4635 καὶ
1512 4578 1766 4650 διώκτης,
1808 4578 1903 4632 καὶ

322 4670 614 4742 ὑϐριστήςο
646 4668 830 4738 ἐπειδὴ
856 4668 912 4720 δὲ
948 4667 1245 4720 ἐσπούδασε
1275 4666 1370 4719 καὶ
1406 4664 1507 4717 οὐκ
1529 4664 1771 4732 ἀπέγνω,
1808 4664 1902 4717 καὶ⁹

320 4753 520 4823 ἀνέστη
549 4750 774 4805 καὶτῶν
820 4750 1069 4819 ἀγγέλων
1107 4749 1330 4818 γέγονεν
1371 4750 1511 4812 ἴσοςο
1544 4749 1572 4800 6
1604 4748 1661 4801 δὲ
1704 4747 1902 4811 Ἰούδας

320 4837 617 4900 ἀπόστολος
636 4832 724 4907 ἦν,
747 4833 885 4888 ἀλλὰ
918 4832 1240 4904 ρᾳθυμήσας
1292 4834 1484 4901 γέγονε
1514 4831 1799 4903 προδότης.
1844 4833 1901 4886 ’0

319 4919 523 4991 λῃστὴς
555 4918 715 4972 πάλιν
748 4917 885 4988 μετά
907 4915 1174 4986 τοσαύτην
1202 4916 1420 4980 κακίαν,
1443 4915 1629 4984 ἐπειδὴ
1690 4915 1765 4986 μὴ
1797 4916 1900 4968 ἀπ-

321 5003 487 5071 έγνω,
523 5000 629 5071 πρὸ
657 5000 765 5055 τῶν
790 5000 964 5055 ἄλλων
1009 5000 1262 5053 ἀπάντων
1299 4999 1380 5060 εἰς
1428 4998 1519 5051 τὸν
1570 4996 1901 5069 παράδεισον

323 5086 570 5158 εἰσῆλθεν
590 5102 601 5115 ·
639 5087 668 5139 6
691 5085 983 5155 Φαρισαῖος
1030 5082 1309 5154 θαρρήσας
1354 5081 1416 5146 ἐξ
1454 5081 1618 5135 αὐτοῦ
1646 5085 1746 5153 τῆς
1769 5083 1900 5153 ἀρε-

319 5172 421 5240 τῆς
449 5168 758 5239 κατηνέχθη
788 5166 884 5221 τοῦ
940 5165 1105 5237 ὕψους
1128 5183 1141 5195 ·
1168 5167 1197 5218 6
1236 5163 1474 5235 τελώνης
1500 5164 1574 5235 μὴ
1606 5167 1896 5233 ἀπογνοὺς,

320 5248 496 5317 οὕτως
522 5251 752 5324 ώρθώθη
783 5251 857 5315 ὡς
883 5251 1131 5305 κάκεῖνον
1166 5249 1567 5321 παραδραμεῖν.
1599 5249 1787 5302 Βούλει
1816 5267 1898 5303 σοι

317 5336 478 5400 δείξω
505 5338 598 5389 καὶ
630 5334 785 5387 πόλιν
817 5333 1107 5405 ὁλόκληρον
1131 5332 1291 5386 τοῦτο
1322 5337 1662 5403 ποιήσασαν;
1704 5333 1768 5385 Ἠ
1789 5332 1900 5386 τῶν

320 5418 617 5475 Νινευῖτῶν
644 5416 796 5480 πόλις
814 5415 987 5480 οὓτως
1009 5415 1188 5487 ἐσώθη
1214 5417 1393 5470 πᾶσα’
1420 5415 1594 5469 καίτοι
1614 5432 1677 5484 γε
1703 5418 1735 5487 ή
1761 5416 1900 5469 ἀπό-

1497 332 1587 400 DE
1625 333 2098 402 ΡωΝιΤΕΝτιΑ.
2144 343 2380 402 HOMIL.
2412 346 2451 401 ῐ.

3488 339 3604 397 280

2012 459 2142 512 Ἔτι
2170 460 2328 527 τρεῖς
2347 460 2581 530 ἡμέραι,
2616 458 2715 513 καὶ
2757 443 2968 512 Nam)?
2995 453 3592 525 καταστωφήσεταο·
3640 452 3651 471 '

2005 540 2121 594 ἀλλ’
2148 543 2297 612 ὅμως
2326 542 2678 606 ἀπειλοῦντος
2725 540 2821 595 τοῦ
2851 540 3008 608 Θεοῦ,
3045 543 3140 597 καὶ
3177 560 3276 597 του
3310 554 3597 616 προφήτου

2009 623 2260 693 βοῶντος,
2291 626 2509 696 καὶτῆς
2541 626 2872 696 ἀποφάσεως
2909 626 3010 678 οὐκ
3053 627 3289 698 ἐχούσης
3333 627 3596 699 μέλλησιν

2007 706 2128 759 οὐδὲ
2191 707 2491 779 διορισμὸν,
2536 710 2638 762 οὐκ
2690 709 2976 772 ἀνέπεσον,
3030 710 3153 764 οὐδὲ
3200 713 3300 774 τὰς
3350 712 3595 783 χρηστὰς

2008 790 2322 861 προέδωκαν
2347 792 2587 856 ἐλπίδας.
2623 792 2722 845 Διά
2754 792 2861 863 γὰρ
2893 792 3050 845 τοῦτο
3084 794 3145 846 οὐ
3180 795 3491 867 προσέθηκε
3517 794 3595 849 διι-

2007 871 2254 943 ορισμὺν,
2274 872 2394 926 οὐδὲ
2415 869 2587 937 εἶπεν,
2605 873 2729 925 Ἐάν
2749 873 2804 926 δὲ
2825 877 3215 945 μετανοήσωσι,
3240 877 3595 947 σωθήσονται,

2010 955 2097 1009 ἶνα
2126 956 2220 1008 καὶ
2256 957 2437 1025 ήμεῖς,
2466 958 2596 1010 ὅταν
2628 958 2954 1029 ἀκούσωμεν
2981 959 3310 1030 ἀποφάσεως
3332 962 3427 1015 τοῦ
3460 962 3596 1016 Θεοῦ

2010 1040 2317 1110 φερομένης
2346 1042 2513 1112 χωρὶς
2533 1042 2841 1113 διορισμοῦ,
2872 1044 3011 1115 μηδὲ
3042 1044 3216 1110 οὕτως
3242 1047 3596 1118 ἀπογνῶμεν,

2012 1121 2146 1192 μηδέ
2176 1123 2664 1195 ἀπαγορεύσωμεν,
2710 1127 2788 1188 εἰς
2834 1127 3008 1178 ἐκεῖνο
3044 1127 3106 1180 τὸ
3134 1128 3437 1199 ὑπόδειγμα
3473 1128 3597 1198 βλέ-

2008 1220 2219 1269 ποντες.
2259 1207 2331 1258 Οὐ
2365 1205 2453 1260 διὰ
2506 1206 2696 1261 τούτου
2731 1208 2786 1260 δὲ
2824 1209 2983 1278 μόνον
3038 1207 3152 1262 ἐστι
3186 1210 3285 1281 τήν
3324 1208 3418 1265 τοῦ
3458 1212 3596 1264 Θεοῦ

2009 1288 2420 1359 φιλανθρωπίαν
2457 1289 2605 1357 ἰδεῖν,
2640 1291 2721 1343 ὅτι
2764 1290 2839 1361 μὴ
2887 1290 3145 1362 προσθεὶς
3195 1293 3474 1364 διορισμὸν
3528 1298 3596 1365 τῇ

2008 1371 2301 1441 ἀποφάσει,
2334 1372 2484 1443 ὅμως
2519 1370 2889 1444 μετανοήσασι
2936 1374 3278 1446 κατηλλάγη,
3335 1376 3471 1429 ἀλλά
3501 1377 3597 1429 καὶ

2007 1453 2067 1519 ἐξ
2092 1454 2258 1507 αὐτοῦ
2290 1455 2387 1508 τοῦ
2404 1456 2506 1527 τήν
2534 1457 2812 1525 ἀπόφασιν
2828 1457 3249 1530 ἀπηρτισμένην
3270 1460 3593 1529 ἐξενεγκεῖν.

2005 1538 2247 1610 Αὐξῆσαι
2280 1539 2389 1612 γάρ
2427 1539 2520 1593 τὸν
2554 1539 2718 1609 φόϐον
2770 1538 3093 1611 βουλόμενος
3129 1543 3227 1595 καὶ
3262 1545 3363 1613 τῆς
3395 1544 3598 1613 πολλῆς

2007 1622 2187 1675 αὐτῶν
2241 1622 2515 1696 ῥᾳθυμίας
2572 1620 2963 1692 καθάψασθαι,
3010 1624 3172 1679 τοῦτο
3214 1627 3461 1696 ἐποίησε,
3504 1632 3599 1680 καὶ

2007 1704 2174 1768 αὐτὸς
2200 1704 2257 1757 δὲ
2280 1707 2309 1758 ὁ
2332 1705 2522 1776 χρόνος
2549 1705 2651 1775 τῆς
2687 1707 2976 1775 μετανοίας
2995 1706 3269 1760 δείκνυσιν
3300 1709 3466 1762 αὐτοῦ
3500 1710 3599 1781 τήν

2006 1787 2212 1856 ἄφατον
2245 1787 2677 1858 φιλανθρωπίαν.
2710 1788 2775 1840 Τί
2802 1788 2911 1860 γὰρ
2935 1790 3138 1861 ἡμέραι
3164 1795 3311 1862 τρεῖς
3343 1793 3603 1846 τοσοῦτον

2007 1873 2350 1941 εἰργάσαντο,
2402 1872 2477 1937 ὡς
2530 1873 2793 1942 ἀφανίσαι
2840 1873 3043 1926 κακίαν
3072 1874 3384 1945 τοσαύτην;
3433 1877 3598 1948 Ὁρᾷς

2008 1953 2125 2017 πῶς
2154 1954 2249 2007 καὶ
2282 1954 2535 2008 ἐντεῦθεν
2563 1956 2596 2026 ή
2624 1955 2719 2008 τοῦ
2748 1955 2881 2008 Θεοῦ
2908 1955 3158 2025 φαίνεται
3186 1958 3483 2029 κηδεμονία
3504 1960 3599 2024 ;τὺ

2006 2036 2114 2109 γὰρ
2147 2037 2309 2090 πλέον
2362 2036 2500 2110 αῦτη
2539 2041 2959 2110 συνεισήνεγκεν
2992 2041 3075 2104 είς
3109 2041 3210 2112 τὴν
3252 2042 3353 2113 τῆς
3385 2042 3597 2108 πόλεως

2010 2136 2155 2190 σωτη
2164 2120 2281 2191 ρίαν
2290 2158 2303 2174 .

2077 2328 2262 2386 Ταῦτα
2316 2327 2413 2388 οὖν
2471 2335 2702 2401 εἰδότες,
2762 2338 3030 2408 μηδέποτε
3081 2337 3594 2409 ἀπογινώσκωμενο

2004 2413 2157 2468 οὐδὲν
2190 2416 2299 2487 γάρ
2327 2417 2499 2483 οῦτως
2532 2420 2752 2490 ἰσχυρὸν
2779 2420 2942 2475 ὅπλον
2964 2420 3043 2492 τῷ
3068 2421 3319 2492 διαϐόλῳ,
3351 2423 3425 2486 ώς
3457 2423 3594 2476 ἀπό-

2004 2512 2235 2563 γνωσιςο
2296 2499 2386 2553 διά
2432 2500 2591 2554 τοῦτο
2643 2504 2740 2572 οὐχ
2798 2503 2972 2567 οὕτως
3024 2504 3186 2557 αὐτὸν
3233 2506 3597 2576 εὐφραίνομεν

2005 2580 2433 2651 ἁμαρτάνοντες,
2492 2584 2568 2647 ώς
2622 2587 3113 2655 ἀπογινώσκοντες.
3156 2589 3422 2642 Ἄκουσον
3464 2590 3597 2657 γοῦν

2003 2663 2097 2715 ἐπὶ
2128 2663 2221 2716 τοῦ
2253 2667 2707 2738 πεπορνευκότος,
2734 2671 2851 2735 πῶς
2879 2670 2977 2740 τῆς
2995 2670 3270 2742 ἁμαρτίας
3289 2671 3597 2743 μᾶλλοντήν

2004 2746 2316 2815 ἀπόγνωσιν
2360 2750 2597 2804 δέδοικεν
2646 2752 2674 2803 6
2711 2752 2924 2817 Παῦλος
2947 2768 2959 2781 ο
2994 2754 3223 2825 γράφων
3245 2755 3353 2825 γὰρ
3395 2756 3596 2825 Κοριν-

2005 2827 2141 2888 θίοις
2169 2829 2342 2894 οὕτως
2363 2832 2549 2901 ἔλεγεν
2571 2850 2586 2864 ’
2613 2833 2801 2901 ’Όλως
2864 2837 3141 2890 ἀκούεται
3169 2837 3239 2888 ἐν
3277 2837 3419 2906 ὑμῖν
3453 2853 3598 2906 πορ-

2003 2913 2156 2979 νεία,
2182 2912 2280 2965 καὶ
2305 2915 2547 2981 τοιαύτη
2577 2917 2843 2982 πορνεία,
2876 2917 3008 2982 ἣτις
3031 2917 3175 2971 οὐδὲ
3192 2918 3262 2971 ἐν
3283 2918 3407 2985 τοῖς
3436 2920 3599 2974 ἔθνε-

2004 3006 2110 3043 σιν
2146 2992 2486 3062 ὀνομάζεται
2507 3014 2519 3025 ·
2559 2998 2653 3049 καὶ
2693 2999 2795 3050 οὐκ
2847 2995 3021 3064 εἶπεν,
3049 2999 3208 3062 "Hm;
3239 3001 3359 3053 οὐδὲ
3406 3002 3464 3055 ἐν
3485 3002 3598 3064 τοῖς

2004 3073 2181 3128 ἔθνεσι
2204 3075 2490 3146 τολμᾶται,
2530 3078 2668 3147 ἀλλ’,
2702 3081 2835 3133 Οὐδέ
2864 3081 3190 3150 ὀνομάζεται
3211 3101 3224 3114 ο
3247 3084 3275 3137 ὃ
3295 3084 3403 3156 γὰρ
3432 3086 3596 3157 μέχρι

2005 3160 2377 3230 προσηγορίας
2427 3162 2657 3224 ἐκείνοις
2709 3163 3006 3234 ἀφόρητον,
3062 3167 3225 3220 τοῦτο
3276 3168 3404 3238 ὐμῖν
3445 3169 3594 3239 ἔργῳ

2004 3241 2354 3314 τετόλμηται.
2375 3242 2489 3297 Καὶ
2510 3246 2677 3315 ὑμεῖς
2699 3246 3142 3317 πεφυσιωμένοι
3164 3249 3339 3315 ἑστέ;
3363 3252 3474 3305 Καὶ
3492 3254 3593 3307 οὐκ

2005 3319 2150 3387 εἷπε,
2191 3326 2302 3379 Καὶ
2335 3327 2542 3392 ἐκεῖνος
2575 3329 2941 3397 πεφυσίωται,
2961 3330 3078 3382 ἀλλ’
3112 3332 3272 3399 ἀφεὶς
3291 3335 3382 3387 τὸν
3411 3337 3593 3408 ἡμαρ-

2004 3410 2229 3478 τηκότα,
2252 3412 2365 3473 τοῖς
2381 3412 2683 3478 ὑγιαίνουσι
2706 3412 3015 3483 διαλέγεται
3031 3432 3043 3444 °
3076 3414 3330 3487 καθάπερ
3345 3420 3392 3470 οἱ
3418 3421 3593 3490 ἰατροὶ

2006 3492 2271 3557 ποιοῦσιν,
2296 3494 2528 3562 ἀφέντες
2581 3497 2706 3558 τοὺς
2737 3495 3065 3566 κάμνοντας,
3102 3499 3239 3569 πρὸς
3281 3502 3406 3564 τούς
3432 3519 3594 3575 προσ-

2005 3575 2239 3644 ήκοντας
2285 3578 2468 3641 αὐτοῖς
2510 3577 2715 3631 πλείονι
2758 3578 3055 3651 κέχρηνται
3094 3581 3274 3653 λόγῳ·
3317 3584 3491 3649 ἄλλως
3536 3586 3594 3640 δὲ

2005 3660 2101 3712 καὶ
2125 3655 2267 3714 οὗτοι
2296 3662 2397 3731 τῆς
2427 3663 2685 3724 ἀπονοίας
2730 3663 2895 3717 αἴτιοι
2939 3666 3117 3737 πάσης
3142 3662 3282 3737 ἦσαν
3310 3669 3478 3741 αὐτῷ,
3517 3671 3593 3744 μή

2005 3742 2361 3812 ἐπιτιμῶντες
2394 3745 2528 3814 μηδὲ
2553 3745 2995 3816 ἐπιπλήττοντες.
3038 3748 3326 3803 Ἐκοίνωσε
3353 3750 3381 3790 δ
3412 3742 3592 3808 τοίνυν

2003 3826 2064 3878 τὸ
2101 3825 2374 3895 ἔγκλημα,
2410 3828 2499 3880 ἵνα
2527 3828 2685 3897 ῥᾳδία
2714 3828 2941 3899 γένηται
2968 3831 3061 3883 τοῦ
3092 3833 3406 3902 τραύματος
3435 3838 3469 3905 ή
3505 3837 3593 3889 θε-

2009 3909 2226 3980 ραπεία.
2283 3910 2463 3963 Δεινὲν
2519 3912 2617 3981 μὲν
2666 3911 2775 3983 7&9
2808 3913 2868 3964 τὸ
2918 3914 3274 3984 ἁμαρτάνειν,
3336 3917 3591 3988 πολλῴδὲ

2005 3991 2386 4063 χαλεπώτερον
2424 3993 2488 4045 τὸ
2518 3994 2612 4046 καὶ
2642 3995 2786 4065 μέγα
2824 3999 3044 4066 φρονεῖν
3075 3997 3170 4050 ἐπὶ
3198 4001 3310 4062 τοῖς
3334 4001 3589 4073 ἁμαρτή-

2009 4093 2189 4143 μασιν.
2216 4077 2278 4129 Ei
2310 4076 2416 4148 γάρ
2472 4078 2566 4130 ἐπὶ¹
2619 4077 2936 4153 δικαιοσύνῃ
2964 4080 3024 4133 τὸ
3057 4082 3334 4150 φυσᾶσθαι
3360 4084 3592 4150 κένωσις

2005 4159 2347 4230 δικαιοσύνης
2373 4161 2507 4227 ἐστὶ,
2541 4161 2717 4233 πολλῴ
2748 4163 2949 4233 μᾶλλον
2975 4166 3068 4219 ἐπὶ
3088 4168 3200 4229 τοῖς
3225 4168 3588 4239 ἁμαρτήμασι

2004 4244 2161 4297 τοῦτο
2186 4245 2480 4314 συμϐαῖνον
2513 4247 2749 4317 ἐσχάτην
2778 4248 2915 4300 οἴσει
2946 4247 3150 4320 βλάϐην
3172 4252 3326 4320 ήμῖν,
3365 4251 3459 4304 καὶ
3480 4253 3589 4309 τῶν

2006 4326 2420 4397 ἁμαρτημάτων
2454 4327 2634 4381 αὐτῶν
2679 4330 2864 4398 μεῖζον
2896 4330 2957 4383 τὸ
2987 4330 3241 4403 ἔγκλημα
3283 4334 3453 4390 ἔσται.
3491 4337 3593 4391 Διά

2002 4408 2162 4462 τοῦτό
2202 4427 2392 4481 φησιν·
2432 4410 2619 4463 Ὅταν
2649 4411 2847 4465 πάντα
2892 4413 3206 4483 ποιήσητε,
3244 4415 3450 4485 λέγετε
3496 4418 3587 4471 ὅτι

2016 4493 2276 4563 Ἀχρεῖοι
2307 4492 2519 4548 δοῦλοί
2549 4495 2758 4564 ἐσμεν.
2808 4497 2871 4549 Et
2909 4496 2964 4549 δὲ
2998 4501 3045 4551 οἱ
3094 4500 3269 4553 πάντα
3306 4501 3588 4567 ποιοῦντες

2002 4575 2275 4645 ὀφείλουσι
2302 4578 2678 4643 συνεστάλθαι,
2709 4578 2889 4650 πολλῷ
2910 4581 3113 4651 μᾶλλον
3126 4583 3587 4657 τὸνήμαρτηκότα

2003 4661 2098 4713 καὶ
2126 4660 2343 4733 θρηνεῖν
2398 4662 2493 4715 καὶ
2540 4663 2599 4715 ἐν
2634 4665 2745 4725 τοῖς
2794 4665 3043 4734 ἐσχάτοις
3096 4668 3287 4722 ἐαυτὸν
3331 4670 3587 4741 ἀριθμεῖν

2002 4744 2172 4811 ἄξιον.
2199 4748 2375 4818 Ὅπερ
2412 4743 2506 4801 οὖν
2569 4748 2665 4802 καὶ
2704 4748 2825 4801 τότε
2859 4750 3034 4821 δηλῶν
3080 4750 3267 4820 ἔλεγε*
3294 4755 3402 4806 Καὶ
3447 4757 3584 4823 οὐχὶ

1996 4828 2238 4898 μᾶλλον
2259 4831 2633 4900 ἐπενθήσατε
2647 4848 2667 4897 ;
2697 4833 2760 4885 Τί
2783 4832 2992 4901 λέγεις;
3019 4834 3206 4904 ἕτερος
3232 4836 3468 4907 ἥμαρτε,
3492 4838 3585 4891 καὶ

2000 4912 2113 4981 ἐγὼ
2135 4916 2425 4985 πενθήσω;
2474 4916 2603 4981 Ναὶ,
2639 4915 2772 4987 φησί
2802 4933 2816 4946 ο
2855 4915 3106 4987 σώματος
3135 4917 3243 4988 γὰρ
3287 4920 3381 4972 καὶ
3409 4919 3586 4989 μελῶν

1999 4996 2157 5068 δίκην
2202 4999 2453 5069 ἀλλήλοις
2498 5000 2662 5069 ἐσμὲν
2704 4998 3104 5069 συνδεδεμένοι·
3148 5001 3242 5055 ἐπὶ
3268 5002 3326 5055 δὲ
3351 5002 3446 5056 τοῦ
3477 5003 3585 5057 σώ-

2004 5098 2174 5152 ματος
2198 5082 2301 5137 κᾶν
2326 5086 2354 5136 ό
2380 5082 2513 5147 ποῦς
2551 5083 2769 5154 δέξηται
2791 5082 3032 5155 τραῦμα,
3059 5084 3157 5157 τήν
3191 5086 3430 5159 κεφαλὴν
3459 5089 3582 5143 ἐπι-

1999 5164 2312 5217 κύπτουσαν
2360 5165 2596 5237 ὁρῶμεν.
2647 5166 2839 5220 Καίτοι
2871 5167 2923 5219 τί
2961 5167 3167 5239 ταύτης
3217 5173 3581 5243 σεμνότερον;

2012 5248 2152 5301 Ἀλλ’
2190 5249 2289 5319 οὐχ
2313 5251 2415 5322 ὁρᾷ
2445 5248 2544 5320 τὴν
2571 5249 2725 5317 ἀξίαν
2740 5252 2797 5305 ἐν
2820 5250 2900 5323 τῷ
2931 5253 3109 5325 καιρῷ
3127 5255 3229 5326 τῆς
3264 5259 3578 5327 συμφοράς’

2001 5330 2152 5405 [283]
2186 5331 2327 5386 οὕτω
2360 5334 2457 5388 καὶ
2511 5334 2576 5387 σὺ
2639 5333 2883 5405 ποίησον.
2920 5336 3020 5390 Διά
3044 5338 3205 5393 τοῦτο
3237 5341 3330 5393 καὶ
3370 5340 3583 5403 Παῦλος

2000 5423 2258 5491 παραινεῖ
2338 5422 2576 5491 Χαίρειν
2616 5423 2768 5491 μετὰ
2800 5425 3159 5492 χαιρόντων,
3203 5427 3303 5480 καὶ
3349 5425 3584 5481 κλαίειν

320 5517 485 5573 φασις
512 5502 592 5564 είς
618 5500 924 5568 ἀπόγνωσιν
951 5500 1147 5563 αὐτοὺς
1175 5499 1428 5553 ἐνέϐαλεν
1455 5514 1470 5528 ⁸
1510 5499 1572 5551 οὐ
1611 5498 1721 5571 γάρ
1745 5497 1897 5571 [289]
1992 5503 2144 5571 μετὰ
2164 5504 2515 5558 κλαιόντων.
2540 5506 2640 5559 Διά
2655 5505 2815 5560 τοῦτο
2830 5508 2925 5560 καὶ
2941 5508 3250 5580 Κορινθίοις
3277 5509 3410 5578 φησί
3431 5524 3445 5538 ⁸
3469 5504 3575 5562 Καὶ

322 5582 475 5644 εἶπεν
501 5582 604 5649 ὅτι,
619 5583 746 5641 Ἐὰν
768 5585 1162 5655 μετανοήσωσι,
1183 5583 1541 5656 σωθήσονται,
1558 5583 1670 5637 ἀλλ’
1689 5583 1896 5649 ἁπλῶς,

403 5793 419 5814 ⁸
445 5782 588 5834 Savil.
609 5783 689 5835 καὶ
714 5785 794 5833 τὸν
816 5782 1178 5846 ἐστῶτα,ῑ›ειιρ.
1207 5784 1343 5836 Eon.

1998 5585 2135 5655 οὐχὶ
2157 5584 2400 5656 μᾶλλον
2438 5588 2831 5657 ἐπενθήσατε,
2876 5590 2978 5645 ἵνα
3025 5587 3246 5658 ἐξαρθῇ
3274 5589 3343 5644 ἐκ
3381 5589 3574 5661 μέσον

2061 5785 2092 5830 δ
2119 5785 2217 5838 Alii
2237 5787 2479 5850 ἐκοίνωσε,
2499 5787 2582 5841 alii
2602 5790 2809 5841 ἐκοινώνι
