4066 6440
281 437 389 496 281

277 548 374 603 bus
395 541 571 617 (Rom.
602 538 827 615 £2.15).
868 539 996 598 ldco
1038 549 1094 596 et
1130 537 1425 596 Corinthiis
1461 537 1587 591 dicit
1623 555 1636 592 :
1667 534 1732 589 Et
1773 550 1870 587 non

275 638 442 710 magis
469 635 677 708 ﬂevistis
697 678 710 700 ,
743 644 797 689 ut
824 633 1083 690 tolleretur
1113 632 1177 687 de
1207 632 1371 685 medio
1392 641 1606 685 vestrum
1631 629 1719 701 qui
1747 644 1873 697 apus

274 731 336 782 id
362 734 549 800 fecerat
577 727 650 799 (1.
681 722 798 782 Cor.
825 727 880 783 5.
906 724 1001 799 2)?
1028 724 1143 781 Non
1166 725 1316 789 dixit,
1343 723 1411 778 Et
1435 739 1540 777 non
1566 722 1731 792 magis
1756 731 1871 774 stu-

275 821 471 877 duistis
505 808 634 876 :sed
662 820 828 890 quid?
878 818 998 875 Non
1036 818 1195 891 magis
1219 817 1458 888 ﬂevistis,
1503 818 1653 886 quasi
1686 816 1873 870 morbo

273 914 552 968 cuinmuni
579 921 633 968 et
657 922 808 982 peste
840 912 1108 966 civitatem
1148 908 1638 980 eomprelteudente
1670 924 1682 961 :
1719 906 1877 977 quasi

276 1007 509 1070 diceret,
540 1003 792 1060 Oratione
821 1019 955 1075 opus
981 1013 1064 1059 est
1090 994 1142 1059 et
1159 1001 1496 1058 confessione
1523 1009 1574 1056 et
1598 994 1884 1069 precibus,

277 1113 391 1166 quo
421 1090 637 1153 morbus
666 1114 696 1152 e
726 1106 833 1152 tota
860 1097 1075 1152 civitate
1115 1095 1359 1167 pellatur.
1410 1095 1567 1149 Vides
1615 1101 1871 1163 quantum

280 1190 372 1245 liis
400 1188 603 1244 timoris
631 1189 889 1244 incussit?
912 1188 1044 1243 Nam
1074 1186 1324 1258 quoniam
1350 1186 1608 1255 putabant
1631 1184 1696 1237 ad
1724 1184 1870 1238 illum

278 1281 560 1335 dumtaxat
592 1280 899 1350 pervenisse
924 1279 1118 1334 malum
1150 1292 1213 1332 ac
1237 1276 1540 1332 constitisse
1563 1317 1577 1338 ,
1608 1289 1703 1331 eos
1723 1274 1870 1328 solli-

276 1372 423 1433 citos
442 1370 636 1444 reddit,
659 1369 844 1427 dicens
873 1386 886 1423 :
922 1368 1138 1423 Nescitis
1154 1368 1289 1439 quod
1306 1368 1556 1421 modicum
1573 1369 1871 1437 fermentum

281 1474 443 1518 totam
479 1480 695 1517 massam
737 1462 1015 1531 corrumpit
1050 1462 1103 1532 (l
1139 1459 1257 1515 Cor.
1285 1460 1338 1514 5.
1372 1458 1467 1531 6)?
1513 1458 1664 1527 Quod
1693 1466 1870 1512 autem

278 1556 449 1621 dicit,
483 1556 589 1611 tale
620 1562 701 1610 est
729 1572 743 1610 :
773 1554 969 1609 malum
1003 1552 1138 1608 ultra
1176 1551 1473 1621 procedens
1496 1592 1511 1616 ,
1558 1549 1759 1619 reliqua
1788 1548 1871 1601 at;

228 1675 233 1678 ι
281 1649 453 1719 tinget
482 1647 721 1702 membra
757 1664 770 1699 :
811 1646 969 1700 veluti
1002 1644 1069 1699 de
1102 1642 1372 1698 communi
1405 1638 1565 1695 malo
1590 1640 1876 1694 consulen-

278 1749 368 1794 tes
386 1781 398 1804 ,
442 1739 699 1793 sollicitos
721 1752 815 1793 vos
839 1751 960 1792 esse
987 1736 1160 1792 decet.
1205 1734 1388 1804 Neque
1410 1733 1460 1787 id
1490 1731 1619 1786 mihi
1648 1731 1869 1796 dixeris,

281 1829 426 1900 quod
454 1830 540 1884 ille
564 1830 709 1884 solus
756 1828 1028 1899 peccavit,
1077 1827 1172 1882 sed
1207 1824 1338 1881 illud
1367 1823 1645 1879 considera
1667 1863 1682 1888 ,
1730 1823 1875 1893 quod

276 1923 465 1978 sanies
520 1921 765 1993 quaedam
815 1930 897 1976 est
951 1929 1263 1989 peccatum,
1319 1917 1582 1987 reliquum
1632 1914 1874 1983 corporis

277 2013 597 2083 deposcens.
620 2016 695 2067 Ac
717 2013 877 2068 veluti
903 2014 1065 2068 domo
1084 2012 1331 2075 ardente,
1353 2011 1443 2081 qui
1465 2007 1699 2063 nondum
1730 2006 1882 2083 malo-

274 2105 568 2173 ]:ednntur,
603 2105 688 2173 iis,
721 2105 812 2177 qui
839 2108 893 2160 in
920 2106 1066 2161 malo
1094 2114 1239 2171 sunt,
1267 2103 1512 2159 molestia
1541 2117 1645 2157 non
1679 2099 1873 2155 minori

276 2208 619 2268 premuntur,
648 2210 806 2269 atque
834 2200 1083 2254 universa
1107 2199 1423 2264 conferunt,
1454 2211 1559 2266 quo
1586 2211 1654 2251 ne
1678 2207 1875 2266 urgens

280 2292 421 2360 ignis
445 2292 511 2347 ad
550 2285 795 2363 proprias
837 2292 1049 2347 invadat
1077 2292 1264 2347 domos
1290 2310 1303 2347 :
1330 2292 1408 2346 sic
1437 2299 1490 2346 ct
1514 2292 1650 2345 istos
1674 2289 1874 2344 Paulus

278 2384 515 2452 excitat,
566 2384 751 2440 dicens
784 2402 799 2440 :
832 2385 968 2457 Pyra
1016 2385 1256 2456 qumdam
1309 2392 1431 2451 est,
1482 2383 1873 2454 praeveniamus

280 2477 481 2531 malum
515 2496 528 2533 :
558 2480 958 2549 exstinguamus
984 2479 1310 2544 incendium,
1343 2478 1651 2548 priusquam
1682 2476 1864 2531 Eccle-

273 2569 417 2622 siam
457 2569 705 2635 invadat;
753 2569 797 2625 si
839 2585 968 2625 vero
1010 2570 1309 2641 neglexeris
1349 2577 1661 2640 peccatum,
1710 2565 1872 2622 veluti

274 2661 339 2715 in
387 2661 563 2717 alieno
617 2656 884 2718 exsistens
931 2677 1193 2734 corpore,
1246 2661 1479 2716 maxime
1522 2656 1738 2731 quidem
1790 2652 1879 2713 vel'

270 2751 360 2806 sic
394 2752 551 2807 male.
603 2750 697 2807 llle
722 2752 866 2808 enim
908 2751 1072 2807 homo
1101 2742 1400 2807 membrum
1440 2752 1607 2806 totius
1637 2759 1720 2805 est
1749 2764 1872 2803 cor-

269 2841 448 2912 poris.

350 2934 409 2988 5.
444 2934 639 2990 Verum
661 2944 713 2989 et
740 2934 791 2989 id
822 2934 1124 3003 considera,
1156 2933 1299 3004 quod
1330 2934 1373 2988 si
1401 2934 1683 3004 pigritalus
1711 2932 1874 2988 fueris

270 3039 347 3081 ac
373 3027 642 3095 spreveris
664 3068 680 3092 ,
720 3035 775 3080 te
803 3041 1016 3096 quoque
1051 3025 1370 3095 quandoque
1406 3024 1826 3093 comprehendet
1855 3039 1869 3075 :

277 3132 449 3186 quare
477 3117 522 3172 si
551 3131 657 3171 non
689 3116 867 3171 fratris
888 3158 903 3180 ,
935 3125 1021 3170 tua
1054 3125 1230 3172 tamen
1262 3131 1419 3171 causa
1447 3116 1718 3171 exciteris.
1770 3112 1879 3169 Re-'

272 3212 454 3281 prime
493 3220 728 3281 pestem,
761 3211 964 3267 saniem
993 3226 1182 3267 coerce
1203 3254 1216 3279 ,
1249 3210 1714 3281 depopulationem
1752 3226 1869 3264 am-

284 3312 431 3373 puta.
458 3304 581 3359 llzec
609 3314 663 3359 et
692 3304 776 3359 his
799 3304 947 3374 plura
974 3303 1177 3375 dicens,
1205 3312 1259 3358 et
1284 3303 1542 3358 mandans
1562 3303 1696 3357 tradi
1723 3294 1879 3356 illum

275 3405 501 3462 satanas,
534 3395 763 3466 denique
787 3398 994 3466 inquit,
1018 3394 1451 3466 quandoquidem
1473 3409 1786 3456 conversus,
1817 3402 1871 3448 et

274 3489 472 3543 melior
496 3487 666 3543 factus
692 3498 813 3543 est:
847 3476 988 3543 satis
1023 3488 1140 3541 huic
1160 3504 1219 3543 ea
1247 3487 1347 3558 fuit
1371 3487 1659 3559 objurgatio
1684 3502 1717 3538 a
1751 3486 1870 3555 plu-

268 3578 417 3633 ribus
444 3595 463 3633 :
493 3579 788 3647 conﬁrmata
830 3580 983 3650 igitur
1017 3578 1070 3632 in
1110 3594 1221 3633 eum
1262 3578 1519 3631 caritatem
1550 3575 1626 3651 (2.
1664 3575 1783 3631 Cor.
1810 3574 1864 3631 2.

274 3662 357 3741 8).
385 3670 669 3741 Postquam
697 3670 838 3743 enim
868 3684 992 3725 eum
1026 3684 1364 3725 communem
1393 3670 1666 3724 inimicum
1698 3679 1750 3723 et
1775 3668 1871 3723 ad-

272 3752 573 3819 versarium
612 3763 798 3819 statuit
828 3762 1091 3818 universis
1116 3769 1173 3816 et
1199 3776 1229 3816 a
1256 3776 1416 3832 grege
1451 3762 1677 3818 exclusit
1710 3770 1869 3830 atque

272 3870 308 3907 a
348 3870 574 3925 corpore
616 3855 844 3922 recidit,
871 3855 993 3910 vide
1018 3863 1218 3925 quanto
1240 3854 1294 3908 in
1321 3871 1442 3908 cum
1472 3854 1639 3908 utitur
1667 3837 1865 3919 studio,

275 3954 338 4000 nt
379 3961 500 4000 eum
537 3960 730 4001 rursus
765 3944 1059 4017 coniungat
1098 3953 1153 4000 et
1196 3954 1463 4000 anncCtat.
1521 3944 1635 3999 Non
1684 3944 1865 4011 modo,

273 4040 468 4094 Amate
496 4054 616 4092 eum
639 4081 654 4105 ,
695 4039 827 4094 dixit
855 4058 876 4095 τ
908 4039 1002 4095 sed
1021 4080 1038 4107 ,
1070 4037 1378 4108 Conﬁrmata
1402 4055 1556 4108 super
1592 4054 1705 4092 eum
1732 4032 1868 4091 cari-

274 4138 427 4183 tatrm
452 4174 466 4194 ,
499 4130 551 4184 id
575 4136 676 4197 est,
707 4129 913 4185 ﬁrmam
944 4139 997 4185 et
1024 4130 1352 4186 immobilem
1380 4131 1432 4185 in
1454 4145 1575 4186 eum
1599 4130 1867 4187 ostendite

282 4220 612 4287 amicitiam,
662 4221 924 4277 calentem
973 4222 1257 4292 quamdam
1309 4232 1363 4277 et
1413 4221 1673 4276 fervidam
1707 4231 1867 4298 atque

273 4313 494 4383 ignitum
521 4331 534 4366 :
566 4313 971 4383 mquivalentem
1005 4314 1166 4385 priori
1198 4312 1488 4369 inimicitia:
1519 4313 1864 4369 dilectionem

273 4405 487 4462 iufcrte.
510 4405 645 4473 Quid
667 4405 863 4461 factum
885 4414 986 4475 est,
1009 4407 1234 4478 quteso?
1263 4420 1440 4463 nonne
1463 4406 1721 4462 tradidisti
1744 4423 1865 4463 eum

269 4500 514 4554 satauze?
553 4499 650 4567 lta,
680 4499 872 4570 inquit,
900 4499 994 4557 sed
1034 4517 1140 4559 non
1166 4517 1272 4575 quo
1304 4502 1357 4558 in
1386 4502 1634 4577 manibus
1660 4511 1860 4557 satanas

272 4603 624 4661 permaneat,
671 4592 763 4648 sed
793 4602 851 4648 ut
877 4595 945 4651 ab
972 4594 1090 4666 ejus
1131 4595 1414 4667 tyrannide
1451 4599 1558 4651 cito
1587 4588 1881 4651 liberetur.

273 4681 347 4737 Et
388 4684 837 4753 quemadmodum
890 4684 1040 4753 dixi,
1088 4688 1369 4743 censidera
1419 4703 1578 4758 quam
1628 4688 1863 4741 timuerit

267 4773 701 4842 desperationem
769 4777 964 4832 Paulus
1037 4780 1306 4848 tamquam
1360 4794 1606 4849 magnam
1663 4778 1862 4833 diaboli

270 4877 599 4921 armaturam
645 4882 814 4923 :cum
858 4868 1314 4949 dixisset'enim:
1359 4870 1669 4940 Conﬁrmata
1713 4886 1866 4938 super

264 4973 386 5013 eum
411 4960 704 5025 caritatem;
727 4970 781 5015 et
803 4975 1017 5016 causam
1043 4960 1220 5028 addit,
1249 4961 1332 5016 Ne
1357 4966 1486 5035 forte
1522 4965 1679 5018 nimia
1708 4964 1861 5019 tristi-

266 5048 345 5103 tia
368 5050 689 5105 absorbeatur
706 5052 794 5123 qui
819 5063 892 5107 est
920 5052 1167 5123 ejusmodi
1191 5052 1296 5125 (Ib.
1326 5070 1377 5109 υ.
1409 5055 1489 5126 7).
1526 5056 1582 5111 ln
1612 5057 1718 5128 lupi
1750 5058 1862 5113 fau-

265 5140 423 5196 cibus
469 5154 551 5197 est
596 5144 711 5199 ovis
755 5162 769 5199 :
811 5146 1198 5216 praeveniamus
1248 5147 1438 5219 igitur,
1493 5152 1862 5221 praeripiamus

269 5242 557 5303 antequam
591 5236 873 5292 absorbeat
917 5250 1009 5293 aut
1054 5251 1365 5310 corrumpat
1411 5251 1650 5298 nostrum
1694 5226 1864 5301 tuem-

270 5324 448 5378 brum.
499 5325 830 5383 Periclitatur
870 5332 1018 5386 navis
1047 5349 1060 5383 :
1093 5332 1399 5402 priusquam
1426 5335 1717 5402 obruatur,
1749 5339 1860 5393 eri-

270 5429 401 5485 pere
421 5416 693 5488 naufragio
710 5421 1038 5477 Studeamus.
1070 5412 1525 5491 Quemadmodum
1555 5429 1696 5482 enim
1724 5429 1860 5485 mari

269 5521 395 5563 sese
424 5509 645 5565 tollente
670 5520 726 5565 et
754 5512 1001 5569 fluctibus
1045 5530 1212 5585 usque
1252 5518 1318 5570 ad
1360 5505 1627 5573 summum
1656 5535 1716 5575 se
1741 5521 1857 5577 ele-

268 5601 521 5657 vantibus
541 5642 557 5668 ,
603 5605 795 5673 scapha
824 5605 1152 5678 demergitur
1183 5625 1197 5662 :
1225 5608 1305 5664 sic
1332 5618 1387 5665 et
1409 5611 1584 5666 anima
1626 5600 1859 5684 undique

265 5708 508 5750 maerore
535 5696 858 5752 circumdata
881 5740 896 5763 ,
936 5701 1189 5757 velociter
1212 5703 1504 5761 suffocatur
1525 5749 1540 5775 ,
1589 5708 1643 5762 ni
1674 5723 1858 5778 quem.
1882 5769 1887 5773 ,

269 5790 412 5855 piam
442 5788 685 5845 habuerit
705 5792 792 5862 qui
822 5780 1033 5847 manum
1064 5797 1332 5867 porrigat:
1367 5808 1423 5853 et
1457 5816 1577 5870 qum
1609 5802 1857 5859 salutaris

269 5880 322 5932 in
356 5881 586 5949 peccatis
609 5891 692 5938 est
720 5884 967 5940 mmtitia
992 5925 1009 5955 ,
1050 5887 1274 5943 exitialis
1314 5899 1394 5946 est
1434 5891 1478 5947 si
1507 5891 1854 5951 immoderata

1444 421 1536 479 DE
1575 414 2043 478 ΝῈΝΠἙΝἸἸᾹ.
2083 419 2310 479 flOMlL.
2354 425 2395 480 l.

3444 426 3555 484 282

1978 533 2064 587 sit.
2115 537 2190 588 Ac
2237 538 2356 591 vide
2386 532 2673 609 "quomodo
2716 524 2979 599 accurate
3020 544 3270 617 loquutus
3318 545 3431 601 sit:
3460 560 3568 602 tuin

1976 628 2118 683 enim
2142 628 2294 692 dixit,
2340 629 2417 685 Ne
2451 633 2592 687 hunc
2618 633 2860 691 diabolus
2893 634 3083 706 perdat
3112 655 3125 693 :
3156 634 3250 693 sed
3279 638 3406 709 quid
3426 638 3451 693 ’ἒ
3501 639 3570 696 ω

1977 738 2079 777 non
2105 723 2556 778 circumveniamur
2582 741 2615 780 a
2639 737 2819 782 satana
2847 726 2903 800 (2
2927 729 3045 786 Cor.
3072 729 3128 784 2.
3164 727 3276 805 11).
3327 728 3569 787 Circum-

1975 815 2160 872 veuire
2186 827 2361 870 autem
2391 817 2477 872 hic
2502 827 2583 873 est
2609 819 2785 887 aliena
2814 825 3193 893 concupiscere
3226 843 3240 879 :
3279 823 3570 880 ostendens

1977 908 2136 978 igitur
2174 908 2345 977 ipsum
2377 910 2610 982 alienum
2636 910 2799 983 abeo
2821 911 2888 967 de
2914 923 3110 969 caetero
3138 913 3337 969 factum
3356 956 3373 981 ,
3408 922 3569 985 atque

1978 1000 2029 1053 in
2083 998 2278 1054 Christi
2326 1014 2541 1071 gregem
2596 1017 2657 1057 se
2706 1017 2804 1072 per
2850 996 3216 1073 penitentiam
3263 1005 3564 1070 reduxisse,

1974 1092 2087 1157 ait,
2117 1088 2203 1146 Ne
2237 1092 2683 1147 circumveniantur
2708 1112 2739 1147 a
2759 1104 2956 1150 satana.
3008 1096 3065 1151 Si
3105 1096 3247 1151 enim
3272 1097 3341 1153 de
3368 1106 3567 1152 cmtero

1973 1183 2388 1253 comprehendat
2413 1196 2569 1251 eum,
2616 1194 2854 1243 nostrum
2907 1190 3078 1258 rapiet
3125 1177 3459 1255 membrum,
3495 1189 3566 1247 do

1974 1290 2135 1345 grege
2189 1290 2343 1330 ovem
2394 1278 2645 1349 surripiet
2677 1295 2695 1332 :
2739 1294 2859 1333 nam
2921 1281 3231 1349 poenitentia
3281 1291 3561 1352 peccatum

1973 1365 2238 1436 deposuit.

2045 1460 2213 1541 ludas
2260 1460 2304 1516 si
2351 1476 2452 1516 non
2499 1462 2847 1541 desperasset,
2897 1461 3112 1541 salutem
3163 1473 3564 1529 consequuturus

1976 1542 2101 1606 erat.
2150 1540 2223 1592 ἑὲ
2262 1552 2450 1609 Sciens
2496 1544 2655 1625 igitur
2685 1540 2879 1609 Paulus
2910 1555 3035 1625 quid
3087 1548 3283 1611 fecerat
3326 1554 3570 1611 diabolus

1973 1645 2147 1714 Judze,
2176 1646 2350 1700 timuit
2371 1662 2438 1703 ne
2461 1647 2545 1701 hic
2570 1648 2795 1703 fortasse
2821 1647 2960 1702 idetn
2985 1649 3202 1703 faceret.
3225 1647 3362 1717 Quid
3388 1657 3567 1704 autem

1974 1738 2100 1793 fecit
2129 1738 2181 1792 in
2209 1737 2380 1793 Juda‘!
2409 1738 2872 1794 PtnnituitJudam
2902 1758 2916 1793 :
2945 1738 3164 1793 Peccavi
3184 1781 3200 1807 ,
3234 1740 3424 1809 inquit,
3459 1749 3570 1794 tra-

1974 1831 2099 1885 dens
2143 1831 2439 1901 sanguinem
2472 1840 2672 1901 justum
2702 1829 2914 1903 (Matth.
2937 1830 3029 1885 27.
3060 1831 3117 1903 4)
3159 1849 3172 1885 :
3211 1831 3412 1886 audivit
3451 1829 3570 1886 hare

1975 1921 2137 1976 verba
2166 1922 2429 1987 diabolus,
2458 1923 2608 1977 novit
2635 1938 2756 1977 eum
2784 1923 2836 1977 in
2867 1920 3057 1978 melius
3081 1924 3220 1977 viam
3261 1922 3397 1978 inire
3420 1932 3475 1977 et
3499 1922 3567 1977 ad

1975 2013 2200 2093 salutem
2226 2014 2470 2093 tendere,
2499 2013 2776 2086 timuitque
2804 2016 3170 2071 mutationem.
3205 2012 3565 2080 Clementem,

1977 2106 2164 2176 inquit,
2192 2094 2465 2161 dominum
2490 2097 2646 2162 habet
2674 2127 2686 2162 :
2713 2108 2800 2179 qui
2829 2098 2949 2165 cum
2974 2124 3032 2163 se
3061 2108 3349 2166 traditurus
3373 2108 3566 2176 fuerat,

1976 2198 2205 2266 ploravit
2246 2214 2259 2251 :
2291 2208 2452 2269 atque
2492 2200 2662 2269 ipsum
2692 2200 2840 2255 miris
2870 2194 3178 2270 provocavit
3207 2182 3415 2267 modis;
3472 2217 3571 2257 an-

1976 2305 2083 2344 non
2124 2292 2292 2346 multo
2322 2293 2491 2363 magis
2527 2295 2874 2363 ptenitentcm
2903 2296 3201 2366 suscipiet?
3228 2294 3566 2352 Obstinatum

1976 2393 2032 2440 et
2058 2387 2410 2441 incorrectum
2438 2386 2618 2441 allexit
2643 2398 2697 2442 et
2730 2388 2975 2454 vocavit;
3006 2405 3185 2445 nonne
3209 2391 3374 2444 multo
3400 2391 3571 2460 magis

1975 2487 2272 2533 correctum
2302 2485 2357 2532 et
2386 2489 2659 2547 peccatum
2704 2490 3080 2550 agnoscentem
3114 2479 3326 2535 trahet?
3372 2481 3571 2535 idcirco

1976 2571 2119 2625 enim
2162 2569 2559 2640 crucifigendus
2598 2572 2759 2626 venit.
2809 2571 2944 2640 Quid
2986 2588 3116 2649 ergo
3166 2572 3328 2649 fecit?
3382 2572 3571 2649 Exter-

1976 2655 2082 2717 ruit
2110 2677 2233 2717 cum
2260 2670 2313 2717 et
2336 2662 2710 2718 obtenebravit
2738 2652 2987 2719 maeroris
3014 2648 3372 2734 magnitudine
3390 2648 3412 2727 ‘,
3438 2679 3565 2732 pcr-

1975 2760 2230 2821 sequutus
2260 2759 2361 2819 est,
2394 2752 2603 2821 impulit
2635 2752 2808 2809 donec
2832 2752 2899 2807 ad
2931 2754 3177 2824 laqueum
3207 2753 3380 2817 duxit,
3409 2763 3572 2823 atque

1977 2857 2008 2896 e
2033 2843 2287 2913 pruenti
2311 2843 2497 2899 eduxit
2521 2844 2629 2898 vita
2649 2885 2665 2909 ,
2696 2844 3131 2914 pmoitentimque
3158 2844 3431 2914 proposito
3459 2859 3573 2914 prt-

1974 2933 2137 2988 vavit.
2172 2934 2323 3000 Quod
2349 2935 2494 2989 enim
2525 2935 2570 2988 si
2598 2936 2860 3001 vixisset,
2892 2945 2946 2991 et
2986 2938 3099 3004 ipse
3126 2936 3354 2991 salutem
3376 2949 3573 2991 conse-

1974 3034 2238 3094 quuturns
2264 3036 2440 3093 esset,
2481 3027 2663 3096 palam’
2683 3037 2764 3081 est
2793 3042 2859 3082 ex
2889 3028 3313 3083 crucifixoribus.
3346 3027 3401 3083 Si
3424 3028 3569 3083 enim

1977 3106 2075 3172 bos
2104 3118 2194 3188 qui
2221 3135 2342 3174 eum
2374 3109 2750 3174 crucifixcraut
2775 3120 2945 3173 salute
2971 3120 3220 3182 donavit,
3263 3131 3317 3176 et
3362 3122 3474 3190 ipse
3515 3120 3588 3176 in'

1974 3225 2134 3266 cruce
2187 3211 2454 3267 exsistens
2503 3213 2710 3281 rogavit
2768 3212 3017 3277 Patrem,
3078 3197 3568 3283 indulgentiamque

1976 3298 2136 3356 tautte
2178 3300 2418 3357 audacia:
2455 3294 2743 3372 postulavit
2783 3320 2798 3358 :
2840 3310 3051 3358 constat
3101 3303 3244 3373 quod
3293 3296 3348 3359 et
3393 3304 3568 3375 ipsum

1974 3396 2300 3467 proditorem
2337 3397 2497 3468 digne
2533 3383 2881 3468 pmnitentem
2923 3412 3045 3451 cum
3083 3396 3225 3451 omni
3258 3406 3567 3453 mansuetu—

1972 3490 2099 3542 dine
2146 3490 2508 3561 suscepisset;
2557 3489 2650 3544 sed
2698 3490 2788 3545 ille
2828 3489 2881 3544 in
2928 3489 3169 3545 remedio
3197 3505 3416 3545 manere
3459 3504 3569 3545 non

1975 3581 2125 3644 tulit,
2174 3595 2407 3635 mmrore
2447 3581 2612 3635 nimio
2637 3579 2942 3650 absorptus.
3002 3579 3053 3634 ld
3107 3579 3265 3649 igitur
3294 3589 3349 3636 et
3374 3579 3568 3635 Paulus

1974 3674 2207 3740 timens,
2262 3674 2569 3729 Corinthios
2618 3674 2940 3729 sollicitabat
2993 3672 3215 3753 eripere'
3246 3688 3275 3726 a
3325 3672 3569 3727 faucibus

1970 3756 2167 3819 diaboli
2202 3766 2494 3841 hominem.
2541 3764 2609 3819 Et
2633 3758 2762 3835 quid
2784 3752 2920 3835 opus
2949 3772 3032 3820 est.
3061 3752 3456 3820 deCorintltiis
3481 3762 3568 3818 di—

1970 3847 2135 3912 cere?
2173 3844 2365 3913 Petrus
2393 3844 2534 3912 enim
2568 3842 2688 3926 post
2713 3856 3089 3927 mySteriorum
3130 3855 3564 3910 communionem

1972 3958 2054 4004 ter
2080 3958 2272 4019 negat,
2321 3956 2377 4004 et
2417 3949 2633 4018 plorans
2658 3947 2857 4003 delevit
2884 3947 3062 4002 omnia
3098 3965 3113 4002 :
3150 3946 3345 4001 Paulus
3373 3960 3561 4016 perse-

1969 4050 2201 4113 qnutor,
2251 4040 2595 4110 blasphemus
2622 4049 2677 4095 et
2720 4038 3177 4105 contumeliosus,
3230 4051 3335 4090 non
3383 4036 3561 4092 cruci-

1971 4133 2133 4188 fixum
2159 4133 2354 4199 modo,
2387 4131 2483 4187 sed
2509 4130 2655 4187 illius
2690 4132 2969 4186 universos
3008 4130 3357 4201 persequens,
3393 4130 3565 4200 patui-

1971 4225 2134 4279 tentia
2186 4223 2417 4289 ductus,
2471 4224 2747 4293 apostolus
2791 4210 3042 4277 efficitur.
3074 4212 3287 4277 'Solum
3335 4236 3365 4274 a
3409 4221 3564 4275 nobis

1972 4316 2109 4371 Deus
2136 4316 2470 4371 occasionem
2494 4315 2577 4370 vel
2605 4322 2825 4385 parvam’
2846 4313 3089 4384 requirit,
3134 4323 3293 4383 atque
3315 4316 3562 4369 universa

1967 4407 2188 4462 dimittit
2217 4407 2371 4462 nobis
2394 4392 2632 4477 peccata.
2690 4406 2867 4460 Dicam
2891 4406 3042 4460 vobis
3070 4413 3124 4461 et
3152 4404 3457 4476 parabolam
3483 4404 3562 4458 id-

1968 4498 2142 4569 ipsum
2170 4498 2596 4553 confirmantem.

2038 4592 2092 4646 4.
2111 4593 2225 4646 1)υο
2245 4589 2461 4662 quidam
2480 4600 2633 4646 erant
2654 4590 2865 4657 fratres,
2889 4598 3216 4661 paternaque
3234 4588 3401 4644 divisa
3427 4588 3558 4644 sub-

1968 4684 2185 4747 stantia,
2220 4683 2412 4737 horum
2444 4696 2583 4737 unus
2619 4682 2834 4753 quidem
2865 4682 3009 4737 domi
3056 4668 3275 4744 mansit,
3288 4681 3441 4735 alter
3462 4694 3562 4736 au-

1966 4788 2074 4834 tem
2119 4786 2307 4833 cuncta
2356 4793 2475 4849 qua:
2523 4779 2875 4842 obvenerant,
2917 4777 3235 4839 comedens,
3269 4775 3436 4845 patria
3462 4787 3561 4829 ex-

1967 4872 2129 4928 torris
2168 4872 2341 4929 factus
2384 4880 2521 4938 erat,
2569 4871 2893 4949 paupertatis
2932 4885 3037 4924 non
3084 4868 3260 4923 ferens
3299 4866 3556 4938 pudorem

1967 4964 2117 5036 (Luc.
2151 4965 2236 5020 15.
2267 4965 2352 5020 11.
2375 4964 2507 5039 sqq).
2532 4963 2681 5019 lianc
2702 4972 2880 5019 autem
2906 4960 3212 5033 parabolam
3244 4961 3296 5016 in
3320 4958 3556 5015 medium

1965 5059 2166 5116 idcirco
2199 5059 2416 5130 protuli,
2446 5075 2553 5128 quo
2593 5056 2774 5113 sciatis
2810 5065 2866 5112 et
2906 5064 3247 5126 peccatorum
3287 5068 3405 5126 quae
3433 5061 3559 5124 post

1928 5200 1931 5205 .
1965 5151 2228 5222 baptisma
2255 5151 2668 5216 contrahuntur,
2709 5148 3081 5221 remissionem
3108 5161 3265 5215 esse,
3298 5146 3344 5201 si
3382 5153 3559 5200 atten-

1963 5242 2193 5297 damus:
2220 5241 2342 5296 dico
2382 5249 2558 5294 autem
2590 5256 2695 5294 non
2740 5239 2812 5294 uti
2838 5239 2906 5293 ad
2935 5238 3180 5294 inertiam
3205 5237 3557 5309 compellam,

1962 5335 2058 5391 sed
2079 5341 2187 5389 uta
2206 5333 2581 5405 deeperatione
2609 5347 2856 5387 revocem
2882 5348 2895 5392 :
2927 5348 3049 5386 nam
3071 5331 3371 5403 desperatio
3393 5345 3555 5402 quam

1964 5429 2156 5484 inertia
2199 5428 2405 5498 maiora
2450 5426 2606 5481 nobis
2639 5420 2849 5481 confert
2882 5426 3041 5480 mala.
3074 5425 3174 5481 llic
3212 5426 3373 5495 igitur
3415 5423 3556 5477 ﬁlius

1961 5536 2172 5588 eorum,
2199 5521 2287 5591 qui
2317 5531 2434 5591 post
2464 5519 2728 5590 baptisma
2762 5519 2897 5589 lapsi
2937 5528 3081 5582 sunt,
3115 5518 3400 5588 imaginem
3440 5530 3550 5586 pra:

1961 5626 2022 5669 se
2046 5611 2182 5680 fert;
2215 5626 2309 5708 eos
2335 5613 2476 5667 enim
2507 5614 2598 5684 qui
2626 5621 2749 5683 post
2767 5612 3091 5682 baptismum
3121 5605 3254 5697 lapsi
3282 5618 3405 5663 sunt
3430 5623 3553 5664 eum

1961 5707 2265 5778 signiﬁcare
2292 5702 2434 5761 'binc
2476 5715 2720 5771 constat,
2767 5704 2911 5777 quod
2960 5705 3100 5759 filius
3142 5702 3394 5757 dicatur:
3431 5714 3556 5758 nam

1963 5809 2113 5856 extra
2144 5800 2466 5873 baptismum
2505 5815 2665 5856 nemo
2704 5798 2797 5854 filii
2825 5798 3188 5870 appellatione
3224 5796 3549 5851 nominatur.

1964 5894 2029 5949 Et
2049 5893 2265 5950 domum
2293 5893 2626 5949 habitaverat
2649 5901 2946 5963 paternam,
2970 5899 3023 5945 et
3039 5898 3316 5962 paternam
3336 5902 3553 5946 omnem
