4066 6440
538 382 652 436 9.83

540 494 892 550 sii'istantiam
915 493 1199 556 diviserat;
1229 499 1353 547 ante
1378 491 1640 562 baptisma
1667 500 1844 546 autem
1877 507 1980 545 non
2013 492 2137 545 licet

541 597 760 652 paterna
803 584 1066 653 accipere,
1111 598 1284 651 neque
1323 581 1677 636 hereditatem
1726 582 1980 651 consequi
2013 599 2025 634 :
2065 581 2136 635 ita

543 684 600 727 ιιι
627 690 694 728 ex
740 674 821 728 his
867 674 1116 728 omnibus
1160 672 1394 727 ﬁdelium
1441 682 1610 726 status
1649 672 2014 726 adumbretur.
2067 670 2135 724 Et

544 766 695 837 probi
735 765 899 819 frater
923 774 1068 830 erat;
1103 764 1266 819 frater
1299 780 1431 818 vero
1473 765 1594 818 sine
1621 763 1881 833 spirituali
1909 777 2133 832 regene-

543 859 748 911 ratione
777 871 1110 926 nequaquam
1140 855 1423 910 l'uerit.llic
1453 856 1611 924 igitur
1637 855 1700 907 ad
1729 869 1991 908 summam
2018 867 2134 906 Ina-

544 949 708 1002 litiam
729 948 1002 1017 delapsus,
1028 949 1152 1018 quid
1177 949 1382 1018 inquit?
1409 947 1650 1001 Revertar
1663 948 1734 1001 ad
1756 957 1948 1016 patrem
1971 963 2136 1000 meum

547 1040 697 1109 (Luc.
730 1043 814 1094 13.
847 1039 955 1112 18).
983 1041 1273 1109 Ρτομιθτρει
1300 1041 1438 1094 hunc
1471 1051 1617 1108 pater
1643 1039 1932 1102 dimiserat,
1964 1053 2138 1108 neque

551 1131 922 1198 prohibuerat,
955 1133 1242 1200 quominus
1289 1132 1338 1184 in
1370 1135 1641 1201 regionem
1687 1129 1858 1184 abiret
1884 1128 2134 1190 alienam,

545 1234 808 1290 quatenus
848 1223 1219 1292 experimento
1264 1222 1497 1276 disceret
1527 1230 1827 1286 ,accnrate,
1878 1229 2136 1290 quantum

545 1313 864 1368 beneﬁcium
889 1315 1182 1384 susceperit
1203 1314 1346 1368 domi
1364 1329 1604 1368 manens.
1630 1313 1784 1382 Smpe
1809 1311 1950 1366 enim
1976 1311 2134 1373 Deus,

545 1420 668 1458 eum
696 1406 855 1459 dictis
900 1406 1078 1460 minus
1130 1405 1346 1468 suadet,
1380 1421 1558 1459 rerum
1607 1403 1991 1474 experimentis
2035 1402 2136 1457 do-

546 1497 776 1549 ctrinam
804 1496 1083 1566 permittit.
1115 1496 1264 1564 Quod
1304 1507 1358 1552 et
1380 1497 1444 1551 ad
1480 1497 1696 1552 Judazos
1721 1497 1933 1552 dicebat
1961 1513 1973 1550 :
1998 1509 2136 1566 quo-

548 1587 689 1641 niam
721 1588 931 1656 quidem
963 1588 1165 1642 inﬁnita
1207 1605 1303 1658 per
1342 1590 1632 1660 prephetas
1676 1589 1837 1644 verba
1869 1604 1990 1643 cum
2036 1589 2139 1642 im-

550 1679 844 1747 pendisset,
874 1695 976 1732 non
1023 1682 1191 1736 suasit
1235 1698 1408 1749 neque
1449 1683 1650 1746 illexit;
1684 1683 2000 1752 permittens
2043 1696 2140 1736 eos

549 1785 644 1838 per
696 1770 902 1839 ﬂagella
953 1774 1195 1843 corrigi,
1254 1774 1384 1828 dicit
1424 1775 1526 1829 illis
1578 1793 1590 1829 :
1643 1774 1894 1842 Corripiet
1959 1783 2006 1827 te
2061 1790 2142 1827 re-

548 1863 695 1916 bellio
727 1872 834 1926 tua,
856 1874 899 1915 et
923 1865 1117 1918 malitia
1149 1876 1247 1919 tua
1273 1877 1449 1938 arguet
1493 1877 1540 1920 te
1566 1865 1698 1938 (Jer.
1732 1865 1787 1918 9..
1832 1863 1940 1938 19).
1965 1864 2138 1936 Opur-

548 1965 724 2009 tuerat
799 1956 971 2026 ipsum
1053 1958 1268 2027 quidem
1347 1960 1451 2015 ﬁde
1505 1960 1723 2029 dignum
1793 1957 1979 2013 haberi
2056 1958 2140 2012 vel

543 2058 669 2103 ante
701 2049 934 2117 ipsarum
963 2066 1139 2106 rerum
1162 2062 1410 2107 eventum
1433 2069 1446 2116 ;
1470 2053 1721 2122 quoniam
1748 2067 1875 2107 vero
1897 2059 2002 2106 tam
2029 2061 2143 2105 Stu-

546 2138 654 2206 pidi
684 2139 916 2202 fuerunt,
945 2149 1003 2194 ut
1029 2157 1094 2196 eo
1117 2153 1368 2198 monente
1396 2154 1449 2198 et
1474 2144 1789 2198 consulente
1820 2158 1924 2198 non
1947 2142 2139 2198 crede-

544 2240 684 2297 rcnt,
716 2249 836 2286 cum
876 2249 970 2288 eos
1014 2236 1160 2303 prius
1186 2238 1551 2306 repressisset,
1593 2253 1661 2293 ne
1687 2238 1905 2292 malitiae
1934 2237 2141 2292 obtem-

543 2333 817 2392 perarent,
850 2327 1090 2396 permisit
1117 2336 1212 2383 eos
1241 2345 1416 2383 rerum
1439 2339 1635 2385 eventu
1666 2333 1880 2400 corrigi,
1913 2346 2020 2400 quo
2057 2329 2138 2384 vel

543 2414 624 2467 sic
669 2429 762 2468 eos
803 2427 1164 2485 recuperaret.
1198 2418 1482 2490 Postquam
1517 2421 1674 2489 igitur
1702 2421 2004 2476 concedens
2052 2421 2140 2475 ille

544 2505 818 2576 prodigus,
870 2509 922 2562 in
956 2510 1189 2564 alienam
1229 2519 1422 2565 terram
1472 2512 1632 2566 rebus
1664 2514 1790 2582 ipsis
1837 2512 2137 2580 perdidicit,

544 2598 671 2666 quid
709 2600 830 2654 mali
859 2601 928 2655 sit
969 2611 1192 2672 paterna
1221 2603 1381 2658 domo
1429 2605 1707 2668 excidere,
1741 2615 1794 2660 et
1823 2605 2002 2672 rediit,
2031 2622 2137 2660 non

545 2687 644 2742 fuit
674 2705 880 2744 memor
923 2692 1130 2762 injuria:
1176 2703 1362 2763 pater,
1406 2696 1498 2750 sed
1532 2698 1701 2765 passis
1737 2714 1863 2753 cum
1901 2700 2140 2768 suscepit

545 2781 810 2835 manibus.
839 2782 976 2849 Quid
1025 2784 1134 2839 ita?
1163 2785 1296 2852 Quia
1341 2797 1520 2857 pater,
1555 2803 1660 2842 non
1699 2788 1862 2858 judex
1907 2801 2042 2844 erat.
2073 2791 2140 2844 Et

543 2870 766 2926 choreae.
786 2880 836 2927 et
855 2876 1025 2944 epulm
1051 2886 1104 2931 et
1133 2877 1253 2932 ﬁrsti
1284 2890 1578 2935 conventus
1604 2881 1796 2936 deinde
1825 2883 1949 2937 facti
1977 2892 2100 2937 sunt
2121 2925 2134 2947 ,

544 2963 770 3034 Itemque
799 2975 852 3020 et
878 2969 1116 3038 gaudens
1147 2981 1263 3024 erat
1288 2971 1497 3026 domus.
1537 2973 1673 3040 Quid
1702 2973 1873 3028 dicis?
1903 2974 2140 3030 ha‘ecine

541 3063 666 3108 sunt
694 3057 910 3112 malitiae
939 3061 1153 3128 praemia
1176 3063 1198 3116 ?
1224 3062 1338 3117 Non
1381 3065 1618 3130 malitia‘,
1647 3081 1679 3119 ο
1704 3065 1886 3131 homo,
1923 3066 2015 3120 sed
2050 3082 2136 3121 re-

537 3145 682 3202 ditus
711 3165 724 3201 :
757 3165 860 3204 non
885 3155 1114 3221 peccati,
1147 3154 1240 3209 scd
1275 3156 1604 3225 pmnitentim
1636 3175 1648 3211 :
1683 3168 1787 3211 n0n
1817 3158 2136 3229 improbita-

539 3238 627 3303 tis,
655 3240 747 3294 sed
776 3242 825 3296 in
855 3245 1048 3299 melius
1079 3248 1388 3302 mutationis
1418 3267 1432 3304 :
1473 3258 1527 3304 et
1557 3250 1698 3319 quod
1728 3259 1810 3306 est
1847 3251 2040 3321 majus,
2070 3249 2138 3306 de

538 3327 621 3382 his
653 3329 954 3401 indignatus
993 3345 1076 3390 est
1107 3337 1280 3407 major
1319 3338 1488 3404 ﬁlius;
1541 3341 1625 3395 hic
1653 3351 1832 3395 autem
1871 3351 1924 3396 et
1962 3342 2136 3411 ipsum

537 3433 812 3476 mansuete
841 3425 1134 3495 mitigavit,
1163 3427 1348 3484 dicens
1379 3447 1395 3485 :
1422 3430 1681 3497 Quoniam
1709 3443 1761 3485 tu
1785 3434 1985 3504 quidem
2008 3451 2130 3488 sem.

536 3529 627 3582 per
654 3530 846 3567 mecum
870 3533 943 3582 es,
974 3518 1054 3570 hic
1081 3534 1197 3572 vero
1223 3521 1464 3590 perierat,
1499 3531 1544 3575 et
1587 3523 1818 3576 inventus
1861 3533 1933 3578 est
1953 3541 1972 3579 :
1994 3541 2134 3577 mor-

538 3611 656 3657 tuus
676 3613 803 3670 erat,
821 3616 870 3660 et
884 3607 1364 3682 revixit.(Luc.15,'5
1376 3614 1392 3668 1
1406 3653 1418 3664 .
1446 3614 1556 3683 59).
1579 3612 1712 3668 Cum
1728 3631 1857 3670 vero
1872 3616 2133 3686 perditum

535 3708 755 3748 servare
781 3707 1014 3766 oportet,
1049 3699 1237 3771 inquit,
1272 3718 1376 3758 non
1410 3703 1598 3774 judicii
1653 3715 1863 3778 tempus
1891 3716 1993 3776 est,
2043 3725 2134 3765 ne-

535 3800 639 3854 qne
685 3786 978 3845 subtilioris
1031 3795 1324 3862 examinis,
1375 3796 1468 3851 sed
1509 3797 1808 3854 clementire
1857 3803 2134 3872 venimqne

535 3875 832 3933 dumtaxat.
881 3880 1070 3939 Nullus
1102 3886 1244 3940 enim
1276 3887 1539 3955 medicus,
1575 3890 1742 3946 misso
1772 3893 2133 3948 medicamen-

534 3977 709 4024 torum
742 3988 861 4038 usn,
909 3974 1308 4034 incontinentiae
1338 3996 1522 4051 pinnas
1565 3983 1632 4038 ab
1663 3999 1727 4038 co
1771 3987 2028 4056 exegerit.
2076 3988 2131 4043 Si

531 4078 661 4118 vero
687 4081 878 4135 pomas
906 4085 1028 4124 eum
1067 4071 1196 4127 dare
1223 4075 1479 4144 oportuit,
1521 4078 1651 4131 satis
1677 4093 1978 4146 pinnarum,
2008 4095 2129 4134 cum

534 4153 586 4206 in
618 4156 791 4210 aliena
835 4158 1056 4229 regione
1091 4172 1336 4218 versatus
1368 4173 1471 4229 est,
1517 4166 1685 4222 dedit.
1724 4167 1895 4224 Tanto
1920 4170 2062 4224 enim
2098 4187 2130 4226 a

531 4245 689 4299 nobis
717 4257 959 4318 tempore
981 4262 1310 4323 segregatus,
1343 4254 1479 4310 l‘ame
1507 4255 1876 4330 dedecoreque
1898 4275 1960 4316 ac
1990 4275 2131 4316 sum-

533 4337 637 4389 inis
662 4337 999 4396 conﬂictatus
1044 4344 1218 4410 malis,
1245 4345 1564 4402 laborabat:
1610 4358 1892 4420 propterea
1935 4352 2124 4422 inquit,

534 4425 792 4496 Perierat,
821 4441 866 4484 et
895 4432 1126 4488 inventus
1149 4446 1220 4490 est
1250 4453 1269 4491 :
1293 4449 1519 4494 mortuus
1546 4451 1673 4507 emt,
1704 4452 1752 4496 ct
1778 4444 1975 4498 revixit.
2011 4444 2125 4499 Non

532 4519 697 4583 enim,
735 4521 923 4591 inquit,
967 4526 1185 4581 attende
1214 4533 1519 4596 prmsentia,
1550 4533 1644 4588 sed
1686 4534 1878 4602 prioris
1908 4536 2128 4591 calami-

534 4609 659 4664 tatis
687 4613 1106 4681 magnitudinem
1138 4621 1418 4676 considera
1450 4641 1462 4676 :
1494 4622 1718 4678 fratrem
1744 4625 1988 4692 intueris,
2017 4643 2123 4682 non

530 4699 763 4756 alienum
793 4720 805 4755 :
833 4705 900 4759 ad
931 4717 1135 4775 patrem
1165 4725 1412 4768 reversus
1435 4723 1535 4778 est,
1571 4716 1658 4784 qui
1686 4717 1922 4784 priorum
1949 4732 2016 4772 ne
2042 4719 2124 4772 vel

532 4794 812 4851 minimum
837 4801 1106 4857 recordari
1140 4815 1348 4873 potest;
1385 4809 1553 4878 magis
1584 4825 1712 4864 vero
1734 4825 1920 4866 eorum
1948 4813 2122 4866 solum

1251 379 1305 434 S.
1349 375 1624 434 JOANNIS
1661 373 2136 433 CHRYSOSTOMI
2177 373 2497 430 A‘RCHIEP.
2539 369 3074 429 CONSTANTINOP.

3740 368 3859 425 ευ

2244 488 2628 555 reminiscitur,
2659 504 2777 559 quze
2797 489 2861 543 ad
2894 485 3345 558 compassioaem,
3367 483 3814 541 miscricordiam
3837 526 3858 550 ,

2245 582 2584 636 clementiam
2611 622 2626 644 ,
2660 580 3042 650 indulgentiam
3080 578 3293 635 trahere
3331 587 3555 648 possunt
3582 577 3856 647 genitori-

2245 673 2342 726 bus
2372 671 2850 726 accommodatam.
2881 671 3173 740 Propterea
3201 686 3309 724 non
3332 685 3450 739 quae
3494 669 3640 733 iecit,
3671 667 3856 732 dixit,

2245 763 2336 818 sed
2361 779 2480 834 qum
2515 778 2702 832 passus
2727 772 2808 818 est
2843 778 2994 817 :non
3038 761 3178 832 quod
3211 761 3564 815 substantiam
3613 760 3860 828 dissipa-

2244 857 2401 918 vcrit,
2435 857 2699 917 meminit,
2748 855 2840 910 sed
2878 855 3018 925 quod
3067 853 3364 908 innumeris
3391 851 3737 906 conﬂictatus
3783 852 3863 904 sit

2245 950 2417 1003 malis.
2453 949 2540 1004 Sic
2565 958 2620 1003 et
2645 964 2797 1002 ovem
2840 957 2988 1002 tanto
3027 947 3206 1001 studio
3234 945 3509 1016 qiimsivit,
3553 943 3642 997 vel
3682 943 3856 998 etiam

2245 1039 2438 1110 majori
2475 1057 2487 1093 :
2533 1040 2620 1094 hic
2653 1039 2795 1093 enim
2827 1039 2941 1109 ipse
2973 1039 3129 1092 rediit
3177 1037 3334 1100 ﬁlius,
3380 1036 3485 1090 illic
3513 1046 3700 1089 autem
3736 1034 3860 1105 ipse

2247 1135 2376 1188 abiit
2430 1143 2640 1203 pastor,
2689 1142 2744 1187 et
2791 1132 3068 1186 inveniens
3115 1130 3360 1193 reduxit,
3401 1138 3455 1183 et
3502 1129 3719 1182 lartatus
3769 1136 3860 1180 est

2247 1240 2408 1294 super
2454 1240 2516 1278 ca
2566 1225 2766 1294 magis,
2819 1239 2977 1294 quam
3027 1238 3187 1292 super
3237 1221 3463 1286 caeteris,
3513 1235 3634 1290 qua:
3681 1219 3860 1273 salva:

2247 1327 2417 1372 erant.
2453 1317 2588 1372 Vide
2611 1326 2788 1371 autem
2820 1315 3088 1386 quomodo
3119 1313 3365 1369 reduxit:
3398 1327 3502 1366 non
3532 1311 3856 1381 ﬂagellavit,

2247 1409 2339 1462 scd
2380 1409 2564 1463 ferens
2611 1408 2852 1463 humeris
2879 1422 3069 1462 rursus
3107 1407 3253 1476 gregi
3291 1404 3522 1460 reddidit
3551 1402 3710 1472 (Luc.
3760 1404 3850 1456 15.

2247 1501 2300 1554 4.
2332 1499 2409 1569 6).
2435 1500 2562 1554 llm-c
2588 1500 2746 1570 igitur
2777 1500 3174 1568 intelligentcs,
3210 1513 3315 1550 non
3359 1496 3516 1550 modo
3552 1511 3579 1546 a
3607 1495 3855 1548 redemi-

2249 1592 2389 1645 tibus
2416 1607 2524 1646 non
2561 1593 2729 1646 averti
2766 1591 2954 1656 Deum,
2987 1590 3082 1644 sed
3121 1591 3221 1645 hoc
3249 1605 3353 1642 non
3389 1589 3578 1642 minori
3609 1603 3735 1641 cum
3767 1585 3858 1655 jn-

2247 1683 2556 1749 cunditate,
2598 1698 2757 1752 quam
2789 1682 2933 1752 ipsos
2963 1681 3052 1750 qui
3095 1690 3242 1734 recte
3281 1695 3338 1733 se
3376 1679 3662 1749 gesserint,
3712 1679 3846 1732 reci-

2248 1791 2405 1846 pere:
2431 1791 2529 1830 nec
2550 1775 2710 1830 modo
2730 1790 2915 1845 poenas
2946 1788 3052 1828 non
3075 1774 3311 1842 exigere,
3335 1771 3426 1824 sed
3451 1769 3515 1822 ad
3539 1769 3852 1823 errantium

2249 1867 2644 1938 inquisitionem
2677 1867 2940 1937 proﬁcisci
2975 1885 2988 1921 :
3022 1881 3085 1921 ac
3125 1865 3192 1920 de
3223 1864 3306 1918 bis
3351 1863 3578 1933 repertis
3610 1861 3854 1930 amplius

2246 1961 2464 2031 gaudet,
2499 1975 2656 2030 quam
2679 1959 2747 2015 de
2767 1960 2978 2015 cmtcris
3003 1969 3116 2012 tuto
3134 1959 3185 2012 in
3209 1958 3327 2012 loco
3345 1955 3848 2026 perseverantibus;

2249 2053 2347 2122 ipsi
2394 2067 2570 2122 neque
2616 2053 2770 2107 malis
2819 2051 3014 2114 obruti,
3062 2065 3211 2120 spem
3260 2049 3611 2118 deponamus,
3671 2063 3854 2117 neque

2248 2145 2403 2198 bonis
2429 2145 2784 2208 abundantes,
2813 2144 3179 2208 conﬁdamus;
3213 2141 3307 2196 sed
3335 2151 3388 2196 et
3417 2156 3538 2194 cum
3569 2149 3720 2194 recte
3753 2155 3852 2192 nos

2245 2237 2611 2307 gesserimus,
2641 2236 2951 2302 timeamus,
2984 2243 3041 2289 ut
3067 2251 3137 2289 ne
3167 2249 3263 2303 per
3285 2231 3664 2288 conﬁdentiam
3699 2230 3853 2285 laba-

2249 2345 2389 2393 mur,
2423 2339 2478 2384 et
2503 2339 2560 2384 ut
2588 2329 2719 2400 lapsi
2743 2329 3111 2400 pmnitenliam
3141 2342 3380 2398 agamus.
3408 2325 3560 2394 Quod
3591 2325 3739 2378 enim
3765 2326 3851 2378 in-

2247 2421 2456 2491 cipiens
2483 2423 2612 2487 dixi,
2643 2432 2698 2477 et
2727 2438 2868 2478 nunc
2893 2422 3015 2476 dico
3035 2462 3052 2487 ,
3088 2421 3194 2475 duo
3223 2421 3337 2474 lucc
3369 2437 3382 2474 :
3415 2428 3647 2473 stantem
3677 2417 3853 2472 conﬁ-

2247 2513 2412 2576 dcre,
2465 2523 2520 2569 et
2575 2515 2863 2584 desperare
2902 2514 3198 2584 jaccutetn,
3245 2511 3602 2582 proditionem
3657 2510 3853 2565 salutis

2247 2616 2445 2662 nostra
2475 2623 2615 2664 esse.
2647 2607 2825 2676 Quare
2855 2617 3060 2662 stantes
3085 2607 3356 2661 cautiores
3387 2605 3618 2660 reddens
3646 2605 3851 2658 Paulus

2246 2700 2400 2764 dicit,
2439 2700 2541 2764 Qui
2571 2717 2624 2753 se
2648 2709 2796 2771 putat
2821 2711 2973 2766 stare,
3006 2699 3170 2754 videat
3206 2716 3268 2753 ne
3308 2698 3475 2752 cadat.
3517 2699 3585 2752 Et
3626 2700 3845 2753 iterum.

2247 2792 2423 2848 Timeo
2472 2811 2534 2848 ne
2581 2798 2715 2866 forte
2766 2795 2882 2847 aliis
2931 2793 3216 2865 prazdicans
3269 2792 3379 2863 ipse
3428 2790 3672 2862 reprobus
3720 2791 3848 2860 ﬁam

2252 2880 2299 2953 (l
2331 2877 2456 2933 Cor.
2487 2879 2570 2933 10.
2595 2881 2688 2947 12;
2717 2880 2769 2935 9.
2792 2881 2884 2950 27)
2913 2899 2926 2935 :
2962 2882 3205 2954 jacentcs
3233 2893 3410 2938 autem
3443 2883 3678 2954 erigens,
3699 2893 3754 2937 et
3779 2883 3847 2936 ad

2247 2972 2471 3027 ulterius
2514 2973 2756 3029 excitans
2801 2971 3072 3036 studium,
3122 2971 3508 3029 testiﬁcabatur
3552 2972 3848 3028 Corinthiis

2245 3065 2322 3119 sic
2351 3066 2616 3131 scribens,
2650 3065 2704 3120 Ν
2708 3085 2733 3120 e
2756 3071 2886 3138 forte
2916 3067 3103 3120 multos
3133 3067 3369 3137 deﬂeant,
3401 3067 3487 3138 qui
3515 3075 3632 3121 ante
3658 3083 3844 3136 pecca-

2245 3167 2441 3223 verunt,
2471 3169 2516 3212 et
2554 3159 2898 3228 pmnitentiam
2927 3175 3028 3213 non
3059 3167 3266 3230 egerunt
3307 3157 3382 3229 (9..
3414 3156 3535 3212 Cor.
3579 3156 3665 3212 12.
3695 3158 3791 3226 21)
3825 3177 3842 3213 :

2243 3251 2534 3306 05tendcns
2563 3266 2671 3306 non
2704 3261 2810 3305 tam
2837 3261 3156 3322 peccantes,
3189 3266 3346 3320 quam
3377 3265 3483 3305 non
3519 3250 3846 3320 pceuitcntcs

2243 3342 2434 3412 dignos
2461 3343 2710 3414 lacrymis
2739 3359 2877 3399 esse.
2913 3345 2977 3399 Et
3003 3345 3259 3414 prepheta
3283 3344 3346 3398 ad
3376 3343 3594 3398 eosdem
3623 3361 3636 3399 :
3672 3342 3847 3396 Νιιιιο

2242 3436 2367 3504 quid
2392 3437 2479 3503 qui
2503 3437 2662 3499 cadit,
2691 3453 2792 3490 non
2822 3437 3069 3508 resurgit,
3098 3445 3186 3489 aut
3214 3452 3420 3489 aversus
3446 3453 3545 3489 non
3574 3436 3846 3490 revertitur

2245 3528 2376 3598 (Jer.
2405 3527 2458 3583 8.
2493 3529 2587 3598 4)?
2612 3529 2789 3598 Quare
2831 3537 2886 3584 et
2913 3529 3130 3584 eosdem
3162 3528 3454 3584 exhortans
3491 3528 3651 3583 David
3680 3528 3842 3592 dicit,

2246 3619 2416 3674 ll-odie
2449 3621 2494 3675 si
2522 3637 2691 3675 vocem
2719 3622 2829 3687 eius
2872 3621 3140 3675 audieritis
3159 3661 3174 3683 ,
3213 3622 3369 3674 nolite
3397 3620 3648 3674 obdurare
3684 3621 3845 3674 corda

2241 3720 2404 3764 vestra
2442 3711 2572 3764 sicut
2616 3712 2668 3765 in
2701 3711 3079 3766 exacerbatione
3117 3709 3290 3780 (Psal.
3333 3710 3419 3766 94.
3455 3712 3534 3782 8).
3575 3710 3844 3777 Quamdiu

2243 3803 2405 3873 igitur
2433 3804 2584 3857 hodie
2624 3803 2836 3864 dicitur.
2874 3817 2941 3858 ne
2975 3805 3211 3856 animum
3251 3801 3716 3870 despondeamus;
3743 3802 3843 3856 scd

2240 3895 2434 3950 bonam
2461 3895 2513 3950 in
2548 3895 2773 3949 Domino
2796 3910 2945 3965 spem
2970 3895 3248 3960 habentes,
3274 3903 3327 3948 et
3353 3895 3570 3965 pelagus
3593 3894 3711 3963 ejus
3731 3893 3845 3948 cle-

2239 3989 2454 4044 mentae
2481 3989 2835 4059 recogitantes
2857 4028 2872 4054 ,
2904 4001 3118 4042 omnem
3151 3986 3534 4041 conscientiam
3565 3985 3844 4040 excutien-

2241 4087 2322 4135 tes
2349 4081 2540 4134 malam
2568 4080 2733 4134 multa
2775 4093 2896 4133 cum
2925 4093 3020 4149 spe
3048 4077 3430 4148 propositoque
3471 4075 3844 4131 adluereamus

2239 4171 2460 4235 virtuti,
2493 4181 2548 4226 et
2576 4172 2946 4242 paenitentiam
2975 4171 3231 4240 majorem
3260 4171 3312 4224 in
3343 4169 3558 4224 modum
3585 4167 3845 4224 ostenda-

2243 4276 2382 4329 mus,
2413 4271 2472 4316 ut
2493 4261 2578 4318 hic
2600 4263 2844 4318 universa
2867 4262 3200 4332 deponentes
3223 4269 3438 4330 peccata
3462 4259 3626 4314 multa
3649 4257 3843 4313 ﬁducia

2237 4369 2417 4412 coram
2449 4355 2648 4412 Christi
2694 4356 2943 4411 tribunali
2977 4364 3119 4409 stare
3159 4354 3461 4424 possimus,
3508 4367 3843 4422 regnumque

2236 4447 2491 4502 cmlorum
2529 4449 2807 4518 consequi.
2843 4447 3008 4516 Cujus
3035 4461 3224 4501 omnes
3264 4460 3361 4501 nos
3404 4445 3687 4514 participes
3725 4445 3842 4498 ﬁeri

2235 4541 2539 4611 coutingat,
2592 4541 2764 4608 gratia
2809 4550 2863 4594 et
2902 4538 3185 4594 clementia
3236 4537 3447 4591 Domini
3492 4536 3658 4591 nostri
3710 4534 3844 4590 Jesn

2234 4629 2469 4697 Christi,
2525 4632 2614 4702 qui
2662 4646 2783 4686 cum
2829 4631 3012 4697 Patri,
3066 4629 3330 4698 simulque
3377 4637 3566 4682 sancto
3617 4627 3845 4695 Spiritui

2234 4722 2422 4791 gloria,
2468 4723 2776 4792 imperium,
2807 4731 2862 4777 et
2906 4723 3101 4788 honor,
3144 4735 3283 4774 nunc
3312 4729 3367 4774 et
3409 4734 3651 4790 semper,
3695 4729 3752 4774 et
3787 4719 3845 4774 in

2235 4815 2430 4869 scecula
2456 4815 2796 4870 saeculorum.
2828 4815 3022 4869 Amen.

534 4903 3814 4939 ..___._________________________________________________

1696 4995 1835 5064 DE
1903 4995 2611 5084 PtENITENTIA,

1131 5163 1210 5206 ET
1237 5165 1320 5206 DE
1352 5163 1679 5209 MOESTITIA
1727 5167 1907 5212 REGIS
1949 5169 2224 5223 sanam,
2255 5169 2336 5212 ET
2378 5171 2462 5213 DE
2503 5172 2661 5216 JONA
2704 5173 3035 5216 exornem
3083 5156 3191 5238 (a).

1933 5291 2406 5321 Μ

1165 5389 1379 5432 IIOMILM
1423 5393 1480 5433 11.

601 5462 653 5516 1.
686 5459 906 5516 Vidistis
951 5465 1213 5535 superiori
1270 5469 1543 5525 Dominica
1587 5488 1813 5544 pugnam
1856 5483 1912 5532 et
1956 5476 2124 5532 victo-

529 5554 694 5617 riam,
746 5569 976 5624 pugnam
1041 5557 1254 5626 quidem
1326 5561 1559 5629 diaboli,
1613 5567 1889 5623 victoriam
1943 5578 2122 5626 autem

525 5643 762 5698 Christi?
786 5645 1010 5709 vidistis.
1042 5659 1097 5704 ut
1117 5653 1426 5720 poenitentia
1452 5656 1774 5728 laudaretur,
1801 5663 1855 5716 et
1876 5661 2122 5719 diabolus

585 5779 669 5852 (tr).
695 5777 872 5852 collata
895 5796 1003 5852 cum
1028 5793 1134 5834 Mss.
1170 5795 1286 5850 Reg.
1330 5791 1468 5846 1828.
1499 5793 1634 5852 1829,
1673 5797 1813 5852 2039.,
1837 5797 1980 5848 2121.
2008 5805 2120 5852 Haec

525 5837 720 5890 boinilta
745 5845 940 5892 tertium
962 5846 1114 5896 locum
1134 5837 1634 5906 obtinet—in—s
1676 5837 1813 5858 -ννιη

2241 5387 2447 5457 plagam
2481 5405 2585 5442 non
2616 5388 2809 5454 ferret,
2837 5389 2932 5444 sed
2966 5389 3256 5460 trepidaret
3299 5397 3353 5445 et
3393 5389 3672 5445 horreret?
3697 5388 3838 5457 Quid

2235 5480 2414 5547 times,
2443 5497 2476 5535 ο
2502 5482 2742 5548 diabole,
2775 5483 2901 5538 dum
2930 5483 3241 5553 pmnitentia
3274 5482 3556 5538 laudatur?
3581 5483 3704 5552 quid
3735 5499 3837 5554 ge-

2231 5572 2372 5628 mis?
2401 5575 2526 5644 quid
2555 5575 2781 5630 horres?
2811 5575 2999 5631 Merito
3028 5590 3179 5643 sane,
3211 5575 3402 5645 inquit,
3441 5590 3595 5644 gemo
3619 5582 3675 5629 ct
3697 5574 3840 5629 afﬂi-

2228 5682 2324 5736 gor
2348 5685 2360 5721 :
2387 5684 2574 5739 magna
2593 5669 2720 5723 mihi
2742 5685 2868 5724 vasa
2895 5671 3068 5740 rapuit
3090 5669 3401 5741 poenitentia
3430 5669 3550 5723 ista.
3575 5668 3834 5735 Quaenam

2227 5759 2320 5815 illa
2371 5761 2630 5817 tandem?
2676 5761 3040 5828 Meretricem,
3100 5761 3479 5833 publicanum,
3528 5760 3830 5834 latronem,

2225 5851 2615 5914 blaSphemum.
2648 5853 2935 5912 Enimvero
2971 5855 3133 5912 multa
3176 5868 3299 5910 vasa
3350 5852 3467 5925 ejus
3510 5851 3627 5908 sine
3664 5850 3841 5907 dubio
