4066 6426
315 389 421 444 283

313 499 374 555 δέ
403 497 779 570 βαπτίσματος
812 498 912 552 οὐκ
960 496 1075 551 ἔστι
1120 495 1350 570 πατρῷα
1385 509 1411 538 ι
1440 495 1646 560 λαϐεῖν,
1673 494 1793 550 οὐδὲ
1825 493 1911 547 δέ·

313 581 510 650 ξασθαι
539 581 908 653 κληρονομίαν
932 599 946 612 ·
980 581 1120 636 ὥστε
1151 581 1240 636 διά
1286 583 1504 638 πάντων
1540 583 1670 652 ἡμῖν
1703 579 1908 634 τούτων

310 665 502 719 τδτῶν
531 665 738 718 πιστῶν
760 665 1055 720 αἰνίττεται
1094 665 1304 736 τάγμα.
1347 666 1459 720 Καὶ
1493 664 1721 733 ἀδελφὸς
1754 662 1810 716 δέ
1841 657 1909 733 ἦν

309 747 408 802 τοῦ
434 748 862 820 εύδοκιμηκότος
883 763 898 778 ·
941 749 1170 818 ἀδελφὸς
1195 749 1252 803 δέ
1271 749 1372 802 ούκ
1405 748 1472 802 ἂν
1497 747 1710 816 γένοιτο
1737 746 1909 818 χωρὶς

311 832 696 903 πνευματικῆς
723 831 1162 902 ἀναγεννήσεως.
1207 827 1376 896 Οὗτος
1397 830 1576 884 τοίνυν
1599 833 1678 894 εἰς
1707 829 1908 882 κακίαν

310 913 549 985 ἐσχάτην
574 913 777 981 πεσὼν,
806 915 860 968 τί
893 931 1091 986 φησιν;
1141 913 1452 981 Ἐπανήξω
1485 913 1635 982 πρὸς
1658 913 1767 967 τόν
1792 929 1908 966 :m-

309 997 453 1068 τέρα
479 1013 630 1068 μουο
669 998 758 1052 διὰ
780 997 890 1072 γάρ
914 998 1074 1053 τοῦτο
1101 999 1264 1053 αὐτὸν
1288 1001 1383 1052 καὶ
1412 999 1624 1069 ἀφῆκεν
1645 999 1674 1050 6
1701 997 1903 1068 πατὴρ,

310 1084 410 1138 καὶ
443 1085 546 1137 οὐκ
577 1083 850 1137 ἐκώλυσεν
872 1085 953 1146 εἰς
969 1083 1070 1153 τὴν
1097 1082 1386 1155 ἀλλοτρίαν
1403 1081 1679 1148 ἀπελθεῖν,
1703 1082 1791 1136 ἵνα
1819 1081 1908 1136 διὰ

308 1169 412 1239 τῆς
437 1168 632 1239 πείρας
665 1167 810 1238 μάθῃ
838 1166 1040 1233 καλῶς,
1073 1167 1206 1237 ὅσης
1237 1167 1558 1238 ἀπήλαυσεν
1586 1166 1909 1236 εὐεργεσίας

309 1251 452 1304 οἴκοι
494 1250 693 1320 μένων.
754 1250 1024 1313 Πολλάκις
1057 1251 1167 1322 γάρ
1201 1252 1230 1304 ὁ
1277 1250 1410 1314 Θεὸς
1445 1251 1576 1304 ὅταν
1612 1249 1786 1318 λέγων
1831 1251 1906 1321 μὴ

311 1332 498 1405 πείθῃ,
530 1336 595 1405 τῇ
625 1333 714 1386 διὰ
741 1333 851 1387 τῶν
877 1334 1224 1406 πραγμάτων
1246 1334 1412 1406 πείρᾳ
1432 1334 1532 1404 τὴν
1557 1332 1908 1386 διδασκαλίαν

240 1478 266 1486 ᾔ
309 1416 567 1486 ἀφίησιν’
597 1417 735 1490 ὅπερ
766 1413 858 1471 οὖν
897 1417 993 1472 καὶ
1025 1417 1160 1489 πρὸς
1205 1418 1334 1482 τοὺς
1381 1416 1666 1480 Ἰουδαίους
1699 1416 1904 1484 ἔλεγεν.

323 1499 542 1570 Ἐπειδὴ
560 1499 670 1574 γὰρ
697 1501 922 1574 μυρίους
961 1501 1248 1564 ἀναλώσας
1285 1499 1370 1554 διὰ
1385 1499 1493 1553 τῶν
1511 1498 1807 1570 προφητῶν
1828 1499 1909 1551 λό-

307 1601 462 1653 γους,
481 1586 581 1639 οὐκ
593 1585 812 1640 ἔπεισεν
827 1585 946 1640 οὐδὲ
964 1586 1334 1650 ἐπεσπάσατο,
1363 1585 1522 1656 ἀφεὶς
1537 1583 1624 1638 διὰ
1637 1587 1734 1656 τῆς
1749 1583 1910 1638 κολάσ-

309 1683 449 1732 σεως
477 1669 674 1732 αὐτοὺς
698 1669 1070 1738 παιδευθῆναι,
1091 1671 1226 1740 φησι⁹
1252 1669 1389 1742 πρὸς
1411 1667 1630 1732 αὐτούς’
1659 1667 1908 1722 Παιδεύ-

309 1767 410 1806 σει
431 1768 506 1807 σε
535 1751 575 1821 ἠ
611 1753 961 1808 ἀποστασία
994 1755 1242 1819 (ramea!
1265 1756 1298 1824 ἠ
1319 1755 1494 1808 κακία
1525 1770 1642 1808 σου
1670 1751 1905 1824 ἐλέγξει

307 1853 406 1893 σε.
439 1837 586 1891 Ἔδει
623 1838 722 1909 μέν
767 1839 878 1912 γὰρ
917 1838 1082 1893 αὑτὸν
1119 1838 1436 1904 ἀξιόπιστον
1477 1833 1618 1893 εἶναι
1663 1840 1759 1894 καὶ
1799 1840 1907 1912 πρὸ

307 1921 412 1992 τῆς
431 1923 540 1976 τῶν
570 1923 913 1995 πραγμάτων
931 1923 1212 1988 ἐκϐάσεως
1231 1941 1244 1956 ·
1279 1925 1544 1996 ἐπειδὴδὲ
1565 1924 1740 1988 οὕτως
1756 1925 1909 1980 ἀναι-

311 2005 528 2078 σθήτως
563 2005 848 2074 διέκειντο,
886 2007 964 2072 ὼς
999 2009 1246 2063 ἀπιστεῖν
1275 2010 1442 2064 αὐτοῦ
1479 2013 1603 2074 ταῖς
1640 2009 1908 2080 παραινέ-

309 2106 431 2142 σεσι
456 2091 551 2144 καὶ
585 2093 706 2154 ταῖς
761 2091 1114 2162 συμϐουλαῖς,
1155 2093 1602 2166 προαναστέλλων
1641 2097 1706 2164 τῇ
1742 2092 1910 2163 κακία

310 2173 388 2244 μὴ
408 2172 716 2240 πείθεσθαι,
760 2175 1051 2246 ἐπιτρέπει
1067 2176 1156 2230 διὰ
1193 2177 1300 2230 τῶν
1325 2177 1666 2249 πραγμάτων
1709 2177 1910 2240 αὐτοὺς

306 2257 691 2330 παιδευθῆναι,
726 2259 813 2313 ἵνα
851 2259 1025 2324 οὕτως
1064 2261 1263 2326 αὐτοὺς
1307 2263 1681 2333 ἀνακτήσηται
1721 2261 1906 2314 πάλιν.

321 2339 542 2413 Ἐπειδὴ
567 2341 746 2396 τοίνυν
780 2341 1032 2398 ἀπελθὼν
1055 2345 1084 2398 ὁ
1121 2344 1330 2409 ἄσωτος
1359 2348 1438 2409 εἰς
1463 2345 1562 2416 τὴν
1597 2345 1907 2417 ἀλλοτρίαν,

311 2424 406 2476 καὶ
435 2423 524 2477 διὰ
551 2425 660 2479 τῶν
709 2426 889 2498 ἔργων
930 2427 1110 2480 αὐτῶν
1147 2427 1337 2497 μαθὼν
1379 2429 1503 2482 ὅσον
1536 2429 1706 2481 κακὸν
1745 2430 1912 2480 ἐκπε-

308 2510 424 2562 σεῖν
460 2509 722 2582 πατρῴας
746 2512 944 2576 οἰκίας,
981 2512 1308 2583 ἐπανῆλθεν,
1339 2513 1440 2566 οἰκ
1465 2513 1911 2584 ἐμνησικάκησεν

307 2593 339 2644 6
364 2593 566 2665 πατὴρ,
595 2595 710 2648 ἀλλ’
738 2596 960 2660 ὑπτίαις
991 2596 1154 2650 αὐτὸν
1205 2595 1426 2661 ἐδέξατο
1467 2599 1588 2661 ταῖς
1623 2597 1799 2670 χερσί.
1845 2597 1912 2650 Τί

309 2677 545 2748 δήποτες
575 2681 699 2734 Ὅτι
735 2681 920 2752 πατὴρ
958 2677 1049 2754 ἦν,
1078 2682 1170 2735 καὶ
1202 2683 1263 2735 ού
1297 2683 1578 2753 δικαστής.
1614 2683 1909 2752 Καὶχοροὶ,

310 2765 410 2817 καὶ
447 2763 649 2830 θαλίαι,
691 2766 788 2820 καὶ
833 2766 1175 2836 πανηγύρεις
1213 2765 1422 2828 λοιπὸν,
1463 2768 1558 2820 καὶ
1589 2767 1792 2838 φαιδρά
1819 2768 1914 2821 καὶ

311 2847 622 2921 περιχαρὴς
657 2843 728 2921 ἦν
770 2851 804 2920 ἡ
851 2849 998 2902 οἰκία
1038 2851 1208 2903 πᾶσα.
1256 2849 1322 2900 Τί
1364 2849 1574 2918 λέγεις;
1615 2845 1775 2904 αὗται
1813 2851 1914 2921 τῆς

313 2933 518 2996 κακίας
543 2934 598 2987 αί
631 2933 894 3006 ἀμοιϐαί;
929 2933 1066 3004 Οὐχὶ
1082 2935 1179 2998 τῆς
1203 2931 1428 2996 κακίας,
1463 2933 1740 3004 ἄνθρωπε,
1777 2933 1915 2986 ἀλλὰ

311 3017 412 3088 τῆς
427 3016 690 3070 ἐπανόδου
706 3033 721 3048 ο
743 3017 865 3088 οὐχὶ
893 3019 992 3088 τῆς
1014 3017 1307 3089 ἁμαρτίας,
1321 3017 1459 3070 ἀλλά
1472 3017 1573 3088 τῆς
1593 3019 1880 3088 μετανοίας
1896 3034 1910 3049 ο

314 3099 440 3170 οὐχὶ
489 3103 590 3171 τῆς
631 3102 920 3174 πονηρίας,
960 3101 1098 3156 ἀλλά
1134 3102 1234 3172 τῆς
1278 3102 1372 3155 ἐπὶ
1409 3103 1471 3156 τὸ
1499 3103 1708 3174 βέλτιον
1745 3121 1916 3174 μετα-

315 3181 503 3254 ϐολῆς.
537 3185 647 3238 Καὶ
677 3183 740 3238 τό
775 3185 840 3258 δὴ
867 3187 1072 3256 μεῖζον,
1126 3187 1508 3258 ἠγανάκτησεν
1539 3189 1632 3242 ἐπὶ.
1660 3189 1868 3255 τούτοις
1887 3193 1917 3244 6

317 3266 436 3330 υἱὸς
455 3269 484 3321 6
511 3268 804 3342 πρότερον
841 3271 869 3323 ό
905 3271 962 3325 δέ
995 3272 1089 3326 καὶ
1102 3271 1290 3326 τοῦτον
1313 3273 1504 3344 πράως
1519 3273 1703 3329 ἔπεισε
1717 3275 1914 3344 λέγων,

320 3349 449 3404 Ὅτι
470 3353 552 3407 σὺ
573 3353 693 3422 μὲν
722 3355 813 3409 ἀεὶ
835 3356 961 3426 μετ’
981 3356 1130 3426 ἐμοῦ
1157 3357 1466 3427 διέτριϐες,
1484 3357 1665 3426 οὗτος
1694 3361 1762 3414 δὲ
1777 3364 1920 3417 dao-

313 3435 530 3504 ,ιωλὼς
553 3437 655 3508 ἦν,
687 3439 789 3493 καὶ
821 3440 1036 3510 εἰρέθη
1055 3458 1068 3472 ·
1095 3443 1314 3512 νεκρὸς
1341 3439 1444 3514 ἦν,
1474 3444 1575 3499 καὶ
1601 3445 1914 3516 ἀνέζησεν.

321 3523 492 3606 Ὅταν
521 3524 578 3578 δὲ
621 3525 715 3580 τὸν
776 3527 1098 3584 ἀπολωλότα
1138 3529 1406 3586 διασῶσαι
1459 3531 1574 3604 δέη,
1627 3535 1814 3606 φησιν,
1855 3534 1916 3588 ού

317 3605 688 3680 δικαστηρίων
721 3612 934 3684 καιρὸς,
975 3612 1098 3666 οὐδὲ
1136 3613 1402 3686 ἀκριϐοῦς
1430 3615 1753 3684 ἐξετάσεως,
1781 3617 1918 3672 ἀλλὰ

320 3693 740 3765 φιλανθρωπίας
790 3697 884 3750 καὶ⁸
919 3697 1251 3770 συγγνώμης
1285 3699 1466 3772 μόνον.
1511 3701 1701 3767 Οὐδεὶς
1734 3704 1920 3774 ἰατρὸς

320 3777 483 3846 ἀφεὶς
519 3776 788 3834 ἐπιθεῖναι
827 3781 1120 3852 φάρμακον
1148 3782 1226 3854 τῷ
1255 3784 1540 3854 κάμνοντι,
1570 3786 1668 3856 τῆς
1695 3786 1922 3852 ἀταξίας

320 3861 488 3918 αὒτδν
523 3863 754 3929 εὐθύνας
791 3867 1012 3920 ἀπαιτεῖ
1033 3867 1128 3922 καὶ
1152 3869 1440 3942 τιμωρίαν.
1468 3871 1530 3925 Εἰ
1560 3871 1616 3924 δέ
1641 3871 1736 3926 καὶ
1765 3872 1922 3945 δίκην

321 3945 490 4002 αὐτὸν
508 3947 647 4030 δλως
677 3948 862 4004 δοῦναι
903 3951 1094 4024 ἐχρῆν,
1129 3953 1322 4027 ἱκανὴν
1351 3953 1521 4009 ἔδωκε
1559 3956 1716 4028 δίκην
1746 3957 1844 4030 τὴν
1863 3960 1922 4012 ἐν

320 4031 393 4102 τῇ
437 4029 698 4104 ἀλλοτρία
744 4033 1050 4107 διατριϐήν.
1091 4036 1360 4091 Τοσοῦτον
1407 4037 1540 4108 γοῦν
1585 4041 1777 4112 χρόνον
1804 4029 1925 4113 τῆς

325 4113 605 4198 ἡμετέρας
637 4117 912 4190 ἐχωρίσθη
954 4119 1262 4184 συνουσίας,
1304 4121 1400 4176 καὶ
1435 4121 1578 4194 λιμῷ
1606 4125 1700 4178 καὶ
1727 4126 1926 4198 ἀτιμία

326 4197 426 4252 καὶ
451 4199 565 4263 τοῖς
586 4201 836 4270 ἐσχάτοις
852 4201 1097 4258 παλαίων
1127 4207 1317 4270 κακοῖς
1343 4205 1630 4262 διετέλεσε.
1649 4208 1748 4263 Διά
1768 4197 1928 4264 τοῦτό

327 4297 520 4352 φησιν,
569 4283 910 4353 Ἆπολωλὼς
937 4281 1037 4358 ἦν,
1065 4286 1166 4342 καὶ
1189 4290 1401 4358 εὑρέθη
1426 4308 1440 4322 ·
1463 4289 1677 4360 νεκρὸς
1699 4289 1798 4364 ἦν,
1820 4293 1920 4348 καί

325 4365 603 4435 ἁνέζησε.
651 4368 843 4441 Μὴτά
883 4371 1127 4443 παρόντα
1171 4371 1308 4447 ἴδῃς,
1347 4377 1534 4447 φησὶν,
1581 4376 1696 4430 ἀλλ’
1732 4378 1921 4450 ἐννόη-

329 4465 426 4534 σον
439 4450 539 4534 τῆς
560 4451 726 4524 προτέ
735 4469 834 4524 ρας
858 4471 920 4508 συ
927 4457 1144 4528 μφορᾶς
1158 4457 1218 4511 τὸ
1242 4457 1473 4530 μέγεθος
1489 4478 1502 4492 ο
1521 4460 1750 4530 ἀδελφὸν
1767 4464 1919 4534 ὁρᾷς,

327 4533 434 4619 οὐκ
461 4533 760 4608 ἀλλότριον.
791 4537 938 4609 Πρὸς
975 4540 1191 4613 πατέρα
1221 4542 1542 4614 ἐπανῆλθεν.
1581 4545 1734 4600 οὐδὲν
1767 4533 1919 4619 [286]

327 4617 630 4691 δυνάμενον
661 4622 1078 4696 ἀναμνησθῆναι
1115 4624 1228 4680 τῶν
1271 4627 1586 4701 προτέρων·
1620 4630 1825 4702 μᾶλλον
1866 4617 1924 4684 δέ

411 4783 439 4814 ⁸
455 4787 606 4840 δετίι.
627 4791 866 4856 πατρῴαν.

342 4939 702 4955 *ιι-.-

1458 383 1544 436 DE.
1582 379 2054 460 ΡΟβΝιΪΕΝῙἸΑ.
2098 381 2332 440 HOMIL.
2375 385 2442 442 ll.

3499 383 3602 442 εει

2011 497 2203 552 ἐκεῖνα
2232 497 2579 570 μεμνημένον
2613 499 2770 572 μόνα,
2817 499 2962 570 άπερ
2993 499 3072 564 εἰς
3099 496 3444 570 συμπάιᾷειαν
3474 505 3607 562 diu-

2010 583 2130 649 γεῖν
2168 581 2391 636 δύναται
2431 582 2525 636 καὶ
2570 583 2718 638 ἔλεον
2771 585 2867 638 καὶ
2916 584 3152 654 στοργὴν
3182 583 3277 638 καὶ
3315 582 3481 654 φειδὼ
3505 582 3610 653 τήν

2009 667 2124 728 τοῖς
2153 667 2508 736 γεγεννηκόσι
2557 669 2962 739 προσήκουσαν.
3003 666 3102 720 Διά
3135 666 3294 720 τοῦτο
3332 667 3430 738 οὐχ
3461 665 3607 736 ἅπερ

2009 748 2251 822 ἔπραξεν
2280 746 2452 812 εἶπεν,
2485 751 2598 804 ἀλλ’
2627 751 2768 822 άπερ
2803 751 3007 805 ἔπαθεν
3029 767 3042 780 ⁸
3074 751 3172 821 οὐχ
3214 751 3296 804 δτι
3325 750 3606 822 κατέφαγε

2010 832 2110 904 τὴν
2139 833 2325 885 ούσίαν
2353 833 2779 903 ἐμνημόνευσεν,
2813 835 2927 888 ἀλλ’
2952 835 3035 888 ὅτι
3066 833 3280 906 μυρίοις
3309 833 3605 906 περιέπεσε

2010 920 2216 980 κακοῖς.
2273 915 2430 970 Οῦτω
2475 917 2537 970 τὸ
2597 917 2866 990 πρόϐατον
2915 919 3098 990 ἐζήτει
3149 917 3286 990 μετά
3334 917 3606 986 τοσαύτης

2011 1000 2280 1070 σπουδῆς
2327 999 2526 1069 μᾶλλον
2565 1000 2621 1055 δέ
2671 1001 2808 1072 μετά
2862 1001 3126 1072 μείζονος.
3191 1001 3458 1054 Ἐνταῦθα
3503 1000 3605 1071 μέν

2009 1083 2119 1154 γάρ
2147 1083 2311 1146 αὐτὸς
2341 1083 2645 1154 ἐπανῆλθεν
2679 1085 2708 1136 6
2735 1084 2850 1148 υἱός
2874 1101 2888 1115 ·
2922 1086 3041 1138 ἐκεῖ
3087 1084 3142 1137 δὲ
3178 1084 3340 1147 αὐτὸς
3359 1083 3606 1154 ἀπῆλθεν

2009 1170 2038 1221 6
2070 1167 2298 1238 ποιμὴν,
2337 1168 2432 1221 καὶ
2486 1169 2663 1239 εὑρὼν
2704 1169 2901 1239 ἤγαγε,
2938 1168 3033 1222 καὶ
3071 1168 3290 1238 ἔχαιρεν
3328 1169 3414 1222 ἐπ’
3454 1168 3607 1238 αὐτῷ

2013 1251 2236 1321 μᾶλλον,
2281 1251 2314 1322 ἢ
2349 1250 2444 1305 ἐπὶ
2473 1254 2586 1315 τοῖς
2623 1251 3082 1322 διασεσωσμένοις
3117 1251 3499 1322 ἆπασιν.”ορα
3547 1250 3606 1304 δὲ

2007 1335 2104 1387 καὶ
2132 1335 2250 1398 πῶς
2275 1336 2629 1406 ἐπανήγαγεν
2649 1350 2662 1363 ·
2724 1335 2825 1388 οὐκ
2873 1333 3187 1405 ἐμάστιξεν,
3231 1333 3345 1387 ἀλλ’
3380 1332 3604 1387 ἐπὶτῶν

2009 1417 2174 1488 ὤμων
2208 1419 2388 1490 φέρων
2429 1420 2525 1473 καὶ
2575 1419 2884 1489 βαστάζων,
2944 1417 3107 1472 πάλιν
3145 1419 3211 1489 τῇ
3255 1417 3457 1487 ποίμνῃ
3492 1417 3604 1470 ἀπο

2008 1501 2197 1556 ἔδωκε.
2234 1503 2400 1556 Ταῦτ’
2441 1501 2534 1556 οὖν
2572 1502 2790 1566 εἰδότες,
2819 1502 2900 1556 ὅτι
2927 1501 2988 1554 ού
3029 1501 3188 1572 μόνον
3218 1501 3318 1553 οὐκ
3341 1498 3608 1570 ἀποστρέ-

2009 1602 2166 1654 φεται
2206 1585 2496 1639 ἐπανιόντα
2509 1603 2550 1650 ς,
2587 1585 2723 1639 ἀλλά
2755 1586 2848 1639 καὶ
2877 1584 2984 1638 τῶν
3031 1583 3475 1654 κατωρθωκότων
3507 1582 3608 1636 οὐκ

2009 1667 2231 1722 ἐλαττον
2269 1669 2522 1738 δέχεται*
2587 1670 2672 1722 ὅτι
2719 1669 2780 1721 οὐ
2828 1667 2988 1739 μόνον
3019 1667 3118 1720 οὐκ
3164 1667 3391 1719 ἀπαιτεῖ
3425 1664 3606 1737 δίκην,

2007 1753 2146 1808 ἀλλά
2176 1752 2269 1806 καὶ
2298 1755 2377 1817 εἰς
2421 1752 2747 1825 ἐπιζήτησιν
2776 1753 2884 1806 τῶν
2913 1751 3350 1821 πεπλανημένων
3385 1749 3608 1821 ἔρχεται

2008 1853 2103 1891 και
2155 1835 2266 1889 τῶν
2315 1835 2765 1907 διασεσωσμένων
2801 1835 3004 1907 μᾶλλον
3043 1837 3136 1888 ἐπί
3173 1837 3240 1905 τῇ
3275 1833 3479 1887 τούτων
3516 1833 3609 1887 εύο

2009 1921 2159 1992 ρέσει
2181 1921 2381 1992 χαίρει,
2402 1921 2540 1990 μήτε
2568 1921 2626 1973 ἐν
2659 1921 2916 1990 πονηροῖς
2928 1917 3080 1982 ὄντες
3111 1917 3604 1986 ἀπογινώσκωμεν,

2013 2007 2149 2076 μήτε
2181 2007 2238 2058 ἐν
2277 2004 2501 2073 ἀγαθοῖς
2537 2003 2690 2066 ὄντες
2734 2003 3050 2074 θαρρῶμεν,
3100 2001 3236 2054 ἀλλά
3277 2002 3374 2053 καὶ
3407 2015 3610 2070 κατορ-

2011 2089 2254 2154 θοῦντες,
2314 2088 2631 2160 φοϐώμεθα,
2669 2087 2756 2141 ἵνα
2813 2087 2890 2158 μὴ
2918 2087 3292 2159 θαρρήσαντες
3327 2085 3608 2153 πέσωμεν,

2010 2176 2104 2229 καὶ
2151 2175 2559 2246 ἁμαρτάνοντες
2625 2170 2994 2244 μετανοῶμεν.
3060 2172 3236 2242 Ὅπερ
3295 2169 3404 2240 γὰρ
3445 2167 3608 2236 ἀρχό-

2015 2278 2174 2332 μενος
2205 2256 2380 2324 εἶπον,
2407 2259 2566 2314 τοῦτο
2616 2257 2760 2327 λέγω
2807 2257 2902 2310 καὶ
2931 2256 3049 2320 νῦν,
3084 2257 3167 2309 ὅτι
3213 2254 3473 2325 προδοσία
3504 2250 3608 2320 τῆς

2009 2345 2288 2416 ἡμετέρας
2328 2344 2603 2414 σωτηρίας
2625 2342 2801 2395 ταῦτα
2835 2341 3144 2412 ἀμφότερα,
3174 2337 3268 2390 καὶ
3295 2336 3355 2390 το
3382 2335 3609 2407 θαρρεῖν

2012 2429 2243 2494 ἑστῶτα,
2271 2429 2366 2484 καὶ
2399 2430 2460 2483 τὸ
2488 2427 2891 2496 ἀπογινώσκειν
2929 2427 3204 2497 κείμενον.
3236 2422 3328 2476 Διὸ
3349 2423 3476 2484 τοὺς
3509 2419 3608 2491 μέν

2013 2515 2254 2577 ἑστῶτας
2275 2512 2710 2583 ἀσφαλιζόμενος
2738 2512 2765 2563 6
2801 2511 3011 2574 Παῦλος
3057 2509 3272 2577 ἔλεγεν·
3320 2507 3382 2559 '0
3411 2501 3611 2558 δοκῶν

2012 2598 2261 2652 ἑστάναι
2279 2595 2560 2662 ,ϐλεπέτω
2580 2596 2666 2665 μὴ
2702 2594 2884 2664 πέσῃ.
2921 2595 3030 2648 Καὶ
3056 2593 3216 2646 πάλιν
3242 2609 3254 2622 ·
3285 2588 3606 2658 Φοϐοῦμαι,

2007 2682 2094 2752 μή
2127 2695 2251 2748 πως
2277 2681 2492 2748 ἄλλοις
2509 2681 2797 2749 κηρύξας,
2819 2677 3002 2744 αὐτὸς
3031 2677 3317 2746 ἀδόκιμος
3332 2673 3606 2744 γένωμαι·

2013 2765 2209 2830 τοὺςδέ
2239 2767 2526 2838 κειμένους
2562 2765 2789 2830 ἀνιστὰς
2805 2765 2900 2818 καὶ
2936 2765 3018 2826 είς
3044 2761 3352 2833 προθυμίαν
3387 2757 3610 2812 πλείονα

2013 2847 2318 2920 διεγείρων,
2371 2848 2776 2921 διεμαρτύρατο
2803 2847 3110 2919 Κορινθίοις
3156 2844 3380 2916 γράφων
3403 2840 3606 2902 οὕτως·

2015 2932 2110 2998 Μή
2145 2947 2273 2996 πως
2298 2931 2581 3001 πενθήσω
2609 2930 2883 2996 πολλοὺς
2899 2929 3019 2983 τῶν
3044 2925 3608 2997 προημαρτηκότων,

2017 3016 2116 3070 καί
2141 3015 2226 3085 μὴ
2255 3017 2767 3086 μετανοησάντων
2795 3034 2809 3048 ·
2851 3015 3066 3078 δεικνὺς
3103 3015 3187 3068 ὅτι
3229 3014 3330 3090 οίρχ
3354 3010 3527 3072 οὕτως
3560 3008 3611 3060 οι

2016 3100 2425 3173 ἁμαρτάνοντες
2456 3101 2532 3166 ὡς
2565 3103 2614 3156 οἱ
2649 3102 2724 3173 μὴ
2755 3099 3142 3171 μετανοοῦντες
3175 3099 3268 3152 ἐπὶ
3296 3099 3408 3159 τοῖς
3433 3095 3612 3164 ἀμαρ-

2017 3185 2256 3256 τήμασίν
2282 3187 2389 3238 είσι
2424 3185 2640 3257 θρήνων
2667 3186 2828 3253 ἄξιοι.
2865 3187 2974 3239 Καὶ
3006 3187 3035 3238 6
3066 3183 3356 3255 προφήτης
3387 3179 3444 3233 δὲ
3475 3177 3610 3249 πρὸς

2018 3269 2218 3332 αὐτούς
2250 3285 2418 3340 φησι·
2463 3269 2560 3337 Μὴ
2608 3272 2641 3324 ὁ
2675 3269 2912 3322 πίπτων
2952 3270 3064 3323 οὐκ
3109 3267 3448 3327 ἀνίσταται,
3489 3261 3524 3326 ἢ
3577 3261 3612 3314 ὁ

2017 3354 2419 3423 ἀποστρέφων
2482 3355 2594 3408 οὐκ
2651 3352 3034 3423 ἐπιστρέφευ
3077 3351 3177 3405 Διὰ
3231 3348 3390 3403 τοῦτο
3445 3345 3535 3399 καῖ
3582 3346 3612 3399 ό

2018 3437 2182 3492 Δαυῖδ
2215 3437 2437 3502 τούτους
2482 3437 2679 3501 αὐτοὺς
2734 3437 3040 3507 παρακαλεῖ
3077 3435 3280 3504 λέγων·
3339 3430 3614 3501 Σήμερον

2019 3523 2128 3577 ἐὰν
2157 3521 2266 3591 τῆς
2301 3521 2510 3590 φωνῆς
2535 3521 2722 3576 αὐτοῦ
2755 3522 3079 3588 ἀκούσητε,
3105 3519 3191 3590 μὴ
3223 3514 3612 3584 σκληρύνητε

2019 3607 2127 3672 τὰς
2151 3605 2400 3675 καρδίας
2428 3605 2594 3676 ὑμῶν
2623 3606 2704 3671 ὼς
2724 3606 2794 3660 ἐν
2823 3602 2904 3670 τῷ
2935 3597 3431 3672 παραπικρασμῷ.
3467 3597 3613 3661 Ἕως

2021 3685 2114 3744 οῦν
2152 3689 2213 3743 τὸ
2244 3689 2516 3759 σήμερον
2554 3689 2794 3756 λέγεται,
2835 3687 2910 3760 μὴ
2955 3685 3444 3756 ἁπογινώσκωμεν,
3479 3680 3613 3734 ἀλλὰ

2020 3773 2268 3848 χρηστάς
2312 3776 2392 3837 είς
2436 3773 2526 3826 τὸν
2560 3773 2836 3842 Δεσπότην
2867 3771 3080 3842 ἔχοντες
3113 3770 3212 3833 τὰς
3243 3767 3487 3830 ἐλπίδας,
3519 3764 3615 3818 καὶ

2020 3857 2082 3910 τὸ
2110 3857 2348 3925 πέλαγος
2379 3854 2544 3909 αὐτοῦ
2575 3855 2676 3927 τῆς
2706 3853 3120 3926 φιλανθρωπίας
3147 3851 3476 3912 ἐννοοῦντες,
3501 3849 3612 3900 πᾶν

2023 3938 2262 4012 πονηρὸν
2307 3937 2765 4008 ἀποτιναξάμενοι
2803 3936 3063 4001 συνειδὸς,
3102 3934 3240 4006 μετὰ
3281 3932 3483 4002 πολλῆς
3511 3930 3614 4002 τῆς

2024 4023 2353 4098 προθυμίας,
2404 4023 2500 4076 καὶ
2534 4022 2635 4092 τῆς
2677 4020 2892 4085 ἐλπίδος
2925 4016 3313 4090 ἐπιλαϐώμεθα
3341 4017 3450 4098 τῆς
3484 4015 3614 4098 ἀρε·

2023 4097 2144 4178 τῆς,
2182 4107 2275 4161 καὶ
2302 4106 2400 4178 τὴν
2425 4105 2713 4176 μετάνοιαν
2744 4103 2862 4175 μεθ’
2887 4102 3190 4174 ὑπερϐολῆς
3215 4097 3616 4170 ἐπιδειξώμεθα

2026 4193 2227 4264 πάσης,
2260 4191 2349 4246 ἵνα
2393 4190 2573 4245 πάντα
2617 4187 2853 4244 ἐνταῦθα
2881 4187 3208 4258 ἀποθέμενοι
3254 4184 3326 4238 τὰ
3361 4184 3615 4254 ἁμαρτή-

2031 4295 2198 4350 ματα,
2250 4276 2387 4347 μετά
2419 4274 2731 4346 παρρησίας
2779 4270 3097 4342 δυνηθῶμεν
3147 4269 3339 4338 στῆναι
3383 4267 3477 4320 ἐπὶ
3515 4265 3611 4350 τοῦ

2031 4348 2276 4434 βήματος
2303 4359 2398 4413 τοῦ
2433 4357 2694 4430 Χριστοῦ,
2727 4357 2821 4410 καὶ
2854 4357 2953 4426 τῆς
2984 4352 3255 4425 βασιλείας
3288 4353 3468 4422 τυχεῖν
3499 4348 3613 4403 τῶν

2028 4445 2302 4517 οὐρανῶν·
2334 4437 2405 4516 ἦς
2435 4444 2647 4513 γένοιτο
2686 4440 2893 4502 πάντας
2936 4439 3084 4508 ἡμᾶς
3117 4438 3394 4506 ἐπιτυχεῖν
3431 4435 3616 4505 χάριτι

2030 4532 2126 4586 καὶ
2159 4525 2540 4598 φιλανθρωπία
2570 4525 2664 4580 τοῦ
2699 4522 2905 4596 Κυρίου
2946 4520 3106 4593 ἡμῶν
3151 4519 3326 4592 Ἰησοῦ
3352 4517 3614 4590 Χριστοῦ,

2035 4615 2154 4687 μεθ’
2187 4607 2248 4668 οὗ
2294 4612 2373 4683 τῷ
2423 4610 2598 4682 Πατρὶ
2653 4609 2772 4680 ἅμα
2821 4605 2900 4678 τῷ
2949 4607 3089 4677 ἁγίῳ
3143 4603 3420 4674 Πνεύματι
3465 4602 3614 4687 δόξα,

2031 4685 2258 4769 κράτος,
2293 4693 2448 4766 τιμὴ,
2487 4693 2583 4747 νῦν
2611 4693 2706 4746 καὶ
2738 4692 2844 4755 ἀεὶ,
2881 4690 2974 4743 καὶ
2997 4691 3078 4752 εἰς
3104 4689 3229 4752 τοὺς
3274 4690 3475 4750 αἰένας
3507 4685 3616 4740 τῶν

2032 4779 2263 4835 αἰώνων.
2313 4780 2505 4852 Ἀμήν.

1401 4923 3588 4958 ’,ῤ’-...Μ

1557 5085 1710 5161 [⁸287]
1751 5085 1913 5142 ΠΕΡι
1950 5082 2375 5147 METANOIAS,

681 5245 790 5299 Καὶ
833 5247 921 5311 εἱς
971 5241 1084 5314 τὴν
1133 5244 1606 5313 σκυθρωπότητα
1647 5242 1956 5310 ,ϐασιλέως
2017 5239 2258 5312 Ἀχαὰϐ,
2285 5237 2381 5293 καὶ
2419 5239 2507 5301 εὶς
2558 5229 2767 5290 Ἰωνᾶν
2801 5232 2909 5288 τὸν
2939 5231 3277 5304 προφήτην.

905 5518 910 5522 ’
987 5519 1220 5590 Ὀμιλία
1241 5519 1321 5585 ,E'.

412 5614 482 5665 α’.
517 5605 703 5662 Εῐδετε
726 5607 792 5678 τῇ
822 5605 1064 5678 προτέρα
1087 5606 1326 5676 κυριακῇ
1357 5601 1595 5673 πόλεμον
1627 5601 1720 5656 καὶ
1747 5601 1928 5674 νίκην,

343 5694 584 5767 πόλεμον
631 5691 730 5764 μὲν
770 5690 866 5745 τοῦ
915 5690 1187 5754 διαϐόλου,
1215 5690 1375 5759 νίκην
1405 5688 1463 5742 δὲ
1501 5687 1598 5741 τοῦ
1646 5685 1928 5756 Χριστοῦς

346 5777 517 5834 εἴδετε
541 5775 667 5840 πῶς
707 5775 969 5847 μετάνοια
999 5773 1422 5844 ἐνεκωμιάζετο,
1472 5770 1568 5824 καί¹
1609 5771 1639 5824 6
1683 5767 1931 5832 διάϐολος

349 5861 448 5934 τὴν
476 5861 690 5934 πληγὴν
714 5859 815 5916 οὐκ
837 5859 1160 5926 ἐϐάστασεν,
1183 5857 1296 5912 ἀλλ’
1321 5855 1565 5928 ἐφοϐήθη
1591 5853 1688 5910 καὶ
1709 5852 1929 5925 ἔφριξεῖ

1941 5389 2014 5402 —

2037 5512 2104 5567 Τί
2131 5509 2396 5574 δέδοικας,
2415 5501 2462 5562 ὧ
2491 5505 2728 5572 διάϐολε,
2759 5503 3049 5576 μετανοίας
3087 5499 3613 5576 ἐγκωμιαζομένηςς

2035 5595 2296 5664 τίόδύρη,
2330 5591 2384 5645 τί
2420 5591 2700 5662 φρίττειςς
2735 5589 2866 5655 Ναὶ,
2903 5587 3058 5659 φησὶ.
3086 5586 3311 5650 δικαίως
3352 5584 3617 5657 ὀδύρομαι

2036 5681 2132 5734 καὶ
2157 5677 2409 5746 θλίϐομαι
2427 5693 2442 5707 ·
2467 5674 2680 5746 μεγάλα
2701 5689 2804 5744 μου
2828 5671 2998 5742 σκεύη
3024 5671 3272 5742 ἣρπασεν
3296 5669 3330 5739 ἠ
3360 5669 3619 5738 μετάνοια

2039 5762 2199 5834 αῦτη.
2237 5761 2375 5814 Ποῖα
2423 5756 2632 5826 ταῦτα;
2682 5754 2796 5828 Τὴν
2827 5755 3054 5828 πόρνην,
3098 5753 3190 5807 τὸν
3235 5751 3494 5822 τελώνην,
3525 5751 3618 5806 τὸν

2039 5847 2264 5922 λῃστὴν,
2323 5843 2416 5900 τὸν
2475 5842 2820 5924 βλάσφημον.
2870 5839 2982 5894 Καὶ
3026 5837 3136 5904 γὰρ
3181 5837 3398 5909 ἀληθῶς
3445 5834 3623 5891 πολλά
