4066 6430
306 343 411 400 285

307 460 486 530 rapuit
524 454 861 529 poenitentia,
901 456 957 505 et
1003 447 1170 517 ipsam
1205 441 1320 513 ejus
1365 455 1544 495 arcem
1574 441 1799 530 evertit,
1844 451 1907 492 ac

306 529 452 608 letali
499 551 724 605 vulnere
762 553 845 600 est
877 558 905 596 a
950 536 1265 609 pteuitentia
1308 532 1589 589 confossus
1619 549 1633 584 :
1661 529 1802 598 quod
1840 543 1908 583 ex

308 638 376 693 iis
422 634 707 704 intelliges,
751 624 1120 687 dilectissime,
1172 634 1293 690 qua:
1331 631 1502 686 nuper
1543 615 1909 684 experimento

306 734 588 798 comperta
632 729 777 778 sunt.
808 717 917 774 Cur
957 716 1117 785 igitur
1160 708 1424 781 ejusmodi
1466 720 1758 798 congressu
1801 717 1906 756 non

308 795 563 882 fruimur,
591 828 692 869 nec
707 809 928 881 singulis
949 804 1136 860 diebus
1162 801 1228 856 ad
1255 799 1539 854 ecclesiam
1561 795 1904 859 ventitamus,

309 919 370 965 ut
418 904 785 979 paenitentiam
824 892 1281 967 complectamur?
1311 890 1435 945 Sive
1477 888 1619 944 enim
1662 893 1909 955 peccator

310 976 714 1068 sis,ringredere
742 993 795 1048 in
819 989 1123 1052 ecclesiam,
1147 994 1207 1040 ut
1236 989 1449 1053 peccata
1475 989 1560 1035 tua
1579 978 1761 1032 dicas:
1791 976 1908 1031 sive

309 1091 491 1160 justus
530 1088 625 1153 sis,
667 1081 977 1154 ingredere,
1007 1094 1079 1133 ne
1103 1092 1133 1130 a
1171 1073 1376 1145 justitia
1415 1070 1677 1127 excidas:
1723 1076 1909 1139 portus

313 1182 460 1237 enim
491 1186 575 1235 est
599 1174 812 1250 utrique
840 1170 1088 1229 ecclesia.
1244 1166 1250 1171 '

393 1393 576 1447 Prima
611 1388 920 1462 panitentia:
946 1386 1029 1441 via
1067 1383 1316 1455 confessio
1364 1379 1576 1450 peccati.
1608 1374 1914 1444 Exemplum

318 1484 598 1556 peccatoris
620 1490 883 1551 peccatum
905 1493 1007 1531 non
1052 1474 1267 1545 confessi
1287 1482 1333 1527 et
1364 1471 1546 1540 puniti.
1569 1499 1641 1509 —
1660 1468 1915 1523 Peccator

317 1592 380 1631 es
397 1575 424 1629 Υ
448 1574 527 1629 Ne
556 1571 890 1641 deSpondeas
916 1568 1153 1622 animum
1171 1607 1186 1629 ,
1220 1564 1314 1619 sed
1355 1562 1638 1633 ingredere
1655 1602 1669 1624 ,
1694 1574 1758 1614 ac
1794 1573 1913 1628 pce-

321 1668 601 1721 nitentiam
622 1661 874 1718 obtende.
907 1658 1185 1714 Peccasti?
1214 1656 1307 1708 Dic
1330 1655 1440 1708 Deo
1463 1670 1477 1705 :
1512 1650 1759 1707 Peccavi.
1783 1647 1914 1715 Quis

321 1760 411 1812 hic
439 1756 592 1811 labor
616 1754 736 1809 est?
762 1752 881 1822 quis
908 1748 1201 1805 circuitus?
1223 1762 1343 1817 qua:
1370 1742 1646 1814 fatigatio?
1671 1756 1790 1812 qum
1814 1756 1914 1794 an-

317 1852 508 1921 gustiae
544 1847 771 1903 verbum
815 1844 919 1899 hoc
962 1840 1244 1912 proferre:
1294 1836 1554 1893 Peccavi?
1592 1834 1727 1889 Num
1771 1833 1914 1886 enim

319 1954 400 2010 tu,
429 1942 529 1996 nisi
555 1950 608 1995 te
634 1941 809 2010 ipsum
845 1935 1047 1991 dixeris
1088 1936 1458 2003 pectatorem,
1490 1943 1520 1981 a
1561 1926 1773 1981 diabolo
1809 1938 1915 1976 non

317 2030 694 2089 accusaberis?
726 2030 1046 2094 Prmoccupa
1067 2065 1083 2092 ,
1110 2032 1165 2079 et
1202 2023 1350 2090 eripe
1392 2019 1464 2073 illi
1497 2032 1646 2071 suam
1692 2016 1919 2084 dignita-

320 2136 429 2179 tem
450 2141 464 2188 ;
488 2123 605 2192 ejus
626 2121 768 2177 enim
786 2119 1016 2190 dignitas
1035 2126 1118 2170 est
1132 2127 1385 2169 accusare
1399 2112 1439 2163 ι.
1462 2109 1568 2165 Cur
1587 2109 1748 2179 igitur
1767 2108 1918 2162 illum

319 2232 428 2271 non
454 2214 742 2286 praevenis,
775 2220 830 2267 et
866 2218 1143 2281 peccatum
1172 2206 1309 2262 dicis
1328 2247 1343 2270 ,
1376 2213 1431 2259 et
1456 2205 1660 2258 crimen
1690 2215 1916 2272 purgas,

320 2324 444 2364 cum
476 2305 643 2376 probe
686 2305 826 2360 scias
854 2304 1015 2357 talem
1065 2307 1431 2354 accusatorem
1464 2294 1578 2358 tibi,
1605 2294 1696 2361 qui
1744 2304 1919 2346 tacere

319 2405 574 2469 nequeat,
593 2392 912 2450 imminere?
931 2388 1207 2446 Peccasti?
1230 2387 1285 2441 In
1315 2385 1595 2440 ecclesiam
1617 2381 1918 2452 ingredere,

320 2489 409 2544 die
438 2488 546 2542 Deo
570 2505 583 2540 :
616 2485 866 2540 Peccavi.
894 2480 1036 2536 Nihil
1063 2477 1207 2533 aliud
1243 2477 1339 2531 abs
1370 2485 1421 2529 te
1449 2474 1551 2528 nisi
1577 2474 1751 2527 solum
1780 2470 1921 2525 istud

328 2580 506 2650 exigo.
539 2577 630 2631 Ait
661 2574 802 2630 enim
840 2572 1114 2642 Scriptura
1155 2583 1304 2624 sacra
1338 2583 1354 2620 :
1385 2565 1478 2618 Dic
1503 2574 1558 2617 tu
1586 2564 1780 2635 primus
1818 2562 1920 2617 iui-

325 2674 544 2744 quitates
565 2679 698 2735 tuas,
722 2664 1081 2738 utjustificeris
1101 2661 1150 2733 (1
1156 2662 1231 2715 sai
1238 2703 1253 2716 .
1271 2663 1362 2715 43.
1381 2659 1496 2728 26);
1514 2657 1599 2711 dic
1618 2664 1917 2726 peccatum,

334 2775 394 2819 ut
411 2764 593 2818 solvas
611 2768 909 2830 peccatum.
930 2755 1045 2809 Non
1065 2755 1117 2806 in
1133 2752 1235 2806 hoc
1256 2752 1404 2805 labor
1418 2759 1522 2814 est,
1542 2763 1651 2805 non
1666 2745 1923 2801 circuitus

322 2857 632 2917 verborum,
667 2863 841 2919 neque
869 2845 1213 2913 pecuniarum
1237 2853 1518 2910 expensze,
1556 2850 1730 2905 neque
1772 2833 1920 2889 aliud

325 2947 616 3018 quidquam
659 2939 957 3012 ejusmodi;
989 2938 1076 2992 die
1122 2933 1379 2995 verbum,
1444 2931 1599 2984 house
1636 2928 1760 2982 fidei
1806 2936 1924 2983 esto

322 3042 467 3097 circa
486 3047 784 3110 peccatum,
799 3042 855 3089 et
869 3033 977 3097 die,
1002 3028 1245 3086 Peccavi.
1260 3027 1413 3083 Unde
1425 3041 1554 3082 vero
1569 3026 1626 3079 lit
1643 3024 1763 3091 hoc,
1783 3024 1926 3080 dicet

324 3133 519 3204 aliquis
539 3174 553 3198 ,
586 3140 645 3185 ut
669 3130 714 3184 si
742 3128 945 3198 primus
967 3131 1244 3195 peccatum
1272 3121 1491 3186 dixero,
1517 3126 1798 3189 peccatum
1827 3116 1925 3171 de-

327 3223 500 3280 leam?
523 3222 702 3277 llabeo
731 3219 783 3273 in
800 3217 1075 3285 Scriptura
1101 3213 1395 3276 hominem,
1419 3211 1510 3282 qui
1539 3218 1813 3280 peccatum
1844 3208 1928 3263 di-

326 3316 425 3382 xit,
445 3323 499 3368 et
518 3311 718 3367 delevit
742 3329 756 3364 :
780 3319 834 3363 et
855 3309 948 3379 qui
975 3321 1080 3361 non
1102 3305 1257 3370 dixit,
1282 3313 1337 3359 et
1359 3302 1641 3358 damnatus
1663 3308 1761 3356 est.
1792 3298 1925 3354 Cain

324 3405 521 3461 occidit
540 3404 759 3458 fratrem
772 3416 927 3456 suum
945 3398 1103 3464 Abel,
1126 3396 1323 3451 invidia
1338 3403 1637 3465 correptus,
1657 3395 1733 3449 sic
1752 3402 1926 3448 utcas—

325 3498 424 3553 des
453 3496 705 3551 invidiam
738 3502 1054 3564 sequeretur
1078 3509 1091 3546 :
1121 3489 1386 3560 siquidem
1411 3503 1533 3544 eum
1562 3488 1842 3542 seductum
1871 3486 1927 3540 in

325 3602 571 3658 campum
618 3585 904 3641 interfecit.
932 3583 1068 3651 Quid
1100 3589 1277 3636 autem
1302 3583 1378 3634 ait
1406 3581 1483 3635 illi
1526 3580 1701 3634 Deus?
1732 3577 1829 3633 Ubi
1854 3587 1928 3632 est

325 3680 454 3735 Abel
473 3683 631 3750 frater
650 3688 762 3731 tuus
782 3675 934 3748 (Cen.
959 3677 1013 3729 4.
1041 3674 1139 3744 9)?
1161 3673 1261 3740 Qui
1278 3672 1642 3737 novitomnia,
1662 3686 1768 3724 non
1784 3669 1928 3739 quod

327 3773 559 3843 ignoret,
580 3771 893 3839 interrogat,
916 3767 1011 3821 sed
1039 3776 1093 3819 ut
1116 3764 1436 3820 homicidam
1455 3763 1653 3817 alliciat
1670 3762 1735 3816 ad
1759 3762 1932 3831 poeni-

328 3863 572 3918 tentiam.
618 3860 759 3916 Satis
809 3858 953 3913 enim
984 3857 1237 3912 indicavit
1269 3870 1329 3910 se
1354 3857 1768 3924 interrogantem
1820 3868 1927 3907 non

328 3955 612 4022 ignorare:
641 3949 741 4005 Ubi
762 3959 833 4003 est
848 3948 974 4002 Abel
985 3947 1145 4018 frater
1167 3957 1283 4000 tuus
1303 3943 1529 4017 (Ibid.)?
1551 3946 1621 3998 At
1645 3944 1735 3998 ille
1748 3943 1884 3996 dixit
1910 3960 1923 3995 :

330 4044 386 4098 Ν
391 4046 551 4109 escio;
569 4042 816 4107 numquid
835 4051 1001 4095 custos
1033 4040 1208 4112 fratris
1229 4039 1326 4093 mei
1354 4053 1469 4092 sum
1497 4054 1587 4108 ego
1604 4037 1631 4090 2’
1650 4038 1799 4102 Esto,
1822 4052 1929 4091 non

328 4151 391 4189 es
412 4144 613 4199 custos,
636 4147 734 4187 cur
755 4133 915 4187 etiam
935 4130 1287 4200 interemptor
1308 4128 1407 4182 es?
1429 4144 1533 4181 non
1552 4127 1889 4182 custodiebas
1913 4146 1925 4181 :

329 4242 427 4281 cur
465 4227 623 4280 etiam
664 4221 1020 4277 interfecisti?
1046 4220 1248 4274 Tamen
1287 4221 1388 4273 ista
1427 4217 1741 4273 confiteris?
1786 4218 1930 4273 Reus

330 4336 391 4375 es
420 4333 633 4389 quoque
677 4326 835 4386 atque
879 4313 1145 4368 obnoxius
1170 4312 1443 4366 custodite.
1493 4310 1630 4379 Quid
1659 4312 1819 4381 igitur
1861 4312 1928 4365 ad

332 4412 482 4467 illum
518 4410 697 4464 Deus?
734 4406 845 4462 Vox
878 4407 1139 4477 sanguinis
1167 4404 1344 4475 fratris
1388 4404 1460 4457 tui
1490 4403 1613 4457 Abel
1646 4403 1833 4456 clamat
1863 4404 1930 4456 (ut

331 4521 413 4558 me
436 4504 498 4557 de
521 4500 778 4573 terran.
811 4515 858 4553 υ.
890 4497 1001 4562 10).
1023 4497 1212 4567 Arguit
1240 4496 1387 4569 illum
1417 4495 1616 4558 statim,
1642 4502 1693 4547 et
1715 4509 1927 4562 poenam

333 4597 515 4652 intulit
558 4611 664 4649 non
717 4604 822 4647 tam
853 4592 920 4647 ob
960 4589 1163 4645 ctcdem
1194 4604 1351 4659 quam
1397 4588 1465 4642 ob
1502 4587 1925 4657 impudentiam:

334 4706 442 4745 non
474 4690 619 4745 enim
651 4690 722 4741 ita
775 4687 916 4742 Deus
942 4685 1055 4739 odit
1088 4699 1209 4738 eum
1235 4684 1324 4754 qui
1372 4690 1578 4752 peccat,
1607 4692 1662 4736 ut
1689 4698 1806 4735 eum
1839 4680 1929 4751 qui

333 4783 674 4853 impudenter
705 4795 763 4834 se
790 4780 945 4848 gerit.
990 4776 1147 4832 Certe
1186 4777 1317 4830 Cain
1345 4777 1411 4830 ad
1442 4775 1809 4845 ptenitentiam
1843 4791 1932 4830 ac-

333 4876 615 4933 cedentem
654 4887 759 4926 non
792 4870 1046 4934 admittit,
1082 4869 1203 4938 quia
1254 4874 1528 4936 peccatum
1578 4868 1779 4936 primus
1825 4883 1928 4920 non

334 4969 488 5024 dixit.
519 4966 656 5035 Quid
682 4964 825 5021 enim
848 4962 959 5017 ait?
988 4961 1159 5030 Majas
1182 4970 1253 5014 est
1280 4969 1540 5030 peccatum
1566 4976 1752 5023 meum,
1780 4977 1929 5029 quam

336 5071 392 5113 ut
417 5058 703 5113 remittatur
722 5055 847 5108 mihi
875 5052 981 5126 (Ib.
1011 5069 1059 5106 υ.
1095 5050 1185 5118 15)
1212 5067 1226 5107 :
1260 5051 1411 5119 quasi
1431 5049 1637 5105 diceret
1666 5068 1679 5104 :
1708 5051 1928 5104 Multum

337 5150 577 5223 peccavi,
619 5165 725 5204 non
766 5163 886 5202 sum
932 5146 1125 5216 dignus
1167 5152 1228 5198 ut
1267 5144 1463 5197 vivam.
1509 5144 1646 5210 Quid
1680 5159 1809 5215 ergo
1862 5142 1929 5198 ad

339 5244 486 5297 illutn
537 5240 714 5295 Deus?
764 5236 979 5293 Gemens
1022 5251 1083 5289 ac
1133 5244 1351 5289 tremens
1399 5234 1498 5287 eris
1544 5250 1695 5303 super
1744 5244 1930 5287 terram

338 5331 446 5402 (Ib.
494 5350 541 5388 υ.
592 5331 682 5403 12)
711 5347 725 5383 :
756 5338 811 5387 et
859 5344 1075 5400 gravem
1126 5326 1203 5382 illi
1259 5325 1649 5396 molestamque
1714 5338 1929 5396 ptenam

338 5423 613 5494 imposuit.
664 5422 780 5477 Non
811 5420 1073 5476 interlieio
1112 5426 1198 5483 te,
1247 5416 1434 5487 inquit,
1464 5432 1533 5470 ne
1567 5417 1762 5472 veritas
1791 5417 1929 5473 obli-

338 5506 489 5573 vioni
512 5514 770 5577 tradatur,
794 5511 888 5567 sed
913 5509 1112 5574 efficio,
1137 5518 1193 5563 ut
1222 5508 1297 5562 sis
1316 5508 1422 5573 lex,
1442 5523 1562 5577 quae
1584 5508 1654 5563 ab
1681 5508 1930 5562 omnibus

341 5610 566 5677 legatur,
594 5615 651 5659 ut
692 5603 968 5658 calamitas
1013 5598 1361 5672 philosophiae
1400 5607 1571 5653 mater
1597 5597 1705 5652 ﬁat.
1737 5598 1802 5654 Et
1825 5598 1931 5657 cir-

406 5767 425 5798 ι
459 5764 532 5814 Sic
557 5771 658 5813 uss.
695 5767 806 5811 Haec
828 5757 1069 5809 Morellius
1091 5770 1257 5808 manca
1283 5758 1522 5810 ediderat.

614 5899 644 5929 ,
672 5854 939 5912 ΡΑτιιοι..
984 5851 1099 5912 Gn.
1143 5853 1367 5920 XLIX,

1453 324 1542 381 DE
1582 321 2050 381 POENITENTIA'.
2091 320 2319 378 llOllllL.
2361 322 2423 379 ll.

3487 330 3596 388 286

2012 437 2191 492 cuibat
2213 438 2367 504 Cain,
2398 440 2482 494 lex
2511 439 2763 508 animata,
2794 442 3042 498 columna
3067 442 3332 507 motoria,
3361 459 3481 513 quae
3510 455 3595 502 tae

2010 530 2198 594 cebat,
2249 540 2303 584 et
2350 540 2528 587 tamen
2572 550 2758 588 vocem
2807 535 2930 591 tuba
2970 536 3251 591 clariorem
3297 536 3595 603 emittebat.

2011 619 2201 685 Nemo,
2235 622 2428 691 inquit,
2454 624 2579 679 talia
2610 626 2800 692 faciat,
2835 643 2902 681 ne
2932 628 3056 683 talia
3088 628 3339 699 patiatur.
3373 630 3600 700 Propter

2012 712 2394 781 impudentiam
2421 717 2685 785 supplicio
2705 728 2788 773 est
2812 720 3055 786 affectus,
3085 732 3137 776 et
3156 737 3276 776 cum
3306 739 3411 777 non
3436 722 3601 776 dixis.

2012 813 2095 857 set
2119 812 2394 872 peccatum
2418 847 2432 872 ,
2462 806 2556 861 sed
2580 810 2858 865 convictus
2882 820 3060 876 esset,
3088 813 3158 867 ob
3185 814 3314 867 illud
3343 814 3599 867 commis-

2012 910 2129 949 sum
2177 896 2459 952 damnatus
2506 908 2609 954 est.
2657 900 2713 955 Si
2768 903 2911 957 enim
2956 918 3049 957 sua
3091 915 3280 973 sponte
3318 903 3600 961 confessus

2011 995 2176 1053 esset,
2209 998 2482 1057 peccatum
2508 1005 2539 1044 a
2566 1005 2625 1046 se
2656 992 2826 1060 primo
2849 992 3118 1049 detectum
3150 997 3455 1055 delevisset.

2082 1081 2137 1131 2.
2169 1076 2307 1131 Laus
2331 1077 2542 1132 Davidis
2570 1088 2613 1134 et
2631 1083 2960 1149 psalmorum.
2988 1084 3259 1153 Confet'tar
3284 1090 3455 1143 anima
3488 1109 3603 1145 cum

2012 1184 2197 1233 curru;
2241 1168 2611 1224 demonstratur
2651 1173 2821 1241 quod,
2865 1175 3001 1230 circa
3042 1177 3275 1232 virtutem
3315 1191 3364 1234 et
3406 1183 3598 1247 vitium,

2011 1262 2180 1315 minus
2214 1264 2378 1316 aetatis
2407 1280 2557 1333 quant
2587 1266 2857 1321 voluntatis
2891 1271 3023 1324 ratio
3058 1271 3289 1326 habenda
3326 1284 3417 1327 est.
3439 1301 3512 1316 -~
3537 1275 3602 1331 Ut

2012 1361 2190 1407 autem
2229 1352 2343 1407 ha'c
2385 1354 2458 1408 ita
2498 1369 2555 1409 se
2595 1355 2791 1411 habere
2831 1358 3126 1429 intelligas,
3169 1378 3470 1432 cognosce,
3497 1383 3604 1434 quo

2013 1450 2169 1511 pacto
2196 1443 2332 1498 alius
2368 1444 2629 1515 quispiam
2655 1461 2775 1501 cum
2815 1449 3036 1504 dixisset
3063 1453 3266 1521 primus
3289 1496 3303 1520 ,
3332 1465 3603 1523 peccatum

2012 1533 2289 1589 deleverit.
2336 1536 2625 1593 Veniamus
2651 1540 2717 1594 ad
2763 1540 3018 1597 Davidem
3041 1583 3055 1606 ,
3085 1544 3403 1615 prophetam
3434 1557 3488 1602 et
3516 1565 3605 1602 re-

2012 1638 2166 1693 gem;
2188 1625 2281 1680 sed
2304 1626 2569 1683 lubentius
2590 1643 2710 1683 eum
2733 1645 2797 1685 ex
2822 1634 3037 1687 nomine
3056 1635 3348 1705 prophetia:
3363 1640 3605 1708 appello:

2014 1714 2274 1784 siquidem
2306 1733 2524 1789 regnum
2554 1720 2670 1790 ejus
2701 1723 2752 1776 in
2780 1723 3146 1794 Paltestinam,
3178 1729 3456 1798 prophetia
3483 1748 3609 1786 vero

2016 1807 2067 1860 in
2118 1807 2252 1863 fines
2297 1809 2443 1866 orbis
2486 1821 2747 1869 terrarum
2801 1817 3233 1876 extendebatur:
3280 1831 3335 1875 et
3384 1838 3608 1893 regnum

2014 1897 2229 1965 quidem
2270 1901 2481 1957 modico
2530 1912 2769 1974 tempore
2801 1907 3141 1964 terminatum
3186 1920 3304 1979 est,
3333 1913 3610 1984 prophetia

2016 2004 2144 2043 vero
2171 1991 2487 2048 immortalia
2518 1996 2679 2050 verba
2711 2000 3037 2065 pronuntiat.
3063 2000 3242 2056 Satius
3270 2012 3413 2058 esset
3441 2005 3610 2061 solem

2015 2082 2278 2152 exstingui
2303 2125 2318 2150 ,
2350 2099 2507 2154 quam
2538 2087 2696 2142 verba
2725 2089 2939 2145 Davidis
2966 2092 3221 2148 oblivioni
3252 2095 3407 2149 tradi.
3435 2096 3533 2151 Hzc
3558 2098 3611 2152 in

2016 2173 2333 2230 adulterium
2361 2186 2416 2232 et
2444 2177 2788 2235 homicidium
2818 2182 2996 2252 lapsus
3023 2194 3142 2239 est:
3173 2185 3306 2241 vidit
3328 2188 3493 2255 enim,
3527 2190 3611 2243 in-

2018 2267 2134 2337 quit
2160 2269 2464 2340 Scriptura,
2499 2274 2779 2329 mulierem
2809 2277 3083 2345 pulchram
3123 2293 3182 2334 se
3214 2280 3477 2335 laVantem
3497 2321 3513 2345 ,
3558 2291 3613 2335 et

2017 2359 2286 2415 adamavit
2310 2376 2428 2416 eam
2458 2381 2471 2417 :
2497 2364 2690 2420 deinde
2716 2367 2857 2436 quod
2885 2360 3025 2437 apud
3054 2384 3115 2424 se
3143 2379 3420 2437 statuerat,
3454 2387 3611 2441 pcre-

2018 2453 2095 2523 git
2122 2453 2206 2524 (‘2.
2236 2455 2367 2526 Reg.
2395 2458 2480 2512 il.
2508 2458 2599 2527 2).
2626 2458 2693 2513 Et
2717 2470 2833 2515 erat
2863 2462 2914 2515 in
2942 2463 3203 2518 adulterio
3235 2468 3525 2534 propheta.
3561 2467 3613 2519 in

2020 2546 2199 2600 medio
2224 2546 2336 2603 luto
2366 2551 2669 2620 margarita.
2700 2551 3078 2609 Verumtamen
3105 2570 3165 2610 se
3192 2571 3447 2625 peccasse
3476 2574 3608 2612 non-

2020 2640 2146 2696 dum
2176 2653 2434 2699 noverat:
2464 2645 2601 2699 adeo
2628 2647 3027 2716 perturbatione
3052 2650 3212 2704 animi
3244 2652 3449 2720 sopitus
3478 2656 3614 2706 erat.

2020 2733 2154 2789 Cum
2180 2737 2323 2789 enim
2354 2736 2532 2792 ebrius
2558 2749 2639 2792 est
2665 2741 2847 2810 auriga
2873 2782 2889 2807 ,
2922 2741 3275 2812 incomposite
3302 2742 3469 2798 fertur
3491 2759 3613 2799 cur-

2021 2840 2152 2880 rus:
2188 2841 2350 2895 porro
2374 2828 2514 2897 quod
2545 2830 2726 2901 auriga
2752 2841 2807 2885 et
2834 2846 3045 2898 currus,
3081 2833 3181 2887 hoc
3207 2834 3385 2888 anima
3411 2843 3537 2888 sunt
3564 2846 3619 2888 et

2022 2928 2238 2984 corpus.
2262 2918 2316 2970 Si
2342 2917 2480 2971 forte
2497 2917 2849 2974 obtenebrata
2869 2921 2940 2975 sit
2964 2922 3138 2976 anima
3160 2965 3175 2987 ,
3205 2931 3315 2977 tum
3342 2933 3395 2978 et
3425 2938 3623 2994 corpus

2024 3004 2078 3059 in
2103 3007 2216 3061 luto
2237 3010 2520 3063 volutatur.
2544 3010 2805 3078 Quamdiu
2829 3028 3055 3082 namque
3077 3022 3183 3068 stat
3207 3019 3409 3085 auriga,
3433 3031 3623 3071 currus

2023 3113 2237 3170 quoque
2265 3108 2413 3155 recte
2441 3101 2719 3171 dirigitur;
2765 3117 2886 3157 cum
2916 3119 3045 3160 vero
3087 3105 3396 3162 destituitur
3420 3109 3623 3164 viribus

2024 3190 2136 3256 ille,
2183 3206 2356 3261 neque
2400 3200 2576 3262 potest
2614 3193 2849 3249 habenas
2894 3205 3096 3261 tenere,
3129 3206 3239 3251 lum
3285 3213 3412 3252 vero
3461 3198 3623 3253 etiam

2024 3297 2212 3338 currus
2241 3285 2384 3339 malo
2412 3299 2533 3339 esse
2574 3287 2624 3340 in
2665 3294 2803 3340 statu
2834 3288 3093 3342 cernitur.
3136 3287 3210 3341 lta
3241 3303 3454 3359 quoque
3483 3288 3541 3342 fit
3567 3290 3622 3344 in

2028 3369 2282 3426 homine:
2312 3371 2564 3439 quamdiu
2593 3372 2773 3427 sobria
2803 3381 2887 3428 est
2910 3382 2965 3428 et
2992 3374 3173 3442 vigilat
3199 3375 3397 3438 anima,
3427 3388 3624 3443 corpus

2029 3461 2200 3531 ipsum
2226 3463 2387 3518 etiam
2412 3478 2607 3534 purum
2637 3475 2954 3535 permanet;
2986 3466 3073 3521 ubi
3109 3480 3237 3520 vero
3277 3466 3625 3522 obtenebrata

2030 3561 2192 3617 fuerit
2217 3563 2417 3628 anima,
2450 3578 2647 3633 corpus
2675 3563 2833 3618 etiam
2863 3563 3034 3633 ipsum
3065 3563 3118 3616 in
3149 3563 3263 3617 luto
3291 3579 3354 3618 ac
3379 3563 3625 3632 volupta-

2031 3653 2169 3707 tibus
2194 3654 2480 3707 volutatur.
2516 3652 2654 3721 Quid
2684 3653 2843 3725 igitur
2874 3653 3080 3708 David?
3108 3651 3387 3708 Commisit
3415 3654 3628 3708 adulte-

2029 3745 2204 3807 rium;
2233 3744 2325 3798 sed
2358 3746 2651 3808 nesciebat,
2676 3760 2850 3816 neque
2869 3745 2939 3800 ab
2966 3746 3075 3800 ullo
3098 3746 3440 3816 arguebatur,
3467 3746 3628 3816 idque

2029 3850 2149 3888 cum
2176 3851 2339 3890 senex
2370 3834 2655 3890 admodum
2683 3846 2824 3891 esset
2849 3853 2863 3889 :
2893 3845 2952 3890 ut
2982 3837 3249 3906 intelligas
3268 3878 3282 3900 ,
3310 3837 3355 3892 si
3386 3835 3524 3891 forte
3552 3837 3629 3892 sis

2031 3929 2342 3999 negligens,
2407 3942 2582 3997 neque
2641 3929 2733 3983 tibi
2784 3929 3033 3984 canitiem
3097 3931 3390 3999 prodesse,
3453 3945 3629 4000 neque

2029 4036 2238 4086 rursus,
2269 4021 2317 4076 si
2345 4020 2616 4076 studiosus
2641 4023 2716 4075 sis
2741 4035 2804 4076 ac
2829 4022 3076 4091 diligens,
3103 4022 3441 4091 juventutem
3471 4037 3630 4092 posse

2033 4123 2085 4167 te
2110 4112 2324 4168 laedere.
2356 4112 2537 4184 Neque
2561 4114 2704 4168 enim
2730 4114 2799 4169 ab
2825 4122 2980 4168 aetate
3010 4128 3188 4169 mores
3205 4154 3219 4178 ,
3250 4114 3345 4169 sed
3371 4114 3439 4169 ab
3464 4114 3626 4167 animi

2032 4205 2298 4260 sententia
2353 4214 2501 4260 recte
2550 4204 2687 4259 facta
2741 4214 3104 4274 promanant:
3156 4221 3278 4259 nam
3332 4213 3388 4260 et
3441 4205 3628 4259 Daniel

2032 4296 2312 4354 duodecim
2342 4313 2601 4351 annorum
2628 4298 2644 4329 ί
2671 4307 2805 4359 erat,
2839 4307 2893 4351 et
2917 4295 3220 4364 judicabat;
3253 4297 3493 4350 seniores
3527 4311 3625 4349 au-

2034 4397 2169 4455 tem,
2201 4389 2480 4445 inveterati
2502 4390 2552 4443 in
2579 4388 2791 4453 diebus,
2821 4388 3072 4443 adulterii
3101 4389 3330 4443 fabulam
3349 4390 3623 4444 confinxe-

2034 4492 2187 4547 runt,
2215 4492 2269 4535 et
2317 4495 2414 4534 nec
2441 4480 2542 4534 illis
2571 4480 2793 4534 canities
2838 4478 3068 4550 profuit,
3113 4494 3213 4534 nec
3252 4480 3500 4549 juventus
3541 4480 3627 4535 isti

2033 4576 2219 4630 nocuit
2261 4574 2421 4646 (Dan.
2464 4574 2564 4639 15,
2598 4576 2667 4629 45
2694 4575 2878 4644 seqq.).
2927 4574 2996 4627 Et
3026 4583 3080 4628 ut
3124 4574 3383 4643 intelligas
3415 4573 3518 4628 non
3564 4590 3627 4629 ex

2032 4676 2210 4733 mtalc,
2235 4666 2327 4720 sed
2353 4680 2415 4719 ex
2445 4665 2607 4719 animi
2634 4666 2911 4735 proposito
2929 4664 2994 4718 de
3015 4663 3313 4718 actionibus
3328 4675 3629 4735 temperan-

2030 4761 2122 4813 lize
2153 4758 2412 4827 judicium
2455 4758 2607 4821 ferri,
2628 4754 2791 4813 David
2815 4757 3009 4813 cumin
3039 4761 3155 4828 ipsa
3181 4773 3311 4811 cana
3355 4768 3629 4811 senectute

2035 4861 2357 4914 versaretur,
2388 4859 2511 4904 tunc
2528 4849 2581 4903 in
2602 4848 2917 4903 adulterium
2949 4848 3130 4916 lapsus
3150 4850 3459 4912 est,czedem
3480 4864 3629 4903 com-

2038 4945 2180 5000 misit
2200 4988 2213 5007 ,
2239 4954 2293 4999 et
2316 4946 2393 4999 sic
2420 4944 2644 4998 allectus
2675 4951 2822 5008 erat;
2852 4952 2909 4996 ut
2934 4955 2991 4994 se
3019 4956 3270 5012 peccasse
3309 4942 3422 5010 ipse
3449 4945 3629 4997 nesci-

2036 5046 2150 5091 ret:
2182 5035 2445 5106 siquidem
2490 5035 2668 5103 auriga
2715 5048 2869 5088 mens
2911 5033 3027 5100 ejus
3070 5042 3186 5087 erat
3233 5033 3630 5092 incontinentite

2037 5128 2297 5183 ebrietate
2349 5134 2614 5194 correpta.
2689 5125 2871 5191 Itaque
2923 5123 3085 5177 tuittit
3126 5124 3193 5178 ad
3249 5139 3370 5180 eum
3422 5125 3630 5184 Nathan

2036 5218 2349 5288 prophetam
2382 5216 2525 5271 D’eus
2555 5233 2566 5268 :
2602 5217 2859 5285 propheta
2884 5216 3029 5268 venit
3061 5214 3124 5268 ad
3160 5214 3497 5288 prophetam.
3541 5219 3630 5273 Sic

2037 5311 2178 5366 enim
2200 5318 2320 5364 eum
2347 5307 2567 5361 medicis
2591 5307 2765 5376 agitur
2792 5322 2809 5360 :
2836 5305 2879 5360 si
2901 5305 3113 5376 quando
3128 5305 3285 5363 fuerit
3300 5323 3441 5379 zrger
3466 5308 3632 5362 medi-

2038 5419 2131 5460 cus
2151 5446 2165 5470 ,
2200 5412 2308 5458 tum
2341 5403 2507 5457 altero
2533 5401 2735 5477 indiget
2764 5402 2853 5457 ille
2876 5402 3105 5456 medico.
3133 5386 3279 5456 idem
3306 5400 3392 5454 hic
3418 5413 3629 5470 quoque

2038 5497 2234 5553 accidit
2259 5513 2273 5551 :
2302 5497 2645 5551 commiserat
2668 5498 2941 5566 peccatum
2972 5492 3231 5565 propheta
3251 5534 3266 5558 ,
3293 5501 3345 5546 et
3365 5491 3625 5563 propheta

2040 5598 2181 5658 erat,
2215 5590 2305 5661 qui
2344 5570 2640 5645 remedium
2683 5584 3151 5643 aﬂ‘erebat.‘\'enit
3180 5583 3338 5657 igitur
3379 5582 3447 5638 ad
3476 5581 3627 5638 illum

2114 5759 2130 5787 ι
2157 5756 2205 5800 to
2225 5743 2416 5807 Savlho,
2447 5744 2614 5798 decem
2638 5712 2888 5795 cauerunt.

3188 5839 3265 5900 18
