4066 6436
492 331 600 385 287

495 444 740 511 Natban,
770 455 943 513 neque
988 442 1164 497 statim
1208 439 1275 493 ab
1320 440 1436 510 ipso
1476 438 1659 493 limine
1693 438 1839 491 illum
1878 437 2083 508 arguit,

499 536 743 593 autdicit
766 549 783 590 :
806 532 1051 592 Sceleste
1075 546 1139 587 ae
1166 528 1499 595 detestande,
1528 527 1738 584 adulter
1766 535 1822 583 et
1862 526 2089 583 homici—

501 631 568 685 da
599 647 614 685 :
644 638 724 684 tot
752 626 1045 682 honoribus
1073 641 1102 679 a
1135 625 1245 679 Deo
1284 624 1583 678 cumulatus
1610 637 1670 677 es
1690 663 1706 688 ,
1736 629 1792 677 et
1821 629 1877 675 tu
1919 621 2087 690 ipsius

497 719 745 776 mandata
790 716 1038 773 violasti?
1076 715 1215 771 Nihil
1272 714 1377 770 tale
1405 714 1538 769 dixit
1577 713 1822 780 Natban,
1872 729 1939 767 ne
1983 713 2085 767 im—

1214 324 1270 380 S.
1310 321 1589 380 JOANNIS
1626 322 2104 382 CIIRYSOSTOMI
2143 322 2457 378 ARClllEP.
2499 321 3030 380 CONSTANTINOP.

3682 323 3801 380 538

2198 435 2412 491 Achaab
2442 444 2618 492 autem
2648 437 2893 508 cupiebat
2918 434 3129 509 quidem
3176 437 3409 506 vineam,
3453 439 3551 495 sed
3584 440 3663 494 illi
3683 442 3801 494 vim

2196 527 2372 583 facere
2411 529 2645 594 nolebat,
2671 527 2749 585 sic
2784 538 2842 584 ut
2880 529 2933 584 in
2961 530 3204 585 morbum
3254 529 3459 585 idcirco
3499 530 3795 586 incideret.

2196 622 2439 693 lngressa
2470 632 2651 679 autem
2693 622 2760 678 ad
2806 622 2955 677 illum
2988 621 3238 688 Iezabel,
3270 622 3582 678 muliercula
3609 623 3796 692 impu-

2194 715 2347 780 dens,
2379 715 2681 786 desperata,
2715 715 3004 781 immunda,
3036 714 3367 780 detestanda,
3398 715 3571 787 inquit
3597 734 3611 770 :
3643 715 3796 784 Quid

495 813 868 886 pudentiorem
906 810 1055 865 illum
1097 807 1382 873 redderet;
1410 822 1532 862 cum
1576 807 1718 861 enim
1756 814 1970 875 peccata
2009 805 2061 858 di
2090 805 2160 876 Ο
2191 809 2560 875 contristaris,
2611 816 2668 864 et
2696 823 2801 863 non
2840 807 3118 862 comedis?
3165 822 3324 877 surge
3370 816 3427 862 et
3474 807 3741 862 manduca
3771 825 3791 860 :

497 904 799 973 vulgantur,
852 911 963 956 tum
1008 899 1075 954 ad
1129 899 1387 969 majorem
1436 896 1820 968 impudentiam
1869 895 1935 960 is,
1995 896 2085 963 qui

496 1003 813 1064 peccaverat
831 1033 846 1057 ,
866 999 1206 1062 provocatur.
1234 989 1391 1044 Venit
1416 988 1574 1058 igitur
1598 986 1663 1041 ad
1691 987 1861 1051 illum,
1884 996 1938 1040 et
1961 999 2083 1039 con-

496 1085 671 1142 ﬁctam
704 1084 810 1139 litis
837 1083 1065 1138 fabulam
1093 1081 1258 1148 texit,
1294 1081 1513 1148 aitque:
1546 1077 1718 1132 Litem
1748 1076 1922 1132 habeo
1947 1076 2086 1146 apud

497 1188 549 1232 te
569 1219 584 1244 ,
606 1191 749 1231 orex
772 1177 786 1230 ε
810 1176 966 1229 Dives
995 1182 1110 1228 erat
1126 1171 1363 1242 quidam,
1393 1179 1444 1225 et
1466 1183 1667 1240 pauper
1690 1167 1903 1238 quidam
1935 1177 2085 1223 erat:

495 1266 728 1322 habebat
749 1276 926 1320 autem
954 1264 1106 1319 dives
1131 1270 1373 1317 armenta
1398 1270 1453 1315 et
1487 1274 1676 1331 greges
1707 1260 1920 1326 multos,
1953 1274 2088 1328 pau-

495 1373 592 1427 per
620 1371 749 1412 vero
795 1370 956 1410 unam
1000 1353 1228 1408 habebat
1270 1365 1423 1406 ovem
1444 1393 1459 1417 ,
1491 1365 1610 1421 quze
1638 1350 1706 1405 de
1728 1350 1895 1405 calice
1923 1350 2089 1419 ipsius

496 1451 743 1515 bibebat,
765 1457 821 1503 et
840 1448 911 1502 de
935 1460 1116 1501 mensa
1137 1445 1255 1514 ejus
1274 1444 1485 1509 edebat,
1519 1451 1569 1498 et
1588 1443 1641 1497 in
1672 1443 1789 1497 sinu
1817 1442 1934 1513 ejus
1959 1442 2088 1496 dor-

501 1539 721 1595 miebat.
743 1539 861 1593 Hoc
888 1538 1009 1593 loco
1031 1537 1129 1591 viri
1149 1551 1273 1607 erga
1295 1549 1514 1590 uxorem
1542 1550 1779 1590 amorem
1801 1535 2085 1606 signiﬁcat.

495 1632 632 1687 Cum
659 1640 838 1686 autem
871 1629 1182 1701 peregrinus
1203 1628 1464 1699 quispiam
1508 1628 1775 1694 venisset,
1823 1629 1935 1683 suis
1963 1642 2086 1696 par-

502 1738 632 1779 cens
660 1722 810 1778 dives
838 1730 1111 1790 acceptam
1139 1721 1386 1790 pauperis
1411 1733 1565 1774 ovem
1591 1719 1851 1789 jugulavit
1880 1717 1937 1791 (Ξ
1956 1718 2086 1790 Reg.

499 1813 587 1870 12.
624 1813 766 1881 1-5).
793 1811 954 1867 Vides
979 1819 1037 1866 ut
1057 1810 1159 1866 hoe
1188 1810 1306 1865 loco
1327 1809 1559 1865 fabulam
1590 1818 1769 1876 texat,
1793 1819 1849 1865 et
1866 1811 2089 1880 spongia

497 1904 767 1959 obtectum
797 1904 994 1959 ferrum
1031 1900 1248 1972 gestet?
1272 1901 1410 1968 Quid
1432 1916 1561 1970 ergo
1590 1902 1723 1957 rex?
1764 1901 2091 1956 Existimans

495 2009 556 2049 se
583 1993 839 2048 adversus
864 1992 1090 2047 alterum
1111 1991 1428 2047 sententiam
1451 1992 1781 2062 ferre,quatn
1809 1991 2089 2047 celerrime

497 2084 815 2140 sententiam
842 2082 1101 2152 adjunxit.
1134 2080 1222 2137 Sic
1244 2083 1387 2137 enim
1409 2081 1583 2137 facere
1607 2082 1781 2137 solent
1801 2081 2046 2137 homines
2070 2099 2085 2136 :

495 2174 754 2229 adversus
778 2172 913 2229 alios
939 2173 1168 2228 libenter
1200 2182 1255 2229 et
1278 2188 1469 2229 severe
1503 2173 1795 2229 sententias
1822 2172 2002 2228 ferunt
2034 2182 2089 2229 et

499 2264 863 2334 pronuntiant.
895 2263 966 2319 Et
1004 2262 1132 2334 quid
1161 2264 1236 2318 ait
1278 2262 1480 2319 David?
1514 2261 1646 2317 Vivit
1672 2261 1959 2331 Dominus,
2003 2266 2086 2319 di-

496 2373 629 2428 gnus
657 2366 817 2411 morte
842 2365 925 2411 est
954 2357 1069 2410 talis
1086 2398 1100 2422 ,
1123 2364 1272 2425 atque
1296 2371 1437 2410 ovem
1454 2356 1507 2409 in
1547 2356 1888 2427 quadruplum
1912 2357 2086 2411 reddet

500 2446 611 2519 (Ib.
638 2461 687 2501 υ.
728 2447 783 2502 5.
816 2440 903 2517 ὃ).
945 2446 1084 2514 Quid
1140 2446 1300 2516 igitur
1342 2445 1590 2501 Natban?
1641 2446 1757 2501 Non
1809 2447 2088 2517 interjecto

497 2537 786 2593 multarum
815 2536 1067 2591 horarum
1096 2535 1271 2606 spatio
1298 2536 1506 2606 plagam
1535 2536 1792 2603 emolliit,
1840 2536 1935 2591 sed
1975 2547 2089 2592 sta-

497 2631 590 2686 tim
621 2629 891 2693 exseruit,
927 2637 985 2684 et
1024 2629 1358 2698 repentinam
1385 2626 1678 2683 sectionem
1705 2628 1973 2692 admovit,
2018 2644 2089 2683 ne

498 2721 700 2777 doloris
741 2721 991 2776 sensum‘
1039 2719 1318 2775 eximeret.
1369 2717 1451 2773 Tu
1477 2735 1551 2783 es,
1582 2734 1615 2773 0
1654 2733 1748 2774 rex
1781 2718 1883 2792 (Ib.
1914 2735 1962 2773 v.
2009 2722 2085 2791 7).

453 2818 456 2823 ‘
501 2807 638 2879 Quid
686 2825 816 2884 ergo
841 2826 935 2866 rex
961 2809 1078 2866 ait?
1128 2808 1343 2864 Peccavi
1381 2808 1602 2864 Domino
1628 2807 1732 2880 (Ib.
1762 2826 1812 2864 υ.
1846 2809 1934 2882 15)
1961 2852 1975 2876 ,
2008 2811 2089 2865 in-

493 2902 630 2972 quit.
656 2901 772 2958 Non
801 2901 937 2956 dixit
968 2919 981 2954 :
1010 2901 1142 2968 Quis
1181 2902 1323 2956 enim
1346 2915 1407 2955 es
1430 2910 1483 2954 tu
1503 2942 1520 2968 ,
1551 2902 1639 2971 qui
1667 2916 1755 2956 me
1797 2901 2086 2972 reprehen-

494 2994 619 3049 dis?
644 2995 763 3065 quis
791 3003 842 3050 te
861 2995 1034 3061 misit,
1062 3001 1120 3049 ut
1149 3004 1255 3048 tam
1280 2993 1445 3048 libere
1467 2993 1799 3063 loquereris?
1827 3008 1931 3063 qna
1956 3010 2087 3050 vero

492 3085 712 3141 audacia
761 3085 1019 3155 impulsus
1052 3084 1154 3138 hoc
1182 3082 1390 3139 fecisti?
1434 3082 1578 3139 Nibil
1630 3084 1736 3139 tale
1784 3085 1950 3151 dixit,
1990 3085 2086 3140 sed

494 3184 769 3247 peceatum
806 3177 1057 3247 agnovit,
1087 3185 1143 3231 et
1170 3174 1294 3245 quid
1320 3176 1394 3230 ait
1427 3192 1441 3230 :
1484 3173 1703 3229 Peccavi
1727 3173 1948 3241 Domino
1975 3175 2083 3242 (Ib.

494 3285 543 3323 ν.
589 3269 701 3337 15).
732 3268 870 3335 Quid
914 3268 1078 3338 igitur
1104 3266 1173 3322 ad
1201 3282 1324 3324 eum
1353 3266 1600 3321 Natban?
1629 3265 1801 3321 Etiam
1839 3265 2087 3321 Dominus

494 3359 684 3413 dimisit
721 3368 979 3430 peccatum
1022 3368 1184 3411 tuum.
1236 3358 1490 3428 Teipsum
1528 3357 1894 3413 eondemnasti
1919 3398 1935 3424 ,
1993 3359 2085 3413 tibi

489 3466 591 3521 ego
612 3465 827 3521 pinnam
853 3449 1099 3504 condono
1129 3466 1142 3503 :
1173 3449 1307 3503 bona
1338 3447 1443 3502 ﬁde
1484 3457 1761 3516 peccatum
1812 3449 2088 3502 confessus

493 3556 584 3605 es,
615 3549 888 3610 peceatum
927 3538 1198 3595 delevisti.
1246 3538 1365 3592 Tibi
1408 3538 1506 3607 ipsi
1552 3538 1803 3591 mulctam
1858 3540 2090 3594 accersi-

494 3630 617 3684 visti
638 3670 655 3694 ,
684 3644 785 3699 ego
824 3631 1141 3684 sententiam
1174 3643 1345 3683 meam
1377 3628 1589 3683 reseidi.
1626 3628 1788 3683 Vides
1816 3639 1872 3683 nt
1899 3630 2086 3699 imple-

497 3729 610 3772 tum
649 3718 808 3773 fuerit
851 3718 989 3788 quod
1021 3718 1275 3789 scriptum
1305 3729 1427 3774 est:
1468 3718 1564 3772 Dic
1594 3729 1647 3772 tu
1683 3719 1875 3787 primus
1904 3720 2089 3789 iniqui-

494 3817 622 3864 tates
656 3819 805 3876 tuas,
861 3818 917 3862 ut
949 3809 1243 3879 iustiﬁceris
1289 3806 1421 3880 (Isai
1463 3810 1552 3864 45.
1592 3808 1721 3881 26)?
1766 3809 1896 3877 Quis
1936 3810 2087 3865 labor

498 3900 727 3972 primum
767 3911 983 3971 peccata
1027 3900 1248 3956 dicem?
1688 3938 1691 3941 ι
1770 3962 1771 3965 η

566 3992 620 4047 5.
651 3992 822 4046 Altera
850 3990 1153 4061 panitentia:
1172 3990 1253 4044 via
1272 3990 1620 4061 lacrymwdn
1648 3991 1935 4062 exentplam
1963 4008 2085 4059 pra-

492 4084 652 4153 fertur
675 4084 903 4139 Achaab.
920 4112 992 4124 -—
1020 4083 1196 4138 Habes
1223 4093 1399 4138 autem
1430 4092 1484 4137 et
1507 4082 1728 4138 alteram
1758 4085 2086 4153 poenitentiae

493 4176 632 4230 viam
663 4193 678 4230 :
706 4190 863 4246 quam
919 4173 1134 4229 tandem
1165 4174 1345 4227 illam?
1399 4174 1679 4229 Peccatum
1708 4174 1856 4231 ﬁere.
1886 4174 2085 4230 Pecca-

493 4267 597 4322 sti?
619 4267 766 4333 ﬂeto,
791 4275 846 4322 et
865 4276 1139 4337 peccatum
1159 4266 1341 4320 solvis.
1361 4265 1615 4332 Quisnam
1636 4265 1724 4321 hic
1743 4265 1929 4321 labor?
1953 4268 2084 4322 nihil

492 4374 524 4413 a
555 4367 607 4414 te
629 4359 856 4427 amplius
895 4359 1141 4427 requiro,
1169 4372 1327 4427 quam
1376 4364 1435 4410 ut
1459 4356 1586 4411 ﬂeas
1624 4367 1903 4428 peccatum
1931 4375 1944 4409 :
1976 4372 2081 4411 non

491 4450 615 4505 dico
641 4449 772 4515 tibi,
804 4458 862 4503 ut
898 4449 1173 4503 emetiaris
1213 4448 1376 4502 maria
1400 4488 1415 4512 ,
1468 4458 1527 4500 ut
1555 4448 1605 4500 in
1651 4457 1840 4517 portus
1871 4457 1921 4504 te
1949 4450 2084 4503 reci-

495 4539 642 4608 pias,
676 4553 849 4607 neque
875 4546 935 4591 ut
974 4538 1074 4592 iter
1099 4537 1372 4603 conﬁcias,
1402 4553 1576 4608 neque
1617 4547 1674 4592 ut
1716 4539 2079 4609 longissimam

495 4627 977 4696 peregrinationem
1006 4625 1291 4697 suscipias,
1320 4642 1494 4698 neque
1524 4637 1581 4681 ut
1608 4630 1862 4697 pecunias
1892 4645 2082 4686 nume—

494 4732 602 4786 res,
625 4725 716 4773 aut
735 4716 894 4773 saevis
921 4715 1171 4773 ﬂuetibus
1202 4727 1255 4773 te
1278 4719 1613 4784 committas;
1641 4720 1736 4775 sed
1760 4721 1926 4790 quid?
1950 4722 2082 4776 Pro-

493 4816 613 4876 pter
639 4806 930 4863 admissum
952 4817 1227 4879 peccatum
1256 4809 1425 4878 plora.
1469 4808 1623 4865 Unde
1673 4824 1801 4863 vero
1854 4810 1957 4865 hoc
2000 4813 2079 4877 ﬁt,

495 4897 685 4968 inquit,
705 4907 764 4952 ut
788 4899 834 4952 si
858 4899 1085 4968 plorem,
1117 4908 1393 4969 peccatum
1421 4899 1663 4953 solvam?
1689 4898 1854 4968 Ilujus
1888 4902 1963 4955 rei
1990 4902 2084 4955 de—
2126 4886 2164 4906 “”’

493 4990 934 5044 ωοιιειτειιὶοηθηι
978 4989 1143 5046 habes
1169 4992 1328 5045 etiam
1378 5005 1445 5044 ex
1500 4989 1794 5058 Scriptura.
1826 4991 1947 5046 Fuit
1988 5010 2080 5048 rex

494 5076 713 5148 quidam
743 5078 798 5149 (ὅ
825 5079 953 5150 Iteg.
985 5079 1078 5151 2t)
1129 5080 1383 5135 Aebaab:
1432 5079 1519 5134 hic
1550 5094 1680 5134 vero
1717 5081 1892 5150 justus
1918 5081 2083 5138 fuisse

498 5170 826 5240 perhibetur.
869 5173 1134 5227 Caeterum
1165 5180 1381 5241 propter
1408 5169 1620 5226 Iezabel
1670 5188 1891 5227 uxorem
1928 5189 2079 5229 suam

495 5261 688 5332 injuste
731 5264 1003 5334 regnabat.
1035 5261 1133 5317 Hic
1176 5260 1421 5317 Nabutbe
1460 5261 1735 5332 cujusdam
1785 5262 2080 5319 Jesraelita:

496 5352 707 5409 vineam
732 5353 1055 5423 concupivit,
1085 5362 1140 5407 et
1163 5353 1308 5407 misit
1334 5353 1401 5407 ad
1430 5368 1554 5409 eum
1580 5353 1766 5411 dicens
1796 5374 1808 5407 :
1839 5355 1913 5410 Da
1943 5355 2076 5409 mihi

492 5442 897 5505 vineam‘luam,
917 5457 1074 5510 quam
1104 5443 1401 5511 concupivi,
1433 5453 1486 5497 et
1516 5444 1601 5499 vel
1630 5445 1908 5514 pecuniam
1934 5460 1964 5498 a
1994 5461 2079 5500 me

493 5536 697 5604 accipe,
721 5533 809 5586 vel
849 5546 969 5585 cum
1013 5533 1180 5586 altero
1206 5547 1472 5588 eommuta
1502 5535 1641 5589 loco.
1688 5538 1759 5589 At
1785 5535 1877 5591 ille
1902 5535 2033 5589 dixit
2064 5553 2076 5587 :

495 5626 665 5686 Absit,
694 5632 754 5675 ut
776 5622 1123 5677 hereditatem
1151 5630 1360 5693 patrum
1405 5641 1648 5683 meorum
1677 5626 1905 5683 vendam
1935 5624 2027 5683 tibi
2057 5627 2072 5682 l

556 5772 576 5804 ⁸
607 5778 740 5828 λιες..
758 5769 1008 5821 homicidii
1026 5784 1233 5826 sensum.

2191 913 2292 968 ego
2319 899 2567 964 efﬁciam,
2591 908 2653 954 ut
2672 898 2947 969 possideas
2968 898 3178 953 vineam
3204 896 3448 954 Nabutbe
3461 897 3789 954 Jesraelita.

2195 989 2261 1044 Et
2288 991 2554 1061 accipiens
2592 991 2808 1061 scripsit
2830 989 3112 1059 epistolam
3158 1004 3222 1044 ex
3254 1003 3483 1059 persona
3534 989 3679 1060 regis
3718 990 3793 1044 ad

2193 1074 2433 1129 seniores
2471 1074 2655 1128 dicens
2684 1091 2697 1126 :
2733 1073 3024 1128 Prmdicate
3048 1072 3335 1142 jejunium,
3368 1080 3424 1127 et
3461 1073 3681 1127 statuite
3710 1074 3792 1126 vi-

2192 1181 2279 1220 ror
2310 1166 2593 1222 mendaces
2613 1164 2868 1221 adversus
2882 1163 3146 1229 Nabutbe,
3173 1164 3299 1233 quia
3320 1162 3590 1219 benedixit
3610 1164 3789 1219 Deum

2194 1266 2250 1313 et
2286 1271 2488 1325 regem,
2520 1256 2623 1311 hoc
2647 1265 2730 1311 est
2758 1254 3164 1325 blasphemavit.
3198 1252 3243 1307 Ο
3267 1252 3524 1323 jejunium
3573 1267 3789 1307 summa

2195 1349 2474 1419 iniquitate
2519 1347 2773 1417 plenum!
2803 1346 3165 1401 Praedicarunt
3187 1343 3466 1415 jejunium,
3498 1353 3557 1399 ut
3578 1344 3790 1400 caedem

2196 1447 2487 1510 patrarent.
2515 1437 2649 1505 Quid
2672 1452 2801 1508 ergo
2822 1435 3052 1492 accidit?
3083 1435 3371 1505 Lapidatus
3392 1444 3475 1489 est
3500 1433 3753 1489 Nabutbe
3770 1475 3788 1500 ,

2194 1545 2258 1584 ac
2281 1538 2522 1585 mortuus
2546 1537 2647 1584 est.
2674 1528 2788 1584 Hoc
2813 1527 2902 1582 ubi
2927 1526 3113 1581 didicit
3127 1525 3361 1592 Iezabel,
3384 1525 3515 1580 dixit
3530 1523 3788 1580 Acbaab:

2190 1620 2360 1692 Surge
2378 1660 2394 1686 ,
2422 1619 2791 1692 possideamus
2814 1618 3022 1673 vineam
3047 1634 3062 1684 ;
3088 1617 3210 1687 quia
3237 1625 3478 1670 mortuus
3503 1623 3587 1670 est
3605 1614 3791 1669 Nabu-

2194 1714 2308 1768 the.
2330 1712 2510 1769 Atille
2537 1721 2649 1766 tum
2679 1710 2935 1779 temporis
2978 1708 3325 1763 eontristatus
3352 1749 3367 1770 ,
3391 1706 3659 1776 ingressus
3704 1715 3793 1761 est

2196 1814 2370 1860 tamen
2391 1847 2406 1870 ,
2430 1814 2486 1860 et
2506 1805 2716 1860 vineam
2743 1802 2998 1873 possedit.
3028 1800 3185 1855 Mittit
3212 1799 3279 1854 ad
3310 1815 3432 1855 eum
3462 1799 3629 1854 Eliam
3657 1813 3792 1869 pro.

2194 1899 2409 1968 pbetam
2450 1897 2612 1953 Deus.
2644 1894 2812 1961 Vade,
2862 1894 3060 1965 inquit,
3101 1892 3189 1948 dic
3215 1892 3475 1948 Achaab:
3519 1892 3795 1960 Quoniam

2198 1988 2476 2055 occidisti,
2516 1996 2572 2045 et
2601 1987 2920 2058 possedisti,
2959 1987 3036 2041 sic
3061 1984 3363 2041 eﬁ‘undetur
3381 1986 3594 2055 sanguis
3624 1994 3754 2039 tuus
3774 2028 3791 2051 ,

2193 2090 2249 2136 et
2267 2096 2431 2137 canes
2458 2081 2772 2151 sanguinem
2803 2087 2951 2133 tuum
3002 2078 3236 2146 litigent,
3283 2084 3339 2131 et
3363 2075 3673 2132 meretrices
3703 2077 3792 2131 la-

2193 2172 2392 2227 vabunt
2416 2171 2469 2225 in
2516 2170 2775 2241 sanguine
2815 2178 2905 2224 tuo
2957 2169 3037 2237 (ὅ.
3069 2165 3198 2239 Reg.
3247 2164 3363 2238 2i).
3410 2166 3491 2221 lra
3528 2166 3793 2223 divinitus

2191 2265 2388 2320 emissa
2409 2304 2423 2329 ,
2448 2263 2691 2319 absoluta
2720 2261 3003 2325 sententia,
3046 2259 3365 2331 supplicium
3407 2269 3491 2314 est
3518 2259 3790 2330 adimple-

2192 2365 2327 2411 tum.
2353 2358 2432 2412 Ac
2456 2355 2596 2422 vide,
2631 2370 2736 2425 quo
2760 2354 2905 2410 illum
2935 2354 3112 2408 mittat
3143 2370 3157 2407 :
3191 2353 3243 2407 in
3275 2352 3507 2407 vineam.
3545 2351 3646 2407 Ubi
3676 2353 3788 2407 ini-

2190 2448 2395 2518 quitas,
2438 2447 2511 2501 ibi
2548 2461 2761 2517 quoque
2790 2443 3130 2514 supplicium.
3162 2443 3231 2499 Et
3251 2443 3377 2513 quid
3406 2444 3517 2498 ait?
3541 2442 3675 2498 Cum
3704 2444 3791 2499 in-

2191 2539 2359 2593 tuitus
2384 2546 2468 2592 est
2496 2537 2692 2607 ipsum,
2721 2535 2938 2591 Acbaab
2966 2534 3102 2589 dixit
3131 2551 3144 2587 :
3174 2532 3420 2588 Invenisti
3445 2550 3524 2587 me
3546 2534 3791 2588 inimicus

2193 2645 2366 2694 meus;
2393 2629 2543 2699 quasi
2570 2628 2775 2683 diceret
2805 2645 2818 2681 :
2851 2627 3021 2683 Reum
3062 2641 3149 2681 me
3185 2625 3618 2696 deprehendisti,
3657 2626 3790 2696 quia

2193 2722 2444 2792 peccavi:
2494 2734 2636 2775 nunc
2664 2720 2756 2775 tibi
2786 2720 2909 2775 data
2937 2730 3021 2775 est
3043 2718 3255 2774 occasio
3294 2718 3425 2772 mihi
3465 2719 3783 2773 insultandi.

2192 2812 2440 2868 Invenisti
2466 2814 2792 2867 meinimicus
2820 2829 2979 2866 meus.
3014 2811 3149 2881 Quia
3178 2826 3390 2881 semper
3418 2810 3562 2866 Elias
3590 2825 3787 2882 repre-

2192 2903 2460 2959 bendebat
2486 2903 2737 2970 Aehaab,
2792 2904 2968 2958 sciens
3015 2902 3232 2958 Acbaab
3262 2918 3321 2957 se
3367 2916 3649 2972 peccasse,
3698 2901 3787 2957 Tu

2190 2997 2406 3067 quidem
2432 3011 2666 3067 semper,
2694 2996 2884 3067 inquit,
2908 3011 2995 3051 me
3024 2995 3456 3066 reprehendebas
3486 3014 3500 3051 :
3526 3009 3668 3049 nunc
3687 3008 3787 3049 au—

2192 3097 2301 3143 tem
2345 3099 2644 3159 opportune
2673 3087 2803 3143 mihi
2834 3087 3079 3143 insultas.
3116 3087 3331 3143 Sciebat
3356 3088 3498 3142 enim
3547 3102 3605 3142 se
3650 3102 3785 3157 pec—

2191 3194 2363 3235 casse.
2393 3180 2473 3234 Ex
2518 3179 2743 3234 adverso
2773 3178 2961 3233 recitat
2988 3179 3061 3233 illi
3091 3179 3411 3233 sententiam
3449 3195 3462 3230 :
3504 3175 3630 3231 Hec
3658 3177 3786 3231 dicit

2190 3271 2441 3326 Dominus
2460 3288 2478 3324 :
2499 3271 2751 3337 Quoniam
2779 3270 3026 3337 occidisti,
3041 3279 3088 3324 et
3104 3269 3390 3340 possedisti,
3410 3278 3457 3323 et
3484 3269 3784 3339 sanguinem

2190 3363 2286 3416 viri
2298 3363 2429 3433 justi
2456 3361 2698 3429 effudisti,
2736 3363 2808 3416 sic
2833 3360 3119 3429 eﬂ'undetnr
3155 3361 3363 3433 sanguis
3392 3370 3528 3423 tuus,
3555 3369 3602 3413 et
3629 3376 3785 3416 canes

2192 3452 2537 3524 lingenteum,
2583 3461 2629 3506 et
2673 3453 2953 3506 meretrices
2992 3450 3228 3506 levabant
3284 3452 3339 3505 in
3383 3451 3626 3522 sanguine
3672 3460 3779 3504 tuo.

2192 3543 2318 3597 llaec
2346 3557 2466 3598 cum
2488 3543 2746 3599 audiisset
2771 3543 3008 3612 Aebaab,
3033 3543 3379 3599 eontristatus
3405 3552 3512 3609 est,
3560 3553 3613 3598 et
3652 3557 3783 3613 pro-

2192 3642 2313 3702 pter
2335 3644 2607 3701 peceatum
2634 3651 2786 3689 suum
2818 3635 3077 3704 plorabat.
3097 3635 3320 3706 Agnovit
3340 3634 3695 3704 iniquitatem,
3724 3641 3785 3687 et

2192 3724 2350 3777 latam
2388 3725 2440 3777 in
2486 3740 2607 3779 eum
2634 3726 2956 3780 sententiam
2988 3724 3261 3780 revocavit
3306 3723 3469 3779 Deus.
3496 3723 3602 3779 Sed
3633 3723 3783 3792 prius

2191 3814 2325 3871 Elia:
2353 3830 2411 3870 se
2438 3817 2714 3870 excusavit
2763 3815 2924 3880 Deus,
2957 3830 3024 3870 ne
3048 3815 3185 3869 forte
3211 3814 3441 3869 mendax
3486 3812 3777 3879 videretur,

2191 3907 2345 3978 eique
2375 3906 2661 3969 accideret,
2692 3904 2831 3974 quod
2857 3904 3007 3959 Iona:
3036 3903 3228 3960 accidit
3252 3904 3269 3936 ⁸
3305 3921 3317 3957 :
3352 3905 3457 3957 tale
3481 3902 3607 3973 quid
3630 3902 3778 3957 enim

2192 4010 2380 4065 passus
2408 4005 2492 4049 est
2520 4006 2574 4049 et
2597 3994 2780 4050 Jonas.
2814 3994 2954 4048 Dixit
2980 3993 3057 4049 illi
3099 3993 3239 4049 Deus
3273 4011 3286 4047 :
3314 3992 3496 4058 Vade,
3547 3991 3781 4062 praedica

2191 4089 2244 4142 in
2268 4087 2458 4141 Ninive
2486 4087 2718 4152 civitate,
2758 4086 2810 4140 in
2853 4102 2958 4156 qna
2990 4085 3232 4140 habitant
3261 4095 3477 4142 centum
3506 4093 3561 4140 et
3590 4084 3780 4155 viginti

2190 4177 2351 4231 millia
2383 4178 2653 4231 hominum
2677 4176 2875 4246 absque
2897 4177 3207 4230 mulieribus
3226 4186 3282 4230 et
3304 4176 3573 4245 parvulis:
3598 4174 3782 4228 Adhuc

2189 4278 2287 4323 tres
2308 4267 2451 4333 dies,
2500 4277 2548 4320 et
2595 4265 2781 4321 Ninive
2818 4268 3130 4321 subvertetur
3177 4265 3321 4336 (Jan.
3353 4267 3404 4319 1.
3434 4265 3515 4336 ﬂ).
3553 4264 3781 4320 Nolebat

2188 4359 2337 4415 abire
2363 4358 2555 4424 Jonas,
2604 4366 2788 4427 utpote
2817 4359 2903 4412 cui
2932 4367 3057 4412 nota
3082 4366 3226 4413 esset
3254 4357 3345 4412 Dei
3376 4355 3775 4418 misericordia;

2188 4451 2281 4507 sed
2310 4450 2435 4520 quid
2463 4450 2625 4505 facit?
2653 4450 2706 4504 In
2754 4449 2929 4519 fugam
2959 4450 3290 4505 convertitur
3317 4466 3333 4503 :
3365 4450 3442 4504 ait
3465 4451 3629 4514 enim,
3662 4447 3777 4518 Ego

2188 4541 2574 4612 praedicaturus
2615 4543 2773 4596 abibo
2803 4560 2815 4595 :
2841 4554 2896 4595 tu
2921 4557 3041 4596 eum
3090 4541 3394 4595 misericors
3423 4541 3533 4606 sis,
3559 4551 3779 4595 senten-

2189 4633 2312 4686 tiam
2339 4632 2601 4696 mutabis;
2645 4641 2699 4686 at
2725 4648 2824 4702 ego
2864 4641 3132 4703 tamquam
3166 4632 3334 4687 falsus
3361 4633 3619 4703 propheta
3665 4639 3777 4684 tru-

2187 4723 2426 4778 eidabor.
2461 4722 2833 4777 Verumtamen
2863 4731 3143 4792 exceptum
3174 4722 3324 4777 illum
3348 4739 3496 4778 mare
3521 4737 3626 4777 non
3647 4723 3775 4775 abs-

2187 4815 2404 4882 condit,
2458 4814 2553 4869 sed
2592 4822 2750 4869 terra:
2795 4814 2945 4868 illum
2984 4814 3261 4881 reddidit,
3293 4822 3349 4869 et
3376 4815 3578 4868 salvum
3624 4813 3771 4867 illum

2185 4905 2374 4961 Ninive
2422 4907 2851 4975 incolumemque
2890 4904 3154 4971 servavit,
3201 4913 3256 4958 et
3285 4913 3534 4975 tanquam
3573 4904 3772 4973 optima

2187 5010 2443 5051 conserva
2470 5011 2622 5049 suum
2638 5008 2953 5049 conservum
2971 4994 3278 5050 custodivit.
3314 4992 3581 5049 Descendit
3604 4994 3772 5057 enim,

2188 5088 2377 5155 inquit,
2422 5083 2585 5139 Jonas
2628 5094 2685 5138 ut
2730 5086 2943 5156 fugeret,
2967 5094 3016 5139 et
3039 5084 3227 5139 invenit
3267 5085 3436 5138 navint
3479 5094 3674 5139 euntem
3722 5084 3775 5139 in

2195 5172 2498 5242 Tharsis,et
2516 5173 2659 5228 dedit
2687 5174 3034 5242 naulumejus
3055 5181 3105 5226 et
3128 5176 3364 5227 ascendit
3386 5175 3440 5228 in
3470 5192 3585 5228 eam
3613 5173 3776 5245 (Jan.

2195 5267 2243 5320 1.
2275 5267 2329 5331 5)
2355 5268 2452 5335 (a).
2494 5261 2615 5333 Quo
2651 5265 2812 5337 fugis,
2846 5280 2878 5320 ο
2900 5264 3075 5319 Iona?
3107 5280 3236 5318 num
3268 5267 3431 5318 aliam
3471 5268 3524 5319 in
3572 5278 3777 5320 terram

2256 5447 2272 5477 ¹
2308 5451 2441 5494 Hunc
2481 5441 2639 5492 locum
2660 5444 2712 5491 in
2735 5439 2875 5491 Savil.
2915 5446 2967 5490 et
3004 5437 3112 5489 aliis
3155 5441 3328 5502 partim
3360 5437 3669 5502 diﬂ‘erentem
3707 5439 3778 5488 sie

2186 5513 2325 5556 recte
2348 5505 2661 5572 interpretari
2703 5503 2894 5572 videtur
2907 5515 2931 5572 ,ε
2942 5502 3049 5572 _sed
3245 5512 3355 5570 qua:
3389 5503 3454 5549 ad
3493 5498 3646 5572 etiam
3667 5510 3778 5572 spe-

2186 5575 2315 5676 ﬁant
2336 5558 2546 5676 obsertd'v‘i,
2569 5577 2629 5615 ne
2642 5564 2854 5614 mendax
2873 5558 3096 5614 videatur
3106 5558 3415 5625 Etias,'eique
3438 5561 3629 5611 accidat
3650 5558 3779 5624 quod

2217 5640 2323 5678 ante
2344 5640 2450 5676 acc:
2486 5640 2503 5675 ι
2528 5660 2542 5673 .

2253 5709 2327 5772 (a)
2360 5715 2474 5772 (mm
2518 5708 2594 5757 his
2628 5705 2795 5772 confer
2828 5718 2889 5758 ea
2909 5719 3021 5770 quae
3043 5708 3267 5758 dicuntur
3290 5718 3435 5770 supra
3459 5703 3630 5757 ttomil.
3658 5704 3678 5755 l
3714 5705 3781 5756 de

2194 5769 2496 5833 “rubentia,
2513 5780 2647 5818 num.
2668 5769 2718 5816 5.
