4066 6466
317 417 422 477 281

313 529 497 599 λέγει·
537 530 824 600 Παράνομε
870 529 963 581 καὶ
1003 526 1355 596 ἐναγέστατε,
1401 526 1555 596 μοιχὲ
1587 525 1681 579 καὶ
1715 522 1901 595 φονεῦ,

316 620 584 684 τοσαύτας
618 621 781 691 τιμὰς
828 618 993 684 ἐδέξω
1038 619 1188 690 παρὰ
1225 619 1319 671 τοῦ
1362 618 1518 681 Θεοῦ,
1564 618 1660 671 καὶ
1694 617 1758 669 σὺ
1806 614 1906 679 τὰς

320 713 540 776 ἐντολὰς
574 711 738 765 αὐτοῦ
786 711 1211 781 κατεπάτησας;
1262 710 1428 764 Οὐδὲν
1465 708 1704 763 τοιοῦτον
1753 704 1908 761 εἶπεν

318 806 347 857 6
372 801 576 867 Νάθαν,
599 802 685 855 ἵνα
707 801 781 873 μὴ
797 803 1276 873 ἀναισχυντότερον
1302 800 1466 855 αὐτὸν
1485 800 1871 872 ἀπεργάσηται
1891 814 1905 828 ο

317 894 754 965 δημοσιευόμενα
781 894 890 967 γάρ
916 895 985 948 τά
1018 895 1392 966 ἁμαρτήματα
1421 895 1501 957 εἰς
1522 889 1912 962 ἀναισχυντίαν

320 987 677 1059 προκαλεῖται
699 990 790 1040 τὸν
816 987 1199 1058 ἡμαρτηκότα.
1239 987 1499 1059 Ἔρχεται
1524 981 1619 1038 οῦν
1645 984 1781 1054 πρὸς
1812 982 1912 1035 αὑ·-

319 1078 413 1131 τὸν
451 1080 545 1133 καὶ
570 1078 754 1149 δρᾶμα
777 1080 934 1151 δίκης
968 1080 1216 1148 ὑφαίνει·
1250 1079 1344 1132 καὶ
1371 1078 1425 1131 τί
1458 1094 1626 1147 φησι;
1655 1073 1908 1139 Βασιλεῦ,

321 1165 446 1238 δίκη
479 1167 568 1238 μοί
603 1168 720 1221 ἐστι
750 1169 886 1240 πρὸς
918 1169 997 1222 σέ.
1030 1163 1140 1222 Ἦν
1169 1186 1254 1232 τις
1297 1167 1551 1230 πλούσιος
1591 1165 1688 1219 καὶ
1722 1161 1792 1236 ἦν
1827 1182 1912 1229 τις

325 1256 494 1329 πένης
515 1273 528 1286 ο
566 1253 680 1329 εἶχε
716 1259 774 1312 66
805 1261 834 1312 6
868 1259 1123 1322 πλούσιος
1152 1258 1406 1330 βουκόλια
1430 1260 1525 1312 καὶ
1550 1258 1752 1326 ἀγέλας
1785 1258 1914 1310 πολ·

323 1350 456 1413 λάς·
486 1345 555 1421 ἦν
586 1350 645 1403 66
676 1352 775 1405 καὶ
805 1353 833 1404 6
868 1351 1037 1422 πένης
1070 1351 1209 1420 ἔχων
1242 1351 1459 1421 ἀμνάδα
1492 1353 1649 1421 μίαν,
1689 1353 1809 1421 ἥτις
1849 1351 1914 1402 ἐκ

322 1443 420 1496 τοῦ
450 1443 710 1516 ποτηρίου
749 1445 914 1498 αὐτοῦ
942 1444 1114 1510 ἔπινε,
1149 1446 1244 1499 καὶ
1278 1447 1343 1498 ἐκ
1369 1446 1472 1515 τῆς
1499 1447 1781 1515 τραπέζης
1817 1445 1915 1496 αὐ·-

323 1536 418 1589 τοῦ
464 1535 641 1608 ήσθιε,
691 1539 786 1591 καὶ
831 1539 890 1592 ἐν
929 1537 1006 1609 τῷ
1051 1539 1237 1610 κόλπῳ
1269 1538 1432 1594 αὐτοῦ
1465 1538 1787 1593 ἐκάθευδεν⁹
1829 1538 1918 1591 ἐν-

324 1628 502 1684 ταῦθα
557 1631 619 1683 τὸ
665 1631 892 1700 γνήσιον
943 1630 1039 1684 τοῦ
1095 1631 1288 1700 ἀνδρὸς
1341 1631 1475 1702 πρὸς
1524 1630 1622 1700 τὴν
1681 1632 1916 1697 γυναῖκα

325 1720 596 1774 δείκνυσιν
616 1736 629 1749 ·
661 1720 907 1785 ἐλθόντος
940 1722 997 1775 66
1025 1721 1178 1789 ξένου
1216 1721 1381 1786 τινὸς,
1415 1722 1671 1791 ἐφείσατο
1697 1723 1725 1774 6
1753 1720 1917 1773 πλού-

329 1830 443 1876 σιος
468 1812 575 1865 τῶν
601 1812 746 1866 ίδίων
777 1825 827 1878 α,
860 1815 957 1867 καὶ
986 1813 1165 1867 λαϐὼν
1188 1816 1287 1884 τὴν
1317 1814 1532 1884 ἀμνάδα
1562 1813 1653 1867 τοῦ
1684 1814 1916 1885 πένητος

326 1903 557 1973 ἔσφαξεν
590 1905 778 1974 αὑτήν.
812 1900 966 1969 Εἶδες
987 1904 1105 1968 πῶς
1126 1904 1360 1959 ἐνταῦθα
1384 1905 1598 1975 ὑφαίνει
1623 1904 1685 1958 τὸ
1707 1906 1914 1977 δρᾶμα,

325 1994 405 2065 τῷ
443 1993 667 2063 σπόγγῳ
715 1995 1192 2066 ἐπικεκρυμμένον
1239 1994 1378 2066 ἔχων
1425 1995 1486 2048 τὸ
1525 1995 1803 2067 σιδήριον;
1852 1994 1917 2047 Τί

325 2084 420 2141 οῦν
452 2090 480 2142 6
514 2087 802 2158 βασιλεύςς
841 2087 1098 2159 Νομίζων
1128 2090 1270 2144 κατὰ
1298 2089 1461 2145 ἄλλου
1493 2089 1915 2159 ἀποφαίνεσθαι,

326 2179 591 2250 ὀξυτάτην
635 2180 881 2250 ἐπήγαγε
928 2178 1027 2251 τήν
1076 2181 1371 2249 ἀπόφασιν.
1431 2180 1675 2233 Τοιοῦτοι
1722 2178 1829 2250 γὰρ
1866 2181 1918 2231 οἱ

328 2269 641 2341 ἄνθρωπον
680 2271 824 2324 κατά
874 2269 987 2323 τῶν
1036 2271 1213 2324 ἀλλων
1259 2271 1426 2342 ἡδέως
1471 2270 1569 2334 τάς
1615 2271 1922 2339 ἀποφάσεις

329 2362 425 2414 καὶ
451 2361 741 2431 ἀποτόμως
777 2361 1057 2415 ποιοῦνται
1093 2363 1188 2415 καὶ
1216 2362 1505 2417 ἐκδιδόασι.
1543 2361 1655 2415 Καὶ
1675 2361 1727 2414 τί
1754 2377 1920 2431 φησιν

327 2457 359 2507 6
399 2453 592 2518 Δαυῖδς
640 2452 729 2521 Ζῇ
761 2455 996 2521 Κύριος,
1046 2453 1217 2519 ἄξιος
1257 2454 1518 2508 θανάτου
1564 2456 1596 2508 ό
1630 2452 1918 2516 τοιοῦτος,

329 2541 428 2594 καί
459 2539 760 2595 ἀποδώσει
788 2541 903 2610 τὴν
925 2541 1165 2610 ἀμνάδα
1193 2543 1699 2611 τετραπλασίων-α.
1735 2542 1801 2594 Τί
1828 2539 1922 2595 οὖν

330 2634 361 2683 6
392 2633 610 2696 Νάθαν;
646 2635 761 2689 Οὐκ
801 2635 1038 2706 ἐμάλαξε
1073 2638 1299 2703 πολλαῖς
1331 2638 1505 2709 ὥραις
1545 2637 1643 2710 τὴν
1683 2636 1920 2708 πληγὴν.

332 2728 449 2782 ἀλλ’
493 2729 653 2795 εὐθὺς
688 2730 955 2799 ἐκφαίνει,
992 2731 1086 2782 καὶ
1126 2729 1393 2801 ὀξυτάτην
1419 2731 1667 2800 ἐπήγαγε
1700 2728 1800 2800 τὴν
1837 2745 1926 2781 το-

338 2820 592 2891 μὴν,.ἴνα
643 2820 718 2892 μὴ
769 2819 943 2891 κλέψῃ
977 2821 1077 2890 τὴν
1113 2820 1364 2890 αἴσθησιν
1409 2820 1506 2874 τοῦ
1539 2821 1702 2873 πόνου
1744 2820 1794 2873 δ.
1838 2819 1923 2873 Σὺ

332 2908 408 2972 εἴ.
455 2910 698 2982 βασιλεῦ.
733 2912 799 2964 Τί
825 2908 917 2964 οὖν
948 2914 977 2965 ὀ
1004 2911 1257 2982 βασιλεύς
1288 2929 1480 2981 φησιν;
1513 2913 1819 2980 ’Ἥμαρτον
1845 2909 1926 2974 τῷ

335 3003 550 3071 Κυρίῳ.
587 3002 702 3055 Ούκ
731 2996 875 3059 εἷπε,
923 2999 1019 3062 Τίς
1046 3000 1157 3071 γάρ
1206 2995 1304 3052 εἷὸ
1335 2999 1574 3069 ἐλέγχων
1606 3015 1710 3068 με;
1742 2997 1828 3061 τίς
1868 2996 1926 3050 δέ

339 3110 400 3146 σε
427 3093 713 3147 ἀπέστειλε
742 3090 1257 3166 παρρησιάζεσθαι;
1291 3091 1423 3162 ποίᾳ
1456 3091 1514 3144 δέ
1552 3090 1726 3162 τόλμῃ
1766 3089 1929 3143 τοῦτο

339 3185 682 3255 πεποίηκας;
740 3184 905 3237 Οὐδὲν
956 3184 1198 3237 τοιοῦτον
1248 3178 1437 3248 εἶπεν,
1497 3183 1634 3237 ἀλλά
1686 3183 1928 3252 συνέγνω

337 3277 438 3346 τὴν
469 3277 763 3347 ἁμαρτίαν.
819 3277 929 3330 Καὶ
972 3277 1027 3329 τί
1067 3292 1267 3348 φησιν;
1320 3275 1664 3346 Ἠμάρτηκα
1700 3275 1780 3341 τῷ
1813 3280 1928 3329 Ku-

214 3424 225 3427 ,
338 3369 463 3436 ρίῳ.
488 3368 552 3421 Τί
578 3363 669 3422 οὖν
696 3370 725 3421 ὁ
755 3368 943 3422 Νάθαν
973 3368 1109 3439 πρὸς
1134 3368 1296 3421 αὐτόν
1320 3384 1337 3433 ;
1364 3368 1475 3422 Καὶ
1497 3370 1711 3435 Κύριος
1730 3366 1929 3436 ἀφῆκε

339 3459 408 3511 τὸ
451 3457 766 3529 ἁμάρτημά
817 3474 965 3514 σου*
1022 3459 1214 3513 ἐαυτὸν
1252 3459 1636 3523 κατεδίκασας,
1688 3456 1799 3527 ἐγώ
1846 3476 1928 3512 σοι

344 3551 612 3621 συγχωρῶ
642 3551 741 3624 τὴν
771 3550 1068 3621 καταδίκην
1086 3567 1100 3581 ·
1152 3551 1514 3622 εὐγνωμόνως
1543 3540 1927 3622 ὡμολόγησας,

341 3641 540 3705 ἔλυσας
576 3641 676 3713 τὴν
720 3641 1029 3716 ἁμαρτίαν*
1081 3640 1261 3712 σαυτῷ
1288 3641 1387 3713 τήν
1435 3642 1731 3713 καταδίκην
1776 3641 1931 3714 [290]

342 3736 678 3797 ἐπεσπάσω,
732 3734 845 3803 ἐγὼ
896 3733 1061 3786 ἔλυσα
1114 3733 1212 3803 τήν
1261 3734 1556 3801 ἀπόφασιν.
1610 3730 1764 3797 Εἶδες
1813 3734 1933 3799 πῶς

345 3823 642 3896 ἐπληρώθη
676 3824 738 3879 τὸ
774 3824 1186 3896 γεγραμμένον.
1230 3822 1380 3892 Λέγε
1416 3822 1499 3876 σὺ
1531 3823 1639 3890 τὰς
1677 3825 1934 3893 ἀνομίας

343 3930 465 3971 σου
491 3915 746 3983 πρῶτος,
782 3916 884 3970 ἵνα
909 3912 1263 3983 δικαιωθῇς;
1310 3914 1469 3977 Ποῖος
1509 3915 1756 3984 κάματος
1779 3911 1935 3979 οὗτος

344 4008 410 4061 τὸ
436 4009 610 4062 εἰπεῖν
646 4006 863 4079 πρῶτον
888 4007 988 4076 τὴν
1021 4005 1298 4077 ἁμαρτίαν
1322 4022 1339 4071 ;

420 4106 488 4169 γ’.
529 4100 712 4170 Ἔχεις
740 4099 797 4152 66
826 4099 1117 4170 μετανοίας
1149 4096 1266 4150 666v
1303 4096 1397 4148 καὶ
1436 4096 1648 4168 ἐτέραν·
1683 4096 1842 4149 ποίαν
1869 4095 1934 4168 δὴ

345 4191 552 4262 ταύτην
567 4208 582 4258 ;
599 4192 672 4244 Τὸ
692 4190 958 4262 πενθῆσαι
978 4190 1077 4261 τὴν
1100 4187 1376 4260 ἁμαρτίαν
1394 4199 1414 4226 ε
1429 4228 1442 4241 .
1465 4189 1537 4241 Ἥ
1547 4206 1783 4259 μαρτες;
1804 4188 1933 4241 πέν-

348 4283 516 4355 θησον
538 4324 551 4344 ,
593 4285 686 4336 καὶ
724 4282 874 4347 λύεις
913 4284 1014 4354 τὴν
1046 4282 1346 4353 ἁμαρτίαν.
1379 4282 1537 4345 Ποίος
1567 4282 1816 4352 κάματος
1845 4275 1936 4335 οὗ·

349 4391 474 4442 %;;
496 4374 650 4431 οὐδέν
671 4391 730 4431 σε
750 4370 913 4426 πλέον
934 4371 1174 4434 ἀπαιτῶ,
1204 4372 1237 4442 ἢ
1259 4370 1321 4425 τδ
1341 4372 1607 4443 πενθῆσαι
1631 4372 1731 4443 τήν
1759 4374 1940 4446 ἀμαρ-

351 4467 477 4520 τίαν
503 4482 515 4495 ·
541 4466 603 4518 οὐ
628 4464 775 4533 λέγω
810 4480 891 4516 σοι
925 4463 1137 4535 πελάγη
1180 4465 1390 4534 τεμεῖν,
1420 4463 1547 4517 οὔτε
1587 4466 1668 4527 είς
1710 4464 1939 4536 λιμένας

355 4560 709 4625 καταγαγεῖν,
760 4556 884 4610 οὔτε
931 4557 1302 4629 ὁδοιπορῆσαι,
1359 4556 1481 4610 οὔτε
1538 4556 1658 4611 666v
1712 4557 1943 4629 ἄπειρον

356 4649 633 4711 ἀπελθεῖν,
666 4648 789 4702 οὔτε
823 4649 1122 4720 χρημάτων
1157 4647 1487 4719 καταϐολὴν,
1521 4646 1645 4701 οὕτε
1681 4649 1945 4718 κυμάτων

358 4740 568 4815 ἀγρίων
599 4741 928 4811 ποιήσασθαι
956 4739 1150 4803 δίοδον,
1171 4738 1308 4792 ἀλλὰ
1327 4740 1413 4805 τί;
1446 4739 1723 4810 Πένθησον
1749 4741 1843 4793 ἐπὶ
1873 4743 1942 4812 τῇ

360 4832 625 4904 ἁμαρτίᾳ.
665 4833 775 4885 Καὶ
800 4831 963 4884 πόθεν
995 4830 1174 4892 τοῦτο,
1213 4833 1399 4900 φησὶν,
1430 4832 1513 4885 ὅτι
1539 4831 1633 4885 ἐὰν
1663 4832 1942 4902 πενθήσω,

359 4923 474 4977 λύω
502 4924 601 4995 τὴν
645 4922 954 4993 ἀμαρτίαν;
990 4923 1175 4992 Ἔχεις
1214 4922 1310 4975 καὶ
1340 4921 1533 4976 τούτου
1567 4922 1844 4990 ἀπόδειξιν
1882 4926 1948 4978 ἐκ

358 5016 460 5087 τῆς
486 5015 636 5080 θείας
665 5013 909 5086 Γραφῆς.
936 5009 1043 5066 τΗν
1064 5031 1147 5077 τις
1179 5013 1385 5084 Ἀχαάϐ
1412 5013 1666 5083 βασιλεύς
1691 5033 1707 5048 ·
1734 5015 1947 5079 δίκαιος

361 5106 418 5160 66
455 5102 610 5170 οὗτος
653 5108 1011 5179 μαρτυρεῖται
1036 5121 1050 5135 ·
1079 5105 1395 5158 ἐϐασίλευσε
1428 5106 1485 5158 66
1515 5101 1671 5171 οὗτος
1698 5110 1778 5171 είς
1802 5108 1950 5162 κακά

364 5198 470 5252 ὑπὸ
508 5199 743 5261 Ἰεζάϐελ
772 5200 872 5269 τῆς
901 5197 1159 5266 γυναικὸς
1192 5198 1359 5251 αὑτοῦ
1387 5213 1401 5229 ο
1430 5192 1587 5263 οὗτός
1637 5217 1780 5265 τινος
1831 5201 1948 5253 Να-

367 5287 528 5341 ϐουθέ
570 5286 932 5358 ἰεζραηλίτου
984 5287 1284 5357 ἀμπελῶνα
1312 5287 1660 5359 ἐπεθύμησε,
1708 5290 1804 5343 καί
1842 5291 1951 5343 ἁπ-

366 5379 572 5432 έστειλε
599 5379 734 5451 πρὸς
755 5379 918 5432 αὐτὸν
936 5379 1113 5445 λέγων
1132 5394 1145 5407 ’
1165 5379 1264 5442 Δός
1296 5397 1383 5449 μοι
1411 5380 1504 5433 τὸν
1526 5381 1830 5451 ἀμπελῶνά
1857 5401 1951 5437 σου

364 5472 424 5525 ὃν
465 5471 809 5544 ἐπεθύμησα,
850 5473 944 5526 καὶ
991 5473 1024 5546 ἢ
1064 5472 1329 5544 ἀργύριον
1368 5471 1499 5526 λαϐὲ
1553 5474 1683 5545 παρ’
1722 5475 1880 5545 ἐμοῦ,
1917 5474 1950 5545 ἢ

367 5563 724 5634 ἀντάλλαγμα
762 5564 855 5618 τοῦ
888 5564 1073 5619 τόπου.
1110 5565 1168 5619 '0
1191 5564 1247 5617 66
1278 5560 1399 5618 εἷπε
1431 5582 1445 5596 ο
1476 5565 1569 5637 Μή
1611 5583 1701 5636 μοι
1739 5568 1953 5638 γένοιτο

435 5696 813 5760 βεενὶιίιιεμτῶν
836 5698 1040 5750 οἰκείων.
1064 5698 1195 5760 quod
1221 5699 1397 5749 eodem
1422 5699 1616 5749 recidit.
1642 5699 1779 5750 Εωιι.

434 5757 464 5800 λ
492 5759 605 5823 Ms?
627 5758 717 5823 ⁴τοῦ
738 5760 897 5823 φόνου.

439 5823 462 5851 ⁸
494 5820 592 5870 Alfi
618 5820 703 5874 τὴν
727 5820 894 5869 αἰτίαν.

1479 410 1563 464 DE
1597 406 2071 466 POENITENTIA.
2115 407 2344 463 HOMIL.
2386 409 2449 464 ll.

3490 413 3596 467 283

2009 524 2374 595 κληρονομίαν
2395 525 2648 596 πατέρων
2675 544 2775 599 μου
2803 528 3050 598 πωλῆσαί
3076 543 3177 579 σοι.
3221 526 3280 579 Ὀ
3299 524 3357 578 66
3393 526 3598 596 ’Λχαὰϐ

2009 614 2273 683 ἐπεθύμει
2323 616 2421 687 μὲν
2468 616 2562 669 τοῦ
2601 617 2922 688 ἀμπελῶνος
2948 636 2960 648 ’
2994 619 3094 670 οὐκ
3127 616 3286 687 ἤθελε
3315 617 3372 670 66
3404 615 3599 686 βιάσα-

2011 705 2134 759 σθαι
2167 706 2351 768 αὐτὸν,
2376 707 2452 771 ὡς
2477 709 2543 761 ἐκ
2569 709 2758 762 τούτου
2793 708 3033 764 κακώσει
3058 709 3219 762 αὑτὸν
3252 711 3592 782 περιπεσεῖν.

2008 798 2340 853 Είσελθοῦσα
2388 799 2446 854 66
2480 799 2616 872 πρὸς
2662 801 2824 855 αὑτὸν
2868 800 3136 866 Ἰεζάϐελ,
3176 800 3398 870 γύναιον
3444 800 3599 854 ἀναί-

2008 909 2233 963 σχυντον
2258 893 2351 945 καὶ
2372 894 2841 963 ἀπηγορευμένον,
2864 893 3169 963 ἀκάθαρτον
3192 894 3287 947 καὶ
3309 893 3603 962 ἐναγέστα-

2008 1003 2121 1049 τον,
2157 985 2289 1058 φησί
2314 999 2330 1015 ⁶
2366 985 2432 1038 Τί
2459 986 2626 1057 λυπῇ,
2661 986 2756 1039 καὶ
2780 987 2879 1039 οὐκ
2905 986 3139 1051 ἐσθίεις;
3164 986 3393 1046 ἀνάστα,
3421 985 3562 1054 φάγε
3580 998 3601 1016 ν

2011 1076 2122 1145 ἐγώ
2162 1092 2222 1129 σε
2270 1075 2410 1130 ποιῶ
2450 1076 2859 1147 κληρονομῆσαι
2893 1076 2984 1129 τὸν
3022 1076 3324 1147 ἀμπελῶνα
3355 1074 3602 1131 Ναϐουθέ

2010 1167 2106 1222 τοῦ
2151 1167 2541 1239 Ἰεζραηλίτου.
2573 1169 2684 1221 Καὶ
2714 1167 2953 1221 λαϐοῦσα
2982 1168 3186 1240 γράφει
3225 1167 3511 1238 ἐπιστολὴν
3535 1168 3599 1220 ἐκ

2011 1258 2306 1332 προσώπου
2356 1260 2451 1317 τοῦ
2506 1260 2775 1329 βασιλέως
2807 1260 2945 1332 πρὸς
2977 1261 3105 1324 τοὺς
3151 1260 3600 1333 πρεσϐυτέρους,

2011 1354 2249 1422 λέγουσα
2274 1369 2289 1384 ⁸
2329 1353 2620 1425 Κηρύξατε
2664 1352 2942 1424 νηστείαν,
2984 1355 3079 1407 καὶ
3122 1355 3358 1425 στήσατε
3405 1354 3603 1425 ἄνδρας

2012 1444 2230 1514 ψευδεῖς
2261 1445 2405 1498 κατὰ
2436 1444 2707 1509 Ναϐουθέ,
2755 1444 2838 1498 ὅτι
2865 1443 3127 1513 εὐλόγησε
3157 1444 3291 1498 Θεὸν
3320 1444 3414 1498 καὶ
3448 1445 3604 1514 βασι-

2014 1538 2132 1602 λέα,
2166 1538 2466 1604 τουτέστιν,
2506 1537 2951 1616 ἐϐλασφήμησεν.
2999 1538 3065 1589 Ὢ
3095 1537 3317 1609 νηστεία
3352 1539 3606 1590 ἐπιτετα-

2019 1632 2189 1703 μένης
2249 1632 2353 1700 τῆς
2413 1630 2762 1702 παρανομίας
2818 1629 3226 1704 πεπληρωμένη
3258 1648 3272 1663 ο
3331 1629 3605 1702 ἐκήρυξαι

2014 1723 2290 1795 νηστείαν,
2323 1724 2411 1778 ἵνα
2439 1724 2600 1793 φόνον
2632 1723 2921 1793 ποιήσωσι.
2954 1722 3021 1775 Τί
3047 1718 3139 1776 οὖν
3164 1723 3426 1792 γέγονεν;
3471 1723 3610 1775 Ἐλιυ

2016 1814 2190 1885 θάσθη
2240 1813 2514 1878 Ναϐουθέ,
2546 1813 2643 1867 καὶ
2667 1812 2933 1870 ἀπέθανε.
2964 1811 3231 1867 Μαθοῦσα
3271 1813 3331 1866 66
3373 1810 3612 1877 Ἰεζάϐελ

2015 1908 2163 1977 λέγει
2191 1907 2269 1978 τῷ
2296 1906 2502 1978 Ἀχαάϐ
2519 1922 2536 1937 °
2570 1906 2828 1970 Ἀνάστα,
2861 1906 3365 1978 κληρονομήσωμεν
3392 1908 3484 1958 τὸν
3505 1907 3612 1977 ἁμ-

2017 2001 2255 2063 πελῶνα,
2282 2003 2365 2054 ὅτι
2396 1999 2635 2054 ἀπέθανε
2665 1997 2937 2053 Ναϐουθέ.
2978 1998 3037 2050 Ὀ
3069 1998 3128 2051 δὲ
3158 1997 3423 2067 λυπηθεὶς
3472 1996 3611 2068 πρὸς

2016 2096 2077 2149 τὸ
2096 2097 2294 2167 παρὸν,
2330 2093 2549 2166 εἰσῆλθε
2573 2093 2782 2165 μέντοι,
2812 2093 2908 2146 καὶ
2935 2090 3349 2164 ἐκληρονόμησε
3384 2090 3473 2144 τὸν
3504 2092 3613 2160 ἀμ-

2016 2187 2254 2240 πελῶνα.
2293 2186 2508 2257 Πέμπει
2539 2185 2677 2256 πρὸς
2710 2182 2872 2239 αὐτόν
2900 2186 2929 2238 6
2957 2183 3089 2249 Θεὸς
3127 2183 3315 2237 Ἦλίαν
3343 2182 3435 2235 τὸν
3473 2199 3611 2254 προ-

2018 2282 2197 2351 φήτην
2223 2299 2236 2312 ·
2267 2281 2529 2341 ’Λπελθε,
2558 2280 2747 2349 φησὶν,
2781 2278 2936 2333 εἰπὸν
2962 2279 3042 2350 τῷ
3078 2278 3304 2351 Ἀχαά6,
3352 2278 3505 2333 Ἀνθ’
3524 2272 3613 2333 ὧν

2016 2374 2360 2442 ἐφόνευσας
2386 2372 2484 2427 καὶ
2509 2373 3033 2441 ἐκληρονόμησας,
3068 2373 3256 2439 οὕτως
3279 2371 3615 2442 ἐκχυθήσε-

2018 2482 2115 2518 ται
2145 2465 2214 2518 τὸ
2248 2461 2393 2535 αὶζαά
2423 2480 2563 2532 σου,
2599 2465 2697 2519 καὶ
2733 2469 2787 2519 οὶ
2820 2465 3007 2531 κύνες
3049 2464 3328 2529 λείξουσι
3359 2465 3429 2517 τὸ
3473 2460 3619 2535 aliud

2022 2572 2162 2624 σου,
2203 2557 2301 2610 καὶ
2335 2560 2395 2611 αι
2428 2557 2645 2625 πόρναι
2674 2556 3006 2612 λούσονται
3036 2555 3106 2609 ἐν
3137 2554 3218 2621 τῷ
3244 2556 3447 2626 αἵματι
3475 2572 3614 2611 σου.

2022 2648 2295 2721 Θεήλατος
2331 2652 2364 2721 ή
2399 2650 2561 2721 ὀργή,
2589 2651 2977 2721 ἀπηρτισμένη
3015 2651 3049 2720 ή
3084 2650 3382 2719 ἀπόφασις,
3408 2650 3621 2719 πεπλη-

2025 2739 2249 2811 ρωμένη
2278 2742 2312 2811 ή
2347 2740 2637 2810 καταδίκη.
2666 2741 2777 2794 Καὶ
2804 2740 2909 2810 ὅρα
2934 2740 3040 2795 ποῦ
3066 2740 3278 2811 πέμπει
3306 2739 3467 2793 αὐτόν
3492 2755 3507 2770 ο
3541 2741 3622 2803 είς

2022 2828 2116 2881 τὸν
2146 2828 2468 2899 ἀμπελῶνα.
2508 2830 2682 2882 Ὅπου
2715 2831 2748 2900 ή
2786 2830 3127 2901 παρανομία,
3180 2830 3299 2882 ἐκεῖ
3344 2826 3441 2882 καὶ
3472 2830 3506 2897 ή
3538 2845 3623 2881 τι-

2028 2918 2227 2990 μωρία.
2257 2918 2369 2971 Kal
2391 2917 2446 2970 τί
2468 2934 2667 2988 φησιν;
2706 2917 2853 2971 Ἰδὼν
2875 2917 3037 2971 αὑτὸν
3071 2917 3276 2988 Ἀχαάϐ
3305 2916 3476 2987 λέγει’
3503 2916 3622 2970 Εὕ-

2018 3002 2214 3072 ρηκάς
2228 3021 2308 3069 με
2332 3008 2363 3058 ό
2382 3004 2597 3074 ἐχθρός
2617 3023 2765 3073 μου,
2793 3006 2914 3058 ἀντὶ
2933 3004 3052 3069 τοῦ,
3096 3006 3383 3059 ’Υπαίτιόν
3406 3022 3473 3075 με
3501 3004 3624 3058 έλα-

2027 3091 2121 3155 ϐες
2154 3093 2236 3144 ὅτι
2268 3092 2570 3163 ἡμάρτηκα
2595 3105 2610 3120 ⁸
2645 3092 2742 3146 νῦν
2774 3092 2967 3162 καιρὸν
2996 3092 3141 3161 ἔχεις
3166 3090 3474 3162 ἐπεμϐῆναί
3506 3108 3620 3161 μοι.

2029 3179 2306 3247 Εὕρηκὰς
2329 3196 2406 3247 με
2431 3182 2464 3233 ό
2492 3179 2709 3247 ἐχθρός
2730 3196 2873 3247 μου.
2921 3178 3144 3250 Ἐπειδὴ
3174 3179 3407 3249 ήλεγχεν
3457 3179 3546 3231 ἀεὶ
3594 3179 3624 3231 6

2041 3268 2227 3331 Ἦλίας
2250 3267 2342 3321 τὸν
2375 3267 2600 3339 ’Λχαάϐ,
2623 3271 2653 3322 6
2680 3266 2887 3338 Ἀχαάϐ
2914 3266 3070 3332 είδὼς
3094 3268 3179 3321 ὅτι
3204 3268 3477 3338 ἥμαρτεν,
3513 3265 3627 3320 Ἀεὶ

2033 3359 2131 3427 μὲν
2147 3358 2379 3429 ῆλεγχές
2397 3374 2487 3429 με,
2512 3357 2645 3427 φησί
2662 3374 2676 3389 ·
2690 3357 2786 3411 νῦν
2805 3358 2863 3412 66
2884 3356 3161 3429 εὐκαίρως
3181 3374 3271 3428 μοι
3290 3356 3591 3418 ἐπιϐαίνεις
3609 3373 3624 3387 ·

2029 3445 2145 3516 ᾔδει
2184 3445 2295 3516 γὰρ
2324 3447 2405 3499 ὅτι
2448 3446 2764 3518 ἡμάρτηκε.
2808 3444 3303 3517 Παραναγινώσκει
3342 3444 3491 3515 αὐτῷ
3527 3445 3628 3515 τὴν

2030 3534 2311 3603 ἀπόφασιν
2329 3549 2343 3564 ·
2369 3533 2514 3588 Τάδε
2528 3534 2693 3604 λέγει
2709 3534 2946 3602 Κύριος,
2971 3534 3157 3603 φησίν·
3194 3533 3352 3587 Ἀνθ’
3374 3526 3463 3586 ὧν
3489 3532 3633 3601 ἐφό-

2031 3638 2260 3688 νευσας
2270 3622 2369 3676 καὶ
2384 3622 2885 3692 ἐκληρονόμησας
2897 3621 2994 3675 καὶ
3009 3616 3153 3690 αἷμα
3163 3618 3383 3688 ἀνδρὸς
3395 3620 3630 3673 δικαίου

2033 3712 2302 3782 ἐξέχεας,
2340 3712 2529 3778 οὕτως
2556 3709 2958 3779 ἐκχυθήσεται
2994 3707 3061 3763 τὸ
3093 3708 3239 3778 αἷμά
3272 3723 3410 3772 σου,
3440 3708 3538 3762 καί
3574 3711 3630 3762 οι

2034 3802 2215 3866 κύνες
2230 3799 2548 3863 λείξουσιν
2568 3797 2721 3871 [291]
2737 3798 2907 3861 αὐτὸ,
2928 3798 3024 3851 καί
3049 3799 3110 3850 αἱ
3132 3798 3347 3864 πόρναι
3366 3796 3631 3851 λοὺσον-

2035 3905 2128 3941 ται
2162 3888 2232 3940 ἐν
2257 3885 2338 3952 τῷ
2377 3887 2580 3955 αἵματὶ
2614 3902 2753 3939 σου.
2804 3883 3074 3946 ’Λκούσας
3108 3882 3285 3936 ταῦτα
3325 3881 3529 3952 Ἀχαάϐ
3559 3877 3628 3952 ἦν

2038 3974 2449 4047 σκυθρωπάζων
2478 3974 2573 4027 καὶ
2604 3972 2817 4025 πενθῶν
2849 3972 2943 4024 ἐπὶ
2974 3975 3042 4042 τῇ
3068 3970 3317 4041 ἁμαρτίᾳ
3341 3988 3353 4000 ·
3387 3970 3633 4038 συνέγνω

2035 4063 2134 4135 τὴν
2160 4063 2396 4124 ἀδικίαν,
2428 4062 2523 4114 καὶ
2554 4060 2712 4114 ἔλυσε
2737 4059 2835 4131 τὴν
2863 4058 2984 4113 κατ’
3015 4057 3182 4110 αὑτοῦ
3214 4056 3396 4126 ψῆφον
3422 4058 3450 4110 6
3474 4057 3633 4121 Θεός.

2050 4151 2211 4205 Ἀλλά
2233 4151 2451 4222 πρῶτον
2473 4148 2858 4219 ἀπελογήσατο
2888 4148 2917 4199 6
2943 4145 3075 4208 Θεὸς
3098 4146 3176 4217 τῷ
3217 4144 3397 4215 Ἠλίᾳ,
3432 4144 3522 4197 ἴνα
3554 4144 3630 4214 μὴ

2037 4240 2113 4304 ὡς
2162 4238 2406 4309 ψεύστης
2456 4235 2650 4308 φανῇά
2687 4235 2783 4290 καὶ
2820 4233 2967 4305 πάθη
3002 4234 3142 4305 ὅπερ
3171 4231 3373 4286 ἔπαθεν
3403 4233 3631 4293 Ἰωνᾶς·

2038 4328 2281 4383 τοιοῦτον
2311 4328 2420 4398 γὰρ
2449 4324 2656 4394 ὑπέστη
2685 4324 2780 4377 καἾ.
2808 4325 2836 4376 6
2870 4323 3076 4383 Ἰωνᾶς.
3108 4320 3274 4387 Λέγει
3303 4319 3440 4390 πρὸς
3469 4319 3635 4373 αὑτὸν

2041 4418 2069 4470 6
2088 4416 2220 4477 Θεός
2243 4432 2259 4446 ο
2296 4412 2555 4475 ¹Ἀπελθε,
2590 4408 2829 4482 κήρυξον
2858 4410 2939 4471 εἰς
2963 4406 3155 4460 Νινευῒ
3185 4407 3285 4478 τὴν
3319 4406 3476 4459 πόλιν
3508 4407 3568 4459 ἐν

2043 4500 2356 4556 κατοικοῦσι
2380 4499 2589 4553 δώδεκα
2621 4496 2882 4569 μυριάδες
2914 4494 3219 4565 ἀνθρώπων
3245 4494 3414 4566 χωρὶς
3452 4510 3639 4559 γυναι-

2044 4590 2157 4647 κῶν
2184 4592 2282 4645 καὶ
2312 4590 2541 4644 παιδίων
2558 4604 2575 4619 ’
2605 4589 2735 4641 Ἔτι
2760 4585 2920 4655 τρεῖς
2939 4585 3283 4656 ἡμέραι,καὶ
3307 4584 3517 4639 Νινευτ
3535 4602 3641 4639 κα⁹

2045 4679 2554 4749 ταστραφήσεται.
2596 4674 2656 4728 ὐ
2697 4675 2884 4738 Ἰωνᾶς
2920 4675 3022 4727 οὐκ
3066 4671 3328 4743 ἠϐούλετο
3359 4671 3637 4734 ἀπελθεῖν,

2047 4771 2203 4835 εἰδὼς
2229 4771 2326 4840 τὴν
2342 4767 2439 4822 τοῦ
2470 4765 2607 4821 Θεοῦ
2630 4763 3042 4836 φιλανθρωπίαν
3063 4780 3077 4795 ν
3102 4762 3241 4817 ἀλλὰ
3264 4761 3319 4814 τί
3345 4764 3519 4827 ποιεῖς
3547 4761 3640 4825 Εἰς

2048 4861 2228 4931 φυγὴν
2249 4858 2542 4930 τρέπεται⁶
2571 4855 2718 4924 λέγει
2749 4854 2879 4926 γὰρ,
2923 4851 3068 4921 Ἐγὼ
3096 4853 3409 4922 ἀπέρχομαι
3432 4851 3643 4921 κηρύσ-

2051 4961 2180 5003 σων·
2200 4947 2265 5001 σὺ
2282 4946 2666 5018 φιλάνθρωπος
2695 4942 2771 4996 ὢν
2801 4941 3104 5013 μεταμέλῃ,
3127 4938 3239 5007 ἐγὼ
3272 4939 3327 4991 δὲ
3345 4936 3422 5001 ὡς
3446 4937 3642 5006 ψευδοο

2051 5039 2339 5112 προφήτης
2351 5035 2704 5108 ἀναιροῦμαι.
2724 5032 2864 5085 Ἀλλ’
2881 5032 3031 5101 ὅμως
3046 5033 3079 5100 ή
3106 5028 3352 5083 θάλασσα
3367 5026 3532 5081 αὑτὸν
3545 5027 3644 5080 λαο

2052 5128 2222 5181 ϐοῦσα
2246 5128 2347 5181 οὐκ
2369 5123 2626 5196 ἔκρυψεν,
2649 5120 2764 5176 ἀλλ’
2786 5120 3036 5173 ἀπέδωκε
3060 5121 3127 5190 τῇ
3155 5120 3247 5188 γῇ,
3271 5117 3366 5171 καὶ
3386 5117 3643 5171 ἀπέσωσε

2053 5216 2216 5270 πάλιν
2250 5215 2331 5276 εἰς
2361 5210 2573 5273 Νινευῒ,
2607 5208 2859 5279 καθάπερ
2882 5206 3081 5278 ἀρίστη
3108 5205 3394 5269 σύνδουλος
3425 5204 3646 5257 σύνδου-

2053 5305 2144 5357 λον
2168 5300 2520 5371 διατηροῦσα.
2547 5295 2774 5363 Ιίατέϐη
2802 5296 2931 5367 γάρ,
2961 5295 3147 5364 φησὶν,
3184 5292 3390 5358 Ἰωνᾶς
3416 5292 3520 5347 τοῦ
3534 5309 3648 5360 φυ-

2055 5394 2201 5461 γεῖν,
2241 5389 2339 5443 καὶ
2383 5384 2523 5456 εὗρε
2555 5386 2775 5441 πλοῖον
2812 5383 3066 5450 ,βαδίζον
3102 5384 3190 5448 είς
3233 5380 3507 5450 Θαρσεῖς,
3543 5378 3646 5434 καὶ

2056 5481 2238 5534 ἔδωκε
2264 5478 2373 5531 τὸν
2399 5477 2631 5530 ναῦλον
2658 5472 2866 5535 αὐτοῦ,
2897 5473 2995 5526 καὶ
3017 5470 3202 5539 ἀνέϐη
3225 5472 3311 5535 εἰς
3334 5468 3504 5521 αὑτό.
3531 5465 3645 5519 Ποῦ

2058 5566 2281 5637 φεύγεις
2328 5566 2516 5631 Ἵωνᾶ;
2564 5564 2644 5625 εἰς
2693 5561 2797 5632 γῆν
2833 5559 3001 5630 ἄλλην
3044 5557 3295 5629 ἀπέρχῃ;
3346 5551 3511 5608 ’Λλλά
3549 5552 3645 5606 τοῦ

2121 5693 2271 5767 {Alii
2296 5696 2441 5767 ςῖηξετ
2460 5711 2577 5763 quos
2595 5695 2775 5767 εμυὶιοὶ
2800 5696 2921 5767 νείκε’.
2942 5691 3090 5767 αὖξοῦ
3124 5691 3261 5767 δίκηγ
3278 5691 3314 5761 δ.
3327 5688 3463 5744 θεάς·
3501 5687 3649 5767 Ἀἒλσὲ

2059 5762 2248 5871 πιρῐιξντον
2287 5752 2565 5821 ἀναλόγίσαι
2599 5761 2659 5808 τὰ
2696 5752 2781 5808 τοῦ
2815 5756 3098 5813 ’11).ίου,¹ίνα
3122 5754 3185 5814 μή
3231 5752 3439 5813 ψεύστης
3474 5755 3591 5814 φανῇ
3617 5753 3648 5828 ’6

2152 5837 2246 5871 mou.

2152 5837 2246 5877 .ιας.
