4066 6474
479 357 586 413 289

478 469 705 538 Κτφίου
734 470 771 537 ἡ
811 468 884 540 γῆ
905 468 1003 525 καί
1038 469 1099 524 τὸ
1131 473 1426 542 πλήρωμα
1449 475 1657 545 αὐτῆς.
1704 479 1842 533 Ἀλλ’
1869 484 1950 547 εἰς
1972 484 2071 555 τὴν

477 560 786 628 θάλασσαν;
812 562 925 615 Οὐκ
949 557 1099 627 οἶδας
1123 564 1206 617 ὃτι
1245 566 1446 621 Αὐτοῦ
1487 568 1659 623 ἐστιν
1695 571 1734 639 ἡ
1762 570 2069 638 θάλασσα,

474 653 574 707 καί
606 651 787 719 αὐτὸς
811 653 1103 722 ἐποίησεν
1136 656 1332 725 αὐτήν
1354 676 1372 722 ;
1419 657 1559 711 Ἀλλ’
1582 661 1662 724 είς
1689 662 1781 715 τὸν
1801 664 2033 735 οὐρανόν
2056 685 2072 725 '.

473 743 587 796 Οὐκ
616 743 857 813 ἤκουσας
886 742 980 797 τοῦ
1015 742 1178 799 Δαυῖδ
1207 745 1477 815 λέγοντος,
1508 746 1593 802 ὅτι
1636 750 1892 820 Ὄψομαι
1929 753 2063 818 τοὺς

470 834 790 904 οὐρανοὺς,
828 837 973 908 ἔργα
995 835 1114 892 τῶν
1157 838 1477 895 δακτύλων
1517 855 1671 905 σου;
1725 842 1866 896 Ἀλλ’
1915 845 2064 915 ὅμως

470 929 677 993 ἐκεῖνος
720 929 871 1002 φόϐῳ
914 930 1279 1003 κατεχόμενος
1323 931 1492 1002 ἔφυγε
1545 930 1626 1003 τῷ
1673 934 1851 988 δοκεῖν
1878 951 1894 968 ⁸
1934 933 2066 989 Θεὸν

469 1018 578 1091 γὰρ
599 1018 816 1090 ἀληθῶς
834 1025 1026 1091 φυγεῖν
1048 1023 1330 1078 ἀδύνατον.
1358 1026 1547 1094 Ὅμως
1573 1026 1661 1079 ὅτε
1689 1026 2067 1098 ἀποκατέστη-

469 1127 563 1164 σεν
593 1111 755 1168 αὐτὸν
786 1115 818 1186 ὴ
855 1114 1121 1181 Θάλασσα,
1155 1118 1248 1171 καὶ
1277 1112 1441 1189 ἦλθεν
1476 1119 1556 1182 είς
1584 1118 1632 1172 Ν
1641 1121 1793 1181 ινευὶ,
1828 1119 2063 1192 ἐκήρυξε

468 1202 643 1272 λέγων
659 1205 763 1270 ὅτι,
788 1208 910 1260 Ἔτι
936 1207 1093 1275 τρεῖς
1114 1209 1347 1278 ἡμέραι,
1375 1211 1472 1265 καὶ
1497 1214 1701 1267 Νινευὶ
1728 1227 2063 1280 καταστρα-

467 1295 749 1364 φήσεται.
788 1297 905 1352 Ἵνα
932 1299 988 1352 δὲ
1016 1300 1195 1372 μάθῃς
1220 1302 1303 1354 ὅτι
1323 1304 1481 1355 τοῦτο
1503 1302 1643 1374 ἔχων
1667 1305 1723 1357 ἐν
1746 1303 1956 1377 διανοίᾳ
1984 1308 2063 1371 εἰς

469 1387 648 1459 φυγὴν
690 1388 891 1443 ἔδωκεν
929 1390 1152 1455 ἐαυτὸν,
1205 1393 1285 1445 ὅτι
1330 1392 1359 1444 6
1397 1393 1529 1457 Θεὸς
1569 1393 1952 1466 φιλάνθρωπος
1987 1393 2063 1448 ὢν

471 1482 726 1548 μετανοεῖ
756 1482 851 1535 ἐπὶ
884 1485 950 1554 τῇ
988 1484 1159 1556 κακίᾳ
1282 1485 1512 1556 ἐλάλησε
1556 1488 1685 1558 περὶ
1722 1488 1921 1553 αὐτῶν,
1973 1490 2061 1542 καῖ

468 1569 695 1642 ἔμελλεν
725 1573 889 1637 αὐτὸς
915 1573 991 1638 ώς
1021 1574 1473 1648 ψευδοπροφήτης
1498 1573 1657 1643 εἶναι,
1691 1579 1855 1644 αὐτὸς
1883 1579 2062 1649 ἐαυτῷ

466 1662 707 1717 δείκνυσι
727 1677 772 1719 ε.
793 1664 949 1718 Μετὰ
965 1666 1071 1737 γὰρ
1092 1667 1151 1720 τὸ
1173 1668 1406 1739 κηρῦξαι
1433 1671 1491 1721 ἐν
1512 1672 1577 1740 τῇ
1605 1670 1651 1722 Ν
1659 1670 1820 1735 ινευὶ,
1839 1670 2062 1741 ἐξῆλθεν

467 1753 575 1820 ἐξω
602 1755 703 1826 τῆς
731 1756 960 1822 πόλεως,
992 1759 1085 1811 καὶ
1112 1762 1410 1832 παρετήρει
1437 1761 1489 1813 τί
1514 1761 1580 1816 ἂν
1605 1763 1862 1831 γένηται·
1891 1763 1979 1815 ὅτε
2005 1762 2063 1816 δὲ

465 1842 573 1901 εἶδε
617 1850 766 1918 τρεῖς
809 1848 1025 1921 ἡμέρας
1065 1851 1465 1924 παρελθούσας,
1498 1850 1593 1907 καὶ
1627 1853 1863 1922 οὐδαμοῦ
1909 1853 2062 1907 οὐδὲν

462 1939 573 1993 τῶν
599 1940 981 2013 ἠπειλημένων
1014 1945 1322 2015 γινόμενον,
1363 1946 1484 1999 τότε
1522 1946 1614 1999 τὸν
1648 1944 1866 2018 πρῶτον
1895 1944 2062 1999 αὑτοῦ

462 2032 723 2105 λογισμὸν
753 2037 913 2099 κινεῖ,
945 2034 1041 2089 καὶ
1070 2035 1249 2104 λέγει·
1280 2040 1404 2107 Οὐχ
1432 2028 1600 2093 οὗτοι
1628 2041 1789 2092 εἰσιν
1813 2041 1867 2092 οί
1890 2041 2061 2108 λόγοι

457 2142 577 2193 μου
614 2125 722 2191 οὓς
753 2125 990 2197 ἔλεγον,
1019 2126 1109 2182 ὅτι
1139 2133 1172 2182 ό
1202 2130 1341 2192 Θεὸς
1362 2129 1635 2200 ἐλεήμων
1662 2131 1791 2184 ἐστὶ
1820 2131 1920 2184 καὶ
1942 2148 2060 2201 μα-

462 2217 760 2286 κρόθυμος
803 2219 903 2273 καὶ
939 2220 1256 2289 μετανοῶν
1292 2223 1389 2277 ἐπὶ
1430 2223 1669 2289 κακίαις
1694 2222 2061 2291 ἀνθρώπωνὶ

464 2306 562 2360 Ἶν’
592 2303 686 2361 οῦν
715 2309 788 2380 μή
814 2325 867 2362 τι
892 2310 1137 2366 τοιοῦτον
1166 2312 1315 2384 πάθῃ
1351 2314 1559 2378 Ἠλίας,
1592 2310 1702 2367 οἷον
1727 2316 1820 2369 καὶ
1852 2316 2058 2381 Ἰωνᾶς,

458 2397 609 2468 λέγει
643 2404 671 2454 6
709 2401 841 2467 Θεὸς
875 2406 973 2476 τὴν
1004 2406 1206 2471 αἰτίαν,
1246 2407 1313 2458 δι’
1353 2408 1419 2477 ἢν
1448 2406 1525 2477 τῷ
1574 2407 1779 2477 ’Δχαὰε
1822 2405 2060 2477 συνεχώ-

463 2511 617 2565 ρησε.
655 2495 766 2548 Kal
794 2495 846 2549 τί
874 2513 1038 2567 φησιν
1077 2501 1105 2552 ό
1145 2499 1278 2563 Θεὸς
1324 2500 1460 2572 πρὸς
1492 2500 1583 2553 τὸν
1632 2502 1859 2567 Ἦλίαν;
1887 2499 2061 2570 Εἶδες

460 2585 589 2653 πῶς
615 2588 911 2657 ἐπορεύθη
961 2590 1174 2659 Ἀχαὰϐ
1212 2589 1451 2645 πενθῶν
1480 2592 1579 2645 καὶ
1620 2592 2060 2661 σκυθρωπάζὶυν

460 2678 718 2732 ἐνώπιόν
733 2698 887 2750 μου;
921 2683 1003 2735 Οὐ
1027 2682 1114 2752 μὴ
1141 2684 1375 2748 ποιήσω
1397 2682 1546 2736 κατὰ
1573 2682 1688 2751 τὴν
1713 2685 1930 2738 κακίαν
1948 2687 2057 2738 αὺ-

461 2768 589 2826 τοῦ.
625 2772 817 2836 Βαϐαῖ,
848 2771 1115 2844 δεσπότης
1148 2773 1336 2827 δούλου
1375 2777 1668 2848 συνήγορος
1698 2777 1931 2846 γίνεται,
1965 2780 2059 2834 καὶ

460 2864 816 2932 ἀπολογεῖται
842 2864 976 2929 Θεὸς
1004 2864 1281 2938 ἀνθρώπῳ
1316 2868 1455 2941 ὑπὲρ
1482 2869 1773 2940 ἀνθρώπου
1799 2890 1811 2902 ·
1840 2874 1935 2945 Μὴ
1966 2873 2055 2927 νό-

464 2954 612 3027 μιζε,
645 2958 831 3028 φησὶν,
864 2959 946 3011 ὅτι
968 2957 1156 3023 ἁπλῶς
1178 2959 1535 3032 συνεχώρησα
1562 2961 1713 3033 αὐτῷ
1740 2979 1754 2993 ⁸
1789 2964 2057 3036 μετερρύ-

460 3049 622 3119 θμισε
658 3049 751 3103 τὸν
779 3050 1001 3121 τρόπον,
1038 3051 1133 3105 καὶ
1167 3052 1464 3122 μετέϐαλον
1495 3053 1594 3126 τὴν
1624 3055 1795 3126 ὀργήν
1828 3072 1931 3127 μου
1960 3056 2056 3110 καὶ

458 3140 717 3197 ἁνέλυσα.
742 3143 851 3196 Kal
874 3143 960 3197 ἵνα
986 3144 1062 3215 μὴ
1087 3143 1354 3217 νομισθῇς
1378 3146 1442 3200 σὺ
1465 3145 1542 3209 ὡς
1561 3145 2017 3220 ψευδοπροφήτης
2036 3164 2052 3178 ’

460 3235 526 3288 σὺ
563 3234 672 3306 γὰρ
702 3234 919 3306 ἀληθῶς
949 3231 1111 3302 εἶπας
1135 3256 1150 3271 ⁸
1181 3240 1231 3292 εἰ
1274 3239 1350 3312 μὴ
1377 3237 1648 3311 μετέϐαλε
1683 3239 1775 3292 τὸν
1808 3241 2013 3312 τρόπον
2036 3283 2052 3306 ,

460 3327 749 3398 ὑπομεῖναι
783 3325 899 3400 εἶχε
937 3330 1007 3384 τὰ
1047 3331 1148 3401 τῆς
1191 3332 1521 3401 ἀποφάσεως
1546 3348 1559 3361 ⁸
1590 3332 1706 3385 ἀλλ’
1753 3327 1907 3398 οὗτος
1955 3334 2055 3404 μὲν

416 3484 419 3489 ι
462 3419 725 3491 μετέὸαλε
759 3423 850 3476 τὸν
882 3424 1105 3495 τρόπον,
1136 3422 1293 3492 κάγὼ
1324 3424 1559 3478 άνέλυσα
1592 3425 1691 3497 τὴν
1724 3425 1896 3496 ὀργήν
1926 3443 2050 3496 μου.

458 3513 568 3566 Καί
594 3530 758 3583 φησιν
790 3513 945 3585 [292]
979 3517 1008 3568 6
1035 3514 1170 3577 Θεὸς
1195 3514 1332 3584 πρὸς
1359 3516 1450 3569 τὸν
1486 3514 1692 3568 Ἠλίαν·
1721 3512 1899 3581 Εἶδες
1927 3516 2055 3583 πῶς

457 3604 753 3672 ἐπορεύθη
797 3606 1013 3674 Ἆχιιὰϐ
1049 3602 1285 3659 πενθῶν
1330 3606 1426 3659 καί
1460 3604 1937 3673 σκυθρωπάζωνς
1969 3610 2053 3663 06

454 3695 542 3764 μὴ
563 3697 799 3764 ποιήσω
820 3695 971 3749 κατὰ
992 3698 1107 3765 τὴν
1120 3696 1308 3766 ὀργήν
1320 3717 1462 3767 μου.
1487 3694 1641 3761 Εἶδες
1656 3698 1736 3751 ὅτι
1761 3699 1823 3752 τὸ
1851 3700 2053 3772 πενθῆα-

461 3806 553 3843 σαι
584 3790 854 3860 ἐξαλείφει
884 3791 1156 3863 ἁμαρτίας
1171 3810 1188 3857 ς

528 3882 591 3937 δ’.
637 3883 819 3955 Ἔχεις
845 3882 901 3936 δέ
929 3884 1023 3936 καὶ
1049 3884 1238 3954 τρίτην
1265 3883 1385 3936 ὁδὸν
1415 3885 1728 3954 μετανοίας.
1764 3885 1975 3950 Πολλὰς
1997 3886 2053 3940 δὲ

457 3977 611 4042 ὁδοὺς
650 3978 943 4044 μετανοίας
969 3973 1144 4043 εἷπον,
1175 3979 1262 4031 ἵνα
1288 3980 1352 4049 τῇ
1388 3978 1633 4048 ποικιλίᾳ
1669 3978 1777 4033 τῶν
1806 3979 1942 4033 ὁδῶν
1971 3979 2055 4033 εῦ-

458 4070 617 4124 κολόν
648 4086 732 4123 σοι
771 4070 870 4141 τὴν
906 4069 1184 4140 σωτηρίαν
1208 4068 1556 4138 ὲργάσωμαι.
1590 4068 1728 4123 Ποία
1762 4069 1818 4123 δέ
1842 4069 1982 4142 αῦτη
2018 4072 2051 4141 ἠ

456 4164 618 4237 τρίτη
655 4163 805 4230 όδός;
854 4162 919 4216 ’Π
966 4158 1476 4232 ταπεινοφροσύνησ
1526 4161 2050 4232 ταπεινοφρόνησον,

457 4257 554 4311 καὶ
591 4256 790 4319 ἔλυσας
817 4256 916 4319 τὰς
950 4254 1141 4326 σειρὰς
1163 4252 1274 4306 τῶν
1309 4253 1615 4324 ἁμαρτιῶν.
1652 4252 1755 4305 Kal
1783 4254 1929 4324 ἔχεις
1958 4255 2053 4307 καὶ

456 4344 665 4419 ταύτης
716 4344 996 4413 ἀπόδειξιν
1042 4345 1151 4398 ἀπὸ
1182 4346 1281 4417 τῆς
1332 4344 1485 4408 θείας
1520 4345 1764 4416 Γραιρῆς,
1801 4345 1911 4399 ἀπὸ
1951 4346 2053 4416 τῆς

457 4438 822 4508 ἀναγνώσεως
840 4437 939 4507 τῆς
966 4435 1106 4489 κατὰ
1132 4437 1222 4488 τὸν
1241 4435 1481 4508 τελώνην
1505 4438 1600 4489 καὶ
1622 4436 1712 4491 τὸν
1734 4439 2050 4509 Φαρισαῖον.

474 4530 751 4602 Ἀνῆλθον,
784 4532 970 4601 φησὶν,
1003 4533 1032 4585 6
1066 4532 1360 4602 Φαρισαῖος
1402 4530 1497 4583 καὶ
1536 4531 1563 4583 6
1599 4528 1839 4603 τελώνης
1878 4532 1957 4595 εἰς
1992 4533 2052 4584 τὸ

463 4624 611 4696 ἱερὸν
641 4622 1074 4695 προσεύξασθαι,
1098 4623 1193 4677 καὶ
1215 4622 1420 4695 ἤρξατο
1438 4625 1467 4676 6
1495 4625 1789 4695 Φαρισαῖος
1805 4625 1903 4688 τὰς
1924 4626 2054 4696 ἁρε-

461 4716 559 4780 τὰς
576 4715 741 4770 αὐτοῦ
757 4715 1332 4788 ἁπαριθμεῖσθαι.οὑκ
1349 4717 1465 4788 είμί
1484 4717 1663 4785 κάγὼ,
1680 4719 1863 4788 φησὶν,
1883 4718 2054 4790 ἁμαρ-

462 4808 630 4871 τωλὸς
657 4808 731 4872 ώς
781 4810 890 4872 πᾶς
920 4810 947 4862 ὁ
987 4809 1219 4880 κόσμος,
1253 4806 1379 4863 οὔτε
1425 4809 1503 4873 ὼς
1547 4812 1575 4863 6
1602 4809 1844 4880 τελώνης
1874 4805 2049 4874 οὗτος.

475 4901 663 4956 Ἀθλία
689 4904 783 4955 καὶ
820 4902 1137 4975 ταλαίπωρε
1165 4902 1314 4974 ψυχὴ
1342 4903 1391 4967 δ,
1428 4902 1559 4971 ὃλην
1585 4902 1682 4974 τὴν
1724 4902 2053 4974 οἰκουμένην

463 4993 846 5057 κατεδίκασας.
870 4994 958 5046 διὰ
984 4995 1035 5049 τί
1070 4995 1165 5048 καὶ
1196 4995 1292 5047 τὸν
1318 4993 1488 5062 ἐγγύς
1526 5010 1621 5046 σου
1657 4991 1915 5063 ἔθλιῲαω
1952 4994 2054 5046 οὐκ

462 5086 668 5158 ἡρκεσέ
701 5102 781 5139 σοι
807 5088 840 5154 ἡ
876 5086 1193 5158 οἰκουμένη,
1232 5086 1281 5137 εἰ
1310 5085 1385 5155 μὴ
1420 5084 1625 5138 καὶτὸν
1654 5084 1894 5156 τελώνην
1923 5103 2054 5140 κατ-

463 5181 720 5253 έκρινας;
774 5181 986 5244 πάντας
1034 5179 1291 5235 ἐντεῦθεν
1337 5178 1613 5244 διέϐαλες,
1653 5180 1748 5232 καὶ
1794 5180 1915 5233 οὐδὲ
1956 5179 2051 5233 τοῦ

464 5272 581 5335 ἐνὸς
607 5271 801 5342 ἀνδρὸς
833 5272 1060 5339 ἐφείσω.
1096 5270 1211 5323 Οὐκ
1234 5269 1353 5340 είμί
1381 5269 1491 5338 ἐγὼ
1517 5268 1593 5334 ώς
1625 5271 1734 5332 πᾶς
1769 5271 1797 5323 ὁ
1825 5274 2052 5342 κόσμος,

462 5365 585 5418 οὐδὲ
625 5363 700 5427 ὡς
736 5364 765 5415 6
808 5362 1049 5431 τελώνης
1081 5357 1238 5423 οὗτος
1263 5379 1276 5392 ⁸
1317 5361 1572 5433 δεύτερον
1614 5363 1716 5433 τῆς
1756 5363 2053 5433 ἑϐδομάδος

463 5455 733 5528 νηστεύω,
761 5452 1086 5508 άποδεκατῶ
1099 5454 1168 5507 τὰ
1193 5455 1514 5527 ὑπάρχοντά
1534 5474 1635 5527 μου
1658 5459 1771 5520 τοῖς
1796 5459 2050 5528 πτωχοῖς.

475 5546 821 5611 Ἀλαζονείας
872 5548 1096 5618 ῥήματα
1143 5548 1465 5617 ἐφθέγξατο.
1521 5550 1711 5603 Ἀθλιε
1769 5550 2048 5621 ἄνθρωπε,

528 5719 551 5748 ⁸
581 5724 676 5770 Alii
699 5725 837 5780 αὐτὸς
861 5727 1027 5773 ἑαυτὸν
1050 5724 1273 5775 δείκνυσι.

527 5782 717 5854 {liqua
738 5799 849 5833 mss.
875 5788 1144 5854 ᾁθλιε,-καί
1170 5788 1401 5851 ἅκόρεστε
1434 5792 1492 5851 τῆ
1517 5791 1669 5854 ψυχῇ.
1690 5788 1798 5841 Duo
1819 5790 1903 5841 alii
1926 5789 2056 5840 άθλιε

464 5840 543 5887 καὶ
563 5842 825 5903 ἀχόρταστε
846 5853 902 5907 τῇ
932 5840 1090 5907 ψυχῇ.

1182 361 1237 416 S.
1281 362 1566 419 JOANNIS
1611 365 2107 426 CHRYSOSTOMI
2155 373 2469 431 ARCIHEI‘.
2514 374 3054 437 CONSTANTINOP:

2183 487 2343 553 ἔστω,
2376 490 2474 544 τὶν
2505 492 2835 565 οἰκουμένην
2856 494 3239 561 κατεδίκασας,
3272 496 3323 549 τί
3354 498 3447 550 καὶ
3476 500 3567 553 τὸν
3594 501 3783 571 ἐγγύς

2178 598 2271 634 σου
2299 581 2537 654 τελώνην
2570 584 2916 657 ἐπέπληξας;
2942 588 3045 641 οὐκ
3070 587 3409 660 ἐνεπλήσθης
3429 595 3495 663 τῇ
3526 610 3784 665 κατηγο.

2179 674 2273 745 ρίᾳ
2306 675 2406 746 τῆς
2431 677 2787 749 οἰκουμένης,
2815 680 2866 732 εἰ
2902 679 2977 750 μὴ
3009 681 3103 733 καὶ
3125 680 3219 734 τὸν
3258 682 3356 735 σὺν
3391 684 3475 735 σοὶ
3504 685 3783 757 κατέκρι-

2176 782 2272 829 νας
2297 781 2312 831 ;
2338 766 2404 819 Τί
2433 762 2528 821 οῦν
2561 768 2591 820 6
2630 769 2903 842 τελώνης;
2948 770 3214 834 Ἀκούσας
3252 771 3428 826 ταῦτα
3454 775 3556 827 οὐκ
3594 771 3725 829 εἷπε
3754 795 3775 807 ⁸

2176 856 2249 909 Σὺ
2277 856 2388 929 γὰρ
2418 857 2503 922 τίς
2531 853 2585 912 εἴ
2619 862 2647 913 6
2671 859 2898 915 τοιαῦτά
2930 878 3022 931 μοι
3059 861 3264 930 λέγων;
3301 861 3468 915 πόθεν
3495 861 3644 928 οἶδας
3674 866 3778 919 τὸν

2176 944 2290 1016 βίον
2321 964 2422 1017 μου
2445 965 2460 1012 ;
2483 948 2543 1001 οὐ
2582 950 3030 1022 συνανεστράφης
3065 968 3155 1022 μοι
3182 968 3195 981 ⁸
3224 951 3287 1004 οὐ
3322 952 3672 1022 συνέμεινας,
3705 955 3776 1007 οὐ

2175 1039 2595 1110 συνεχρόνισας⁸
2648 1040 2737 1094 διὰ
2785 1041 2839 1094 τί
2882 1041 3138 1095 τοσοῦτον
3187 1044 3617 1116 ὑπερηφανεύῃ;
3682 1047 3775 1099 σοὶ

2171 1132 2282 1203 γὰρ
2306 1132 2392 1194 τίς
2425 1134 2696 1204 μαρτυρεῖ
2722 1133 3121 1205 ἁγαθοεργίσιςς
3149 1135 3204 1188 τί
3228 1135 3450 1189 σεαυτὸν
3474 1139 3769 1205 ἐπαινεῖς;

2169 1224 2222 1277 τί
2257 1224 2471 1295 σεαυτῷ
2504 1224 2736 1299 χαρίζῃς
2783 1225 2922 1279 Ἀλλ’
2963 1226 3117 1280 οὐδὲν
3147 1228 3357 1281 τούτων
3401 1224 3495 1280 εἷπ
3525 1246 3555 1282 ν
3602 1230 3626 1281 5
3675 1246 3774 1283 τε·-

2167 1318 2365 1390 λώνης,
2393 1319 2528 1373 ἀλλὰ
2556 1319 2736 1390 κύψας
2758 1320 3135 1391 προσεκύνησε
3161 1322 3257 1374 καὶ
3282 1316 3432 1376 εἶπεν
3450 1339 3467 1357 ⁸
3496 1321 3559 1375 '0
3588 1322 3770 1389 Θεὸς,

2167 1412 2451 1481 ἱλάσθητί
2473 1432 2575 1483 μοι
2604 1413 2685 1479 τῷ
2730 1414 3059 1483 ἁμαρτωλῷ
3078 1430 3089 1442 ⁸
3118 1415 3212 1468 καὶ
3249 1417 3772 1487 ταπεινῳρονὴσας

2162 1508 2192 1559 6
2230 1505 2468 1577 τελώνης
2497 1506 2717 1576 ἐγένετο
2744 1506 2970 1569 δίκαιος.
2991 1505 3048 1558 Ὀ
3078 1505 3136 1560 δὲ
3166 1507 3457 1578 Φαρισαῖος
3490 1506 3772 1579 κατῆλθεν

2165 1599 2231 1652 ἐκ
2259 1598 2353 1652 τοῦ
2400 1599 2544 1668 ἱεροῦ
2594 1598 2940 1670 δικαιοσύνην
2974 1598 3269 1663 ἀπολέσας,
3312 1599 3407 1652 καὶ
3451 1599 3479 1651 6
3515 1598 3769 1669 τελώνης

2166 1689 2403 1760 κατῆλθε
2434 1690 2781 1762 δικαιοσύνην
2820 1692 3183 1761 κτησάμενος·
3226 1690 3320 1743 καὶ
3360 1691 3580 1761 ῥήματα
3610 1693 3771 1761 πρά-

2167 1799 2350 1851 γματα
2386 1782 2665 1854 ἐνίκησαν.
2712 1783 2769 1835 Ὀ
2799 1782 2897 1845 μὲν
2927 1783 3036 1851 γὰρ
3064 1780 3247 1851 ἔργοις
3273 1780 3621 1850 δικαιοσύνην
3647 1783 3769 1833 ἁπ-

2164 1873 2387 1937 ώλεσεν,
2426 1876 2456 1928 6
2480 1875 2536 1928 δὲ
2568 1874 2711 1945 λόγῳ
2731 1870 3226 1944 ταπεινοφροσύνης
3245 1870 3586 1950 δικαιοσύνην
3596 1878 3765 1948 ἐκτή-

2165 1972 2314 2010 σατο.
2355 1956 2545 2013 Καίτοι
2617 1978 2681 2031 γε
2747 1966 2871 2021 οὐδέ
2912 1960 3389 2033 ταπεινοφροσύνη
3426 1956 3495 2032 ἦν
3530 1961 3717 2013 ἐκεῖνο
3746 1976 3763 1989 ⁸

2164 2057 2630 2129 ταπεινοφροσύνη
2665 2057 2776 2129 γὰρ
2800 2055 2960 2109 τοῦτό
2986 2058 3155 2117 ἐστιν,
3183 2056 3313 2107 ὅταν
3350 2069 3433 2116 τις
3467 2052 3643 2123 μέγας
3680 2049 3769 2104 ὢν

2166 2152 2359 2205 ἑαυτὸν
2384 2154 2663 2206 ταπεινοῖ·
2695 2148 2854 2203 τοῦτο
2881 2148 2938 2201 δὲ
2963 2148 3055 2202 τοῦ
3078 2146 3310 2202 τελώνου
3338 2146 3439 2200 οὐκ
3466 2142 3534 2217 ἦν
3564 2160 3766 2197 ταπειο

2163 2242 2490 2313 νοςρροσύνη,
2530 2240 2647 2295 ἀλλ’
2703 2238 2972 2311 ἀλήθεια⁴
3004 2238 3239 2311 ἀληθινὰ
3284 2238 3394 2309 γὰρ
3441 2233 3507 2309 ἦν
3553 2236 3623 2289 τὰ
3663 2237 3767 2305 ῥή-

2167 2352 2314 2405 ματα
2334 2351 2348 2366 ⁸
2379 2333 2703 2405 ἁμαρτωλὸς
2734 2332 2844 2403 γὰρ
2875 2327 2962 2404 ἦν.

2226 2433 2290 2480 ε’.
2329 2425 2395 2478 Τί
2422 2425 2532 2497 γάρ
2554 2424 2786 2477 τελώνου
2805 2426 3007 2495 χεῖρον,
3025 2421 3150 2475 εἰπέ
3180 2439 3271 2492 μοι
3293 2438 3307 2487 ;
3327 2420 3435 2475 τῶν
3450 2419 3767 2491 ἀλλοτρίων

2166 2518 2462 2590 συμφορῶν
2492 2520 2608 2570 ἐστι
2634 2515 3088 2588 πραγματευτὴς,
3116 2516 3225 2569 τῶν
3247 2514 3548 2587 ἀλλοτρίων
3573 2514 3767 2566 πόνων

2165 2614 2574 2684 συμμεριστής’
2625 2611 2842 2665 καὶτὸν
2884 2612 2983 2682 μὲν
3016 2611 3263 2681 κάματον
3299 2611 3400 2663 οὐκ
3439 2609 3762 2669 ἐπιϐλέπει,

2161 2704 2224 2757 τὸ
2256 2704 2312 2757 δὲ
2359 2704 2549 2775 κέρδος
2593 2704 2992 2775 συμμερίζεται
3017 2721 3030 2735 ⁸
3062 2703 3203 2758 ὥστε
3246 2704 3450 2774 ἐσχάτη
3502 2702 3762 2772 ἁμαρτία

2161 2797 2255 2851 τοῦ
2284 2796 2537 2851 τελώνου.
2566 2798 2732 2852 Οὐδὲν
2764 2797 2873 2867 γὰρ
2908 2795 3038 2852 ἄλλο
3063 2798 3181 2849 ἐστὶ
3206 2795 3505 2868 τελώνηςῆ
3539 2797 3762 2867 πεπαρο

2162 2892 2502 2963 ῥησιασμένη
2523 2890 2633 2960 βία,
2660 2890 2884 2960 ἔννομος
2909 2890 3178 2961 ἁμαρτία,
3197 2889 3551 2960 εὐπρόσωπος
3573 2887 3758 2942 πλεονι

2159 2984 2297 3053 εξία.
2337 2984 2404 3037 Τί
2436 2984 2547 3057 γὰρ
2599 2986 2778 3055 χεῖρον
2823 2982 3055 3037 τελώνου
3079 2981 3174 3037 τοῦ
3205 2980 3571 3051 καθεζομένου
3611 2981 3757 3033 κατὰ

2156 3082 2260 3151 τὴν
2287 3079 2424 3146 ὁδὸν,
2472 3078 2565 3131 καὶ
2604 3077 2905 3150 ἀλλοτρίων
2937 3076 3118 3131 πόνων
3149 3076 3277 3140 τοὺς
3323 3078 3574 3149 καρποὺς
3618 3091 3754 3144 τρυ-

2158 3170 2387 3239 γῶντος,
2420 3170 2514 3222 καὶ
2535 3171 2624 3222 ὅτε
2655 3170 2752 3239 μὲν
2778 3170 2827 3220 οἰ
2851 3167 3089 3239 κάματοι
3108 3208 3123 3233 ,
3148 3166 3375 3237 οὐδεμία
3400 3163 3551 3235 αὐτῷ
3585 3179 3756 3235 φρονι-

2158 3263 2263 3326 τὶς,
2296 3263 2385 3315 ὅτε
2420 3261 2477 3315 δέ
2515 3261 2578 3313 τὸ
2602 3259 2813 3331 κέρδος,
2843 3259 2904 3325 ἐξ
2939 3251 3016 3312 ὧν
3035 3259 3135 3313 οὐκ
3178 3258 3377 3329 ἔκαμε,
3415 3257 3513 3327 τὴν
3551 3255 3748 3327 μερίδι

2158 3352 2460 3423 λαμϐάνεις
2495 3352 2656 3403 ’Ὠστε
2692 3353 2740 3402 εί
2773 3350 3097 3422 ἁμαρτωλὸς
3137 3348 3289 3422 [293]
3329 3346 3406 3401 ὢν
3448 3349 3477 3400 6
3509 3346 3755 3418 τελώνης

2158 3444 2425 3514 τοσαύτης
2444 3443 2674 3513 ἐπέτυχε
2690 3443 2789 3513 τῆς
2813 3443 3022 3513 δωρεᾶς
3047 3440 3573 3513 ταπεινοφῳνὴσας,
3597 3440 3756 3509 πόσῳ

2164 3540 2362 3610 μᾶλλον
2386 3541 2414 3592 6
2439 3538 2693 3607 ἐνάρετος
2715 3534 2792 3588 ὢν
2817 3536 2910 3589 καὶ
2936 3534 3379 3606 ταπεινοφρονῶν
3405 3550 3420 3599 ;
3453 3534 3615 3585 Ὥστε
3646 3530 3747 3586 ἐὰν

2158 3631 2507 3704 ὁμολογήσῃς
2552 3630 2654 3691 τὰς
2694 3628 2970 3699 ἁμαρτίας
3025 3644 3118 3681 σου
3180 3627 3275 3681 καὶ
3325 3625 3755 3695 ταπεινοφρονή-

2161 3742 2281 3796 σῃς,
2308 3723 2515 3785 δίκαιος
2541 3721 2689 3791 γίνῃ.
2717 3720 2909 3784 Θέλεις
2934 3720 2991 3773 δὲ
3026 3721 3219 3791 μαθεῖν
3246 3719 3626 3789 ταπεινόφρων
3665 3718 3751 3778 τίς

2158 3814 2312 3873 ἐστι;
2346 3809 2510 3880 βλέπε
2532 3809 2741 3862 Παῦλον
2770 3808 2860 3861 τὸν
2888 3809 3057 3872 ὅντως
3085 3806 3511 3876 ταπεινόφρονα,
3538 3802 3751 3857 Παῦλον

2156 3901 2247 3954 τὸν
2270 3896 2589 3951 διδάσκαλον
2610 3896 2711 3966 τῆς
2735 3895 3090 3967 οἰκουμένης,
3122 3894 3214 3948 τὸν
3238 3895 3445 3964 ῥήτορα
3469 3893 3562 3945 τὸν
3592 3909 3751 3944 πνευ-

2163 3986 2410 4059 ματικὸν,
2434 3985 2493 4037 τὸ
2521 3983 2715 4047 σκεῦος
2742 3986 2841 4053 τῆς
2870 3982 3123 4051 ἐκλογῆς,
3150 3981 3243 4034 τὸν
3270 3981 3466 4051 λιμένα
3490 3980 3582 4033 τὸν
3610 3979 3744 4033 ἀκύ-

2162 4093 2386 4146 μαντον,
2419 4074 2511 4127 τὸν
2554 4073 2763 4145 πύργον
2810 4073 2902 4126 τὸν
2943 4073 3260 4137 ἀσάλευτον,
3317 4072 3410 4125 τὸν
3444 4073 3503 4124 ὲν
3536 4071 3745 4140 σώματι

2161 4165 2354 4237 βραχεῖ
2406 4166 2507 4233 τὴν
2549 4162 2880 4233 οἰκουμένην
2928 4161 3263 4224 κυκλοῦντα,
3337 4161 3433 4213 καὶ
3494 4158 3748 4230 καθάπερ

2158 4251 2462 4322 ὐπόπτερόν
2492 4268 2611 4303 τινα
2630 4249 2838 4321 ταύτην
2871 4242 3309 4321 περιδραμόντα·
3348 4247 3513 4318 βλέπε
3537 4249 3748 4303 ἐκεῖνον

2155 4340 2720 4412 ταπεινοφρονοῦντα,
2772 4339 2865 4391 τὸν
2899 4336 3116 4409 ἰδιώτην
3160 4338 3256 4391 καὶ
3294 4337 3608 4405 φιλόσοφον,
3653 4336 3748 4389 τὸν

2158 4431 2368 4501 πένητα
2396 4430 2493 4482 καὶ
2515 4427 2789 4482 πλούσιον.
2833 4426 3070 4480 Ἐκεῖνον
3097 4425 3321 4483 ἀληθῶς
3347 4424 3748 4495 ταπεινόφρονα

2158 4517 2323 4587 λέγω,
2352 4517 2444 4570 τὸν
2480 4516 2711 4587 μυρίους
2743 4515 3028 4585 καμάτους
3058 4514 3426 4584 ἀντλήσαντα,
3448 4514 3541 4566 τὸν
3572 4512 3745 4583 μυρία

2158 4608 2398 4678 τρόπαια
2434 4603 2577 4658 κατὰ
2603 4602 2695 4655 τοῦ
2718 4601 2969 4655 διαϐόλου
2998 4601 3396 4672 ἐνδειξάμενον,
3419 4600 3510 4654 τὸν
3537 4600 3743 4671 κηρύτα

2156 4712 2318 4749 τοντα
2345 4694 2440 4747 καὶ
2462 4693 2711 4760 λέγοντα,
2756 4692 2816 4745 ἹΙ
2836 4690 3012 4760 χάρις
3038 4691 3227 4747 αὑτοῦ
3262 4691 3349 4756 εἰς
3369 4689 3475 4759 ἐμὲ
3502 4692 3574 4743 οὺ
3596 4689 3742 4755 κενὴ
3822 4728 3823 4731 η

2156 4783 2412 4852 ἐγενήθη
2429 4822 2445 4847 ,
2490 4782 2653 4836 ἀλλὰ
2680 4782 3114 4851 περισσότερον
3142 4780 3387 4834 πάντων
3411 4780 3707 4833 ἐκοπίασα
3726 4797 3741 4809 ⁸

2154 4874 2183 4925 6
2221 4871 2469 4944 φυλακὰς
2515 4869 2835 4941 ὑπομείνας,
2866 4871 2961 4922 καὶ
3010 4867 3226 4939 πληγὰς
3257 4868 3353 4921 καὶ
3392 4867 3682 4938 μάστιγας·
3717 4869 3746 4918 6

2156 4961 2222 5014 δι’
2268 4957 2598 5013 Ἐπιστολῶν
2627 4975 2725 5028 την
2753 4957 3083 5027 οἰκουμένην
3115 4956 3463 5027 σαγηνεύσας
3490 4974 3503 4986 ⁸
3528 4957 3556 5010 6
3582 4956 3747 5023 οὐρα-

2158 5052 2249 5123 νίᾳ
2299 5049 2450 5119 φωνῇ
2511 5045 2751 5116 κληθεὶς,
2808 5047 3015 5110 ἐκεῖνος
3058 5048 3478 5116 ταπεινοφρονεῖ
3531 5044 3703 5112 λέγων
3729 5057 3743 5070 ·

2172 5139 2313 5210 Ἐγὼ
2357 5138 2469 5206 γάρ
2511 5140 2627 5207 εἰμι
2665 5139 2696 5191 ό
2736 5136 3063 5204 ἐλάχιστος
3105 5134 3227 5189 τῶν
3259 5135 3642 5195 ἀποστόλων,
3677 5130 3748 5199 ὃς

2160 5230 2272 5283 οὐκ
2303 5226 2420 5294 εἰμί
2467 5224 2675 5289 ἱκανὸς
2714 5223 3029 5280 καλεῖσθαι
3060 5224 3429 5288 ἀπόστολος.
3472 5218 3623 5283 Εἶδες
3653 5236 3748 5273 τα-

2160 5313 2590 5385 πεινοφροσύνης
2643 5312 2906 5381 μέγεθος,
2944 5306 3085 5373 εἶδες
3119 5309 3332 5363 Παῦλον
3387 5323 3747 5377 ταπεινοφρο·

2060 5414 2101 5446 \-
2170 5403 2377 5467 zoﬁwa,
2405 5401 2689 5474 ἐλάχιστον
2715 5400 2908 5455 ἑαυτὸν
2940 5398 3243 5458 καλοῦνται
3290 5395 3431 5465 Ἐγὼ
3466 5393 3574 5465 γάρ
3604 5395 3744 5461 εἰμι,

2161 5492 2348 5563 φησὶν,
2382 5493 2414 5544 6
2451 5489 2780 5560 ἐλάχιστος
2810 5487 2928 5542 τῶν
2958 5487 3343 5548 ἀποστόλων,
3389 5483 3457 5549 ὃς
3492 5485 3602 5535 οὐκ
3629 5481 3748 5549 εἰμὶ

2160 5580 2366 5645 ἱκανὸς
2415 5578 2729 5633 καλεῖσθαι
2769 5577 3137 5641 ἀπόστολος.
3173 5573 3343 5627 Τοῦτο
3382 5572 3493 5642 γὰρ
3531 5568 3745 5639 ἀληθῶς

2158 5667 2651 5740 ταπεινοφροσύνη,
2677 5666 2738 5719 τὸ
2766 5663 3151 5719 ταπεινοῦσθαι
3175 5666 3231 5715 έν
3256 5664 3409 5723 πᾶσι,
3439 5660 3534 5713 καὶ
3558 5656 3747 5711 ἐαυτὸν

2161 5759 2348 5813 καλεῖν
2376 5756 2675 5827 ἐλάχιστον.
2719 5755 3003 5825 Ἐννόησον
3025 5755 3109 5819 τίς
3140 5747 3208 5825 ἦν
3230 5754 3259 5805 6
3276 5752 3449 5824 λέγων
3481 5747 3653 5804 ταῦτα
3677 5748 3748 5804 τὰ

2165 5850 2229 5917 δή
2241 5864 2384 5918 ματα
2406 5863 2418 5875 ·
2445 5844 2657 5908 Παῦλος
2692 5846 2721 5898 6
2742 5843 3186 5919 οὐρανοπολίτης,
3211 5844 3240 5895 ὁ
3268 5842 3331 5895 τὸ
3372 5837 3533 5911 σῶμα
3560 5836 3747 5901 ἁπλῶς
