4066 6426
351 386 461 442 ΞΜ)

350 496 700 568 proﬁcisceris
721 497 744 552 ?
768 496 926 566 Atqui
964 492 1167 548 Domini
1193 503 1263 548 est
1285 502 1416 547 terra
1439 500 1485 545 et
1521 490 1779 564 plenitudo
1804 490 1933 561 ejus.

349 595 482 650 Nam
516 594 567 645 in
599 590 780 645 mare?
806 587 993 644 Nescis
1022 586 1183 658 quod,
1216 585 1391 655 Ipsius
1414 593 1487 639 est
1522 600 1694 649 mare,
1740 591 1787 636 et
1828 583 1939 652 ipse

350 684 466 755 fecit
487 682 617 737 illud
635 681 807 752 (Psal.
836 682 927 735 25.
953 681 978 734 1
1005 686 1061 735 et
1085 679 1174 734 91.
1202 678 1300 745 5)?
1329 677 1461 731 Nam
1483 677 1534 729 in
1553 675 1786 732 cadum?
1814 674 1933 730 Non

344 771 559 827 audiisti
597 768 849 826 Davidem
880 769 1179 825 dicentem:
1222 766 1408 821 Videbo
1437 766 1587 820 cmlos
1631 776 1744 820 tuos
1781 782 1937 835 opera

343 863 619 933 digitorum
646 871 848 916 tuorum
894 860 1066 929 (Psal.
1100 861 1154 915 8.
1200 858 1294 929 4)?
1322 857 1702 916 Verumtamen
1734 856 1826 911 ille
1863 854 1933 909 ti-

347 969 495 1008 more
524 961 803 1023 correptus
844 951 1030 1022 fugere
1085 965 1145 1006 se
1183 949 1401 1019 putabat
1434 967 1447 1001 :
1491 949 1656 1002 Deum
1703 963 1933 1017 namque

348 1061 471 1102 vere
494 1047 678 1116 lugere
706 1061 863 1100 nemo
892 1052 1084 1115 potest.
1118 1043 1218 1099 Ubi
1250 1051 1429 1097 tamen
1457 1056 1576 1094 eum
1605 1055 1752 1095 mare
1778 1039 1934 1095 resti-

346 1139 442 1193 tuit
461 1179 477 1205 ,
510 1148 566 1194 et
592 1140 736 1194 venit
759 1138 982 1193 Niniven
1004 1180 1019 1205 ,
1049 1135 1356 1206 praedicavit
1377 1134 1563 1189 dicens
1589 1150 1602 1187 :
1633 1133 1810 1187 Adhuc
1836 1142 1935 1187 tres

345 1229 481 1295 dies,
501 1237 548 1284 et
579 1228 763 1283 Ninive
790 1228 1100 1284 subvertetur
1129 1225 1273 1297 (Ion.
1306 1226 1358 1280 5.
1389 1225 1465 1294 4).
1517 1223 1586 1279 Ut
1626 1232 1802 1279 autem
1845 1224 1932 1277 in-

345 1318 553 1389 telligas
586 1318 687 1373 hoc
723 1320 873 1374 illum
925 1319 1104 1373 animo
1133 1317 1437 1371 volventem
1481 1330 1603 1371 sese
1651 1315 1723 1369 in.
1753 1314 1932 1384 fugam

344 1412 704 1475 convertisse,
761 1411 929 1465 Deum
977 1408 1264 1474 nimirum,
1316 1422 1438 1462 cum
1469 1407 1538 1461 sit
1588 1408 1929 1472 misericors,

349 1504 713 1572 ptenitentiam
764 1512 1005 1556 acturum
1059 1515 1221 1569 super
1267 1500 1488 1565 malitia,
1520 1514 1677 1568 quam
1723 1498 1790 1554 de
1829 1499 1933 1555 illis

343 1604 459 1649 erat
486 1595 734 1665 loquutus
759 1636 774 1660 ,
798 1594 1138 1663 futurumque
1177 1594 1347 1662 ipsum
1377 1590 1568 1645 falsum
1596 1590 1931 1661 prophetam,

344 1686 460 1755 ipse
486 1702 582 1756 per
606 1701 665 1742 se
701 1685 919 1741 indicat.
946 1685 1231 1755 Postquam
1270 1684 1413 1739 enim
1443 1683 1497 1737 in
1526 1682 1716 1738 Ninive
1736 1684 1928 1752 prmdi-

340 1779 520 1843 cavit,
551 1786 700 1832 extra
721 1778 989 1832 civitatem
1020 1792 1268 1847 egressus
1294 1785 1394 1839 est,
1425 1784 1480 1829 et
1504 1775 1629 1843 quid
1665 1775 1933 1830 accideret

341 1868 676 1922 observabat.
710 1868 841 1923 Cum
872 1876 1050 1923 autem
1081 1868 1403 1937 przeteriisse
1433 1876 1543 1921 tres
1590 1866 1709 1920 dies
1761 1866 1891 1921 vidit
1913 1909 1927 1929 ,

342 1973 517 2027 neque
538 1957 824 2028 quidquam
852 1974 1059 2023 eorum,
1093 1974 1212 2028 qua:
1240 1958 1596 2012 comminatus
1622 1956 1816 2020 fuerat,
1841 1975 1933 2012 us-

342 2049 482 2118 piam
514 2049 753 2116 evenire,
809 2058 919 2104 tum
969 2050 1201 2119 priorem
1242 2064 1393 2102 suam
1443 2049 1820 2118 cogitationem
1874 2049 1928 2103 in

342 2148 574 2193 mentem
603 2147 852 2206 revocat,
881 2147 934 2194 et
953 2140 1063 2192 ait:
1095 2135 1282 2192 Nonne
1306 2138 1392 2191 isti
1417 2147 1533 2192 sunt
1558 2154 1810 2193 sermones
1833 2140 1928 2193 mei

338 2244 465 2295 quos
494 2228 722 2281 dicebam
752 2243 770 2281 :
799 2227 1037 2298 quoniam
1073 2226 1213 2281 Deus
1238 2228 1519 2281 misericors
1548 2239 1641 2295 est,
1674 2237 1719 2281 et
1745 2229 1927 2299 longa-

341 2319 513 2385 nimis,
567 2327 614 2373 et
642 2334 798 2388 agens
836 2318 1186 2385 paenitentiam
1235 2334 1386 2388 super
1435 2318 1645 2374 malitiis
1669 2319 1929 2373 hominum

339 2409 486 2465 (Jan.
518 2410 573 2465 4.
605 2409 704 2481 2)?
735 2409 812 2464 Ne
834 2411 989 2480 igitur
1010 2410 1115 2465 tale
1144 2409 1272 2480 quid
1295 2409 1561 2465 accideret
1590 2411 1743 2477 Elite,
1771 2411 1930 2480 quale

337 2499 508 2566 Jonas,
553 2515 770 2555 causam
798 2501 1019 2569 exponit
1056 2500 1198 2555 Deus
1218 2542 1233 2567 ,
1266 2509 1484 2570 propter
1521 2516 1682 2571 quam
1713 2503 1929 2557 Achaab

336 2590 684 2646 condonavit.
706 2590 776 2645 Et
798 2590 925 2662 quid
956 2591 1031 2645 ait
1068 2591 1198 2645 Elia:
1229 2591 1405 2645 Deus?
1446 2589 1644 2655 Vidisti,
1676 2592 1924 2664 quemad—

339 2684 543 2736 modum
570 2684 823 2737 incesserit
853 2684 1062 2752 plorans
1087 2691 1137 2735 et
1165 2682 1323 2736 tristis
1347 2680 1555 2735 Achaab
1583 2698 1754 2736 coram
1804 2700 1883 2736 me
1905 2683 1932 2737 .9

348 2771 468 2825 Non
499 2773 687 2843 faciam
711 2772 985 2826 secundum
1011 2771 1258 2825 malitiam
1279 2773 1387 2844 ejus
1425 2773 1503 2840 (5.
1529 2771 1655 2843 Reg.
1690 2772 1780 2828 2|.
1809 2775 1923 2847 29).

338 2864 528 2933 Papae!
563 2864 823 2918 Dominus
861 2863 1002 2918 servi
1046 2863 1105 2916 lit
1129 2862 1455 2929 advocatus,
1503 2874 1558 2920 et
1581 2864 1720 2934 apud
1751 2865 1928 2920 homi-

337 2968 459 3007 nem
487 2953 629 3008 Deus
660 2953 861 3007 homini
909 2952 1293 3023 patrocinatur.
1336 2951 1457 3008 Noli
1480 2954 1810 3023 existimare,
1843 2956 1928 3011 in»

336 3042 474 3113 quit,
505 3044 622 3099 sine
651 3058 809 3099 causa
839 3059 926 3097 me
969 3043 1041 3097 illi
1074 3044 1374 3113 pepercisse
1403 3060 1417 3097 :
1450 3045 1677 3099 mutavit
1713 3061 1925 3113 mores,

335 3145 389 3189 et
418 3136 551 3189 iram
583 3150 759 3191 meam
799 3135 998 3189 mutavi
1020 3144 1180 3205 atque
1206 3134 1460 3205 mitigavi.
1502 3134 1581 3189 Ne
1607 3151 1735 3191 vero
1764 3137 1928 3195 falsus

338 3226 597 3297 propheta
622 3229 914 3293 censearis,
957 3227 1222 3298 siquidem
1265 3242 1391 3283 vera
1418 3230 1800 3298 pronuntiasti;
1824 3232 1927 3287 nisi

335 3333 514 3373 mores
534 3328 811 3385 mutasset,
844 3335 904 3374 ea
935 3334 1186 3390 passurus
1220 3327 1356 3387 erat,
1389 3336 1508 3391 quas
1535 3324 1797 3378 sententia
1824 3326 1925 3380 mi-

337 3408 598 3473 nabatur;
648 3425 833 3465 verum
863 3409 965 3464 iste
996 3425 1174 3465 mores
1216 3412 1458 3477 mutavit,
1489 3419 1543 3467 et
1588 3415 1719 3467 iram
1751 3430 1924 3470 meam

333 3514 435 3570 ego
463 3500 717 3570 mitigavi.
759 3501 824 3555 Et
851 3502 926 3555 ait
948 3501 1088 3556 Deus
1106 3501 1172 3554 ad
1203 3500 1374 3555 Eliam
1404 3519 1417 3555 :
1446 3501 1633 3556 Vidisti
1672 3506 1933 3573 quemad-

332 3590 548 3645 modum
578 3591 860 3645 incesserit
889 3591 1106 3646 Achaab
1148 3592 1364 3661 plorans
1389 3604 1444 3647 et
1471 3594 1675 3649 tristis?
1703 3595 1819 3652 Non
1843 3597 1925 3652 fa-

330 3681 472 3735 ciam
516 3679 807 3735 secnndum
858 3681 992 3735 iram
1033 3696 1229 3736 meam.
1263 3682 1421 3737 Vides
1450 3684 1661 3753 ploratu
1707 3700 1928 3757 peccata

331 3770 497 3826 deleri
521 3772 546 3825 ?

403 3865 458 3917 4.
514 3862 688 3918 Tertia
729 3865 1034 3935 poenitentia:
1089 3866 1170 3918 via
1218 3865 1504 3918 humilitas.
1550 3895 1623 3905 ——
1650 3866 1826 3924 Habes
1872 3881 1928 3926 ct

332 3956 544 4010 tertiam
588 3957 917 4026 paenitentiae
967 3958 1128 4012 viam.
1181 3957 1349 4012 Porro
1378 3957 1572 4012 multas
1600 3962 1928 4029 pcenitentiae

333 4047 444 4100 vias
471 4047 602 4112 dixi,
633 4058 691 4103 ut
735 4049 1044 4105 diversitate
1096 4050 1303 4104 viarum
1346 4050 1552 4105 facilem
1582 4053 1673 4107 tibi
1702 4055 1926 4111 salutem

332 4135 574 4191 reddam.
608 4138 860 4206 Qumnam
891 4148 974 4195 est
1020 4141 1231 4195 tandem
1265 4142 1381 4196 haec
1407 4143 1561 4197 tertia
1588 4143 1711 4198 via?
1740 4145 1930 4203 Humi-

332 4226 455 4282 litas
486 4246 499 4282 :
529 4228 746 4287 humilis
797 4240 935 4297 esto,
978 4240 1035 4286 et
1080 4244 1420 4301 peccatorum
1450 4235 1662 4292 vincula
1702 4239 1924 4296 solvisti.

332 4320 502 4390 llujus
535 4337 749 4392 quoque
776 4323 1287 4380 demonstrationem
1312 4327 1533 4383 exhibet
1560 4327 1851 4401 Scriptura,
1877 4342 1931 4389 et

331 4414 493 4468 lectio
521 4416 843 4469 narrationis
867 4416 933 4472 de
965 4416 1247 4486 publicano
1274 4428 1330 4474 et
1360 4419 1634 4477 Pharisaso
1665 4420 1814 4492 (Luc.
1841 4424 1924 4480 18.

332 4505 419 4561 10.
440 4506 598 4578 8(](].).
625 4508 1020 4572 Ascendehant,
1052 4510 1239 4581 inquit,
1257 4511 1312 4566 in
1341 4514 1596 4582 templum
1622 4515 1928 4573 Pharismus

331 4608 386 4653 et
416 4599 752 4668 publicanus,
787 4611 845 4656 ut
889 4612 1128 4671 orarent,
1158 4614 1211 4658 et
1240 4607 1404 4675 cmpit
1449 4607 1754 4666 Pharisasus
1801 4627 1929 4668 suas

331 4705 653 4746 enumerare
674 4693 898 4748 virtutes
938 4711 951 4747 :
999 4695 1114 4749 Non
1163 4710 1279 4751 sum
1306 4714 1428 4769 ego,
1460 4700 1651 4771 inquit,
1680 4714 1929 4773 peccator

330 4782 470 4835 sicut
493 4782 722 4838 mundus
770 4792 933 4851 totus,
964 4801 1137 4855 neque
1162 4789 1299 4843 sicut
1330 4791 1429 4846 iste
1453 4793 1792 4861 publicanus.
1826 4797 1926 4852 Mi-

331 4888 451 4928 sera
479 4882 534 4929 et
559 4874 743 4931 infelix
787 4877 968 4933 anima
1002 4878 1042 4943 ⁸,
1071 4886 1238 4933 totum
1270 4882 1456 4939 orbem
1508 4894 1772 4955 terrarum
1798 4904 1928 4945 con-

330 4964 595 5020 damnasti
623 4985 637 5021 :
666 4982 764 5022 cur
791 4969 950 5023 etiam
999 4971 1302 5039 proximum
1339 4982 1484 5029 tuum
1514 4977 1749 5035 alﬂixisti
1771 4980 1795 5034 ?
1821 4998 1926 5037 non

331 5057 630 5113 sufﬁciebat
651 5059 741 5113 tibi
775 5069 917 5114 totus
956 5061 1127 5129 orbis,
1174 5061 1275 5118 nisi
1330 5065 1670 5135 publicanum
1716 5087 1928 5144 quoque

330 5148 652 5205 damnares?
694 5166 884 5207 omnes
909 5152 1009 5208 hac
1035 5155 1244 5210 ratione
1275 5157 1615 5229 vituperasti,
1657 5172 1712 5218 et
1738 5180 1808 5220 ne
1838 5169 1925 5222 uni

332 5239 549 5309 quidem
578 5243 693 5297 viro
720 5244 1024 5314 pepercisti.
1062 5244 1179 5302 Non
1225 5262 1343 5303 sum
1374 5265 1475 5320 ego
1516 5254 1654 5308 sicut
1697 5257 1927 5313 mundus

332 5340 498 5399 totus,
528 5347 702 5403 neque
731 5334 986 5391 sicutiste
1019 5337 1363 5405 publicanus:
1392 5340 1576 5411 jejuno
1603 5343 1684 5399 bis
1707 5346 1757 5401 in
1790 5346 1925 5404 heb-

335 5422 584 5490 domada,
612 5424 847 5482 decimas
891 5442 1099 5495 eorum,
1133 5445 1251 5498 quae
1271 5432 1541 5499 possideo,
1565 5433 1634 5488 do
1677 5439 1925 5507 pauperi-

336 5512 455 5568 bus.
481 5515 814 5586 Arrogantiae
842 5519 999 5574 verba
1048 5519 1394 5591 proloquutus
1447 5534 1548 5579 est.
1581 5525 1753 5584 Homo
1795 5529 1929 5587 infe-

334 5603 431 5668 lix,
457 5615 595 5674 esto,
644 5617 905 5665 terrarum
950 5612 1135 5667 orbem
1184 5615 1577 5686 condemnasti,
1620 5633 1718 5675 cur
1762 5622 1924 5679 etiam

333 5699 633 5769 proximum
658 5710 803 5756 tuum
827 5702 1164 5773 publicanum
1185 5709 1615 5778 reprehendisti?
1642 5728 1748 5770 non
1770 5730 1927 5773 exsa-

402 5833 419 5861 ι
457 5838 582 5883 unus
598 5841 700 5897 315.,
728 5834 869 5888 Miser
888 5843 930 5889 et
955 5838 1235 5894 insatiabilis
1252 5839 1422 5897 annuo.

1493 379 1578 434 DE
1621 372 2087 434 ΡΟΕΝῙΤΕΝΤΙΑ.
2131 374 2357 433 HOMIL.
2400 378 2461 435 11.

3536 386 3647 444 990

2050 495 2257 547 turatus
2282 508 2340 548 es
2368 494 2709 551 accusatione
2752 495 2915 552 totius
2954 496 3123 566 urbis,
3172 499 3271 554 nisi
3295 508 3348 555 et
3391 503 3643 558 comitem

2049 589 2197 636 tuum
2243 583 2579 640 damnares?
2607 585 2744 654 Quid
2774 587 2934 657 igitur
2976 588 3476 659 publicanus?llcc
3523 609 3646 649 cum

2045 672 2291 728 audisset
2312 674 2404 730 ille
2431 717 2449 743 ,
2478 691 2583 731 non
2622 676 2759 733 dixit
2808 698 2821 734 :
2866 679 2945 735 Tu
2977 696 3104 736 vero
3133 681 3387 752 quisnam
3423 697 3484 739 es
3506 728 3521 757 ,
3553 686 3645 756 qui

1986 820 2007 837 η
2047 763 2179 819 mihi
2209 765 2326 821 lucc
2368 766 2601 836 objicis?
2632 769 2772 825 unde
2820 771 2915 826 tibi
2942 774 3049 828 vita
3080 776 3495 831 mea-innotuit?
3538 793 3647 834 non

2044 867 2392 912 conversatus
2429 874 2488 913 es
2535 876 2768 928 mecum,
2812 878 2925 918 non
2958 865 3206 922 habitasti
3259 884 3491 934 mecum,
3535 886 3644 926 non

2044 962 2253 1003 mecum
2280 959 2493 1006 astatem
2537 956 2858 1025 transegisti.
2909 956 3016 1012 Cur
3040 958 3176 1014 adeo
3219 962 3499 1031 superbis?
3525 964 3646 1035 quis

2044 1038 2181 1094 bona
2228 1058 2389 1112 opera
2425 1054 2513 1099 tua
2566 1062 2663 1102 suo
2696 1050 3007 1106 testimonio
3032 1054 3411 1111 commendat?
3436 1072 3536 1112 cur
3564 1067 3643 1115 te-

2043 1132 2217 1200 ipsum
2238 1134 2468 1192 laudas?
2492 1154 2589 1194 cur
2606 1140 2698 1194 tibi
2723 1142 2822 1211 ipsi
2843 1142 3143 1200 blandiris?
3169 1147 3274 1203 Sed
3302 1149 3433 1204 nihil
3449 1149 3643 1207 horum

2042 1225 2175 1279 dixit
2215 1227 2549 1298 publicanus,
2588 1248 2773 1287 verum
2813 1237 2988 1304 capite
3029 1237 3325 1307 interram
3375 1242 3632 1299 inclinato

2041 1317 2300 1384 adoravit,
2331 1330 2384 1375 ct
2410 1323 2544 1378 dixit
2573 1342 2586 1377 :
2616 1323 2755 1380 Deus
2799 1330 3053 1399 propitius
3083 1341 3186 1386 esto
3207 1334 3330 1387 mihi
3349 1338 3641 1405 peccatori;

2042 1416 2096 1460 et
2123 1424 2245 1463 cum
2275 1411 2629 1469 humilitatem
2658 1431 2770 1485 prae
2797 1432 2857 1472 se
2881 1419 3113 1487 tulisset,
3137 1423 3314 1491 justus
3334 1434 3417 1480 est
3443 1424 3636 1482 factus.

2046 1495 2351 1554 Pharismus
2378 1513 2556 1558 autem
2584 1506 2781 1561 amissa
2805 1508 3010 1577 justitia
3032 1527 3099 1565 ex
3123 1514 3322 1583 templo
3338 1514 3638 1583 descendit,

2039 1598 2094 1642 et
2137 1590 2449 1658 publicanus
2473 1594 2734 1664 justitiam
2784 1599 3010 1669 adeptus
3037 1602 3351 1671 descendit;
3392 1615 3448 1663 et
3472 1609 3636 1665 verba

2039 1678 2178 1734 facta
2226 1683 2489 1739 vicerunt.
2543 1685 2677 1741 Nam
2726 1688 2816 1745 ille
2843 1692 3057 1761 quidem
3083 1695 3336 1765 Operibus
3377 1698 3638 1768 justitiam

2037 1773 2244 1838 amisit;
2270 1774 2357 1831 hic
2384 1794 2512 1833 vero
2556 1779 2866 1837 humilitatis
2896 1800 3147 1844 sermone
3170 1789 3431 1859 justitiam
3457 1797 3642 1865 acqui-

2037 1865 2179 1919 sivit.
2211 1870 2542 1940 Quamquam
2573 1890 2639 1930 ne
2668 1874 2942 1934 humilitas
2973 1881 3189 1950 quidem
3215 1896 3332 1940 erat
3355 1887 3482 1942 illud
3517 1905 3532 1951 ;
3559 1890 3637 1944 si-
3707 1881 3711 1885 ’

2037 1958 2254 2026 quidem
2279 1961 2550 2020 humilitas
2579 1977 2660 2021 est
2683 1968 2785 2023 hoc
2808 2011 2824 2038 ,
2848 1984 2967 2025 cum
2999 1973 3119 2042 quis
3151 1990 3374 2048 magnus
3399 1993 3520 2034 cum
3542 1982 3635 2049 sit,

2035 2052 2269 2122 seipsum
2299 2054 2543 2113 humiliat
2570 2074 2585 2124 ;
2609 2062 2711 2115 hoc
2739 2077 2867 2118 vero
2894 2065 3160 2133 publicani
3186 2067 3382 2125 factum
3405 2087 3509 2126 non
3533 2072 3638 2128 hu-

2037 2143 2235 2199 militas
2256 2145 2370 2213 fuit,
2404 2149 2499 2204 sed
2541 2153 2737 2208 veritas
2761 2172 2775 2210 ς
2804 2170 2931 2212 vera
2976 2159 3118 2214 enim
3147 2171 3301 2217 erant
3330 2163 3420 2219 illa
3448 2166 3633 2234 verba,

2035 2251 2156 2292 cum
2185 2249 2436 2309 peccator
2460 2253 2603 2300 esset
2626 2245 2735 2301 ille.

2107 2350 2161 2406 5.
2206 2350 2610 2412 Publicanorum
2650 2361 2872 2418 conditio
2910 2366 3097 2435 qualis.
3147 2398 3220 2409 —
3263 2369 3400 2438 Quid
3451 2374 3661 2441 enim,

2035 2453 2237 2508 quasso,
2257 2445 2410 2515 pejus
2432 2448 2752 2516 publicano?
2770 2453 2823 2507 in
2851 2454 3041 2510 alienis
3057 2457 3460 2522 calamitatibus
3487 2463 3635 2519 lucra

2037 2539 2295 2600 sectatus,
2317 2536 2612 2594 alienorum
2650 2541 2890 2599 laborum
2931 2545 2992 2602 tit
3040 2549 3306 2622 particeps
3335 2570 3349 2606 :
3382 2564 3437 2609 et
3463 2557 3636 2611 mole-

2035 2621 2191 2677 stiam
2213 2624 2427 2694 quidem
2451 2643 2554 2683 non
2579 2632 2813 2701 respicit,
2846 2645 3082 2705 quaestus
3110 2621 3290 2695 autem
3322 2642 3375 2697 in
3402 2658 3630 2701 consor-

2037 2713 2167 2767 tium
2188 2716 2335 2772 venit
2364 2735 2377 2772 :
2420 2719 2601 2792 itaque
2629 2737 2899 2782 summum
2925 2738 3007 2784 est
3035 2730 3300 2800 publicani
3330 2746 3631 2805 peccatum.

2034 2802 2173 2858 Nihil
2202 2808 2399 2878 quippe
2423 2813 2565 2867 aliud
2590 2824 2673 2869 est
2693 2817 3032 2890 publicanus,
3065 2839 3224 2894 quam
3250 2802 3425 2884 audax
3456 2839 3511 2885 et
3539 2830 3636 2891 ho-

2034 2905 2187 2951 nesta
2214 2901 2456 2968 quaedam
2504 2905 2753 2962 violentia
2779 2951 2794 2977 ,
2827 2924 3103 2981 peccatum
3136 2917 3254 2988 lege
3292 2934 3634 2993 concessum,

2032 2989 2273 3056 speciosa
2301 2994 2543 3063 quard’am
2575 2999 2781 3066 rapina.
2811 3002 2945 3070 Quid
2978 3007 3120 3061 enim
3150 3010 3434 3079 publicano
3459 2989 3634 3085 pejus,

2032 3080 2123 3149 qui
2161 3081 2312 3151 juxta
2361 3087 2500 3143 viam
2542 3090 2729 3157 sedet,
2777 3105 2833 3149 et
2881 3098 3179 3157 alienorum
3221 3103 3430 3163 fructus
3459 3080 3633 3166 ilabo-

2032 3184 2150 3225 rum
2202 3176 2376 3243 metit,
2417 3186 2473 3234 et
2519 3196 2639 3236 cum
2680 3184 2889 3242 labores
2930 3190 3144 3260 quidem
3188 3195 3448 3253 subeundi
3486 3211 3633 3267 sunt,

2033 3263 2162 3318 nihil
2190 3278 2361 3335 curat,
2387 3284 2508 3325 cum
2530 3289 2659 3329 vero
2686 3276 2889 3333 lucrum
2918 3281 3153 3350 obvenit,
3188 3286 3239 3340 in
3270 3290 3634 3361 participatio-

2032 3370 2154 3410 nem
2177 3361 2324 3415 venit
2347 3378 2557 3433 eorum,
2590 3367 2642 3422 in
2667 3370 2860 3437 quibus
2886 3374 3106 3431 minime
3133 3360 3425 3441 laboravit?
3454 3360 3636 3455 itaque

2031 3447 2075 3500 si
2105 3463 2224 3503 cum
2249 3462 2499 3520 peccator
2527 3467 2670 3513 esset
2692 3461 3025 3532 publicanus,
3069 3476 3271 3531 tantum
3303 3472 3527 3545 adeptus
3551 3447 3637 3533 est

2029 3536 2230 3595 donum
2254 3581 2271 3609 ,
2301 3559 2422 3599 cum
2453 3546 2807 3608 humilitatem
2837 3554 3171 3616 exhibuisset
3195 3579 3211 3623 ;
3238 3544 3636 3639 quanto'magis

2031 3632 2119 3700 qui
2172 3634 2369 3693 virtute
2418 3641 2670 3708 prieditus
2709 3645 2798 3713 sit,
2826 3655 2881 3701 et
2937 3632 3290 3709 humilitatem
3346 3632 3637 3718 exhibuit?

2032 3721 2172 3792 Ergo
2193 3725 2238 3778 si
2269 3739 2485 3795 peccata
2527 3742 2612 3786 tua
2644 3737 2972 3806 conﬁtearis,
3002 3750 3057 3798 et
3079 3742 3292 3800 humilis
3320 3748 3417 3814 sis,
3460 3750 3638 3819 justus

2032 3814 2235 3868 evadis.
2280 3819 2429 3875 Scire
2475 3825 2626 3892 cupis
2665 3826 2784 3895 quis
2821 3844 2948 3884 vere
2987 3831 3055 3885 sit
3109 3833 3368 3898 humilis?
3411 3840 3636 3899 Paulum

2034 3909 2240 3977 respice
2266 3911 2357 3981 qui
2385 3928 2509 3969 vere
2538 3915 2755 3975 humilis
2792 3931 2911 3977 erat
2935 3963 2949 3988 ,
2981 3923 3201 3980 I’aulum
3246 3927 3519 3986 doctorem
3541 3950 3636 3990 or-

2031 3997 2115 4053 bis
2161 4010 2448 4082 terrarum,
2469 4006 2800 4075 spiritualem
2871 4021 3138 4070 oratorem
3161 4058 3176 4083 ,
3207 4035 3305 4077 vas
3326 4022 3636 4086 electionis.

2036 4107 2248 4163 portum
2273 4100 2637 4170 tranquillum,
2666 4104 2850 4158 turrim
2873 4105 3270 4178 inconcussam,
3301 4114 3391 4184 qui
3422 4116 3635 4174 modico

2034 4202 2157 4242 cum
2182 4199 2320 4245 esset
2358 4206 2602 4263 corpore,
2648 4202 2818 4253 totum
2853 4199 3040 4254 orbem
3075 4212 3337 4259 terrarum
3367 4207 3632 4278 circuivit,

2034 4290 2087 4334 et
2113 4282 2262 4349 quasi
2297 4284 2470 4339 alatus
2497 4296 2638 4341 esset
2669 4288 2817 4351 illum
2839 4292 3118 4361 percurrit.
3153 4293 3326 4352 Cerne
3351 4297 3501 4353 illum
3529 4299 3633 4356 hu-

2034 4372 2229 4427 militer
2244 4390 2306 4429 ac
2335 4376 2576 4432 modeste
2601 4380 2920 4435 sentientem
2939 4382 3006 4438 de
3035 4399 3114 4452 se,
3138 4386 3354 4443 idiotam
3376 4401 3429 4445 et
3454 4391 3632 4461 philo-

2038 4468 2284 4535 Sttplttlm,
2328 4484 2552 4539 egenum
2569 4473 2871 4529 ctdivitem.
2904 4475 3053 4531 lllum
3074 4496 3201 4536 vere
3218 4481 3472 4540 humilem
3490 4486 3630 4553 dico,

2033 4561 2121 4630 qui
2139 4562 2350 4617 labores
2368 4563 2679 4621 innumeros
2701 4571 3014 4637 exantlarat,
3032 4574 3120 4643 qui
3162 4574 3306 4635 mille
3324 4586 3522 4649 troptca
3539 4581 3635 4637 ad-

2033 4666 2222 4707 versus
2235 4653 2503 4710 diabolum
2518 4669 2782 4723 erexerat,
2802 4664 2891 4736 qui
2926 4666 3269 4735 praedicabat,
3299 4685 3363 4725 ac
3381 4671 3591 4728 dicebat
3614 4690 3630 4731 :

2034 4740 2210 4796 Gratia
2238 4745 2349 4816 ejus
2371 4746 2423 4799 in
2451 4764 2529 4801 me
2550 4764 2706 4809 uacua
2726 4768 2825 4806 non
2854 4755 2973 4831 fuit,
2996 4756 3087 4809 sed
3105 4756 3220 4828 plus
3237 4759 3465 4815 omnibus
3487 4760 3631 4816 labo-

2033 4834 2142 4887 ravi
2163 4834 2237 4905 (l.
2261 4834 2380 4893 Cor.
2408 4836 2493 4893 15.
2522 4839 2610 4910 10)
2634 4843 2753 4919 :qui
2780 4858 3021 4900 carceres
3043 4848 3312 4915 sustinuit,
3340 4860 3394 4904 et
3424 4850 3628 4922 plagas,

2031 4932 2088 4979 et
2112 4927 2353 4991 verbera,
2377 4928 2681 4998 qni‘orbem
2715 4941 2974 4989 terrarum
3014 4937 3253 5007 epistolis
3274 4948 3497 4997 venatus
3524 4957 3629 5009 est,

2033 5019 2123 5089 qui
2162 5020 2361 5075 cmlesti
2414 5036 2544 5077 voce
2569 5035 2789 5079 voeatus
2810 5035 2911 5091 est,
2947 5027 3035 5083 ille
3069 5027 3282 5084 humilis
3332 5040 3467 5100 erat,
3507 5049 3630 5091 cum

2034 5115 2236 5174 diceret
2266 5135 2278 5171 :
2309 5112 2422 5187 Ego
2444 5134 2557 5172 sum
2584 5118 2820 5172 miniatus
2853 5118 3227 5189 apostolorum,
3261 5124 3348 5194 qui
3372 5141 3475 5179 non
3514 5144 3629 5181 sum

2032 5209 2215 5279 dignus
2252 5212 2421 5264 vocari
2454 5212 2714 5281 apostolus
2752 5211 2771 5283 (
2793 5212 2809 5267 1
2852 5212 2969 5267 Cor.
3020 5214 3107 5270 15.
3139 5214 3225 5287 9).
3271 5216 3429 5273 Vides
3452 5218 3632 5274 humi-

2033 5299 2198 5355 litatis
2224 5302 2675 5372 magnitudinem?
2705 5304 2853 5360 vides
2893 5305 3166 5362 humilitcr
3203 5310 3521 5365 sentientem
3557 5311 3627 5366 de

2031 5408 2092 5449 se
2135 5394 2385 5463 Paulum,
2415 5397 2501 5467 qui
2542 5397 2776 5468 seipsum
2804 5400 3080 5456 minimum
3129 5401 3452 5474 vocet?Ego
3496 5405 3630 5458 enim

2032 5504 2146 5541 sum
2177 5530 2188 5553 ,
2218 5488 2390 5558 inquit
2415 5530 2428 5553 ,
2451 5490 2695 5545 miniatus
2735 5492 3102 5561 apostolorum,
3134 5494 3221 5564 qui
3261 5510 3359 5549 non
3389 5511 3505 5548 sum
3550 5495 3631 5549 di-

2033 5598 2162 5652 gnus
2200 5581 2368 5635 vocari
2409 5581 2688 5652 apostolus.
2737 5584 2852 5640 Hoc
2898 5587 3040 5642 enim
3074 5602 3201 5641 vere
3234 5586 3501 5643 humilitas
3524 5599 3628 5659 est,

2033 5674 2085 5728 in
2112 5674 2360 5730 omnibus
2392 5676 2630 5744 seipsum
2658 5677 2891 5748 abjicere
2911 5721 2925 5746 ,
2952 5693 3016 5733 ac
3041 5693 3100 5734 se
3126 5679 3404 5739 minimum
3447 5682 3632 5751 appel-

2032 5765 2162 5822 lare.
2193 5763 2379 5837 Cogita
2407 5769 2653 5839 quisnam
2683 5778 2825 5825 esset
2849 5769 2915 5835 is,
2942 5769 3174 5840 quihaec
3204 5771 3365 5826 verba
3394 5772 3631 5843 profere-

2038 5860 2127 5916 bat
2160 5879 2171 5914 :
2202 5860 2396 5917 Paulus
2423 5862 2674 5918 cwlorutu
2721 5862 2873 5931 civis,
2907 5862 2996 5932 qui
3025 5878 3250 5936 corpore
3280 5876 3396 5924 crat
3423 5879 3631 5925 utcum-
