4066 6458
519 389 586 443 9.9
597 387 616 440 ι

525 527 628 585 quo
676 506 1067 572 circumdatus,
1108 501 1466 557 Eeclesiarum
1511 500 1789 560 columna,
1835 495 2102 550 terrestris

519 603 773 674 angelus,
804 601 961 652 homo
1002 597 1247 651 catlcstis.
1278 593 1485 647 Etenim
1518 592 1676 659 hujus
1721 590 1818 642 viri
1855 587 2109 642 mentioni

520 696 750 748 libenter
779 692 1052 751 immoror,
1089 688 1215 741 dum
1261 684 1470 738 virtutis
1508 683 1623 751 ejus
1663 679 2109 752 pulchritudinem

516 798 722 856 specto.
752 783 866 838 Non
899 783 968 836 ita
1009 781 1087 835 sol
1115 780 1364 834 exoriens
1406 787 1460 831 ct
1510 775 1820 843 Splendidos
1863 773 2113 826 eminens

517 878 698 933 radios
725 877 907 930 oculos
937 889 1085 928 meos
1111 871 1393 933 exhilarat,
1425 878 1482 923 ut
1510 868 1657 922 Pauli
1687 867 1852 919 virtus
1879 873 2109 918 mentem

515 988 692 1026 meam
725 970 1012 1024 illuminat.
1051 966 1183 1021 Nam
1211 964 1294 1018 sol
1323 963 1538 1033 quidem
1570 961 1800 1014 illustrat
1829 957 2034 1018 oculos,
2060 963 2114 1006 at

521 1063 717 1118 Paulus
756 1061 821 1115 ad
870 1061 1014 1130 ipsos
1047 1059 1280 1112 fornices
1318 1056 1573 1110 cat-lorum
1629 1067 1725 1106 nos
1754 1049 1971 1105 evehit:
1999 1048 2115 1101 ani-

519 1170 658 1208 mam
676 1155 819 1207 enim
842 1148 1358 1211 SUlllllllllll'ClllStlle,
1385 1162 1448 1198 ac
1469 1147 1590 1199 luna
1621 1141 2108 1197 redditcelsiorem.

519 1244 663 1300 Talis
691 1245 888 1313 quippe
916 1241 1129 1294 virtutis
1158 1249 1239 1294 est
1264 1237 1522 1307 potentia,
1551 1244 1607 1287 ut
1634 1233 1904 1287 hominem
1937 1231 1988 1284 in
2019 1244 2114 1281 an-

519 1337 695 1408 gelum
724 1343 1023 1398 convertat,
1065 1331 1364 1399 efﬁciatque
1411 1338 1467 1381 ut
1514 1327 1693 1380 anima
1735 1325 1880 1378 velut
1929 1319 2118 1392 pennis

520 1429 744 1495 praedita
783 1428 835 1481 in
872 1425 1060 1480 eielum
1091 1422 1273 1478 tendat
1307 1440 1319 1474 :
1365 1421 1501 1472 hanc
1533 1417 1780 1471 \irtutem
1831 1427 1929 1468 nos
1962 1413 2119 1466 docet

522 1520 723 1576 Paulus
767 1537 780 1574 :
822 1517 981 1585 hujus
1017 1514 1230 1568 virtutis
1284 1512 1580 1565 imitatores
1622 1507 1732 1560 ﬁeri
1785 1504 2116 1558 Studeamus.

526 1613 632 1667 Sed
673 1625 777 1664 non
808 1617 1019 1678 oportet
1047 1622 1142 1659 nos
1171 1621 1198 1658 a
1231 1603 1504 1673 proposito
1535 1599 1738 1668 digredi
1769 1603 2108 1665 argumento.

523 1705 620 1759 llic
647 1704 788 1757 cnim
807 1714 1002 1770 scopns
1028 1697 1285 1752 orationis
1309 1706 1504 1750 nostra:
1532 1693 1650 1755 fuit,
1678 1700 1736 1745 ut
1757 1690 1968 1743 tertiam
1997 1701 2117 1756 poe-

521 1845 1824 1876 _____________________________

1226 387 1277 442 S.
1315 382 1595 441 JOANNIS
1632 377 2104 437 CHRYSOSTOMI
2142 378 2461 436 ARCHIEP.
2501 379 3038 439 CONSTANTINUP.

3717 389 3812 441 292

2216 495 2452 552 nitenti-1:
2497 500 2634 553 viam
2673 515 2793 553 esse
2837 501 3184 555 humilitatem
3228 501 3679 571 ostenderemus,
3726 524 3812 575 pno

2219 589 2486 644 blicanum
2511 607 2615 644 non
2644 593 2878 660 seipsmn
2909 593 3042 646 ultra
3071 592 3286 648 modutn
3325 595 3701 664 depressisse,
3730 602 3812 652 sed

2217 685 2496 737 veritatem
2520 700 2640 739 esse
2661 685 2986 751 confessum,
3005 700 3124 740 cum
3153 704 3244 741 sua
3275 701 3502 757 peccata
3522 689 3812 760 detegeret,

2219 793 2282 833 ac
2299 780 2500 847 justum
2525 794 2644 832 esse
2661 778 2878 844 factum,
2909 796 3012 833 non
3031 795 3150 834 cum
3172 782 3426 850 pecunias
3456 795 3814 848 numerasset,

2221 889 2326 925 non
2370 887 2490 927 cum
2537 875 2703 927 maria
2737 889 2988 928 emensus
3023 885 3186 941 esset,
3217 892 3385 945 neque
3418 892 3553 931 cum
3602 879 3814 932 multum

2223 964 2325 1019 iter
2352 965 2574 1034 pedibus
2597 966 2937 1032 confecisset,
2964 984 3133 1038 neque
3159 985 3280 1023 cum
3310 970 3588 1025 immensa
3612 987 3814 1040 aequora

2223 1069 2579 1129 peragrasset,
2606 1075 2783 1129 neque
2811 1075 2932 1114 cum
2954 1061 3155 1114 amicos
3182 1071 3455 1131 rogasset,
3494 1079 3680 1131 neque
3706 1078 3814 1117 cum

2221 1151 2444 1204 untltum
2495 1153 2750 1220 temporis
2792 1151 3161 1221 impendisset,
3207 1153 3299 1207 sed
3332 1152 3663 1208 humilitatis
3706 1169 3815 1207 eum

2223 1260 2384 1314 opera
2421 1245 2520 1300 sibi
2546 1245 2804 1315 justitiam
2855 1260 3215 1314 comparasse.
3265 1262 3327 1300 ac
3369 1263 3546 1316 regno
3571 1248 3814 1302 caelorum

2223 1352 2344 1392 esse
2373 1338 2625 1390 donatum
2662 1357 2672 1389 :
2720 1337 2872 1407 cujus
2909 1353 3008 1391 nos
3054 1352 3241 1392 omnes
3289 1339 3500 1392 utinam
3551 1349 3816 1406 compotes

2227 1431 2340 1484 fieri
2373 1431 2666 1501 contingat,
2709 1432 2879 1500 gratia
2907 1439 2962 1484 et
2992 1429 3357 1484 misericordia
3398 1430 3620 1484 Domini
3665 1429 3815 1483 nostri

2227 1523 2353 1578 Jesu
2383 1521 2602 1588 Christi,
2625 1522 2707 1576 cui
2743 1523 2911 1592 gratia
2937 1530 2992 1577 et
3020 1523 3304 1592 imperium
3349 1522 3400 1576 in
3430 1522 3638 1576 sarcula
3662 1538 3815 1576 szecu-

2224 1615 2418 1669 lorum.
2448 1617 2637 1668 Amen.

1674 1928 2219 2017 EJUSDEM
2260 1925 2706 2009 ORATIO

1383 2141 1463 2182 DE
1509 2134 1950 2185 ELEEMOSYNA,
1997 2131 2078 2172 ET
2119 2129 2185 2171 1a
2228 2127 2443 2172 DECEM
2489 2127 2783 2171 νῆις-1ης
2831 2109 2938 2187 (α).

1855 2253 2489 2307 Φθιωιᾶο-

1156 2439 1370 2480 HOMILIA
1411 2436 1488 2474 Ill.

605 2529 657 2580 l.
690 2523 768 2579 De
798 2520 1005 2576 humilia
1043 2515 1348 2586 prwcedenti
1387 2513 1627 2582 loquitur.
1673 2535 1742 2546 -
1784 2509 1866 2559 An
1903 2501 2124 2556 novistis

529 2618 672 2672 unde
695 2615 846 2669 nobis
871 2626 1038 2682 nuper
1066 2621 1244 2663 sermo
1273 2605 1580 2671 inceperat,
1611 2607 1703 2652 aut
1725 2610 1832 2664 quo
1855 2593 2121 2656 desierat,

530 2718 621 2761 aut
656 2721 720 2760 ex
753 2719 858 2773 quo
887 2707 1232 2770 argumento,
1264 2695 1316 2748 in
1347 2691 1488 2762 quod
1516 2690 1785 2745 desierant
1811 2685 2001 2756 prioris
2028 2683 2125 2737 ho-

532 2798 695 2854 milia:
721 2794 921 2850 verba?
950 2791 1055 2846 Sed
1100 2804 1195 2842 vos
1224 2786 1419 2840 oblitos
1465 2780 1715 2838 existimo
1739 2819 1754 2841 ,
1801 2793 1908 2847 quo
1937 2775 2055 2830 loco
2096 2788 2126 2826 a

536 2890 692 2946 nobis
714 2888 802 2943 ille
829 2901 1006 2940 sermo
1038 2883 1217 2936 ﬁnitus
1247 2878 1344 2942 sit;
1377 2892 1474 2947 ego
1502 2889 1633 2929 vero
1662 2872 1804 2936 novi,
1830 2886 2005 2939 neque
2034 2884 2130 2922 vos

533 2998 728 3038 accuso
756 2990 848 3033 aut
876 2976 1158 3044 redarguo.
1189 2972 1423 3039 Quisque
1448 2967 1591 3022 enim
1628 2973 1868 3018 vestrum
1909 2975 2129 3014 uxorem

537 3074 743 3128 habens
798 3068 1034 3139 parvulis
1081 3063 1296 3126 studet,
1347 3071 1402 3115 et
1451 3073 1569 3130 qua:
1615 3055 1761 3110 domi
1814 3063 1939 3108 sunt
1984 3059 2135 3106 curat

537 3165 715 3219 omnia
743 3181 756 3218 :
787 3161 877 3215 alii
905 3159 1145 3213 militiam
1173 3164 1447 3210 sectantur
1469 3193 1482 3218 ,
1508 3150 1596 3204 alii
1626 3148 1855 3202 artiﬁces
1884 3154 2042 3210 sunt,
2071 3158 2136 3199 ac

537 3267 775 3312 vestrum
808 3256 1031 3324 quisque
1061 3249 1286 3305 diversis
1313 3245 1526 3300 insudat
1565 3243 1838 3314 operibus.
1870 3239 1978 3294 Nos
2008 3253 2137 3292 vero

538 3352 594 3407 in
633 3349 717 3404 his
749 3361 1056 3410 versamur,
1088 3343 1140 3395 in
1184 3341 1266 3394 his
1294 3340 1590 3407 cogitamus
1610 3378 1624 3401 ,
1648 3343 1806 3402 atque
1833 3332 1888 3386 in
1929 3330 2010 3383 his
2038 3345 2137 3382 no-

539 3450 711 3496 strum
764 3435 984 3492 terimus
1019 3443 1250 3501 tempus.
1281 3428 1462 3497 Itaque
1504 3441 1564 3480 ea
1611 3427 1661 3478 in
1707 3441 1766 3478 re
1806 3421 1946 3476 haud
1983 3434 2140 3473 accu-

543 3532 696 3589 sandi
731 3531 894 3595 estis,
922 3526 1092 3596 magis
1135 3539 1230 3593 pro
1277 3521 1453 3577 studio
1496 3516 1780 3582 laudandi,
1827 3512 1968 3584 quod
1998 3511 2142 3566 nulla

545 3641 646 3681 nos
671 3622 980 3691 relinquatis
1015 3616 1284 3673 Dominica
1323 3614 1443 3678 die,
1473 3611 1566 3666 sed
1597 3610 1844 3662 omnibus
1884 3606 2143 3676 neglectis

549 3718 614 3772 ad
631 3714 911 3771 ecclesiam
941 3710 1185 3767 veniatis.
1205 3709 1255 3762 ls
1282 3707 1422 3762 enim
1455 3704 1668 3759 laudum
1689 3711 1772 3758 est
1798 3701 2044 3756 cumulus
2069 3698 2145 3753 ci-

547 3808 697 3864 vitati
723 3815 954 3869 nostrae,
987 3819 1093 3858 non
1122 3801 1402 3855 tumultum
1431 3809 1484 3853 et
1513 3795 1790 3862 suburbia,
1826 3810 1930 3847 non
1957 3792 2145 3847 domos

548 3902 820 3960 cleauratis
859 3898 1120 3962 trabibus,
1149 3903 1204 3950 et
1235 3893 1482 3956 triclinia,
1513 3889 1608 3945 sed
1637 3889 1944 3956 diligentem
1980 3900 2144 3954 popu-

548 3997 659 4051 lum
706 3992 903 4047 liabere
942 3999 1098 4060 atque
1125 3987 1431 4043 excitatum.
1456 3982 1639 4051 Neque
1681 3979 1822 4034 enim
1850 3993 1916 4032 ex
1946 3974 2150 4030 frondi-

550 4087 708 4144 dibus
734 4097 1048 4154 generosam
1078 4080 1359 4142 arborem,
1391 4075 1483 4130 sed
1510 4089 1576 4128 ex
1617 4070 1874 4126 fructibus
1903 4065 2148 4138 agnosci-

553 4194 690 4235 mus.
720 4177 922 4232 ldcirco
964 4174 1108 4228 enim
1153 4171 1315 4225 mutis
1347 4165 1662 4220 animalibus
1695 4163 1897 4233 praelati
1926 4173 2109 4214 sumus
2129 4198 2144 4222 ,

551 4272 693 4342 quod
723 4283 1026 4325 sermonem
1056 4263 1368 4326 habeamus,
1398 4273 1645 4313 sermone
1673 4266 1856 4309 mutuo
1888 4253 2153 4320 colloqua-

551 4379 693 4427 mur,
727 4373 1030 4415 sermonem
1059 4367 1321 4410 amemus.
1357 4351 1527 4404 Homo
1557 4348 1698 4403 enim
1725 4348 1816 4418 qui
1842 4361 1871 4398 a
1905 4358 2152 4400 sermone

553 4455 838 4514 abhorret,
877 4447 1132 4519 jmnentis
1184 4455 1266 4499 est
1315 4443 1490 4498 minus
1535 4439 1834 4503 rationalis,
1869 4452 1974 4491 non
2024 4436 2152 4489 satis

554 4547 730 4600 sciens
757 4544 909 4605 cujus
937 4539 1104 4610 gratia
1152 4537 1445 4591 honoratur
1465 4575 1477 4596 ,
1510 4542 1668 4602 atque
1713 4530 1852 4584 unde
1891 4528 2149 4582 honorem

554 4635 780 4704 accepit.
812 4633 988 4700 Quare
1019 4631 1154 4685 bene
1182 4626 1462 4697 propheta,
1495 4624 1662 4678 Homo
1682 4666 1695 4688 ,
1729 4623 1930 4692 inquit,
1962 4637 2074 4672 cum
2100 4620 2154 4672 in

556 4729 746 4781 honore
783 4735 942 4790 esset,
973 4739 1074 4776 non
1115 4721 1400 4785 intellexit,
1435 4725 1755 4786 comparatus
1800 4723 1872 4767 est
1906 4711 2153 4782 juntentis

555 4818 905 4890 insipientibus
925 4857 939 4882 ,
969 4824 1014 4867 et
1040 4813 1218 4866 similis
1249 4814 1413 4880 factus
1441 4819 1510 4862 est
1554 4809 1657 4862 illis
1683 4804 1865 4877 (Psal.
1896 4803 1986 4857 48.
2015 4804 2078 4860 15
2106 4802 2148 4874 ).

559 4913 662 4973 En,
694 4911 876 4974 homo,
909 4908 992 4962 cui
1024 4907 1294 4976 pr0prium
1325 4902 1489 4973 loqui,
1516 4914 1816 4954 sermonem
1847 4912 1955 4951 non
1981 4910 2152 4960 amas,

557 5013 606 5059 et
639 5018 867 5074 quanam
901 5000 1224 5070 indulgentia
1266 4993 1614 5066 dignaberis?
1642 4991 1823 5054 Itaque
1867 4988 1997 5044 mihi
2045 5004 2153 5058 prae

559 5095 808 5151 omnibus
839 5093 1008 5162 magis
1053 5089 1341 5146 necessarii
1367 5087 1507 5154 estis
1553 5094 1812 5153 quotquot
1851 5082 1916 5135 ad
1946 5081 2154 5134 virtutis

559 5201 864 5243 sermonem
891 5184 1255 5246 advolavistis,
1285 5191 1337 5234 et
1364 5177 1543 5232 omnia
1574 5175 1754 5230 divino
1778 5178 1943 5228 verbo
1969 5183 2152 5244 poste-

561 5284 704 5337 riora
734 5279 984 5334 duxistis.
1027 5279 1139 5346 Age
1168 5289 1294 5344 ergo
1346 5287 1443 5326 nos
1479 5285 1690 5340 quoque
1734 5285 1845 5322 rem
1877 5267 2155 5337 aggredia-

560 5392 681 5430 mur
700 5416 716 5441 ,
745 5384 904 5442 atque
933 5370 995 5424 iis
1017 5412 1030 5436 ,
1063 5383 1178 5437 qua:
1211 5381 1378 5435 nuper
1403 5364 1633 5417 diximus
1657 5403 1672 5427 ,
1704 5361 1978 5431 sequentia
2023 5374 2157 5412 con-

561 5479 858 5524 nectamns.
891 5464 1071 5520 Debeo
1097 5461 1239 5516 enim
1266 5460 1417 5514 vobis
1437 5499 1453 5524 ,
1487 5468 1647 5528 atque
1689 5457 1804 5526 ipse
1853 5455 1976 5508 laeto
2005 5453 2157 5507 vobis

626 5605 700 5666 (α)
731 5599 911 5651 collata
937 5603 1185 5666 _cum_ltl§s.
1229 5593 1582 5666 uegiisgn20'27_,_
1607 5599 1659 5640 et
1677 5588 1942 5666 ﬁtfit-{qui
1964 5585 2158 5666 mendis

563 5651 738 5714 scatet.
764 5671 916 5724 Atque
935 5662 1001 5710 ita
1041 5657 1204 5724 differt
1220 5651 1746 5724 abEditionoMorelli,
1767 5660 1820 5700 ut
1843 5651 1935 5699 alia
1960 5660 2158 5711 prorsus

565 5727 723 5773 series
767 5713 1004 5772 videatur.
1040 5719 1237 5770 Multum
1275 5719 1396 5768 item
1433 5718 1586 5766 variat
1608 5713 1806 5763 savilius
1831 5725 1980 5774 :rqnze
2005 5722 2162 5774 magis

569 5772 842 5834 necessaria
864 5785 1154 5834 videbantur
1175 5783 1463 5830 notavimus.
1489 5775 1627 5827 Savil.
1655 5779 1725 5825 sic
1754 5772 1946 5825 titulum
1971 5772 2116 5823 eﬂ‘crt
2139 5783 2152 5820 :

577 5852 641 5893 De
655 5843 930 5905 pauitantia
950 5853 992 5896 et
1010 5845 1069 5896 tle
1086 5842 1382 5906 rlecntosyna
1407 5841 1601 5891 Itomttt'a
1618 5843 1776 5890 sexta.

2227 2408 2408 2461 animo
2435 2407 2672 2461 debitum
2715 2407 2961 2476 persolvo
2990 2425 3002 2458 :
3039 2423 3142 2461 non
3174 2407 3315 2461 enim
3347 2407 3397 2460 id
3435 2408 3572 2462 mihi
3603 2407 3811 2477 inopiam

2229 2499 2404 2560 affert,
2435 2497 2530 2552 sed
2556 2497 2768 2551 divitias
2804 2498 3023 2567 colligit.
3050 2497 3104 2552 In
3136 2499 3370 2553 cauernis
3397 2500 3634 2569 negotiis
3661 2514 3688 2550 a
3713 2513 3813 2550 cre-

2228 2589 2490 2644 ditoribus
2519 2589 2787 2645 debitores
2817 2590 3060 2661 fugiunt,
3084 2606 3190 2660 quo
3229 2591 3402 2645 minus
3433 2592 3700 2656 reddant;
3729 2605 3812 2659 ego

2230 2697 2359 2735 vero
2413 2697 2725 2752 persequor,
2757 2693 2813 2737 nt
2854 2684 3071 2738 reddam
3097 2701 3110 2737 :
3142 2693 3195 2738 et
3219 2686 3408 2738 merito
3436 2685 3678 2755 quidem.
3701 2684 3812 2738 Nam

2231 2773 2429 2828 exteris
2457 2774 2508 2827 in
2540 2775 2701 2829 rebus
2745 2776 3013 2830 restitutio
3057 2776 3288 2846 inopiam
3322 2779 3456 2846 parit
3486 2795 3502 2842 ;
3553 2779 3661 2848 ipsa
3703 2791 3811 2830 vero

2234 2868 2497 2922 sermonis
2521 2868 2848 2938 dispensatio
2877 2869 3041 2939 gignit
3083 2869 3310 2924 divitias.
3346 2872 3589 2941 Exempli
3629 2883 3811 2924 causa:

2235 2959 2405 3014 debeo
2425 2959 2634 3014 cuidam
2657 2963 2933 3029 pecuniam
2961 2979 2974 3015 :
2998 2961 3042 3014 si
3064 2963 3392 3030 persolvero,
3417 2963 3604 3032 nequit
3621 2972 3673 3014 et
3694 2955 3812 3028 apud

2237 3050 2386 3104 illum
2414 3065 2532 3105 esse
2560 3062 2719 3120 atque
2753 3051 2912 3106 etiam
2936 3052 3077 3122 apud
3105 3069 3220 3117 me,
3251 3051 3344 3107 sed
3374 3068 3404 3104 a
3428 3068 3520 3108 me
3549 3051 3812 3112 deficit-ns,

2239 3141 2314 3194 illi
2343 3141 2568 3195 adhaesit
2591 3156 2605 3205 ;
2639 3156 2940 3196 sermonem
2968 3157 3098 3196 vero
3124 3143 3166 3196 si
3191 3143 3520 3211 persolvero,
3548 3152 3603 3198 et
3628 3155 3812 3196 mecm"

2239 3243 2506 3301 est,atque
2527 3248 2620 3288 vos
2646 3248 2835 3288 omnes
2865 3235 3107 3289 habetis:
3133 3232 3176 3289 si
3216 3249 3523 3292 sermonem
3551 3235 3813 3293 retinuerit.

2242 3337 2415 3391 neque
2461 3324 2962 3388 communicavero,
2999 3333 3123 3378 tunc
3163 3325 3318 3394 inops
3365 3338 3480 3379 sunt
3510 3345 3526 3379 :
3558 3327 3602 3380 si
3633 3319 3813 3394 persol-

2243 3429 2393 3479 vero,
2423 3422 2548 3468 tunc
2576 3414 2736 3468 ditior
2766 3414 2922 3480 ﬁam;
2952 3417 2995 3469 si
3033 3431 3136 3469 non
3169 3416 3476 3484 persolvero
3505 3426 3811 3473 sermonem,

2245 3507 2390 3558 solus
2421 3506 2534 3573 ipse
2562 3505 2767 3559 ditcsro
2796 3524 2810 3560 :
2844 3507 2888 3561 si
2921 3508 3229 3577 persolvero
3250 3551 3264 3574 ,
3295 3523 3417 3562 cum
3459 3509 3707 3562 omnibus
3735 3517 3815 3557 vo-

2246 3596 2328 3650 bis
2355 3595 2584 3650 frnctum
2616 3597 2813 3652 refero.

2319 3688 2501 3742 Multae
2529 3691 2623 3743 via:
2649 3691 2968 3758 paenitentia.
3003 3690 3253 3761 Exempla
3281 3703 3720 3762 praponuntur.-—
3739 3685 3817 3740 Eia

2247 3797 2374 3851 ergo
2400 3780 2636 3836 debitum
2677 3781 2983 3837 reddamus.
3009 3783 3272 3848 Quidnam
3314 3783 3366 3836 id
3404 3786 3537 3838 est?
3567 3785 3638 3837 De
3665 3776 3815 3851 pleni-

2252 3873 2414 3927 tentia
2458 3887 2761 3927 sermonem
2793 3874 3117 3928 instituimus
3158 3890 3327 3944 nuper
3353 3889 3416 3929 ac
3443 3874 3674 3928 dixinius
3698 3867 3816 3940 quod

2249 3964 2429 4018 multa:
2461 3964 2726 4032 varia-que
2761 3974 2885 4018 sunt
2912 3964 3241 4032 paenitentia:
3275 3965 3405 4030 vite,
3443 3966 3635 4035 quibus
3675 3959 3819 4015 facilis

2251 4055 2406 4110 nobis
2449 4057 2595 4109 salus
2634 4058 2744 4110 ﬁat.
2780 4055 2910 4109 Nam
2952 4057 2997 4108 si
3037 4071 3198 4110 unam
3240 4056 3394 4111 nobis
3419 4056 3654 4111 dedisset
3701 4053 3819 4106 Deus

2252 4149 2391 4202 viam
2418 4147 2760 4215 pretiitentizn,
2790 4147 3171 4215 repulissemus
3191 4162 3308 4201 eam
3335 4148 3538 4217 utique,
3565 4147 3782 4201 dicentes
3805 4154 3816 4191 :

2253 4239 2544 4310 Nequimns
2604 4239 2742 4293 hanc
2792 4239 3033 4308 ingredi,
3095 4241 3288 4295 salvari
3342 4241 3642 4309 nequimus.
3695 4235 3821 4290 Nunc

2256 4335 2423 4403 ipsam
2471 4331 2608 4386 hanc
2651 4341 2791 4385 tuam
2821 4341 3100 4402 amputans
3129 4327 3484 4402 objectionem
3505 4374 3518 4395 ,
3554 4347 3655 4387 non
3684 4338 3818 4382 unam

2257 4427 2389 4492 tibi,
2419 4443 2591 4497 neque
2619 4427 2909 4482 secundam
2933 4468 2948 4491 ,
2980 4443 3152 4498 neque
3184 4428 3390 4481 tertiam
3413 4469 3428 4492 ,
3453 4427 3548 4482 sed
3579 4425 3747 4496 plures
3771 4428 3822 4469 ac

2254 4517 2498 4572 diversas
2527 4518 2677 4572 dedit
2699 4560 2711 4577 .
2743 4534 2849 4587 quo
2876 4519 3212 4572 multitudine
3239 4518 3329 4572 tibi
3360 4518 3425 4572 ad
3451 4519 3638 4573 canum
3675 4506 3820 4567 facilis

2256 4626 2512 4666 ascensus
2541 4612 2649 4664 fiat.
2681 4611 2747 4664 Et
2773 4609 3083 4664 dicebamus
3107 4609 3311 4663 facilem
3338 4609 3718 4678 paenitentiam,
3744 4612 3822 4654 ηε·

2255 4721 2360 4774 que
2403 4720 2539 4758 onus
2584 4705 2636 4757 in
2667 4719 2730 4758 ea
2756 4719 2896 4758 esse.
2929 4703 3186 4758 Peccator
3209 4718 3267 4756 es
3293 4704 3316 4752 ’ξ
3353 4703 3632 4757 ecclesiam
3670 4699 3820 4764 ingre-

2256 4796 2386 4851 dere
2413 4813 2426 4848 :
2455 4795 2558 4860 dic,
2590 4794 2832 4860 Peccavi,
2857 4803 2911 4848 et
2936 4794 3141 4850 solvisti
3170 4802 3463 4862 peccatum.
3494 4787 3822 4847 Prodnximtts

2257 4890 2399 4945 enim
2430 4896 2740 4956 peccantem
2770 4887 2961 4952 David,
2995 4894 3050 4940 et
3069 4885 3360 4940 solventem
3393 4894 3684 4953 peccatum.
3710 4873 3822 4930 Hinc

2257 4981 2548 5036 secundum
2581 4979 2904 5048 subjecimus
2933 4979 3091 5042 viam,
3118 4992 3279 5046 super
3308 4987 3580 5046 peccatum
3611 4974 3754 5030 ﬂere,
3781 4969 3825 5014 ει

2257 5075 2495 5129 diximus
2520 5090 2532 5128 :
2560 5071 2816 5140 Quisnam
2848 5073 2934 5126 hic
2961 5072 3148 5127 labor?
3179 5087 3282 5124 non
3311 5071 3588 5139 pecuniam
3615 5076 3738 5136 opus
3760 5053 3824 5111 ε(-

2257 5165 2498 5231 fundere,
2529 5181 2633 5219 non
2666 5164 2848 5234 longas
2878 5165 2954 5218 ire
2978 5164 3111 5228 vias,
3143 5179 3315 5232 neque
3345 5163 3488 5216 aliud
3513 5161 3632 5231 quid
3655 5163 3821 5225 agere.

2259 5259 2350 5312 sed
2384 5267 2656 5326 peccatum
2702 5257 2832 5312 ﬁere
2871 5257 3171 5311 dumtaxat.
3209 5256 3320 5310 Hoc
3349 5256 3416 5309 de
3454 5255 3713 5324 Scriptura
3757 5243 3822 5296 in-

2259 5350 2530 5414 duximns,
2549 5350 2690 5418 quod
2722 5349 2773 5403 in
2803 5349 3020 5404 Achaab
3051 5349 3194 5402 Deus
3221 5347 3506 5402 consilium
3534 5343 3751 5401 mutarit.
3771 5344 3822 5384 ου

2260 5443 2399 5512 quod
2429 5442 2667 5505 ﬂeverit,
2702 5442 2847 5511 quod
2890 5452 3112 5496 mlestus
3161 5441 3354 5500 fuerit;
3385 5451 3542 5508 atque
3590 5438 3683 5490 hoc
3731 5428 3822 5493 ipst3

2259 5535 2473 5589 dicebat
2493 5534 2621 5590 Elia:
2641 5552 2652 5587 :
2669 5533 2850 5586 Vidisti
2869 5544 2918 5586 ut
2937 5533 3189 5585 incesserit
3209 5530 3408 5584 Acltaab
3429 5546 3595 5583 coram
3609 5542 3681 5580 me
3698 5521 3820 5591 ﬂc’ttso

2261 5638 2307 5681 εε
2331 5628 2694 5682 contristatus?
2727 5627 2848 5680 Non
2900 5627 3087 5694 faciant
3116 5624 3390 5679 secundum
3437 5625 3568 5677 iram
3615 5626 3757 5675 meam
3789 5604 3815 5666 ’ν

2331 5833 2346 5866 ³
2382 5839 2430 5881 tn
2452 5827 2613 5890 Sani...
2640 5825 2901 5879 secundum
2926 5827 3051 5878 iram
3071 5837 3227 5876 meam
3244 5835 3389 5889 quant
3413 5821 3542 5874 dixi.
