4066 6432
256 392 359 447 ΞΜ

253 505 660 577 περικείμενος,
674 509 702 563 6
716 507 905 572 στῦλος
929 507 1036 561 τῶν
1061 508 1413 579 Ἐκκλησιῶν,
1434 510 1462 562 6
1488 510 1728 579 ἐπίγειος
1742 508 1833 578 ἀγ-

251 587 436 656 γελος,
454 591 483 643 6
496 592 521 643 ἐ
529 593 814 660 πουράνιος
828 592 922 647 ἄνθ
930 609 1128 663 ρωπος.
1147 593 1342 656 Ἡδέως
1355 592 1425 662 γά
1433 610 1463 664 ρ
1473 593 1657 646 λοιπὸν
1668 592 1833 647 ἐνδια-

252 669 431 745 τρίϐω
451 672 532 743 τῷ
549 673 725 744 ἀνδρὶ,
751 674 970 746 θεωρῶν
996 675 1160 729 αὑτοῦ
1184 675 1245 728 τὸ
1267 675 1463 739 κάλλος
1483 676 1582 747 τῆς
1610 677 1829 746 ἀρετῆς.

253 753 374 823 Οὑχ
387 751 555 817 οὑτως
570 756 718 825 ἥλιος
740 757 1025 821 ἀνατείλας
1060 756 1155 809 καὶ
1210 757 1470 832 λαμπράς
1504 759 1685 831 ἀφιεὶς
1733 757 1835 821 τάς

240 832 761 906 ἀκτῖναςεὺφραίνει
779 852 882 905 μου
899 839 999 901 τάς
1012 836 1181 907 ὄψεις,
1201 837 1278 902 ὡς
1296 839 1656 911 τὸπρόσωπον
1686 841 1803 893 Παύ
1821 871 1835 882 -

253 914 354 970 λου
385 918 718 987 καταυγάζει
751 937 854 991 μου
887 919 983 991 τὴν
1023 911 1262 975 διάνοιαν
1282 937 1297 952 ο
1331 926 1359 976 6
1401 922 1500 993 μὲν
1540 922 1648 994 γάρ
1683 922 1833 994 ἥλιος

251 1000 361 1063 τὰς
390 1000 539 1070 ὄψεις
572 1002 816 1071 φωτίζει,
842 1005 870 1057 6
900 1003 957 1057 δὲ
996 1004 1206 1067 Παῦλος
1240 1008 1318 1069 είς
1348 1004 1518 1069 αὑτὰς
1538 1008 1837 1076 ἀναπτεροῖ

250 1085 358 1151 τάς
386 1088 581 1157 ἁψῖδας
607 1088 715 1142 τῶν
740 1089 987 1160 οὐρανῶν
1004 1107 1020 1123 ·
1052 1091 1150 1163 τὴν
1178 1092 1289 1163 γάρ
1306 1090 1485 1163 ψυχὴν
1519 1092 1611 1144 καὶ
1637 1092 1835 1163 ὑψηλο-

247 1169 421 1239 τέραν
451 1170 545 1223 τοῦ
573 1172 726 1241 ἡλίου
755 1172 1149 1245 ἀπεργάζεται,
1182 1176 1276 1228 καὶ
1309 1175 1587 1245 ἀνωτέραν
1615 1174 1717 1244 τῆς
1748 1191 1835 1227 σε-

246 1249 423 1323 λήνης
448 1269 461 1283 ·
498 1254 724 1325 τοιαύτη
754 1256 865 1327 γὰρ
893 1258 926 1328 ή
955 1256 1186 1329 δύναμις
1205 1258 1302 1328 τῆς
1335 1258 1568 1329 ἀρετῆς·
1610 1257 1840 1326 ἄγγελον

243 1332 346 1386 τὸν
375 1334 658 1406 ἄνθρωπον
685 1340 848 1403 ποιεῖ,
881 1339 981 1409 τήν
1011 1338 1189 1410 ψυχὴν
1212 1340 1510 1410 ἀναπτεροῖ
1530 1342 1610 1403 είς
1641 1340 1731 1392 τὸν
1750 1341 1841 1393 οὑ-

240 1419 438 1488 ρανόν.
465 1419 681 1490 Ταύτην
712 1422 813 1493 τήν
846 1422 1047 1493 ἀρετὴν
1076 1423 1317 1477 διδάσκει
1351 1425 1500 1495 ἡμᾶς
1531 1427 1558 1478 6
1581 1423 1791 1488 Παῦλος
1819 1440 1833 1455 ·

244 1500 649 1573 σπουδάσωμεν
698 1504 936 1576 ζηλωταὶ
979 1505 1143 1559 αὑτοῦ
1183 1506 1435 1575 γενέσθαι
1478 1507 1577 1577 τῆς
1609 1508 1829 1577 ἀρετῆς.

256 1582 410 1637 Ἀλλ’
444 1585 504 1638 οὑ
536 1585 617 1639 δεῖ
647 1586 884 1653 ἐξελθεῖν
913 1589 1061 1660 ἡμᾶς
1093 1588 1186 1643 τοῦ
1216 1588 1588 1661 προκειμένου
1617 1605 1630 1619 ·
1659 1588 1832 1655 δεῖξαι

1367 398 1455 451 DE
1499 396 1985 454 ELEEMOSYNA.
2029 396 2259 453 HOMIL.
2300 399 2386 452 111.

3408 403 3519 459 292

1936 512 2047 581 γὰρ
2076 506 2143 580 ἦν
2168 512 2196 563 6
2226 510 2429 573 σκοπὸς
2455 509 2643 582 τρίτην
2669 509 2784 563 666v
2812 510 3100 581 μετανοίας
3124 511 3224 583 τήν
3263 530 3514 573 ταπεινο-

1939 591 2231 662 φροσύνην,
2262 593 2396 645 ὅτιὸ
2416 591 2655 663 τελώνης
2684 593 2786 645 οὑκ
2816 594 3364 667 ἐταπεινοφρόνησεν,
3398 598 3515 653 ἀλλ’

1936 675 2197 743 ἀλήθειαν
2239 669 2380 739 εἷπε,
2416 674 2515 738 τάς
2556 675 2689 739 ίδίας
2724 674 3000 747 ἁμαρτίας
3025 677 3323 747 γυμνώσας
3344 690 3392 744 ι,
3423 681 3521 736 καὶ

1938 759 2143 823 δίκαιος
2161 758 2400 826 ἐγένετο,
2431 758 2492 810 οὐ
2514 759 2774 829 χρήματα
2798 758 3142 825 καταϐαλὼν,
3164 758 3288 814 οὔτε
3309 761 3528 836 πελάγη

1937 841 2229 914 διατεμὼν,
2264 841 2390 896 οὑτε
2434 841 2633 913 πολλὴν
2661 842 2779 895 ὁδὸν
2817 841 3090 907 πεζεύσας
3112 884 3129 911 ,
3161 842 3286 898 οὗτε
3321 845 3526 917 ἄπειρα

1937 926 2151 997 πελάγη
2181 925 2460 996 περάσας,
2495 923 2617 978 οὔτε
2666 924 2853 993 φίλους
2886 925 3148 992 ἀξιώσας,
3177 925 3301 981 οὑτε
3332 929 3527 999 χρόνον

1938 1008 2108 1063 πολὺν
2146 1006 2559 1073 καταναλώσας,
2603 1007 2739 1060 ἀλλὰ
2779 1007 2866 1061 διὰ
2896 1009 3402 1081 ταπεινοφροσύνης
3443 1011 3523 1064 δι-

1940 1088 2231 1157 καιοσύνην
2261 1089 2550 1158 ἐκτήσατο,
2587 1086 2948 1153 καταξιωθεὶς
2975 1092 3075 1160 τῆς
3102 1089 3383 1160 βασιλείας
3410 1090 3522 1143 τῶν
3639 1113 3644 1163 έ

1938 1172 2211 1243 οὐρανῶν·
2237 1167 2303 1243 ἧς
2337 1172 2550 1239 γένοιτο
2587 1172 2797 1237 πάντας
2826 1174 2975 1244 ἡμᾶς
3008 1175 3309 1244 ἐπιτυχεῖν,
3335 1175 3523 1246 χάριτι
3638 1176 3645 1213 ³

1937 1255 2034 1308 καὶ
2063 1254 2444 1326 φιλανθρωπίᾳ
2473 1253 2567 1307 τοῦ
2599 1254 2809 1326 Κυρίου
2847 1255 3004 1325 ήμῶν
3046 1256 3221 1328 Ἰησοῦ
3257 1258 3519 1328 Χριστοῦ,

1936 1332 1981 1407 ᾧ
2004 1340 2037 1409 ἡ
2069 1337 2194 1403 δόξα
2228 1338 2319 1391 καὶ
2341 1339 2403 1391 τὸ
2425 1339 2625 1409 κράτος
2648 1339 2727 1402 είς
2745 1340 2871 1403 τοὺς
2904 1339 3109 1403 αίῶνας
3135 1340 3248 1393 τῶν
3278 1339 3514 1395 αίώνων.

1946 1422 2141 1492 Ἀμήν.
2662 1422 2667 1429 ’

1994 1601 2021 1630 ⁸
2046 1600 2195 1650 Savil.
2223 1603 2587 1663 ἀπογυμνώσας.

1304 1938 1332 1968 ⁸
1362 1931 1591 2021 ΤΟΥ
1645 1932 2025 2020 ΑΥΤΟΥ
2087 1932 2453 2019 ΛΟΓΟΣ

1059 2140 1213 2214 [294]
1244 2139 1383 2210 Περί
1413 2139 1865 2211 ἐλεημοσύνης,
1899 2138 1997 2191 καί
2024 2141 2111 2204 εἰς
2148 2138 2254 2205 τὰς
2285 2138 2433 2196 δέκα
2465 2139 2817 2209 παρθένους.

837 2438 1068 2507 Ὁμιλία
1094 2446 1165 2507 γ’.

238 2572 312 2618 α’.
350 2560 500 2634 *Αρα
533 2559 918 2627 οἴδατε,πόθεν
948 2563 1081 2633 ἡμῖν
1109 2563 1137 2615 6
1160 2562 1318 2632 λόγος
1345 2565 1538 2639 πρώην
1568 2568 1791 2641 ἤρξατο,
1819 2574 1852 2645 ἢ

165 2652 272 2706 ποῦ
306 2650 607 2709 κατέλυσεν
639 2646 691 2715 υ,
720 2649 754 2719 ἦ
785 2653 850 2703 ἐκ
881 2650 1040 2713 ποίας
1063 2650 1373 2716 ὑποθέσεως
1402 2656 1482 2718 εἰς
1509 2657 1666 2712 ποίαν
1698 2657 1855 2731 ἔληξε

163 2740 236 2793 τά
267 2740 373 2809 τῆς
409 2738 682 2808 προτέρας
716 2738 931 2809 ὁμιλίας
965 2738 1219 2808 ῥήματα;
1272 2740 1412 2793 Ἀλλ’
1445 2743 1609 2813 ὑμᾶς·
1636 2745 1735 2815 μὲν
1764 2765 1851 2802 νο-

170 2827 319 2898 μίζω
364 2823 719 2893 ἐπιλελῆσθαι
766 2824 869 2876 ποῦ
912 2825 1045 2892 ἡμῖν
1081 2826 1109 2877 6
1142 2824 1297 2891 λόγος
1346 2830 1710 2885 κατέπαυσεν·
1742 2834 1854 2902 ἐγὼ

165 2912 224 2964 δέ
244 2907 389 2972 οἶδα,
417 2910 509 2962 καὶ
530 2910 629 2961 οὑκ
646 2908 907 2978 αἰτιῶμαι
932 2909 1076 2978 ὑμᾶς
1097 2910 1157 2961 ἐν
1188 2911 1362 2980 τούτῳ
1387 2912 1507 2965 οὐδὲ
1537 2919 1849 2988 κατηγορῶ.

166 2998 452 3058 Ἕκαστος
474 2995 582 3064 γάρ
605 2993 758 3064 ὑμῶν
777 2997 1011 3061 γυναῖκα
1034 2995 1168 3064 ἔχει,
1194 2995 1287 3048 καὶ
1310 2996 1517 3051 παίδων
1541 3001 1850 3072 ἀντέχεται,

162 3084 263 3136 καὶ
295 3081 409 3135 τῶν
448 3082 575 3151 περὶ
600 3081 693 3132 τὸν
721 3075 871 3132 οἶκον
904 3079 1181 3149 φροντίζει
1208 3092 1230 3120 ο
1264 3082 1510 3136 πάντων·
1547 3086 1597 3137 οί
1632 3087 1730 3158 μὲν
1759 3090 1854 3141 καὶ

163 3173 225 3224 ἐν
260 3168 580 3239 στρατείαις
610 3166 987 3237 ἀσχολοῦνται,
1036 3167 1185 3221 ἄλλοι
1227 3169 1285 3223 δέ
1332 3172 1668 3242 χειροτέχναι
1702 3175 1808 3228 είσί
1836 3192 1850 3207 ·

162 3257 263 3310 καὶ
310 3257 396 3318 εἰς
444 3255 733 3324 διαφόρους
783 3255 975 3326 χρείας
1022 3256 1256 3320 ἕκαστος
1311 3258 1467 3327 ὑμῶν
1520 3260 1848 3331 ἀσχολεῖται.

174 3345 375 3415 Ἡμεῖς
405 3343 465 3396 δέ
502 3344 559 3396 ἐν
586 3343 799 3406 τούτοις
829 3343 1200 3415 στρεφόμεθα,
1237 3347 1332 3400 καὶ
1354 3350 1414 3401 ἐν
1449 3348 1663 3413 τούτοις
1694 3352 1854 3423 μελε-

160 3432 376 3502 τῶμεν,
421 3430 521 3485 καὶ
550 3433 609 3486 ἐν
651 3431 864 3495 τούτοις
902 3432 996 3485 τὸν
1033 3433 1224 3503 χρόνον
1271 3436 1429 3506 ήμῶν
1470 3436 1850 3509 διατρίϐομεν·

160 3519 309 3573 ὥστε
338 3519 402 3571 ού
439 3519 710 3589 μεμπτέοι
744 3519 868 3572 ἐστὲ
896 3521 953 3575 ἐν
983 3520 1181 3591 τούτῳ,
1219 3522 1334 3575 ἀλλ’
1370 3525 1675 3580 ἐπαινετέοι
1700 3529 1757 3581 ἐν
1783 3531 1850 3601 τῇ

166 3607 403 3677 σπουδῇ,
441 3606 522 3659 ὅτι
562 3606 685 3659 οὑδὲ
731 3606 861 3676 μίαν
894 3608 1041 3677 ήμᾶς
1071 3610 1355 3681 Κυριακὴν
1386 3613 1849 3683 καταλιμπάνετε,

163 3697 306 3751 ἁλλά
339 3697 564 3752 πάντων
598 3696 1071 3767 καταφρονοῦντες
1108 3700 1187 3761 εἰς
1217 3700 1513 3771 ἐκκλησίαν
1544 3703 1845 3758 ἀπαντᾶτε.

166 3786 343 3840 Τοῦτο
363 3784 477 3857 γὰρ
503 3784 759 3856 μέγιστον
782 3785 1056 3856 ἐγκώμιόν
1075 3788 1192 3840 ἐστι
1214 3787 1313 3857 τῆς
1332 3788 1604 3860 ἡμετέρας
1619 3790 1847 3857 πόλεως,

165 3874 225 3926 οὑ
251 3874 316 3927 τὸ
362 3872 632 3944 θορύϐους
672 3872 817 3943 ἐχειν
855 3874 950 3927 καὶ
975 3874 1306 3946 προάστεια,
1331 3876 1450 3929 οὑδέ
1479 3878 1851 3950 χρυσορόφους

166 3961 354 4025 οἴκους
394 3963 494 4015 καὶ
527 3961 856 4032 τρικλίνους,
902 3961 1038 4016 ἀλλά
1073 3963 1133 4015 τὸ
1170 3962 1314 4033 ἔχειν
1351 3962 1523 4035 δῆμον
1567 3965 1851 4020 σπουδαῖον

166 4048 264 4101 καὶ
296 4047 748 4118 διεγηγερμένον.
785 4047 858 4101 Οὐ
902 4047 1013 4118 γὰρ
1055 4050 1120 4102 ἐκ
1152 4049 1262 4102 τῶν
1296 4049 1513 4118 φύλλων
1557 4052 1658 4123 τὴν
1689 4053 1851 4122 εὑγέ-

134 4144 137 4145 '
166 4152 319 4187 νειαν
347 4133 443 4187 τοῦ
482 4133 722 4204 δένδρου,
751 4133 865 4187 ἀλλ’
904 4135 969 4188 ἐκ
994 4134 1105 4189 τῶν
1135 4137 1364 4207 καρπῶν
1391 4138 1847 4209 ἐπιγινώσκομεν.

166 4219 267 4274 Διά
285 4219 450 4273 τοῦτο
472 4217 585 4289 γὰρ
616 4220 726 4272 τῶν
759 4220 973 4289 ἀλόγων
1003 4220 1158 4284 ζώων
1187 4224 1643 4296 προτετιμήμεθα
1683 4228 1742 4280 ἐν
1773 4227 1851 4298 τῷ

167 4304 326 4374 λόγον
359 4306 528 4377 ἔχειν,
561 4305 657 4359 καὶ
681 4305 840 4374 λόγου
880 4308 1342 4377 μεταλαμϐάνειν,
1371 4312 1467 4364 καὶ
1487 4311 1646 4380 λόγου
1680 4313 1813 4385 ἐρᾷν
1833 4330 1847 4344 ·

170 4391 458 4464 ἄνθρωπος
496 4391 607 4463 γάρ
658 4393 732 4463 μὴ
771 4392 912 4463 ἐρῶν
950 4393 1133 4462 λόγου,
1184 4398 1319 4450 πολὺ
1367 4396 1709 4470 ἀλογώτερος
1742 4401 1851 4456 τῶν

172 4480 383 4550 κτηνῶν
417 4484 572 4544 ἐστι,
607 4482 681 4552 μὴ
710 4481 865 4545 εἰδὼς
897 4482 986 4537 διὰ
1012 4483 1066 4535 τί
1096 4484 1364 4555 ἐτιμήθη,
1399 4486 1493 4539 καὶ
1536 4487 1700 4541 πόθεν
1738 4490 1852 4559 ἐχει

169 4566 268 4636 τήν
291 4568 480 4637 τιμήν.
513 4567 625 4620 Kal
667 4568 848 4632 καλῶς
875 4568 1061 4637 ἐλεγεν
1094 4572 1123 4623 6
1154 4574 1440 4643 προφήτης
1462 4589 1477 4604 ·
1507 4573 1853 4642 Ἀνθρωπος

170 4652 240 4704 ἐν
259 4653 400 4724 τιμῇ
421 4654 512 4708 ὢν
535 4656 606 4707 οὐ
634 4654 896 4723 συνῆκε·
920 4659 1426 4726 παρασυνεϐλήθη
1453 4660 1579 4725 τοῖς
1602 4661 1853 4730 κτήνεσι

175 4739 300 4806 τοῖς
323 4742 628 4807 ἀνοήτοις,
660 4744 759 4796 καί
786 4741 1051 4811 ὡμοιώθη
1093 4745 1319 4812 αὐτοῖς.
1351 4746 1671 4817 Ἀνθρωπος
1711 4748 1855 4817 λογι-

176 4826 270 4891 κὸς
292 4826 387 4893 ὢν,
418 4829 583 4898 λόγου
613 4830 714 4882 οὑκ
750 4832 913 4900 ἐρᾷςς
944 4831 1064 4886 εἰπέ
1096 4850 1206 4902 μοι,
1242 4834 1338 4886 καὶ
1365 4833 1525 4887 ποίαν
1554 4834 1694 4899 ἕξεις
1725 4852 1856 4904 συγ-

178 4913 440 4987 γνώμην;
494 4918 658 4970 Ὥστε
707 4918 863 4988 ὑμεῖς
914 4919 1039 4988 ἐμοὶ
1082 4921 1296 4974 πάντων
1344 4922 1759 4993 ἀναγκαιότεροι
1805 4925 1852 4977 οἱ

179 5002 315 5071 πρὸς
349 5002 622 5074 τὸνλόγον
643 5006 744 5076 τῆς
774 5004 979 5076 ἀρετῆς
1014 5006 1502 5078 ἀναπτερούμενοι,
1537 5008 1634 5063 καὶ
1672 5009 1852 5063 πάντα

181 5086 289 5140 σιῶν
351 5089 515 5144 θείων
578 5090 754 5159 λόγων
812 5091 1039 5163 δεύτερα
1097 5092 1355 5157 τιθέντες.
1416 5094 1553 5166 Φέρε
1608 5092 1702 5150 οῦν
1758 5096 1856 5149 xal

180 5174 338 5243 ἡμεῖς
366 5177 465 5246 τῆς
499 5177 807 5243 ὑποθέσεως
836 5178 1102 5250 ἁψώμεθα
1122 5219 1136 5245 ,
1167 5182 1261 5234 καὶ
1287 5179 1397 5235 τῶν
1428 5181 1620 5254 πρώην
1661 5183 1854 5255 ρηθέν-

237 5307 437 5396 1333-5?
451 5313 678 5396 ’habel’in
707 5315 892 5366 Savilio
918 5315 1092 5366 ιίωιυε
1117 5336 1128 5364 :
1163 5317 1281 5382 Περὶ
1323 5317 1572 5381 μετανοίας
1608 5320 1689 5368 καὶ
1717 5321 1850 5379 ἐλεη-

185 5374 390 5467 μοεύνης
410 5374 551 5435 λόγος
578 5376 647 5426 τ’.
1040 5441 1048 5451 ι
1324 5374 1333 5381 ’
1560 5374 1567 5375 7
1814 5374 1823 5379 I

186 5488 213 5511 λ
240 5431 480 5511 nglorel’.‘
497 5437 617 5484 ὅπου
635 5439 916 5511 κατέλυσενζ
937 5438 1148 5511 δξξνιιςῆ
1166 5456 1261 5487 που
1287 5441 1669 5511 κατέληξεκπξςβ.
1708 5442 1846 5511 _Reg_.

186 5488 330 5576 11:02
334 5497 621 5576 κατέλυσεν.
653 5499 844 5576 Qeipde
886 5488 1047 5576 Slavil.
1076 5488 1149 5576 siné
1170 5488 1506 5576 ρςτεὶιλιόθὲν
1523 5488 1845 5576 ἦρξάμεθαξεῇ

185 5554 277 5626 ποῦ
309 5554 641 5626 ἐπαυσάμεθας
672 5562 702 5617 ἢ
743 5562 800 5626 ἐκ
839 5562 977 5618 ποίας
1016 5564 1150 5617 ὑποθ.
1172 5554 1288 5612 Μεεῖξ
1334 5563 1460 5626 Reg.
1501 5554 1667 5614 αιιὶέιίι
1702 5566 1732 5622 ἢ
1754 5554 1849 5614 ποῦ

188 5609 595 5684 ἐπαυσάμεθατῇς
612 5609 856 5684 προτέρας.

253 5675 276 5702 °
302 5675 460 5749 θείη,
477 5675 567 5728 καῖ
598 5675 733 5749 aliqu
756 5675 1017 5749 φροντίζει.
1051 5685 1188 5734 Unus
1206 5684 1335 5749 Reg.
1369 5686 1532 5735 καὶτὰ
1570 5687 1676 5749 περὶ
1718 5687 1848 5736 οἶκον

190 5739 412 5810 φροντίζει
433 5739 633 5810 ἅπαντα.
658 5739 774 5792 Mox'
789 5739 926 5810 :idgm
950 5747 1082 5795 ἄλλοι
1125 5749 1175 5797 δὲ
1198 5748 1242 5795 ἐν
1262 5739 1595 5810 χῖιροτέχναις,
1616 5739 1695 5797 καὶ
1721 5749 1845 5805 εἰς...

193 5792 317 5852 ἐμῶν
341 5797 694 5866 ἀναστρέφεται,
726 5806 803 5853 καὶ
832 5808 909 5863 είς.

1869 2300 1943 2313 ...ι-

1960 2472 2068 2507 των
2119 2454 2187 2508 τά
2242 2454 2509 2508 ἀκόλουθα
2561 2454 2841 2524 εἴπωμεν·
2883 2453 3141 2525 χρεωστῶ
3190 2452 3299 2523 γὰρ
3351 2452 3508 2523 ὑμῖν,
3538 2452 3633 2507 καὶ

1961 2543 2129 2613 ήδέως
2162 2542 2483 2597 καταϐάλλω
2516 2545 2576 2595 τὸ
2624 2543 2784 2613 χρέος
2803 2559 2815 2571 ·
2846 2543 2906 2595 οὑ
2955 2542 3064 2613 γάρ
3115 2542 3304 2595 πενίαν
3329 2558 3419 2612 μοι
3438 2542 3615 2612 φέρει,

1958 2632 2094 2687 ἀλλὰ
2129 2633 2358 2686 πλοῦτον
2388 2633 2631 2701 συνάγει.
2692 2633 2816 2686 Ἐπὶ
2855 2632 2964 2705 γάρ
3002 2633 3111 2687 τῶν
3139 2632 3339 2698 ἔξωθεν
3371 2632 3635 2704 πραγμά-

1954 2738 2064 2774 των
2111 2722 2158 2773 οί
2191 2720 2464 2792 χρεῶσται
2495 2720 2755 2790 φεύγουσι
2800 2721 2927 2785 τοὺς
2973 2719 3260 2785 δανειστάς
3289 2719 3429 2788 πρὸς
3460 2719 3521 2772 τὸ
3557 2719 3634 2790 μὴ

1954 2808 2269 2872 ἀποδοῦναι,
2318 2808 2429 2877 ἐγὼ
2482 2809 2538 2863 δὲ
2589 2806 2911 2862 καταδιώκω
2950 2810 3030 2872 εἰς
3078 2808 3140 2862 τὸ
3168 2805 3497 2871 ἀποδοῦναι,
3538 2807 3635 2860 καὶ

1958 2895 2104 2963 μάλα
2144 2912 2209 2963 γε
2267 2896 2523 2959 εἰκότως·
2561 2896 2654 2947 ἐπὶ
2686 2894 2797 2965 γὰρ
2838 2896 2946 2948 τῶν
2980 2895 3180 2962 ἔξωθεν
3216 2895 3564 2966 πραγμάτων
3598 2896 3632 2965 ὴ

1954 2981 2212 3045 ἀπόδοσις
2244 2982 2435 3036 πενίαν
2458 2981 2777 3051 ἐργάζεται,
2798 2981 2891 3034 ἐπὶ
2916 2982 2974 3033 δὲ
2999 2982 3093 3035 τοῦ
3111 2981 3274 3050 λόγου
3308 2984 3341 3053 ή
3372 2982 3635 3044 ἀπόδοσις

1955 3066 2184 3120 πλοῦτον
2212 3070 2395 3139 γεννᾷ.
2436 3064 2562 3121 Οἷόν
2596 3086 2648 3121 τι
2693 3068 2860 3137 λέγω·
2908 3070 3172 3139 χρήματα
3218 3067 3480 3139 χρεωστῶ
3501 3083 3627 3121 τινι·

1951 3153 2123 3207 ταῦτα
2155 3154 2253 3208 ἐὰν
2286 3153 2601 3217 καταϐάλω,
2637 3155 2695 3208 ού
2723 3154 2948 3208 δύναται
2994 3155 3086 3207 καὶ
3113 3156 3242 3224 παρ’
3271 3153 3467 3223 ἐκείνῳ
3488 3147 3632 3205 εἶναι

1952 3242 2050 3295 καὶ¹
2072 3245 2205 3313 παρ’
2234 3243 2379 3313 ἐμοὶ,
2403 3242 2518 3296 ἀλλ’
2534 3244 2629 3297 ἀπ’
2660 3242 2793 3313 ἐμοῦ
2822 3243 2921 3313 μὲν
2955 3240 3328 3313 ἀνεχώρησεν,
3355 3239 3550 3309 ἐκείνῳ
3572 3238 3631 3294 δὲ

1954 3327 2243 3399 ἐκολλήθη·
2272 3328 2431 3397 λόγον
2453 3329 2511 3384 δέ
2540 3328 2636 3383 ἐὰν
2675 3327 2991 3393 καταϐάλω,
3022 3329 3119 3381 καὶ
3167 3329 3284 3398 μετ’
3316 3325 3453 3397 ἐμοῦ
3489 3327 3629 3391 ἐστι,

1954 3414 2048 3466 καὶ
2080 3415 2280 3478 πάντες
2304 3415 2469 3468 αὑτὸν
2491 3414 2667 3487 ἔχετε·
2702 3414 2797 3468 ἐάν
2831 3414 3091 3484 κατάσχω
3118 3412 3209 3466 τὸν
3238 3412 3397 3479 λόγον
3430 3411 3525 3463 καὶ
3554 3411 3630 3481 μὴ

1958 3501 2193 3572 μεταδῶ.
2223 3503 2346 3556 τότε
2378 3502 2550 3573 πένης
2572 3503 2711 3574 εἰμὶ,
2739 3504 2869 3558 ὅταν
2892 3503 2950 3558 δέ
2974 3500 3288 3564 καταϐάλω,
3321 3499 3443 3552 τότε
3476 3498 3634 3551 εὑπο-

1958 3587 2193 3661 ρώτερος
2220 3589 2464 3660 γίνομαι·
2488 3589 2585 3643 ἐὰν
2618 3590 2694 3661 μὴ
2718 3590 3009 3644 καταϐάλω
3036 3588 3128 3641 τὸν
3159 3586 3340 3656 λόγον,
3379 3584 3502 3638 τότε
3535 3582 3634 3651 μό-

1954 3692 2043 3738 νος
2077 3673 2315 3738 πλουτῶ,
2347 3674 2443 3729 ἐάν
2468 3675 2525 3729 δέ
2551 3675 2844 3730 καταϐάλω
2862 3715 2879 3742 ,
2931 3679 3069 3747 μετά
3112 3674 3333 3728 πάντων
3361 3671 3516 3743 ὑμῶν
3538 3671 3632 3727 τὸν

1953 3761 2166 3831 καρπὸν
2197 3760 2564 3831 ἀποφέρομαι.

2019 3845 2155 3916 Φέρε
2187 3842 2280 3900 οὖν
2332 3846 2622 3917 ἀποδῶμεν
2666 3847 2726 3899 τὸ
2769 3847 2949 3917 χρέος·
2991 3847 3045 3900 τί
3083 3847 3139 3900 δὲ
3166 3842 3232 3918 ἦν
3264 3843 3416 3918 [295]
3438 3844 3629 3911 τοῦτος

1952 3932 2089 4002 Περὶ
2118 3932 2407 4002 μετανοίας
2436 3933 2528 3987 τὸν
2573 3933 2727 4000 λόγον
2769 3933 3152 4003 ἐγυμνάζομεν
3181 3931 3374 4005 πρώην
3401 3932 3493 3985 καὶ
3515 3931 3632 3983 ἐλέο

1950 4035 2141 4089 γομεν,
2192 4021 2273 4073 ὅτι
2317 4019 2509 4074 πολλαὶ⁸
2560 4022 2655 4073 καὶ
2712 4020 2956 4074 ποικίλαι
3013 4020 3124 4073 ὁδοὶ
3170 4021 3272 4089 τῆς
3319 4018 3629 4089 μετανοίας,

1953 4106 2041 4158 ἵνα
2092 4104 2314 4169 εὔκολος
2366 4108 2497 4177 ἡμῖν
2542 4107 2770 4178 γένηται
2818 4109 2852 4178 ἡ
2900 4105 3166 4178 σωτηρία.
3223 4106 3290 4159 El
3338 4104 3447 4177 γὰρ
3500 4102 3631 4174 μίαν

1953 4195 2086 4264 ήμῖν
2134 4193 2334 4247 ἔδωκεν
2379 4194 2497 4247 ὁδὸν
2533 4196 2562 4247 6
2599 4194 2732 4257 Θεὸς
2773 4193 3083 4265 μετανοίας,
3135 4190 3512 4263 ἀνεϐαλόμεθα
3559 4187 3627 4242 ἂν

1953 4281 2220 4349 λέγοντες·
2249 4282 2323 4341 οὑ
2373 4281 2653 4353 δυνάμεθα
2694 4282 2902 4351 ταύτην
2936 4281 3236 4351 μετελθεῖν,
3283 4282 3522 4354 σωθῆναι
3564 4280 3629 4334 οὑ
3702 4272 3707 4283 ’

1952 4367 2247 4438 δυνάμεθα·
2277 4365 2373 4420 νῦν
2406 4367 2462 4421 δὲ
2491 4369 2778 4423 ἐκκόπτων
2814 4386 2909 4421 σου
2952 4370 3050 4439 τὴν
3079 4370 3357 4441 πρόφασιν
3384 4369 3617 4440 ταύτην,

1953 4457 2015 4509 οὐ
2041 4455 2172 4526 μίαν
2206 4472 2288 4507 σοι
2322 4455 2521 4508 δέδωκε
2551 4457 2709 4526 μόνον
2732 4456 2870 4519 666v,
2892 4457 3010 4510 οὑδέ
3035 4458 3320 4529 δευτέραν,
3356 4459 3480 4511 οὑδέ
3508 4457 3631 4530 τρί-

1953 4559 2073 4611 την,
2103 4540 2238 4594 ἀλλά
2260 4540 2461 4605 πολλὰς
2490 4541 2585 4595 καὶ
2611 4541 2922 4614 διαφόρους,
2948 4544 3036 4598 ἵνα
3061 4545 3140 4612 τῷ
3171 4544 3366 4614 πλήθει
3400 4542 3631 4599 εὑκολόν

1957 4655 2039 4690 σοι
2065 4638 2267 4708 ποιήσῃ
2299 4637 2398 4707 τὴν
2434 4637 2696 4691 ἀνάϐασιν
2726 4639 2826 4711 τὴν
2854 4642 2936 4703 είς
2964 4641 3056 4694 τὸν
3085 4641 3335 4712 οὑρανόν.
3363 4641 3475 4694 Kal
3505 4640 3628 4694 ἐλέ-

1953 4742 2122 4795 γομεν
2156 4727 2237 4778 ὅτι
2266 4724 2487 4790 εὔκολος
2512 4727 2544 4796 ή
2572 4727 2851 4798 μετάνοια,
2870 4729 2966 4781 καὶ
2990 4728 3145 4781 οὐδὲν
3179 4728 3345 4799 βάρος
3375 4731 3434 4781 ἐν
3465 4728 3624 4797 αὐτῇ.

1966 4810 2318 4883 Ἀμαρτωλὸς
2346 4807 2423 4877 el;
2474 4812 2683 4867 εἴσελθε
2722 4816 2803 4876 είς
2859 4815 2960 4886 τὴν
3015 4814 3333 4885 ἐκκλησίαν,
3388 4813 3509 4865 είπέ
3545 4813 3627 4865 ὃτι

1955 4898 2276 4969 ἡμάρτηκα,
2308 4899 2403 4953 καὶ
2428 4898 2624 4963 ἔλυσας
2650 4900 2750 4971 τὴν
2784 4901 3082 4971 ἁμαρτίαν.
3116 4899 3227 4953 Kal
3262 4899 3372 4971 γὰρ
3404 4904 3501 4953 xal
3535 4899 3629 4953 τον

1952 4984 2120 5047 ,Δαυῖδ
2135 5003 2210 5038 πα
2220 4987 2530 5056 ρηγάγομεν
2548 4989 2627 5051 είς
2650 4988 2814 5057 μέσον
2843 4988 3262 5058 ἁμαρτήσαντα,
3281 4987 3377 5041 καὶ⁵
3390 4986 3631 5042 λύσαντα

1954 5082 2051 5153 τὴν
2091 5083 2389 5153 ἁμαρτίαν·
2425 5079 2544 5136 εἷτα
2569 5083 2834 5153 δευτέραν
2869 5083 2986 5138 ὁδὸν
3021 5082 3372 5153 ὑπεθέμεθα,
3397 5083 3462 5138 τὸ
3493 5101 3629 5138 πεν-

1955 5168 2119 5239 θῆσαι
2148 5170 2241 5222 ἐπὶ
2265 5171 2332 5239 τῇ
2357 5169 2624 5241 ἁμαρτίᾳ,
2644 5170 2740 5225 καὶ
2766 5168 3049 5239 ἐλέγομεν,
3085 5172 3238 5235 ποῖος
3263 5171 3511 5243 κάματος
3532 5164 3627 5226 οῦ-

1953 5274 2079 5324 τοςς
2134 5258 2235 5311 οὑκ
2277 5256 2356 5310 ἐνι
2402 5260 2662 5329 χρήματα
2688 5259 3059 5323 καταϐαλεῖν,
3098 5261 3223 5315 οὑδὲ
3257 5261 3461 5333 πολλὴν
3506 5261 3628 5316 ὁδὸν

1963 5344 2249 5418 πεζεῦσαι,
2281 5344 2406 5398 οὑτε
2432 5363 2486 5399 τι
2534 5346 2663 5402 ἄλλο
2693 5348 2957 5413 τοιοῦτον,
2998 5348 3138 5404 ἀλλά
3166 5350 3437 5420 πενθῆσαι
3468 5351 3628 5420 μόνον

1953 5443 2048 5494 ἐπὶ
2082 5444 2147 5513 τῇ
2194 5442 2463 5514 ἁμαρτία·
2516 5445 2611 5498 καὶ
2653 5446 3053 5517 παρηγάγομεν
3103 5446 3211 5499 ἀπὸ
3253 5446 3356 5515 τῆς
3400 5446 3628 5517 Γραφῆς
3712 5508 3731 5513 t

1954 5530 2133 5594 τοῦτο,
2161 5532 2243 5583 ὅτι
2270 5533 2299 5584 6
2325 5530 2457 5596 Θεὸς
2490 5533 2832 5604 μετεμελήθη
2883 5534 2976 5586 ἐπὶ
3025 5533 3117 5587 τοῦ
3160 5533 3367 5605 Ἀχαάϐ
3389 5573 3404 5598 ,
3449 5533 3538 5587 διὰ
3564 5534 3627 5588 τὸ

1956 5619 2227 5688 πενθῆσαι
2247 5618 2410 5672 αὑτὸν
2427 5619 2521 5673 καὶ
2551 5620 2967 5692 σκυθρωπάσαι·
2987 5620 3080 5673 καὶ
3108 5619 3267 5673 τοῦτο
3294 5619 3456 5685 αὑτὸς
3470 5619 3625 5691 ἔλεγε

1954 5712 2032 5782 τῷ
2060 5711 2234 5784 Ἠλίᾳ·
2269 5708 2445 5780 Εἶδες
2471 5713 2597 5781 πῶς
2636 5714 2928 5782 ἐπορεύθη
2970 5712 3184 5783 ’Λχαὰϐ
3219 5712 3477 5771 ἐνώπιόν
3506 5731 3621 5782 μου

1957 5800 2210 5869 πει·θῶν,
2236 5801 2331 5855 καὶ
2356 5801 2793 5871 σκυθρωπάζων
2807 5819 2827 5867 ;
2859 5802 2942 5855 Οὐ
2964 5799 3049 5872 μὴ
3074 5801 3312 5871 ποιήσω
3340 5801 3493 5859 κατὰ
3518 5802 3624 5860 τὸν
