4066 6426
303 388 411 443 993

320 485 407 554 (5.
468 479 670 551 Regum
733 476 823 532 21.
903 469 1021 541 29).
1050 466 1187 522 lline
1209 462 1420 518 tertiam
1447 461 1689 554 dedimus
1714 458 1884 528 paeni-

312 550 488 623 tentia:
518 550 658 622 viam
681 565 727 633 ',
779 580 843 618 ac
865 562 933 617 de
978 559 1250 627 Scriptura
1287 553 1613 610 Phariswum
1642 550 1889 605 duximus

312 662 365 715 in
393 660 622 715 medium
645 699 660 723 ,
706 657 863 711 simul
892 663 944 710 et
981 650 1323 722 publicanum
1363 662 1379 700 ι
1407 644 1549 714 quod
1580 643 1881 697 Pharisaaus

314 751 526 820 quidem
554 747 780 817 superbe
808 746 978 799 elatus
1001 783 1016 808 ,
1039 758 1067 795 a
1094 739 1295 808 justitia
1320 734 1579 790 exciderit
1605 752 1620 798 ;
1650 731 1890 801 publiea-

320 858 418 896 nus
444 855 570 894 vero
609 837 877 891 humiliter
910 835 1173 896 sentiens,
1205 832 1428 884 fructum
1466 825 1685 896 justitim
1713 837 1892 877 susce-

319 933 476 1001 perit,
528 946 700 998 neque
749 928 853 981 ullo
897 932 1145 993 suscepto
1206 921 1389 976 labore
1427 916 1744 987 jnstilicatus
1780 914 1892 968 sit:

320 1025 480 1079 verba
505 1022 650 1076 dedit
681 1061 696 1086 ,
726 1035 812 1073 res
855 1018 1082 1086 accepit.
1117 1016 1227 1083 Age
1272 1026 1399 1081 ergo
1427 1017 1660 1077 emptum
1701 1019 1895 1075 sequa-

323 1130 460 1175 mur,
492 1122 546 1167 et
588 1119 827 1181 quartam
874 1107 1209 1177 proferamus
1250 1101 1576 1173 pmnitentia:
1632 1099 1797 1152 viam.
1830 1095 1901 1148 Et

323 1220 566 1277 quamam
595 1220 657 1258 ea
685 1213 766 1258 est
792 1202 815 1255 ?
845 1202 1198 1269 Eleemosyna
1225 1238 1240 1262 ,
1275 1195 1459 1264 regina
1482 1191 1762 1255 virtutum,
1781 1202 1899 1256 quae

325 1298 566 1354 homines
596 1294 871 1349 celerrime
906 1291 1142 1359 ipsorum
1175 1287 1227 1340 in
1272 1285 1524 1339 ca-lorum
1568 1294 1695 1335 axes
1730 1278 1899 1332 addu-

327 1390 401 1441 eit
424 1390 447 1422 ³
488 1385 726 1440 advocati
780 1382 963 1451 optimi
1010 1379 1126 1434 loco
1155 1378 1395 1447 iungens.
1426 1374 1611 1442 Magna
1646 1387 1734 1425 res
1758 1370 1903 1425 elee-

328 1494 550 1550 mosyna
580 1495 595 1543 ;
619 1485 896 1547 propterea
916 1472 1179 1528 clamabat
1207 1480 1262 1525 et
1286 1468 1544 1525 Salomon
1567 1482 1581 1520 :
1607 1464 1800 1535 Magna
1824 1479 1904 1516 res

328 1570 500 1631 homo,
528 1576 575 1621 et
602 1568 818 1638 pretiosa
839 1565 915 1618 vir
942 1562 1224 1616 misericors
1257 1558 1561 1633 (Prov.20.
1592 1556 1677 1625 6).
1705 1555 1904 1623 Magum

331 1668 459 1713 sunt
481 1657 577 1711 alat
594 1656 983 1725 eleemosyme:
1007 1651 1243 1722 praecidit
1263 1665 1465 1713 aerem,
1497 1646 1685 1702 transit
1705 1646 1904 1710 lunam,

332 1749 461 1803 solis
490 1747 666 1801 radios
698 1744 928 1809 excedit,
949 1742 1015 1796 ad
1041 1742 1211 1810 ipsum
1239 1739 1383 1794 venit
1403 1738 1653 1793 ctelorum
1674 1736 1905 1792 culmen.

334 1840 441 1895 Sed
470 1854 567 1893 nec
592 1838 701 1891 illic
729 1836 972 1890 subsistit
1000 1875 1016 1899 ,
1048 1834 1198 1902 ipsos
1237 1830 1599 1902 pertransiens
1633 1828 1794 1883 cados
1815 1869 1830 1893 ,
1856 1837 1912 1883 et

334 1927 641 1999 angelorum
668 1936 870 1979 turmas
885 1924 1197 1988 decurrens,
1223 1921 1766 1990 archangelorumque
1785 1917 1914 1972 cho-

337 2036 447 2085 ros,
474 2026 528 2072 et
555 2030 742 2071 omnes
772 2014 1076 2083 superiores
1103 2018 1416 2082 potestates,
1452 2009 1552 2077 ipsi
1595 2008 1800 2063 assistit
1822 2022 1913 2062 re-

336 2111 439 2179 gali
465 2107 657 2162 throno
687 2124 701 2160 :
728 2104 871 2175 quod
898 2119 964 2159 ex
989 2105 1104 2172 ipsa
1149 2103 1295 2156 disce
1325 2100 1597 2170 Scriptura
1625 2115 1640 2153 :
1668 2098 1868 2153 Corneli
1897 2139 1911 2162 ,

337 2203 695 2271 eleemosynw,
745 2199 947 2266 inquit,
992 2206 1039 2251 et
1087 2195 1336 2248 orationes
1366 2203 1467 2247 tua:
1508 2191 1837 2245 ascenderunt
1864 2190 1917 2243 in

337 2301 604 2363 conspectu
624 2288 720 2343 Dei
734 2286 962 2361 (ActJO.
976 2287 1052 2355 4).
1066 2284 1195 2339 Illud
1210 2295 1409 2349 autem,
1431 2281 1499 2335 In
1516 2291 1783 2350 conspectu
1801 2278 1915 2345 Dei,

339 2392 441 2449 est,
463 2380 675 2437 tametsi
727 2379 892 2433 multa
923 2376 1175 2429 habueris
1224 2383 1465 2443 peccata,
1517 2372 1563 2426 si
1610 2370 1919 2425 advocati-ix

340 2475 682 2543 elcemosyna
715 2470 804 2536 sit,
844 2483 913 2522 ne
955 2467 1164 2521 timeas.
1214 2464 1365 2519 Nulla
1396 2464 1539 2518 enim
1573 2477 1643 2517 ex
1675 2461 1921 2530 supernis

342 2562 692 2633 potestatibus
741 2559 866 2613 huic
913 2557 1153 2612 resistit:
1181 2555 1415 2610 debitum
1449 2553 1716 2622 reposcit,
1747 2551 1924 2606 chiro-

340 2653 598 2722 graphum
619 2665 774 2705 suum
800 2648 1046 2703 manibus
1072 2654 1308 2715 gestans.
1338 2643 1516 2712 Ipsius
1542 2643 1685 2697 enim
1714 2640 1920 2694 Domini

343 2760 424 2801 est
451 2754 622 2800 vox“:
657 2745 718 2799 Si
744 2744 858 2813 quis
888 2740 1062 2812 fecerit
1079 2741 1165 2792 uni
1194 2753 1258 2792 ex
1282 2737 1501 2790 minimis
1531 2736 1630 2799 his,
1655 2734 1775 2787 mihi
1806 2733 1925 2805 fecit

344 2837 555 2908 (Matth.
577 2834 796 2903 25.40).
828 2831 899 2885 Ita
932 2846 1066 2901 ergo
1092 2837 1351 2898 quotquot
1387 2827 1489 2880 alia
1518 2825 1768 2880 habueris
1796 2838 1926 2893 pec.

343 2940 482 2994 cata,
508 2928 844 2995 eleemosyna
871 2933 956 2976 tua
981 2920 1232 2975 omnibus
1253 2928 1334 2972 est
1361 2918 1592 2986 gravior.

414 3019 468 3071 9..
504 3018 683 3070 Oleum
709 3022 779 3067 est
799 3014 1117 3080 eleemosgna
1145 3023 1258 3078 quae
1282 3008 1501 3077 quinque
1524 3006 1806 3075 virginibus
1832 3006 1919 3077 fa-

347 3111 447 3164 tuis
466 3107 748 3175 deﬁciebat.
768 3134 834 3144 ——
852 3105 1042 3157 Annon
1057 3099 1364 3155 intellexisti
1384 3100 1435 3151 in
1450 3098 1725 3167 evangelio
1739 3097 1926 3152 decem

357 3200 617 3270 virginum
638 3196 968 3268 parabolam,
988 3192 1130 3263 quod
1163 3192 1555 3261 eleemosynam
1588 3205 1692 3243 non
1724 3188 1927 3242 haben-

351 3304 450 3357 tes,
482 3292 840 3361 virginitatem
864 3289 985 3342 licet
1009 3293 1305 3350 servarent,
1336 3291 1486 3338 extra
1516 3282 1806 3336 thalamum
1831 3296 1930 3333 nu-

353 3386 568 3456 ptialem
588 3379 937 3438 manserunt?
966 3378 1127 3432 Erant
1152 3377 1315 3439 enim,
1350 3375 1541 3443 inquit,
1571 3374 1740 3426 decem
1769 3372 1928 3443 virgi-

348 3497 458 3544 nes,
475 3478 691 3548 quinque
718 3478 875 3547 fatua:
903 3481 951 3527 et
1000 3471 1217 3540 quinque
1259 3468 1526 3538 prudentes
1557 3464 1576 3539 (
1607 3464 1740 3519 Ibid.
1789 3482 1838 3521 v.
1872 3465 1927 3519 2.

350 3569 385 3624 5
415 3568 434 3640 )
467 3566 788 3636 :prndentes
826 3562 1040 3631 quidem
1063 3560 1239 3614 oleum
1267 3558 1566 3620 habebant,
1596 3557 1774 3610 stulta:
1800 3570 1931 3609 vero

350 3675 455 3712 non
482 3656 751 3711 habebant
768 3654 964 3715 oleum,
997 3648 1091 3703 sed
1118 3663 1299 3702 earum
1324 3646 1596 3714 lampades
1624 3646 1932 3714 exstingue-

350 3749 563 3802 bantur.
600 3743 930 3799 Accedentes
963 3749 1139 3793 autem
1167 3738 1341 3792 stultae
1367 3736 1430 3789 ad
1463 3735 1749 3804 prudentes
1779 3735 1931 3789 dixe-

352 3847 510 3892 runt:
538 3834 672 3889 Date
702 3832 843 3886 nobis
876 3829 1039 3883 oleum
1066 3828 1129 3881 de
1172 3826 1304 3880 vasis
1335 3826 1510 3878 vestris
1531 3824 1637 3893 (Ib.
1667 3841 1713 3878 v.
1735 3824 1933 3894 8).Pu-

351 3927 445 3981 det
487 3941 571 3980 me
622 3933 677 3979 et
709 3923 907 3977 rubore
944 3918 1241 3974 confundor
1288 3928 1341 3971 et
1376 3916 1643 3987 lacrymor
1670 3917 1928 3985 virginem

354 4017 569 4071 stultam
612 4014 853 4067 audiens.
904 4011 1175 4064 Erubesce
1205 4023 1324 4063 cum
1352 4008 1511 4062 audio
1544 4023 1734 4060 nomen
1765 4049 1780 4074 ,
1813 4020 1934 4076 post

355 4107 514 4160 talem
546 4105 813 4167 virtutem,
832 4111 887 4157 et
908 4099 1221 4169 virginitatis
1251 4099 1505 4164 studium,
1539 4098 1630 4152 ubi
1657 4113 1854 4167 corpus
1882 4099 1932 4152 in

354 4200 543 4254 caelum
580 4205 880 4258 erexerant,
915 4189 1003 4247 ubi
1035 4207 1154 4245 cum
1192 4191 1320 4259 ipsis
1359 4192 1602 4259 supernis
1652 4191 1936 4244 virtutibus

355 4300 625 4344 certamen
682 4286 975 4338 habuerant
1004 4323 1019 4345 ,
1061 4289 1354 4348 testmnque
1414 4280 1769 4333 toleraverant
1799 4322 1813 4345 ,
1847 4281 1935 4333 ubi

355 4383 525 4449 ipsmn
545 4376 837 4444 voluptatis
866 4372 1135 4427 ﬂammam
1170 4369 1665 4431 conculcaverant",
1702 4381 1827 4424 tunc
1857 4369 1935 4423 fa—

358 4483 482 4533 tue,
511 4478 565 4523 et
592 4470 712 4536 jure
758 4465 916 4519 fatuae
967 4462 1311 4525 vocabantur,
1343 4460 1482 4530 quod
1513 4461 1683 4528 majus
1713 4478 1831 4514 cum
1873 4461 1939 4514 fc-

358 4562 581 4626 cissenl,
612 4575 639 4611 a
659 4557 867 4611 minore
889 4555 1041 4608 victa:
1067 4553 1190 4607 sint.
1208 4550 1278 4605 Et
1302 4550 1590 4605 accedentes
1614 4550 1770 4620 fatua:
1793 4552 1938 4605 dixe-

410 4725 427 4755 ¹
473 4728 634 4788 savil.,
654 4727 766 4778 hinc
788 4725 1153 4788 monstravimus
1167 4723 1357 4788 tertiam
1375 4723 1665 4788 paenitentia:
1682 4722 1825 4788 riam.

410 4796 428 4824 ί
473 4785 699 4862 saviljet
739 4797 874 4862 ιιθε⁸³
901 4799 1012 4862 quae
1055 4785 1275 4836 celeriter
1313 4785 1468 4848 aperit
1507 4799 1625 4836 axes
1663 4787 1940 4839 caelorum:

352 4863 561 4917 utraque
581 4852 727 4901 lectio
749 4849 969 4911 quadrat.
992 4907 1003 4918 .
1483 4907 1494 4917 _

391 4914 438 4980 ηδ
473 4926 599 4980 sam,
625 4911 966 4980 Ascenderunt,
984 4920 1037 4980 in
1058 4906 1450 4980 memoraculum,
1469 4920 1525 4980 in
1549 4915 1803 4980 conspectu
1834 4918 1939 4980 ρετ,

358 4977 494 5042 illud
513 4968 638 5032 vero,
670 4971 760 5042 «in
782 4978 1035 5042 conspectu
1060 4968 1147 5019 Dei
1163 4986 1185 5014 ι
1217 4968 1305 5042 hoc
1328 4977 1432 5042 est;
1687 4970 1836 5042 multa
1858 4972 1945 5022 ha-

357 5038 518 5089 bueris
540 5030 753 5098 peccata,
779 5031 822 5083 si
836 5030 1188 5098 eleemosynam
1216 5036 1373 5098 tecum
1406 5030 1551 5098 habes
1587 5030 1940 5098 advocatricein

356 5114 415 5152 ne
435 5091 620 5153 timeas.
645 5095 779 5147 nulla
801 5092 929 5155 enim
951 5104 1015 5142 ea:
1038 5091 1261 5155 supernis
1286 5091 1592 5155 potestatibus
1615 5092 1728 5142 huic
1747 5094 1941 5144 resistit.

362 5182 382 5209 σ
395 5151 400 5152 ν
412 5151 743 5223 Misericbra'iu
756 5154 1001 5223 judicium
1023 5151 1211 5223 deridet
1230 5151 1295 5223 is
1312 5159 1384 5223 et,
1413 5152 1634 5223 «redime
1648 5161 1946 5223 peccattttua

356 5225 405 5273 in
427 5213 770 5282 eleemosynis;
794 5233 832 5282 ξ,
847 5222 915 5282 et,
936 5213 1211 5282 a_qnaviiditt
1229 5213 1407 5282 fecistis
1432 5215 1512 5282 uni
1530 5227 1594 5282 ea;
1616 5213 1691 5266 his
1712 5216 1944 5282 ρισμηίυυδ

356 5285 475 5335 meis
494 5275 722 5339 minimis,
747 5275 870 5345 mihi
886 5275 1083 5345 fecistis.
1104 5292 1134 5345 ι.
1154 5275 1266 5345 [μεθ
1287 5281 1333 5345 et
1349 5275 1618 5345 muuaﬂﬁa
1641 5275 1855 5345 ,egering
1877 5287 1946 5329 εει

358 5352 420 5397 de
442 5337 740 5403 eleemosyna
772 5337 992 5403 scripta,
1013 5337 1136 5387 sicut
1173 5337 1381 5403 loquitur
1410 5338 1676 5401 Scriptura.
1697 5337 1941 5391 'Debitum

357 5408 483 5457 enim
504 5399 889 5462 suum"reposcit',
914 5399 1288 5462 chirographum
1317 5399 1524 5462 gestans
1545 5407 1763 5451 sanctum
1793 5411 1946 5451 Evan-

355 5468 560 5542 tzeh'um:
570 5459 750 5542 .W'ﬁ
763 5459 1127 5542 male"???
1143 5459 1150 5462 '
1165 5459 1493 5542 strenas-
1502 5464 1948 5542 --ειξέεδαιιθιξςίυιξε

361 5521 482 5580 item
502 5521 634 5576 nulla
658 5536 789 5587 pene
810 5521 1024 5587 clausula
1049 5528 1144 5587 est,
1165 5522 1216 5587 in
1235 5535 1329 5587 qua
1350 5523 1481 5587 inter
1502 5521 1759 5587 utramque
1783 5524 1949 5575 discri-

362 5592 491 5640 mina
515 5601 612 5637 non
629 5583 897 5635 occurrant.
922 5583 1013 5633 sed
1035 5583 1268 5632 sincerior
1288 5583 1479 5632 videtur
1502 5583 1795 5635 Mureniana;
1830 5598 1946 5635 con-

358 5659 541 5703 textus.
565 5659 679 5697 tzum
700 5658 821 5694 vero
842 5645 1032 5693 nonnisi
1057 5647 1379 5694 exscribenda
1395 5652 1549 5694 totum
1570 5645 1816 5696 saviliana:
1831 5662 1949 5697 con-

359 5721 565 5769 textum,
584 5709 741 5758 omnia
758 5707 997 5769 possimus
1013 5712 1264 5769 annotare.
1282 5707 1329 5755 id
1354 5708 1598 5755 monuisse
1616 5706 1737 5757 satis
1759 5717 1883 5759 esto.

419 5775 440 5804 ³
475 5765 718 5822 εἰςἰυὼθῒ.
731 5765 836 5817 sav.
857 5767 1145 5828 Legebatur,
1167 5765 1468 5829 laboremque
1491 5774 1705 5829 egerant.
1730 5777 1829 5820 Mox
1855 5771 1947 5822 de-

362 5842 467 5887 erat
485 5847 596 5894 vox,
616 5830 913 5891 vocabuntur,
928 5826 1081 5892 quam
1102 5841 1162 5879 ex
1189 5826 1359 5880 Savilio
1384 5826 1701 5883 instituimus.

1483 369 1574 425 DE
1606 361 2087 422 ELEEMOSYNA.
2118 363 2348 421 HOBIIL.
2389 363 2476 419 III.

3464 357 3571 418 994

1994 465 2109 508 runt
2136 456 2441 524 sapientibus
2467 470 2486 508 :
2510 453 2639 507 Date
2667 451 2808 507 nobis
2838 451 3002 506 oleum
3019 451 3081 505 de
3096 450 3226 506 vasis
3253 451 3443 504 vestris.
3476 450 3524 502 11
3532 471 3574 509 ιε

1992 558 2158 600 autem
2203 547 2436 600 dixerunt
2467 562 2487 600 :
2515 544 2635 599 Non
2687 561 2953 616 possumus
3002 545 3136 597 vobis
3185 544 3324 608 dare,
3356 559 3418 596 ne
3443 542 3576 612 forte

1993 654 2094 691 non
2120 638 2331 706 sufﬁciat
2365 636 2507 689 nobis
2532 644 2576 688 et
2599 637 2735 689 vobis
2760 637 2778 707 (
2807 634 2987 688 Matth.
3020 633 3109 689 25.
3145 634 3196 688 8.
3225 636 3258 689 9
3284 638 3300 703 )
3330 652 3344 686 :
3374 648 3477 686 non
3509 648 3575 687 ex

1995 728 2332 783 inclementia
2378 727 2460 781 vel
2509 726 2843 797 improbitate
2875 726 2924 781 id
2952 735 3169 795 agentes
3191 767 3207 789 .
3236 725 3330 780 sed
3359 732 3573 795 propter

1996 821 2251 889 temporis
2297 819 2566 887 angustias
2609 834 2623 870 :
2674 827 2928 872 venturus
2969 818 3111 871 enim
3160 825 3275 870 erat
3321 830 3568 885 sponsus.

1999 912 2269 965 Ilabehant
2292 920 2346 965 et
2372 911 2499 978 ipsae
2525 909 2829 977 lampades;
2858 908 2950 963 sed
2979 909 3187 962 illarum
3212 906 3423 977 quidem
3450 920 3576 960 vasa

2000 1003 2175 1056 oleum
2207 1001 2492 1066 habebant,
2521 999 2708 1053 harum
2737 1014 2866 1053 vero
2890 1013 2993 1053 non
3024 999 3306 1054 habebant.
3338 997 3477 1066 Ignis
3501 1006 3583 1050 est

2000 1091 2313 1161 virginitas.
2359 1090 2534 1144 oleum
2584 1099 2759 1143 autem
2805 1100 2887 1142 est
2933 1089 3273 1159 elcemosyna
3302 1104 3318 1154 ;
3352 1103 3472 1142 nam
3525 1098 3580 1139 nt

2004 1181 2173 1250 ignis,
2201 1180 2301 1234 nisi
2331 1180 2506 1233 oleum
2537 1177 2810 1233 destillans
2846 1178 3067 1241 habeat,
3102 1178 3240 1248 perit
3272 1193 3287 1242 ;
3317 1179 3396 1232 sic
3418 1176 3582 1246 virgi—

2004 1274 2141 1327 nitas
2161 1313 2174 1336 ,
2206 1272 2306 1326 nisi
2332 1271 2667 1340 eonjunctam
2707 1270 2899 1325 habeat
2924 1271 3312 1341 elcemosynam
3333 1311 3349 1331 ,
3379 1269 3583 1324 exstin-

2006 1366 2200 1435 guitur.
2232 1363 2360 1417 Date
2398 1363 2536 1416 nobis
2570 1363 2736 1416 oleum
2765 1363 2827 1415 de
2854 1362 2984 1415 vasis
3019 1363 3213 1415 vestris.
3244 1362 3312 1415 At
3338 1361 3442 1414 ilhc
3491 1375 3581 1413 re-

2007 1454 2337 1523 Spunderunt
2377 1454 2507 1522 ipsis
2536 1471 2549 1505 :
2583 1452 2695 1507 Non
2728 1467 3009 1521 possumus
3041 1452 3193 1505 vobis
3207 1451 3355 1506 dare.
3385 1451 3451 1505 Et
3483 1466 3589 1504 non

2009 1545 2223 1600 malitia:
2250 1544 2376 1598 illud
2401 1545 2618 1598 verbmn
2639 1585 2653 1607 ,
2683 1542 2775 1597 sed
2805 1544 3006 1597 timoris
3040 1561 3053 1596 :
3090 1540 3174 1595 Ne
3193 1546 3324 1613 forte
3350 1558 3451 1595 non
3475 1544 3589 1610 suf-

2011 1635 2149 1705 ﬁciat
2188 1635 2329 1688 nobis
2355 1642 2400 1688 et
2438 1635 2576 1687 vobis
2604 1648 2710 1688 :ne
2756 1633 2890 1687 forte
2917 1632 3363 1701 quemadmodum
3407 1646 3595 1685 omnes

2013 1726 2213 1779 intrare
2249 1726 2535 1792 quzerimus
2554 1765 2569 1788 ,
2597 1737 2786 1776 omnes
2816 1735 3219 1787 remaneamus;
3246 1723 3336 1775 sed
3357 1721 3596 1774 abeuntes

2015 1816 2162 1870 emite
2205 1814 2343 1868 vobis
2381 1829 2414 1867 a
2450 1813 2794 1867 vendentibus.
2821 1812 3044 1879 Quinam
3100 1820 3225 1866 sunt
3272 1821 3599 1866 mercatores

2014 1907 2118 1961 olei
2167 1904 2652 1976 hujus?Paupcres
2696 1904 2762 1958 ad
2805 1905 3198 1976 eleemosynam
3249 1918 3347 1973 pro
3397 1902 3600 1957 foribus

2016 1997 2256 2053 ecclesia:
2276 1996 2543 2050 sedentes.
2573 1996 2640 2049 Et
2668 1995 2849 2064 quanti
2878 1993 3109 2049 emitur?
3137 1993 3327 2061 Quanti
3350 1993 3596 2047 libuerit:

2019 2090 2247 2158 pretium
2278 2103 2382 2141 non
2406 2102 2635 2156 appono,
2660 2102 2726 2140 ne
2754 2085 2976 2154 objicias
3008 2085 3263 2153 inopiam.
3285 2084 3478 2152 Quanti
3509 2098 3599 2152 pu-

2021 2193 2123 2247 tes,
2152 2180 2280 2235 tanti
2309 2195 2448 2234 eme.
2477 2178 2650 2233 Habes
2671 2177 2920 2232 obolum?
2943 2193 3062 2232 eme
3087 2177 3299 2242 malum,
3330 2192 3434 2230 non
3460 2175 3602 2246 quod

2020 2274 2109 2327 vili
2137 2273 2306 2341 pretio
2332 2273 2519 2326 venale
2565 2271 2634 2326 sit
2669 2271 2857 2325 caelum
2879 2311 2895 2337 ,
2938 2269 3034 2324 sed
3068 2270 3209 2340 quod
3255 2270 3492 2324 clemens
3535 2269 3606 2323 sit

2022 2362 2299 2416 Dominus.
2341 2361 2456 2414 Non
2508 2361 2672 2415 habes
2709 2360 2977 2415 obolum?
3023 2360 3087 2414 da
3138 2361 3355 2415 calicem
3405 2359 3608 2429 frigidm

2023 2467 2175 2521 aqua:
2204 2468 2219 2505 :
2250 2452 2421 2520 inquit
2448 2454 2589 2506 enim
2620 2470 2633 2506 :
2664 2450 2974 2521 Quicumque
3009 2451 3203 2505 dederit
3231 2452 3320 2504 uni
3357 2467 3420 2505 ex
3459 2450 3601 2504 minio

2027 2544 2120 2597 mis
2158 2543 2266 2596 istis
2294 2544 2501 2596 calicem
2527 2557 2670 2611 aqua:
2698 2541 2900 2612 frigida:
2926 2550 3131 2611 propter
3169 2558 3276 2608 me,
3306 2558 3408 2595 non
3441 2540 3610 2611 perdet

2026 2633 2303 2687 mercedem
2348 2650 2494 2686 suam
2537 2633 2753 2707 (Matth.
2780 2631 2868 2686 10.
2889 2631 3002 2696 42).
3042 2632 3334 2687 Mercatura
3365 2632 3607 2702 negotia-

2025 2723 2205 2792 tioque
2231 2723 2416 2776 cadum
2455 2732 2569 2786 est,
2600 2730 2655 2777 et
2692 2737 2791 2775 nos
2815 2722 3149 2791 pigritamnr.
3187 2723 3259 2777 Da
3301 2738 3492 2792 panem
3514 2765 3528 2788 ,
3557 2728 3615 2775 et

2027 2817 2209 2883 accipe
2248 2814 2549 2883 paradisum
2584 2833 2598 2869 :
2643 2830 2800 2883 parva
2831 2816 2916 2880 da,
2950 2825 3002 2869 et
3042 2831 3231 2887 magna
3260 2818 3470 2887 suscipe
3499 2836 3514 2873 :
3543 2819 3611 2874 da

2029 2904 2271 2957 mortalia
2297 2944 2311 2967 ,
2359 2904 2672 2958 immortalia
2724 2906 2903 2973 recipe
2937 2923 2948 2959 :
2983 2905 3047 2960 da
3090 2908 3450 2976 corruptibilia
3473 2949 3489 2975 ,
3518 2910 3615 2967 jn-

2030 2995 2392 3064 corrnptibilia
2422 2997 2623 3063 accipe.
2654 2995 2708 3050 Si
2737 3006 2917 3050 essent
2947 2997 3195 3051 nundinae
3240 3006 3400 3068 atque
3447 3001 3499 3053 in
3552 3001 3616 3055 iis

2033 3099 2258 3139 annona:
2286 3085 2461 3139 vilitas
2499 3095 2552 3140 et
2597 3086 2919 3140 abundantia
2938 3128 2954 3152 ,
2983 3089 3249 3157 umltaqne
3279 3104 3442 3159 parvo
3470 3106 3617 3146 etnec

2033 3185 2256 3240 rentur,
2298 3190 2474 3229 annon
2528 3175 2877 3230 substantiam
2932 3177 3261 3242 \‘CtllIOllleS,
3320 3188 3617 3250 ctmctaque

2034 3274 2434 3335 postponentes,
2459 3267 2513 3320 in
2547 3276 2747 3336 partem
2780 3267 2894 3336 ejus
2923 3267 3294 3337 negotiationis
3325 3271 3617 3324 veniretis?

2034 3356 2135 3411 Ubi
2165 3356 2523 3426 corruptibilis.
2566 3366 2710 3421 sunt,
2737 3366 2885 3412 tanto
2923 3358 3097 3412 studio
3128 3358 3376 3413 laboratis
3402 3377 3416 3412 :
3447 3369 3502 3413 et
3527 3359 3617 3415 ubi

2035 3449 2349 3505 immortalis
2394 3458 2477 3504 est
2516 3451 2837 3519 negotiatio,
2890 3451 3242 3520 pigritamini,
3285 3461 3443 3521 atque
3484 3452 3620 3507 adeo

2034 3542 2355 3598 conciditis?
2384 3542 2459 3596 Da
2509 3543 2650 3612 inopi
2677 3583 2692 3607 ,
2718 3550 2808 3607 nt,
2843 3544 3082 3612 quamvis
3127 3552 3180 3597 tu
3222 3545 3485 3610 tacueris,
3525 3561 3618 3600 ora

2038 3651 2133 3704 pro
2184 3646 2235 3690 te
2279 3635 2634 3705 respondeant
2679 3636 2899 3698 inﬁnita,
2936 3636 3274 3706 cleemosyna
3318 3645 3405 3690 tua
3449 3644 3623 3692 stante

2036 3741 2099 3781 ac
2128 3727 2497 3795 patrocinante
2529 3742 2543 3778 :
2577 3726 2801 3795 pretium
2841 3726 3221 3794 redemptionis
3253 3726 3444 3780 anima:
3479 3727 3622 3781 elee-

2038 3833 2259 3889 mosyna
2303 3827 2403 3872 est.
2458 3818 2583 3872 Idco
2608 3817 3054 3885 quemadmodum
3097 3832 3218 3871 vasa
3261 3833 3412 3886 aqua:
3463 3819 3620 3886 plena

2040 3923 2135 3977 pro
2162 3908 2359 3961 foribus
2381 3908 2620 3961 ecclesiae
2652 3912 2667 3937 '
2696 3919 2820 3960 sunt
2840 3948 2852 3969 ,
2886 3921 2991 3975 quo
3021 3898 3209 3960 manus
3250 3906 3395 3961 laves
3419 3948 3433 3971 ,
3466 3907 3544 3961 sic
3567 3916 3626 3961 et

2040 4012 2298 4066 pauperes
2326 4013 2420 4066 pro
2439 3998 2660 4052 ecclesia
2688 3997 2895 4058 sedent,
2913 3999 3175 4051 ntanima:
3205 4012 3393 4052 manus
3412 3998 3619 4052 abluas.

2040 4090 2189 4157 Aqua
2238 4105 2425 4141 manus
2471 4104 2757 4157 corporeas
2801 4089 2972 4143 lavisti
2998 4090 3021 4142 ?
3049 4090 3387 4159 eleemosyna
3432 4106 3624 4146 manus

2041 4182 2230 4232 aninne
2272 4179 2406 4231 lava.
2452 4178 2531 4232 Ne
2581 4179 2811 4247 inopiam
2862 4179 3199 4247 prmtendas:
3232 4178 3389 4232 vidua
3434 4179 3484 4232 in
3522 4196 3620 4233 cx-

2043 4279 2210 4324 trcma
2238 4278 2545 4340 paupertate
2568 4270 2738 4324 Eliam
2771 4269 3136 4336 hospitabatur
3166 4272 3241 4342 (5.
3266 4270 3394 4341 Reg.
3416 4273 3528 4341 17),
3561 4287 3626 4327 ac

2043 4369 2327 4429 paupertas
2371 4376 2477 4413 non
2531 4359 2628 4414 fuit
2672 4360 3088 4428 impedimento,
3118 4361 3211 4414 sed
3262 4361 3460 4415 eximio
3502 4377 3623 4415 cum

2045 4452 2233 4519 gaudio
2259 4452 2492 4518 suscepit
2514 4467 2672 4505 eum:
2701 4465 2864 4521 quare
2890 4461 2941 4506 et
2966 4452 3152 4521 dignos
3181 4452 3380 4520 recepit
3401 4452 3624 4514 fructus,

2043 4551 2097 4595 et
2118 4549 2323 4595 metens
2350 4543 2705 4613 eleemosyme
2735 4542 2933 4610 Spicam
2967 4543 3109 4611 legit.
3140 4542 3243 4597 Sed
3284 4541 3511 4597 fortasse
3534 4558 3631 4596 au-

2043 4630 2186 4683 dtor
2211 4631 2372 4696 dicet,
2403 4632 2477 4685 Da
2517 4642 2571 4686 et
2615 4632 2741 4686 mihi
2781 4632 2971 4686 Eliant.
3012 4633 3146 4698 Quid
3186 4634 3379 4702 quzeris
3416 4632 3630 4687 Eliam?

2050 4722 2329 4775 Dominum
2362 4723 2488 4776 Elia:
2515 4722 2582 4776 do
2612 4722 2724 4789 tibi,
2750 4737 2848 4777 nec
2878 4724 3046 4791 ipsum
3075 4723 3220 4776 cihas
3250 4740 3264 4776 :
3296 4722 3464 4776 Eliam
3486 4724 3529 4776 si
3552 4724 3635 4777 in-

2047 4813 2273 4879 veneris,
2298 4813 2566 4883 quomodo
2600 4813 2993 4883 hospitaberis?
3022 4811 3216 4868 Christi
3261 4813 3630 4869 universorum

2049 4904 2255 4958 Domini
2296 4906 2554 4960 sententia
2586 4914 2667 4959 est
2693 4947 2709 4970 ,
2741 4906 3051 4973 Quicumque
3079 4906 3168 4957 uni
3202 4920 3265 4957 ea:
3304 4904 3524 4959 minimis
3555 4909 3631 4976 fe-

2047 4996 2192 5061 cerit,
2223 4996 2346 5049 mihi
2387 4997 2503 5066 fecit
2532 4994 2759 5065 (Matth.
2788 4995 2878 5049 9.5.
2910 4996 2978 5049 40
2999 4998 3040 5064 ).
3073 4995 3129 5049 Si
3162 4996 3293 5049 forte
3323 5009 3414 5049 rex
3441 5011 3635 5066 quem-

2049 5088 2188 5156 piam
2218 5086 2282 5141 ad
2309 5102 2516 5143 coenam
2547 5086 2925 5155 appellaverit,
2957 5095 3150 5155 atque,
3178 5084 3389 5141 fautulis
3414 5086 3635 5143 adstan-

2114 5287 2137 5347 t_
2167 5281 2417 5347 lllud,pro
2452 5280 2632 5347 foribus
2666 5281 2902 5347 ecclesia,
2942 5282 3085 5335 deest
3107 5285 3155 5335 in
3178 5283 3348 5347 Savilio
3373 5292 3425 5335 et
3448 5287 3494 5334 in
3516 5293 3635 5347 Reg.

2048 5344 2190 5392 Codd.
2211 5350 2260 5391 Et
2282 5342 2353 5409 sic
2375 5344 2684 5405 prosequitur
2703 5342 2931 5394 savilius:
2960 5352 3015 5396 Et
3037 5352 3266 5409 quantum
3282 5345 3317 5409 2,
3327 5353 3512 5409 tantum
3534 5342 3636 5397 erue

2050 5412 2279 5469 quantum
2300 5406 2386 5464 vis,
2429 5412 2656 5465 quantum
2678 5411 2825 5469 potes,
2851 5418 2944 5469 non
2983 5405 3216 5469 quantum
3242 5405 3375 5469 alius
3414 5407 3530 5469 vult,
3550 5409 3637 5459 sed

2050 5465 2279 5530 (maritum
2302 5473 2432 5527 potes
2454 5474 2535 5527 tu;
2558 5479 2626 5530 ne
2647 5465 2844 5530 obiicias
2860 5465 3089 5530 impiam.
3137 5466 3312 5530 obolis,
3340 5475 3450 5530 quot
3473 5468 3619 5530 habes

2051 5509 2627 5599 agitataafaohﬁaua
2647 5509 3090 5599 ξτῖἱῖᾙξιὲὲῗὸἐιῖᾇὶἐ
3111 5509 3639 5599 δῆἶιὲῑᾷιῆῖὲἑάῖιὶὧῖὶ

2054 5588 2259 5639 demens
2279 5589 2341 5639 sit
2367 5588 2611 5655 nominas.
2640 5598 2741 5655 Non
2754 5588 2904 5640 habes
2926 5591 3054 5655 unde
3075 5602 3247 5655 aurum
3272 5590 3439 5647 dones,
3462 5588 3640 5655 argen-

2053 5657 2155 5701 tum
2177 5659 2334 5715 uona;
2366 5649 2434 5701 da
2456 5649 2662 5715 obolum,
2705 5651 2772 5715 da
2813 5652 3037 5715 poculum
3076 5649 3275 5715 frigida:
3302 5661 3320 5699 :
3346 5658 3476 5715 Deus
3513 5649 3640 5703 Enim

2053 5710 2421 5776 amplitudinem
2440 5718 2524 5761 aut
2546 5710 2862 5776 exiguitatem
2883 5710 3191 5776 definienda
3214 5711 3479 5776 secundum
3506 5726 3636 5776 men-

2056 5772 2222 5835 suram
2244 5773 2486 5833 datorum,
2510 5774 2596 5824 sed
2617 5772 2880 5824 secundum
2902 5772 3179 5835 facultatem
3218 5780 3369 5823 status
3400 5774 3634 5826 donantis.

2061 5841 2114 5885 Et
2137 5832 2242 5886 alia:
2263 5832 2535 5899 sequuntur
2558 5837 2606 5886 iu
2628 5835 2799 5889 Savdio
2820 5832 2963 5900 hujus
2986 5837 3187 5906 generis
3204 5835 3484 5886 varietates.
