4066 6424
485 385 594 442 295

478 499 651 561 tibus,
697 494 764 550 ad
813 508 905 549 eos
952 492 1145 547 dixerit
1184 508 1197 543 :
1243 488 1468 557 Reddite
1514 488 1714 558 gratias
1764 487 1884 541 huic
1936 502 2058 541 meo

477 589 693 643 nomine
719 583 1061 655 quamplnres
1081 624 1095 647 ,
1122 581 1209 651 qui
1248 596 1334 634 me
1386 581 1560 649 inepia
1590 578 1916 633 laborantem
1955 595 2059 632 nu-

478 680 622 734 trivit
660 687 714 732 et
754 675 982 747 hospitio
1007 673 1248 742 excepit,
1273 673 1362 743 qui
1395 671 1524 725 mihi
1554 670 1812 725 beneficia
1839 672 1890 724 iu
1921 679 2057 724 tem-

477 786 609 841 pore
657 770 911 840 angustia:
975 766 1239 838 permulta
1292 765 1517 819 contulit
1549 782 1561 816 :
1595 779 1771 818 annon
1817 764 2060 817 certatim

475 864 702 935 quisque
744 874 1030 915 accurrens
1071 856 1323 927 pecunias
1351 871 1539 910 omnes
1583 871 1706 909 suas
1748 854 2063 924 expenderit

476 956 594 1025 ejus
623 968 804 1017 causa,
837 951 922 1005 cui
948 966 1040 1004 rex
1066 951 1261 1021 gratias
1284 948 1498 1018 egerit?
1520 962 1694 1003 annon
1725 945 1841 1000 haec
1869 946 1940 999 illi
1968 960 2060 999 ac-

473 1058 625 1119 cepta
657 1045 874 1102 tulerit?
903 1059 1082 1097 annon
1123 1057 1181 1096 se
1223 1042 1299 1095 illi
1332 1041 1557 1110 quisque
1584 1037 1959 1094 commendare
1980 1048 2062 1092 at-

474 1156 581 1212 que
608 1138 839 1194 amicitia
864 1135 1091 1205 jungere
1120 1131 1426 1188 studuerit?

544 1231 598 1287 '5.
616 1227 975 1299 .E'leemosyme
1018 1229 1232 1298 fructus.
1257 1252 1331 1263 -
1359 1221 1575 1277 Vidistis
1603 1220 1871 1276 sermonis
1895 1218 2069 1295 virtu-5

474 1324 625 1378 tem?
654 1322 710 1377 Si
757 1336 886 1390 ergo
912 1318 1051 1388 apud
1083 1316 1351 1370 hominem
1399 1329 1579 1384 regem
1613 1322 1813 1367 tantum
1843 1311 2064 1367 honoris

474 1430 562 1468 res
612 1414 724 1485 ipsa
769 1411 972 1476 tribuit,
1018 1410 1192 1477 cogita
1220 1405 1486 1461 Christum
1531 1405 1583 1457 iu
1634 1404 1723 1458 illa
1763 1402 1851 1457 die
1879 1418 2063 1457 coram

473 1503 676 1575 angelis
694 1502 1046 1570 omnibusque
1065 1498 1361 1554 Virtutibus
1388 1504 1661 1550 vocantem
1687 1510 1751 1549 ac
1776 1494 2063 1550 dicentem:

475 1593 575 1648 Hic
602 1608 690 1647 me
717 1592 770 1647 in
798 1602 940 1647 terra
965 1588 1196 1657 suscepit
1222 1586 1471 1655 hospitio,
1516 1585 1602 1639 hic
1630 1584 1759 1638 mihi
1788 1584 2065 1639 innumera

472 1684 700 1740 contulit
744 1682 1025 1746 beneﬁcia,
1073 1680 1158 1734 hic
1186 1694 1273 1734 me
1323 1677 1656 1747 peregrinum
1686 1676 1938 1745 excepit:
1967 1690 2066 1730 co-

473 1776 580 1846 gita
605 1775 673 1830 de
697 1784 893 1829 caetero
924 1771 1168 1826 ﬁduciam
1200 1769 1338 1825 inter
1375 1767 1613 1837 angelos,
1645 1766 1781 1822 inter
1822 1766 2065 1821 caelestes

472 1868 669 1922 choros
692 1863 963 1934 gaudium.
994 1861 1156 1931 Igitur
1178 1860 1261 1914 cui
1291 1857 1648 1912 testimonium
1673 1854 1916 1910 Christus
1946 1870 2065 1924 per-

473 1958 642 2023 hibet,
687 1972 793 2011 non
840 1954 1084 2009 ﬁduciam
1130 1966 1291 2019 super
1318 1950 1535 2019 angelos
1565 1946 1849 2002 habuerit?
1878 1946 2063 2016 Magna

471 2048 630 2117 igitur
673 2061 762 2102 res
802 2045 1160 2114 cleemosyna,
1191 2042 1404 2096 fratres.
1456 2040 1604 2095 Hanc
1642 2040 2062 2109 amplectamur,

472 2139 559 2194 cui
599 2137 733 2192 nihil
774 2136 1225 2207 a‘quale:potens
1269 2142 1351 2188 est
1397 2133 1541 2187 enim
1588 2142 1802 2203 peccata
1842 2132 1945 2185 alia
1970 2131 2069 2186 de-

471 2232 626 2298 lere,
665 2229 1029 2299 judiciumque
1077 2227 1391 2298 propulsare
1435 2242 1450 2279 :
1499 2234 1549 2279 te
1601 2232 1810 2279 tacente
1858 2231 1964 2278 stat
2010 2232 2067 2278 et

472 2321 872 2392 patrocinatur;
906 2319 1014 2373 imo
1060 2333 1189 2373 vero
1253 2327 1308 2373 te
1370 2326 1578 2372 tacente
1645 2316 1921 2370 innumera
1969 2329 2063 2370 ora

471 2426 570 2482 pro
618 2421 670 2465 te
709 2410 907 2480 gratias
935 2407 1184 2464 reddunt.
1228 2407 1329 2461 Tot
1367 2426 1433 2465 ex
1465 2406 1804 2477 eleemosyna
1855 2403 2066 2473 proﬁci-

470 2510 691 2555 scuntur
719 2500 877 2560 bona,
926 2507 979 2554 et
1028 2498 1126 2567 ipsi
1158 2498 1472 2568 pigritamur
1498 2506 1552 2551 et
1595 2494 1946 2550 concidimus.
1988 2495 2062 2548 Da

470 2606 662 2662 panem
710 2604 805 2659 pro
849 2589 1184 2644 facultatibus
1216 2588 1318 2640 tuis
1349 2604 1363 2640 :
1395 2601 1497 2639 non
1541 2584 1704 2639 habes
1744 2585 1970 2653 panem?
1998 2585 2065 2640 da

472 2683 689 2738 obolum
720 2699 734 2735 :
763 2698 866 2735 non
895 2681 1059 2736 habes
1079 2679 1337 2735 obolum?
1364 2679 1429 2733 da
1455 2679 1538 2732 vel
1566 2678 1767 2747 frigida:
1791 2693 1941 2747 aqua:
1969 2692 2062 2732 ca-

471 2774 676 2829 licem:
725 2773 871 2841 atqui
926 2785 1102 2840 neque
1153 2769 1203 2822 id
1249 2768 1561 2823 habes?vel
1608 2768 1760 2822 malis
1806 2782 2063 2837 oppresso

472 2873 799 2933 compatere,
845 2873 1004 2930 atque
1048 2875 1334 2931 appensam
1384 2858 1684 2915 mercedem
1732 2857 1914 2911 habes.
1946 2856 2062 2913 Non

470 2955 616 3010 enim
630 2953 978 3017 necessitatis,
998 2952 1090 3007 sed
1117 2952 1424 3006 intentionis
1447 2959 1531 3004 est
1556 2965 1782 3005 merces.
1807 2948 1913 3007 Sed
1939 2964 2064 3005 ecce

472 3049 599 3103 dum
630 3048 697 3102 de
726 3047 809 3101 his
832 3046 1166 3110 disserimus,
1198 3045 1460 3114 virginum
1488 3058 1613 3097 cura
1646 3044 1798 3097 nobis
1825 3042 2021 3098 excidit
2045 3059 2059 3107 ;

471 3156 568 3211 age
593 3155 720 3210 ergo
747 3138 813 3193 ad
842 3141 1169 3208 propositum
1212 3136 1510 3191 redeamus.
1547 3135 1677 3189 Date
1720 3135 1861 3189 nobis
1895 3135 2063 3189 oleum

473 3233 541 3287 de
577 3232 707 3286 vasis
734 3231 929 3285 vestris.
961 3229 1077 3285 Non
1128 3244 1411 3299 possumus
1459 3228 1609 3282 Vobis
1639 3228 1787 3291 dare,
1819 3224 1902 3280 Ne
1930 3230 2063 3297 forte

469 3340 571 3377 non
606 3323 817 3392 sufﬁciat
858 3322 999 3376 nobis
1023 3330 1069 3377 et
1109 3321 1266 3384 vobis,
1296 3321 1383 3375 sed
1412 3330 1582 3373 euntes
1611 3320 1756 3371 emite
1780 3335 1812 3371 a
1842 3318 2060 3389 uenden-

472 3412 624 3465 tibus.
666 3411 974 3464 Abeuntibus
1023 3419 1190 3462 autem
1240 3409 1383 3477 ipsis,
1432 3409 1561 3469 venit
1596 3423 1831 3478 sponsus,
1860 3417 1906 3460 et
1952 3422 2065 3476 qua:

474 3500 720 3554 habebant
758 3500 1019 3569 lampades
1056 3498 1376 3568 splendidas,
1412 3498 1720 3551 intraverunt
1758 3514 1873 3551 eum
1901 3514 1977 3562 eo,
2018 3509 2064 3552 et

472 3592 646 3644 clausa
669 3599 741 3643 est
762 3590 928 3661 janua
956 3588 1167 3641 thalami
1197 3586 1405 3660 (Matth.
1437 3587 1527 3642 25.
1557 3587 1670 3657 10).
1697 3587 1941 3657 Quinque
1964 3604 2062 3641 au-

475 3694 581 3738 tem
613 3681 768 3735 fatua:
793 3680 1110 3735 accedentes
1132 3678 1351 3749 januam
1382 3678 1598 3733 thalami
1643 3679 1926 3749 pulsabant
1954 3680 2064 3733 cla-
2122 3689 2129 3694 ‘

473 3783 728 3831 mantes;
761 3772 910 3840 Aperi
942 3771 1082 3824 nobis
1113 3769 1220 3841 (Ib.
1248 3786 1298 3824 υ.
1334 3769 1448 3839 ll).
1493 3768 1609 3825 Vox
1655 3778 1831 3824 autem
1880 3770 2063 3840 sponsi

472 3865 544 3919 ab
590 3865 725 3918 intra
769 3862 835 3917 ad
862 3878 953 3917 eas
988 3881 1000 3915 :
1030 3861 1268 3916 Recedite
1292 3878 1326 3916 a
1366 3878 1464 3927 me,
1493 3862 1660 3916 nescio
1706 3878 1792 3917 vos
1822 3860 1981 3934 (Ibid.
2012 3879 2061 3916 υ.

475 3955 587 4026 ﬂ).
636 3956 704 4009 Et
745 3966 863 4025 post
893 3964 1071 4011 tantos
1115 3956 1324 4011 labores
1359 3955 1485 4026 quid
1528 3956 1850 4010 audierunt?
1878 3954 2064 4009 Nescio

473 4063 581 4102 vos.
636 4047 690 4102 ld
718 4058 800 4102 est
842 4048 982 4118 quod
1033 4047 1165 4115 dixi,
1217 4048 1412 4105 frustra
1436 4057 1491 4103 et
1519 4048 1787 4103 incassum
1818 4064 2063 4118 magnam

474 4138 792 4208 virginitatis
847 4140 1235 4209 possessionem
1289 4140 1663 4209 possederunt.
1702 4141 1884 4210 Cogita
1931 4155 2067 4210 quo-

479 4230 641 4286 modo
695 4238 816 4299 post
880 4238 957 4284 tot
1020 4230 1230 4285 labores
1281 4230 1511 4285 exclusa:
1565 4241 1720 4296 sunt,
1782 4239 2062 4299 postquam

480 4320 751 4376 frenarent
795 4320 1231 4375 incontinentiam
1257 4362 1272 4385 ,
1316 4334 1597 4389 pOStquam
1645 4319 1893 4390 supernis
1941 4334 2065 4373 cum

484 4410 771 4464 Virtutibus
796 4418 1068 4464 certamen
1097 4409 1413 4475 habuerant,
1462 4420 1741 4481 postquam
1787 4409 1909 4464 vita:
1962 4408 2064 4463 hu-

474 4501 562 4572 jus
614 4517 702 4555 res
756 4509 1084 4571 spreverant,
1136 4510 1412 4570 postquam
1469 4511 1658 4556 aestum
1713 4502 2069 4557 toleraverant

484 4606 749 4660 magnum,
781 4601 1058 4659 postquam
1098 4601 1247 4661 septa
1274 4592 1651 4665 transilierant,
1691 4602 1972 4663 postquam
2000 4593 2069 4648 de

483 4692 620 4736 terra
662 4681 728 4735 ad
771 4680 956 4736 caelum
1002 4682 1362 4746 evolaverant,
1409 4692 1686 4752 postquam
1733 4684 1974 4754 corporis
1999 4685 2070 4738 si-

479 4771 762 4843 gnaculum
818 4787 923 4827 non
982 4772 1291 4837 solverant,
1342 4788 1405 4828 ac
1458 4789 1707 4843 maguum
1755 4774 2070 4844 virginitatis

480 4863 749 4932 specimen
779 4862 1190 4933 acquisiverant,
1216 4872 1493 4932 postquam
1522 4872 1791 4919 certamen
1818 4880 1939 4918 cum
1968 4880 2069 4918 an-

481 4954 611 5023 gelis
639 4954 890 5021 inierant,
937 4962 1215 5025 postquam
1244 4956 1485 5023 corporis
1529 4955 1872 5013 necessitates
1912 4970 2071 5026 supe-

481 5055 754 5107 raverant,
785 5057 1062 5114 postquam
1095 5058 1295 5100 natura:
1322 5045 1502 5101 oblita:
1530 5045 1756 5111 fuerant,
1787 5056 2069 5118 postquam

482 5135 813 5205 incorpore,
858 5151 976 5205 qua:
1024 5137 1459 5206 incorporeorum
1507 5145 1651 5205 sunt,
1704 5141 2070 5207 perfecerant,

484 5238 764 5300 postquam
793 5243 1041 5298 magnum
1068 5239 1227 5299 atque
1254 5231 1508 5286 invictum
1530 5231 1845 5300 virginitatis
1872 5233 2070 5287 bonum

485 5320 854 5390 possederant,
902 5331 1025 5376 tunc
1066 5322 1392 5377 audierunt:
1426 5324 1661 5378 Recedile
1693 5341 1724 5377 a
1766 5341 1865 5390 me,
1907 5327 2072 5379 nescio

485 5430 589 5468 vos.
622 5413 806 5484 Neque
825 5414 966 5468 enim
998 5414 1125 5468 mihi
1152 5416 1535 5469 existimaveris
1566 5417 1820 5470 tantillam
1853 5416 2070 5485 virgini-

488 5504 609 5559 tatis
633 5520 755 5560 esse
785 5504 1200 5575 magnitudinem
1230 5522 1245 5560 :
1277 5506 1397 5561 talis
1417 5506 1559 5561 enim
1583 5508 1856 5577 virginitas
1881 5519 1980 5572 cst,
2017 5516 2073 5560 ut

485 5611 605 5650 cam
638 5597 868 5666 potuerit
910 5612 1068 5651 nemo
1112 5607 1351 5652 veterum
1396 5613 1738 5654 conservare.
1787 5600 2074 5668 Propterea

488 5684 631 5736 enim
660 5688 828 5755 gratia
878 5703 1090 5758 magna,
1116 5688 1258 5759 quod
1305 5704 1427 5759 qua:
1477 5690 1751 5745 tremenda
1803 5690 2074 5760 prophetis

492 5768 708 5829 fuerunt
752 5786 805 5832 et
851 5779 1150 5848 veteribus,
1198 5779 1384 5836 eadem
1433 5794 1571 5835 nunc
1619 5779 1787 5835 facilia
1836 5780 2074 5852 leviaque

1228 378 1284 433 S.
1324 376 1601 433 JOANNIS
1638 374 2113 432 CllliYSOSTOMl
2150 376 2470 432 AliClllEP.
2501 377 3038 438 CONSTANTINUP.

3656 390 3763 447 296

2165 488 2554 543 existimantur.
2605 491 2859 559 Qumnam
2906 494 3048 548 enim
3091 491 3299 550 fuerant
3340 500 3665 567 gravissima
3710 515 3767 559 et

2165 579 2436 634 violenta?
2464 580 2766 650 \‘irginitas,
2796 585 3085 652 mortisque
3103 585 3421 655 despectus;
3450 598 3511 643 at
3531 605 3596 644 ea
3628 607 3768 648 nunc

2164 670 2245 723 vel
2274 680 2468 723 tenene
2515 673 2701 739 puella:
2747 674 2891 742 parvi
2929 674 3186 744 pendunt.
3220 677 3370 731 Adeo
3395 680 3544 733 enim
3586 684 3767 752 gravis

2166 768 2282 813 erat
2309 761 2623 830 virginitatis
2663 765 2951 833 possessio,
2999 774 3057 819 ut
3100 767 3197 821 hac
3223 783 3281 840 se
3309 784 3468 823 nemo
3517 781 3766 827 veterum

2165 850 2433 921 religaret.
2453 850 2565 906 Noe
2588 852 2769 921 justus
2793 866 2927 917 erat,
2946 864 2999 909 et
3023 871 3053 908 a
3084 855 3193 911 Deo
3214 859 3581 915 testimonium
3611 876 3769 919 acce-

2167 942 2261 1010 pit,
2293 942 2386 995 sed
2415 942 2622 1021 mulieri
2649 943 2874 1000 adhaasit
2901 963 2916 1000 :
2943 947 3188 1002 similiter
3210 949 3475 1007 Abraham
3507 962 3568 1005 et
3596 951 3767 1021 Isaac,

2168 1032 2408 1102 ejusdem
2453 1048 2516 1088 ac
2565 1033 2653 1089 ille
2695 1038 3061 1105 promissionis
3106 1038 3351 1106 heredes,
3381 1055 3506 1095 cum
3539 1042 3769 1100 muliere

2166 1124 2607 1179 Consuetudinem
2636 1126 2949 1183 habuerant.
2977 1128 3177 1198 Joseph
3203 1140 3382 1185 castus
3413 1132 3666 1187 adulterii
3691 1133 3768 1188 fau-

2166 1217 2318 1272 cinus
2363 1234 2423 1272 se
2450 1227 2773 1287 patraturum
2800 1221 3008 1289 negavit
3038 1220 3189 1293 (Gen.
3230 1222 3345 1293 39),
3397 1224 3491 1278 sed
3522 1224 3613 1279 hic
3641 1241 3765 1282 cum

2168 1310 2390 1364 muliere
2428 1304 2862 1367 consuetudinem
2911 1314 3095 1367 habuit
3126 1332 3139 1368 :
3170 1317 3352 1385 gravis
3396 1318 3602 1372 etenim
3652 1327 3767 1375 erat

2168 1399 2489 1469 virginitatis
2515 1401 2795 1470 professio.
2827 1402 2906 1456 Ex
2950 1419 3015 1457 eo
3047 1412 3285 1473 tempore
3315 1407 3465 1461 firma
3512 1406 3656 1463 facta
3686 1417 3769 1465 est

2169 1491 2462 1561 virginitas,
2502 1506 2567 1546 ex
2595 1506 2703 1562 quo
2751 1490 2852 1547 ﬂos
2881 1492 3197 1563 virginitatis
3226 1498 3563 1565 germinavit.
3597 1497 3770 1555 Nemo

2170 1580 2329 1650 igitur
2352 1591 2589 1636 veterum
2615 1592 2819 1652 poterat
2843 1584 3195 1653 virginitatem
3223 1602 3437 1641 servare
3465 1605 3479 1641 :
3511 1604 3769 1659 magnum

2168 1672 2368 1725 ctenim
2395 1680 2478 1727 est
2503 1687 2695 1742 corpus
2718 1673 2947 1729 frenare.
2983 1674 3144 1746 Pinge
3170 1676 3298 1730 mihi
3325 1693 3579 1734 sermone
3608 1681 3767 1750 virgi-

2170 1765 2349 1819 nitatis
2379 1766 2684 1835 specimen;
2716 1774 2877 1837 atque
2902 1768 3115 1822 virtutis
3136 1770 3554 1840 magnitudinem
3576 1770 3763 1827 disce:

2168 1856 2311 1928 quod
2359 1856 2555 1912 bellum
2585 1857 2777 1912 habeat
2804 1859 3040 1928 quotidie
3085 1860 3386 1915 nullatenus
3427 1861 3766 1928 sedandum,

2169 1950 2285 2018 ipso
2304 1949 2577 2005 barbarico
2596 1949 2737 2005 bello
2754 1951 3006 2005 deterius.
3038 1951 3169 2006 Nam
3193 1953 3253 2006 ha
3262 1952 3545 2008 rbarorum
3567 1954 3766 2009 bellum

2168 2038 2255 2093 vel
2283 2049 2489 2109 tempus
2523 2040 2717 2111 quietis
2748 2040 2924 2106 habet,
2953 2057 3074 2096 cum
3104 2042 3478 2111 paciscuntur;
3510 2053 3567 2099 et
3593 2060 3765 2115 quan-

2168 2130 2344 2201 doque
2382 2132 2596 2199 quidem
2648 2143 2901 2203 pugnant,
2942 2134 3256 2204 quandoque
3288 2150 3391 2188 non
3416 2152 3433 2202 ;
3462 2144 3523 2190 et
3550 2138 3771 2191 ordines

2168 2230 2222 2277 et
2246 2231 2439 2277 statuta
2486 2232 2727 2294 tempora
2756 2235 2881 2281 sunt
2911 2242 2922 2277 :
2957 2225 3080 2280 belli
3128 2241 3256 2281 vero
3301 2243 3422 2281 cum
3461 2227 3770 2298 virginitate

2166 2316 2299 2383 gesti
2347 2315 2492 2369 nulla
2533 2315 2690 2370 datur
2734 2317 2906 2385 quies.
2938 2316 3188 2371 Diabolus
3233 2326 3317 2371 est
3357 2318 3501 2373 enim
3554 2334 3769 2388 semper

2167 2405 2365 2462 bellum
2396 2406 2647 2471 inferens,
2675 2408 2763 2479 qui
2794 2408 3047 2477 temporis
3075 2407 3500 2463 observationem
3535 2425 3645 2464 non
3674 2425 3769 2463 no-

2166 2499 2263 2563 vit,
2296 2514 2400 2552 non
2444 2508 2651 2568 tempus
2693 2506 2970 2569 exspectat
2994 2498 3062 2553 ad
3091 2499 3415 2565 conflictum,
3452 2499 3550 2554 scd
3580 2500 3768 2569 qumrit

2168 2588 2380 2658 semper
2407 2590 2661 2658 virginem
2691 2591 2886 2645 nudam
2919 2591 3189 2654 invenire,
3218 2606 3323 2660 quo
3366 2593 3597 2645 mortale
3627 2591 3766 2645 infli-

2166 2690 2256 2751 gat
2285 2682 2507 2741 vulnus;
2537 2697 2711 2751 neque
2733 2681 2801 2736 ab
2822 2681 2925 2735 hoc
2943 2682 3082 2737 bello
3110 2697 3357 2751 umquam
3378 2682 3531 2751 virgo
3556 2696 3769 2737 cessare

2170 2780 2368 2841 potest,
2400 2771 2494 2826 sed
2521 2771 2572 2824 in
2604 2786 2662 2826 se
2691 2773 2973 2826 tumultum
3002 2773 3314 2841 hostemque
3342 2772 3678 2841 circumagit.
3700 2770 3766 2825 Et

2166 2862 2399 2918 damnati
2428 2862 2643 2932 quidem
2672 2862 2880 2917 etiamsi
2905 2864 2972 2916 ad
3004 2872 3212 2931 tempus
3253 2861 3484 2931 judicem
3530 2862 3763 2924 videant,

2167 2970 2273 3010 non
2306 2955 2521 3024 paribus
2564 2962 2739 3008 tamen
2785 2953 3048 3009 molestiis
3091 2964 3439 3021 premuntur;
3485 2953 3644 3023 virgo
3668 2967 3764 3006 au-

2173 3057 2280 3103 tem
2307 3063 2643 3117 quocumque
2667 3047 2879 3112 abierit,
2904 3056 2957 3101 et
2974 3046 3206 3116 judicem
3228 3047 3542 3117 circumagit
3559 3061 3764 3110 secum,

2166 3150 2221 3196 et
2247 3142 2451 3196 hostem
2480 3155 2658 3195 secum
2687 3148 2882 3210 portat,
2913 3139 3003 3209 qui
3049 3154 3222 3209 neque
3251 3138 3458 3210 vesPeri
3501 3136 3761 3208 permittit

2166 3233 2455 3301 reSpirare,
2501 3247 2604 3286 non
2634 3240 2810 3295 nocte,
2836 3247 2941 3284 non
2973 3230 3227 3297 diluculo,
3259 3247 3364 3283 non
3396 3229 3644 3294 meridie,
3674 3226 3765 3283 sed

2166 3325 2364 3379 bellum
2392 3324 2526 3393 gerit
2547 3318 2779 3392 semper,
2802 3322 3229 3391 voluptatemque
3249 3321 3531 3385 submittit,
3558 3320 3767 3390 nuptias

2168 3415 2220 3468 in
2245 3414 2558 3468 memoriam
2586 3411 2876 3478 adducens,
2905 3427 3012 3482 quo
3050 3412 3295 3466 virtutem
3322 3411 3590 3475 excludat,
3620 3409 3762 3464 mali-

2170 3504 2403 3573 tiamque
2432 3503 2485 3557 in
2515 3518 2575 3558 ea
2600 3511 2838 3572 generet,
2885 3502 3265 3557 continentiam
3296 3503 3548 3571 expellat,
3599 3499 3761 3555 forni-

2168 3595 2432 3650 cationem
2462 3596 2650 3649 inferat
2681 3611 2696 3649 :
2725 3595 3027 3651 incenditur
3050 3595 3275 3666 singulis
3300 3594 3445 3649 horis
3471 3592 3757 3665 voluptatis

2169 3690 2351 3745 fornax
2380 3690 2613 3744 suaviter
2638 3703 2917 3744 succensa.
2963 3688 3147 3759 Cogita
3182 3696 3412 3757 quantus
3442 3689 3565 3742 talis
3607 3684 3766 3742 officii

2167 3780 2318 3834 labor
2343 3783 2428 3834 sit.
2472 3780 2542 3834 At
2569 3779 2676 3834 illae
2713 3787 2835 3849 post
2871 3779 2986 3834 inec
3013 3779 3189 3833 omnia
3216 3778 3529 3834 audiverunt
3560 3794 3578 3833 :
3609 3775 3764 3832 Rece-

2169 3873 2273 3928 dile
2301 3891 2333 3926 a
2352 3889 2449 3939 me,
2492 3873 2661 3926 nescio
2697 3888 2801 3926 vos.
2842 3871 2970 3927 Vide
2997 3886 3157 3941 quam
3184 3886 3371 3940 magna
3402 3886 3487 3925 res
3511 3871 3586 3925 sit
3608 3868 3768 3938 virgi-

2168 3967 2343 4030 nitas;
2391 3979 2512 4020 cum
2558 3948 2800 4019 sororem
2844 3962 3089 4017 habuerit
3119 3963 3534 4032 eleemosynam,
3566 3963 3620 4015 in
3646 3972 3765 4014 eam

2169 4057 2312 4111 nulla
2360 4056 2581 4112 adversa
2608 4063 2875 4125 poterunt,
2913 4053 3008 4110 sed
3049 4054 3297 4108 omnibus
3340 4052 3590 4122 superior
3618 4050 3759 4106 erit:

2170 4154 2452 4216 propterea
2477 4161 2582 4200 non
2612 4146 2965 4199 introiverunt
2990 4146 3113 4210 illae,
3141 4143 3281 4213 quod
3311 4158 3433 4199 cum
3459 4142 3763 4212 virginitate

2170 4237 2567 4306 cleemosynam
2598 4251 2702 4290 non
2735 4236 3035 4290 habuerint.
3077 4234 3243 4289 Multo
3279 4234 3474 4289 rubore
3494 4234 3655 4304 digna
3677 4243 3764 4285 res

2170 4336 2254 4382 est
2280 4344 2294 4381 :
2328 4327 2649 4397 voluptatem
2668 4342 2789 4382 cum
2816 4326 3158 4389 debellasses.
3183 4326 3458 4394 pecuniam
3481 4340 3587 4379 non
3612 4336 3761 4393 spre-

2171 4420 2331 4486 visti;
2365 4420 2459 4475 sed
2479 4420 2630 4492 virgo
2658 4435 2775 4489 quae
2801 4420 2923 4474 vitae
2953 4420 3289 4487 renuntiasti,
3321 4417 3570 4473 cruciﬁxa
3603 4431 3759 4488 pecn-

2174 4511 2315 4563 niam
2345 4524 2512 4563 amas.
2545 4510 2753 4565 Utinam
2785 4510 2954 4564 virum
2984 4509 3371 4575 desiderasses,
3400 4519 3559 4579 atque
3588 4508 3762 4564 minus

2172 4600 2563 4655 criminandum
2611 4600 2826 4655 fuerat:
2859 4615 2981 4653 nam
3026 4600 3264 4669 ejusdem
3307 4600 3619 4654 substantiae
3646 4609 3757 4651 rem

2172 4708 2237 4748 ac
2278 4694 2551 4748 materiam
2580 4693 2942 4749 desiderasses
2965 4709 2981 4759 ;
3008 4694 3118 4762 jam
3149 4710 3276 4748 vero
3321 4692 3492 4763 majus
3534 4702 3620 4748 est
3658 4689 3763 4747 cri-

2174 4800 2322 4852 men,
2370 4784 2509 4856 quod
2555 4785 2829 4839 materiam
2878 4784 3104 4839 alienam
3148 4783 3554 4839 desideraveris.
3587 4784 3756 4846 Esto,

2173 4893 2291 4947 qua;
2318 4878 2417 4931 sub
2442 4877 2554 4931 viro
2600 4889 2725 4932 sunt
2751 4878 3006 4931 saavitiam
3038 4879 3177 4931 male
3202 4877 3488 4931 ostendunt
3531 4875 3757 4932 ﬁliorum

2175 4977 2431 5038 praetextu
2455 4984 2471 5022 :
2497 4968 2638 5037 quod
2660 4969 2703 5023 si
2730 4968 2779 5022 ei
2798 4968 3018 5032 dixeris,
3040 4969 3111 5021 Da
3138 4968 3550 5039 eleemosynatn,
3575 4966 3756 5028 Filios,

2176 5063 2367 5132 inquit,
2398 5062 2588 5129 habeo,
2620 5071 2675 5115 et
2703 5076 2930 5130 nequeo.
2976 5061 3114 5115 Deus
3157 5060 3292 5114 ﬁlios
3322 5060 3415 5114 tibi
3453 5059 3617 5121 dedit,
3651 5057 3757 5112 fru-

2176 5165 2318 5208 rtmn
2367 5155 2566 5208 ventris
2616 5153 2888 5222 accepisti,
2937 5167 3041 5206 non
3082 5168 3187 5223 quo
3229 5168 3392 5219 smva,
3424 5151 3515 5207 sed
3543 5166 3649 5223 quo
3676 5148 3759 5219 pia

2176 5244 2585 5314 miscricorsque
2614 5244 2729 5299 fias.
2760 5243 2840 5299 Ne
2869 5244 3024 5314 igitur
3040 5258 3252 5297 causam
3279 5244 3575 5297 clementiae
3600 5243 3766 5311 pieta—

2179 5336 2348 5403 tisque
2378 5336 2593 5389 srevitiae
2621 5350 2834 5389 causam
2867 5335 3073 5389 feceris.
3105 5334 3265 5403 Cupis
3294 5333 3638 5388 hereditatem
3670 5330 3755 5383 bo-

2180 5442 2300 5479 nam
2323 5426 2444 5480 tiliis
2469 5427 2570 5481 tuis
2596 5424 2935 5496 relinquere?
2961 5427 3350 5496 elecmosynam
3376 5424 3635 5493 relinque,
3658 5433 3758 5491 quo

2181 5527 2232 5571 te
2260 5532 2447 5572 omnes
2489 5516 2732 5572 laudibus
2774 5516 3018 5580 efferant,
3046 5515 3420 5586 celebremque
3447 5516 3519 5569 tui
3561 5525 3756 5569 memo-

2180 5608 2311 5663 riam
2335 5609 2624 5679 relinquas.
2646 5608 2728 5662 Tu
2753 5621 2881 5662 vero
2902 5621 3006 5660 non
3031 5605 3232 5661 habens
3258 5606 3415 5673 ﬁlios,
3448 5609 3542 5661 sed
3563 5598 3754 5660 mendo

2181 5698 2453 5769 cruciﬁxa,
2499 5700 2622 5770 quid
2655 5698 2904 5768 pecunias
2929 5699 3259 5769 congregas?
