4066 6426
221 367 323 423 295

218 486 331 540 τῶν
362 484 710 557 θεραπόντων
741 487 1167 558 παρεστηκότων
1196 482 1315 541 εἶπε
1352 488 1489 557 πρὸς
1513 487 1742 551 αὐτούς·
1775 488 1871 541 E6-

219 586 585 654 χαριστήσατε
620 583 797 655 τούτῳ
822 583 994 637 πολλά
1020 585 1136 638 ἀντ’
1164 584 1322 655 ἐμοῦ·
1353 577 1508 648 οὗτός
1548 601 1612 654 με
1638 586 1697 637 ἐν
1719 585 1881 656 πενίᾳ

218 679 347 733 δντα
373 679 621 751 διέθρεψε
654 681 747 733 καὶ
784 681 1043 748 ἐξένισεν,
1085 675 1240 745 οὗτος
1273 680 1398 751 ἐμοὶ
1421 679 1622 744 πολλὰς
1655 681 1879 751 εὐεργε-

220 775 342 838 σίας
362 778 420 829 ἐν
442 774 620 847 καιρῷ
642 777 1002 847 στενοχωρίας
1023 778 1285 847 παρέσχε·
1307 776 1425 841 πῶς
1444 777 1545 830 οὐκ
1565 776 1630 831 ἂν
1652 777 1881 841 ἕκαστος

217 871 286 927 τὰ
314 873 418 943 χρή
429 890 572 942 ματα
597 872 762 926 αὐτοῦ
792 872 891 928 ὅλα
908 875 1043 944 πρὸς
1074 876 1281 928 ἐκεῖνον
1309 866 1660 945 ἀνήλωσεν,ᾧ
1678 876 1705 926 ὁ
1728 873 1881 942 βασι-

216 952 346 1031 λεῖις
369 968 742 1039 ηὑχαρίστησε
765 986 779 1035 ;
799 970 918 1033 πῶς
931 972 1032 1023 οὐκ
1058 969 1125 1023 ἂν
1152 970 1514 1039 ἀπελογίσατο
1532 986 1546 1034 ;
1567 968 1683 1033 πῶς
1700 970 1799 1023 οὐκ
1814 968 1879 1023 ἂν

216 1063 449 1127 ἕκαστος
483 1064 816 1120 ἐσπούδασεν
858 1066 1050 1119 ἐαυτὸν
1092 1064 1243 1135 αύτῷ
1288 1064 1629 1136 παραθέσθαι
1667 1065 1761 1118 καὶ
1790 1081 1881 1133 φι-

215 1160 476 1232 λιωθῆναι
495 1179 511 1228 ;

286 1274 357 1337 γ’.
388 1268 571 1323 Εἷδετε
595 1269 692 1342 τὴν
706 1270 937 1342 δύναμιν
951 1270 1044 1324 τοῦ
1061 1271 1219 1339 λόγου
1239 1290 1254 1339 ;
1273 1272 1333 1324 El
1352 1270 1407 1324 δέ
1426 1287 1489 1339 γε
1506 1269 1599 1323 ἐπὶ
1616 1268 1879 1340 βασιλέως

214 1362 509 1436 ἀνθρώπου
555 1366 824 1437 τοσαύτην
871 1368 1038 1439 τιμὴν
1089 1367 1201 1437 ἔχει
1240 1347 1302 1419 τὸ
1330 1367 1582 1437 πρᾶγμα,
1626 1365 1878 1435 ἐννόησον

214 1460 449 1530 Χριστὸν
476 1461 537 1514 ἐν
561 1463 743 1535 ἐκείνῃ
774 1466 841 1534 τῇ
870 1464 1054 1535 ἡμέρᾳ
1085 1461 1353 1517 καλοῦντα
1376 1462 1467 1515 ἐπὶ
1510 1462 1756 1530 ἀγγέλων
1785 1460 1878 1513 καὶ¹

215 1555 397 1625 πάσης
416 1555 717 1628 δυνάμεως,
737 1559 831 1612 καλ⁵
852 1557 1099 1627 λέγοντα·
1122 1551 1293 1621 Οὗτός
1328 1574 1395 1628 με
1426 1559 1483 1610 ἐν
1513 1559 1578 1627 τῇ
1610 1557 1681 1626 γῇ
1714 1554 1879 1621 ἐξένι-

213 1666 328 1703 σεν·
351 1645 508 1716 οὗτός
547 1671 616 1723 με
648 1655 818 1725 μυρία
846 1654 1238 1725 εὐηργέτησεν·
1269 1649 1425 1717 οὗτός
1468 1668 1534 1723 με
1568 1651 1718 1719 ξένον
1746 1651 1877 1703 ὄντα

214 1750 541 1817 συνήγαγεν·
577 1751 830 1820 ἐννόησον
852 1750 1037 1804 λοιπὸν
1061 1750 1160 1819 τὴν
1194 1748 1507 1820 παρρησίαν
1527 1746 1626 1817 τὴν
1649 1747 1743 1800 ἐπὶ
1766 1746 1875 1798 τῶν

211 1843 484 1912 ἀγγέλων,
515 1846 576 1899 τὸ
597 1844 861 1917 καύχημα
883 1847 946 1899 τὸ
978 1847 1072 1900 ἐπὶ
1100 1846 1208 1899 τῶν
1230 1846 1420 1915 δήμων
1457 1842 1564 1897 τῶν
1588 1843 1719 1897 ἅνω.
1748 1838 1819 1913 τί)
1846 1843 1874 1895 6

208 1938 447 2009 Χριστὸς
476 1947 775 2014 μαρτυρεῖ,
829 1943 947 2008 πῶς
998 1944 1097 1997 οὑκ
1126 1943 1192 1998 ἂν
1243 1945 1344 2014 σχῇ
1395 1942 1707 2012 παρρησίαν
1733 1939 1872 2011 ὑπὲρ

207 2038 510 2107 ἀγγέλουςς
560 2041 719 2110 Μέγα
772 2036 865 2095 οὖν
908 2044 1139 2114 πρᾶγμα
1190 2038 1565 2112 ἐλεημοσύνη,
1620 2036 1867 2106 ἀδελφοί·

204 2133 414 2207 ταύτην
440 2136 839 2207 ἀσπασώμεθα,
866 2132 935 2209 ἧς
962 2138 1114 2191 οὐδὲν
1147 2138 1281 2192 ἴσον·
1319 2139 1477 2208 ἱκανή
1504 2138 1621 2189 ἐστι
1649 2135 1745 2188 καὶ
1773 2133 1868 2189 άλ-

206 2230 306 2294 λας
332 2217 607 2302 ἁμαρτίας
637 2232 937 2302 ἐξαλεῖψαι,
965 2234 1061 2288 καὶ
1092 2232 1190 2303 τὴν
1232 2232 1411 2304 κρίσιν
1434 2231 1707 2286 ἀπελάσαι
1727 2248 1742 2261 ·
1774 2229 1868 2284 σοῦ

206 2324 523 2388 σιωπῶντος
558 2327 754 2398 ἕστηκε
781 2328 876 2381 καὶ
903 2331 1195 2400 συνηγορεῖ
1222 2345 1234 2357 ·
1270 2328 1471 2398 μᾶλλον
1499 2328 1558 2382 δὲ
1610 2326 1706 2379 σοῦ
1738 2342 1870 2379 σιω-

207 2420 420 2485 πῶντος
452 2423 623 2494 μυρία
662 2424 909 2496 στόματα
943 2425 1262 2496 εὐχαριστεῖ
1292 2425 1432 2496 ὑπὲρ
1462 2423 1577 2478 σοῦ.
1620 2422 1870 2476 Τοσαῦτα

202 2516 387 2585 ἀγαθά
415 2519 479 2571 ἐκ
507 2519 606 2589 τῆς
653 2519 1045 2590 ἐλεημοσύνης,
1091 2521 1188 2574 καλ⁹
1239 2522 1401 2591 ἡμεῖς
1441 2517 1750 2591 ἀμελοῦμεν
1775 2519 1870 2572 καὶ

202 2614 705 2686 άναπεπτὼκαμεν.
744 2615 846 2679 Δὸς
886 2617 1033 2671 κατά
1079 2617 1308 2687 δύναμιν
1340 2617 1533 2688 ἄρτον·
1580 2617 1682 2669 οὐκ
1725 2614 1870 2686 ἔχεις

201 2708 409 2780 ἄρτονς
457 2709 546 2773 δὸς
601 2709 818 2765 ὀϐολόν·
864 2714 964 2766 οὐκ
1001 2712 1147 2783 ἔχεις
1194 2712 1413 2779 όϐολόν;
1471 2712 1560 2775 δὸς
1610 2712 1869 2782 ποτήριον

198 2803 414 2875 ψυχροῦ
442 2803 662 2870 ὓδατος·
700 2806 801 2861 οὒκ
834 2806 980 2878 ἔχεις
999 2808 1187 2872 τοῦτος
1217 2808 1597 2879 συμπένθησον
1637 2807 1715 2880 τῷ
1752 2808 1866 2862 θλι-

198 2901 435 2971 ϐομένῳ,
467 2902 559 2954 καὶ
584 2901 727 2973 ἔχεις
751 2903 962 2974 μισθόν.
989 2905 1062 2958 O6
1084 2906 1194 2976 γάρ
1210 2905 1311 2975 τῆς
1333 2906 1577 2975 ἀνάγκης
1598 2907 1627 2958 6
1654 2905 1864 2977 μισθὸς,

198 2995 340 3050 ἀλλά
362 2995 465 3067 τῆς
493 2996 882 3068 προαιρέσεως.
922 2999 1063 3051 Ἀλλ’
1095 3000 1172 3063 ὼς
1205 2999 1284 3053 ἔτι
1314 3002 1441 3071 περὶ
1471 3000 1661 3053 τούτου
1692 3000 1869 3054 διαλε-

200 3093 447 3163 γόμεθα,
477 3093 702 3164 ἐξῆλθεν
751 3097 881 3166 ἡμῖν
929 3098 962 3167 ἡ
999 3097 1219 3167 φροντὶς
1246 3097 1355 3150 τῶν
1394 3098 1699 3170 παρθένων·
1732 3097 1866 3167 φέρε

197 3184 297 3245 οὖν
324 3190 408 3253 εἰς
431 3189 491 3242 τὸ
523 3189 884 3260 προκείμενον
916 3191 1318 3266 ἐπανέλθωμον.
1339 3194 1481 3250 Δότε
1498 3195 1661 3265 ἡμῖν,
1680 3198 1864 3265 φησὶν,

197 3288 410 3341 ἔλαιον
437 3287 507 3341 ἐκ
530 3282 922 3354 τῶνάγγείων
956 3293 1145 3362 ὑμῶν.
1213 3296 1295 3348 Οὐ
1328 3292 1631 3362 δυνάμεθα
1658 3292 1867 3347 δοῦναι

204 3379 374 3454 ὑμῖν,
388 3386 620 3455 μήποτε
645 3387 757 3439 οὐκ
781 3386 1010 3455 ἀρκέσῃ
1037 3386 1184 3455 ἡμῖν
1204 3388 1303 3441 καὶ
1326 3388 1488 3457 ὑμῖν·
1525 3389 1662 3442 ἀλλ’
1684 3388 1869 3442 ἀπελ-

198 3477 419 3534 θοῦσαι
443 3480 782 3551 ἀγοράσατε
804 3484 923 3537 ἀπὸ
954 3486 1075 3537 τῶν
1104 3487 1488 3539 πωλούντων.
1525 3484 1869 3554 Ἀπερχομέ-

196 3592 326 3630 νων
354 3575 423 3629 δὲ
447 3575 648 3631 αὐτῶν
698 3577 1007 3648 ἀγοράσαι,
1048 3575 1235 3649 ἦλθεν
1279 3582 1312 3633 ό
1363 3581 1644 3649 νυμφίος,
1670 3580 1769 3633 καὶ
1808 3583 1869 3634 αἱ

196 3676 452 3741 ἔχουσαι
484 3675 594 3739 τὰς
616 3673 936 3744 λαμπάδας
956 3673 1213 3743 φαιδρὰς
1249 3676 1664 3742 συνεισῆλθον
1683 3674 1864 3742 αὐτῷ,

198 3769 302 3821 καὶ
331 3770 704 3836 ἀπεκλείσθη
731 3771 769 3839 ή
798 3771 952 3839 θύρα
1000 3770 1341 3840 νυμφῶνος.
1370 3767 1574 3825 Ἦλθον
1598 3772 1657 3824 δὲ
1683 3773 1779 3825 καὶ
1806 3774 1866 3826 αί

197 3868 366 3921 πέντε
406 3869 606 3940 μωραὶ,
658 3870 750 3922 καὶ
788 3869 1013 3942 ἔκρουον
1062 3868 1161 3941 τὴν
1208 3870 1379 3941 θύραν
1428 3869 1523 3922 τοῦ
1581 3870 1868 3940 νυμφῶνος

197 3963 423 4033 βοῶσαι·
460 3964 741 4028 Ἀνοιξον
775 3966 937 4035 ἡμῖν·
971 3967 1066 4019 καὶ¹
1102 3965 1253 4037 φωνὴ
1300 3966 1501 4020 ἔσωθεν
1536 3966 1671 4036 πρὸς
1699 3967 1867 4029 αὐτὰς

195 4060 296 4115 τοῦ
345 4062 601 4132 νυμφίου·
648 4061 962 4118 Ἀπέλθετε
1010 4064 1113 4117 ἀπ’
1146 4063 1327 4134 ἐμοῦ,
1366 4066 1478 4118 οὐκ
1526 4062 1659 4118 οἴδα
1688 4063 1866 4134 ὑμᾶς.

195 4158 312 4213 Καὶ
336 4157 475 4228 μετά
503 4159 791 4223 τοσούτους
842 4161 1127 4230 καμάτους
1174 4161 1228 4213 τί
1272 4156 1544 4231 ῆκουσαν;
1581 4164 1703 4216 Οὐκ
1733 4158 1867 4217 οἶδα

196 4253 378 4323 ὑμᾶς.
395 4254 563 4308 Τοῦτό
591 4256 762 4318 ἐστιν,
792 4257 821 4309 6
850 4254 1059 4325 ἔλεγον,
1090 4259 1213 4327 εἰκῆ
1241 4258 1337 4310 καὶ
1360 4261 1537 4327 μάτην
1572 4259 1869 4329 ἐκτήσαντο

194 4350 261 4403 τὸ
290 4351 435 4420 μέγα
460 4349 651 4419 κτῆμα
675 4350 774 4419 τῆς
795 4351 1115 4421 παρθενίας.
1160 4350 1466 4420 Ἐννόησον,
1523 4352 1661 4421 μετά
1683 4352 1871 4405 τοσού-

192 4464 326 4511 τους
353 4447 633 4517 καμάτους
667 4446 1057 4517 ἐξεϐλήθησαν,
1086 4449 1177 4501 ὅτε
1210 4448 1481 4519 ἀκρασίαν
1514 4449 1866 4520 ἐχαλίνωσαν,

196 4538 354 4613 [298]
385 4542 473 4594 ὅτε
495 4540 635 4609 πρὸς
651 4538 749 4602 τὰς
783 4538 897 4594 ἀνω
923 4540 1182 4611 δυνάμεις
1213 4540 1311 4611 τὴν
1340 4540 1572 4611 ἅμιλλαν
1594 4539 1757 4611 εἶχον,
1779 4543 1866 4594 ὅτε

193 4636 309 4691 τῶν
342 4636 614 4707 βιωτικῶν
660 4635 1033 4704 κατεγέλασαν
1069 4638 1442 4709 πραγμάτων,
1476 4639 1565 4692 ὅτε
1598 4638 1689 4691 τὸν
1735 4637 1870 4691 καύ-

198 4754 347 4791 σωνα
389 4737 702 4807 ὑπήνεγκαν
756 4735 849 4787 τὸν
895 4735 1087 4806 μέγαν,
1125 4737 1215 4789 ὅτε
1252 4737 1321 4790 τά
1368 4737 1669 4808 σκάμματα
1704 4738 1870 4806 ὑπερ-

197 4832 427 4903 έϐησαν,
452 4833 541 4886 ὅτε
559 4832 668 4885 ἀπὸ
693 4831 797 4901 γῆς
823 4833 899 4894 είς
923 4831 1148 4902 οὐρανὸν
1173 4833 1645 4903 ἀνεπτερώθησαν,
1664 4833 1749 4886 ὅτε
1776 4832 1868 4886 τοῦ

203 4928 456 4999 σώματος
482 4928 581 4998 τὴν
614 4926 887 4997 σφραγῖδα
916 4927 975 4979 06
1030 4927 1301 4990 διέλυσαν,
1340 4929 1428 4981 ὅτε
1457 4929 1514 4981 τὸ
1557 4929 1699 4999 μέγα
1733 4926 1870 4993 εἶδος

200 5028 302 5095 τῆς
332 5024 630 5096 παρθενίας
663 5025 982 5095 ἐκτήσαντο,
1012 5024 1099 5076 ὅτε
1146 5024 1245 5094 τὴν
1292 5023 1523 5094 ἅμιλλαν
1570 5026 1705 5097 πρὸς
1745 5027 1869 5089 τοὺς

203 5121 470 5190 ἀγγέλους
500 5120 680 5191 ἔσχον,
716 5122 804 5174 ὅτε
832 5120 926 5173 τοῦ
952 5120 1205 5189 σώματος
1238 5120 1335 5183 τὰς
1363 5120 1609 5189 ἀνάγκας
1633 5122 1872 5175 κατεπά-

202 5235 395 5289 τησαν,
419 5219 508 5271 ὅτε
534 5219 633 5287 τῆς
662 5216 877 5284 φύσεως
907 5215 1312 5287 ἐπελήσθησαν,
1343 5216 1432 5269 ὅτε
1470 5218 1527 5269 ἐν
1562 5217 1773 5288 σώματι
1802 5218 1872 5272 τᾶ

202 5314 472 5385 ἀσώματα
505 5314 830 5368 ἐπετέλεσαν
851 5353 865 5377 ,
912 5315 1001 5368 ὅτε
1027 5313 1089 5367 τὸ
1134 5312 1275 5383 μέγα
1317 5315 1411 5366 καὶ
1445 5314 1871 5386 ἀκαταμάχητον

205 5411 393 5481 κτῆμα
420 5411 521 5481 τῆς
550 5411 847 5480 παρθενίας
873 5413 1192 5480 ἐκτήσαντο·
1218 5410 1338 5463 τότε
1370 5410 1630 5481 ἤκουσαν,
1671 5411 1873 5465 Ἀπέλ-

206 5509 340 5561 θετε
367 5507 469 5562 ἀπ’
500 5506 667 5577 ἐμοῦ,
693 5508 804 5560 οὐκ
832 5504 965 5560 οἶδα
996 5505 1169 5576 ὑμᾶς.
1214 5507 1306 5576 Μὴ
1344 5507 1453 5577 γὰρ
1492 5508 1617 5577 ἐμοὶ
1644 5509 1871 5582 νομίσῃς

207 5605 268 5656 τὸ
299 5603 398 5674 τῆς
438 5602 739 5673 παρθενίας
773 5603 1001 5673 μέγεθος
1042 5602 1235 5673 μικρὸν
1266 5598 1425 5656 εἶναι·
1460 5603 1700 5658 τοιοῦτόν
1725 5605 1871 5659 ἐστιν

152 5755 159 5760 ,
209 5702 243 5772 ή
278 5701 566 5771 παρθενία,
598 5701 680 5755 ὅτι
704 5700 881 5761 οὐδεὶς
908 5700 1149 5771 ἠδυνήθη
1175 5701 1283 5753 τῶν
1321 5702 1565 5772 ἀρχαίων
1592 5701 1751 5754 τοῦτο
1778 5719 1873 5773 τη-

215 5797 393 5872 ρῆσαι.
422 5798 521 5854 Διά
553 5797 710 5853 τοῦτο
730 5797 837 5870 γάρ
868 5800 899 5870 ἡ
939 5798 1097 5870 χάρις
1133 5800 1364 5875 μεγάλη,
1397 5802 1477 5856 ὅτι
1511 5801 1543 5857 5.
1569 5796 1634 5874 ἦν
1660 5800 1866 5873 φοϐερά

1383 370 1472 426 DE
1503 370 1990 430 ELEEMOSYNA.
2034 373 2265 429 HOMIL.
2303 372 2387 427 Ill.

3547 372 3651 427 296

1988 495 2045 543 ἐν
2079 492 2191 551 τοῖς
2231 488 2543 559 προφήταις
2583 485 2678 541 καὶ
2707 487 2765 540 ἐν
2794 488 2906 549 τοῖς
2932 486 3197 558 ἀρχαίοις,
3226 488 3395 542 ταῦτα
3437 485 3651 555 ἐγένετο

1986 575 2082 627 νῦν
2125 573 2599 644 εὐκαταφρόνητα.
2656 571 2789 625 Τίνα
2844 573 2955 644 γάρ
2991 569 3058 643 ἦν
3105 574 3176 628 τὰ
3232 572 3510 645 βαρύτατα
3557 574 3654 626 καὶ

1987 662 2297 729 ἀναγκαῖα;
2322 658 2617 728 Παρθενία,
2648 658 2742 712 καὶ
2778 659 3007 712 θανάτου
3043 659 3336 732 ὑπεροψία·
3368 659 3505 713 ἀλλά
3528 659 3652 713 τού-

1986 766 2094 801 των
2128 748 2224 801 νῦν
2272 747 2367 800 καὶ
2405 746 2561 815 κόραι
2611 746 2848 809 εὐτελεῖς
2890 746 3309 816 καταφρονοῦσι.
3360 747 3507 817 Βαρὺ
3540 747 3654 818 γὰρ

1984 830 2053 906 ἦν
2081 834 2143 887 τὸ
2166 834 2267 903 τῆς
2292 832 2590 903 παρθενίας
2618 832 2801 901 κτῆμα
2830 831 3024 895 οὕτως,
3053 832 3129 896 ὠς
3165 834 3369 904 μηδένα
3392 834 3653 889 δύνασθαι

1986 922 2193 991 ταύτην
2221 921 2463 989 ἀσκῆσαι
2492 918 2601 972 τῶν
2630 919 2897 973 παλαιῶν.
2926 920 3050 972 Νῶε
3075 920 3283 985 δίκαιος
3312 921 3406 974 καὶ
3437 938 3651 992 μαρτυ-

1990 1009 2173 1079 ρηθεὶς
2193 1008 2298 1059 ὑπὸ
2320 1007 2413 1059 τοῦ
2427 1006 2584 1070 Θεοῦ,
2600 1006 2733 1058 ἀλλὰ
2755 1009 2972 1075 γυναικὶ
2995 1009 3430 1079 προσωμίλησεν·
3449 1009 3651 1081 ὁμοίως

1985 1095 2041 1147 δὲ
2072 1094 2321 1165 Ἀϐραὰμ
2342 1095 2437 1147 καὶ
2463 1093 2646 1146 Ἰσαὰκ
2661 1097 2708 1147 οἱ
2733 1095 2940 1167 συγκλη
2948 1095 3166 1165 ρονόμοι
3187 1095 3351 1149 αὐτοῦ
3366 1095 3466 1164 τῆς
3483 1098 3652 1163 ἐπαγε-

1985 1181 2171 1250 γελίας
2194 1182 2415 1250 γυναικὶ
2435 1180 2879 1253 προσωμίλησαν.
2910 1181 3107 1252 Ἰωσὴφ
3124 1182 3153 1234 6
3174 1182 3403 1253 σώφρων
3424 1183 3485 1235 τὸ
3508 1183 3652 1253 μέγα

1984 1266 2169 1338 δρᾶμα
2200 1268 2302 1335 τῆς
2350 1267 2596 1337 μοιχείας
2628 1269 2922 1338 ἠρνήσατο·
2950 1268 3090 1321 ἀλλά
3120 1269 3216 1320 καὶ
3250 1261 3406 1331 οὗτος
3427 1268 3650 1337 γυναικὶ

1986 1354 2428 1423 προσωμίλησεν·
2460 1354 2600 1425 βαρὺ
2636 1354 2746 1426 γὰρ
2773 1350 2840 1425 ἦν
2868 1355 2928 1407 τὸ
2961 1355 3285 1425 ἐπάγγελμα
3314 1355 3415 1423 τῆς
3444 1354 3651 1425 παρθε-

1984 1442 2122 1503 νίας.
2160 1441 2385 1493 Ἕκτοτε
2419 1441 2616 1513 ἰσχυρά
2653 1443 2686 1512 ἡ
2720 1442 2990 1513 παρθενία
3022 1442 3260 1511 ἐγένετο,
3296 1441 3446 1506 ἐξότε
3467 1443 3530 1496 τὸ
3554 1443 3650 1496 ἆνο

1985 1526 2076 1590 θος
2105 1527 2165 1580 τὸ
2196 1528 2294 1597 τῆς
2343 1528 2643 1598 παρθενίας
2686 1528 3039 1597 ἐϐλάστησεν.
3087 1529 3274 1593 Οὐδεὶς
3318 1530 3497 1581 τοίνυν
3539 1528 3650 1582 τῶν

1984 1613 2228 1667 παλαιῶν
2244 1613 2483 1685 ἠδυνήθη
2505 1615 2803 1686 παρθενίαν
2830 1616 3092 1684 ἀσκῆσαι·
3114 1616 3259 1685 μέγα
3278 1614 3389 1686 γάρ
3416 1616 3649 1685 πρᾶγμα

1984 1700 2142 1770 σῶμα
2193 1699 2509 1771 χαλινῶσαι.
2568 1700 3065 1772 Ἀναζωγράφησον
3119 1701 3198 1772 τῷ
3243 1701 3387 1770 λόγῳ
3440 1702 3501 1754 τὸ
3548 1702 3648 1770 τῆς

1983 1785 2285 1856 παρθενίας
2310 1782 2483 1853 εἶδος,
2519 1787 2615 1841 καὶ
2652 1788 2939 1858 κατάμαθε
2965 1787 3024 1841 τὸ
3058 1786 3289 1857 μέγεθος
3319 1789 3418 1858 τῆς
3445 1789 3650 1858 ἀρετῆς

1982 1873 2171 1943 αὐτῆς·
2208 1874 2289 1927 ἔτι
2323 1874 2558 1945 πόλεμον
2596 1873 2710 1945 ἔχει
2751 1876 2838 1944 ἐφ’
2872 1874 3110 1945 ἑκάστης
3145 1875 3360 1945 ἡμέρας
3390 1873 3649 1927 οὐδέποτε

1980 1961 2277 2032 δυνάμενον
2306 1962 2601 2031 ήσυχάσαι·
2643 1961 2843 2031 χείρων
2887 1961 2983 2013 τοῦ
3028 1960 3367 2031 βαρϐαρικοῦ
3405 1959 3647 2030 πολέμου

1981 2042 2136 2111 οὗτος
2162 2050 2190 2101 6
2218 2048 2474 2118 πόλεμος.
2525 2047 2582 2101 '0
2614 2048 2712 2117 μὲν
2750 2048 2858 2118 γὰρ
2909 2048 3019 2101 τῶν
3071 2047 3362 2118 βαρϐάρων
3412 2045 3647 2117 πόλεμος

1980 2138 2171 2207 καιρόν
2192 2154 2313 2191 τινα
2339 2137 2452 2207 ἔχει
2480 2137 2680 2207 ἀνοχῆς
2700 2138 2759 2189 ἐν
2780 2140 2899 2201 ταῖς
2929 2137 3246 2208 συνθήκαις,
3272 2137 3366 2190 καὶ
3394 2137 3523 2190 ποτὲ
3547 2136 3648 2206 μὲν

1981 2224 2383 2295 συμϐάλλουσι,
2422 2226 2552 2279 ποτὲ
2579 2225 2635 2278 δὲ
2667 2223 2752 2289 οὒ,
2776 2228 2871 2279 καὶ
2903 2225 3089 2291 τάξεις
3127 2226 3220 2279 καὶ
3261 2225 3444 2296 χρόνοι
3482 2224 3643 2277 είσίν·

1978 2313 2071 2365 ἐπὶ
2101 2312 2159 2366 δέ
2191 2312 2285 2366 τοῦ
2308 2314 2547 2383 πολέμου
2585 2313 2680 2367 τοῦ
2721 2314 2857 2386 πρὸς
2890 2316 2990 2386 τὴν
3035 2314 3338 2386 παρθενίαν
3374 2315 3474 2367 οὐκ
3498 2312 3646 2365 ἔστιν

1976 2399 2169 2470 ἀνοχή·
2198 2399 2445 2463 διάϐολος
2465 2400 2571 2473 γάρ
2603 2403 2747 2455 ἐστιν
2773 2404 2801 2454 6
2832 2402 3107 2473 πολεμῶν,
3149 2402 3210 2454 06
3236 2401 3429 2471 καιρὸν
3450 2402 3645 2469 ἐπιτη-

1979 2489 2092 2559 ρεῖν
2122 2486 2418 2551 ἐπιθέσεως
2441 2487 2616 2552 εἰδὼς,
2654 2490 2715 2540 06
2755 2489 3008 2554 σύνταξιν
3052 2489 3191 2560 πρὸς
3229 2488 3331 2559 τὴν
3367 2485 3645 2557 συμϐολήν

1977 2575 2366 2646 ἐκδεχόμενος,
2419 2573 2534 2628 ἀλλ’
2590 2576 2821 2646 ἕστηκεν
2873 2577 2961 2629 ἀεὶ
2999 2576 3180 2647 ζητῶν
3224 2576 3325 2646 τὴν
3378 2574 3646 2646 παρθένον

1977 2663 2190 2734 γυμνὴν
2220 2663 2432 2733 εὑρεῖν,
2481 2662 2570 2715 ἵνα
2605 2663 2825 2733 καιρίαν
2875 2665 3130 2734 ἐπαγάγῃ
3153 2663 3250 2733 τὴν
3285 2663 3520 2733 πληγήν·
3553 2661 3648 2715 καὶ

1976 2750 2234 2803 οὐδέποτε
2263 2750 2485 2804 δύναται
2528 2752 2562 2819 ἡ
2597 2751 2866 2820 παρθένος
2909 2750 3002 2804 τοῦ
3045 2751 3284 2821 πολέμου
3334 2748 3648 2802 παύσασθαι

1974 2837 2191 2897 τούτου,
2224 2837 2343 2892 ἀλλ’
2377 2840 2435 2890 ἐν
2455 2837 2592 2908 αὐτῇ
2630 2838 2719 2891 τὸν
2739 2838 2978 2909 τάραχον
3008 2838 3264 2909 περιάγει
3295 2837 3389 2909 καὶ
3420 2835 3513 2889 τὸν
3546 2852 3648 2888 πο-

1980 2924 2269 2995 λεμιστήν.
2312 2924 2421 2978 Kal
2449 2925 2499 2977 οἱ
2539 2924 2639 2993 μὲν
2663 2926 2942 2977 κατάδικοι
2978 2924 3081 2978 κᾶν
3104 2924 3243 2995 πρὸς
3278 2923 3469 2996 καιρὸν
3494 2921 3643 2982 ῖδωσι

1975 3012 2066 3065 τὸν
2090 3012 2359 3082 ἄρχοντα,
2408 3012 2509 3081 οὑχ
2551 3011 2697 3064 οὕτω
2743 3010 3133 3082 χειμάζονται·
3188 3014 3222 3081 ἡ
3272 3011 3329 3065 δὲ
3377 3011 3649 3081 παρθένος

1974 3100 2218 3170 ὅπουπερ
2243 3100 2309 3153 ἂν
2341 3100 2670 3169 ἀπέρχηται,
2690 3098 2781 3151 τὸν
2805 3098 3063 3168 δικαστὴν
3095 3100 3350 3169 περιάγει
3373 3098 3492 3167 μεθ’
3519 3098 3649 3150 ἐαυ-

1976 3187 2094 3257 τῆς,
2124 3187 2220 3240 καὶ
2243 3185 2333 3238 τὸν
2368 3185 2627 3255 πολέμιον
2674 3186 2996 3255 περιφέρει,
3051 3186 3146 3239 καὶ
3182 3188 3211 3238 ὁ
3258 3185 3520 3255 πολέμιος
3549 3185 3648 3254 οὐχ

1910 3280 1911 3283 “
1976 3275 2214 3344 ἑσπέρας
2242 3275 2377 3344 αὐτῇ
2416 3273 2629 3326 δίδωσιν
2661 3273 2863 3336 ἄνεσιν,
2889 3272 2989 3325 ούκ
3016 3274 3073 3326 ἐν
3102 3274 3276 3336 νυκτὶ,
3300 3272 3399 3324 οὐκ
3426 3271 3645 3341 ὄρθρου,

1975 3362 2077 3414 οὐκ
2108 3364 2164 3415 ἐν
2208 3361 2545 3432 μεσημϐρίᾳ·
2579 3360 2717 3413 ἀλλά
2742 3360 2971 3429 πολεμεῖ
2999 3359 3250 3421 πάντοτε,
3291 3358 3482 3428 ἡδονὴν
3516 3360 3649 3411 ὑπο-

1974 3449 2279 3519 τιθέμενος,
2304 3448 2484 3518 γάμον
2527 3446 2766 3518 μηνύων,
2815 3447 2961 3509 ὄπως
2992 3446 3093 3516 τὴν
3145 3445 3346 3517 ἀρετὴν
3388 3447 3448 3512 ἐξ
3475 3447 3647 3516 αὐτῆς

1976 3536 2270 3609 ἀποδιώξῃ,
2300 3537 2392 3588 καὶ
2424 3536 2572 3598 ὅπως
2620 3535 2720 3606 τὴν
2749 3534 2949 3586 κακίαν
2996 3534 3054 3586 ἐν
3107 3533 3244 3603 αύτῇ
3304 3533 3643 3605 ἐγγεννήση·

1976 3626 2123 3688 ὅπως
2151 3624 2251 3695 τὴν
2288 3623 2642 3695 σωφροσύνην
2670 3623 2839 3693 αὐτῆς
2871 3621 3142 3693 ἀπελάσῃ,
3202 3622 3351 3684 ὅπως
3391 3621 3650 3690 πορνείαν

1975 3712 2271 3783 ἐνσπείρη·
2313 3711 2597 3764 ἐκκαίεται
2645 3712 2729 3778 ἐφ’
2781 3710 3021 3780 ἑκάστης
3063 3708 3215 3780 ὥρας
3260 3709 3355 3779 τῆς
3383 3708 3579 3777 ἡδονῆς
3613 3709 3648 3778 ἡ

1974 3798 2207 3868 κάμινος
2243 3796 2538 3868 μαλθακῶς
2576 3795 2971 3865 ὑποκαιομένη.
3021 3794 3306 3865 Ἐννόησον
3352 3795 3517 3857 πόσος
3553 3793 3648 3847 τοῦ

1976 3881 2402 3954 κατορθώματος
2454 3885 2482 3935 6
2532 3883 2800 3951 κάματος.
2864 3880 3005 3933 Ἀλλ’
3048 3882 3254 3933 ἐκεῖναι
3293 3879 3433 3949 μετά
3473 3879 3651 3934 ταῦτα

1976 3969 2155 4022 πάντα
2179 3968 2441 4037 ἥκουσαν,
2489 3968 2794 4021 Ἀπένίθετε
2827 3967 2926 4020 ἀπ’
2960 3966 3130 4035 ἐμοῦ,
3157 3969 3269 4020 οὐκ
3305 3963 3440 4020 οῖδα
3466 3965 3645 4035 ὑμᾶς.

1978 4055 2121 4125 Ὅρα
2146 4054 2263 4118 πῶς
2296 4054 2441 4125 μέγα
2462 4056 2698 4125 πρᾶγμα
2719 4058 2753 4124 ἡ
2787 4053 3077 4123 παρθενία·
3104 4054 3234 4106 ὃταν
3258 4052 3359 4125 ἔχῃ
3378 4053 3478 4122 τὴν
3499 4052 3651 4105 ἀδελ-

1976 4142 2082 4213 φὴν
2110 4143 2280 4212 αὐτῆς
2316 4141 2413 4213 τὴν
2456 4141 2865 4213 ἐλεημοσύνην,
2905 4140 3059 4193 οὐδὲν
3098 4140 3266 4210 αὐτῆς
3308 4139 3648 4210 περιγίνεται

1974 4231 2083 4284 τῶν
2116 4230 2265 4303 [999]
2298 4229 2508 4293 δεινῶν,
2540 4230 2654 4283 ἀλλ’
2682 4228 2930 4299 ἀνωτέρα
2959 4228 3176 4281 πάντων
3209 4228 3347 4281 ἐστί.
3371 4227 3471 4281 Διά
3488 4226 3649 4281 τοῦτο

1974 4320 2183 4372 ἐκεῖναι
2212 4318 2313 4371 οὐκ
2358 4317 2627 4385 εἰσῆλθον,
2654 4314 2842 4386 ἐπειδὴ
2880 4314 3021 4385 μετά
3060 4315 3160 4385 τῆς
3201 4314 3502 4383 παρθενίας
3542 4316 3645 4385 τὴν

1976 4404 2345 4476 ἐλεημοσύνην
2376 4404 2477 4457 οὐκ
2501 4399 2663 4473 εἶχον.
2693 4402 2901 4471 Πολλῆς
2930 4401 3192 4472 αἰσχύνης
3220 4400 3281 4453 τὸ
3301 4400 3453 4471 ῥῆμα
3475 4399 3645 4465 ἄξιον·

1975 4493 2171 4565 ἡδονὴν
2199 4492 2693 4554 καταπαλαίσασα,
2743 4489 3043 4562 χρημάτων
3096 4490 3158 4542 06
3198 4489 3645 4560 κατεφρόνησας·

1977 4581 2115 4634 ἀλλὰ
2151 4579 2422 4651 παρθένος
2448 4579 2833 4649 ἀποταξαμένη
2860 4577 2938 4648 τῷ
2980 4577 3102 4648 βίῳ,
3139 4579 3233 4632 καὶ
3270 4577 3649 4648 σταυρωθεῖσα

1977 4668 2275 4739 χρημάτων
2314 4668 2463 4737 ἐρᾷς.
2516 4666 2642 4718 Εἴθε
2680 4665 2871 4736 ἀνδρὸς
2904 4665 3294 4735 ἐπεθύμησας,
3343 4665 3440 4719 καὶ
3475 4664 3537 4717 οὐ
3562 4680 3649 4717 το.

1978 4754 2166 4807 σοῦτον
2197 4752 2258 4805 τὸ
2296 4751 2549 4821 ἔγκλημα
2580 4747 2669 4822 ἦν·
2702 4752 2801 4821 τῆς
2832 4751 2942 4822 γάρ
2962 4750 3249 4821 όμοουσίου
3288 4749 3419 4818 ὕλης
3444 4746 3647 4800 ἐπεθύ-

1981 4857 2121 4911 μεις·
2157 4838 2252 4891 νῦν
2293 4838 2350 4891 δὲ
2385 4839 2587 4908 μείζων
2631 4840 2664 4907 ἡ
2714 4838 3041 4908 κατηγορία,
3087 4837 3170 4889 ὃτι
3198 4833 3484 4902 ἀλλοτρίας
3516 4833 3647 4902 ὕλης

1977 4927 2348 4997 ἐπεθύμησας.
2385 4928 2584 4989 Ἔστω,
2619 4927 2674 4978 αἱ
2724 4924 2982 4993 ὖπανδροι
3013 4925 3217 4975 ἐκεῖναι
3255 4920 3445 4983 κακῶς
3467 4921 3649 4973 ἀπαν-

1978 5014 2223 5087 θρωπίαν
2254 5014 2671 5078 ἐπιδείκνυνται,
2718 5013 2806 5065 διὰ
2840 5012 2938 5083 τὴν
2965 5010 3073 5063 τῶν
3102 5010 3308 5062 τέκνων
3336 5010 3610 5079 πρόφασιν
3629 5025 3644 5040 ·

1978 5106 2072 5156 καὶ
2103 5102 2199 5155 ἐὰν
2229 5104 2389 5173 εἴπῃς
2417 5103 2628 5164 αὐταῖς,
2656 5100 2754 5162 Δός
2778 5118 2867 5169 μοι
2899 5096 3290 5169 ἐλεημοσύνην·
3309 5097 3488 5150 Τέκνα
3516 5096 3644 5166 ἔχω,

1978 5193 2133 5262 φησὶ,
2168 5191 2261 5243 καὶ
2287 5190 2346 5242 06
2374 5189 2629 5258 δύναμαι.
2666 5188 2724 5240 '0
2751 5187 2884 5248 θεός
2917 5204 2998 5239 σοι
3027 5186 3196 5240 ἔδωκε
3226 5186 3412 5248 τέκνα,
3436 5185 3647 5256 καρπὸν

1978 5280 2187 5340 κοιλίας
2219 5276 2409 5340 ἔλαϐες
2430 5315 2446 5340 ,
2482 5276 2570 5328 ἵνα
2608 5274 2990 5345 φιλάνθρωπος
3030 5270 3185 5346 γένῃ,
3219 5275 3317 5344 οὐχ
3359 5274 3446 5326 ἵνα
3473 5272 3646 5325 ἀπάν-

1980 5366 2214 5439 θρωπος·
2245 5366 2319 5437 μὴ
2352 5365 2451 5435 τὴν
2497 5363 2753 5418 ὑπόθεσιν
2788 5364 2889 5433 τῆς
2924 5362 3338 5433 φιλανθρωπίας
3371 5363 3451 5423 είς
3478 5361 3649 5431 ἀφορο

1982 5456 2088 5525 μὴν
2111 5452 2505 5523 ἀπανθρωπίας
2526 5451 2860 5521 ἐκλάμϐανε.
2878 5451 3066 5514 Θέλεις
3086 5448 3452 5521 κληρονομίαν
3473 5447 3646 5517 καλὴν

1979 5540 2300 5608 καταλείψαι
2333 5543 2443 5602 τοῖς
2481 5541 2688 5604 τέκνοις
2710 5555 2803 5592 σου
2828 5557 2843 5605 ;
2884 5539 3209 5608 κατάλειιίον
3237 5535 3608 5606 ἐλεημοσύνην
3627 5575 3645 5601 ,

1980 5630 2067 5683 ἵνα
2098 5629 2297 5692 πάντες
2349 5627 2737 5698 ἐγκωμιάσωσί
2777 5645 2870 5690 σε,
2928 5628 3021 5680 καὶ
3070 5624 3504 5697 πολυθρύλλητον
3545 5622 3645 5694 τὴν

1983 5718 2203 5786 μνήμην
2239 5732 2331 5768 σου
2359 5714 2717 5786 καταλείπῃς.
2756 5714 2829 5766 Σὺ
2867 5714 2923 5766 δὲ
2965 5712 3041 5783 μὴ
3078 5712 3245 5764 τέκνα
3274 5711 3493 5781 ἔχουσα,
3527 5710 3643 5766 ἀλλ’

1981 5801 2364 5873 ἐσταυρωμένη
2400 5798 2477 5871 τῷ
2510 5798 2627 5870 βίῳ,
2656 5800 2740 5853 ἵνα
2770 5798 2820 5852 τί
2840 5800 3095 5871 χρήματα
3118 5797 3414 5868 συλλέγεις.
