4066 6430
287 379 388 434 ἳ97

350 498 409 551 ι.
434 493 754 551 Ρωηίισηιίαξ
778 496 873 550 aia:
892 496 1061 561 paritr,
1095 510 1285 566 preces,
1318 493 1744 564 lacryuue.(a).~——
1762 491 1868 547 Sed

277 587 437 641 'vivus
463 585 621 640 nobis
669 600 847 640 sermo
878 594 959 639 est
997 592 1052 640 et
1096 585 1237 639 circa
1279 584 1603 653 pmnitentia:
1632 592 1686 636 et
1729 584 1870 643 circa

280 680 639 749 elecmosynze
689 677 847 731 viam.
908 676 1150 731 Diximus
1196 677 1589 745 elcemosynam
1624 688 1870 744 magnam

283 770 678 840 possessionem
697 768 749 822 ἐ
771 769 893 822 inde
918 767 1151 835 suscepit
1176 780 1276 821 nos
1290 765 1605 835 virginitatis
1633 766 1868 834 pelagus.

282 862 458 919 Habes
507 863 667 932 igitur
715 860 1083 930 paenitentiam
1135 858 1476 928 principalem
1523 867 1580 911 et
1626 871 1870 924 magnam

283 955 706 1024 eleemosynam,
734 953 1002 1005 valentem
1034 950 1236 1019 peccati
1265 960 1506 1003 catenam
1536 947 1828 1001 dissolvere
1853 962 1866 997 :

283 1047 449 1101 habes
497 1054 549 1100 et
593 1045 731 1098 viam
777 1044 934 1097 aliam
980 1042 1307 1111 poenitentite
1347 1051 1722 1110 opportunam,
1767 1053 1870 1107 qua

282 1136 483 1205 poteris
513 1151 540 1188 u
575 1135 806 1203 peccatis
835 1142 889 1188 te
914 1132 1202 1187 vindicare.
1248 1131 1353 1186 Ora
1384 1146 1480 1201 per
1503 1129 1738 1198 singulas
1778 1129 1873 1182 ho-

283 1243 390 1293 ras,
423 1243 597 1298 neque
646 1241 806 1280 orans
833 1224 1049 1280 deﬁcias
1077 1240 1251 1292 neque
1294 1223 1623 1292 negligenter
1648 1222 1739 1276 Dei
1769 1221 1877 1275 cle-

283 1319 539 1375 mentiam
564 1318 786 1387 implora
810 1334 825 1382 ;
858 1331 963 1370 non
985 1316 1207 1385 repellet
1230 1323 1283 1369 te
1307 1321 1755 1385 perseverantem,
1779 1309 1874 1366 sed

283 1420 501 1478 peccata
528 1408 777 1474 dimittet,
814 1416 868 1462 et
893 1407 1053 1476 petita
1080 1405 1357 1461 concedet.
1389 1404 1561 1459 Orans
1589 1401 1801 1472 quidem
1826 1402 1871 1456 si

284 1500 569 1555 exauditus
594 1499 776 1562 fueris,
810 1512 1064 1568 permane
1088 1497 1287 1567 gratias
1311 1509 1472 1565 agens
1501 1495 1554 1548 in
1593 1493 1834 1548 oratione
1858 1508 1873 1544 :

285 1606 391 1646 non
416 1590 716 1655 exauditus,
756 1603 912 1644 mane
956 1603 1115 1643 orans
1152 1599 1207 1642 ut
1238 1587 1555 1642 exaudiaris.
1587 1585 1768 1653 Neque
1796 1583 1877 1638 di-

284 1682 451 1747 xeris,
503 1682 728 1736 multum
776 1681 944 1746 oravi,
993 1687 1153 1748 atque
1197 1677 1337 1731 haud
1379 1677 1659 1731 exauditus
1708 1689 1874 1728 sum:

288 1772 489 1827 etenim
521 1771 605 1826 vel
655 1770 707 1826 id
752 1786 895 1839 satpe
941 1780 1044 1824 tua:
1088 1768 1329 1823 utilitatis
1376 1766 1434 1820 ﬁt
1477 1767 1667 1837 gratia.
1721 1764 1879 1819 Novit

282 1864 427 1919 enim
454 1863 596 1932 quod
635 1864 783 1932 piger
812 1863 907 1925 sis,
935 1871 991 1917 et
1018 1862 1197 1915 animo
1223 1860 1479 1925 deﬁcias;
1506 1869 1560 1913 et
1588 1859 1631 1912 si
1656 1872 1877 1927 compos

281 1956 393 2010 voti
437 1954 621 2022 fueris,
653 1955 814 2009 abeas
843 1954 1088 2008 oratione
1130 1951 1348 2006 dimissa
1380 1969 1394 2003 :
1424 1960 1477 2003 et
1505 1965 1603 2019 per
1627 1949 1868 2003 occasio-

285 2061 407 2101 nem
436 2046 774 2101 necessitatis
813 2045 989 2099 diﬁ'ort
1022 2053 1093 2111 te,
1127 2059 1234 2113 quo
1264 2036 1517 2096 crebrius
1548 2040 1714 2094 Deum
1740 2040 1877 2094 allo-

285 2137 488 2206 quaris,
516 2136 849 2205 orationique
896 2149 1074 2189 vaces.
1118 2132 1251 2187 Nam
1291 2132 1333 2186 si
1364 2146 1425 2185 ea
1470 2131 1522 2185 in
1564 2130 1880 2185 necessitate

289 2229 576 2292 exsistens,
625 2236 787 2295 atque
832 2225 1076 2293 indigens
1118 2224 1405 2294 pigritaris,
1439 2237 1611 2291 neque
1651 2220 1881 2277 orationi

292 2319 498 2374 insistis
529 2336 542 2372 :
574 2317 827 2387 quidnam
855 2318 1051 2387 egeris.
1082 2315 1269 2370 borum
1298 2316 1341 2369 si
1374 2314 1519 2368 nullo
1547 2312 1880 2382 indigneris?

286 2409 473 2478 Itaque
502 2407 554 2462 id
586 2408 677 2461 tibi
725 2407 846 2461 facit
874 2406 941 2460 ad
972 2406 1254 2460 utilitatem
1287 2414 1450 2467 tuam,
1481 2402 1673 2457 nolens
1700 2412 1753 2456 te
1782 2401 1879 2457 ab-

284 2498 479 2553 sistere
501 2497 568 2552 ab
593 2497 853 2552 oratione.
882 2496 1036 2551 Mane
1064 2510 1192 2566 ergo
1217 2505 1272 2551 et
1296 2510 1413 2559 ora,
1443 2494 1661 2559 dilecte,
1707 2507 1882 2563 neque

284 2589 467 2659 segnis
498 2597 613 2643 esto
645 2605 658 2641 :
690 2588 915 2642 multum
946 2587 1087 2641 enim
1115 2586 1288 2640 oratio
1321 2594 1514 2655 potest,
1544 2599 1716 2654 neque
1743 2594 1880 2638 tam-

287 2697 449 2750 quam
494 2696 607 2736 rcm
634 2695 849 2750 parvam
893 2678 1227 2749 aggrediens,
1270 2676 1494 2732 orationi
1524 2691 1697 2731 vaces.
1728 2674 1881 2740 Quod

286 2784 466 2827 autem
531 2772 703 2826 oratio
758 2781 1037 2841 peccatum
1102 2769 1374 2835 dimittat,
1432 2768 1513 2822 vel
1567 2784 1632 2822 ex
1688 2767 1882 2821 divinis

287 2864 583 2935 evangeliis
636 2864 784 2918 disce
837 2881 851 2916 :
903 2862 1031 2933 quid
1092 2862 1237 2916 enim
1303 2860 1515 2929 inquit?
1567 2858 1750 2914 Simile
1799 2866 1883 2914 est

292 2970 514 3026 regnum
553 2955 804 3009 czrlorum
847 2952 1082 3016 homini,
1138 2951 1229 3021 qui
1276 2965 1427 3005 suam
1489 2950 1704 3019 januatn
1731 2949 1881 3003 elau-

288 3047 382 3111 sit,
413 3054 468 3101 et
518 3045 759 3101 recubuit
808 3060 929 3100 cum
984 3038 1107 3098 ﬁliis
1161 3043 1313 3099 suis:
1342 3042 1490 3095 venit
1540 3049 1717 3095 autem
1758 3038 1881 3109 qui-

289 3137 412 3191 dam
453 3151 688 3205 vespere,
719 3137 960 3207 accipere
996 3136 1183 3189 volens
1222 3135 1291 3189 ab
1334 3149 1400 3189 eo
1444 3149 1639 3204 panes,
1665 3143 1718 3186 et
1764 3131 1882 3201 pul-

291 3236 377 3281 sat
422 3227 649 3282 dicens:
679 3228 841 3295 Aperi
888 3227 1052 3293 mihi,
1086 3226 1335 3295 quoniam
1382 3224 1593 3294 indigeo
1639 3224 1881 3292 panibus.

292 3318 393 3373 Hic
411 3317 476 3371 ad
501 3333 622 3373 eum
649 3335 661 3370 :
691 3318 809 3372 Non
836 3332 1051 3387 possum
1073 3316 1201 3371 dare
1225 3315 1318 3370 tibi
1342 3333 1356 3368 :
1380 3316 1722 3370 recubuimus
1742 3314 1884 3368 enim

291 3418 349 3463 et
390 3424 489 3463 nos
516 3418 573 3463 et
603 3408 751 3478 pueri
793 3411 981 3461 nostri.
1014 3409 1084 3461 At
1125 3408 1214 3461 ille
1260 3406 1633 3475 perseverabat
1669 3407 1886 3474 januam

295 3499 531 3566 pulsans.
559 3498 625 3551 Et
649 3499 722 3553 ait
749 3513 931 3552 rursus
952 3497 1021 3551 ad
1040 3511 1160 3551 eum
1186 3514 1199 3550 :
1229 3495 1341 3550 Non
1372 3510 1585 3566 possum
1610 3495 1700 3548 tibi
1726 3494 1882 3550 dare:

297 3590 637 3645 recubuimus
680 3590 825 3660 enim
854 3597 907 3643 et
941 3604 1040 3642 nos
1065 3597 1120 3642 et
1154 3588 1301 3658 pueri
1339 3587 1527 3643 nostri.
1572 3586 1664 3640 Ille
1708 3595 1885 3640 autem

300 3684 380 3735 his
402 3681 597 3736 auditis
626 3680 906 3736 insistebat
934 3680 1167 3747 pulsans,
1190 3694 1362 3748 neque
1390 3677 1692 3740 recedebat,
1715 3676 1888 3731 donec

297 3771 429 3826 dixit
457 3770 836 3840 paterfamilias
867 3787 879 3822 :
910 3768 1141 3838 Surgite,
1165 3776 1218 3822 et
1238 3768 1359 3822 date
1383 3767 1453 3830 ei,
1486 3775 1540 3820 et
1565 3766 1720 3819 sinite
1740 3766 1888 3820 abire

303 3861 449 3935 (Luc.
475 3863 563 3915 H.
588 3862 640 3915 5.
673 3857 828 3929 ειμι).
856 3859 1018 3913 Docet
1045 3872 1172 3929 ergo
1198 3866 1250 3912 te
1274 3871 1428 3911 orare
1454 3869 1685 3923 semper,
1717 3870 1889 3924 neque

299 3955 676 4021 obtorpescere
705 3968 720 4006 :
751 3960 805 4005 et
853 3951 898 4003 si
940 3951 1117 4003 minus
1167 3946 1439 4016 acceperis
1461 3987 1477 4011 ,
1533 3960 1846 4013 permanere
1868 3984 1884 4009 ,

298 4043 471 4114 quoad
499 4043 791 4112 acceperis.
818 4041 1002 4096 Plures
1028 4040 1162 4094 alias
1193 4038 1518 4107 ptettitentiie
1545 4037 1658 4090 vias
1682 4037 1734 4090 in
1756 4036 1889 4091 Scri-

303 4136 468 4207 pturis
498 4134 753 4189 invenies.
787 4133 901 4203 Ipsa
932 4132 1236 4201 pmnitentia
1280 4138 1336 4185 et
1381 4138 1506 4184 ante
1553 4128 1748 4182 Christi
1790 4127 1888 4181 ad-

300 4237 515 4283 ventum
547 4243 638 4297 per
665 4226 781 4296 ejus
812 4226 1124 4295 prophetam
1168 4223 1455 4279 Jeremiam
1502 4221 1889 4291 praedicabatur

300 4322 565 4377 dicentem
591 4338 604 4373 :
632 4318 895 4390 Numquid
917 4319 1102 4373 cadens
1129 4336 1229 4372 non
1267 4318 1482 4388 resurgit
1505 4358 1521 4385 ,
1548 4327 1635 4371 aut
1663 4326 1889 4371 avertens

299 4432 353 4467 se
380 4430 482 4467 non
510 4413 770 4467 revertitur
789 4411 844 4483 (Ι
848 4429 918 4466 er.
943 4412 997 4467 8.
1019 4412 1113 4481 4)?
1136 4422 1190 4467 et
1218 4412 1431 4476 iterum,
1461 4411 1650 4465 Postea
1673 4412 1781 4464 dixi
1808 4412 1891 4466 ei:

302 4504 579 4574 Postquam
608 4503 856 4574 fornicata
883 4521 935 4557 es
953 4545 968 4568 ,
996 4503 1179 4558 accede
1198 4544 1213 4569 ,
1244 4511 1527 4556 convertere
1550 4502 1617 4554 ad
1657 4518 1733 4554 me
1755 4502 1887 4573 (λεν.

303 4598 357 4651 3.
386 4598 462 4668 7).
488 4597 774 4666 Propterea
805 4603 859 4649 et
886 4595 1078 4650 multas
1115 4598 1227 4650 vias
1256 4596 1389 4649 alias
1424 4594 1752 4665 paenitentia:
1790 4594 1887 4649 de-

298 4690 402 4755 dit,
433 4703 541 4758 quo
567 4686 722 4741 nobis
752 4702 964 4741 onmem
994 4687 1213 4742 desidim
1238 4688 1574 4741 occasionem
1611 4696 1847 4754 amputet
1872 4705 1885 4740 :

303 4796 428 4836 nam
454 4780 498 4834 si
527 4794 683 4833 unam
718 4778 1032 4832 haberemus
1059 4779 1250 4843 solam,
1283 4779 1380 4832 hac
1408 4777 1603 4831 vadere
1647 4759 1893 4846 nequire-

306 4889 448 4927 mus.
477 4872 782 4927 Mucronem
811 4870 951 4924 hunc
966 4870 1205 4924 diabolus
1221 4885 1430 4937 semper
1451 4869 1601 4939 fugit.
1620 4869 1891 4923 Peccasti?

305 4962 590 5018 ecclesiam
642 4960 962 5030 ingredere,
1011 4968 1171 5028 atque
1218 4968 1365 5013 tuum
1420 4959 1539 5014 dele
1592 4967 1889 5027 peceatum.

303 5054 526 5121 Quoties
551 5052 807 5107 cecideris
835 5052 887 5104 in
918 5051 1031 5103 foro
1051 5093 1064 5111 ,
1094 5051 1248 5104 toties
1274 5050 1514 5120 exsurgis
1539 5067 1552 5103 :
1580 5050 1658 5104 sic
1686 5050 1891 5119 quoties

306 5145 633 5215 peccaveris,
657 5142 858 5212 peccati
887 5143 1162 5210 poeniteat,
1183 5155 1353 5209 neque
1370 5139 1624 5209 desperes
1649 5157 1661 5194 :
1681 5141 1891 5194 tametsi

306 5237 545 5293 secundo
579 5233 900 5305 peccaveris,
936 5232 1172 5289 secundo
1195 5232 1467 5301 paeniteat,
1505 5247 1679 5302 neque
1717 5234 1893 5289 animo

308 5337 677 5385 consternatus
698 5342 726 5379 a
743 5341 837 5396 spe
858 5326 1211 5395 repositorum
1234 5325 1491 5379 bonorum
1513 5324 1895 5391 cadas.Quam-

309 5422 390 5476 vis
420 5420 473 5479 in
497 5428 733 5474 extrema
758 5415 949 5471 canitie
975 5416 1294 5486 peccaveris,
1315 5413 1610 5484 ingredere,
1634 5416 1895 5485 paeniten-

377 5616 393 5644 ¹
420 5618 524 5662 sav.
539 5617 592 5673 et
605 5618 723 5673 Reg.
739 5621 888 5673 unus:
902 5611 993 5661 sed
1016 5623 1146 5662 meus
1164 5608 1469 5673 nobisadhuc
1485 5624 1642 5663 sermo
1651 5618 1722 5663 est
1743 5616 1805 5663 de
1820 5618 1897 5666 ria

317 5671 622 5783 mgiw.
649 5671 1033 5736 Decleemosyna
1053 5672 1179 5723 enim
1202 5671 1571 5734 dtaimus,quod
1595 5686 1767 5737 magna
1792 5689 1886 5738 pos-

311 5746 459 5783 sessio
471 5746 560 5783 est.

351 5799 426 5861 (ο)
459 5800 572 5849 vide
588 5800 681 5850 sub
699 5799 842 5851 ﬁnem
862 5800 1185 5860 praecedentis
1206 5801 1438 5853 bomilise.

1454 376 1544 432 DE
1574 370 2055 431 ELEE‘MOSYNA.
2092 374 2321 430 llOMlL.
2366 372 2452 428 111.

3453 380 3555 434 238

1976 492 2099 545 tiam
2128 489 2562 560 age:medieinae
2589 492 2736 547 locus
2755 502 2838 548 est
2872 493 2977 559 hic,
3023 509 3126 549 non
3164 495 3350 565 judicii
3377 502 3388 528 ι
3412 515 3424 563 ;
3449 514 3556 553 nou

1972 592 2159 647 poenas
2170 578 2410 649 exigens,
2433 580 2527 635 sed
2554 591 2889 649 peccatorum
2909 584 3276 640 remissionem
3295 587 3552 643 tribuens.

1973 669 2084 723 Deo
2101 668 2199 722 soli
2216 669 2300 723 dic
2323 679 2594 738 peccatum
2624 683 2800 727 tuum:
2822 672 2933 728 Tibi
2947 675 3043 728 soli
3056 677 3276 745 peccavi,
3299 686 3346 731 et
3365 682 3553 734 malum

1972 776 2143 813 coram
2168 771 2215 813 te
2237 762 2334 831 feci
2356 763 2372 831 (
2396 760 2540 815 Psal.
2572 762 2659 817 50.
2686 762 2759 832 6)
2786 781 2801 830 ;
2833 773 2887 819 et
2909 765 3190 821 dimittitur
3230 769 3320 823 tibi
3365 784 3555 837 pecca-

1972 859 2105 904 tum.
2137 851 2308 905 Hahes
2333 861 2388 906 et
2412 852 2566 906 aliam
2588 854 2915 923 paenitentia:
2938 857 3072 910 viam
3099 857 3240 911 haud
3259 857 3554 925 difﬁcilem,

1973 943 2065 998 sed
2093 945 2312 999 omnino
2332 947 2955 1001 accommodatissimam.
2973 949 3190 1015 Qualem
3216 951 3390 1005 hanc?
3414 951 3558 1006 Deﬁe

1972 1048 2133 1101 super
2176 1044 2448 1103 peccatum
2495 1039 2704 1102 tttum',
2746 1037 2902 1107 idque
2931 1054 2994 1092 ex
3026 1040 3190 1093 sacris
3217 1040 3364 1094 disce
3392 1057 3555 1095 evan-

1970 1125 2143 1193 geliis.
2176 1126 2365 1181 Petrus
2392 1127 2481 1181 ille
2516 1129 2873 1196 apostolorum
2904 1132 3179 1200 princeps,
3227 1133 3280 1187 in
3321 1133 3558 1189 Ecclesia

1976 1217 2197 1285 primus,
2222 1218 2425 1273 amicus
2451 1216 2683 1285 Christi,
2710 1220 2800 1288 qui
2834 1221 3212 1276 revelationem
3243 1223 3309 1276 ab
3331 1225 3555 1279 homini-

1972 1309 2073 1363 bus
2103 1325 2206 1363 non
2232 1311 2476 1380 accepit,
2507 1312 2603 1367 sed
2629 1328 2658 1366 a
2688 1313 2879 1379 Patre,
2908 1314 3046 1369 sicut
3072 1316 3171 1385 ipsi
3198 1318 3558 1372 testimonium
3634 1360 3637 1363 η

1972 1400 2228 1455 Dominus
2250 1402 2459 1457 reddit:
2487 1401 2676 1457 Beatus
2702 1420 2754 1458 es
2776 1405 2955 1459 Simon
2986 1406 3274 1474 Bar-Jona,
3297 1410 3414 1477 quia
3442 1426 3561 1464 curo

1972 1500 2019 1543 et
2045 1493 2250 1562 sanguis
2279 1509 2377 1545 non
2404 1493 2639 1546 reuelauit
2670 1494 2777 1556 tibi,
2805 1497 2894 1548 sed
2920 1493 3077 1549 Pater
3103 1513 3240 1550 meus
3264 1499 3349 1567 qui
3377 1499 3431 1552 in
3457 1515 3560 1554 cc-

1973 1584 2036 1636 lis
2065 1592 2133 1636 est
2161 1581 2372 1649 (Matth.
2400 1585 2486 1637 16.
2516 1585 2605 1653 17)
2640 1602 2653 1636 :
2687 1584 2773 1640 hic
2797 1586 2987 1642 Petrus
3008 1588 3245 1659 (Petrum
3271 1604 3391 1643 cum
3420 1590 3561 1653 dico.

1977 1684 2180 1741 petram
2213 1674 2432 1728 nomino
2462 1674 2789 1745 infragilem,
2825 1679 3152 1747 crepidinem
3200 1681 3524 1738 immobilem
3546 1724 3561 1747 ,

1972 1766 2269 1833 apostolum
2314 1779 2586 1834 maguum,
2623 1769 2851 1837 primum
2882 1770 3289 1839 discipulorum,
3335 1774 3562 1842 primum

1973 1864 2246 1921 vocatum,
2275 1867 2327 1912 et
2354 1862 2582 1929 primum
2623 1859 2983 1930 obedientem)
3019 1861 3149 1915 :ille
3188 1877 3295 1917 non
3342 1879 3562 1932 parvum

1974 1945 2180 2004 facinus
2201 1950 2435 2018 admisit,
2460 1952 2555 2007 sed
2576 1953 2887 2019 maximum,
2909 1954 2998 2022 qui
3019 1953 3295 2007 Dominum
3318 1956 3561 2024 negavit:

1974 2038 2079 2094 hoc
2119 2040 2239 2095 dico
2258 2083 2274 2107 ,
2315 2057 2420 2096 non
2457 2043 2659 2112 justum
2689 2057 2968 2105 accusans,
2997 2043 3090 2098 sed
3119 2044 3209 2099 tibi
3239 2045 3565 2113 ptenitentia:

1975 2131 2220 2202 pratbens
2247 2135 2584 2190 occasionem
2610 2153 2623 2189 :
2655 2136 2825 2204 ipsum
2852 2135 2999 2190 orbis
3022 2136 3298 2190 Dominum
3330 2137 3561 2207 negavit,

1975 2233 2398 2295 procuratorem,
2427 2227 2755 2283 Salvatorem
2780 2228 3040 2281 omnium.
3068 2227 3138 2283 Ut
3162 2242 3290 2283 vero
3310 2228 3465 2281 altius
3487 2244 3566 2284 re-

1976 2326 2238 2384 petamus,
2258 2317 2388 2371 vidit
2408 2317 2655 2372 Salvator
2670 2318 2924 2388 quosdam
2946 2318 3203 2373 abeuntes
3220 2327 3364 2373 retro
3383 2318 3565 2391 (Joau.

1976 2406 2029 2460 6.
2059 2407 2182 2477 67),
2212 2416 2268 2461 et
2293 2407 2427 2462 dixit
2454 2409 2612 2463 Petro
2644 2428 2658 2463 :
2692 2409 2957 2478 Numquid
2987 2420 3034 2463 et
3064 2421 3119 2463 tu
3141 2410 3280 2464 abire
3314 2411 3430 2464 vis?
3462 2409 3566 2464 Pe-

1975 2504 2081 2550 trus
2108 2506 2276 2550 autem
2305 2498 2432 2552 dixit
2460 2515 2479 2553 :
2510 2498 2723 2553 Etiamsi
2761 2501 3038 2569 aportuerit
3075 2516 3155 2553 me
3193 2500 3323 2554 mori
3369 2511 3566 2567 tecum,

1976 2604 2078 2641 non
2107 2598 2153 2642 te
2181 2589 2372 2660 negabo
2399 2590 2613 2661 (Matth.
2633 2590 2723 2645 ‘26.
2749 2592 2863 2661 35).
2888 2591 3023 2657 Quid
3042 2591 3194 2657 dicis,
3218 2591 3407 2646 Petra?
3429 2591 3570 2648 Deus

1976 2686 2059 2732 est
2084 2679 2172 2748 qui
2194 2680 2492 2747 denuntiat,
2518 2682 2641 2751 quid
2666 2682 2780 2750 ipse
2803 2681 3119 2736 reluctaris?
3140 2682 3243 2736 Sed
3274 2691 3447 2736 tamen
3480 2683 3564 2735 in—

1979 2771 2167 2837 tentio,
2197 2771 2336 2840 quod
2367 2786 2520 2826 suum
2551 2783 2665 2826 erat
2693 2771 2945 2837 ostendit,
2974 2781 3175 2826 natura:
3196 2787 3322 2825 vero
3352 2771 3573 2826 inﬁrmi-

1980 2870 2059 2915 tas
2084 2861 2437 2930 rrdargnitur.
2463 2861 2588 2915 ilrc
2615 2878 2743 2915 vero
2773 2863 3019 2931 quando?
3038 2862 3203 2916 Nocte
3224 2878 3327 2931 qua
3351 2863 3573 2919 traditus

1976 2963 2059 3007 est
2080 2952 2327 3006 Christus
2356 2971 2370 3006 :
2402 2961 2527 3007 tunc
2553 2953 2729 3022 igitur,
2781 2953 2984 3022 inquit,
3035 2954 3181 3008 stetit
3219 2954 3411 3009 Petrus
3447 2964 3574 3009 ante

1977 3058 2175 3111 prunas
2200 3043 2518 3097 ealefaciens
2541 3061 2618 3107 se,
2645 3045 2818 3113 puella
2842 3044 3084 3113 quasdam
3103 3045 3345 3107 accessit,
3366 3054 3421 3100 et
3441 3046 3574 3101 dixit

1976 3134 2024 3186 ei
2057 3152 2069 3186 :
2106 3132 2236 3187 Heri
2260 3144 2304 3188 et
2331 3145 2383 3188 tu
2416 3152 2528 3188 cum
2570 3136 2770 3189 homine
2796 3135 2893 3188 isto
2926 3151 3037 3188 eras
3068 3134 3291 3208 (Matth.
3324 3135 3414 3192 26.
3447 3135 3570 3207 69).

1979 3226 2078 3281 Ille
2106 3236 2275 3281 autem
2303 3244 2322 3281 :
2353 3226 2471 3281 Non
2503 3229 2618 3282 novi
2643 3228 2894 3280 hominem
2926 3227 3058 3280 hunc
3084 3227 3101 3295 (
3126 3225 3290 3280 Marc.
3326 3228 3411 3281 M.
3445 3228 3572 3299 68).

1982 3318 2181 3372 Deinde
2216 3319 2452 3373 secundo
2479 3329 2533 3374 et
2561 3319 2749 3381 tertio,
2784 3327 2839 3372 et
2866 3317 3079 3387 impleta
3111 3326 3193 3373 est
3219 3317 3569 3373 denuntiatio.

1980 3409 2115 3463 Ilinc
2132 3407 2377 3464 Christus
2400 3410 2690 3478 reSpieiens
2713 3409 2763 3462 itt
2788 3409 3023 3474 Petrum,
3049 3424 3232 3463 vocem
3255 3408 3455 3464 dimisit
3479 3426 3569 3480 per

1979 3502 2153 3570 ipsum
2186 3502 2429 3555 intuitum
2462 3499 2610 3571 (Luc.
2629 3498 2719 3552 22.
2752 3499 2845 3569 61)
2872 3516 2884 3552 :
2910 3515 3018 3554 non
3040 3501 3180 3554 enim
3204 3515 3297 3555 ore
3323 3500 3568 3570 loquutus

1981 3605 2082 3658 est,
2116 3608 2183 3646 ne
2209 3593 2377 3661 ipsutn
2407 3606 2587 3646 coram
2613 3590 2811 3646 Judtris
2835 3590 3197 3660 redargueret,
3224 3601 3277 3645 et
3301 3594 3570 3662 proprium

1982 3686 2330 3740 confunderet
2376 3685 2730 3754 discipulum,
2778 3685 2872 3740 sed
2914 3701 3010 3756 per
3054 3680 3264 3741 oettlum
3301 3687 3575 3742 dimittens

1981 3792 2200 3840 vocem,
2233 3776 2381 3845 quasi
2415 3775 2648 3840 diceret,
2682 3774 2839 3830 Petre
2860 3817 2874 3839 ,
2901 3776 3040 3845 quod
3070 3776 3212 3842 dixi,
3243 3778 3437 3831 factum
3468 3791 3571 3833 est.

1986 3866 2146 3935 Igitur
2176 3865 2363 3919 Petrus
2389 3876 2512 3919 tunc
2537 3865 2772 3919 sentiens
2809 3866 2969 3933 coepit
3006 3866 3134 3920 ﬁere
3160 3884 3173 3920 :
3199 3876 3254 3921 et
3295 3884 3397 3921 non
3431 3867 3574 3922 ﬁcvit

1984 3955 2143 4009 modo
2163 3996 2177 4017 ,
2210 3955 2303 4009 sed
2330 3970 2544 4021 amare,
2576 3955 2866 4009 secundum
2900 3956 3156 4023 baptisma
3186 3971 3281 4025 per
3311 3957 3573 4027 lacrymas

1984 4064 2046 4101 ex
2089 4048 2256 4102 oculis
2294 4047 2530 4103 efﬁciens
2556 4066 2568 4099 :
2594 4064 2819 4117 cumque
2849 4046 3082 4103 ﬂevisset
3124 4063 3333 4114 amare,
3378 4049 3573 4104 delevit

1985 4149 2260 4210 peccatum
2288 4158 2301 4193 :
2333 4149 2453 4209 post
2474 4140 2589 4193 haec
2608 4140 2749 4194 enim
2773 4139 2949 4194 claves
2972 4139 3048 4193 illi
3075 4141 3324 4193 czelornm
3346 4139 3573 4194 credun-

1988 4240 2090 4285 tur.
2114 4230 2265 4298 Quod
2302 4231 2346 4284 si
2386 4230 2529 4285 Petri
2574 4230 2729 4284 ﬂetus
2778 4238 2979 4283 tantum
3020 4229 3216 4284 delevit
3253 4241 3528 4299 peccatum
3554 4273 3570 4297 ,

1986 4323 2073 4391 qui
2098 4321 2211 4376 ﬁeri
2242 4321 2455 4391 poterit.
2489 4331 2544 4374 ut
2574 4321 2617 4373 si
2651 4320 2879 4382 ﬂeveris,
2914 4331 3186 4388 peccatum
3216 4338 3317 4374 non
3346 4321 3525 4377 deleas
3544 4323 3571 4379 Υ

1986 4413 2099 4467 Νοη
2126 4415 2269 4467 enim
2301 4427 2493 4481 parvus
2517 4411 2612 4465 fuit
2640 4419 2835 4471 reatus,
2862 4411 3133 4479 proprium
3163 4412 3440 4465 Dominum
3472 4430 3568 4467 ne-

1985 4519 2159 4573 gasse,
2184 4502 2277 4556 sed
2301 4518 2518 4571 magnus
2545 4510 2599 4556 et
2624 4504 2833 4571 gravis;
2858 4516 2978 4555 eum
3004 4510 3177 4556 tamen
3202 4501 3451 4575 lacrymze
3477 4504 3573 4557 de-

1988 4597 2187 4650 levere.
2235 4593 2381 4650 Deﬁe
2429 4594 2588 4663 igitur
2632 4602 2684 4646 et
2728 4593 2841 4663 ipse
2881 4607 3041 4662 super
3070 4604 3576 4665 peceattun,neque

1988 4702 2200 4756 quoquo
2226 4685 2383 4741 modo
2409 4685 2546 4741 delle
2572 4695 2664 4739 aut
2692 4686 2869 4753 Specie
2896 4694 3130 4754 tantum,
3155 4686 3248 4741 sed
3272 4685 3408 4741 delle
3428 4702 3576 4740 ama-

1989 4793 2068 4842 re,
2093 4777 2539 4849 quemadmodum
2561 4786 2613 4830 et
2637 4776 2825 4831 Petrus
2851 4794 2862 4830 :
2891 4793 2956 4831 ex
2981 4779 3094 4846 ipso
3124 4777 3381 4844 profundo
3402 4775 3574 4831 deduc

1990 4869 2165 4926 fontes
2191 4869 2564 4941 lacrymarum,
2588 4883 2693 4938 quo
2715 4867 2967 4922 Dominus
2991 4868 3349 4922 misericordia
3372 4877 3574 4938 motus,

1993 4962 2085 5017 tibi
2106 4970 2378 5031 peceatum
2400 4961 2629 5014 dimittat
2652 4977 2665 5011 :
2684 4960 2916 5013 clemens
2936 4958 3132 5012 etenim
3151 4967 3236 5012 est
3257 4976 3269 5011 :
3292 4957 3404 5027 ipse
3429 4961 3574 5015 enim

1992 5051 2125 5107 dixit
2148 5069 2161 5104 :
2188 5049 2326 5104 Nolo
2352 5061 2560 5104 mortem
2584 5048 2878 5118 peccatoris,
2903 5049 3033 5100 sicut
3062 5049 3279 5102 converti
3308 5049 3495 5118 ipsum,
3526 5062 3575 5105 et

1993 5143 2334 5215 penitentiam
2354 5158 2519 5212 agere,
2542 5151 2587 5194 et
2612 5141 2772 5194 vivere
2800 5137 3019 5209 (Ezech.
3048 5140 3135 5194 l8.
3161 5138 3284 5212 25).
3315 5140 3575 5212 Exiguum

1993 5234 2192 5304 expetit
2220 5249 2249 5287 a
2282 5241 2331 5288 te
2360 5232 2593 5287 laborem
2615 5270 2630 5293 ,
2688 5239 2741 5283 et
2768 5244 2954 5299 magna
2984 5231 3096 5299 ipse
3122 5230 3341 5301 largitur
3367 5249 3379 5285 :
3412 5247 3571 5286 occa-

1995 5326 2196 5379 sionem
2230 5338 2257 5375 a
2290 5332 2341 5377 te
2370 5321 2576 5391 qurerit,
2605 5328 2664 5374 ut
2691 5320 2781 5374 tibi
2811 5321 2996 5376 salutis
3028 5321 3331 5376 thesaurum
3355 5322 3572 5381 tribuat.

1995 5416 2178 5473 Profer
2222 5415 2516 5487 lacrymas,
2564 5423 2619 5467 et
2662 5412 2776 5481 ipse
2825 5412 3197 5485 indulgentiam
3235 5413 3572 5483 impertitur:

2059 5615 2070 5645 ι
2108 5620 2157 5662 tn
2178 5612 2349 5663 Savilio
2374 5627 2385 5660 :
2411 5618 2456 5661 et
2480 5611 2670 5671 iudicii,
2698 5628 2801 5674 pro.
2828 5626 2919 5663 non
2925 5613 3122 5672 judicii.

2054 5706 2070 5732 ²
2109 5714 2161 5758 In
2184 5707 2346 5779 savil.,
2374 5706 2504 5779 Delie
2526 5721 2682 5779 ξηραί
2708 5716 2962 5779 peccatum
2984 5714 3131 5759 tuum.
3174 5710 3415 5774 Deﬂemsti
3438 5722 3462 5775 9
3484 5726 3578 5779 ηιξ.

1993 5779 2216 5838 qtutatem
2239 5776 2368 5820 tuam
2392 5770 2606 5820 deletisti
2634 5770 2826 5830 :idque,
2845 5777 2940 5818 etc.
