2033 3213
234 187 286 213 29'.)

235 242 325 279 profer
337 240 530 276 paenitentiam,
546 243 572 265 et
587 239 644 273 ipse
659 239 842 265 remissionem
857 237 948 264 tribuit
963 244 1025 271 pec-

234 293 354 315 catorum
367 296 374 312 :
389 284 554 312 occasionem
576 289 604 310 tu
618 284 739 318 exiguam
758 283 860 315 confer,
873 287 903 309 ut
921 282 1024 316 specio-

235 341 292 361 sam
306 332 402 358 habeas
413 331 610 357 excusationem
622 338 628 356 :
640 329 761 363 quzedam
772 329 843 356 enim
854 328 942 354 abillo
953 332 1024 360 sunt,

234 377 354 413 qumdam
367 385 380 402 a
395 376 470 402 nobis
484 384 491 402 :
504 383 562 409 qua:
575 383 589 401 a
607 375 682 400 nobis
697 379 758 400 suttt
778 374 799 400 si
814 374 1005 401 contulerimus
1017 394 1024 404 ,

233 428 261 451 et
274 423 330 457 ipse
343 429 434 449 rursus
451 428 510 454 qua:
524 424 585 447 sunt.
596 420 629 446 ab
643 420 699 453 ipso
713 419 851 454 prmbebit.
869 419 927 446 Jam
948 419 1026 453 igitur

233 476 292 502 qua:
304 467 338 494 ab
353 467 396 493 illo
412 471 484 497 sunt,
502 466 558 500 ipse
576 465 686 498 przebuit
700 474 706 490 ε
722 465 805 491 solent
829 465 952 491 nimirum
963 485 970 496 ,
986 464 1026 490 lu-

234 521 305 540 nam.
320 512 421 538 varium
435 511 572 537 stellarum
586 509 696 536 chorum
711 509 837 540 fundavit,
850 513 937 536 aerem
949 509 1026 535 dilTu-

232 559 282 590 dit,
298 563 395 584 terram
410 556 545 590 expandit,
565 563 638 582 mare
652 555 804 587 obvallavit,
819 560 922 582 montes
937 555 1023 587 dedit,

232 604 327 634 saltus,
341 603 433 634 colles,
450 601 536 628 fontes
546 620 554 633 ,
567 601 639 627 lacus
649 620 656 631 ,
674 599 778 632 ﬂuvios,
796 601 932 627 innumera
948 600 1024 634 plalt-

233 655 318 676 tarum
332 656 438 683 genera,
457 647 590 679 viridaria,
603 652 699 673 cmtera
712 647 798 673 omnia
812 655 818 672 :
832 651 858 673 tu
871 653 963 673 rursus
977 646 1025 672 ali-

231 695 294 730 quid
309 695 432 729 exiguum
446 693 548 722 confer,
563 698 590 719 ut
602 693 637 718 ila
651 693 766 719 cmleslia
780 693 824 719 tibi
839 693 974 723 largiatur.
987 692 1025 720 Nc

231 742 312 776 igitur
334 748 383 767 nos
408 739 478 773 ipsos
501 739 662 773 negligamns
675 759 682 770 ,
699 746 784 772 neque
804 746 817 764 a
835 739 920 764 salute
935 743 1023 765 nostra

231 786 398 822 procuranda
419 785 576 811 desistamus
589 805 595 815 ,
618 792 677 810 cum
701 788 801 810 tantum
826 785 902 809 nobis
918 783 1025 817 pelagus

232 833 402 867 benignitatis
410 832 527 858 omnium
543 830 644 856 Domini
657 834 753 863 pateat,
765 830 808 864 qui
820 837 899 863 super
910 829 1026 863 peccatis

233 879 330 906 nostris
346 878 500 912 pmnilenlia
522 877 637 904 ducitur.
659 876 828 910 Propositum
853 882 894 902 cst
915 884 1024 910 regnum

233 924 358 952 ea-Iorum
374 928 400 949 et
414 922 550 957 paradisus
562 942 568 953 ,
590 929 674 956 eaquc
695 921 776 953 bona,
792 930 850 955 qum
868 929 918 948 nec
931 922 1024 948 oculus

231 971 305 1000 vidit,
321 977 372 996 nec
384 970 456 996 auris
471 968 582 999 audivit,
597 976 646 995 nec
662 968 687 994 in
700 975 747 994 eor
762 968 877 994 hominis
891 967 1022 995 ascende-

230 1021 301 1049 runt,
316 1023 374 1050 qua:
389 1015 549 1050 prtrparavit
563 1015 631 1042 Deus
646 1015 685 1047 iis,
702 1015 746 1050 qui
761 1015 846 1049 ipsum
860 1015 971 1049 diligunt
985 1015 1022 1048 (l.

230 1062 290 1089 Cor.
304 1062 331 1088 2.
346 1062 373 1096 9)
386 1070 392 1093 ;
406 1066 431 1088 et
444 1069 494 1088 non
506 1061 634 1088 debemus
644 1069 749 1088 omnetn
764 1069 872 1094 operam
884 1061 1020 1091 adbibere,

229 1113 258 1135 ut
272 1108 370 1142 aliquid
382 1107 560 1138 conferamus,
572 1115 605 1134 ne
618 1107 652 1133 ab
662 1107 702 1133 bis
713 1107 865 1133 excidamus
874 1107 885 1133 ‘3
895 1108 934 1133 An
947 1107 1023 1141 igno-

230 1162 274 1180 ras
286 1154 346 1187 quid
359 1153 430 1179 dicat
442 1153 560 1179 Paulus?
574 1153 618 1187 qui
636 1153 733 1179 multos
745 1153 849 1179 labores
859 1152 1004 1179 exantlavit
1013 1172 1021 1182 ,

229 1203 255 1226 et
270 1198 424 1225 innumeros
437 1198 471 1225 de
486 1198 592 1224 diabolo
608 1198 755 1232 triumphos
768 1199 922 1232 reportavit,
936 1198 980 1232 qui
993 1198 1018 1224 in

588 183 615 209 S.
635 182 772 209 JO.\.\'.\'IS
785 180 1019 209 CllllYSOSTOXII
1040 179 1196 208 ARCHIEP.
1213 179 1477 209 CONSTANTINOP.

1818 184 1871 213 δω

1079 244 1190 270 corpore
1216 237 1307 264 orbem
1335 242 1465 263 terrarum
1494 237 1661 272 peragravit,
1684 238 1729 274 qui
1750 243 1869 274 ternm,

1079 289 1162 313 mare,
1178 289 1318 315 aeremque
1333 282 1466 315 percurrit
1479 302 1487 315 ,
1501 282 1546 317 qui
1561 287 1694 317 tamquam
1711 283 1763 312 alio
1774 285 1873 314 subvo-

1078 332 1136 355 ctus
1152 328 1248 362 aliquis
1260 328 1352 355 orbem
1368 332 1497 356 terrarum
1510 329 1711 363 perambulavit,
1725 330 1870 367 lapidatus,

1078 381 1173 406 cmsus,
1188 374 1361 405 verberatus,
1380 374 1423 409 qui
1444 374 1532 400 omnia
1549 382 1596 408 pro
1609 374 1655 402 Dei
1667 376 1777 404 nomine
1790 376 1870 409 tulit.

1077 420 1120 454 qui
1135 420 1234 446 czelcsti
1249 427 1313 446 voce
1327 419 1441 454 desuper
1451 420 1641 454 compellatus,
1656 420 1699 448 hic
1712 421 1775 456 quid
1786 421 1870 456 dial.

1077 470 1103 491 et
1118 465 1222 499 qualem
1236 465 1355 492 emiserit
1373 472 1466 492 vocem
1486 465 1544 492 vide
1557 474 1564 492 :
1577 465 1750 500 Accepimus.
1766 466 1869 502 inquit,

1076 511 1187 543 gratiam
1202 518 1216 536 a
1232 510 1296 542 Deo,
1313 510 1359 536 sed
1373 515 1399 536 et
1413 517 1462 544 ego
1475 510 1611 542 laboravi,
1626 516 1653 538 et
1664 511 1742 538 simul
1753 512 1869 545 contuli.

1077 554 1112 581 Et
1123 555 1205 590 gratia
1216 556 1280 589 ejus,
1295 563 1351 589 qum
1367 555 1393 581 in
1407 563 1445 581 me
1460 560 1507 587 est,
1521 563 1600 582 vacua
1612 564 1662 583 non
1674 556 1740 589 fuit,
1753 557 1799 584 nd
1812 558 1873 592 plu

1077 610 1152 636 quant
1169 601 1219 635 ipsi
1237 609 1322 627 onmea
1336 601 1447 627 laboravi
1467 606 1489 628 et
1508 601 1584 628 simul
1595 602 1692 629 contuli
1704 602 1741 637 (1.
1752 603 1871 633 ($07.15.

1078 646 1134 680 10).
1149 646 1286 678 Novimus,
1302 646 1401 680 inquit,
1418 646 1541 673 novimus
1555 647 1646 680 gratiae
1660 648 1871 682 magnitudine.

1077 699 1155 726 quatit
1169 693 1334 726 accepimus,
1352 692 1398 719 sed
1414 700 1466 719 non
1481 692 1599 720 desidem
1614 701 1657 720 me
1672 693 1772 721 invenit
1786 702 1794 721 :
1810 702 1873 723 un-

1076 737 1172 764 uifesta
1187 742 1249 764 sunt
1263 745 1322 771 quae
1337 745 1352 764 a
1368 745 1410 764 me
1423 737 1529 764 fuerunt
1544 738 1626 766 illata.
1639 738 1684 766 Sic
1693 744 1721 766 et
1734 739 1802 774 ipsi,
1814 740 1870 768 fn-

1077 787 1146 815 tres,
1172 791 1266 809 manus
1287 783 1319 809 ad
1336 784 1532 818 eleemosynam
1548 783 1711 816 doceamus,
1725 789 1755 812 ut
1774 793 1869 820 parum

1076 829 1139 863 quid
1153 829 1296 855 inferamus
1311 837 1317 854 :
1334 829 1468 862 plorcmus
1482 836 1562 864 super
1584 834 1721 864 peccatum
1731 850 1739 863 ,
1755 831 1870 866 ingemi-

1076 883 1181 902 scamus
1196 883 1277 910 super
1291 875 1472 910 iniquitatem,
1494 883 1547 909 quo
1566 876 1703 903 videantur
1717 877 1760 904 vel
1775 885 1871 911 pum

1076 922 1138 957 quid
1153 922 1251 949 inferre
1268 931 1273 947 :
1290 922 1506 956 quandoquidem
1527 930 1622 957 magna
1645 923 1761 951 nobisin
1777 924 1869 953 ιυωω

1075 968 1190 1002 reposita
1211 971 1283 1000 sunt,
1297 975 1356 1002 qum
1377 972 1534 1001 polcslalem
1555 974 1673 995 nostram
1687 974 1869 1004 exsuperant:

1075 1013 1214 1048 paradisus
1227 1013 1297 1039 cuitu
1311 1016 1362 1045 est,
1376 1017 1403 1039 et
1413 1014 1539 1039 catlorum
1551 1021 1661 1048 regnum
1677 1023 1683 1040 :
1697 1014 1772 1048 cujus
1781 1019 1809 1042 ct
1820 1015 1870 1049 ipsi

1075 1067 1167 1086 omnes
1191 1059 1331 1093 participes
1353 1059 1435 1085 simus
1447 1079 1454 1089 ,
1471 1059 1554 1093 gratia
1573 1063 1600 1086 et
1613 1059 1750 1087 clementia
1765 1060 1869 1089 Domini

1075 1105 1157 1131 nostri
1171 1104 1233 1131 Jesu
1247 1104 1342 1131 Christi
1354 1123 1361 1135 ,
1376 1104 1417 1130 cui
1432 1111 1492 1130 cum
1507 1104 1584 1131 Patre
1596 1109 1623 1131 et
1637 1104 1714 1132 simul
1728 1112 1789 1132 cum
1804 1105 1869 1140 Spi-

1074 1151 1125 1178 ritu
1138 1155 1230 1177 sancto
1241 1150 1335 1184 gloria,
1351 1150 1490 1182 imperium
1497 1154 1524 1176 ct
1536 1149 1631 1182 honor,
1643 1154 1669 1176 et
1682 1158 1753 1177 nunc
1761 1154 1788 1178 et
1798 1157 1870 1178 settl-

1075 1204 1132 1230 per,
1147 1200 1174 1222 et
1188 1195 1213 1222 in
1227 1195 1324 1222 sarcula
1336 1191 1506 1222 smculorum.
1520 1195 1615 1222 Amen.

624 1331 695 1366 DE
722 1331 1059 1367 P(ENITENTIA
1085 1332 1155 1367 ET
1181 1330 1472 1366 ΟΒΑΤΙΟΝΕ.

543 1486 648 1506 liftlllLlA
669 1487 704 1506 ιν.

266 1548 291 1574 l.
313 1547 435 1573 Ρῐιδιιιι-ιιδ
451 1547 496 1572 illo
511 1545 675 1580 frequentius
690 1545 790 1572 dttcunt
805 1553 878 1577 oves,
892 1545 935 1571 ubi
950 1545 1018 1571 den-

227 1592 323 1620 siorent
339 1591 446 1618 lterbam
458 1599 517 1618 esse
530 1591 630 1625 vident,
645 1599 730 1625 neque
741 1591 814 1625 prius
828 1591 889 1617 inde
899 1591 1017 1625 abigunt,

227 1646 305 1672 quam
329 1642 410 1664 totatn
435 1644 498 1671 grex
525 1637 679 1663 totonderit.
699 1636 754 1663 llos
773 1644 836 1663 vero
851 1643 899 1663 nos
913 1643 1020 1671 quoque

227 1683 335 1714 imitati,
352 1683 401 1709 bac
413 1687 505 1717 quarta
516 1682 570 1716 jam
587 1682 631 1709 die
642 1682 679 1717 (a)
690 1682 722 1708 ad
736 1683 897 1717 poenitentize
910 1682 1017 1709 modum

229 1729 297 1757 hunc
310 1728 444 1764 pascimus
455 1734 574 1762 gregem,
591 1734 676 1760 neque
689 1727 731 1753 vel
747 1726 835 1758 hodie,
851 1727 954 1761 digredi
968 1734 1017 1761 pa-

228 1782 316 1802 ramus
329 1782 336 1800 :
350 1773 460 1800 multum
476 1780 591 1806 namque
604 1772 690 1799 adhuc
704 1772 791 1806 pabuli
806 1779 866 1799 esse
884 1772 1017 1805 videmus,

226 1819 337 1846 ntultum
354 1818 452 1845 lzetilia:
465 1822 491 1843 ct
506 1817 635 1845 utilitatis.

260 1863 412 1890 Ptznilentia
426 1862 595 1888 omnimodant
611 1863 806 1889 consolationem
820 1862 904 1896 affert.
916 1878 952 1882 —
967 1862 1019 1890 Nc-

225 1917 277 1944 que
291 1910 362 1935 enim
381 1908 505 1934 arborum
521 1915 621 1939 comm,
641 1916 699 1942 qua:
714 1908 746 1934 ad
762 1908 921 1934 meridianas
938 1908 1019 1937 horas

225 1955 285 1982 tecti
300 1955 358 1981 vice
370 1959 431 1981 sunt
442 1954 535 1981 ovibus
545 1974 552 1985 .
567 1954 603 1981 ita
619 1961 665 1981 eas
678 1958 818 1988 recreant,
833 1954 866 1983 ita
879 1954 1019 1983 desidera-

225 2000 304 2030 bilem
324 2000 469 2036 ulilemque
491 1999 612 2028 umbram
631 2001 768 2036 prmbent,
786 2002 819 2029 ad
844 2009 1019 2037 somnumque

224 2055 318 2081 magna
332 2055 392 2074 cum
408 2048 541 2082 voluptate
556 2048 721 2082 pertrahunt,
738 2053 766 2075 ut
779 2048 927 2076 divinarum
943 2049 1017 2076 Scri-

224 2098 360 2128 pturarum
376 2093 455 2120 lectio
471 2099 615 2121 mterenles
637 2098 664 2120 et
681 2102 780 2128 angore
794 2094 874 2121 animi
896 2094 1018 2122 detentas

223 2139 326 2166 animas
340 2144 443 2166 recreat
463 2148 495 2167 ac
516 2139 672 2175 refrigerat,
691 2140 753 2167 dum
768 2141 960 2168 vehementiam
975 2149 1018 2167 ar-

223 2183 370 2218 doremque
384 2184 485 2211 doloris
506 2184 588 2216 lenit,
604 2185 781 2220 solatiumque
794 2186 911 2220 qualibet
922 2186 1016 2213 umbra

223 2229 329 2255 suavius
340 2229 525 2263 amoeniusque
545 2230 672 2264 impertit.
688 2230 779 2264 Neque
800 2230 870 2257 enim
884 2231 969 2258 solum
989 2231 1015 2258 in

224 2274 394 2308 pecuniarum
405 2274 508 2307 jactura
519 2296 525 2306 ,
541 2281 585 2303 aut
599 2276 623 2303 in
639 2277 781 2304 liberorum
797 2278 940 2305 amissione
950 2299 957 2311 ,
971 2283 1016 2306 aut

223 2321 248 2346 in
263 2320 322 2346 aliis
335 2320 483 2353 similibus,
497 2321 544 2348 sed
558 2322 637 2348 etiam
653 2323 678 2349 in
692 2328 864 2357 peccatorum
877 2324 1014 2351 calamita—

222 2366 291 2392 tibus
307 2373 430 2400 magnam
455 2367 498 2393 illa
522 2367 600 2394 nobis
617 2367 693 2395 affert
713 2370 933 2397 consolationem.
947 2370 1013 2398 Cum

219 2411 290 2438 enim
305 2412 384 2438 homo
395 2416 504 2446 peccato
519 2413 680 2448 interceptus
696 2419 723 2441 et
735 2415 932 2442 circum-lentus
943 2416 1015 2443 ceci-

223 2456 274 2490 dit,
295 2461 440 2491 posteaque
462 2458 599 2486 mordetur
617 2467 632 2486 a
651 2459 812 2487 conscientia
828 2481 836 2493 ,
858 2460 1014 2495 peccatique

218 2503 325 2530 assidue
345 2511 459 2537 memor,
483 2512 543 2532 sese
565 2506 689 2534 mceroris
709 2507 892 2541 magnitudine
914 2507 1012 2540 obruit,

219 2555 319 2582 perque
330 2549 449 2583 singulos
459 2550 516 2577 dies
527 2550 680 2579 incenditur
693 2561 700 2579 :
715 2552 915 2588 innumerisque
926 2553 1012 2588 ipsum

216 2593 434 2627 consolantibus,
450 2595 472 2621 si
486 2596 699 2624 consolationem
721 2605 772 2624 non
793 2597 952 2631 admiserit,
968 2598 1011 2626 in-

215 2647 324 2675 greSsus
347 2641 373 2667 in
399 2641 555 2675 ccelesiam,
577 2648 717 2679 postquam
740 2644 842 2672 audivit
859 2651 1012 2672 sanctorum

218 2685 345 2719 plurimos
352 2686 447 2722 .lapsos
460 2688 620 2721 surrexisse,
633 2693 713 2723 atque
723 2689 755 2716 ad
772 2690 888 2724 priorem
900 2690 1013 2718 rediisse

215 2730 385 2765 dignitatem,
399 2731 468 2758 clam
491 2733 576 2759 multo
596 2733 692 2760 solatio
705 2734 799 2768 plenus
819 2735 964 2770 egreditur.
980 2735 1013 2761 Et

215 2772 260 2808 πῦί
283 2776 310 2802 in
332 2776 456 2804 homines
478 2777 635 2813 plerumque
658 2786 814 2813 peccamus,
835 2787 869 2808 ne
892 2780 1011 2807 revelare

215 2820 322 2854 quidem
336 2826 472 2856 peccatum
481 2822 610 2851 audemus
621 2824 721 2858 pudore
731 2825 880 2861 ruboreque
892 2826 990 2854 detenti
1001 2834 1009 2859 ;

246 2895 282 2927 (a)
295 2896 353 2921 Hdt:
364 2898 390 2922 in
398 2901 484 2926 alonim
495 2900 654 2931 prandenti.

1015 1422 1062 1443 GC

1064 1429 1187 1438 ——.——

1072 1480 1142 1513 quod
1155 1480 1177 1506 si
1191 1481 1360 1514 revolemus,
1380 1481 1445 1508 nihil
1459 1485 1560 1509 tantum
1583 1483 1867 1518 consequimurzcum

1072 1530 1159 1552 autem
1173 1526 1242 1553 Deus
1255 1526 1420 1558 exhortatur,
1436 1534 1537 1562 corque
1549 1531 1669 1555 nostrum
1682 1528 1776 1564 tangit,
1788 1535 1863 1557 sata-

1072 1572 1129 1597 nica
1142 1572 1230 1598 omnis
1245 1572 1351 1599 tristitia
1363 1573 1454 1599 statim
1474 1572 1588 1608 fugatur.
1602 1573 1665 1601 Ideo
1676 1573 1811 1609 iustorum
1826 1575 1867 1602 la-

1073 1623 1136 1651 psus
1150 1617 1226 1644 nobis
1242 1618 1387 1653 conscripti
1402 1622 1466 1645 sunt
1481 1627 1488 1645 :
1501 1626 1555 1654 quo
1575 1623 1603 1646 et
1621 1619 1667 1654 qui
1691 1625 1765 1648 recte
1782 1624 1810 1648 et
1821 1620 1868 1655 qui

1073 1661 1195 1695 improbe
1207 1662 1301 1689 vivunt
1316 1663 1378 1691 hinc
1397 1664 1511 1691 maxime
1529 1664 1706 1692 lucrifaciant.
1721 1664 1787 1693 Nam
1801 1672 1868 1701 peo-

1071 1711 1145 1733 cator
1161 1708 1186 1733 in
1201 1707 1414 1742 desperationem
1442 1717 1494 1736 non
1510 1709 1575 1742 abit,
1600 1704 1661 1737 cum
1690 1710 1762 1738 videt
1783 1711 1867 1739 alium

1071 1753 1185 1787 lapsum,
1198 1754 1242 1788 qui
1259 1762 1399 1789 resurgere
1413 1755 1517 1789 potuit;
1533 1755 1577 1790 qui
1597 1763 1662 1783 vero
1673 1755 1804 1790 justitiam
1818 1759 1868 1786 eo»

1071 1799 1118 1831 lit,
1133 1799 1284 1835 diligentior
1298 1801 1350 1828 erit
1364 1805 1391 1827 ct
1412 1801 1523 1831 ﬁrmior.
1548 1801 1616 1831 Cum
1636 1801 1706 1831 enim
1727 1804 1868 1833 multossc

1072 1844 1196 1871 meliures
1219 1846 1309 1881 lapsos
1328 1846 1426 1876 Viderit
1436 1868 1444 1882 ,
1459 1849 1564 1876 illorum
1579 1856 1642 1876 casu
1655 1849 1740 1877 factus
1752 1850 1865 1884 cautior,

1069 1898 1177 1928 semper
1187 1892 1317 1921 sollicitus
1330 1896 1393 1928 erit,
1413 1895 1551 1930 multaque
1565 1903 1595 1923 se
1609 1897 1733 1924 cautione
1751 1896 1865 1926 muniet.

1071 1937 1115 1965 Sic
1128 1939 1216 1973 itaque
1230 1940 1270 1972 is.
1285 1940 1329 1975 qui
1345 1941 1470 1968 virtutem
1487 1941 1569 1975 colit,
1586 1942 1727 1977 persistet;
1741 1946 1868 1978 peccator

1071 1991 1135 2010 vero
1150 1991 1164 2010 a
1180 1984 1368 2019 desperatione
1383 1985 1538 2013 liberabitur
1553 1995 1559 2014 :
1575 1987 1620 2014 ille
1639 1987 1752 2015 ﬁrmiter
1765 1987 1864 2022 stabit,

1072 2029 1114 2056 hic
1129 2030 1154 2056 in
1171 2031 1297 2064 priorem,
1312 2039 1326 2057 a
1342 2040 1395 2066 quo
1409 2032 1521 2066 excidit,
1545 2038 1644 2060 statum
1659 2033 1801 2061 confestim
1819 2040 1867 2062 re-

1069 2079 1198 2103 vertetur.
1212 2076 1278 2103 Nam
1294 2085 1354 2104 cum
1370 2077 1452 2105 homo
1466 2079 1597 2113 quispiam
1614 2086 1663 2107 nos
1674 2084 1784 2107 mmstos
1796 2085 1863 2108 con-

1069 2121 1179 2153 solatur,
1195 2122 1300 2149 etiamsi
1314 2122 1347 2149 ad
1362 2121 1495 2150 modicum
1512 2127 1618 2159 tempus
1631 2124 1693 2159 quid
1713 2124 1800 2152 solatii
1815 2124 1866 2153 Ιιι-
1883 2142 1886 2144 ~

1069 2165 1133 2192 bere
1148 2166 1294 2199 videamur,
1311 2167 1336 2194 in
1352 2168 1474 2195 eamdem
1500 2174 1588 2196 tamen
1611 2176 1705 2196 rursus
1729 2169 1867 2198 tristitiam

1069 2209 1233 2243 delabimur;
1249 2219 1310 2239 cum
1325 2220 1390 2240 vero
1411 2213 1482 2240 Deus
1505 2221 1554 2249 per
1576 2215 1643 2242 alios
1664 2214 1798 2248 hortatur,
1817 2216 1872 2252 qui

1068 2261 1129 2291 post
1143 2262 1281 2292 peccatum
1297 2260 1490 2294 resipiscentes
1508 2261 1622 2288 salutem
1648 2266 1866 2297 consequuntur,

1068 2310 1142 2330 suam
1159 2304 1237 2331 nobis
1252 2304 1397 2332 bonitatem
1419 2305 1588 2334 manifestam
1612 2306 1692 2340 facit,
1708 2312 1743 2334 ne
1755 2308 1865 2342 propria

1068 2350 1101 2376 de
1114 2350 1200 2377 salute
1214 2350 1376 2384 dubitemus,
1394 2351 1498 2378 firmam
1511 2357 1665 2388 certamque
1684 2353 1754 2381 nacti
1766 2359 1867 2382 colloco

1067 2395 1202 2423 lationem.
1217 2396 1449 2429 Quemadmodum
1463 2398 1542 2434 igitur
1555 2398 1590 2425 in‘
1601 2403 1775 2434 peccatorum
1793 2398 1867 2428 casia

1065 2441 1127 2475 bus,
1143 2442 1182 2469 sic
1197 2442 1277 2469 etiam
1293 2443 1318 2470 in
1334 2443 1460 2478 periculis
1473 2444 1700 2480 contingentibus,
1715 2450 1868 2482 (3th—

1066 2492 1119 2514 tem
1152 2488 1326 2515 maerentibus
1362 2488 1494 2516 medelam
1529 2494 1634 2518 veteres
1663 2488 1864 2526 Scripturai'um

1066 2532 1185 2560 historiae
1200 2534 1317 2560 animum
1331 2534 1457 2562 adhibere
1477 2535 1626 2563 volentibus
1638 2536 1864 2567 subministrant:

1064 2586 1096 2605 ac
1108 2579 1164 2606 sive
1186 2578 1338 2607 facultatum
1362 2580 1526 2615 publicatio,
1553 2582 1610 2610 sive
1636 2582 1862 2622 sycophantarum

1065 2626 1199 2656 molestia,
1217 2626 1273 2654 sive
1287 2634 1420 2661 carceres,
1436 2628 1492 2654 sive
1507 2628 1619 2663 ﬂagella,
1634 2628 1691 2657 sive
1702 2623 1862 2669 aliud

1020 2666 1052 2697 θ
1066 2671 1135 2705 piam
1147 2671 1210 2698 mali
1225 2680 1273 2699 nos
1288 2672 1439 2706 intercipiat
1454 2681 1460 2700 :
1476 2673 1509 2700 ad
1519 2673 1607 2707 justus
1620 2666 1863 2710 respicientedqui

1063 2717 1155 2744 eadem
1170 2718 1228 2751 ipsa
1242 2718 1312 2752 passi
1328 2723 1389 2745 Slllll
1401 2725 1432 2745 ac
1446 2718 1605 2751 toleravere,
1623 2718 1656 2746 ad
1681 2714 1859 2756 nosmetipsos

1063 2762 1152 2789 statim
1163 2762 1251 2789 redire
1265 2764 1421 2797 poterimus.
1432 2763 1459 2790 ln
1475 2764 1733 2800 corporeisnamque
1747 2764 1858 2797 morbis.

1063 2809 1085 2835 si
1102 2816 1172 2843 a-ger
1185 2809 1252 2835 alios
1268 2813 1381 2844 :egrotos
1392 2809 1527 2845 respiciat,
1544 2817 1621 2838 suum
1633 2814 1714 2846 auget
1725 2810 1857 2844 morbum,

1063 2854 1224 2889 quandoque
1247 2854 1328 2882 etiam
1356 2862 1436 2889 quam
1459 2863 1512 2882 non
1539 2855 1652 2883 habebat
1678 2856 1861 2884 infirmium

1062 2899 1199 2927 contrahit
1214 2908 1219 2926 :
1234 2899 1349 2935 exempli
1360 2907 1440 2927 causa
1455 2920 1464 2934 ,
1475 2908 1535 2928 cum
1558 2901 1679 2930 nonnulli
1693 2902 1760 2930 alios
1771 2900 1856 2929 oculis
