4066 6450
246 473 333 528 καὶ
365 468 519 532 αὐτός
552 484 635 521 σοι
672 467 901 539 παρέχει
928 469 1121 537 ἄφεσιν
1152 469 1433 540 ἀμαρτῑῶν
1454 487 1466 501 ·
1503 471 1777 541 πρόφασιν
1812 490 1900 541 μι-

248 559 375 631 κράν
397 558 459 612 σύ
482 556 785 625 εἰσένεγκε,
807 557 895 610 ἵνα
912 557 1272 626 εὐπρόσωπον
1298 556 1426 628 ἔχῃς
1447 556 1544 628 τὴν
1567 558 1863 626 ἀπολογίαν
1881 575 1895 588 ο

245 649 307 701 τά
340 647 434 717 μὲν
463 645 570 716 γὰρ
601 645 729 715 παρ’
764 643 931 697 αὐτοῦ
969 646 1110 707 ἐστι,
1139 644 1206 697 τά
1227 644 1282 697 δὲ
1302 647 1432 716 παρ’
1462 645 1646 716 ἡμῶν·
1671 645 1740 699 τὰ
1770 646 1902 716 παρ’

246 732 391 805 ἡμῶν
434 731 528 783 ἐάν
576 731 1002 801 είσενέγκωμεν,
1053 731 1217 785 πάλιν
1249 733 1343 784 καὶ
1386 731 1547 795 αὐτὸς
1576 733 1805 803 παρέχει
1836 733 1905 787 τὰ

250 822 368 890 παρ’
393 819 606 874 ἐαυτοῦ.
646 819 784 888 Ἤδη
821 820 919 889 μὲν
962 816 1055 872 οὖν
1084 819 1153 871 τά
1196 820 1327 890 παρ’
1355 817 1546 872 ἐαυτοῦ
1584 819 1746 883 αὐτὸς
1772 835 1914 887 παρ-

251 909 416 980 έσχεν,
448 908 620 978 ἣλιον,
656 907 910 977 σελήνην,
950 906 1195 959 ποικίλον
1224 905 1386 977 χορὸν
1430 906 1673 977 ἀστέρων
1713 907 1906 976 ἐθεμε-

245 998 444 1060 λίωσεν,
473 996 608 1066 ἀέρα
633 994 838 1064 ἐξέχεε,
873 995 977 1066 γῆν
1009 993 1252 1065 ἥπλωσε,
1295 994 1570 1047 Θάλασσαν
1604 994 1902 1064 ἐτείχισεν,

245 1084 429 1136 ἔδωκεν
454 1083 575 1153 ὅρη,
606 1085 802 1145 νάπας,
836 1081 1082 1152 βουνοὺς,
1115 1080 1318 1151 πηγὰς,
1348 1082 1568 1152 λίμνας,
1602 1082 1901 1151 ποταμοὺς,

242 1169 304 1223 τὰ
332 1169 494 1240 μυρία
514 1169 644 1239 γένη
671 1169 782 1222 τῶν
809 1168 1014 1237 φυτῶν,
1039 1168 1424 1240 παραδείσους,
1441 1168 1509 1221 τὰ
1536 1168 1669 1220 ἄλλα
1693 1169 1899 1222 πάντα·

245 1257 393 1309 πάλιν
425 1257 488 1308 σὺ
545 1255 926 1323 συνεισένεγκε
973 1255 1189 1326 μικρὸν,
1225 1256 1312 1308 ἵνα
1354 1255 1498 1308 οὕτω
1537 1256 1634 1308 καὶ
1679 1254 1749 1308 τά
1788 1255 1904 1310 ἄνω

246 1360 319 1395 σοι
346 1342 655 1412 χαρίσηται.
693 1343 786 1412 Μὴ
810 1339 905 1396 οὖν
938 1341 1307 1413 ἀμελήσωμεν
1337 1340 1569 1405 ἑαυτῶν,
1604 1341 1737 1411 μηδέ
1771 1342 1907 1393 ἀπο-

246 1430 447 1500 στῶμεν
490 1431 593 1499 τῆς
656 1431 933 1502 ἡμετέρας
984 1433 1294 1503 σωτηρίας,
1354 1430 1609 1485 τοσοῦτον
1670 1433 1906 1503 πέλαγος

246 1518 649 1588 φιλανθρωπίας
674 1518 890 1589 ἔχοντες
917 1519 1012 1572 τοῦ
1041 1520 1260 1573 πάντων
1288 1521 1581 1584 Δεσπότου,
1612 1522 1705 1574 καὶ
1739 1538 1906 1591 μετα-

245 1603 477 1668 νοοῦντος
508 1606 605 1657 ἐπὶ
655 1608 778 1668 ταῖς
812 1606 1115 1678 ἡμετέραις
1163 1608 1483 1679 ἁμαρτίαις.
1524 1607 1781 1661 Βασιλεία
1810 1609 1905 1660 οὐ·

247 1691 410 1759 ρανῶν
455 1691 745 1761 πρόκειται
794 1692 890 1745 καὶ
953 1694 1305 1764 παράδεισος,
1357 1695 1454 1747 καὶ
1514 1695 1582 1747 τὰ
1633 1693 1815 1762 ἀγαθά
1868 1694 1909 1749 ἂ

240 1778 536 1845 ὀφθαλμὸς
567 1778 679 1830 οὐκ
713 1773 859 1841 εἶδε,
894 1779 993 1832 καὶ
1041 1774 1151 1845 οὖς
1201 1782 1315 1833 οὐκ
1360 1780 1612 1849 ἢκουσε,
1660 1779 1760 1833 καὶ
1805 1779 1907 1833 ἐπὶ

242 1862 480 1931 καρδίαν
514 1862 835 1933 ἀνθρώπου
861 1867 973 1920 οὐκ
1007 1867 1212 1936 ἀνέϐη,
1252 1867 1293 1921 ἃ
1322 1868 1655 1937 ἡτοίμασεν
1681 1871 1714 1921 ό
1760 1867 1905 1931 Θεὸς

241 1950 354 2016 τοῖς
406 1950 728 2021 ἀγαπῶσιν
777 1954 995 2007 αὐτόν·
1048 1955 1144 2008 καὶ
1188 1956 1289 2009 οὐκ
1338 1956 1629 2026 ὀφείλομεν
1688 1955 1908 2009 ἅπαντα

244 2038 470 2108 ποιῆσαι,
495 2038 586 2092 ἵνα
614 2057 667 2092 τι
689 2042 1212 2113 συνεισενέγκωμεν,
1232 2043 1374 2097 ὥστε
1396 2042 1604 2096 τούτων
1638 2041 1713 2114 μὴ
1743 2044 1907 2095 ἐκπε-

246 2131 379 2192 σείν;
412 2128 480 2180 Ἢ
517 2127 623 2181 οὐκ
650 2123 798 2192 οἶδας
828 2128 1041 2193 Παῦλος
1075 2131 1128 2183 τί
1155 2130 1325 2200 λέγει,
1360 2134 1389 2184 6
1421 2130 1590 2184 πολλὰ
1608 2129 1899 2192 κοπιάσας,

240 2217 326 2269 καὶ
355 2215 522 2287 μυρία
546 2216 785 2287 τρόπαια
820 2217 962 2271 κατά
995 2218 1090 2271 τοῦ
1115 2218 1365 2272 διαϐόλου
1396 2220 1619 2290 στήσας,
1646 2219 1674 2270 6
1699 2217 1757 2271 ἐν
1786 2213 1899 2268 σώ-

245 2320 360 2373 ματι
402 2304 498 2373 τὴν
521 2303 854 2375 οἰκουμένην
884 2306 1178 2370 πεζεύσας,
1211 2308 1239 2357 6
1268 2307 1371 2376 γῆν
1395 2307 1489 2360 καὶ
1514 2305 1784 2359 θάλατταν
1807 2302 1900 2357 καὶ

239 2391 367 2462 ἀέρα
402 2389 781 2461 περιδραμὼν,
806 2394 834 2444 6
869 2392 1120 2465 καθάπερ
1148 2393 1455 2465 ὐπόπτερός
1482 2411 1563 2457 τις
1595 2393 1694 2464 τὴν
1723 2394 1901 2444 οίκου-

1412 354 1501 410 DE
1544 353 2015 413 POENITENTIA.
2058 358 2289 414 IIOMII..
2333 360 2421 416 IV.

3572 370 3675 428 500

2010 475 2176 544 μένην
2206 475 2526 547 περιελθὼν,
2558 478 2586 529 ό
2608 476 2905 541 λιθασθεὶς,
2929 481 2958 533 6
2978 480 3280 548 φονευθεὶς,
3312 482 3339 535 6
3362 483 3673 555 τυπτηθεὶς,

2004 565 2032 616 6
2067 563 2243 617 πάντα
2264 564 2352 617 διὰ
2376 564 2436 616 16
2464 565 2634 635 ὄνομα
2661 566 2758 620 τοῦ
2790 566 2926 620 Θεοῦ
2952 566 3160 634 παθὼν,
3193 568 3222 621 ό
3255 570 3487 641 οὐρανίᾳ
3517 573 3671 643 φωνῇ

2005 651 2228 721 κληθεὶς
2273 651 2509 707 ἀνωθεν·
2561 655 2696 724 ὅρα,
2746 651 2899 718 οὗτος
2947 656 3000 707 τί
3049 653 3228 723 λέγει,
3280 657 3443 711 ποίαν
3494 660 3680 732 φωνὴν

2003 738 2266 811 ἔρρηξενο
2307 740 2607 811 Ἐλὰϐομεν
2635 754 2659 781 ιι
2680 743 2860 812 χάριν,
2896 743 3083 812 φησὶν,
3112 743 3220 797 ἀπὸ
3245 744 3340 797 τοῦ
3367 745 3525 809 Θεοῦ,
3544 746 3680 801 ἀλλά

2003 828 2158 895 κάγὼ
2183 827 2472 893 ἐκοπίασα,
2500 829 2593 881 καὶ
2628 831 3029 900 συνεισήνεγκα
3049 847 3062 861 ·
3090 830 3205 884 Καὶ
3229 833 3266 899 ἡ
3287 831 3457 901 χάρις
3492 834 3680 888 αὑτοῦ

2001 916 2039 983 ἡ
2061 918 2146 982 εὶς
2170 916 2276 985 ἐμὲ
2297 916 2444 984 κενὴ
2472 920 2581 971 οὐκ
2607 916 2859 985 ἐγενήθη
2881 935 2893 947 °
2932 919 3093 973 ἀλλὰ
3121 919 3218 972 καὶ
3251 922 3682 991 περισσότερον

1997 1002 2203 1058 αὐτῶν
2223 1003 2467 1056 πάντων
2487 1004 2789 1056 ἐκοπίασα
2812 1006 2907 1057 καὶ
2932 1007 3399 1076 συνεισήνεγκα.
3424 1008 3678 1078 Οίδαμεν,

2006 1093 2194 1161 φησὶν,
2230 1092 2451 1162 οἴδαμεν
2489 1093 2588 1163 τῆς
2617 1093 2841 1163 χάριτος
2876 1093 2937 1146 τὸ
2961 1091 3110 1167 [50⁸2]
3159 1094 3409 1165 μέγεθος,
3443 1095 3471 1147 δ
3499 1096 3684 1149 ἐλάϐο-

2008 1197 2127 1249 μεν,
2168 1179 2282 1232 ἀλλ’
2320 1180 2421 1232 οὐκ
2469 1179 2639 1249 ἀργόν
2676 1195 2742 1250 με
2785 1171 2949 1251 εὗρε’
3001 1182 3212 1253 φανερὰ
3258 1183 3327 1235 τά
3360 1182 3490 1254 παρ’
3543 1183 3680 1254 ἐμοῦ

2006 1268 2402 1339 εἰσενεχθέντα.
2451 1267 2637 1332 Οὕτως
2683 1265 2776 1321 οὖν
2826 1270 2917 1322 καὶ
2960 1270 3120 1339 ἡμεῖς
3170 1270 3268 1333 τὰς
3306 1273 3492 1341 χεῖρας
3546 1271 3683 1343 πρὸς

2006 1356 2376 1430 ἐλεημοσύνην
2424 1357 2750 1427 διδάξωμεν,
2795 1357 2884 1410 ἴνα
2934 1358 3437 1429 συνεισενέγκωμεν
3485 1359 3683 1429 μικρόν

2008 1466 2095 1502 τι⁸
2147 1449 2475 1518 κλαύσωμεν
2516 1450 2611 1501 ἐπὶ
2657 1452 2723 1518 τῇ
2760 1446 3029 1521 ἁμαρτία,
3081 1449 3440 1521 θρηνήσωμεν
3471 1451 3564 1503 ἐπὶ
3614 1453 3679 1523 τῇ

2008 1536 2234 1608 ἀνομίᾳ,
2267 1536 2354 1589 ἵνα
2380 1536 2622 1607 δόξωμεν
2645 1537 2840 1607 μικρόν
2866 1554 2919 1589 τι
2948 1535 3347 1606 συνεισφέρειν,
3374 1537 3561 1609 ἐπειδὴ
3588 1539 3685 1593 καὶ

2012 1624 2224 1696 μεγάλα
2248 1623 2315 1677 τὰ
2353 1623 2618 1694 μέλλοντα
2649 1623 2889 1679 δίδοσθαι
2921 1625 3075 1695 ἡμῖν,
3110 1623 3206 1677 καὶ
3242 1624 3559 1696 ὑπερϐαίνει
3584 1626 3685 1696 τὴν

2008 1711 2283 1783 ἡμετέραν
2317 1710 2578 1781 δύναμιν·
2612 1710 2939 1782 παράδεισος
2973 1710 3083 1782 γάρ
3126 1713 3265 1775 ἐστι,
3304 1711 3399 1765 καὶ
3439 1711 3687 1781 βασιλεία

2007 1800 2283 1872 οὐρανῶν·
2316 1796 2383 1871 ἦς
2407 1800 2618 1867 γένοιτο
2646 1800 2855 1861 πάντας
2883 1800 2915 1868 ἡ
2925 1799 3030 1868 μᾶς
3053 1800 3351 1869 ἐπιτυχεῖν,
3376 1799 3564 1871 χάριτι
3594 1801 3688 1853 καὶ

2009 1888 2394 1960 φιλανθρωπίᾳ
2441 1888 2535 1942 τοῦ
2590 1888 2798 1958 Κυρίου
2842 1886 3001 1956 ἡμῶν
3045 1886 3219 1957 Ἰησοῦ
3253 1887 3514 1957 Χριστοῦ,
3566 1888 3685 1957 μεθ’

2007 1970 2069 2030 οὐ
2102 1977 2180 2048 τῷ
2219 1978 2396 2047 Πατρὶ
2429 1975 2545 2048 ἁμα
2579 1975 2657 2047 τῷ
2718 1975 2859 2045 ἁγίῳ
2911 1974 3211 2044 Πνεύματι,
3248 1973 3398 2038 δόξα,
3462 1974 3686 2045 κράτος,

2007 2065 2162 2137 τιμὴ,
2199 2064 2295 2117 νῦν
2334 2066 2429 2118 καὶ
2482 2065 2590 2126 ἀεὶ,
2629 2064 2724 2117 καὶ
2778 2064 2858 2127 είς
2891 2064 3017 2125 τοὺς
3054 2061 3256 2125 αίῶνας
3291 2062 3399 2115 τῶν
3449 2061 3683 2119 αἰώνων.

2017 2155 2210 2225 Ἀμήν.

2070 2337 2095 2363 ιι
2119 2328 2231 2376 Sav.
2268 2330 2294 2375 6
2317 2326 2522 2389 οὐρανίῳ
2553 2330 2684 2389 φωνῇ
2712 2325 2916 2383 κληθεὶς,
2946 2324 3033 2387 ὅρα
3057 2323 3199 2371 ποίαν
3224 2324 3381 2385 φωνὴν
3404 2323 3547 2371 εἶπεν
3575 2323 3687 2372 Θά-

2008 2394 2167 2440 ϐοαεν.

334 2530 3518 2564 Mm

1391 2649 1552 2701 ΠΕΡΙ
1582 2643 1982 2700 ΜΕΤΑΝΟΙΛΣ
2020 2641 2143 2695 ΚΑΙ
2184 2640 2437 2695 ΕΥΧΗΣ.

910 2879 1145 2948 Ὀμιλιά
1165 2873 1241 2932 δ’.

298 2975 363 3025 α’.
395 2970 457 3022 υἱ
492 2966 755 3038 ποιμένες
780 2967 847 3020 τά
881 2965 1132 3035 πρόϐατα
1166 2963 1294 3018 ἔνθα
1326 2961 1393 3017 ἂν
1422 2964 1570 3018 ἴδωσι
1601 2965 1905 3037 βαθυτέραν

238 3053 391 3111 οὖσαν
413 3058 512 3129 τὴν
548 3043 707 3119 πόαν,
743 3055 985 3125 συνεχῶς
1014 3055 1233 3123 ἄγουσι,
1260 3055 1355 3106 καὶ
1376 3054 1439 3106 οὐ
1469 3054 1737 3126 πρότερον
1763 3057 1906 3107 ἐκεῖ-

237 3144 322 3197 θεν
352 3145 683 3217 ἐγείρουσιν,
718 3143 824 3206 ἓως
866 3144 932 3197 ἂν
977 3142 1149 3213 αὐτὴν
1190 3144 1371 3196 πᾶσαν
1401 3143 1673 3215 ἁποκείρῃ
1698 3142 1768 3195 τὰ
1796 3144 1905 3194 ποί-

238 3250 375 3302 μνια.
411 3232 657 3295 Τούτους
686 3231 743 3284 δὲ
772 3231 867 3283 καὶ
890 3232 1049 3301 ἡμεῖς
1087 3229 1439 3299 μιμούμενοι,
1471 3230 1741 3302 τετάρτην
1772 3226 1904 3281 ταύ-

235 3334 326 3389 την
356 3318 453 3390 ήδη
487 3317 711 3390 ἡμέραν
741 3318 820 3379 είς
846 3316 937 3369 τὸν
958 3316 1061 3383 τῆς
1087 3315 1376 3386 μετανοίας
1404 3316 1606 3386 τρόπον
1639 3315 1906 3385 βόσκομεν

233 3403 382 3458 τοῦτο
419 3406 479 3458 τὸ
522 3403 797 3475 ποίμνιον,
832 3402 928 3455 καὶ
961 3402 1173 3455 οὐδέπω
1202 3403 1296 3455 καὶ
1334 3404 1573 3474 σήμερον
1604 3405 1905 3473 ἀναστῆσαι

232 3490 765 3563 παρασκευαζόμεθα
787 3507 798 3520 ·
828 3488 1045 3561 ὁρῶμεν
1072 3489 1181 3559 γὰρ
1213 3489 1412 3561 πολλὴν
1444 3486 1610 3543 οὖσαν
1633 3490 1713 3544 ἔτι
1735 3491 1906 3562 νομῆς

229 3581 504 3651 εὐπορίαν,
551 3581 646 3633 καὶ
674 3578 874 3649 πολλὴν
902 3577 1092 3650 τέρψιν
1119 3577 1254 3648 ὁμοῦ
1286 3580 1379 3631 καὶ
1400 3579 1691 3648 ὠφέλειαν.

294 3668 426 3721 Οὐδὲ
470 3667 588 3738 γὰρ
621 3664 795 3728 οὕτως
830 3667 886 3719 αί
931 3664 1101 3736 κόμαι
1141 3664 1252 3718 τῶν
1284 3664 1517 3736 δένδρων
1549 3667 1671 3719 ἀντὶ
1706 3667 1905 3736 στέγης

226 3756 331 3819 τοῖς
384 3755 688 3827 προϐάτοις
734 3754 1018 3824 γινόμεναι
1073 3752 1215 3805 κατὰ
1273 3752 1334 3804 16
1388 3753 1760 3825 μεσημϐρινὸν
1808 3756 1905 3824 τῆς

228 3842 431 3913 ἡμέρας
463 3840 818 3896 ἀναπαύουσι
852 3840 921 3893 τά
950 3839 1222 3911 πρόϐατα,
1259 3839 1515 3909 ποθεινὴν
1544 3858 1604 3892 τε
1642 3843 1735 3895 καὶ
1759 3841 1905 3910 ὠφέ-

226 3927 375 3998 λιμον
411 3928 725 4001 παρέχουσι
750 3929 849 3998 τὴν
881 3927 1064 3992 σκιὰν,
1101 3927 1196 3980 καὶ
1241 3926 1377 3996 μετά
1405 3926 1608 3995 πολλῆς
1638 3944 1902 3981 κατακοι-

227 4016 434 4083 μίζουσι
468 4016 581 4084 τῆς
604 4015 818 4086 ἡδονῆς,
849 4014 925 4078 ὼς
954 4015 988 4086 ἡ
1020 4014 1130 4067 τῶν
1155 4012 1312 4068 θείων
1343 4014 1382 4066 Γ
1390 4013 1574 4084 ραφῶν
1596 4015 1902 4084 ἀνάγνωσις

222 4105 316 4167 τὰς
345 4105 522 4158 ὀδυνω
534 4103 703 4173 μένας
727 4101 906 4172 ψυχὰς
930 4103 1025 4156 καί¹
1041 4102 1251 4173 ἀθυμίᾳ
1268 4103 1644 4172 κατεχομένας
1662 4106 1902 4158 ἀνακτᾶ-

222 4208 310 4245 ται
342 4195 440 4247 καὶ
485 4190 822 4262 καταψύχει,
871 4190 935 4243 16
982 4190 1084 4261 μὲν
1120 4190 1348 4260 σφοδρὸν
1389 4191 1486 4245 καὶ
1533 4191 1757 4256 διακαὲς
1801 4193 1901 4263 τῆς

225 4278 412 4348 ὀδύνης
442 4277 846 4349 ἀποχριομένη,
878 4275 1233 4348 παραμυθίαν
1254 4275 1311 4329 δὲ
1339 4278 1496 4340 σκιᾶς
1526 4279 1745 4349 ἀπάσης
1767 4280 1901 4351 ἡδίω

222 4366 311 4418 καὶ
344 4365 723 4440 τερπνοτέραν
747 4364 1082 4437 παρέχουσα.
1113 4364 1189 4417 Οὐ
1224 4364 1333 4437 γάρ
1370 4364 1530 4435 μόνον
1559 4367 1617 4418 ἐν
1636 4369 1760 4430 ταῖς
1791 4368 1900 4421 τῶν

222 4453 525 4522 χρημάτων
554 4452 803 4523 ζημίαις,
831 4450 955 4505 οὐδὲ
979 4452 1037 4503 ἐν
1063 4453 1183 4515 ταῖς
1214 4451 1321 4504 τῶν
1345 4453 1551 4505 τέκνων
1581 4453 1895 4522 ἀποϐολαῖς,

219 4536 342 4592 οὔτε
370 4542 429 4593 ἐν
453 4540 571 4601 τοῖς
609 4537 788 4599 ἄλλοις
817 4540 930 4600 τοῖς
966 4538 1251 4601 τοιούτοις,
1282 4538 1418 4591 ἀλλά
1442 4540 1536 4592 καὶ
1566 4541 1623 4592 ἐν
1646 4543 1763 4605 ταῖς
1790 4542 1899 4595 τῶν

224 4627 514 4696 ἁμαρτιῶν
557 4625 913 4695 περιστάσεσι
947 4625 1150 4697 πολλὴν
1191 4628 1323 4697 ἡμῖν
1353 4626 1492 4697 αὐτὴ
1542 4631 1771 4701 παρέχει
1799 4631 1898 4701 τὴν

221 4714 604 4786 παραμυθίαν.
638 4714 808 4767 Ὅταν
846 4713 957 4783 γάρ
980 4712 1266 4784 ἄνθρωπος
1289 4715 1395 4768 ὐπὸ
1428 4716 1703 4787 ἁμαρτίας
1738 4716 1897 4781 ἁλοὺς

221 4803 314 4854 καὶ
353 4800 777 4862 ὐποσκελισθε“ις
813 4801 1121 4872 καταπέσῃ,
1169 4798 1288 4855 εἶτα
1339 4804 1601 4877 κατεσθίῃ
1634 4806 1798 4859 αὐτὸν
1838 4807 1899 4860 16

221 4889 484 4956 συνειδὸς,
526 4887 759 4957 καὶτῆς
805 4888 1083 4958 ἁμαρτίας
1138 4890 1378 4960 συνεχῶς
1434 4893 1891 4964 ἀναμιμνήσκων,

219 4977 411 5030 ἐαυτὸν
461 4975 746 5046 ἁποπνίγῃ
788 4977 856 5046 τῇ
898 4977 997 5045 τῆς
1023 4975 1263 5046 ἀθυμίας
1292 4978 1590 5051 ὑπερϐολῇ,
1639 4982 1734 5033 καὶ
1771 4980 1895 5034 καθ’

216 5066 458 5138 ἑκάστην
499 5064 875 5136 ἐμπυρίζηται
921 5065 1018 5136 τὴν
1051 5066 1286 5135 ἡμέραν,
1335 5068 1432 5120 καὶ
1469 5069 1681 5139 μυρίων
1713 5086 1895 5141 παρα-

215 5154 557 5217 καλούντων,
580 5152 646 5207 ἂν
676 5153 750 5223 μὴ
773 5153 1105 5224 προσίηταια
1125 5152 1221 5223 τὴν
1246 5155 1616 5225 παράκλησιν,
1637 5156 1895 5209 είσελθὼν

213 5243 294 5306 είς
322 5243 425 5315 τὴν
455 5242 777 5314 ἐκκλησίαν,
821 5242 915 5294 καὶ
960 5240 1199 5305 ἀκούσας
1227 5242 1309 5295 ὃτι
1353 5243 1540 5298 πολλοὶ
1567 5245 1676 5299 τῶν
1717 5247 1891 5315 ἁγίων

212 5331 475 5393 πεσόντες
507 5330 834 5401 ἀνέστησαν,
870 5330 965 5382 καὶ
994 5332 1073 5393 είς
1104 5331 1199 5400 τὴν
1234 5331 1504 5402 προτέραν
1530 5332 1693 5386 πάλιν
1721 5336 1893 5386 ἐπαν-

170 5416 375 5485 ’ἦλθον
419 5417 796 5488 εὐδοκίμησιν,
844 5416 1213 5480 λανθανόντως
1252 5417 1432 5472 λαϐὼν
1473 5420 1573 5490 τὴν
1629 5438 1888 5492 παραμυ-

212 5502 335 5555 θίαν
370 5503 698 5573 ἀπέρχεται.
720 5502 832 5556 Kal
858 5502 1168 5574 ἀνθρώποις
1198 5503 1297 5572 μὲν
1323 5504 1583 5570 πολλάκις
1613 5508 1889 5578 ἁμαρτόν-

207 5606 300 5653 τες
326 5589 457 5643 οὕτε
490 5591 795 5659 ἐκκαλύψαι
827 5591 888 5643 16
910 5590 1289 5660 πλημμέλημα
1322 5592 1666 5664 ὑπομένομεν
1693 5598 1887 5666 αίσχυ-

208 5677 429 5748 νόμενοι
479 5677 575 5729 καὶ
605 5676 985 5748 ἐρυθριῶντες,
1032 5676 1136 5730 κᾶν
1168 5679 1223 5730 δὲ
1262 5680 1677 5751 ἐκκαλύψωμεν,
1732 5685 1885 5740 οὐδὲν

271 5782 300 5811 ⁸
319 5782 463 5859 ῌιιηο
486 5782 937 5859 εςξψςρτεῐηροθίε
974 5785 1307 5859 ειιρρθιξῖιανιι
1329 5787 1499 5849 Savil.,
1534 5790 1620 5851 qui
1654 5791 1880 5843 ediderat

206 5843 457 5907 προσίεται
507 5842 675 5893 Moblf.
711 5851 879 5893 autem
909 5842 1125 5907 προσείη.
1152 5846 1285 5896 Enn.

2007 2866 2416 2940 καρπωσόμεθα
2460 2866 2743 2919 τοσοῦτον*
2791 2865 2917 2918 ὅταν
2950 2864 3008 2918 δὲ
3052 2865 3186 2928 Θεὸς
3232 2864 3547 2937 παρακαλῇ,
3593 2865 3689 2919 καὶ

2005 2960 2107 3031 τῆς
2170 2957 2398 3028 καρδίας
2450 2956 2713 3024 ἅπτηται,
2764 2955 2914 3007 πᾶσα
2955 2954 3165 3023 ταχέως
3216 2951 3689 3023 φυγαδευθήσεται

2010 3045 2277 3115 σατανικὴ
2330 3043 2498 3112 λύπη.
2526 3044 2625 3095 Διά
2670 3041 2829 3094 τοῦτο
2868 3041 2963 3093 καὶ
3018 3040 3290 3110 πτώματα
3317 3041 3427 3094 τῶν
3460 3040 3689 3094 δικαίων

2006 3135 2154 3187 ἐστὶν
2193 3134 2324 3203 ἡμῖν
2368 3131 2718 3199 ἀνάγραπτα,
2750 3128 2837 3180 ἵνα
2880 3128 2931 3180 οἵ
2972 3144 3033 3179 τε
3074 3126 3491 3197 κατορθοῦντες,
3542 3127 3597 3181 οἰ
3626 3144 3687 3180 τε

2007 3222 2414 3293 ἁμαρτάνοντες
2463 3221 2532 3271 τά
2571 3219 2801 3288 μέγιστα
2846 3219 2910 3270 ἐκ
2957 3215 3166 3270 τούτων
3215 3217 3570 3287 κερδάνωσιν.
3627 3216 3688 3271 ’0

2006 3310 2116 3380 γὰρ
2159 3309 2493 3379 ἁμαρτάνων
2521 3307 2623 3359 οὐκ
2650 3306 2870 3377 ἔρχεται
2898 3306 2976 3368 εἰς
3000 3305 3314 3373 ἀπόγνωσιν
3337 3306 3431 3357 καὶ
3451 3304 3687 3359 ἀπελπι-

2008 3398 2143 3468 σμδν
2168 3396 2345 3468 [505],
2380 3395 2506 3449 ἰδὼν
2541 3394 2728 3464 ἓτερον
2770 3392 3029 3456 πεσόντα,
3063 3394 3156 3447 καὶ
3191 3392 3354 3446 πάλιν
3384 3393 3688 3464 ἀναστῆναι

2006 3485 2305 3553 δυνηθέντα
2327 3500 2339 3514 ο
2364 3485 2393 3536 6
2434 3484 2490 3535 δὲ
2524 3480 2874 3552 δικαιοσύνην
2904 3480 3295 3551 ἐργαζόμενος,
3328 3481 3682 3535 σπουδαιότε-

2009 3590 2101 3645 ρος
2128 3573 2281 3626 ἔσται
2306 3573 2402 3625 καὶ
2428 3571 2854 3642 ἀσφαλέστερος.
2885 3570 3059 3624 Ὅταν
3085 3568 3193 3639 γάρ
3219 3569 3329 3621 τῶν
3359 3568 3525 3623 αὐτοῦ
3549 3569 3687 3625 πολύ

2009 3661 2296 3732 βελτιόνων
2321 3661 2553 3724 πολλοὺς
2578 3659 2996 3722 καταπεσόντας
3021 3659 3128 3731 ἴδῃ,
3150 3657 3229 3728 τῷ
3253 3659 3404 3730 φόϐῳ
3427 3660 3524 3731 τῆς
3545 3659 3690 3713 ἐκεί-

2005 3767 2111 3802 νων
2138 3748 2400 3813 πτώσεως
2418 3748 2911 3819 σωφρονιζόμενος,
2936 3746 3231 3815 ἐναγώνιος
3248 3748 3404 3802 ἔσται
3431 3748 3686 3814 πάντοτε,

2005 3837 2102 3890 καὶ
2133 3836 2332 3907 πολλὴν
2358 3838 2487 3907 περὶ⁵
2508 3836 2701 3888 ἐαυτὸν
2731 3835 3062 3899 ἐπιδείξεται
3093 3835 3194 3906 τὴν
3219 3836 3525 3905 ἀσφάλειαν
3544 3853 3558 3867 ’
3592 3838 3690 3891 καὶ

2004 3923 2178 3986 οὓτως
2204 3924 2232 3975 6
2262 3924 2359 3993 μὲν
2386 3923 2485 3993 τὴν
2510 3922 2715 3994 ἀρετὴν
2743 3921 3050 3992 κατορθῶν,
3085 3925 3113 3975 6
3135 3923 3191 3976 δὲ
3222 3925 3557 3993 ἁμαρτάνων
3585 3925 3688 3995 τῆς

2004 4010 2373 4079 ἀπογνώσεως
2393 4010 2754 4079 ἀπαλλαγεὶς,
2784 4011 2813 4063 6
2842 4010 2943 4080 μὲν
2970 4012 3228 4080 στήσεται
3256 4011 3540 4078 ἀσφαλῶς,
3574 4012 3603 4063 6
3627 4010 3688 4067 δὲ

2005 4098 2262 4170 ἐπανήξει
2289 4099 2525 4170 ταχέως,
2540 4099 2664 4151 ὃθεν
2688 4099 2970 4163 ἐξέπεσεν.
2995 4099 3164 4152 Ὅταν
3180 4098 3289 4167 γὰρ
3304 4100 3453 4169 ἡμᾶς
3469 4098 3685 4171 ἀνθρω-

2003 4203 2106 4250 πος
2154 4187 2450 4258 παρακαλῇ
2509 4186 2904 4259 λυπουμένους,
2941 4187 3037 4241 καὶ
3064 4184 3307 4258 δόξωμεν
3338 4186 3477 4256 πρὸς
3503 4186 3685 4255 ὀλίγον

2001 4276 2471 4347 παραμυθεῖσθαι,
2523 4276 2685 4330 πάλιν
2718 4278 2800 4339 είς
2850 4275 2949 4345 τὴν
3002 4276 3173 4345 αὐτὴν
3222 4274 3464 4345 ἀθυμίαν
3513 4291 3685 4329 κατα-

2001 4365 2311 4437 πίπτομεν·
2372 4366 2510 4419 ἐπάν
2562 4366 2618 4419 δὲ
2660 4368 2688 4420 ό
2736 4363 2869 4428 Θεὸς
2922 4365 3303 4436 προτρέπηται
3352 4365 3419 4418 δι’
3476 4365 3681 4436 ἐτέρων

2002 4453 2463 4524 ἁμαρτησάντων,
2516 4453 2613 4506 καὶ
2668 4454 3153 4523 μετανοησάντων,
3212 4453 3306 4506 καὶ
3360 4453 3678 4517 σωθέντων,

2002 4539 2243 4610 φανερὰν
2270 4543 2406 4612 ἡμῖν
2437 4541 2704 4612 ποιεῖτὴν
2732 4540 2899 4594 αὐτοῦ
2926 4541 3259 4612 ἀγαθότητα,
3293 4540 3379 4594 ῖνα
3413 4541 3486 4611 μὴ
3509 4542 3682 4612 ἀμφι-

2000 4628 2284 4697 ϐάλλωμεν
2318 4630 2446 4698 περὶ
2498 4629 2597 4699 τῆς
2639 4628 2850 4682 ἑαυτῶν
2896 4630 3191 4700 σωτηρίας,
3237 4629 3681 4702 ὁμολογουμένην

2000 4718 2094 4768 καὶ
2143 4716 2361 4787 ἀσφαλῆ
2394 4717 2674 4787 δεχόμενοι
2708 4719 2807 4787 τὴν
2844 4718 3212 4790 παράκλησιν.
3251 4719 3466 4789 ’Ὠσπερ
3496 4714 3590 4772 οὖν
3617 4720 3679 4773 ἐν

1997 4806 2118 4867 ταῖς
2145 4803 2253 4857 τῶν
2294 4805 2711 4875 ἁμαρτημάτων
2740 4806 3146 4874 περιστάσεσιν,
3182 4803 3324 4857 οὕτω
3346 4806 3440 4857 καὶ
3471 4804 3532 4857 ἐν
3555 4807 3676 4871 ταΐς

1997 4890 2104 4944 τῶν
2135 4892 2398 4946 κινδύνων
2419 4895 2759 4962 ἐπαγωγαῖς,
2791 4893 2975 4945 ίκανὸν
3001 4894 3116 4955 τοῖς
3142 4883 3419 4961 ’ἀθυμοῦσι
3455 4893 3677 4965 φάρμα-

1997 4997 2091 5033 κον
2121 4983 2176 5033 αἱ
2212 4981 2441 5035 παλαιαὶ
2487 4982 2595 5036 τῶν
2640 4982 2874 5052 Γραφῶν
2917 4980 3152 5053 ίστορίαι
3185 4982 3487 5051 παρέχουσι
3536 4985 3673 5038 πᾶσ.

1992 5072 2107 5132 τοῖς
2140 5069 2481 5140 βουλομένοις
2517 5070 2824 5140 προσέχειν.
2862 5070 2975 5124 Καὶ
3000 5071 3112 5125 εἴτε
3138 5073 3441 5142 χρημάτων
3465 5073 3674 5147 δήμευ-

1996 5171 2100 5217 σις,
2140 5156 2252 5208 εἴτε
2298 5157 2653 5223 συκοφαντῶν
2693 5158 2969 5227 έπήρειαι,
3002 5158 3112 5210 εἴτε
3143 5158 3516 5231 δεσμωτήρια,
3555 5162 3670 5218 εἴτε

1997 5242 2280 5310 μάστιγες,
2307 5242 2409 5295 κᾶν
2432 5243 2610 5296 ὁτιοῦν
2633 5243 2819 5315 ἕτερον
2848 5244 2955 5297 τῶν
2976 5245 3164 5299 δεινῶν
3181 5249 3332 5318 ἡμᾶς
3360 5250 3663 5326 καταλάϐῃ.

1994 5328 2398 5392 ἀποϐλέποντες
2427 5332 2508 5392 είς
2536 5332 2664 5393 τοὺς
2690 5330 2935 5396 δικαίους
2961 5335 3088 5398 τοὺς
3121 5341 3191 5389 τὰ
3226 5336 3366 5390 αὐτά
3394 5337 3668 5402 παθόντας

1993 5417 2084 5466 καὶ
2132 5415 2555 5485 ὑπομείναντας,
2600 5419 2813 5489 ταχέως
2844 5422 2925 5483 είς
2954 5423 3183 5486 ἑαυτοὺς
3225 5423 3401 5476 ἐλθεῖν
3444 5424 3669 5496 δυνησό-

1996 5500 2156 5570 μεθα.
2206 5502 2330 5555 Ἐπὶ
2366 5504 2465 5573 μέν
2508 5505 2619 5576 γὰρ
2651 5507 2758 5560 τῶν
2789 5508 2884 5562 τοῦ
2916 5508 3169 5579 σώματος
3215 5510 3405 5564 παθῶν
3437 5512 3499 5566 τὸ
3528 5514 3667 5587 πρὸς

1988 5591 2117 5674 τοὺς
2148 5591 2455 5661 πάσχοντας
2490 5594 2701 5665 ἀφορᾷν
2734 5598 2995 5651 ἐπιτείνει
3039 5598 3138 5667 τὴν
3181 5600 3336 5653 νόσον
3360 5601 3452 5654 τοῦ
3484 5602 3663 5674 ἀρρω-

1995 5671 2267 5736 στοῦντος,
2302 5674 2562 5740 πολλάκις
2607 5679 2664 5731 δέ
2708 5681 2801 5732 καὶ
2830 5682 2931 5733 οὐκ
2962 5677 3129 5737 οὖσαν
3178 5671 3666 5753 ἐργάζεται-οἷον

1991 5762 2303 5831 ὀφθαλμοὺς
2343 5766 2650 5836 πάσχοντας
2682 5768 2881 5833 ἰδόντες
2908 5772 3070 5836 τινὲς,
3110 5772 3411 5841 μετέλαϐον
3440 5775 3533 5828 τοῦ
3572 5793 3659 5829 νο-

1987 5850 2231 5920 σήματος
2260 5850 2370 5905 ἀπὸ
2391 5853 2493 5923 τῆς
2523 5853 2652 5919 θέας
2680 5854 2848 5928 μόνης
2869 5873 2882 5886 '
2916 5858 3007 5911 ἐπὶ
3037 5858 3092 5911 δὲ
3126 5859 3304 5929 ψυχῆς
3337 5862 3437 5932 οὐχ
3465 5860 3658 5929 οὕτως,
