4066 6438
428 443 569 502 ἀλλά
595 441 657 496 τὸ
683 438 927 495 ἐναντίον
969 435 1198 505 γίνεται,
1235 432 1329 484 καὶ
1367 430 1429 483 τὸ
1471 424 1709 497 συνεχῶς
1744 424 1943 477 ἐννοεῖν
1973 420 2097 481 τοὺς

429 532 502 586 τά
538 528 768 586 τοιαῦτα
797 523 1152 584 πεπονθότας,
1199 520 1331 589 ἡμῖν
1368 515 1707 585 κουφοτέραν
1746 512 1979 564 ποιεῖται
2002 508 2102 576 τὴν

430 620 527 673 ἐπὶ
566 619 679 681 τοῖς
707 613 997 686 ἡμετέροις
1040 609 1229 670 κακοῖς
1276 603 1534 675 ἀθυμίαν.
1583 602 1683 654 Διά
1729 598 1897 686 τοῦτο.
1933 596 2026 649 καὶ
2061 595 2104 686 -ό

431 706 645 767 Παῦλος
678 682 805 764 τούς
830 700 989 761 ὄντας
1031 694 1256 757 πιστοὺς
1288 690 1479 746 τοῦτον
1514 686 1825 759 παρακαλεῖ
1855 684 1947 738 τὸν
1981 682 2106 753 τρό-

431 812 555 855 πον,
590 791 688 860 οὐχ
724 790 807 841 ὅτι
833 788 961 848 τοὺς
987 784 1198 849 ζῶντας
1251 780 1410 851 μόνον
1435 777 1647 846 ἁγίους,
1687 773 1827 827 ἀλλὰ
1855 770 1951 860 καὶ
1979 772 2102 860 τούς

430 858 808 939 ἀποθανόντας
862 874 940 936 είς
1002 871 1169 942 μέσον
1220 867 1509 936 παράγων.
1555 862 1826 933 Ἑϐραίοις
1863 858 1961 929 μὲν
1994 858 2104 925 γὰρ

429 965 809 1035 διαλεγόμενος
871 959 1156 1031 μέλλουσιν
1214 950 1666 1015 ὑποσκελίζεσθαι
1723 948 1818 1002 καὶ
1865 946 2102 1000 καταπί-

432 1071 609 1118 πτειν,
636 1034 764 1112 τούς
795 1048 986 1115 ἁγίους
1020 1045 1220 1109 ἄνδρας
1254 1044 1334 1105 εἰς
1373 1040 1539 1111 μέσον
1580 1037 1842 1107 παράγει,
1881 1034 1973 1085 τὸν
2002 1038 2104 1085 Δα-

433 1140 574 1206 νιὴλ,
619 1139 747 1198 τοὺς
801 1135 1001 1194 παῖδας
1031 1133 1159 1193 τοὺς
1210 1132 1383 1199 τρεῖς,
1414 1127 1505 1179 τὸν
1548 1124 1756 1184 Ἠλίαν,
1794 1122 1888 1174 τὸν
1928 1120 2106 1173 Ἐλισ-

432 1229 611 1288 σαῖον,
636 1224 831 1278 οὑτωσὶ
873 1222 1047 1289 λέγων
1072 1236 1086 1249 ·
1124 1214 1437 1285 Ἐρραξαν
1485 1213 1756 1280 στόματα
1804 1209 2102 1270 λεόντων,

428 1316 694 1368 ἔσϐεσαν
713 1311 973 1378 δύναμιν
987 1305 1198 1373 πυρὸς,
1232 1304 1459 1373 ἔφυγον
1482 1302 1752 1369 στόματα
1778 1296 2101 1367 μαχαίρας,

427 1398 866 1465 ἐλιθάσθησαν,
889 1389 1237 1462 ἐμπαιγμῶν
1274 1389 1367 1443 καὶ
1391 1388 1703 1457 μαστίγων
1724 1385 1937 1453 πεῖραν
1961 1383 2073 1435 ἔλα
2089 1409 2103 1420 -

430 1489 562 1551 ϐον,
590 1485 679 1539 ἔτι
710 1483 779 1537 δὲ
806 1480 1049 1549 δεσμῶν
1086 1478 1183 1531 καὶ
1217 1476 1528 1546 φυλακῆςο
1561 1473 1889 1542 περιῆλθον
1909 1472 2107 1538 ἐνμη-

427 1572 669 1638 λωταῖς,
699 1571 770 1624 ἐν
798 1568 1043 1637 αἰγείοις
1074 1566 1387 1634 δέρμασιν,
1416 1563 1868 1631 ὑστερούμενοι,
1913 1559 2108 1614 θλιϐό-

425 1679 619 1732 μενοι,
652 1657 1144 1724 κακουχούμενοι,
1174 1645 1262 1706 ὧν
1284 1654 1397 1705 οὐκ
1417 1648 1497 1721 ἦν
1524 1650 1692 1716 ἄξιος
1720 1653 1753 1703 ό
1782 1649 2031 1717 κόσμος.

515 1749 579 1801 Ἡ
615 1747 673 1799 δὲ
719 1742 974 1798 κοινωνία
1003 1740 1112 1794 τῶν
1147 1738 1335 1793 παθῶν
1368 1752 1391 1779 α
1430 1741 1542 1802 τοῖς
1573 1736 1931 1806 ὀδυνωμένοις
1959 1752 2105 1806 παρ-

428 1839 543 1909 έχει
578 1832 933 1905 παραμυθίαν
954 1847 965 1859 ·
995 1830 1089 1883 καὶ
1121 1827 1373 1898 καθάπερ
1398 1826 1459 1879 τὸ
1494 1827 1659 1897 μόνον
1692 1824 1885 1878 παθεῖν
1915 1841 1967 1876 τι
1997 1823 2107 1876 δει-

429 1929 542 1989 νὸν,
565 1919 997 1993 ἀπαραμύθητον
1026 1917 1139 1988 ἔχει
1166 1917 1226 1969 τὸ
1253 1916 1442 1981 κακὸν,
1469 1914 1613 1970 οὓτω
1633 1915 1693 1967 τὸ
1711 1914 1890 1984 εὑρεῖν
1917 1914 2105 1983 ἓτερον

426 2017 542 2077 τοῖς
570 2012 755 2074 αὐτοῖς
789 2007 1156 2079 περιπεσόντα
1202 2008 1394 2068 κακοῖς
1432 2003 1774 2075 κουφοτέραν
1814 2000 2104 2074 ἐργάζεται

426 2107 527 2174 τὴν
555 2099 790 2167 πληγήν.

506 2179 567 2251 β’.
604 2186 701 2239 "Iv‘
731 2180 824 2239 οὖν
855 2186 911 2236 ἐν
956 2185 1089 2237 πᾶσι
1121 2182 1235 2244 τοῖς
1276 2177 1527 2232 δοκοῦσιν
1564 2179 1712 2249 ἡμᾶς
1744 2175 1981 2246 ἐνοχλεῖν
2029 2176 2103 2247 μὴ

432 2271 888 2344 καταπίπτωμεν,
937 2269 1075 2341 μετά
1120 2267 1404 2338 ἀκριϐείας
1448 2266 1808 2337 προσέχωμεν
1840 2267 1962 2326 ταῖς
1993 2263 2104 2315 τῶν

429 2360 663 2433 Γραφῶν
695 2358 988 2430 ἱστορίαιςο
1023 2355 1226 2426 πολλῆς
1258 2355 1369 2425 γάρ
1403 2354 1681 2425 ὑπομονῆς
1729 2351 1980 2405 ἐντεῦθεν
2011 2350 2105 2420 λη-

426 2447 640 2519 ψόμεθα
684 2444 962 2516 ἀφορμὴν,
1006 2443 1067 2497 οὐ
1098 2445 1166 2513 τῇ
1200 2441 1454 2510 κοινωνίᾳ
1496 2440 1606 2492 τῶν
1639 2440 1706 2493 τὰ
1740 2439 1879 2493 αὐτὰ
1908 2438 2108 2492 παθόν-

425 2554 534 2590 των
561 2531 1047 2608 παραμυθούμενοι
1078 2530 1263 2602 μόνον,
1291 2528 1427 2582 ἀλλά
1457 2528 1551 2581 καὶ
1572 2527 1650 2597 τῷ
1681 2527 1974 2597 μανθάνειν
2012 2527 2106 2581 τὸν

426 2624 631 2696 τρόπον
675 2622 775 2693 τῆς
823 2618 1144 2688 ἀπαλλαγῆς
1174 2615 1286 2669 τῶν
1316 2614 1673 2684 ἐπαγομένων
1715 2616 1850 2685 ἡμῖν
1892 2614 2104 2680 δεινῶν,

428 2712 524 2767 καὶ
558 2712 696 2781 μετὰ
729 2709 828 2779 τὴν
861 2708 1045 2762 ἄνεσιν
1093 2704 1275 2775 μένειν
1310 2702 1475 2755 πάλιν
1506 2701 1601 2754 ἐπὶ
1636 2702 1737 2771 τῆς
1782 2702 1975 2773 αὐτῆς,
2011 2706 2107 2758 καὶ

433 2799 570 2870 μήτε
596 2799 675 2860 είς
711 2793 981 2867 ρᾳθυμίαν
1022 2791 1335 2853 ἐκπίπτειν,
1389 2790 1524 2859 μήτε
1556 2788 1634 2849 είς
1667 2787 1928 2843 ἀπόνοιαν
1956 2789 2109 2861 αἵρε-

434 2885 581 2939 σθαι.
609 2883 684 2937 T6
718 2883 817 2951 μὲν
842 2880 954 2950 γὰρ
986 2876 1174 2940 κακῶς
1227 2877 1570 2949 πράττοντας
1599 2875 1982 2929 συστέλλεσθαι
2013 2879 2108 2931 καὶ

430 2970 823 3029 ταπεινοῦσθαι
888 2966 985 3021 καὶ
1042 2964 1243 3037 πολλὴν
1316 2964 1605 3017 εὐλάϐειαν
1674 2963 2104 3027 ἐπιδείκνυσθαι,

431 3058 746 3132 θαυμαστὸν
777 3056 960 3111 οὐδέν’
1009 3054 1147 3125 αῦτη
1190 3055 1299 3125 γὰρ
1339 3055 1372 3124 ἡ
1421 3051 1531 3105 τῶν
1580 3052 1905 3124 πειρασμῶν
1946 3053 2108 3121 φύσις

429 3150 525 3204 καὶ
558 3149 685 3210 τοὺς
727 3144 935 3212 λιθίνην
978 3140 1129 3215 [504]
1172 3141 1395 3211 ἔχοντας
1428 3139 1655 3210 καρδίαν
1700 3143 2108 3209 καταναγκάξει

429 3236 590 3290 τοῦτο
623 3236 817 3295 ποιεῖν,
866 3232 927 3283 τὸ
961 3230 1283 3284 λυπεῖσθαι’
1333 3228 1510 3299 ψυχῆς
1540 3228 1597 3280 δέ
1628 3230 1777 3281 ἐστιν
1821 3229 2105 3294 εὐλαϐοῦς,

429 3325 524 3379 καὶ
548 3323 639 3377 τὸν
660 3322 791 3374 Θεὸν
819 3318 1050 3390 ἐχούσης
1080 3316 1343 3387 διηνεκῶς
1366 3315 1472 3386 πρὸ
1500 3315 1814 3385 ὀφθαλμῶν,
1847 3316 1942 3368 καὶ
1970 3317 2110 3387 μετὰ

429 3412 530 3483 τὴν
574 3410 682 3463 τῶν
724 3406 1051 3477 πειρασμῶν
1107 3401 1429 3472 ἀπαλλαγὴν
1489 3403 1761 3472 μηδέποτε
1806 3407 1886 3466 είς
1938 3404 2107 3475 λήθην

429 3500 720 3570 ἐμπεσεῖν·
775 3495 913 3564 ὅπερ
967 3492 1211 3544 Ἰουδαῖοι
1259 3489 1499 3558 συνεχῶς
1560 3488 1819 3559 ἔπασχον.
1865 3492 1956 3543 Διό
2015 3495 2108 3545 καὶ

431 3585 701 3639 σκώπτων
724 3580 920 3641 αὐτοὺς
945 3578 971 3628 6
1005 3578 1291 3647 προφήτης
1321 3575 1508 3644 ἔλεγεν
1529 3594 1540 3606 ·
1565 3569 2109 3632 ’Ὀτανὰπέκτεινεὶθ

432 3672 674 3737 αὐτοὺς,
707 3670 841 3723 τότε
874 3665 1124 3732 ἐζήτουν
1177 3664 1387 3727 αὐτὸν,
1432 3664 1529 3717 καί
1559 3663 1965 3734 ἐπέστρεφον,
2007 3667 2106 3720 καί

430 3756 710 3828 ὤρθριζον
740 3756 890 3824 πρὸς
927 3755 1035 3807 τὸν
1064 3753 1232 3807 Θεόν.
1254 3752 1365 3805 Καὶ
1392 3753 1634 3823 Μωῦσῆς
1663 3751 1716 3804 δέ
1741 3753 1924 3816 αὐτοῖς
1950 3755 2110 3809 τοῦτο

430 3848 565 3902 αὐτὸ
613 3842 892 3906 συνειδὼς,
948 3841 1184 3912 παρῄνει
1228 3839 1469 3910 συνεχῶς
1520 3839 1727 3907 λέγων’
1766 3840 1978 3911 Φαγὼν
2007 3843 2107 3897 καὶ

432 3935 586 3989 πιὼν
613 3932 711 3986 καί
739 3930 1131 4001 ἐμπλησθεὶς,
1166 3929 1429 3997 πρόσεχε
1457 3925 1711 3991 σεαυτῷ,
1734 3925 1821 3997 μὴ
1850 3929 2106 4001 ἐπιλάϐῃ

432 4022 653 4090 Κυρίου
675 4016 783 4073 τοῦ
805 4017 954 4071 Θεοῦ
976 4033 1115 4071 σου.
1150 4015 1319 4069 Τοῦτο
1347 4015 1478 4084 γοῦν
1505 4016 1599 4067 καὶ
1615 4015 1831 4083 ἐγένετο
1850 4033 1864 4047 ο
1886 4018 2106 4086 Ἐφιιτε

434 4110 562 4179 γὰρ,
609 4106 795 4176 φησὶν,
861 4101 1081 4164 Ἰακὼϐ,
1122 4103 1220 4157 καὶ
1262 4100 1577 4168 ἑλιπὰνθη,
1626 4102 1724 4155 καὶ
1769 4103 2104 4172 ἐπαχύνθη,

427 4196 529 4250 καὶ
560 4192 969 4248 ἀπελάκτισε-ν
1002 4193 1034 4243 ό
1059 4187 1461 4258 ἠγαπημένοις.
1494 4189 1697 4260 Διόπερ
1727 4191 1788 4242 οὐ
1818 4189 1907 4244 διὰ
1944 4192 2105 4246 τοῦτο

426 4282 535 4353 χρὴ
587 4276 894 4347 θαυμάζειν
940 4279 1066 4340 τοὺς
1115 4277 1325 4344 ἁγίους,
1374 4277 1456 4329 ὃτι
1504 4276 1603 4345 τῆς
1651 4276 1882 4346 θλίψεως
1930 4280 2104 4351 αὐτῆς

427 4367 806 4439 ἀκμαζούσης,
839 4365 1012 4428 οὕτως
1043 4359 1187 4435 ἦσαν
1236 4364 1484 4427 εὐλαϐεῖς
1514 4366 1612 4418 καὶ
1653 4365 1956 4436 φιλόσοφοι,
1988 4368 2103 4421 ἀλλ’

425 4461 509 4511 ὅτι
543 4457 639 4508 καὶ
665 4454 760 4508 τοῦ
791 4452 1062 4524 χειμῶνος
1093 4453 1457 4524 παρελθόντος
1483 4455 1579 4505 καὶ
1607 4454 1848 4524 γαλήνης
1878 4458 2103 4527 γινομέ..

425 4562 545 4615 νης,
576 4543 670 4595 ἐπὶ
697 4541 798 4609 τῆς
835 4541 1005 4609 αὐτῆς
1039 4540 1231 4609 έμενον
1259 4540 1559 4603 ἐπιεικείας
1587 4542 1683 4594 καὶ
1713 4544 1968 4614 σπουδῆς.
1994 4547 2101 4599 Καὶ

428 4632 596 4686 ἵππον
631 4630 687 4681 δὲ
718 4630 926 4680 ἐκεῖνον
951 4620 1253 4696 θαυμάζειν
1289 4627 1521 4696 μάλιστα
1554 4629 1659 4699 χρὴ
1688 4630 1778 4683 τὸν
1806 4634 1975 4703 χωρὶς
2002 4651 2101 4703 χαι

425 4717 574 4774 λινοῦ
617 4716 914 4787 δυνάμενον
945 4713 1195 4784 εὐρυθμα
1242 4713 1508 4782 βαδίζειν·
1550 4715 1615 4767 ἂν
1650 4718 1729 4775 δὲ,
1776 4719 1958 4788 κημοῦ
2008 4722 2101 4774 καὶ

427 4803 646 4881 χαλινοῦ
695 4803 1018 4873 κατέχοντος
1055 4801 1238 4863 αὐτὸν,
1271 4802 1531 4873 εὐτακτῇ,
1561 4802 1876 4873 θαυμαστὸν
1911 4807 2095 4862 οὐδέν*

425 4895 489 4947 οὐ
520 4895 631 4965 γὰρ
656 4895 723 4963 τῇ
758 4889 1008 4959 εὐγενείᾳ
1046 4889 1138 4942 τοῦ
1168 4888 1331 4954 ζώου.
1369 4889 1504 4942 ἀλλὰ
1528 4893 1594 4961 τῇ
1626 4892 1843 4965 ἀνάγκη
1869 4894 1964 4947 τοῦ
1998 4914 2099 4966 χα-

423 4979 570 5033 λινοῦ
597 4980 694 5049 τὴν
718 4976 972 5043 εὐταξίαν
993 4975 1314 5047 λογίσασθαι
1336 4977 1466 5048 χρή.
1496 4977 1666 5031 Τοῦτο
1690 4981 1784 5031 καὶ
1799 4981 1892 5033 ἐπὶ
1917 4981 2095 5053 ψυχῆς

424 5069 573 5121 ἐστιν
606 5067 801 5129 εἰπεῖν,
834 5066 916 5118 ὅτι
954 5064 1119 5133 φόϐου
1167 5062 1267 5135 μὲν
1302 5064 1652 5135 ἐπικειμένου
1682 5068 1935 5136 ἠρεμεῖν,
1969 5069 2099 5123 θαυ-

427 5154 633 5228 μαστὸν
659 5152 839 5208 οὐδέν’
881 5154 1011 5205 ὅταν
1047 5152 1105 5205 δὲ
1141 5151 1483 5223 παρέλθωσιν
1531 5154 1581 5204 οί
1632 5157 1950 5225 πειρασμοὶ,
2003 5159 2096 5211 καὶ

421 5243 513 5296 τὸν
553 5239 770 5312 χαλινὸν
795 5239 888 5292 τοῦ
920 5240 1085 5307 φόϐου
1127 5239 1354 5310 περιέλῃ
1389 5256 1491 5303 τις,
1520 5239 1643 5292 τότε
1676 5258 1765 5309 μοι
1800 5242 1974 5307 δεῖξον
2006 5263 2096 5314 φι-

422 5329 681 5398 λοσοφίαν
720 5326 921 5398 ψυχῆς.
950 5328 1045 5379 καὶ
1072 5326 1171 5397 τὴν
1212 5325 1465 5391 εὐταξίαν
1503 5326 1745 5381 ἃπασαν.
1808 5329 1953 5383 Λλλά
2001 5350 2096 5397 φο-

423 5418 623 5489 ϐοῦμαι
650 5417 744 5488 μὴ,
782 5414 1104 5486 βουλόμενος
1142 5415 1407 5468 Ἰουδαίων
1439 5420 1788 5485 κατηγορεῖν,
1825 5419 1925 5488 τῆς
1958 5420 2095 5491 ἠμε-

423 5503 586 5574 τέρας
638 5503 1004 5573 κατηγορήσω
1050 5500 1357 5564 πολιτείας’
1409 5502 1531 5554 ἐπεὶ
1577 5502 1672 5554 καὶ
1714 5504 1875 5573 ἡμεῖς
1927 5507 2091 5576 ἡνίκα

427 5588 791 5659 ι-σαλευόμεθα
823 5589 932 5645 ἀπὸ
967 5606 1027 5640 τε
1053 5588 1211 5658 λιμοῦ
1245 5589 1339 5641 καὶ
1369 5586 1560 5658 λοιμοῦ
1587 5589 1682 5642 καὶ
1714 5591 1956 5661 χαλάζης
1995 5594 2089 5645 καὶ

476 5769 502 5797 ⁸
526 5767 673 5818 Savil.
699 5775 801 5820 τῶν
823 5776 1087 5824 παθόντων.

1203 324 1262 380 S.
1300 324 1582 381 JOANNIS
1620 321 2104 380 CIIRYSOSTOMI
2145 320 2464 376 ARCHIEP.
2505 316 3056 374 CONSTANTINOP.

3749 321 3839 381 ιιιε

2207 421 2475 493 ἁϐροχίας
2514 424 2610 477 καὶ
2658 424 3002 495 ἐμπρησμῶν
3046 423 3140 476 καὶ⁵
3183 424 3603 492 ἐπαναστάσεως
3636 429 3835 504 ἐχθρῶν,

2205 510 2326 581 οὐχὶ
2378 510 2503 564 καθ’
2546 512 2786 582 ἑκάστην
2817 511 3090 582 ἡμέρανὴ
3131 511 3394 581 ἐκκλησία
3419 513 3498 583 τῷ
3526 515 3709 587 πλήθει
3748 520 3840 574 τῶν

2208 600 2593 669 συναγομένων
2627 603 3081 672 ἐστενοχωρεῖτο;
3112 600 3207 653 καὶ
3239 600 3406 672 πολλή
3447 619 3534 665 τις
3559 599 3622 674 ἦν
3651 607 3789 676 ἡμῶν
3812 611 3861 681 ἡ,

2208 686 2497 756 φιλοσοφία
2530 688 2625 740 καὶ
2658 687 2930 758 ὑπεροψία
2958 687 3068 741 τῶν
3101 686 3372 757 βιωτικῶν
3400 691 3744 760 πραγμάτων,
3767 700 3843 749 καὶ

2205 771 2329 826 οὔτε
2358 773 2659 845 χρημάτων
2710 774 2895 840 πόθος,
2925 773 3047 828 οῦτε
3074 774 3229 845 δόξης
3251 775 3537 845 ἐπιθυμία,
3555 777 3670 831 οὔτε
3693 780 3843 850 ὖρεξις

2207 861 2302 919 καὶ
2332 862 2471 934 ἔρως
2514 863 2822 931 ἀσελγείας,
2861 863 2985 917 οὔτε
3018 864 3178 926 ἄλλος
3216 881 3298 926 τις
3345 864 3603 936 λογισμὸς
3642 870 3843 940 πονηρὸς

2209 947 2329 1003 τότε
2356 950 2611 1021 ἠνώχλει,
2644 952 2782 1004 ἀλλά
2808 953 3008 1016 πάντες
3051 955 3131 1017 είς
3182 952 3497 1007 θεοσέϐειαν
3522 955 3732 1020 ἑαυτοὺς
3761 960 3843 1011 ἐπ-

2206 1037 2466 1100 εδώκατε,
2502 1038 2641 1109 μετὰ
2661 1040 2901 1110 δεήσεως
2938 1040 3031 1092 καὶ
3058 1040 3311 1110 δακρύων
3333 1056 3347 1070 ⁸
3378 1041 3475 1094 καὶ
3499 1044 3528 1095 6
3555 1043 3739 1114 πόρνος
3762 1045 3845 1114 μὲν

2206 1126 2509 1195 ἐσωφρόνει
2548 1126 2691 1190 τότε,
2734 1129 2763 1179 6
2801 1126 2857 1178 δὲ
2899 1129 3240 1197 μνησίκακος
3285 1127 3380 1180 ἐπί
3408 1127 3508 1191 τάς
3537 1129 3845 1199 καταλλαγὰς

2206 1213 2490 1284 ἐτρέπετο,
2521 1215 2550 1267 6
2582 1214 2913 1285 πλεονέκτης
2940 1215 3077 1285 πρὸς
3102 1214 3477 1285 ἐλεημοσύνην
3502 1215 3847 1285 ἐκάμπτετο,ὀ

2205 1300 2421 1372 ὀργίλος
2449 1302 2544 1355 καὶ
2573 1301 2780 1373 θρασὺς
2809 1304 2889 1365 είς
2920 1302 3429 1373 ταπεινοφροσύνην
3473 1305 3567 1356 καί⁵
3603 1306 3849 1376 πραότητα

2216 1387 2581 1457 μετεϐάλλετο
2602 1405 2615 1418 ⁸
2653 1390 2750 1443 καὶ
2774 1389 2912 1443 ἐπὰν
2932 1392 2961 1443 6
2988 1390 3120 1454 Θεὸς
3138 1389 3237 1460 τὴν
3257 1390 3431 1461 ὀργὴν
3451 1391 3658 1462 ἐκείνην
3672 1391 3829 1446 διεσκέ

2205 1476 2360 1539 δασε,
2414 1480 2507 1531 καὶ
2561 1478 2658 1530 τὸν
2688 1478 2934 1548 χειμῶνα
2970 1480 3282 1549 παρήγαγε,
3318 1478 3413 1531 καὶ
3440 1478 3671 1550 γαλήνην
3698 1481 3850 1548 6min-

2210 1581 2299 1616 σεν
2354 1566 2419 1617 ἐκ
2468 1564 2742 1619 τοσούτων
2801 1566 3085 1636 κυμάτων,
3142 1568 3224 1629 είς
3261 1565 3365 1630 τὰς
3417 1567 3674 1639 πρότερον
3713 1568 3849 1622 πάλιν

2207 1652 2587 1725 ἐπανήλθομεν
2626 1653 2948 1726 προλήψεις.
3001 1653 3191 1721 Καίτοι
3220 1672 3285 1723 γε
3310 1655 3412 1710 οὐκ
3445 1656 3718 1727 ἐπαυόμην
3745 1658 3849 1711 τότε

2208 1740 2340 1812 παρ’
2362 1741 2527 1794 αὐτὸν
2551 1741 2644 1794 τὸν
2664 1741 2856 1813 καιρὸν
2885 1740 2996 1794 τῶν
3024 1741 3354 1812 πειρασμῶν
3381 1744 3658 1813 προλέγων
3684 1742 3847 1805 ταῦτα,

2208 1830 2304 1882 καὶ⁵
2334 1829 2715 1901 προδιαμαρτυ
2725 1831 2953 1900 ρόμενος
2973 1846 2986 1858 °
3012 1829 3128 1882 ἀλλ’
3157 1831 3309 1899 ὅμως
3337 1829 3488 1883 οὐδὲν
3517 1831 3643 1901 ἡμῖν
3665 1831 3850 1900 ἐγένετό

2206 1934 2261 1970 τι
2303 1916 2488 1979 πλέον,
2522 1917 2635 1970 ἀλλ’
2669 1917 2746 1980 ὡς
2780 1916 2914 1986 όναρ
2945 1917 3041 1970 καὶ
3079 1918 3240 1971 σκιὰν
3285 1918 3680 1991 παρελθοῦσαν,
3704 1919 3851 1980 οὕτως

2208 2003 2427 2058 ἅπαντα
2458 2006 2644 2058 ἐκεῖνα
2684 2004 2783 2075 τῆς
2809 2004 3048 2070 διανοίας
3080 2004 3373 2071 ἐξεϐάλετε
3414 2006 3465 2061 ι).
3507 2006 3603 2059 Διά
3625 2007 3684 2077 δὴ
3721 2006 3851 2061 τοῦτο

2206 2091 2423 2145 δέδοικα
2458 2091 2552 2145 νῦν
2591 2092 2792 2163 μᾶλλον
2827 2093 2859 2163 ἢ
2900 2091 3047 2159 τότε,
3084 2094 3182 2146 καὶ¹
3219 2093 3249 2147 ὂ
3272 2093 3400 2147 τότε
3434 2094 3634 2164 ἔλεγον,
3664 2094 3747 2148 νῦν
3779 2094 3848 2147 δέ·

2207 2178 2362 2235 δοικα
2398 2181 2684 2249 μειζόνως,
2713 2181 2788 2252 μὴ
2820 2178 3178 2251 χαλεπώτερα
3207 2180 3316 2233 τῶν
3338 2181 3629 2253 προτέρων
3651 2182 3849 2235 ἐπισπαο

2210 2267 2433 2336 σώμεθα
2480 2269 2651 2331 κακά,
2697 2268 2793 2323 καὶ
2833 2268 2956 2322 τότε
2987 2266 3271 2339 δεξώμεθα
3316 2269 3536 2341 πληγὴν
3568 2269 3763 2325 ἀνίατον
3799 2273 3850 2323 ἐκ

2208 2357 2304 2411 τοῦ
2335 2356 2492 2411 Θεοῦ.
2528 2356 2659 2410 Ὅτε
2688 2355 2797 2427 γάρ
2822 2373 2905 2418 τις
2927 2355 3165 2426 συνεχῶς
3193 2357 3532 2428 ἁμαρτάνων
3565 2356 3850 2428 συγγνώμης

2207 2446 2471 2517 τυγχάνει
2488 2463 2561 2497 πα
2573 2442 2639 2513 ρὰ
2656 2442 2752 2495 τοῦ
2777 2441 2937 2502 Θεοῦ,
2961 2436 3084 2496 εἶτα
3104 2443 3271 2514 μηδὲν
3293 2444 3409 2498 ἀπὸ
3432 2444 3529 2516 τῆς
3545 2444 3851 2510 ἀνεξικακίας

2209 2533 2415 2605 ταύτης
2446 2532 2683 2605 κερδάνῃ
2705 2532 2735 2583 6
2770 2529 3060 2602 ἄνθρωπος
3092 2532 3174 2594 είς
3198 2531 3299 2600 τὴν
3350 2532 3447 2604 τῆς
3487 2531 3677 2595 κακίας
3713 2531 3855 2584 ἀπαλ-

2209 2621 2406 2693 λαγὴν,
2457 2620 2646 2674 λοιπδν
2704 2618 2896 2672 τοῦτον
2953 2618 3409 2690 παρασκευάζει,
3474 2620 3612 2673 ὥστε
3665 2622 3751 2673 καὶ
3794 2621 3853 2693 μὴ

2212 2711 2364 2785 [505]
2398 2708 2719 2781 βουλόμενον
2762 2706 2926 2761 αὐτὸν
2968 2708 3060 2760 τὸν
3090 2707 3384 2775 κολοφῶνα
3423 2709 3530 2761 τῶν
3577 2709 3746 2762 κακῶν
3778 2711 3855 2761 ἐπ-

2210 2803 2460 2870 αγαγεῖν,
2492 2800 2586 2853 καὶ
2610 2798 2863 2869 ἐκτρίψαι
2902 2796 3066 2850 αὐτὸν
3096 2797 3314 2861 τέλεον,
3359 2798 3453 2852 καὶ
3495 2799 3677 2869 μηκέτι
3705 2797 3855 2850 δοῦναι

2214 2889 2502 2961 μετανοίας
2532 2885 2658 2940 τινὰ
2686 2884 3030 2956 προθεσμίαν
3052 2923 3068 2949 ,
3096 2884 3125 2936 ὃ
3158 2885 3254 2936 καὶ
3291 2885 3394 2938 ἐπὶ
3425 2885 3515 2939 τοῦ
3545 2884 3730 2956 Φαραὼ
3748 2903 3855 2958 ,συν-

2210 2977 2331 3047 έϐη.
2380 2973 2599 3045 Ἐπειδὴ
2641 2972 2751 3044 γὰρ
2804 2971 3048 3043 προτέρᾳ
3074 3009 3090 3034 ,
3136 2971 3233 3024 καὶ
3276 2970 3548 3044 δευτέρα,
3584 2974 3671 3027 καὶ
3704 2970 3852 3043 τρίτῃ.

2212 3067 2305 3119 καὶ
2360 3065 2597 3136 τετάρτῃ
2628 3103 2643 3127 ,
2678 3063 2774 3115 καὶ
2802 3063 2924 3125 ταῖς
2974 3059 3093 3131 μετ’
3126 3060 3349 3125 ἐκείνας
3382 3063 3610 3133 πληγαῖς
3629 3102 3645 3126 ,
3689 3061 3855 3130 πολλῆς

2211 3152 2496 3222 ἀπήλαυσε
2534 3148 2917 3220 μακροθυμίας
2956 3146 3111 3220 παρὰ
3155 3147 3250 3201 τοῦ
3289 3147 3433 3203 Θεοῦ
3457 3191 3469 3215 ,
3504 3149 3647 3203 οὐδὲν
3677 3150 3855 3217 ἐγένετο

2211 3237 2361 3308 αὐτῷ
2388 3255 2440 3290 τι
2462 3237 2736 3308 χρήσιμον
2757 3276 2772 3299 ,
2808 3234 3061 3304 ἐξετρίϐη
3099 3234 3287 3289 λοιπὸν
3315 3238 3418 3290 καὶ
3460 3237 3714 3307 ἠφανίσθη
3743 3236 3856 3306 μετὰ

2210 3328 2308 3397 τῆς
2337 3326 2543 3387 πόλεως
2574 3324 2764 3394 ἄρδην.
2819 3323 2992 3375 Τοῦτο
3030 3324 3124 3375 καὶ¹
3164 3323 3416 3378 Ἰουδαῖοι
3446 3324 3746 3378 πεπόνθασι.
3783 3320 3856 3375 Διὸ

2211 3415 2306 3469 καὶ
2352 3417 2379 3468 6
2406 3412 2642 3484 Χριστὸς
2704 3412 2911 3482 μέλλων
2965 3412 3164 3474 αὐτοὺς
3203 3412 3496 3479 ἀφανίζειν
3537 3414 3628 3468 καὶ
3656 3411 3856 3482 ἐρημίαν

2212 3503 2438 3571 ἐπάγειν
2493 3501 2674 3563 αὐτοῖς
2732 3497 3059 3571 ἀδιόρθωτον
3085 3538 3100 3563 ,
3155 3497 3328 3562 οὕτως
3388 3500 3541 3569 ἔλεγε
3565 3517 3579 3532 ·
3631 3496 3857 3561 Homine

2210 3591 2485 3659 ἠθέλησα
2503 3587 2972 3657 ἐπισυναγαγεῖν
3002 3587 3077 3641 τὰ
3107 3587 3290 3641 τέκνα
3318 3604 3461 3653 σου,
3490 3590 3586 3643 καὶ
3615 3592 3717 3644 οὐκ
3742 3588 3855 3655 ἠθεο

2210 3678 2442 3745 λήσατε
2467 3720 2480 3742 ,
2525 3676 2680 3729 Ἰδοὺ
2722 3676 2959 3745 ἀφίεται
3015 3678 3050 3729 ὁ
3096 3671 3260 3742 οἶκος
3293 3676 3465 3747 ὑμῶν
3501 3678 3727 3748 ἕρημος,
3775 3675 3853 3729 Δέ-

2210 3767 2363 3820 δοικα
2394 3762 2487 3819 οὖν
2519 3764 2594 3836 μὴ
2629 3765 2722 3817 καὶ
2752 3766 2911 3833 ἡμεῖς
2934 3762 3003 3816 τὰ
3032 3763 3174 3817 αὐτά
3207 3764 3494 3837 πάθωμεν,
3528 3766 3608 3819 ὅτι
3627 3765 3740 3819 οὔτε
3766 3766 3855 3819 τοῖς

2212 3853 2543 3924 ἀλλοτρίοις,
2569 3850 2692 3904 οὔτε
2727 3854 2839 3913 τοῖς
2871 3849 3162 3921 ἡμετέροις
3191 3852 3653 3923 σωφρονιζώμεθα
3676 3853 3854 3912 κακοῖς.

2212 3943 2287 3996 Οὐ
2318 3943 2453 4013 πρὸς
2494 3942 2638 4011 ὑμᾶς
2666 3939 2724 3992 δὲ
2757 3939 2918 4009 μόνον
2943 3937 3091 4006 λέγω
3117 3938 3290 3992 ταῦτα
3314 3941 3444 4005 τοὺς
3473 3941 3565 3996 νῦν
3600 3941 3855 4013 παρόντας.

2211 4032 2348 4086 ἀλλά
2379 4031 2473 4086 καὶ
2530 4029 2666 4100 πρὸς
2719 4029 2847 4091 τοὺς
2906 4029 3326 4099 ἁπορῤαγέντας
3373 4031 3475 4100 τῆς
3523 4027 3858 4100 καθημερινῆς

2214 4120 2449 4191 σπουδῆς
2471 4162 2487 4183 ,
2529 4118 2622 4172 καὶ
2655 4116 2764 4170 τῶν
2798 4116 3080 4187 προτέρων
3124 4116 3359 4187 θλίψεων
3408 4118 3857 4190 ἐπιλελησμένους·

2211 4206 2345 4277 πρὸς
2390 4205 2483 4268 οὓς
2529 4205 2590 4257 οὐ
2624 4202 2861 4256 διέλιπον
2900 4202 2988 4255 ἀεὶ
3028 4201 3531 4274 διαρρηγνύμενος,
3570 4205 3661 4257 καὶ
3691 4201 3858 4269 λέγων,

2208 4296 2288 4349 δτι
2317 4296 2366 4347 εί
2400 4294 2493 4348 καὶ
2526 4291 2804 4363 παρῆλθον
2848 4291 2896 4343 οί
2930 4290 3226 4361 πειρασμοὶ
3253 4331 3268 4354 ,
3304 4292 3516 4362 μενέτω
3542 4293 3598 4345 ἐν
3643 4292 3752 4351 ταῖς
3777 4286 3861 4356 ψυ-

2206 4386 2327 4454 χαῖς
2358 4381 2518 4451 ήμῶν
2545 4379 2655 4432 τῶν
2692 4377 3014 4449 πειρασμῶν
3046 4380 3079 4448 ἡ
3116 4378 3304 4448 μνήμη
3327 4417 3340 4441 ,
3374 4377 3463 4431 ἵνα
3497 4379 3587 4431 καί
3616 4377 3707 4447 τῆς
3729 4375 3860 4443 εὐερ-

2205 4474 2392 4541 γεσίας
2424 4469 2663 4539 συνεχῶς
2697 4466 3149 4541 μνημονεύοντες,
3179 4466 3444 4538 διηνεκῶς
3478 4464 3858 4538 εὐχαριστῶμεν

2203 4560 2282 4631 τῷ
2313 4558 2517 4626 ταύτην
2540 4559 2876 4627 παρασχόντι
2910 4553 3081 4625 Θεῷ.ο

2274 4668 2340 4730 γ’.
2367 4660 2551 4713 Ταῦτα
2584 4658 2677 4710 καὶ
2705 4657 2826 4710 τότε
2854 4656 3060 4726 ἔλεγον,
3092 4658 3186 4711 καὶ
3211 4657 3306 4711 νῦν
3337 4658 3484 4729 λέγω
3516 4661 3659 4730 ὑμῖν,
3694 4656 3776 4710 καὶ
3801 4652 3857 4705 δι’

2205 4750 2355 4822 ὑμῶν
2392 4749 2648 4812 ἐκείνοιςο
2694 4745 3065 4818 μιμησώμεθα
3113 4750 3240 4809 τοὺς
3286 4750 3498 4817 ἁγίους,
3538 4751 3721 4810 οἵτινες
3754 4743 3857 4798 οὔτε

2206 4840 2307 4894 ὑπὸ
2344 4838 2453 4891 τῶν
2496 4836 2728 4905 θλίψεων
2777 4835 3179 4906 κατεπόθησαν,
3224 4835 3346 4890 οὗτε
3382 4837 3488 4890 ὑπὸ
3530 4837 3627 4907 τῆς
3649 4836 3859 4892 ἀνέσεως

2204 4928 2514 5001 χαυνότερον.
2535 4924 2841 4992 γεγόνασιν,
2863 4924 2999 4993 ὅπερ
3023 4924 3206 4977 πολλοὶ
3229 4924 3337 4978 τῶν
3350 4925 3449 4977 ἀνθ
3459 4924 3653 4996 ρώπων
3668 4921 3754 4974 νῦν
3770 4920 3857 4972 πά-

2201 5032 2421 5086 σχομεν,
2456 5012 2707 5081 καθάπερ
2740 5010 2810 5065 τὰ
2827 5010 3004 5079 κοῦφα
3026 5011 3133 5063 τῶν
3169 5011 3367 5065 πλοίων
3392 5013 3498 5065 ὑπὸ
3528 5012 3701 5081 πάσης
3729 5022 3855 5079 περι-

2200 5102 2444 5162 στάσεως
2476 5100 2735 5169 κυμάτων
2769 5096 3235 5169 περιαντλούμενα
3269 5098 3608 5168 βαπτίζεται.
3637 5096 3738 5150 Καὶ
3763 5093 3852 5164 γὰρ

2200 5189 2359 5241 πενία
2408 5186 2665 5250 πολλάκις
2703 5189 2833 5257 ἡμῖν
2881 5186 3178 5239 ἐπελθοῦσα
3214 5187 3476 5240 ἐϐάπτισε
3512 5187 3604 5240 καὶ
3641 5181 3851 5252 ὑποϐρυ-

2198 5276 2346 5345 χίους
2372 5276 2517 5347 ἡμᾶς
2547 5273 2792 5343 ἐποίησε,
2837 5275 2928 5326 καὶ
2971 5273 3197 5337 πλοῦτος
3238 5274 3680 5347 προσγενόμενος,
3710 5268 3847 5323 πάλιν

2199 5364 2469 5434 ἐφύσησεν
2505 5364 2673 5433 ήμὸς,
2694 5364 2789 5416 καὶ
2820 5365 2899 5425 είς
2939 5363 3174 5434 ἐσχάτην
3198 5363 3488 5433 ὀλιγωρίαν
3515 5361 3742 5415 ἐνέϐαλε.
3772 5353 3848 5409 Διὸ

2198 5445 2522 5517 παρακαλῶ,
2571 5446 2974 5515 παραλιπόντες
3023 5446 3258 5509 ἄπαντα,
3302 5446 3400 5510 τὰς
3449 5446 3650 5500 ἑαυτῶν
3689 5438 3843 5512 ψυχὰς

2197 5532 2550 5605 ῥυθμίσωμεν
2587 5533 2725 5603 πρὸς
2758 5532 3031 5604 σωτηρίαν
3060 5534 3288 5599 ἕκαστος
3323 5535 3504 5605 ἡμῶν⁵
3538 5533 3726 5602 ταύτης
3749 5525 3843 5596 γὰρ

2259 5780 2286 5822 δ
2310 5778 2461 5831 εινίι.
2487 5780 2781 5844 ἐξεϐάλομεν,
