4066 6430
280 364 377 421 30!

279 483 589 539 laborantes
639 485 988 554 respicerent,
1046 497 1077 538 a
1121 483 1236 540 solo
1285 483 1477 540 intuitu
1528 484 1774 540 eumdem
1827 483 1880 538 in

284 574 532 630 morbum
564 575 904 643 inciderunt;
934 577 988 632 in
1018 577 1195 633 anima
1224 592 1353 634 vero
1380 594 1486 634 non
1517 579 1767 649 idipsmn,
1790 577 1887 634 sed

280 669 613 723 contrarium
644 684 862 739 prorsus
892 670 1110 725 evenit:
1140 670 1183 724 si
1228 669 1373 725 enim
1417 670 1634 726 assidue
1677 672 1883 741 cogite-

281 775 403 815 mus
428 773 543 826 eos,
574 759 664 830 qui
694 759 881 815 eadem
910 761 1021 831 ipsa
1044 761 1284 832 perpessi
1310 769 1453 828 sunt,
1477 761 1600 817 hinc
1621 762 1883 817 malorum

281 861 592 908 nostrorum
622 853 819 909 lenitur
845 852 1020 910 delor.
1050 854 1174 910 Ideo
1199 854 1395 910 Paulus
1424 854 1608 910 fideles
1627 854 1729 910 hoc
1755 854 1881 909 hor-

282 953 426 999 tatur
455 944 636 1010 modo,
670 961 780 1000 non
810 946 983 1002 solum
1010 955 1227 1002 sanctos
1254 947 1343 1018 qui
1375 948 1429 1002 in
1461 947 1596 1002 vivis
1622 956 1763 1010 sunt,
1787 946 1883 1003 sed

280 1035 445 1090 etiam
476 1046 718 1092 mortuos
754 1036 808 1092 in
855 1037 1090 1093 medium
1121 1038 1410 1095 adducens.
1443 1039 1698 1095 Hebraeos
1738 1041 1883 1096 enim

275 1125 581 1196 alloquens,
614 1127 703 1199 qui
744 1129 1005 1185 nutabant
1048 1145 1279 1201 moxque
1309 1132 1511 1201 lapsuri
1555 1141 1728 1199 erant,
1779 1134 1882 1187 Da-

281 1215 482 1272 nielem
511 1218 563 1272 in
594 1218 831 1275 medium
863 1219 1100 1288 adducit,
1146 1229 1257 1277 tres
1287 1237 1504 1293 pueros,
1537 1223 1731 1289 Etiam,
1767 1224 1882 1280 Eli-

284 1321 471 1375 summ,
500 1308 585 1364 his
612 1311 793 1366 verbis
825 1328 839 1364 :
876 1311 1248 1369 Obturaverunt
1290 1332 1382 1370 ora
1421 1317 1642 1382 leonum,
1687 1318 1880 1372 exstin—

276 1410 464 1458 πει-ωλι
505 1402 739 1457 virtutem
781 1404 934 1475 ignis,
970 1405 1257 1477 eﬁugerunt
1302 1424 1393 1462 ora
1436 1408 1617 1479 gladii,
1667 1409 1883 1478 lapidati

277 1499 418 1558 sunt,
446 1490 665 1546 ludibria
682 1501 731 1547 et
755 1495 958 1549 verbera
984 1497 1179 1567 experti
1217 1505 1354 1565 sunt,
1386 1498 1687 1569 insuperque
1710 1508 1881 1554 custo-

279 1583 423 1640 diam
450 1600 729 1640 carcerum.
759 1585 1077 1644 Circuierunt
1101 1590 1156 1645 in
1181 1589 1376 1646 melotis
1400 1601 1450 1646 et
1472 1592 1695 1663 caprinis
1730 1592 1881 1663 pelli-

280 1674 397 1744 bus,
426 1687 643 1748 egentes,
677 1682 974 1750 angustiati,
1004 1683 1192 1753 afﬂicti,
1222 1683 1400 1753 quibus
1442 1683 1625 1755 dignus
1648 1700 1749 1738 non
1774 1693 1884 1740 erat

279 1768 501 1821 niundus
531 1767 715 1838 (Hebr.
744 1772 831 1826 11.
849 1772 917 1828 54
932 1780 980 1828 et
1004 1774 1166 1846 seqq.)
1184 1815 1198 1829 .

357 1857 735 1915 AErumnarum
764 1864 1051 1919 communio
1082 1866 1318 1920 solatium
1346 1866 1533 1937 prcebet
1568 1868 1783 1939 amictis.
1804 1895 1877 1908 —

281 1948 665 2008 Airumnarum
703 1963 881 2010 autem
909 1957 1216 2013 communio
1242 1958 1488 2013 solatium
1517 1958 1718 2028 praebet
1740 1959 1879 2014 afﬂi-

281 2042 387 2097 ctis
415 2060 429 2097 :
461 2058 525 2099 ac
548 2045 993 2115 quemadmodum
1019 2049 1066 2104 si
1093 2047 1212 2121 quis
1251 2050 1395 2105 solus
1422 2066 1588 2120 grave
1611 2050 1881 2122 quidpiam

285 2135 540 2204 patiatur,
568 2136 768 2192 nullam
798 2138 958 2195 habet
998 2141 1050 2195 in
1091 2141 1232 2197 malo
1251 2141 1706 2207 consolationem;
1742 2142 1811 2197 ita
1836 2143 1882 2199 si

284 2227 409 2297 quis
438 2227 673 2284 inveniat
703 2231 862 2285 alium
894 2232 947 2287 in
985 2234 1122 2289 mala
1150 2232 1446 2306 delapsum,
1475 2233 1599 2291 hinc
1628 2234 1880 2292 leviorem

285 2320 563 2389 experitur
585 2322 813 2393 plagam.

354 2410 409 2465 2.
440 2410 510 2467 Ut
536 2412 692 2483 igitur
729 2416 783 2471 in
812 2417 1081 2485 omnibus,
1135 2435 1253 2491 quze
1292 2422 1447 2478 nobis
1474 2422 1699 2479 molesta
1727 2425 1872 2480 acci-

282 2499 548 2570 dunt,non
567 2506 1331 2580 concidamus,Scripturarum
1349 2513 1584 2570 historiis
1602 2515 1882 2587 diligenter

282 2596 621 2654 attendamus
668 2616 682 2654 :
727 2601 951 2657 multam
990 2604 1134 2659 enim
1177 2605 1303 2662 hinc
1342 2609 1611 2678 patientiae
1639 2610 1880 2665 occasio-

285 2701 415 2742 nem
444 2690 825 2760 mutuabimur,
856 2710 960 2749 non
988 2697 1161 2751 solum
1178 2712 1244 2753 ex
1271 2700 1525 2756 societate
1549 2700 1736 2757 eadem
1760 2716 1882 2771 pas-

284 2795 467 2837 sorum
491 2785 907 2843 consolationem
938 2790 1099 2856 nacti,
1131 2789 1226 2846 sed
1246 2790 1419 2848 edocti
1448 2793 1608 2849 etiam
1638 2793 1877 2862 modum,

284 2887 394 2943 quo
415 2875 482 2929 ab
502 2877 754 2935 (erumnis
778 2876 883 2932 illis
907 2879 1215 2949 liberemur,
1237 2889 1292 2938 et
1319 2882 1495 2953 adepti
1524 2884 1879 2956 tranquillita-

286 2974 399 3021 tem
423 2967 612 3022 eodem
656 2970 709 3025 in
755 2979 897 3026 statu
926 2987 1258 3042 maneamus,
1287 2990 1389 3031 nec
1413 2978 1493 3032 vel
1526 2977 1577 3032 in
1618 2978 1878 3035 desidiam

285 3056 550 3125 labamur,
591 3062 675 3117 vel
722 3064 1028 3135 arrogantia
1077 3064 1380 3123 efferamur.
1426 3068 1557 3124 Nam
1583 3070 1726 3141 quod
1755 3086 1878 3127 cum

284 3149 443 3204 malis
463 3150 767 3223 afﬂigimur,
787 3154 1007 3211 demissi
1034 3155 1369 3230 humilesque
1396 3161 1584 3228 simus,
1609 3177 1880 3233 magnam-

282 3254 392 3310 que
422 3242 667 3310 pietatem
693 3245 1061 3314 exhibeamus,
1098 3249 1231 3304 nihil
1259 3251 1450 3306 mirum
1482 3269 1495 3306 :
1542 3253 1655 3309 inec
1684 3254 1881 3325 quippe

285 3340 371 3385 est
396 3335 742 3391 tentationum
792 3348 999 3406 natura,
1027 3349 1084 3396 ut
1104 3342 1185 3398 vel
1211 3358 1326 3411 eos,
1366 3346 1454 3415 qui
1482 3346 1689 3416 lapideo
1714 3352 1880 3404 corde

283 3432 430 3492 sunt,
458 3427 523 3481 ad
569 3426 712 3485 hunc
754 3440 949 3486 statum
981 3448 1092 3503 pra:
1128 3433 1418 3492 afﬂictione
1447 3437 1711 3497 deducant
1742 3459 1756 3497 :
1784 3444 1878 3500 sed

283 3517 479 3573 animm
512 3529 594 3575 est
621 3521 911 3594 religiosae,
953 3524 1226 3596 Deumque
1264 3529 1517 3585 continuo
1562 3546 1672 3601 pra:
1710 3534 1880 3591 oculis

284 3607 553 3678 habentis,
583 3613 744 3668 etiam
792 3624 1075 3687 postquam
1121 3617 1344 3674 liberata
1386 3629 1468 3676 est
1506 3636 1537 3676 a
1569 3625 1879 3681 tentationi-

284 3700 411 3770 bus,
444 3702 497 3758 in
524 3705 848 3762 oblivionem
877 3709 1099 3765 minime
1124 3711 1318 3768 cadere
1346 3730 1361 3769 :
1385 3714 1526 3782 quod
1555 3714 1752 3772 Judaeis
1764 3718 1877 3774 fre-

284 3803 513 3862 quenter
535 3797 746 3851 accidit.
772 3798 948 3868 Quare
972 3800 1204 3857 irridens
1219 3817 1313 3860 eos
1341 3805 1604 3873 propheta
1631 3807 1875 3864 diccbat:

284 3881 413 3938 Cum
439 3886 682 3941 occideret
710 3906 815 3957 eos,
843 3889 1134 3958 quterebant
1182 3908 1316 3957 eum,
1349 3904 1397 3949 et
1415 3897 1802 3965 revertebantur,
1834 3909 1881 3955 et

285 3973 513 4030 diluculo
533 3978 789 4035 veniebant
814 3981 882 4035 ad
918 3980 1082 4036 Deum
1108 3982 1273 4055 (Psal.
1302 3986 1389 4039 77.
1418 3985 1531 4058 54).
1563 3988 1627 4042 Et
1668 3989 1879 4061 Moyses

286 4066 477 4122 horum
508 4071 753 4126 conscius
782 4112 798 4139 ,
839 4071 1146 4145 frequenter
1187 4075 1496 4132 hortabatur
1543 4077 1626 4133 his
1652 4080 1829 4136 verbis
1860 4098 1875 4135 :

287 4157 417 4213 Cum
452 4161 752 4230 comederis,
776 4173 823 4218 et
861 4163 1061 4232 biberis,
1094 4174 1140 4220 et
1177 4176 1437 4223 saturatas
1472 4169 1651 4239 (ueris,
1680 4173 1881 4229 attende

286 4250 397 4317 tibi,
441 4268 505 4306 ne
546 4253 856 4310 obliviscaris
892 4254 1100 4310 Domini
1126 4256 1224 4313 Dei
1246 4260 1319 4312 tui
1347 4260 1522 4331 (Deut.
1550 4264 1603 4317 6.
1642 4264 1731 4319 12.
1762 4266 1875 4337 15).

284 4341 421 4399 Illud
466 4345 625 4416 igitur
664 4348 887 4403 evenit:
936 4348 1164 4404 Comedit
1211 4352 1375 4420 enim,
1404 4352 1596 4423 inquit,
1616 4353 1798 4423 Iacob,
1831 4368 1880 4414 et

281 4433 630 4505 impinguatus
659 4445 751 4502 est,
776 4447 823 4492 et
844 4438 1155 4495 incrassatus
1173 4449 1265 4509 est,
1296 4451 1341 4496 et
1365 4443 1701 4500 recalcitravit
1744 4447 1876 4501 dile-

282 4535 396 4579 ctus
421 4523 597 4595 (Deut.
631 4528 720 4583 52.
744 4529 857 4599 15).
889 4529 1246 4598 Quamobrem
1272 4542 1487 4590 sanctos
1509 4550 1616 4593 non
1641 4535 1762 4592 ideo
1780 4538 1881 4593 mi-

287 4616 396 4670 rari
425 4631 521 4686 par
545 4629 647 4686 est,
674 4618 816 4688 quod
846 4630 1071 4691 urgente
1103 4622 1464 4693 tribulatione,
1489 4625 1559 4682 ita
1584 4627 1659 4697 pii
1684 4636 1738 4684 et
1762 4628 1880 4698 phi-

284 4706 494 4778 losophi
525 4706 756 4775 fuerint;
803 4710 898 4766 sed
922 4712 1063 4782 quod
1087 4721 1352 4770 transacta
1379 4715 1592 4788 hyeme,
1616 4727 1672 4774 et
1710 4719 1875 4775 adve-

285 4799 467 4855 niente
489 4801 895 4870 tranquillitate,
926 4802 979 4858 in
1002 4803 1189 4860 eadem
1208 4805 1471 4863 modestia
1496 4808 1877 4881 diligentiaque

285 4894 600 4949 manserint.
632 4895 840 4965 Equum
868 4906 1016 4951 certe
1045 4897 1192 4952 illum
1232 4901 1465 4956 maxime
1501 4902 1684 4958 mirari
1712 4918 1876 4974 opor-

285 4994 382 5050 tet,
404 4984 494 5055 qui
540 4985 657 5041 sine
686 4986 836 5041 freno
864 4989 1126 5044 concinne
1151 4990 1253 5045 iter
1285 4988 1461 5047 facere
1490 5001 1666 5061 potest
1692 5009 1707 5060 ;
1731 4992 1875 5065 quod

283 5075 331 5132 si
380 5075 531 5131 freno
557 5076 890 5148 habenisque
917 5082 1228 5151 cogentibus
1258 5083 1445 5139 ordine
1484 5085 1714 5150 incedat,
1742 5085 1875 5141 nihil

283 5167 480 5223 mirum
508 5185 521 5221 :
556 5183 660 5224 non
693 5169 835 5225 enim
873 5172 1218 5242 generositati
1261 5174 1528 5244 animalis,
1558 5176 1654 5233 sed
1681 5191 1875 5234 neces-

283 5261 428 5317 sitati
454 5276 485 5316 a
512 5261 664 5317 freno
687 5262 914 5319 inductae
941 5265 1028 5320 illa
1049 5281 1263 5335 gressus
1292 5269 1624 5326 concinnitas
1641 5270 1875 5327 tribuen-

282 5350 350 5405 da
378 5360 482 5407 est.
511 5352 742 5421 ldipsum
774 5353 838 5408 dc
856 5356 1031 5410 anima
1057 5356 1362 5425 dicendum,
1394 5359 1438 5414 si
1476 5359 1706 5416 instante
1727 5371 1871 5418 metu

286 5443 564 5498 moderate
591 5453 732 5515 agat,
765 5445 893 5501 nihil
920 5448 1111 5503 mirum
1144 5464 1262 5505 esse
1290 5465 1304 5517 ;
1337 5466 1459 5507 cum
1488 5461 1664 5509 autem
1695 5462 1873 5511 tenta-

285 5535 463 5591 tioues
490 5535 818 5601 transierint,
842 5546 897 5591 et
923 5540 1128 5594 timoris
1157 5539 1365 5596 frenum
1394 5554 1657 5599 remotum
1688 5544 1867 5612 fuerit,

284 5634 415 5680 tunc
433 5624 564 5679 mihi
584 5627 745 5681 animi
776 5626 1166 5700 philosophiam
1184 5632 1378 5689 exhibe
1396 5674 1411 5701 ,
1434 5649 1756 5706 omnemque
1787 5634 1874 5692 di-

285 5718 594 5791 sciplinam.
648 5718 753 5775 Sed
799 5735 990 5777 vereor
1035 5738 1104 5779 ne
1146 5724 1360 5782 Iudaeos
1385 5741 1637 5783 accusare
1665 5727 1872 5796 volens,

295 5822 539 5870 nostrum
564 5827 812 5869 accusem
843 5814 962 5868 vitae
994 5813 1288 5873 institutum
1322 5836 1336 5873 :
1363 5817 1793 5893 quandoquidem
1818 5829 1874 5878 et

588 5898 858 5957 PATROL.
906 5898 1023 5957 Gtt.
1068 5898 1199 5959 XLI
1215 5900 1291 5963 Χ.

1372 368 1463 447 DE
1504 365 1974 426 PCENITENTIA.
2015 366 2243 425 HOMIL.
2288 370 2373 428 IV.

3476 376 3584 432 30'!

1995 497 2094 537 nos
2119 498 2239 540 cum
2266 483 2683 554 exagitabantur,
2713 486 2886 540 vexati
2914 485 3075 553 fame,
3106 494 3274 556 peste,
3298 487 3581 558 grandine,

1990 573 2249 640 siccitate,
2298 574 2577 641 incendiis,
2609 575 2843 630 hostium
2877 577 3115 644 incursu,
3149 592 3324 631 nonne
3346 577 3584 647 quotidie

1990 663 2214 718 ecclesia
2265 664 2602 722 multitudine
2658 666 3092 721 convenientium
3147 667 3582 738 angustabatur?

1992 762 2122 809 tunc
2165 770 2358 826 magna
2386 756 2540 812 nobis
2579 757 2751 813 inerat
2780 757 3140 830 philosophia,
3162 768 3217 815 et
3244 759 3582 815 saecularium

1989 862 2169 903 rerum
2219 857 2555 920 contemptus
2603 868 2619 906 :
2665 866 2771 907 non
2813 854 3160 923 pecuniarum
3202 853 3418 925 cupido,
3475 870 3581 909 non

1988 939 2172 1009 gloriae
2199 940 2547 1009 desiderium,
2590 957 2697 998 non
2737 944 3003 1013 appetitus
3028 952 3083 999 et
3124 958 3276 999 amor
3324 944 3578 1007 lasciviae,

1990 1045 2163 1101 neque
2207 1032 2345 1087 alius
2378 1048 2573 1104 pravus
2605 1035 2867 1105 cogitatus
2891 1042 3017 1089 tunc
3043 1049 3142 1089 nos
3187 1034 3458 1106 agitabat;
3483 1035 3581 1090 sed

1989 1123 2221 1178 universi
2246 1138 2343 1180 vos
2370 1125 2438 1180 ad
2480 1125 2579 1181 Dei
2628 1127 2828 1182 cultum
2866 1126 3166 1182 contulistis
3189 1141 3310 1182 cum
3338 1127 3583 1183 oratione

1987 1224 2039 1271 et
2068 1216 2336 1289 lacrymis.
2370 1218 2522 1275 Tunc
2551 1217 2846 1274 fornicator
2876 1227 3240 1289 temperanter
3260 1218 3470 1290 agebat,
3498 1217 3583 1272 in-

1983 1308 2243 1380 juriarum
2307 1325 2515 1366 memor
2567 1310 2635 1366 ad
2680 1310 3169 1366 reconciliationem
3216 1309 3597 1381 properabat,_

1987 1417 2179 1458 avarus
2208 1402 2275 1458 ad
2303 1387 2698 1475 eleemosyna‘m
2724 1401 3055 1469 ﬂectebatur,
3084 1401 3369 1458 iracundus
3394 1409 3448 1457 et
3469 1410 3582 1456 tru-

1989 1495 2232 1551 culentus
2252 1494 2319 1551 ad
2346 1494 2699 1551 humilitatem
2720 1504 2776 1550 et
2800 1494 3262 1550 mansuetudinem
3294 1500 3581 1549 converte-

1988 1587 2166 1643 batur.
2192 1587 2479 1657 Postquam
2508 1598 2685 1643 autem
2718 1589 2858 1644 Deus
2887 1588 3023 1643 iram
3053 1587 3195 1643 illam
3219 1586 3489 1656 deposuit,
3518 1601 3582 1642 ac

1988 1677 2276 1748 procellam
2297 1678 2494 1749 abegit,
2519 1689 2681 1751 atque
2708 1689 2827 1750 post
2848 1689 3028 1735 tantos
3052 1679 3247 1735 ﬂuctus
3273 1680 3582 1751 tranquilli-

1991 1776 2154 1824 tatem
2184 1770 2387 1839 paravit
2412 1811 2426 1835 ,
2449 1770 2517 1825 ad
2545 1770 2802 1840 pristinos
2834 1771 3027 1827 iterum
3055 1786 3234 1827 mores
3257 1772 3460 1825 reversi
3486 1785 3582 1826 su-

1988 1876 2129 1917 mus.
2166 1862 2326 1933 Atqui
2356 1863 2410 1918 in
2442 1863 2560 1933 ipso
2585 1864 2937 1919 tentatiouum
2973 1875 3213 1934 tempore
3239 1864 3354 1919 haec
3385 1864 3582 1934 pra-di-

1987 1968 2110 2008 cere
2131 1962 2185 2009 et
2213 1954 2486 2010 testificari
2515 1972 2621 2010 non
2644 1956 2966 2012 desistebam
2993 1974 3006 2012 :
3035 1965 3273 2012 attamen
3297 1956 3427 2010 nihil
3456 1971 3582 2025 pro-

1988 2045 2247 2113 fecimus;
2296 2047 2388 2103 sed
2416 2048 2561 2103 velut
2600 2049 2867 2104 somnium
2897 2057 2952 2104 et
2999 2048 3242 2104 umbram
3296 2057 3580 2103 transeun-

1989 2152 2115 2206 tem,
2142 2141 2220 2196 sic
2245 2141 2333 2195 illa
2354 2141 2529 2196 omnia
2552 2142 2618 2197 ab
2643 2143 2834 2198 animis
2869 2143 3061 2198 vestris
3081 2143 3403 2198 removistis.
3449 2141 3583 2197 Pro-

1988 2241 2169 2302 pterea
2192 2250 2331 2289 nunc
2348 2234 2508 2290 timeo
2525 2235 2662 2305 plus,
2681 2250 2837 2307 quam
2863 2245 2988 2292 tunc
3012 2236 3335 2304 metuebam,
3357 2244 3413 2291 et
3437 2235 3580 2306 quod

1987 2331 2115 2378 tunc
2143 2322 2407 2391 dicebam,
2441 2330 2583 2379 nunc
2602 2327 2768 2396 magis
2787 2324 3036 2392 formido,
3070 2342 3138 2382 ne
3166 2326 3414 2397 graviora
3436 2327 3583 2396 prio-

1985 2415 2137 2468 ribus
2186 2415 2339 2470 nobis
2365 2416 2695 2472 attrahamus
2721 2417 2858 2471 mala
2888 2459 2903 2486 ,
2937 2425 3166 2488 tuncque
3195 2417 3405 2489 plagam
3431 2417 3581 2473 incu-

1987 2504 2207 2559 rabilem
2233 2520 2263 2559 a
2292 2505 2401 2560 Deo
2426 2506 2771 2577 accipiamus.
2800 2506 2935 2563 Cum
2958 2509 3098 2563 enim
3127 2509 3245 2578 quis
3272 2509 3580 2579 frequenter

1987 2612 2216 2667 peccans
2235 2612 2264 2651 a
2294 2597 2404 2653 Deo
2433 2599 2640 2654 veniam
2668 2600 3030 2670 consequitur,
3059 2609 3113 2655 et
3146 2608 3330 2669 postea
3352 2600 3482 2655 nihil
3505 2600 3574 2656 ab

1986 2689 2251 2760 ejusmodi
2292 2691 2573 2746 tolerantia
2607 2691 2699 2746 Dei
2731 2691 2967 2748 lucratur
2992 2693 3057 2747 ad
3088 2693 3379 2763 nequitiam
3409 2692 3578 2764 depo-

1986 2780 2240 2847 nendam,
2271 2780 2486 2837 demum
2520 2781 2591 2836 ita
2616 2797 2737 2837 cum
2768 2782 2857 2838 illo
2886 2784 2994 2854 agit
3031 2783 3195 2850 Deus,
3225 2792 3284 2838 ut
3311 2784 3393 2839 vel
3415 2784 3581 2839 invito

1988 2872 2065 2927 illi
2095 2874 2358 2931 malorum
2390 2874 2748 2946 c010phonem
2793 2876 3064 2944 immittat,
3092 2891 3323 2947 eumque
3367 2876 3581 2947 penitus

1985 2976 2244 3034 conterat,
2297 2983 2474 3038 neque
2517 2969 2656 3023 ultra
2708 2968 2784 3024 illi
2827 2968 3065 3024 inducias
3112 2968 3178 3023 ad
3211 2969 3578 3039 paenitentiam

1985 3056 2261 3122 concedat,
2290 3058 2431 3127 quod
2462 3067 2516 3114 et
2558 3058 2659 3127 ipsi
2706 3058 2970 3113 Pharaoni
3018 3060 3259 3129 contigit.
3293 3059 3393 3115 Ubi
3435 3061 3578 3114 enim

1986 3149 2173 3219 priori,
2229 3148 2484 3215 secunda,
2517 3149 2688 3214 tertia,
2724 3157 2909 3219 quarta
2954 3149 3177 3219 aliisque
3223 3150 3574 3219 sequentibus

1986 3241 2177 3312 plagis,
2209 3240 2301 3296 Dei
2334 3241 2790 3311 longanimitatem
2834 3249 3086 3310 expertus
3112 3283 3126 3307 ,
3158 3241 3290 3296 nihil
3321 3241 3446 3297 hinc
3472 3242 3578 3295 uti-

1987 3332 2153 3389 litatis
2178 3335 2493 3403 accepisset,
2529 3332 2743 3387 attritus
2786 3330 3001 3387 demum
3047 3341 3129 3387 est
3154 3347 3275 3386 cum
3298 3341 3407 3386 tota
3450 3331 3578 3386 civi-

1986 3435 2115 3494 tate,
2151 3426 2492 3496 funditusque
2542 3424 2770 3481 deletus.
2828 3424 3062 3495 ldipsum
3115 3436 3168 3479 et
3215 3422 3384 3479 Judaei
3434 3424 3580 3492 passi

1986 3530 2131 3577 sunt.
2161 3518 2520 3589 Quamobrem
2551 3518 2799 3574 Christus
2825 3533 2945 3574 cum
2973 3532 3066 3573 eos
3090 3516 3390 3587 perditurus
3418 3517 3581 3569 vastiv

1987 3624 2257 3685 talemque
2294 3613 2425 3684 ipsis
2470 3620 2780 3683 perpetuam
2804 3610 3116 3665 inducturus
3145 3618 3307 3675 esset,
3331 3608 3409 3664 sic
3428 3608 3577 3663 dice-

1985 3704 2077 3759 bat
2103 3721 2117 3757 :
2164 3704 2367 3771 Quoties
2411 3703 2548 3757 volui
2590 3718 2895 3773 congregare
2910 3702 3045 3770 ﬁlios
3066 3710 3201 3767 tuos,
3224 3709 3269 3754 et
3296 3700 3534 3755 noluistis
3552 3701 3580 3754 ?

1987 3796 2121 3851 Ecce
2144 3796 2453 3868 relinquetur
2482 3795 2660 3849 domus
2688 3802 2849 3848 vestra
2894 3793 3091 3849 deserta
3119 3792 3268 3865 (Luc.
3319 3793 3408 3847 15.
3460 3792 3572 3858 54).

1986 3888 2172 3944 Timeo
2216 3887 2375 3957 igitur
2420 3901 2488 3941 ne
2540 3901 2638 3940 nos
2676 3899 2889 3955 quoque
2931 3884 3117 3938 eadem
3150 3883 3260 3952 ipsa
3293 3883 3575 3953 patiamur,

1985 3979 2108 4051 quia
2135 3993 2235 4033 nec
2262 3977 2468 4043 alienis,
2499 3992 2598 4031 nec
2641 3975 2838 4031 nostris
2874 3974 3032 4030 malis
3052 3972 3119 4027 ad
3150 3972 3428 4027 meliorem
3461 3973 3577 4028 fru-

1985 4085 2106 4141 gem
2156 4068 2482 4125 redueimur.
2531 4066 2647 4123 Non
2671 4066 2828 4122 vobis
2856 4066 3029 4122 solum
3057 4080 3200 4120 nunc
3228 4064 3580 4135 praesentibus

1987 4162 2104 4217 haec
2131 4161 2271 4229 dico,
2303 4160 2398 4216 sed
2444 4160 2509 4215 iis
2546 4160 2727 4225 etiam,
2756 4159 2845 4230 qui
2875 4174 2904 4213 a
2944 4158 3251 4229 quotidiana
3298 4157 3574 4227 diligentia

1986 4253 2240 4310 abstracti
2286 4261 2430 4321 sunt,
2463 4260 2517 4308 et
2553 4252 2791 4323 priorum
2821 4251 3183 4305 calamitatum
3215 4248 3365 4304 obliti
3396 4265 3410 4302 :
3441 4264 3578 4319 quos

1986 4362 2093 4401 non
2119 4344 2395 4402 cessabam
2437 4360 2672 4414 semper,
2697 4359 2783 4398 me
2826 4344 3000 4414 ipsum
3030 4342 3182 4412 quasi
3211 4342 3573 4413 disrumpens,

1986 4438 2066 4494 sic
2092 4438 2288 4508 alloqui
2320 4452 2339 4494 :
2388 4437 2611 4492 Etiamsi
2641 4436 2959 4493 tentationes
2984 4436 3314 4504 transierint,
3362 4446 3579 4491 maneat

1985 4530 2039 4585 in
2067 4530 2259 4585 animis
2286 4529 2478 4585 vestris
2505 4529 2855 4584 tentationum
2907 4528 3191 4595 memoria,
3233 4536 3293 4583 ut
3333 4526 3580 4584 beneficii

1985 4621 2293 4691 frequenter
2345 4619 2713 4687 recordantes,
2761 4620 2961 4692 gratias
3000 4629 3260 4692 perpetuo
3284 4621 3579 4677 referamus

1984 4715 2112 4770 illud
2138 4714 2432 4770 conferenti
2458 4715 2591 4770 Deo.

2055 4808 2108 4863 5.
2155 4806 2332 4863 Sancti
2352 4822 2509 4878 neque
2536 4808 2796 4873 (erumnis,
2818 4823 2976 4875 neque
3002 4806 3231 4861 secundis
3255 4806 3404 4861 rebus
3429 4806 3577 4875 {eam

1983 4908 2189 4970 guntur.
2215 4928 2290 4943 —-
2312 4899 2438 4954 llzec
2466 4907 2520 4954 et
2551 4908 2676 4955 tunc
2707 4899 2970 4964 dicebam,
3003 4906 3057 4953 et
3086 4912 3225 4952 nunc
3252 4897 3374 4952 dico
3398 4898 3575 4966 vobis,

1984 5005 2046 5046 ac
2077 5005 2173 5062 per
2200 5006 2297 5046 vos
2339 4992 2461 5046 illis.
2493 4990 2771 5046 imitemur
2796 4999 3027 5053 sanctos,
3058 4988 3147 5059 qui
3175 5003 3348 5059 neque
3373 5004 3402 5043 a
3427 4989 3575 5045 cala-

1984 5084 2256 5141 mitatibus
2276 5082 2509 5152 absorpti
2532 5090 2675 5149 sunt,
2704 5096 2876 5150 neque
2903 5080 3149 5136 secundis
3175 5080 3337 5136 rebus
3366 5081 3578 5137 mollio-

1984 5190 2070 5229 res
2099 5189 2336 5239 evasere,
2381 5183 2438 5227 ut
2464 5173 2767 5242 complures
2816 5171 3089 5225 hominum
3133 5187 3277 5227 nunc
3315 5173 3575 5240 facimus;

1982 5265 2119 5320 sicut
2144 5263 2368 5319 leviores
2408 5263 2631 5333 cymbae,
2670 5278 2788 5331 quze
2832 5263 3067 5333 qualibet
3104 5264 3456 5333 procellarum
3489 5265 3575 5320 in—

1980 5364 2206 5426 gruente
2255 5355 2304 5408 vi
2347 5355 2722 5409 circumventa:
2769 5352 3171 5426 demerguntur.
3234 5355 3364 5411 Nam
3428 5370 3573 5426 saepe

1984 5457 2266 5519 paupertas
2293 5448 2545 5518 ingruens
2572 5462 2671 5502 nos
2701 5447 2753 5501 in
2794 5448 3112 5518 profundum
3151 5448 3346 5518 dejecit
3372 5463 3435 5503 ac
3473 5446 3572 5501 dc-

1982 5542 2168 5597 mersit
2196 5558 2209 5593 :
2238 5540 2533 5609 iterumque
2561 5538 2840 5595 afﬂuentes
2867 5539 3064 5596 divitiae
3102 5554 3201 5594 nos
3226 5536 3567 5605 inilaverunt,

1980 5644 2034 5690 et
2061 5635 2115 5691 in
2156 5642 2449 5690 extremam
2489 5631 2761 5689 deduxere
2795 5633 3191 5705 negligentiam.
3237 5632 3574 5702 Quapropter

1982 5742 2134 5798 rogo,
2164 5726 2339 5783 omnia
2370 5725 2752 5797 relinquentes,
2784 5726 2989 5781 animas
3012 5733 3220 5780 nostras
3244 5724 3310 5780 ad
3339 5723 3570 5780 salutem

1980 5819 2172 5893 singuli
2212 5832 2637 5892 componamus:
2666 5818 2765 5877 hac
2799 5818 2941 5875 enim
2985 5816 3121 5875 bene
3158 5830 3280 5873 sese
3320 5813 3566 5881 habento,

3160 5907 3236 5966 1υ

3198 5908 3236 5967 υ
