4066 6488
532 392 634 451 τοδ

532 433 562 451 9,,
583 428 596 449 θ

531 428 596 453 ’.ευ

520 507 901 579 quodcumque
942 508 1148 579 ingruet
1175 508 1320 575 mali,
1364 509 1476 564 sive
1519 508 1706 573 fames,
1738 522 1831 564 seu
1871 509 2110 573 morbus,

525 613 621 652 seu
652 597 1019 670 sycophantia,
1049 612 1143 653 seu
1175 597 1517 668 pecuniarum
1560 598 1789 669 direptio
1809 641 1822 665 ,
1853 612 1946 653 seu
1977 596 2121 652 aliud

527 687 760 758 quidvis,
791 687 1067 743 tolerabile
1092 688 1195 744 erit
1239 702 1304 744 ac
1345 688 1461 743 leve
1501 695 1720 758 propter
1746 688 1956 743 Domini
1990 702 2125 757 prte-

527 789 745 851 ceptum
773 795 836 836 ac
862 795 1034 850 spem,
1062 795 1219 853 quam
1265 782 1316 836 in
1349 781 1496 835 illum
1528 781 1786 836 habemus
1865 777 2123 851 quemad-

528 870 751 926 modum
777 887 961 928 rursus
987 872 1161 927 anima
1191 887 1314 942 erga
1348 873 1512 927 Deum
1539 888 1643 927 non
1671 880 1817 928 recte
1845 871 2121 942 diSposita,

467 1000 481 1013 .
525 962 628 1018 etsi
657 962 855 1019 divitia:
885 963 1130 1030 afﬂuant,
1162 964 1339 1019 adsint
1367 964 1541 1031 liberi,
1573 964 1938 1035 immensaque
1969 978 2128 1033 pecu-

530 1054 641 1122 nia,
690 1069 914 1126 magnos
952 1055 1052 1111 sibi
1091 1070 1354 1111 maerores
1388 1065 1442 1110 et
1478 1054 1861 1110 sollicitudines
1898 1052 2129 1109 attrahet

530 1150 618 1218 is,
670 1149 761 1221 qui
810 1149 1022 1204 illorum
1070 1150 1289 1219 potitur.
1333 1148 1411 1203 Ne
1448 1148 1628 1219 itaque
1668 1147 1879 1202 divitias
1922 1162 2131 1217 quiera—

533 1255 675 1310 mus,
702 1255 771 1297 ne
800 1249 1168 1311 paupertatem
1196 1240 1491 1312 fugiamus;
1515 1239 1608 1297 sed
1632 1256 1738 1310 prae
1760 1240 2006 1296 omnibus
2034 1255 2132 1294 no-

535 1344 702 1390 stram
731 1334 921 1405 singuli
952 1349 1203 1389 curemus
1224 1334 1481 1399 animam,
1509 1348 1734 1403 eamque
1757 1332 2000 1387 idoneam
2031 1348 2129 1403 pa-

539 1444 721 1485 remus
748 1438 858 1484 tum
883 1429 947 1484 ad
972 1428 1251 1498 praesentis
1275 1429 1397 1483 vitae
1425 1427 1898 1507 dispensationem,
1924 1436 2031 1481 tum
2064 1427 2130 1482 ad

538 1519 837 1593 profectum
863 1535 930 1576 ex
961 1521 1061 1576 hac
1083 1521 1188 1575 vita
1228 1521 1295 1575 ad
1323 1520 1571 1577 futuram.
1618 1519 1806 1574 Adhuc
1834 1520 1975 1573 enim
2019 1534 2136 1573 mo-

540 1615 744 1680 dicum,
774 1622 828 1669 et
856 1613 1096 1683 probatio
1125 1612 1539 1683 uniuscujusque
1579 1622 1821 1667 nostrum
1863 1610 1973 1675 fiet.
2012 1627 2134 1667 cum

511 1690 734 1759 ‘omnes
778 1703 1109 1758 adstabimus
1165 1712 1289 1759 ante
1342 1703 1667 1759 horrendum
1727 1702 1858 1758 illud
1908 1704 2136 1759 tribunal

549 1793 753 1850 Christi
779 1795 1008 1864 propriis
1031 1795 1329 1850 actionibus
1355 1794 1689 1863 circumdati,
1718 1803 1773 1850 et
1808 1797 2034 1866 propriis
2057 1797 2138 1849 vi-

545 1888 734 1942 dentes
772 1887 942 1942 oculis
967 1928 983 1950 ,
1005 1887 1131 1943 hinc
1164 1887 1430 1958 lacrymas
1455 1887 1797 1957 pupillorum,
1817 1887 1939 1943 inde
1960 1896 2140 1955 turpes

551 1978 817 2046 lascivias,
839 1978 1033 2049 quibus
1061 1981 1266 2035 animas
1305 1987 1517 2035 nostras
1546 1980 1969 2051 inquinavimus;
1990 1982 2142 2035 item-

542 2085 653 2139 que
693 2069 975 2127 viduarum
1027 2072 1278 2141 gemitus,
1333 2073 1549 2144 inopum
1596 2073 1872 2143 colaphos,
1929 2076 2142 2145 rapinas

548 2176 873 2233 pauperum;
904 2177 1010 2219 non
1038 2162 1154 2218 haec
1179 2174 1356 2219 autem
1387 2164 1558 2219 solum
1586 2172 1644 2219 et
1685 2166 1767 2220 his
1801 2165 2017 2233 similia,
2049 2166 2141 2221 sed

547 2253 709 2307 etiam
735 2255 780 2309 si
807 2254 937 2325 quid
975 2269 1198 2325 pravum
1230 2266 1408 2311 mente
1447 2246 1668 2312 fecimus
1702 2276 1717 2312 :
1745 2258 1994 2328 quoniam
2032 2260 2145 2328 ipse

548 2354 632 2398 est
654 2343 1027 2415 Cogitationum
1052 2346 1317 2410 discretor,
1349 2355 1395 2400 et
1418 2348 1751 2401 intentionum
1766 2349 1935 2418 judea;
1956 2347 2140 2420 (Hebr.

550 2437 607 2490 4.
634 2436 761 2509 12);
811 2452 875 2494 ac
907 2453 1142 2503 rursum,
1178 2439 1430 2495 Scrutans
1458 2440 1613 2494 corda
1642 2450 1689 2494 et
1718 2458 1860 2495 renes
1891 2441 2063 2514 (Psal.
2089 2441 2144 2496 ’1.

552 2528 668 2602 10),
695 2538 768 2595 et,
792 2528 1027 2585 Reddens
1043 2532 1316 2602 unicuique
1329 2533 1600 2587 secundum
1624 2549 1751 2603 opus
1764 2549 1913 2587 suum
1931 2531 2145 2606 (Matth.

554 2620 645 2675 to.
672 2619 819 2691 27).-

636 2710 768 2766 Vera
792 2712 1054 2783 virginitas
1082 2728 1216 2783 quat.
1279 2743 1350 2755 —
1378 2714 1475 2770 llic
1501 2730 1662 2787 porro
1699 2731 1879 2771 sermo
1915 2732 2019 2772 non
2057 2731 2152 2774 eos

556 2803 732 2857 solum
762 2804 998 2873 respicit,
1019 2805 1105 2875 qui
1133 2805 1183 2859 in
1200 2805 1396 2861 saeculo
1409 2806 1608 2872 vivunt,
1628 2807 1720 2862 scd
1745 2808 1905 2863 etiam
1926 2823 2039 2874 eos,
2063 2809 2151 2878 qui

558 2894 872 2948 monasticae
911 2895 1034 2949 vitae
1063 2910 1220 2950 causa
1253 2898 1461 2967 tuguria
1488 2897 1587 2953 sibi
1618 2899 1672 2953 in
1702 2900 1970 2955 montibus
2006 2908 2150 2954 stru-

557 2993 753 3040 xerunt
783 3003 797 3040 :
824 2986 945 3056 quia
973 3002 1080 3042 non
1111 2988 1270 3042 modo
1297 3004 1520 3059 corpora
1560 3004 1654 3044 sua
1699 2991 1766 3046 ab
1793 2992 1941 3046 omni
1984 2991 2153 3047 forni-

556 3075 786 3131 cationis
810 3077 928 3133 labe
953 3094 1082 3148 pura
1117 3088 1332 3135 servent
1369 3091 1597 3150 Oportet,
1631 3082 1726 3136 sed
1751 3091 1805 3136 et
1831 3084 2060 3137 animam
2088 3085 2156 3141 ab

556 3167 705 3221 omni
736 3169 970 3223 satanica
998 3168 1227 3224 habendi
1257 3172 1565 3241 cupiditate.
1594 3172 1711 3228 Non
1738 3173 1878 3229 enim
1907 3175 2157 3230 mulieres

561 3266 769 3313 tantum
798 3260 1090 3329 alloquitur
1128 3261 1324 3317 Paulus
1349 3265 1642 3334 apostolus,
1681 3264 1776 3320 sed
1817 3267 1975 3321 etiam
2015 3268 2157 3322 viros

561 3350 975 3423 universamque
1005 3354 1322 3420 Ecclesium,
1364 3370 1485 3410 cum
1516 3357 1644 3411 dicit
1681 3356 1914 3411 animam
1960 3358 2012 3411 in
2048 3359 2160 3413 vir-

559 3442 781 3512 ginitate
811 3454 1239 3513 perseverantem
1262 3456 1511 3516 oportere
1531 3458 1768 3502 sanctam
1791 3463 1910 3503 es<e
1932 3464 2158 3518 corpore

561 3542 619 3587 et
638 3533 825 3602 spiritu
853 3534 931 3603 (l.
951 3532 1069 3588 Cor.
1099 3536 1151 3588 7.
1175 3536 1268 3605 3i)
1289 3552 1302 3602 ;
1325 3551 1388 3590 ac
1417 3553 1648 3603 rursum,
1685 3536 1929 3593 Exhibete
1950 3557 2163 3609 corpora

566 3634 733 3677 vostra
758 3625 999 3695 virginem
1023 3636 1213 3680 castam
1242 3628 1298 3696 (‘2
1324 3625 1474 3682 σοι-,1
1494 3630 1539 3683 1.
1556 3629 1613 3699 ‘2.)
1639 3630 1849 3685 Castam
1870 3632 2164 3702 quomodo?

568 3713 696 3769 Non
751 3716 1015 3770 habentem
1056 3720 1308 3772 maculam
1353 3722 1429 3774 vel
1467 3738 1643 3792 rugam
1679 3721 1893 3794 (Ephcs.
1941 3724 1994 3780 5.
2045 3724 2162 3795 27).

568 3807 1010 3878 Quandoquidem
1042 3810 1271 3880 virgines
1303 3812 1425 3878 illm,
1451 3829 1568 3883 qum
1587 3817 1875 3871 exstinctas
1897 3816 2167 3874 habebant

566 3897 842 3969 lampades
869 3898 1080 3969 (Matth.
1114 3901 1205 3958 25.
1244 3902 1297 3958 8.
1327 3913 1371 3958 et
1394 3903 1551 3977 sqq.),
1584 3906 1816 3978 virgines
1850 3917 2003 3964 erant
2044 3925 2165 3965 cor-

568 4005 722 4060 pore,
762 3991 861 4048 sed
904 4008 1008 4049 non
1039 3994 1200 4051 corde
1238 4010 1424 4066 purae;
1470 4014 1653 4053 verum
1701 4002 1909 4057 tametsi
1958 4003 2039 4056 vir
2077 4020 2169 4060 eas

574 4096 685 4137 non
733 4092 1084 4154 corruperat,
1138 4094 1193 4140 at
1248 4087 1590 4157 pecuniarum
1637 4105 1790 4146 amor
1835 4101 2163 4162 corruperat.

573 4173 784 4244 Corpus
808 4190 996 4232 earum
1038 4192 1230 4247 purum
1257 4187 1389 4243 erat,
1436 4179 1531 4235 sed
1561 4182 1737 4236 anima
1773 4183 2035 4239 adulterio
2076 4186 2171 4239 ad-

576 4264 794 4322 modum
821 4267 1000 4338 pleua,
1030 4270 1208 4338 pravis
1227 4271 1632 4342 cogitationibus
1653 4289 1745 4329 eas
1766 4275 2168 4344 occupantibus,

582 4358 825 4428 pecunia:
853 4360 978 4415 item
1006 4374 1212 4430 amore,
1250 4362 1656 4431 inhumanitate,
1708 4365 1806 4433 ira,
1842 4365 2057 4433 invidia,
2081 4367 2174 4422 tlc-

579 4448 743 4517 sidia,
786 4449 1088 4519 oblivione,
1133 4453 1402 4524 superbia,
1444 4456 1693 4511 omnibus
1733 4458 1931 4526 pariter
1956 4458 2174 4528 virgini-

581 4542 710 4598 tatis
749 4556 933 4599 earum
974 4544 1285 4616 dignitatem
1314 4546 1774 4605 labefactantibus.
1818 4550 1941 4605 ideo
1968 4552 2176 4607 dicebat

564 4630 780 4690 Paulus
805 4651 818 4688 :
849 4634 918 4689 Ut
954 4637 1094 4707 virgo
1119 4637 1185 4690 sit
1222 4647 1396 4692 sancta
1423 4655 1636 4711 corpore
1676 4650 1723 4695 et
1748 4643 1931 4712 spiritu
1955 4643 2030 4715 (1.
2054 4644 2174 4699 Cor.

586 4726 640 4780 7.
671 4725 797 4797 34);
823 4735 879 4782 et
908 4727 1123 4795 iterum,
1174 4728 1430 4801 Virginem
1460 4743 1659 4787 castam
1702 4734 1935 4789 exhibere
1976 4736 2177 4792 Christo

583 4820 664 4892 (9..
692 4818 811 4877 Cor.
840 4823 929 4878 11.
954 4822 1035 4893 2).
1064 4822 1523 4891 Quemadmodum
1551 4827 1692 4881 enim
1714 4842 1907 4899 corpus
1950 4829 2177 4885 fornice-

588 4914 733 4970 tione
771 4916 1152 4987 corrumpitur,
1200 4917 1274 4973 ita
1314 4926 1369 4974 et
1410 4919 1588 4974 anima
1632 4934 1663 4974 a
1702 4922 1951 4978 satanicis
1977 4925 2180 4993 cogita-

574 5005 824 5062 tionibus
854 5006 1105 5074 fmdatur,
1145 5023 1173 5063 a
1198 5011 1466 5080 corruptis
1494 5011 1850 5081 dogmatibus,
1881 5013 1949 5069 ab
1989 5014 2181 5068 absur-

587 5097 672 5153 dis
687 5100 1120 5169 cogitationibus.
1146 5101 1278 5157 Natn
1306 5103 1397 5172 qui
1425 5102 1577 5171 dicit,
1611 5103 1770 5175 Virgo
1788 5118 1905 5159 sum
1936 5121 2180 5176 corpore,

592 5189 769 5244 anima
795 5205 926 5247 vero
950 5191 1156 5249 invidet
1185 5193 1359 5259 fratri,
1390 5195 1476 5251 hic
1505 5196 1655 5267 virgo
1682 5213 1788 5252 non
1814 5207 1898 5252 est
1922 5215 1937 5252 :
1965 5198 2183 5269 virgini-

590 5292 757 5339 tatem
781 5283 923 5340 enim
953 5284 1068 5355 ejus
1103 5286 1311 5342 vitiavit
1337 5286 1523 5344 livoris
1548 5290 1879 5345 commixtio.
1913 5289 2044 5345 item
2075 5291 2160 5345 ina

593 5376 679 5431 nis
730 5375 914 5446 gloriae
959 5386 1236 5447 appetens,
1281 5393 1389 5435 non
1440 5387 1527 5435 est
1558 5381 1726 5452 virgo
1770 5400 1784 5437 :
1829 5382 2183 5453 virginitatem

582 5470 795 5540 quippe
823 5468 941 5538 ejus
968 5470 1214 5539 corrupit
1258 5470 1439 5527 livoris
1467 5472 1658 5541 cupido
1689 5491 1701 5527 :
1733 5474 1932 5528 etenim
1969 5475 2187 5530 morbus

585 5561 687 5619 .illc
734 5560 897 5614 animi
953 5559 1243 5632 ingressus,
1292 5561 1411 5631 ejus
1459 5563 1815 5634 virginitatem
1855 5564 2038 5619 solvit.
2087 5566 2188 5632 Qui

598 5665 729 5706 vero
754 5651 867 5706 odit
893 5651 1115 5710 fratrem
1141 5669 1319 5723 suum,
1350 5654 1441 5711 ille
1482 5654 1746 5713 homicida
1793 5658 1988 5727 potius,
2029 5673 2186 5729 quam

598 5741 753 5810 virgo
776 5752 880 5796 est.
908 5742 1082 5815 thue
1124 5746 1428 5801 summatim
1456 5745 1652 5813 dicam,
1692 5749 1918 5819 quisque
1953 5765 2045 5815 eo,
2083 5764 2189 5819 quo

604 5836 818 5886 tenetur
845 5833 1005 5891 animi
1045 5836 1233 5895 morbo
1251 5879 1268 5906 ,
1292 5837 1650 5911 virginitatem
1689 5853 1838 5898 suam
1862 5842 2180 5912 corrumpit.

1236 396 1291 450 S.
1333 394 1610 451 ΙΟᾹΝΝΙΞ
1650 392 2123 450 CHRYSOSTOMI
2168 392 2483 457 ARClllEP.
2524 395 3067 456 (IUNS'f‘AN'l‘INOP.

3709 400 3803 456 501

2229 505 2432 563 idcirco
2480 506 2673 564 Paulus
2722 507 2883 565 hasce
2931 522 3119 577 pravas
3171 523 3359 563 omnes
3413 510 3807 569 commixtionis

2226 598 2409 669 abigit,
2460 612 2619 673 atque
2660 601 2807 670 jubet
2855 616 2954 656 nos
3008 603 3077 655 ita
3126 601 3359 671 virgines
3405 616 3553 668 esse,
3598 613 3658 658 ut
3699 608 3805 659 nul-

2228 688 2331 743 lam
2359 692 2679 746 contrariam
2707 693 3085 763 cogitationem
3115 691 3168 746 in
3197 693 3376 747 anima
3414 703 3611 764 sponte
3650 699 3807 752 susci-

2231 781 2457 850 piamus.

2301 873 2355 927 4.
2385 873 2519 940 Quid
2548 874 2707 946 igitur
2731 874 2796 930 ad
2846 876 2959 931 luce
2991 876 3271 931 dicemus?
3312 876 3588 946 quomodo
3622 879 3812 934 miscri-

2231 964 2467 1019 cordiam
2511 967 2943 1034 consequemur?
2971 966 3240 1036 quomodo
3280 967 3555 1021 salutem?
3598 968 3705 1038 Ego
3743 970 3813 1023 di-

2235 1071 2391 1112 cam:
2422 1057 2718 1112 orationem
2763 1057 2813 1111 in
2845 1057 3007 1113 corde
3032 1072 3246 1127 semper
3280 1057 3658 1128 suscipiamus,
3682 1060 3813 1129 ejus-

2234 1164 2338 1217 que
2365 1147 2587 1214 fructus,
2625 1163 2818 1217 nempe
2860 1148 3234 1216 humilitatem,
3259 1159 3313 1205 et
3341 1152 3812 1219 mansuetudinem;

2237 1238 2428 1293 Discite
2458 1239 2623 1303 enim,
2652 1240 2841 1310 inquit,
2868 1256 2902 1294 a
2925 1255 3007 1294 me
3047 1241 3165 1311 quia
3211 1241 3348 1295 mitis
3387 1258 3505 1296 sum
3548 1251 3595 1295 et
3632 1241 3815 1299 humilis

2234 1332 2406 1398 corde,
2437 1339 2483 1385 et
2509 1330 2767 1385 invenietis
2781 1332 3001 1401 requiem
3021 1332 3286 1386 animabus
3310 1333 3489 1386 vestris
3515 1331 3718 1401 (Matth.
3742 1336 3813 1389 11.

2239 1421 2364 1488 29);
2394 1438 2715 1493 rursumque
2738 1423 2907 1478 David
2931 1441 2945 1477 :
2970 1422 3302 1492 Sacriﬁcium
3342 1423 3456 1478 Deo
3481 1426 3685 1495 spiritus
3707 1443 3815 1482 con-

2240 1513 2508 1569 tribulatus
2536 1530 2555 1569 :
2582 1532 2670 1569 cor
2693 1516 2963 1570 contritum
2980 1526 3039 1572 et
3064 1517 3390 1571 humiliatum
3420 1517 3564 1573 Deus
3605 1536 3700 1573 non
3737 1521 3817 1574 de-

2239 1609 2415 1676 spiciet
2437 1606 2555 1679 (Ps.
2585 1608 2674 1664 50.
2708 1608 2821 1678 19).
2849 1607 2991 1663 Nihil
3017 1609 3161 1664 enim
3202 1608 3273 1663 ita
3317 1609 3466 1664 Deus
3499 1610 3818 1679 amplectitur

2240 1712 2295 1755 et
2330 1711 2494 1766 amat,
2533 1710 2591 1755 ut
2635 1701 2869 1755 animam
2912 1702 3094 1756 mitem
3143 1709 3199 1756 et
3240 1700 3506 1756 humilem
3534 1711 3587 1757 et
3613 1713 3814 1772 gratam.

2246 1791 2480 1846 Adverte
2512 1791 2671 1861 igitur
2689 1800 2744 1846 et
2769 1800 2844 1858 tu,
2877 1792 3072 1858 frater;
3101 1807 3222 1847 cum
3254 1793 3384 1862 quid
3414 1792 3815 1861 inexspectatum

2236 1883 2345 1937 tibi
2376 1882 2629 1937 acciderit
2672 1884 3079 1955 molestiamque
3121 1886 3341 1953 crearit,
3385 1900 3457 1941 ne
3493 1886 3558 1939 ad
3600 1882 3819 1941 homines

2245 1974 2542 2046 confugias,
2569 1991 2637 2031 ne
2665 1975 2729 2030 ad
2758 1977 2983 2032 mortale
3009 1978 3271 2032 auxilium
3299 1980 3594 2048 respicias;
3617 1980 3705 2033 sed
3728 1994 3822 2034 ont-

2248 2084 2345 2124 nes
2367 2079 2754 2136 transcurrens,
2784 2080 2964 2125 mente
3003 2077 3093 2124 tua
3133 2070 3201 2125 ad
3237 2073 3540 2126 animarum
3582 2071 3820 2126 medicum

2250 2167 2303 2213 te
2330 2158 2535 2214 confer.
2564 2158 2698 2214 Nam
2734 2159 2849 2230 ipse
2878 2160 3024 2215 solus
3049 2159 3197 2215 cordi
3228 2160 3501 2216 medelam
3531 2160 3714 2216 aﬂ’crre
3739 2176 3820 2230 po-

2250 2257 2374 2315 test,
2403 2252 2492 2322 qui
2540 2243 3044 2322 linxit‘singillatim
3087 2251 3249 2306 corda
3290 2261 3476 2307 nostra
3518 2262 3573 2308 et
3601 2251 3822 2321 intelligit

2251 2346 2429 2399 omnia
2459 2359 2621 2414 opera
2653 2355 2834 2399 nostra
2865 2343 2981 2416 (Ps.
3011 2344 3101 2399 52.
3133 2342 3221 2415 15)
3248 2363 3261 2399 :
3292 2345 3413 2415 ipse
3436 2353 3609 2414 potest
3636 2343 3685 2399 in
3708 2358 3820 2397 cou-

2251 2437 2530 2491 scientiam
2558 2445 2793 2491 nostram
2819 2435 3045 2503 ingredi,
3079 2445 3313 2491 mentem
3345 2444 3566 2506 tangere
3592 2435 3821 2489 animant-

2252 2541 2359 2596 que
2382 2525 2671 2581 cohortari.
2701 2525 2854 2593 Quod
2882 2526 2927 2580 si
2953 2526 3067 2597 ipse
3089 2541 3193 2581 non
3219 2526 3537 2581 cohortetur
3556 2524 3712 2580 corda
3731 2539 3815 2577 no-

2254 2627 2389 2683 stra,
2422 2632 2542 2688 quae
2567 2617 2635 2671 ab
2664 2616 2968 2672 hominibus
3002 2615 3281 2684 accedent,
3312 2617 3582 2687 superflua
3606 2624 3659 2669 et
3685 2612 3823 2668 inuti-

2252 2708 2505 2765 liaerunt
2533 2727 2546 2763 :
2571 2708 3021 2779 quemadmodum
3052 2708 3288 2763 vicissim
3319 2708 3433 2764 Deo
3460 2706 3758 2763 cohortante
3778 2713 3823 2757 et

2255 2800 2592 2865 consolante,
2616 2798 2825 2855 etiamsi
2855 2807 3136 2854 sexcentas
3165 2798 3416 2854 homines
3441 2797 3703 2852 molestias
3717 2810 3821 2849 cre-

2257 2892 2485 2961 averint,
2517 2905 2585 2946 ne
2612 2891 2889 2946 minimum
2918 2890 3133 2961 quidem
3156 2890 3313 2944 nobis
3344 2905 3540 2946 nocere
3562 2894 3819 2959 poterunt:

2257 2999 2381 3041 cum
2430 2984 2574 3039 enim
2620 2982 2710 3038 ille
2750 2996 2847 3037 cor
2890 2988 3131 3036 nostrum
3180 2980 3498 3048 tirmaverit,
3531 2993 3679 3034 nemo
3714 2973 3823 3030 illud

2260 3073 2528 3145 exagitare
2553 3072 2769 3128 valebit.

2337 3169 2504 3235 Quam
2534 3166 2702 3236 facilis
2721 3164 2789 3219 ad
2814 3162 2979 3219 Deum
3001 3164 3190 3218 aditus.
3208 3194 3279 3204 —
3305 3164 3437 3219 ﬂare
3460 3178 3579 3219 cum
3600 3161 3819 3220 sciamus,

2263 3260 2464 3321 dilecti.
2496 3259 2564 3313 ad
2591 3258 2759 3314 Deum
2788 3272 3000 3328 semper
3016 3255 3412 3327 confugiamus,
3443 3256 3533 3326 qui
3557 3253 3667 3309 vult
3687 3261 3825 3320 etpo

2266 3361 2372 3408 test
2393 3352 2726 3407 calamitates
2754 3350 2965 3406 solvere
2994 3359 3225 3405 nostras.
3255 3351 3323 3403 At
3351 3350 3496 3405 enim
3523 3345 3723 3417 quando
3749 3344 3827 3396 ho-

2265 3445 2438 3499 mines
2463 3458 2687 3498 exorare
2710 3449 2938 3512 oportet,
2966 3442 3211 3496 ostiarios
3246 3441 3394 3511 prius
3414 3438 3611 3509 alloqui
3641 3446 3828 3489 necesse

2270 3537 2424 3592 nobis
2449 3546 2552 3603 est,
2581 3536 2840 3605 parasitos
2869 3537 2994 3590 item
3018 3534 3433 3605 adulatoresque
3463 3531 3677 3603 precari,
3709 3525 3827 3581 ntul-

2270 3638 2489 3699 tutnquc
2513 3627 2719 3682 itineris
2742 3641 3025 3697 capessere
3052 3644 3065 3679 :
3093 3624 3233 3695 apud
3262 3626 3433 3680 Deum
3462 3638 3585 3679 vero
3627 3618 3745 3674 nihil
3770 3614 3829 3669 si-

2270 3721 2419 3789 mile,
2447 3720 2542 3776 sed
2568 3719 2687 3776 sine
2710 3720 3063 3775 intercessore
3094 3717 3382 3774 exorabilis
3423 3725 3523 3780 est,
3555 3715 3665 3770 sine
3689 3723 3828 3780 pecu-

2271 3815 2396 3880 niis,
2442 3814 2558 3870 sine
2604 3813 2902 3884 sumptibus
2941 3809 3182 3882 petitioni
3228 3812 3418 3865 annuit
3453 3826 3467 3863 :
3505 3806 3690 3862 sufficit
3733 3800 3831 3854 solo

2271 3907 2436 3962 corde
2456 3907 2708 3973 clamare,
2737 3912 2792 3961 et
2816 3904 3077 3975 lacrymas
3103 3902 3319 3970 offerre,
3347 3910 3404 3957 et
3444 3899 3617 3954 statim
3652 3896 3831 3963 ingres-

2273 4016 2389 4066 sus,
2411 4014 2533 4054 eum
2555 3998 2858 4053 attraxeris.
2883 3998 2953 4053 At
2973 3996 3243 4052 hominem
3271 4011 3394 4051 cum
3428 4002 3686 4063 rogamus,
3710 3994 3830 4052 sape

2276 4093 2586 4157 metuimus,
2621 4106 2685 4145 ne
2719 4092 2839 4161 quis
2868 4105 2934 4145 ex
2986 4090 3234 4157 inimicis,
3285 4098 3379 4144 aut
3414 4089 3613 4142 amicus
3651 4090 3828 4136 eorum.

2276 4193 2369 4238 aut
2396 4181 2733 4237 adversarius
2762 4180 3024 4251 quispiam
3053 4195 3167 4234 rem
3207 4179 3409 4248 audiat,
3436 4176 3639 4232 aliusve
3660 4167 3831 4225 referat

2276 4288 2361 4339 ea,
2393 4288 2511 4344 qua:
2541 4273 2679 4327 dicta
2706 4280 2850 4338 sunt,
2882 4282 2936 4326 et
2977 4271 3067 4341 jus
3109 4279 3380 4341 pervertat
3417 4288 3431 4324 :
3473 4268 3524 4323 in
3551 4266 3655 4321 Deo
3679 4265 3830 4315 autem

2279 4369 2410 4424 nihil
2437 4368 2541 4423 tale
2570 4366 2831 4437 suspicari
2863 4366 3007 4420 licet.
3034 4364 3168 4420 Cum
3197 4364 3341 4420 enim
3372 4378 3461 4418 me
3488 4357 3710 4414 volueris
3727 4362 3830 4420 pre-

2277 4461 2409 4527 cari,
2453 4459 2642 4529 inquit,
2675 4458 2821 4512 solus
2850 4455 3069 4523 accede,
3095 4456 3309 4511 nemine
3349 4456 3608 4523 praesente
3629 4462 3644 4512 ;
3668 4441 3721 4539 id
3747 4445 3830 4539 est.

2279 4552 2443 4607 corde
2461 4551 2652 4615 clama,
2686 4564 2857 4618 neque
2884 4547 3021 4602 labia
3038 4560 3259 4602 movens
3283 4563 3296 4600 :
3320 4560 3445 4599 nam
3478 4540 3640 4603 Intra,
3666 4535 3830 4600 inquit.

2278 4645 2333 4699 in
2361 4641 2643 4697 cubiculum
2664 4652 2825 4707 tuum,
2852 4640 3035 4695 claude
3062 4641 3243 4694 ostium
3272 4648 3431 4702 tuum,
3470 4643 3520 4689 et
3542 4646 3629 4687 ora
3652 4623 3833 4719 [intrepi

2284 4746 2444 4798 tuum,
2471 4733 2559 4804 qui
2587 4741 2658 4786 est
2682 4733 2736 4786 in
2764 4730 3054 4786 abscondito
3080 4745 3102 4785 :
3126 4738 3171 4783 et
3201 4727 3358 4782 Pater
3382 4736 3516 4792 tuus,
3546 4720 3636 4812 qui
3651 4714 3773 4812 ﬁde!"
3788 4714 3832 4812 ξπ

2282 4798 2596 4888 abscondito,
2623 4822 2797 4877 reddet
2838 4821 2924 4876 tibi
2957 4823 3011 4876 in
3041 4820 3241 4891 publica
3288 4817 3503 4889 (Matth.
3530 4815 3582 4868 6.
3610 4809 3684 4879 6).
3720 4798 3833 4856 Vide

2286 4918 2503 4973 honoris
2529 4915 2919 4972 excellentiam.
2947 4914 3076 4970 Cum
3124 4926 3212 4967 me
3254 4924 3434 4980 rogas,
3476 4902 3657 4973 inquit.
3697 4900 3833 4948 nemo

2285 5011 2493 5073 videat;
2527 5024 2648 5063 cum
2684 5018 2864 5063 autem
2903 5015 2956 5061 te
3001 5006 3206 5060 honore
3249 5001 3444 5066 afﬁcio,
3478 4996 3655 5053 orbem
3690 4990 3832 5041 evoco

2285 5099 2528 5157 beneficii
2553 5108 2760 5155 testem.
2783 5098 3225 5166 Obtemperemus
3241 5106 3392 5163 ergo,
3416 5098 3583 5157 neque
3600 5077 3663 5134 ad
3683 5080 3833 5128 osten-

2286 5192 2542 5248 tationem
2574 5204 2875 5261 precemur,
2916 5201 3089 5257 neque
3126 5194 3311 5241 contra
3354 5179 3595 5238 inimicos
3626 5172 3830 5267 ηοῆίξίξξς

2287 5299 2393 5339 neu
2421 5251 2635 5337 modum
2665 5281 2845 5335 auxilii
2862 5251 3153 5334 doceamus
3179 5291 3322 5332 eum.
3366 5273 3495 5329 Nam
3520 5266 3564 5322 si
3585 5251 3828 5350 causidicis

2290 5385 2345 5432 et
2369 5375 2670 5430 rhetoribus
2698 5371 2838 5443 apud
2869 5371 3110 5426 forenses
3135 5369 3342 5440 iudices
3368 5355 3628 5451 tractanti?

2289 5477 2471 5523 nostra
2487 5467 2714 5522 dicimus
2734 5440 2961 5527 tantum,
2976 5460 3193 5517 modum
3214 5467 3389 5514 autem
3405 5440 3830 5544 defensionis

2288 5561 2660 5632 relinquimus,
2693 5568 2752 5614 ut
2803 5571 2902 5628 pro
2952 5554 3120 5611 lubito
3166 5567 3257 5608 res
3299 5557 3503 5607 nostras
3538 5528 3827 5634 ἀίεΒρἾξῖξίΑξ

2291 5619 2461 5709 multo
2489 5619 2658 5722 magis
2679 5619 2820 5719 erga-
2838 5649 3003 5703 Deum
3045 5647 3116 5701 ita
3154 5642 3450 5753 faciendum
3476 5642 3572 5690 est.

2292 5762 2509 5804 causam
2540 5710 2706 5810 uiam,
2738 5741 2917 5798 dixisti
2945 5756 3066 5811 qua:
3106 5751 3292 5809 passus
3329 5733 3424 5792 es?
3455 5738 3578 5820 cave
3608 5710 3827 5820 (iiiis-1‘)

2296 5853 2403 5911 quo
2422 5848 2575 5911 pacto
2602 5803 2977 5891 tibiauxilium-
2998 5831 3068 5887 sit
3092 5803 3368 5886 ferendum
3394 5843 3407 5884 τ
3438 5819 3522 5879 ille
3553 5807 3726 5884 quippe
3747 5803 3807 5845 "°
