4066 6430
368 418 473 477 503

368 535 548 602 καλῶς
575 536 942 607 διακειμένης,
973 535 1109 606 ὅπερ
1141 533 1206 587 ἀν
1233 534 1447 606 ἐμπέσῃ
1469 534 1577 588 τῶν
1603 534 1814 598 δεινῶν,
1843 533 1946 587 κᾶν
1967 531 2048 585 λι-

369 626 490 699 μὸς,
517 626 623 681 κᾶν
661 625 838 691 νόσος,
882 623 985 678 κᾶν
1026 623 1376 692 συκοφαντία,
1417 621 1521 676 κᾶν
1562 623 1859 694 χρημάτων
1900 621 2051 692 διαρ-

367 713 538 786 παγὴ,
570 712 673 768 κᾶν
697 714 727 767 6
755 730 809 766 τι
835 712 963 766 ἄλλο
994 708 1109 778 οῦν,
1132 711 1369 783 φορητὸν
1395 710 1548 765 ἔσται
1576 711 1667 765 καὶ
1702 708 1927 780 κοῦφον,
1961 708 2051 761 διὰ

363 804 463 873 τὴν
489 801 583 856 τοῦ
619 801 891 856 Δεσπότου
936 799 1155 872 ἐντολὴν
1201 800 1296 854 καὶ
1344 798 1442 871 τὴν
1487 801 1568 862 είς
1620 798 1781 853 αὑτὸν
1826 796 2045 851 ἐλπίδα·

363 892 554 964 ὥσπερ
602 889 767 946 πάλιν
802 890 906 961 τῆς
952 888 1129 960 ψυχῆς
1173 888 1310 960 πρὸς
1353 887 1446 941 τὸν
1496 888 1629 941 Θεὸν
1679 887 1779 940 οὐκ
1820 886 2049 957 ἐχούσης

360 980 568 1046 καλῶς,
604 980 711 1035 κᾶν
739 979 970 1043 πλοῦτος
1013 977 1267 1050 ἐπιρρέῃ,
1303 975 1408 1031 κᾶν
1442 976 1626 1040 παῖδες
1672 974 1910 1047 παρῶσι,
1946 972 2048 1028 κᾶν

365 1070 574 1143 μυρίων
616 1069 915 1132 ἀπόλαυσις
1039 1066 1361 1138 χρημάτων,
1390 1063 1630 1133 ἀθυμίας
1678 1063 1877 1126 πολλὰς
1923 1065 2045 1116 ἑπι-

363 1160 634 1215 σπάσεται
668 1158 698 1210 6
727 1155 967 1219 τοιοῦτος
1002 1155 1098 1209 καὶ
1128 1152 1434 1226 φροντίδας.
1475 1150 1568 1222 Μὴ
1607 1151 1788 1206 τοίνυν
1818 1150 2046 1205 πλοῦτον

360 1246 636 1320 ζητῶμεν,
686 1244 763 1317 μὴ
806 1243 998 1298 πενίαν
1025 1241 1339 1313 φεύγωμεν,
1389 1239 1526 1295 ἀλλὰ
1565 1239 1673 1311 πρὸ
1702 1238 1919 1295 πάντων
1947 1240 2046 1310 τῆς

362 1334 573 1390 ἑαυτῶν
597 1332 989 1404 ἐπιμελώμεθα
1011 1331 1190 1402 ψυχῆς
1222 1329 1474 1394 ἕκαστος,
1515 1329 1610 1384 καὶ
1644 1327 1887 1400 ποιῶμεν
1920 1329 2044 1402 ἑπι-

357 1423 577 1495 τηδείαν
616 1422 786 1494 αὐτὴν
825 1420 962 1493 πρός
1002 1437 1064 1474 τε
1099 1419 1199 1491 τὴν
1243 1417 1339 1472 τοῦ
1379 1418 1648 1490 παρόντος
1685 1416 1800 1488 βίου
1840 1418 2045 1472 οἰκονο-

360 1512 513 1583 μίαν,
543 1512 639 1565 καὶ
671 1509 810 1581 πρὸς
831 1509 930 1580 τὴν
959 1506 1211 1562 ἐντεῦθεν
1231 1506 1410 1560 ἐκεῖσε
1433 1504 1760 1576 ἀποδημίαν.
1791 1506 1912 1559 Ἔτι
1934 1504 2043 1576 γὰρ

361 1599 598 1671 μικρὸν,
650 1597 746 1651 καὶ
804 1597 839 1667 ή
894 1594 1188 1665 δοκιμασία
1245 1594 1476 1649 ἑκάστου
1519 1592 1678 1664 ἡμῶν
1728 1592 2039 1663 γενήσεται,

355 1688 523 1757 ἡνίκα
557 1686 758 1751 πάντες
791 1682 1162 1756 παραστῶμεν
1199 1681 1279 1752 τῷ
1308 1680 1524 1753 φοϐερῷ
1553 1679 1755 1751 βήματι
1788 1677 1884 1733 τοῦ
1907 1681 2041 1750 Χρι-

356 1775 508 1838 στοῦ,
556 1771 1016 1847 περιϐεϐλημένοι
1060 1772 1161 1836 τὰς
1208 1770 1417 1825 ἑαυτῶν
1466 1770 1716 1842 πράξεις,
1772 1770 1868 1823 καὶ
1926 1772 2041 1834 τοῖς

352 1865 655 1938 ὀφθαλμοῖς
684 1864 842 1936 ἡμῶν
874 1862 1128 1937 ὁρῶντες,
1156 1860 1315 1915 τοῦτο
1346 1861 1445 1932 μὲν
1474 1860 1545 1914 τά
1570 1860 1781 1931 δάκρυα
1816 1858 1926 1914 τῶν
1956 1861 2041 1931 όρο

355 1956 563 2027 φανῶν,
597 1953 759 2009 τοῦτο
788 1955 846 2008 δὲ
874 1954 976 2018 τάς
1006 1951 1239 2024 αἰσχρὰς
1273 1950 1579 2020 ἀσελγείας,
1611 1952 1670 2005 ὲν
1700 1946 1788 2015 αῖς
1814 1950 2041 2017 ἐμιάνα-

359 2064 459 2120 μεν
501 2044 601 2111 τὰς
644 2043 857 2099 ἑαυτῶν
883 2041 1083 2115 ψυχὰς,
1133 2039 1293 2094 τοῦτο
1317 2040 1375 2094 δὲ
1402 2038 1530 2104 τοὺς
1561 2040 1899 2111 στεναγμοὺς
1930 2039 2038 2093 τῶν

354 2133 562 2207 χηρῶν,
602 2132 760 2186 τοῦτο
807 2132 865 2185 δὲ
904 2124 1030 2195 τοὺς
1063 2128 1452 2198 κονδυλισμοὺς
1488 2127 1597 2182 τῶν
1635 2129 1904 2199 πενήτων,
1938 2128 2038 2192 τὰς

358 2222 612 2294 ἁρπαγὰς
643 2220 754 2275 τῶν
788 2218 1047 2290 πτωχῶν·
1078 2219 1138 2272 ού
1170 2218 1327 2289 μόνον
1360 2216 1417 2268 δὲ
1456 2214 1650 2281 ταῦτα,
1695 2216 1790 2270 κα)⁸
1820 2215 1890 2270 τά
1916 2215 2037 2269 τού-

353 2327 468 2376 τοις
505 2312 688 2380 ὅμοια,
723 2309 839 2363 ἀλλ’
868 2306 921 2360 ετ
953 2325 1007 2361 τι
1048 2308 1143 2361 καὶ
1186 2307 1244 2359 ἑν
1272 2303 1481 2376 διανοίᾳ
1511 2303 1710 2359 ἄτοπον
1748 2303 2039 2374 διεπράξα-

360 2414 461 2468 μεν
480 2411 492 2426 ·
525 2396 607 2448 ὅτι
636 2393 801 2456 αὐτός
824 2393 974 2445 ἐστιν
1010 2389 1436 2461 Ἐνθυμήσεων
1459 2391 1775 2462 δικαστὴς,
1810 2391 1906 2449 και
1944 2392 2039 2451 ἐν·

357 2482 535 2539 νοίῶν
547 2481 775 2550 κριτής·
801 2480 895 2534 καὶ
908 2479 1090 2534 πάλιν·
1109 2481 1173 2533 Ἐ
1176 2477 1360 2539 τάζων
1375 2477 1624 2547 καρδίας
1637 2478 1735 2534 καί
1749 2481 2031 2550 νεφροὺς,

358 2572 453 2625 καὶ
480 2611 494 2635 ,
526 2568 676 2642 [506]
717 2568 1060 2635 Ἀποδιδοὺς
1086 2567 1320 2634 ἑκάστῳ
1356 2568 1507 2621 κατὰ
1527 2566 1593 2620 τὸ
1620 2569 1801 2640 ἔργον
1820 2570 2027 2627 αὐτοῦ.

424 2652 592 2720 Οὗτος
625 2656 685 2709 δέ
718 2674 809 2729 μοι
843 2657 872 2710 6
900 2656 1060 2724 λόγος
1086 2656 1148 2710 οὐ
1183 2654 1322 2727 πρὸς
1346 2656 1473 2721 τοὺς
1512 2657 1572 2711 ὲν
1615 2657 1694 2728 τῷ
1722 2657 1823 2728 βίῳ
1851 2658 2034 2725 ἐξετα-

352 2745 613 2816 ζομένους
649 2746 808 2816 μόνον
847 2744 1014 2809 ἐστὶν,
1044 2742 1180 2797 ἀλλά
1207 2743 1303 2799 καὶ
1338 2744 1478 2815 πρὸς
1502 2746 1628 2808 τοὺς
1656 2745 1716 2799 ὲν
1749 2747 1863 2806 τοῖς
1884 2745 2033 2817 ὄρεσι

348 2834 450 2897 τὰς
497 2832 706 2888 ἑαυτῶν
740 2830 982 2895 καλύϐας
1014 2830 1364 2903 πηξαμένους
1401 2830 1496 2885 τοῦ
1534 2832 1822 2903 μοναδικοῦ
1849 2834 2034 2888 ένεκεν

353 2920 493 2992 βίου,
522 2920 604 2974 ὅτι
628 2920 690 2973 οὐ
729 2918 887 2990 μόνον
929 2917 999 2971 τὰ
1027 2916 1257 2988 σώματα
1282 2917 1462 2971 αὐτῶν
1495 2919 1546 2971 οἱ
1572 2919 1802 2972 τοιοῦτοι
1835 2920 2034 2988 φυλάτη

348 3026 462 3064 τειν
495 3009 799 3079 ὀφείλουσιν
842 3008 972 3064 ἀπὸ⁴
996 3007 1273 3079 μολυσμοῦ
1309 3008 1590 3079 πορνείας,
1628 3008 1763 3063 ἀλλά
1802 3010 1897 3062 καὶ
1935 3009 2033 3080 τὴν

345 3095 528 3169 ψυχὴν
551 3097 658 3151 ἀπὸ
692 3096 874 3167 πάσης
901 3097 1197 3167 σατανικῆς
1225 3094 1559 3162 πλεονεξίας.
1587 3097 1660 3149 Οὐ
1688 3096 1795 3168 γὰρ
1820 3097 2033 3165 γυναιξὶ

350 3186 513 3256 μόνον
546 3184 848 3253 διαλέγεται
868 3186 896 3238 6
925 3183 1222 3248 ἀπόστολος
1247 3183 1478 3248 Παῦλος,
1511 3184 1649 3239 ἀλλά
1674 3187 1767 3238 καὶ
1805 3186 2031 3257 ἀνδράσι

347 3273 446 3328 καὶ
472 3271 750 3342 ὁλοκλήρῳ
775 3275 843 3344 τῇ
888 3271 1202 3344 Ἐκκλησίᾳ,
1231 3272 1334 3334 ὅτι,
1369 3273 1524 3342 φησὶ,
1570 3273 1670 3344 τὴν
1704 3272 2031 3345 παρθενευο-

351 3361 520 3433 μένην
546 3359 724 3432 ψυχὴν
753 3357 894 3413 εἶναι
918 3359 999 3413 δεῖ
1037 3360 1199 3428 ἁγίαν
1232 3361 1327 3414 καὶ
1360 3360 1572 3431 σώματι
1605 3361 1699 3414 καὶ
1724 3361 1994 3433 πνεύματι
2014 3376 2029 3391 °

346 3447 443 3504 καὶ
470 3447 652 3510 πάλιν,
690 3446 1129 3513 Παραστήσατε
1159 3445 1233 3500 τὰ
1261 3444 1507 3516 σώματα
1533 3447 1698 3517 ὑμῶν
1732 3448 2034 3518 παρθένον

347 3534 574 3605 ἁγνήν·
601 3535 772 3606 ἁγνὴν
792 3534 850 3588 δὲ
880 3534 999 3598 πῶς
1022 3551 1037 3600 ;
1064 3533 1162 3602 Μὴ
1193 3533 1464 3603 ἔχουσαν
1482 3535 1711 3589 σπίλον
1728 3534 1767 3605 ἢ
1793 3536 2027 3605 ῥυτίδα.

360 3623 510 3678 Ἐπεὶ
582 3625 833 3678 κάκεῖναι
890 3624 946 3677 αἱ
995 3621 1255 3693 παρθένοι
1302 3624 1357 3675 αἱ
1400 3623 1501 3686 τὰς
1548 3622 1837 3690 λαμπάδας
1879 3622 2032 3694 έχου-

354 3729 449 3768 σαι
488 3711 846 3783 ὲσϐεσμένας,
897 3710 1160 3781 παρθένοι
1203 3706 1345 3781 ἦσαν
1391 3709 1469 3780 τῷ
1513 3709 1746 3780 σώματι,
1785 3710 1900 3764 ἀλλ’
1933 3712 2031 3783 οὐχ

342 3802 510 3867 ἁγναὶ
540 3801 606 3870 τῇ
638 3797 855 3869 καρδίᾳ,
883 3797 999 3850 ἀλλ’
1031 3798 1079 3850 εί
1113 3798 1207 3851 καὶ¹
1248 3797 1323 3869 μὴ
1354 3796 1493 3871 ἀνὴρ
1523 3797 1691 3860 αύτάς
1733 3797 2028 3867 διέφθειρε,

338 3887 461 3943 ἀλλ’
488 3887 517 3940 6
548 3885 656 3938 τῶν
678 3884 979 3957 χρημάτων
1015 3883 1318 3955 διέφθειρεν
1355 3883 1521 3957 ἔρως·
1553 3884 1614 3939 τὸ
1659 3885 1817 3955 σῶμα
1850 3884 2029 3941 αὐτῶν

338 3969 412 4046 ἦν
437 3973 693 4044 καθαρὸν,
730 3973 844 4026 ἀλλ’
888 3975 922 4042 ἡ
978 3971 1124 4044 ψυχὴ
1171 3971 1350 4026 αὐτῶν
1397 3971 1599 4043 πολλῆς
1634 3968 1700 4043 ἦν
1743 3973 2027 4044 ἐμπεπλη-

339 4061 521 4133 σμένη
546 4062 644 4133 τῆς
674 4058 937 4131 μοιχείας,
987 4060 1239 4132 πονηρῶν
1283 4059 1558 4130 λογισμῶν
1588 4060 1666 4122 εἰς
1705 4061 1876 4124 αὐτὰς
1918 4080 2026 4133 χω-

347 4149 653 4220 ρησάντων,
682 4148 785 4218 τῆς
811 4165 871 4200 τε
893 4147 1348 4219 φιλοχρηματίας,
1376 4148 1470 4201 καὶ
1509 4147 1902 4218 ἀσπλαγχνίας,
1934 4151 2028 4204 καὶ

335 4236 658 4307 ὀργῆς,καὶ
687 4235 902 4305 φθόνου,
942 4234 1036 4288 καὶ
1074 4234 1309 4305 ἀργίας,
1347 4234 1440 4290 καὶ
1477 4231 1680 4306 λήθης,
1720 4235 1815 4290 καὶ
1854 4238 2023 4309 ὑπερ-

337 4321 600 4393 ηφανίας,
629 4321 1038 4395 λυμαινομένων
1053 4322 1272 4378 πάντων
1292 4319 1389 4389 τὴν
1429 4321 1735 4392 σεμνότητα
1761 4322 1860 4394 τῆς
1889 4340 2028 4396 παρ-

343 4406 531 4470 θενίας
560 4407 758 4461 αὐτῶν.
794 4408 884 4462 Διὸ
913 4410 1006 4462 καὶ
1034 4410 1062 4462 6
1091 4407 1302 4470 Παῦλος
1326 4407 1537 4476 ἔλεγεν·
1574 4409 1707 4464 Ἵνα
1735 4411 1773 4478 ἡ
1809 4411 2026 4481 παρθέ-

340 4511 455 4561 νος
489 4489 531 4567 ᾖ
576 4495 717 4565 ἁγία
763 4496 866 4550 καὶ
912 4495 1139 4565 σώματι
1190 4497 1289 4550 καί
1338 4497 1650 4566 πνεύματι·
1692 4500 1786 4552 καὶ
1841 4500 2022 4566 πάλιν,

339 4583 652 4653 Παρθένον
701 4582 898 4653 ἁγνὴν
951 4583 1339 4653 παραστῆσαι
1387 4584 1467 4649 τῷ
1522 4585 1769 4652 Χριστῷ.
1816 4587 2026 4661 Ὠσπερ

339 4671 455 4743 γὰρ
485 4672 546 4726 τὸ
576 4672 733 4743 σῶμα
772 4673 877 4727 ὑπὸ
911 4673 1166 4745 μοιχειῶν
1193 4683 1212 4704 ⁸
1236 4674 1636 4746 διαφθείρεται,
1685 4675 1826 4731 οὕτω
1860 4676 1952 4731 καὶ
1992 4679 2025 4749 ἡ

340 4759 490 4832 ψυχὴ
525 4760 632 4814 ὑπὸ
682 4761 958 4833 λογισμῶν
998 4760 1305 4815 σατανικῶν
1353 4762 1643 4832 μιαίνεται,
1678 4764 1783 4818 ὑπὸ
1820 4765 2027 4834 δογμάι

338 4862 453 4902 των
493 4847 925 4921 διεφθαρμένων,
951 4850 1056 4903 ὑπὸ
1096 4849 1382 4921 νοημάτων
1413 4851 1650 4907 ἀτόπων,
1696 4852 1753 4906 '0
1787 4852 1897 4925 γάρ
1936 4856 2024 4910 λέ-

347 4952 476 5005 γων,
508 4936 783 5010 Παρθένος
812 4938 928 5008 είμὶ¹
958 4937 1033 5008 τῷ
1057 4937 1306 5009 ,σώματα
1336 4941 1404 5011 τῇ
1443 4939 1501 4992 δὲ
1541 4941 1685 5014 ψυχῇ
1726 4941 1910 5012 φθονεῖ
1946 4944 2025 5016 τῷ

341 5025 580 5096 ἀδελφῷ,
626 5018 783 5089 οὗτος
829 5027 929 5080 οὐκ
961 5026 1075 5079 ἐστι
1109 5026 1378 5097 παρθένος
1401 5045 1416 5059 ·
1449 5028 1550 5099 τὴν
1579 5029 1687 5102 γάρ
1727 5031 2024 5103 παρθενίαν

345 5113 511 5169 αὐτοῦ
547 5112 852 5185 διέφθειρεν
883 5116 916 5186 ἡ
944 5112 1039 5167 τοῦ
1070 5113 1262 5183 φθόνου
1300 5113 1464 5185 μίξις.
1500 5117 1668 5173 Πάλιν
1692 5120 1721 5172 6
1752 5120 2024 5186 κενόδοξος

346 5201 447 5254 οὐκ
473 5199 589 5254 ἑστι
619 5200 885 5272 παρθένος
903 5217 918 5232 ·
940 5200 1037 5272 τὴν
1058 5201 1168 5272 γὰρ
1193 5201 1488 5271 παρθενίαν
1521 5204 1685 5259 αὐτοῦ
1720 5207 2023 5280 διέφθειρεν

355 5287 387 5340 6
409 5288 506 5359 τῆς
540 5287 834 5358 βασκανίας
860 5289 998 5361 ἔρως
1019 5306 1032 5319 ·
1065 5289 1126 5342 τὸ
1155 5290 1263 5361 γὰρ
1294 5290 1463 5356 πάθος
1503 5293 1758 5360 εἰσελθὸν,
1791 5296 1890 5365 τῆς
1922 5297 2024 5366 ψυ-

347 5376 450 5449 χῆς
486 5375 671 5431 ἔλυσεν
694 5378 859 5462 αύτοῦ
886 5378 984 5449 τὴν
1016 5377 1331 5447 παρθενίαν.
1368 5380 1427 5434 '0
1455 5380 1511 5434 δὲ
1547 5382 1722 5462 μισῶν
1751 5384 1843 5438 τὸν
1872 5385 2022 5439 ἀδελ-

347 5474 449 5535 qm
479 5466 666 5528 αὑτοῦ,
697 5458 852 5530 οὗτος
883 5465 1326 5540 ἀνθρωποκτόνος
1362 5469 1480 5524 ἐστὶ
1513 5458 1710 5540 μᾶλλον
1747 5471 1779 5543 ἦ
1815 5473 2020 5544 παρθέ-

345 5566 464 5615 νος⁸
494 5553 588 5607 καὶ
622 5551 977 5621 ἁπαξαπλῶς,
1006 5555 1234 5618 ἕκαστος
1261 5557 1339 5620 εἰς
1369 5555 1397 5609 ὃ
1420 5560 1700 5628 κρατεῖται
1727 5559 1897 5623 πάθος
1926 5578 2021 5614 πο-

345 5639 532 5711 νηρὸν,
571 5642 630 5696 ὲν
664 5641 837 5713 τούτῳ
871 5641 969 5714 τὴν
1003 5642 1300 5715 παρθενίαν
1348 5644 1511 5699 αὐτοῦ
1559 5646 1877 5718 διαφθείρει.
1920 5649 2019 5704 Διά

346 5722 504 5781 τοῦτο
526 5730 554 5782 6
582 5727 795 5793 Παῦλος
826 5729 1002 5794 πάσας
1023 5729 1123 5795 τάς
1158 5730 1401 5802 πονηρὰς
1425 5731 1628 5797 ταύτας
1667 5733 1891 5805 ἐξώρισε
1927 5735 2016 5808 μί-

408 5876 437 5907 ⁸
460 5875 544 5929 Sic
565 5876 712 5930 Savil.
737 5883 876 5929 recte
895 5857 984 5943 ι)το
1010 5879 1139 5941 vulg.
1161 5881 1357 5941 μοιχῶν.
1382 5879 1510 5931 Enn:

1542 417 1628 471 DE
1664 414 2131 472 POENITENTIA.
2177 414 2413 475 ιιοιιιι.
2457 420 2546 475 IV.

3730 429 3834 486 504

2160 530 2288 597 ξεις,
2325 537 2415 588 καὶ
2447 537 2652 591 κελεύει
2701 536 3003 609 παρθένους
3036 539 3185 610 ἡμᾶς
3227 536 3365 592 εἶναι
3403 537 3603 609 οὕτως,
3630 539 3705 607 ὼς
3735 560 3838 615 μη-

2156 621 2281 675 δένα
2345 623 2601 695 λογισμὸν
2676 627 2914 679 ἐναντίον
2984 625 3387 697 παραδέχεσθαι
3450 627 3712 693 ἑκουσίως
3765 636 3831 704 τῇ

2156 709 2326 782 ψυχῆς

2225 920 2289 975 δ’.
2321 920 2385 972 Τί
2415 915 2508 974 οῦν
2532 922 2666 993 πρὸς
2687 922 2860 977 ταῦτα
2895 923 3177 995 λέγωμεν;
3213 925 3329 988 πῶς
3359 924 3697 998 ὲλεηθῶμεν;
3720 928 3836 995 πῶς

2158 1007 2419 1078 σωθῶμεν
2438 1025 2453 1072 ;
2488 1008 2628 1078 Ἐγὼ
2647 1008 2805 1079 λέγω·
2818 1008 2916 1080 τὴν
2928 1009 3091 1083 εὐχὴν
3110 1013 3168 1067 ὲν
3184 1015 3250 1084 τῇ
3270 1013 3464 1085 καρδίᾳ
3479 1014 3837 1088 ἀναλάϐωμεν

2156 1098 2409 1162 πάντοτε,
2436 1098 2528 1151 καὶ
2558 1099 2685 1163 τοὺς
2708 1099 2911 1172 ταύτης
2936 1101 3202 1173 καρποὺς,
3220 1101 3365 1172 λέγω
3386 1102 3448 1174 δὴ
3469 1102 3566 1175 τὴν
3589 1122 3839 1160 ταπεινο-

2154 1186 2428 1259 φροσύνην
2460 1187 2553 1241 καὶ
2592 1189 2893 1260 πραότητα.
2927 1189 3154 1245 Μάθετε
3178 1190 3308 1262 γάρ,
3336 1191 3516 1262 φησὶν,
3539 1193 3639 1248 ἀπ’
3667 1193 3837 1263 ἐμοῦ,

2154 1276 2244 1331 ὅτι
2274 1275 2464 1345 πρᾶός
2485 1279 2599 1347 ειμι
2628 1278 2726 1331 καὶ
2756 1277 3034 1345 ταπεινὸς
3055 1277 3130 1347 τῇ
3154 1278 3386 1349 καρδίᾳ,
3418 1279 3514 1335 καὶ
3550 1279 3840 1348 εὑρήσετε

2152 1364 2503 1419 ἀνάπαυσιν
2521 1364 2652 1433 ταῖς
2673 1365 2902 1435 ψυχαῖς
2923 1364 3091 1435 ὑμῶν
3108 1382 3121 1396 ·
3155 1367 3249 1420 καὶ
3270 1367 3433 1422 πάλιν
3464 1368 3491 1420 6
3524 1367 3704 1422 Δαυῒδ·
3734 1371 3840 1424 Θυ-

2151 1454 2259 1506 σία
2285 1452 2364 1519 τῷ
2391 1451 2512 1518 Θεῷ
2545 1454 2780 1523 πνεῦμα
2803 1454 3336 1523 συντετριμμένον·
3359 1456 3610 1526 καρδίαν
3630 1472 3839 1511 συντε-

2150 1540 2480 1610 τριμμένην
2511 1541 2610 1594 καὶ
2643 1540 3161 1610 τεταπεινωμένην
3191 1543 3223 1595 ό
3269 1541 3414 1608 Θεὸς
3452 1545 3561 1597 οὐκ
3599 1541 3839 1608 ἐξουδε-

2149 1628 2349 1683 νώσει.
2384 1628 2549 1683 Οὐδὲν
2569 1628 2677 1699 γάρ
2705 1628 2877 1693 οὕτως
2904 1628 3227 1700 ἀποδέχεται
3269 1631 3297 1683 6
3323 1629 3451 1694 Θεὸς
3497 1631 3592 1685 καὶ
3627 1632 3835 1704 ἀγαπᾷ,

2150 1718 2225 1781 ὼς
2246 1717 2422 1788 ψυχὴν
2453 1719 2625 1791 πρᾶον
2648 1717 2744 1771 καὶ
2770 1717 3164 1786 ταπεινόφρονα
3191 1718 3282 1771 καὶ
3304 1719 3646 1791 εὐχάριστον.
3666 1721 3837 1777 Βλέπε

2148 1803 2241 1861 οὖν
2270 1808 2365 1861 καὶ
2405 1806 2492 1871 σὺ,
2539 1806 2752 1877 ἀδελφέ,
2803 1808 2939 1861 ἐπὰν
2987 1807 3106 1879 ἴδῃς
3131 1825 3184 1860 τι
3216 1806 3325 1860 τῶν
3353 1808 3632 1880 ἀδοκήτων
3667 1828 3837 1883 προσ-

2150 1894 2315 1947 πεσὸν
2341 1893 2435 1947 καὶ
2466 1891 2714 1963 ἐνοχλοῦν
2741 1908 2844 1957 σοι,
2880 1892 2955 1964 μὴ
2980 1892 3115 1965 πρὸς
3146 1892 3465 1964 ἀνθρώπους
3494 1897 3833 1968 καταφύγῃς.

2148 1983 2243 2037 καὶ
2272 1981 2409 2054 πρὸς
2434 1981 2633 2053 θνητὴν
2664 1979 2781 2052 ἴδῃς
2830 1979 3102 2051 βοήθειαν,
3136 1981 3270 2035 ἀλλά
3309 1983 3515 2047 πάντας
3555 1985 3837 2057 παραδρα-

2150 2070 2269 2142 μὼν
2296 2069 2575 2140 ἀνάδραμε
2617 2070 2681 2139 τῇ
2724 2067 2933 2140 διανοίᾳ
2962 2084 3056 2121 σου
3086 2069 3223 2141 πρὸς
3266 2070 3358 2123 τὸν
3397 2069 3505 2124 τῶν
3530 2070 3718 2142 ψυχῶν
3751 2075 3833 2127 ία-

2145 2158 2295 2229 τρόν.
2324 2157 2568 2230 Καρδίαν
2598 2156 2705 2228 γὰρ
2739 2154 3073 2228 θεραπεῦσαι
3113 2159 3319 2222 ἐκεῖνος
3357 2158 3514 2228 μόνος
3546 2160 3767 2215 δύναται
3804 2163 3834 2214 ό

2147 2246 2357 2311 πλάσας
2386 2245 2697 2317 καταμόνας
2715 2244 2814 2308 τὰς
2843 2245 3070 2315 καρδίας
3096 2244 3278 2316 ἡμῶν,
3311 2247 3405 2300 καὶ
3428 2247 3630 2312 συνιεὶς
3653 2249 3831 2302 πάντα

2144 2335 2213 2390 τὰ
2238 2334 2374 2408 ἔργα
2402 2334 2558 2407 ἡμῶν
2576 2351 2589 2365 ·
2627 2333 2789 2397 αὐτὸς
2819 2332 3038 2386 δύναται
3063 2336 3142 2398 είς
3169 2334 3229 2387 τὸ
3258 2333 3495 2399 συνειδὸς
3532 2336 3564 2406 ἡ
3574 2335 3689 2405 μῶν
3717 2338 3831 2390 εἰσ-

2146 2423 2339 2488 ελθεῖν,
2368 2423 2462 2477 καὶ
2493 2423 2589 2493 τῆς
2625 2422 2861 2484 διανοίας
2897 2420 3158 2492 ἅψασθαι,
3191 2423 3282 2476 καὶ
3322 2422 3702 2494 παρακαλέσαι
3734 2422 3832 2494 τὴν

2146 2512 2343 2584 ψυχήν.
2386 2511 2511 2564 Ἐὰν
2553 2511 2609 2564 δὲ
2660 2512 2863 2574 ἐκεῖνος
2925 2509 2998 2581 μὴ
3049 2510 3412 2584 παρακαλέσῃ
3458 2510 3556 2575 τὰς
3603 2512 3833 2583 καρδίας

2145 2601 2177 2671 ἠ
2189 2599 2325 2670 μῶν,
2356 2598 2424 2652 τά
2473 2598 2623 2669 παρά
2664 2597 2964 2667 ἀνθρώπιον
2993 2596 3142 2669 [5071
3170 2598 3398 2669 περιττά
3435 2599 3527 2652 καὶ
3562 2599 3828 2670 ἀνόνητα·

2146 2686 2334 2757 ὥσπερ
2363 2686 2521 2740 πάλιν
2555 2684 2647 2738 τοῦ
2677 2684 2810 2738 Θεοῦ
2849 2684 3289 2755 παρακαλοῦντος
3339 2686 3433 2738 καὶ
3476 2684 3832 2758 παραμυθου-

2149 2774 2333 2842 μένου,
2366 2773 2467 2827 κάν
2500 2773 2666 2844 μυρία
2716 2771 2990 2842 ἄνθρωποι
3026 2772 3450 2846 παρενοχλῶσιν,
3497 2772 3619 2828 οὐδὲ
3664 2774 3742 2836 είς
3770 2773 3832 2827 τὸ

2144 2862 2302 2931 τυχὸν
2330 2862 2477 2931 ἡμᾶς
2526 2859 2878 2931 παραϐλάψαι
2925 2859 3274 2930 δυνήσονται·
3309 2860 3439 2914 ὅταν
3471 2859 3581 2932 γὰρ
3623 2861 3833 2926 ἐκεῖνος

2147 2947 2421 3020 στερεὼσῃ
2446 2947 2693 3016 καρδίαν,
2732 2947 2904 3010 οὐδεὶς
2934 2945 3102 3015 αὐτὴν
3132 2946 3398 2999 διασεῖσαι
3430 2946 3673 3000 δύναται.

2214 3147 2399 3202 Ταῦτα
2426 3141 2519 3202 οὖν
2550 3146 2769 3207 εἰδότες,
2791 3145 3085 3215 ἀγαπητοὶ,
3114 3144 3202 3198 ἀεὶ
3231 3144 3367 3216 πρὸς
3391 3144 3483 3198 τὸν
3508 3145 3641 3198 Θεὸν
3662 3162 3829 3199 κατα-

2143 3236 2458 3306 φεύγωμεν,
2512 3233 2600 3286 τὸν
2658 3232 2753 3285 καὶ
2802 3230 3124 3303 βουλόμενον
3168 3233 3263 3287 καὶ
3317 3231 3617 3303 δυνάμενον
3670 3232 3828 3288 λῦσαι

2143 3323 2297 3393 ἡμῶν
2338 3322 2437 3385 τὰς
2489 3319 2792 3390 συμφοράς.
2850 3318 3195 3390 ’Λνθρώπους
3255 3320 3354 3390 μὲν
3406 3320 3516 3391 γὰρ
3563 3320 3691 3374 ὅταν
3732 3320 3829 3393 δέῃ

2142 3408 2539 3482 παρακαλέσαι,
2579 3406 2674 3460 καὶ
2739 3406 3006 3477 πυλωροῖς
3062 3408 3210 3477 ἡμᾶς
3278 3409 3557 3479 συντυχεῖν
3612 3407 3828 3480 ἀνάγκη

2142 3500 2424 3572 πρότερον,
2474 3498 2566 3550 καὶ
2614 3494 2948 3567 παρασίτους
2989 3493 3082 3548 καὶ¹
3134 3493 3372 3558 κόλακας
3421 3495 3827 3567 παρακαλέσαι,

2143 3588 2235 3640 καὶ
2267 3586 2385 3641 ὁδὸν
2425 3583 2624 3655 πολλὴν
2649 3582 2900 3636 ἀπελθεῖν
2925 3599 2937 3612 ·
2973 3580 3148 3637 ὲπὶδὲ
3188 3581 3279 3636 τοῦ
3315 3580 3450 3636 Θεοῦ
3477 3582 3630 3637 οὐδὲν
3652 3583 3830 3638 τοιοῦ-

2141 3676 2229 3728 τόν
2282 3676 2449 3739 ἐστιν,
2498 3671 2634 3725 ἀλλὰ
2688 3670 2858 3741 χωρὶς
2911 3669 3132 3740 μεσίτου
3185 3669 3604 3740 παρακαλεῖται,
3662 3671 3828 3742 χωρὶς

2140 3760 2457 3833 χρημάτων,
2507 3759 2672 3830 χωρὶς
2719 3757 2965 3827 δαπάνης
3004 3755 3243 3810 ἐπινεύει
3298 3759 3364 3828 τῇ
3415 3756 3622 3830 δεήσει·
3666 3758 3831 3829 ἀρκεῖ

2143 3851 2301 3921 μόνον
2339 3848 2533 3919 βοῆσαι
2570 3848 2635 3916 τῇ
2678 3845 2877 3916 καρδίᾳ
2918 3843 3013 3897 καλ⁵
3059 3842 3269 3914 δάκρυα
3314 3845 3700 3914 προσενέγκαι,
3733 3847 3831 3900 καὶ

2138 3936 2340 4002 εὐθέως
2366 3933 2622 3988 εἰσελθὼν
2673 3932 2836 3986 αὑτὸν
2884 3930 3185 4003 ἑπισπάσῃ.
3229 3932 3339 3985 Καὶ
3387 3931 3676 4003 ἄνθρωπον
3725 3931 3827 4004 μὶν

2139 4021 2582 4096 παρακαλοῦντες
2612 4018 2872 4081 πολλάκις
2897 4017 3235 4087 δεδοίκαμεν,
3260 4018 3335 4089 μή
3368 4035 3451 4080 τις
3480 4017 3589 4072 τῶν
3613 4014 3827 4091 ἐχθρῶν

2139 4113 2352 4186 παρὼν,
2379 4112 2413 4183 ἦ
2447 4110 2617 4181 φίλος,
2652 4109 2685 4179 ἦ
2714 4124 2798 4170 τις
2832 4106 2940 4159 τῶν
2973 4104 3260 4158 ἀντιδίκων
3301 4104 3508 4177 ἀκούσῃ
3540 4103 3634 4159 τοῦ
3676 4107 3823 4178 πρά-

2138 4217 2362 4272 γματος,
2405 4200 2499 4253 καὶ
2529 4196 2685 4260 ἄλλος
2715 4194 2922 4264 ὲκφάνῃ
2959 4192 3028 4247 τά
3068 4191 3358 4263 λεγόμενα,
3399 4192 3491 4245 καὶ
3531 4191 3821 4266 διαφθείρῃ

2136 4289 2197 4344 τὸ
2233 4290 2471 4344 δίκαιον·
2523 4285 2616 4339 ἐπὶ
2653 4284 2710 4338 δὲ
2748 4282 2841 4336 τοῦ
2887 4280 3021 4335 Θεοῦ
3065 4280 3217 4335 οὐδὲν
3254 4279 3456 4334 τούτων
3484 4280 3816 4339 ὑποπτεῦσαι

2137 4376 2236 4432 ἔνι.
2270 4379 2438 4431 Ὅταν
2466 4374 2575 4445 γὰρ
2605 4371 2770 4445 βούλῃ
2801 4387 2890 4441 με,
2921 4369 3080 4441 φησὶ,
3107 4367 3508 4440 παρακαλέσαι,
3537 4370 3698 4440 μόνος
3729 4388 3820 4442 μοι

2135 4464 2398 4537 πρόσελθε
2443 4463 2669 4535 μηδενὸς
2718 4459 3004 4532 παρόντος,
3041 4456 3306 4522 τουτέστι,
3352 4458 3420 4527 τῇ
3466 4457 3663 4530 καρδίᾳ
3692 4457 3821 4531 βόη..

2137 4574 2248 4621 σον,
2282 4556 2358 4627 μὴ
2392 4553 2554 4609 κινῶν
2584 4552 2654 4606 τὰ
2699 4551 2873 4623 χείλη.
2917 4550 3173 4607 Εῖσελθε
3227 4547 3356 4620 γὰρ,
3404 4550 3590 4621 φησὶν,
3633 4552 3720 4618 είς
3749 4553 3818 4604 τὸ

2134 4644 2376 4714 ταμεῖόν
2403 4656 2521 4697 σου
2541 4658 2554 4671 ·
2586 4640 2957 4695 ἀπόκλεισον
2987 4636 3104 4707 τὴν
3130 4636 3320 4705 θύραν
3345 4649 3483 4701 σου,
3508 4635 3605 4691 καί
3629 4639 3818 4705 πρόσ⁹

2133 4732 2304 4797 ευξαι
2329 4730 2409 4797 τῷ
2440 4730 2626 4798 Πατρί
2656 4744 2774 4783 σου
2806 4726 2981 4793 τῷοὲν
3004 4724 3085 4791 τῷ
3115 4721 3357 4793 κρυπτῷ
3378 4739 3391 4752 ·
3423 4722 3525 4777 καί
3552 4726 3586 4778 ὁ
3611 4725 3815 4794 Πατήρ

2135 4838 2251 4877 σου
2283 4824 2316 4876 ό
2337 4819 2589 4886 βλέπων
2619 4818 2689 4872 ἐν
2718 4814 2797 4881 τῷ
2846 4811 3107 4883 κρυπτῷ,
3139 4810 3439 4867 ἀποδώσει
3484 4824 3584 4865 σοι
3619 4812 3691 4866 ἐν
3733 4812 3815 4878 τῷ

2134 4907 2389 4980 φανερῷ.
2425 4908 2565 4978 Ὅρα
2608 4904 2772 4975 τιμῆς
2823 4900 3159 4970 ὑπερϐολήν·
3190 4899 3317 4952 ὅταν
3360 4913 3428 4968 με
3462 4899 3809 4971 παρακαλῇς,

2135 5000 2287 5071 φησι,
2328 4996 2511 5067 μηδεὶς
2551 4990 2821 5067 βλεπέτω·
2856 4990 2985 5041 ὅταν
3027 4986 3085 5040 δὲ
3127 4984 3237 5054 ἑγὼ
3282 5002 3342 5038 σε
3379 4985 3546 5056 τιμῶ,
3591 4987 3691 5057 τὴν
3733 4991 3811 5042 οι-

2131 5086 2404 5158 κουμένην
2453 5082 2603 5151 φέρω
2656 5078 2909 5149 μάρτυρα
2949 5074 3047 5145 τῆς
3092 5073 3431 5144 εὐεργεσίας.
3488 5073 3811 5146 Πειθώμεθα

2134 5175 2328 5235 τοίνυν,
2366 5173 2453 5227 καὶ
2509 5170 2583 5240 μὴ
2636 5167 2772 5238 πρὸς
2825 5162 3081 5229 ἐπίδειξιν
3134 5160 3442 5234 εὐχώμεθα,
3492 5162 3627 5234 μηδὲ
3668 5167 3811 5218 κατά

2132 5263 2237 5318 τῶν
2264 5258 2471 5331 ἐχθρῶν
2497 5256 2603 5310 τῶν
2628 5252 2932 5324 ἡμετέρων,
2967 5252 3058 5304 καὶ
3095 5250 3169 5322 μὴ
3195 5250 3287 5304 τὸν
3319 5250 3521 5321 τρόπον
3547 5250 3645 5321 τῆς
3679 5250 3808 5324 βοη-

2132 5349 2280 5410 θείας
2317 5345 2653 5412 διδάσκωμεν
2691 5339 2872 5394 αὐτόν.
2922 5340 2985 5391 Εἰ
3025 5338 3132 5408 γὰρ
3179 5336 3484 5409 ἀνθρώποις
3519 5338 3633 5400 τοῖς
3681 5355 3809 5393 συν..

2131 5433 2387 5507 ηγοροῦσι
2416 5430 2510 5485 καὶ
2547 5427 2927 5503 ῥητορεύουσιν
2954 5426 3045 5479 ἐπὶ
3083 5424 3189 5479 τῶν
3220 5422 3413 5488 ἔξωθεν
3433 5422 3701 5478 δικαστῶν
3737 5426 3808 5478 τὰ

2130 5523 2431 5596 πράγματα
2460 5519 2529 5573 τά
2554 5518 2796 5590 ἡμέτερα
2819 5515 3048 5586 λέγομεν
3073 5512 3251 5584 μόνον,
3280 5510 3370 5563 τὸν
3480 5510 3679 5596 τρόπον
3707 5514 3808 5584 τῆς

2131 5594 2446 5682 συμμαχίας
2471 5605 2699 5668 ἐκείνοις
2724 5600 3221 5671 καταλιμπάνομεν,
3250 5596 3398 5659 ὅπως
3431 5594 3497 5650 ἂν
3535 5595 3806 5667 βούλοιντο

2128 5699 2386 5755 διαθεῖναι
2414 5694 2482 5749 τὰ
2516 5692 2777 5766 ἡμέτερα,
2806 5688 2984 5759 πολλῷ
3011 5686 3209 5758 μᾶλλον
3237 5685 3331 5738 ἐπὶ
3360 5682 3455 5737 τοῦ
3488 5684 3623 5739 Θεοῦ
3649 5686 3806 5743 τοῦτο

2128 5786 2235 5859 χρὴ
2268 5784 2460 5837 ποιεῖν.
2496 5780 2663 5844 Εἶπες
2691 5776 2839 5848 αύτῷ
2888 5775 2986 5846 τὴν
3030 5773 3184 5843 δίκην
3213 5771 3311 5859 τὴν
3339 5770 3458 5842 σὴν,
3478 5767 3632 5859 εἶπες
3655 5773 3806 5843 ἅπερ

2130 5858 2357 5937 ἔπαθες
2395 5868 2587 5941 μηκέτι
2626 5867 2750 5936 λέγε
2791 5864 2852 5918 τὸ
2884 5863 2989 5935 ,καὶ
3030 5859 3141 5923 πῶς
3171 5858 3464 5929 βοηθῆσαι·
3501 5858 3662 5924 αὐτὸς
3692 5859 3801 5931 γὰρ
