4066 6446
460 284 564 351 ωδ

461 410 539 465 vit
563 407 688 481 quid
720 408 813 465 tibi
839 398 1126 480 competat.
1159 407 1294 466 Sunt
1316 414 1496 466 autem
1521 403 1756 478 plurimi,
1787 404 1877 476 qui
1903 402 2049 458 mille

461 514 650 556 versus
676 500 814 555 inter
832 499 1093 555 orandum
1120 498 1415 570 proferunt,
1443 497 1732 568 dicuntque
1756 513 1770 551 :
1801 494 2047 560 Domine,

465 589 531 647 da
558 589 687 644 mihi
728 590 967 660 corporis
996 589 1298 656 sanitatem,
1328 587 1491 659 duplo
1534 587 1734 658 plures,
1774 600 1931 656 quam
1958 583 2054 639 ba—

468 681 591 749 beo,
614 682 912 747 facultates,
937 681 1196 736 ulciscere
1229 679 1501 735 inimicum
1545 693 1723 732 meum
1755 694 1770 731 :
1801 675 1943 747 quod
1971 683 2054 731 est

467 773 668 845 ingenti
695 773 908 842 plenum
935 770 1283 827 absurditate.
1311 768 1669 837 Quamobrem
1698 766 1780 821 his
1804 764 2053 820 omnibus

466 867 681 921 omissis
707 865 777 921 ita
806 864 1065 921 orandum
1085 863 1519 935 prccandumque
1537 868 1640 927 est,
1663 869 1721 915 ut
1742 859 2056 930 publicanus

468 961 557 1016 ille
580 959 670 1030 qui
710 958 966 1014 dicebat:
1012 956 1152 1012 Deus
1190 956 1440 1027 propitius
1480 961 1584 1010 esto
1630 952 1754 1008 mihi
1806 951 2058 1024 peccaturi

468 1049 618 1122 (Luc.
654 1048 740 1104 18.
774 1050 878 1119 15);
910 1056 963 1103 et
988 1048 1102 1119 ipse
1127 1047 1272 1102 novit
1304 1061 1411 1117 quo
1436 1053 1592 1116 pacto
1633 1043 1732 1099 tibi
1777 1043 1848 1097 sit
1885 1042 2058 1112 Opitu-

467 1145 683 1201 landum
714 1162 728 1200 :
756 1161 877 1199 nam
909 1144 1149 1209 Quaerite,
1176 1142 1368 1212 inquit,
1400 1141 1621 1212 primum
1638 1154 1847 1210 regnum
1870 1136 1989 1202 Dei,
2012 1145 2057 1190 cl

468 1236 579 1292 Area
605 1236 774 1291 omnia
793 1236 1096 1306 adficientur
1123 1235 1259 1289 vobis
1287 1231 1499 1305 (Matth.
1520 1230 1575 1287 6.
1599 1229 1717 1301 55).
1748 1229 1838 1286 Sic
1858 1228 2055 1297 itaque,

468 1328 671 1396 dilecti,
694 1342 814 1383 cum
842 1327 1023 1383 labore
1046 1334 1101 1383 et
1125 1325 1428 1380 humilitate
1452 1322 1915 1394 philosophemur,
1936 1334 2064 1391 pera

470 1421 730 1476 cutientes
765 1428 979 1491 pectora
1002 1429 1207 1485 nostra,
1246 1415 1695 1489 quemadmodum
1722 1415 1830 1480 ille,
1864 1421 1917 1469 et
1941 1427 2061 1483 quae

471 1516 700 1588 petimus
738 1526 1132 1584 consequemur
1168 1529 1183 1566 :
1229 1510 1311 1567 sin
1344 1511 1421 1565 ira
1450 1510 1737 1577 furoreque
1762 1506 1906 1578 pleni
1933 1520 2056 1576 pre-

471 1622 677 1671 cemur,
708 1603 1096 1661 abominabiles
1134 1610 1190 1659 et
1227 1601 1399 1657 odiosi
1436 1599 1576 1671 apud
1619 1598 1786 1655 Deum
1828 1595 2061 1666 reperie-

474 1710 613 1753 mur.
643 1696 996 1754 Conteramus
1024 1694 1189 1765 igitur
1224 1701 1461 1748 mentem
1498 1699 1759 1756 nostram,
1813 1686 2061 1743 humilie-

476 1804 594 1842 mus
620 1787 828 1842 animas
852 1795 1085 1853 nostras,
1112 1798 1498 1855 precemurquc
1532 1797 1632 1855 pro
1656 1781 1832 1847 nobis,
1865 1794 2063 1850 proque

476 1878 540 1932 iis
565 1878 653 1949 qui
683 1891 779 1932 nos
804 1876 1044 1931 molestia
1073 1875 1385 1933 affecerunt.
1427 1873 1485 1930 Si
1509 1888 1741 1944 namque
1769 1871 1900 1928 velis
1925 1870 2068 1939 judi-

475 1987 591 2026 cem
626 1969 691 2025 ad
737 1970 994 2025 auxilium
1025 1968 1218 2024 anima:
1265 1976 1371 2024 ture
1398 1967 1720 2032 demulcere,
1755 1973 1811 2020 et
1848 1964 1914 2019 ad
1949 1972 2066 2019 tuas

397 2110 407 2123 ,
475 2070 653 2132 partes
682 2059 971 2128 attrahere,
1014 2075 1301 2131 numquam
1330 2075 1453 2116 eum
1492 2070 1678 2114 contra
1702 2057 2065 2112 adversarium

477 2164 624 2211 tuum
668 2153 1095 2224 compellaveris.
1144 2152 1350 2207 Etenim
1393 2151 1590 2223 judicis
1632 2150 1772 2204 illius
1818 2148 1940 2203 talis
1986 2156 2069 2203 est

481 2261 633 2303 mos:
662 2248 766 2302 illis
795 2247 1026 2301 maxime
1055 2246 1240 2301 annuit
1275 2254 1331 2301 et
1368 2243 1632 2314 postulata
1672 2239 1938 2307 concedit,
1978 2238 2067 2311 qui

483 2354 578 2410 pro
607 2338 838 2394 inimicis
871 2345 1043 2402 arant,
1077 2337 1163 2407 qui
1203 2350 1310 2391 non
1358 2343 1484 2390 sunt
1527 2332 1736 2404 injuria:
1779 2347 2066 2398 memores,

480 2431 774 2503 quicontra
806 2430 1051 2485 inimicos
1096 2444 1223 2484 suos
1260 2442 1367 2483 non
1413 2426 1730 2483 eﬂ‘eruntur.
1761 2424 1830 2479 Et
1872 2432 2073 2495 quanto

480 2522 648 2593 magis
676 2521 731 2576 hi
784 2535 843 2577 se
889 2521 963 2575 ita
1011 2530 1222 2592 gerunt,
1276 2527 1425 2574 tanto
1475 2518 1643 2588 magis
1692 2516 1832 2571 Deus
1886 2529 2072 2569 eorum

482 2613 726 2668 inimicos
750 2613 1020 2668 ulciscitur
1043 2655 1058 2679 ,
1086 2612 1186 2667 nisi
1201 2613 1268 2685 ad
1296 2611 1659 2681 paenitentiam
1674 2615 2071 2664 convertantur.

553 2704 605 2758 5.
636 2702 740 2758 Cur
762 2702 902 2757 Deus
938 2720 1031 2758 nos
1054 2703 1258 2757 assidue
1282 2703 1456 2758 vexari
1480 2702 1757 2771 permittat.
1784 2729 1858 2740 —
1887 2698 2075 2754 Videte

482 2810 611 2866 ergo
638 2836 653 2861 ,
684 2794 874 2850 fratres
894 2835 909 2859 ,
944 2810 1014 2849 ne
1052 2794 1245 2865 injuria
1273 2809 1304 2848 a
1332 2792 1582 2864 quopiam
1619 2791 1852 2847 lacessiti
1896 2791 2076 2845 statim

486 2886 823 2957 indignemur
838 2894 892 2942 et
909 2887 962 2941 in
990 2886 1259 2941 tristitiam
1286 2884 1548 2951 labamur,
1579 2884 1675 2940 sed
1696 2881 2077 2953 philosophan-

485 2986 567 3032 tes
608 2978 809 3048 gratias
852 2990 1089 3048 agamus,
1133 2984 1506 3046 exspectantes
1534 2974 1789 3029 auxilium
1825 2972 2057 3028 Domini.

488 3067 678 3122 Annon
722 3076 936 3139 poterat
976 3067 1118 3123 Deus
1165 3075 1290 3123 ante
1333 3066 1699 3137 precationem
1741 3065 1878 3121 bona
1919 3063 2076 3119 nobis

403 3188 414 3194 -
485 3160 730 3215 conferre
745 3160 781 3212 ’θ’
796 3174 975 3214 annon
1000 3159 1161 3213 vitam
1192 3158 1379 3213 dolore
1405 3172 1627 3213 vacuam
1652 3155 1969 3221 concedere,
2001 3164 2079 3210 at-

486 3266 591 3321 que
640 3266 673 3307 a
719 3252 905 3323 quavis
942 3266 1180 3307 aerumna
1231 3251 1538 3307 remotam?
1576 3250 1683 3307 Sed
1721 3260 1943 3321 utraque
1990 3250 2079 3306 ille

487 3359 699 3400 summo
727 3359 911 3400 amore
941 3344 1084 3400 facit.
1118 3345 1227 3399 Cur
1255 3344 1400 3400 enim
1431 3357 1530 3398 nos
1570 3343 1754 3399 vexari
1794 3342 2074 3413 permittit,

488 3452 590 3492 nec
618 3438 760 3494 illico
780 3439 1031 3493 auxilium
1056 3436 1345 3493 admovet?
1372 3437 1489 3504 Qua
1500 3436 1566 3492 de
1592 3436 1789 3493 causa?
1820 3435 2078 3506 Utipsum

488 3529 700 3585 assidue
720 3528 974 3585 adeamus
992 3571 1006 3594 ,
1031 3528 1147 3599 ejus
1176 3529 1505 3599 postulantes
1533 3541 1690 3600 apem
1721 3570 1736 3596 ,
1765 3528 1833 3583 ad
1874 3528 2073 3598 ipsum-

487 3635 593 3690 que
619 3620 1002 3691 confugiamus,
1029 3628 1083 3675 et
1105 3619 1413 3690 frequenter
1432 3621 1605 3691 ipsum
1622 3620 1690 3675 ad
1710 3619 1963 3675 auxilium
1979 3634 2078 3676 vo-

489 3725 693 3765 cemus.
719 3710 843 3766 Ideo
858 3713 1099 3782 corporis
1120 3711 1352 3777 dolores,
1372 3712 1494 3766 ideo
1510 3713 1747 3782 penuriae
1777 3711 2039 3767 fructuum
2060 3753 2076 3779 ,

491 3802 613 3859 ideo
635 3803 835 3859 fames:
866 3813 921 3858 ut
948 3819 1015 3860 ex
1038 3805 1119 3860 his
1132 3804 1384 3860 terumnis
1409 3807 1476 3859 ab
1498 3804 1587 3859 illo
1609 3818 1821 3874 semper
1842 3803 2079 3874 pendea-

490 3910 610 3950 mus
635 3936 649 3958 ,
682 3904 841 3965 atque
870 3896 948 3949 sic
975 3911 1070 3966 per
1099 3896 1423 3967 temporales
1446 3909 1712 3951 mrumnas
1736 3896 1898 3950 vitam
1924 3903 2083 3949 aster-

491 4003 613 4044 nam
663 3989 715 4042 in
763 3988 1127 4046 bzereditatem
1184 4004 1594 4060 consequamur.
1642 3986 1824 4058 itaque
1861 4002 1959 4057 pro
1996 3988 2080 4043 his

495 4084 655 4137 etiam
687 4083 798 4138 Deo
825 4085 1023 4154 gratias
1051 4099 1210 4155 agere
1250 4083 1505 4139 debemus
1531 4125 1546 4151 ,
1574 4084 1664 4154 qui
1700 4082 1883 4138 multis
1907 4083 2080 4138 modis

497 4175 780 4229 sanitatem
809 4185 860 4231 et
882 4175 1109 4231 salutem
1134 4176 1341 4230 confert
1367 4176 1642 4231 animabus
1659 4175 1876 4230 nostris.
1906 4174 2083 4230 Homi-

492 4283 589 4326 nes
615 4267 757 4321 enim
799 4268 842 4322 si
886 4269 1165 4323 minimum
1197 4268 1465 4338 quidpiam
1495 4269 1649 4325 nobis
1672 4268 1916 4325 beneficii
1944 4284 2076 4325 con-

494 4358 749 4424 tulerint,
778 4359 947 4430 iisque
974 4372 1157 4429 posnea
1177 4360 1261 4415 vel
1288 4360 1435 4415 inviti
1466 4361 1854 4431 aliquantulum
1912 4363 2082 4419 mole-

491 4451 609 4505 stiae
637 4451 920 4506 afi‘eramus
940 4494 955 4519 ,
983 4452 1162 4508 statim
1199 4453 1528 4523 exprobrant
1554 4453 1904 4522 beneﬁcium,
1926 4456 1997 4510 ita
2022 4463 2083 4512 ut

390 4544 395 4549 ’
493 4544 643 4598 multi
672 4543 776 4599 sibi
804 4545 934 4614 ipsis
970 4546 1288 4602 maledicant
1321 4589 1337 4615 ,
1366 4547 1507 4618 quod
1542 4548 1615 4603 ab
1651 4549 1718 4603 iis
1759 4548 2078 4604 beneﬁcium

492 4635 719 4704 quodvis
743 4638 1076 4707 acceperint:
1114 4640 1250 4696 Deus
1290 4655 1420 4696 vero
1448 4655 1556 4696 non
1601 4641 1711 4706 sic;
1740 4641 1835 4697 sed
1884 4643 2078 4698 etiam-

496 4770 807 4782 ρ*

812 4773 942 4781 έσ--ιν-

1667 290 1754 349 DE
1792 288 2260 349 ΜΝΤΕΝΤΙΑ.
2302 287 2530 349 HOMIL.
2571 292 2641 350 Ἰ.

3633 297 3737 353 ωδ

2156 404 2202 459 sl
2232 405 2408 460 statim
2454 411 2576 477 post
2613 404 2806 462 collata
2842 404 3100 464 beneﬁcia
3140 415 3511 466 contemnatur
3538 407 3740 465 θωπί.-

2159 504 2351 565 turque
2397 497 2717 553 contumelia
2737 538 2754 566 ,
2784 496 2960 555 adhuc
2986 512 3108 555 sese
3132 508 3322 570 purgat
3350 540 3365 565 ,
3402 499 3742 569 rationesque

2160 585 2258 644 init
2284 604 2404 644 cum
2434 589 2497 645 iis
2520 632 2537 656 ,
2565 590 2653 661 qui
2700 605 2759 646 se
2805 591 2998 661 injuria
3043 590 3336 647 affecerunt
3359 633 3374 658 ,
3403 593 3486 648 his
3525 593 3738 648 verbis:

2163 679 2362 752 Popule
2381 697 2540 746 meus,
2562 681 2684 754 quid
2703 683 2800 753 feci
2825 681 2914 736 tibi
2939 680 3126 753 (Hic/3.
3158 683 3212 739 6.
3235 684 3331 755 3)?
3360 683 3460 754 Ipsi
3488 684 3739 740 nolebant

2161 789 2284 828 cum
2316 789 2509 829 vocare
2541 774 2707 829 Deum
2737 815 2753 840 ,
2782 774 2874 830 ille
2905 790 3037 831 vero
3063 791 3167 830 non
3197 776 3440 832 cessabat
3469 777 3613 845 ipsos
3642 791 3739 845 po-

2160 865 2341 935 pulum
2372 880 2526 919 suum
2550 865 2859 921 nominare:
2891 865 2990 936 ipsi
3017 865 3306 921 dominium
3337 867 3705 923 detrectabant
3727 908 3742 932 ,

2162 957 2251 1012 ille
2281 972 2410 1013 vero
2435 973 2540 1013 non
2568 958 2795 1023 negabat
2828 973 2923 1014 eos
2952 1000 2967 1025 ,
2998 958 3092 1014 sed
3124 969 3180 1013 ut
3205 974 3330 1016 suos
3358 961 3618 1015 tractabat
3645 1000 3659 1025 ,
3688 969 3746 1016 et

2160 1048 2226 1104 ad
2254 1064 2311 1105 se
2339 1047 2582 1104 trahebat
2601 1049 2802 1115 dicens,
2826 1048 3025 1123 Papule
3048 1067 3216 1118 meus,
3238 1052 3360 1122 quid
3388 1053 3485 1124 feci
3512 1051 3638 1107 tibi?
3660 1054 3742 1107 An

2164 1140 2257 1196 tibi
2286 1157 2548 1197 onerosus
2572 1141 2643 1196 fui
2664 1184 2679 1210 ,
2715 1142 2887 1213 inquit
2914 1184 2929 1210 ,
2957 1159 3027 1199 an
3050 1145 3229 1214 gravis
3270 1154 3325 1199 et
3353 1145 3648 1202 molesms?
3677 1147 3748 1201 At

2164 1230 2267 1286 hoc
2293 1247 2398 1286 non
2423 1242 2573 1301 potes
2602 1232 2782 1288 dicere
2807 1251 2820 1287 :
2853 1234 2979 1302 quin
3008 1234 3218 1289 etiamsi
3246 1233 3348 1290 hoc
3378 1245 3541 1302 esset,
3574 1251 3747 1306 neque

2162 1324 2242 1379 sic
2261 1323 2495 1394 oportuit
2519 1324 2728 1380 resilire
2756 1341 2769 1379 :
2805 1324 2930 1392 Quis
2954 1326 3088 1380 enim
3120 1335 3194 1381 est
3221 1327 3358 1396 ﬁlius
3381 1369 3396 1393 ,
3426 1344 3573 1399 quem
3608 1336 3752 1397 pater

2163 1431 2267 1470 non
2294 1416 2516 1486 corrigat
2545 1413 2732 1486 (Hebr.
2763 1414 2854 1471 12.
2882 1414 2936 1488 7)
2954 1414 3237 1472 ?Attamen
3261 1417 3366 1474 hoc
3395 1433 3498 1473 non
3528 1420 3750 1489 potestis

2164 1506 2364 1562 dicere.
2395 1508 2477 1561 Et
2499 1507 2693 1562 iterum
2722 1507 2884 1563 alibi:
2918 1507 3069 1573 Quod
3090 1509 3383 1565 invenerunt
3410 1518 3578 1578 patres
3603 1510 3754 1563 uestri

2163 1598 2325 1652 inme
2351 1594 2744 1664 delictum.(ler.
2775 1597 2830 1651 2.
2858 1597 2959 1667 5)?
2988 1597 3232 1669 Magnum
3272 1607 3330 1655 et
3365 1598 3610 1654 mirabile
3661 1600 3747 1667 di-

2165 1690 2510 1760 ctumzquod
2563 1692 2704 1746 enim
2762 1691 2890 1748 dicit
2934 1691 3238 1760 huiusmodi
3293 1702 3407 1747 est:
3440 1690 3580 1760 Quid
3628 1705 3759 1762 pec-

2166 1786 2335 1841 cavi?
2385 1786 2557 1856 inquit
2594 1786 2735 1842 Deus
2774 1784 3116 1841 hominibus:
3141 1783 3277 1852 Quid
3323 1784 3577 1855 peccavi?
3618 1784 3761 1855 quod

2168 1892 2341 1949 neque
2378 1878 2523 1933 servi
2563 1893 2593 1932 a
2639 1877 2871 1933 dominis
2900 1876 3004 1933 dici
3027 1877 3348 1932 concedunt.
3382 1877 3564 1948 Neque
3606 1876 3758 1944 dicit,

2170 1968 2306 2038 Quid
2347 1969 2559 2038 peccavi
2602 1969 2655 2023 in
2681 1984 2817 2033 vos;
2861 1967 2993 2035 sed,
3032 1968 3089 2023 In
3137 1978 3314 2038 patres
3369 1977 3595 2023 vestros.
3639 1966 3753 2023 Ve-

2171 2078 2289 2118 rum
2321 2078 2494 2132 neque
2525 2063 2659 2128 hoc,
2691 2062 2799 2130 ait,
2831 2062 3055 2132 potestis
3083 2061 3281 2127 dicere,
3310 2061 3452 2133 quod
3484 2072 3758 2132 paternam

2171 2169 2299 2225 erga
2326 2169 2411 2209 me
2440 2153 2769 2208 inimicitiam
2793 2153 3037 2209 servetis.
3077 2151 3260 2224 Neque
3294 2153 3436 2208 enim
3459 2152 3765 2223 progenito-

2174 2260 2263 2301 res
2283 2253 2494 2300 vestros
2514 2243 2732 2315 permisi
2752 2259 3006 2313 umquam
3035 2244 3424 2315 providentiam
3455 2257 3629 2299 meam
3678 2244 3764 2297 in-

2174 2353 2383 2404 cusare,
2411 2338 2463 2394 in
2510 2353 2675 2409 parvo
2711 2348 2804 2393 aut
2852 2352 3048 2408 magno
3090 2337 3389 2409 despiciens
3427 2352 3542 2393 eos.
3582 2334 3768 2406 Neque

2175 2436 2488 2504 simpliciter
2512 2436 2647 2490 dixit
2685 2451 2700 2487 :
2738 2433 2875 2502 Quid
2903 2435 3206 2489 habuerunt
3234 2441 3414 2502 patres
3442 2430 3621 2497 vestri,
3646 2428 3763 2492 sed.

2180 2526 2317 2593 Quid
2352 2526 2689 2581 invenerunt?
2742 2525 2996 2596 Quamvis
3031 2524 3200 2579 multa
3240 2523 3569 2593 quaesierint,
3598 2519 3763 2574 multa

2177 2618 2593 2689 circumquaque
2641 2618 2909 2673 moverint
2952 2624 3030 2671 tot
3072 2614 3225 2669 annis
3254 2628 3375 2669 meo
3413 2611 3513 2666 sub
3542 2609 3769 2679 imperio

2179 2709 2453 2781 degentes,
2483 2708 2689 2764 nullum
2718 2708 3038 2764 invenerunt
3075 2706 3130 2761 in
3166 2719 3257 2760 me
3293 2703 3572 2759 delictum.
3609 2700 3772 2771 igitur

2178 2798 2370 2855 borum
2389 2801 2626 2855 omnium
2642 2813 2799 2855 causa
2828 2798 3136 2869 frequenter
3159 2795 3225 2851 ad
3242 2810 3364 2850 eum
3380 2793 3768 2863 confugiamus,

2179 2903 2234 2951 et
2259 2895 2313 2950 in
2340 2894 2488 2951 omni
2513 2908 2744 2950 maerore
2764 2891 3181 2949 consolationem
3212 2888 3328 2959 ejus
3354 2899 3656 2957 qummmus
3673 2926 3687 2946 .
3715 2883 3770 2938 in

2180 2986 2327 3043 omni
2354 2987 2659 3044 calamitate
2685 2986 2803 3058 ejus
2826 2982 3167 3049 solutionem,
3190 2979 3307 3051 ejus
3326 2975 3769 3041 misericordiam,

2181 3077 2236 3133 in
2261 3077 2406 3133 omni
2448 3076 2742 3133 tentatione
2779 3076 2904 3146 'ejus
2949 3073 3203 3129 auxilium
3243 3088 3257 3125 :
3287 3078 3775 3141 quantumcumque

2181 3170 2323 3227 enim
2350 3169 2551 3224 malum
2580 3168 2757 3234 fuerit,
2805 3172 3235 3236 quantacumque
3284 3156 3601 3216 calamitatis
3654 3170 3772 3211 ma-

2181 3262 2423 3333 gnitudo,
2449 3264 2629 3318 omnia
2658 3259 2749 3314 ille
2775 3257 2985 3314 solvere
3008 3264 3063 3309 et
3080 3266 3331 3309 amovere
3358 3258 3566 3319 potest:
3600 3261 3775 3318 neque

2183 3355 2287 3411 hoc
2311 3362 2534 3419 tantum,
2564 3351 2657 3407 sed
2683 3365 2896 3406 omnem
2916 3346 3276 3407 securitatem,
3295 3343 3569 3408 virtutem,
3591 3353 3773 3396 veram

2183 3445 2430 3516 gloriam,
2463 3441 2881 3498 incolumitatem
2910 3437 3151 3508 corporis
3173 3477 3187 3503 ,
3216 3432 3611 3506 philosophiam
3661 3429 3778 3485 ani-

2184 3553 2308 3604 mae,
2334 3551 2484 3607 spem
2511 3534 2726 3599 bonam,
2759 3540 2813 3588 et
2828 3543 2887 3586 ut
2909 3546 3015 3586 non
3042 3527 3198 3584 facile
3224 3539 3525 3598 peccemus,
3545 3522 3597 3579 id
3620 3520 3777 3578 nobis

2185 3627 2303 3698 ejus
2327 3625 2537 3681 bonitas
2564 3622 2825 3680 conferet.
2863 3620 2944 3677 Ne
2992 3621 3174 3685 itaque
3225 3618 3552 3688 ingratorum
3591 3628 3776 3670 servo-

2184 3733 2303 3773 rum
2331 3732 2481 3772 more
2496 3728 2913 3780 murmuremus,
2934 3726 3109 3782 neque
3124 3708 3407 3765 Dominum
3434 3708 3736 3763 incusemus
3758 3722 3775 3770 ;

2184 3809 2279 3864 sed
2303 3810 2355 3864 in
2386 3808 2635 3864 omnibus
2657 3806 2854 3875 gratias
2882 3816 3137 3873 agamus,
3168 3808 3225 3856 et
3257 3815 3420 3855 unum
3448 3798 3619 3853 solum
3659 3811 3779 3850 ma-

2184 3902 2294 3957 lum
2324 3914 2447 3955 esse
2478 3907 2748 3968 putemus,
2787 3908 2981 3963 nempe
3011 3894 3066 3947 in
3094 3906 3215 3948 eum
3247 3905 3494 3962 peccare.
3534 3891 3710 3959 Atque
3732 3887 3779 3943 si

2185 3996 2255 4049 ita
2281 4008 2405 4063 erga
2448 3992 2616 4046 Deum
2664 3987 2840 4044 aﬂ‘ecti
2897 3987 3085 4051 simus,
3113 4000 3217 4038 non
3244 3983 3481 4048 morbus,
3512 3997 3617 4035 non
3644 3994 3780 4050 pau-

2185 4094 2367 4157 pertas
2389 4123 2403 4149 ,
2437 4098 2541 4137 non
2572 4079 2857 4153 ignominia
2880 4121 2896 4145 ,
2927 4093 3033 4133 non
3061 4077 3313 4131 sterilitas
3350 4073 3639 4138 fructuum,
3672 4087 3778 4127 non

2188 4176 2331 4232 aliud
2353 4173 2628 4247 quidpiam
2648 4187 2858 4240 eorum,
2881 4186 3000 4241 quae
3027 4170 3168 4224 inter
3196 4167 3335 4222 mala
3364 4172 3742 4234 computantur
3761 4204 3777 4231 ,

2187 4286 2288 4327 nos
2316 4270 2577 4339 excipiet;
2607 4266 2701 4323 sed
2732 4280 2918 4336 puram
2946 4271 3255 4334 castamque
3276 4259 3601 4330 voluptatem
3633 4272 3779 4313 sem-

2187 4377 2284 4433 per
2313 4360 2477 4428 nacti,
2509 4360 2669 4415 etiam
2700 4357 2875 4413 futura
2900 4355 3038 4411 bona
3066 4367 3459 4423 consequemur
3495 4349 3699 4422 :gratia
3730 4355 3785 4404 et

2187 4454 2515 4525 benignitate
2554 4450 2763 4506 Domini
2790 4447 2957 4505 nostri
2984 4447 3111 4503 Jesn
3143 4443 3378 4510 Christi,
3400 4442 3611 4514 quicum
3638 4440 3783 4495 Patri

2187 4547 2375 4618 gloria,
2404 4561 2508 4600 una
2537 4560 2657 4600 cum
2679 4552 2863 4599 sancto
2885 4541 3106 4612 Spiritu,
3132 4553 3273 4613 nunc
3301 4546 3356 4593 et
3390 4550 3621 4606 semper,
3653 4542 3707 4590 et
3730 4532 3783 4589 in

2189 4639 2384 4696 smcula
2413 4637 2749 4694 saiculorum.
2780 4635 2971 4691 Amen.

495 4865 779 4909 EIUSDEM
834 4866 1105 4910 HOMILIA
1152 4868 1235 4909 DE
1263 4868 1525 4911 JEJUNIO
1570 4870 1651 4911 ET
1694 4869 1758 4911 IN
1802 4868 2011 4914 JONAM
2055 4869 2069 4911 1

2178 4868 2464 4917 ΡΗΕΤΑΜ,
2511 4867 2592 4910 ΕΤ
2635 4863 2988 4918 υΑΝιειΕΜ,
3035 4861 3118 4903 ΕΤ
3156 4858 3314 4902 TRES
3369 4854 3645 4913 PUEROS,
3706 4852 3787 4897 Εἰ·

850 4968 931 5008 DE
976 4967 1412 5010 POENITENTIA.
1461 4969 1650 5012 Dl-CTA
1694 4969 1806 5012 EST
1852 4969 2065 5012 AUTEM
2109 4968 2176 5012 IN
2202 4964 2537 5012 SACRORUM
2579 4961 2989 5007 JEJUNIORUM‘
3024 4956 3401 5003 INGRESSUM.

1888 5114 2120 5129 Ἡ

1078 5257 1295 5295 nonius
1335 5257 1366 5295 v
1413 5240 1514 5311 (α).

572 5336 623 5390 1.
656 5334 801 5388 Lmta
829 5334 982 5386 nobis
1006 5332 1165 5386 hodie
1192 5347 1253 5385 ac
1280 5333 1466 5387 festiva
1492 5331 1791 5392 celebritas.
1822 5330 2086 5399 solitoque

501 5425 756 5481 illustrior
782 5436 972 5480 cmtus.
1003 5424 1256 5492 Quantam
1279 5438 1407 5491 ergo
1428 5422 1623 5477 causa?
1648 5421 1841 5492 Jt-junii
1868 5421 2087 5489 prmcla-

503 5532 617 5570 rum
645 5530 779 5585 opus
808 5518 909 5569 huc
935 5530 1053 5569 esse
1083 5515 1240 5578 novi,
1271 5513 1461 5583 jejunii
1502 5527 1605 5567 non
1653 5512 1959 5583 praesentis,
1996 5511 2087 5566 sed

502 5609 821 5680 exspectati.
858 5606 990 5661 Illud
1027 5621 1255 5678 namque
1289 5620 1388 5660 nos
1428 5603 1532 5660 huc
1558 5604 1623 5660 ad
1650 5614 1925 5675 paternam
1958 5615 2088 5659 con-

572 5746 639 5808 ia)
662 5745 843 5797 Coliata
865 5759 974 5795 cum
998 5754 1102 5797 ttss.
1120 5745 1280 5810 negiis
1298 5743 1435 5809 1828,
1464 5743 1599 5808 1829,
1623 5742 1774 5795 242i.

2123 5093 2199 5143 ο.

2217 5112 2418 5127 ———

2197 5233 2434 5305 gregavit
2451 5232 2667 5286 domum
2690 5247 2701 5282 :
2727 5227 2855 5284 illud
2876 5228 3034 5283 etiam
3057 5240 3149 5281 cos
3171 5225 3260 5297 qui
3282 5222 3506 5280 antehac
3530 5222 3790 5293 pigriores

2195 5326 2446 5390 fuerunt,
2475 5321 2543 5375 ad
2573 5319 2878 5375 malernas‘
2907 5317 3121 5373 reduxit
3149 5331 3358 5371 manus.
3404 5314 3460 5369 Si
3488 5326 3617 5368 vero
3646 5310 3789 5383 quod

2196 5423 2537 5487 exspectetur
2563 5413 2758 5481 solum,
2791 5419 2995 5467 tantum
3022 5409 3180 5466 studii
3207 5408 3360 5464 nobis
3387 5403 3632 5476 ingessit,
3664 5420 3787 5459 cum

2196 5510 2501 5584 apparuerit
2529 5508 2929 5576 adveneritque,
2952 5512 3203 5575 quantam
3226 5502 3278 5557 in
3310 5500 3464 5557 nobis
3486 5506 3788 5555 veneratio-

2198 5618 2323 5659 nem
2351 5599 2585 5658 efficiet?
2609 5598 2697 5656 Sic
2717 5607 2772 5654 et
2794 5598 3002 5664 civitas,
3027 5593 3264 5665 principe
3288 5590 3565 5650 tremendo
3584 5590 3788 5662 ingresw

2271 5739 2284 5769 ¹
2314 5738 2425 5791 Sav.
2453 5740 2504 5786 et
2527 5745 2654 5786 unus
2677 5739 2811 5796 Reg,
2838 5735 3082 5795 paternas.
