4066 6470
275 334 379 391 507

278 463 425 514 suro,
454 460 669 502 omnem
709 441 905 499 omittit
940 437 1220 502 desidiam,
1267 434 1562 506 majorique
1607 432 1871 488 excitatur

276 537 479 593 studio.

350 627 620 683 thmones
658 623 911 695 jejunium
956 619 1360 676 Cinistianorum
1398 626 1643 670 metuunt.
1670 645 1739 654 —
1766 612 1873 668 Sed

279 721 421 777 haud
452 721 636 775 timete
666 712 999 772 tremendum
1029 711 1322 782 principem
1351 709 1612 780 jejunium
1650 706 1874 762 audien-

281 823 364 868 tes
395 827 407 863 :
439 825 544 863 non
579 808 722 863 enim
752 804 924 871 vobis,
954 801 1047 857 sed
1089 799 1477 856 daemoniorum
1520 807 1724 853 naturae
1765 806 1875 851 tre-

283 903 538 959 mendum
558 909 659 955 est.
689 896 901 952 Etenim
922 895 967 951 si
989 894 1251 949 lunaticus
1272 891 1431 947 fuerit
1453 891 1593 961 quis,
1613 888 1800 961 jejunii
1826 887 1877 943 ei

282 992 469 1048 faciem
497 989 742 1055 ostende,
770 997 930 1058 atque
955 984 1221 1055 lapidibus
1252 983 1380 1054 ipsis
1408 981 1732 1036 immobilior
1758 994 1876 1033 ma-

284 1096 376 1137 net
419 1083 610 1136 timore
646 1079 986 1144 constrictus,
1015 1084 1069 1131 et
1094 1075 1254 1129 veluti
1286 1072 1498 1129 vinculo
1521 1071 1748 1143 quodam
1779 1070 1878 1124 de-

287 1184 465 1229 tentus
496 1190 510 1228 :
539 1172 696 1243 idque
726 1170 1083 1241 potissimum,
1105 1181 1227 1222 cum
1247 1165 1439 1220 viderit
1462 1163 1667 1234 jejunio
1695 1161 1881 1232 adjun-

282 1276 423 1319 ctam
465 1278 704 1319 sororem
722 1259 1268 1327 contubernalemque
1289 1255 1504 1326 jejunii,
1536 1254 1832 1309 orationem
1864 1268 1878 1305 :

285 1356 407 1413 ideo
433 1354 677 1413 Christus
697 1353 863 1409 dicit:
890 1349 1006 1406 Hoc
1023 1365 1182 1422 genus
1207 1365 1311 1403 non
1338 1347 1539 1419 ejicitur
1562 1346 1659 1401 nisi
1687 1346 1740 1400 in
1768 1361 1885 1401 ora-

283 1450 418 1504 tione
456 1455 504 1503 et
537 1447 741 1519 jejunio
768 1443 985 1519 (Matth.
1013 1444 1101 1500 l7.
1132 1439 1247 1514 20).
1289 1441 1422 1497 Cum
1466 1441 1644 1511 itaque
1685 1446 1885 1495 nostra:

284 1540 471 1595 salutis
500 1537 684 1593 hostes
704 1536 782 1592 sic
803 1542 1171 1607 persequatur,
1195 1541 1354 1604 atque
1380 1531 1609 1588 inimicis
1633 1531 1754 1587 vitae
1780 1546 1883 1585 no-

284 1641 416 1687 atra:
444 1639 552 1684 tam
583 1629 654 1685 sit
682 1627 978 1683 timendum
999 1668 1013 1691 ,
1042 1640 1224 1680 amare
1255 1633 1308 1680 et
1327 1623 1550 1695 diligere
1574 1622 1628 1677 id
1652 1630 1883 1693 oportet,

288 1737 396 1777 non
424 1720 617 1776 timere
648 1737 660 1772 :
690 1720 735 1775 si
765 1717 907 1774 enim
937 1715 1231 1772 timendum
1257 1724 1341 1772 est
1365 1758 1379 1783 ,
1423 1714 1654 1770 ebrietas
1683 1722 1739 1769 et
1764 1728 1886 1769 cra-

287 1813 434 1884 pula,
453 1827 561 1867 non
581 1809 842 1881 jejunium
869 1808 1044 1864 timeri
1070 1807 1250 1863 debet.
1278 1806 1369 1862 Illa
1391 1806 1652 1878 siquidem
1673 1814 1886 1861 nostras

290 1911 412 1972 post
456 1911 599 1974 terga
647 1901 816 1973 ligans
857 1914 1070 1967 manus,
1107 1899 1360 1954 vitiorum
1405 1897 1692 1970 tyrannidi,
1724 1897 1888 1952 veluti

288 1994 500 2049 cuidam
520 2007 695 2063 pravae
714 1990 966 2057 dominae,
986 2003 1176 2045 servos
1199 2004 1299 2044 nos
1316 1989 1658 2059 captivosque
1674 1987 1849 2044 reddit
1872 2006 1886 2043 :

286 2084 549 2156 jejunium
578 2097 707 2139 vero
731 2096 919 2139 servos
945 2080 1248 2136 existentes
1271 2094 1371 2135 nos
1398 2088 1559 2150 atque
1590 2079 1779 2150 ligatos
1805 2079 1886 2134 in-

291 2177 537 2245 veniens,
555 2175 767 2231 vincula
788 2174 948 2230 solvit
971 2180 1026 2229 et
1046 2171 1328 2245 tyrannide
1348 2171 1557 2238 liberat,
1582 2172 1890 2243 pristinam-

290 2282 396 2338 que
420 2267 475 2322 in
502 2267 801 2323 libertatem
830 2264 1056 2321 reducit.
1086 2262 1251 2335 igitur
1277 2263 1494 2335 quando
1520 2263 1763 2319 inimicos
1781 2277 1886 2319 no-

288 2368 431 2416 stros
478 2366 766 2429 expugnat,
806 2356 1168 2427 servituteque
1210 2370 1311 2412 nos
1350 2354 1575 2421 liberat,
1617 2363 1777 2426 atque
1822 2353 1891 2410 ad

290 2452 525 2521 priorem
547 2450 754 2507 reducit
775 2450 1099 2517 libertatem,
1119 2464 1276 2521 quam
1306 2449 1466 2504 aliam
1488 2448 1744 2519 majorem
1769 2448 1890 2519 eius

290 2557 419 2613 erga
450 2551 691 2598 nostrum
712 2556 883 2613 genus
908 2541 1161 2597 amicitiae
1187 2541 1453 2597 rationem
1483 2541 1757 2612 exquiris?
1786 2539 1887 2596 Et-

296 2636 439 2690 enim
480 2634 772 2690 maximum
819 2634 1019 2690 amoris
1054 2633 1309 2689 indicium
1347 2633 1400 2687 id
1439 2647 1563 2688 esse
1589 2632 1819 2698 videtur,
1847 2633 1895 2688 sl

295 2728 512 2783 eosdem
542 2727 819 2783 nobiscum
846 2735 991 2783 amet
1015 2728 1156 2798 quis,
1185 2735 1240 2782 et
1258 2728 1383 2783 odio
1408 2738 1778 2798 prosequatur.

368 2818 740 2875 Honachorum
766 2820 898 2874 laus.
924 2847 997 2860 —
1027 2818 1119 2874 Vis
1143 2819 1372 2886 discere,
1399 2828 1630 2890 quantus
1656 2819 1885 2874 homini-

298 2913 399 2966 bus
421 2920 643 2966 ornatus
671 2911 741 2967 sit
765 2911 1048 2982 jejunium,
1078 2920 1335 2982 quantum
1363 2920 1601 2968 tutamen
1630 2926 1693 2967 ac
1720 2921 1895 2967 custo-

295 3006 417 3062 dia?
441 3005 720 3062 considam
746 3006 958 3063 beatum
987 3012 1148 3076 atque
1172 3004 1487 3061 admirabile
1507 3005 1889 3062 monachon

296 3115 485 3168 genus.
524 3098 589 3154 Ili
632 3114 863 3169 namque
898 3098 1185 3154 tumultum
1212 3098 1391 3154 saeculi
1423 3098 1703 3170 fugientes,
1733 3108 1891 3169 atque

296 3192 363 3248 ad
389 3192 503 3263 ipsa
525 3191 785 3247 montium
810 3191 1084 3247 cacumina
1102 3200 1402 3258 currentes,
1423 3191 1633 3260 tuguria
1653 3191 1705 3245 in
1722 3191 1890 3246 eremi

295 3283 477 3352 quiete
522 3280 685 3338 veluti
731 3282 784 3337 in
831 3281 1121 3353 tranquillo
1163 3280 1395 3352 quodam
1437 3291 1596 3352 portu
1645 3280 1887 3352 figentes,

296 3375 557 3446 jejunium
579 3388 679 3430 ceu
704 3374 1015 3430 commercii
1040 3373 1270 3443 vitaeque
1293 3373 1496 3428 socium
1521 3380 1890 3442 susceperunt.

299 3471 476 3536 Quare
514 3468 735 3538 angelos
781 3482 850 3522 ex
897 3466 1201 3521 hominibus
1242 3464 1362 3519 illos
1406 3464 1531 3519 fecit
1571 3482 1584 3518 :
1626 3480 1733 3519 non
1774 3464 1895 3520 illos

298 3561 489 3628 modo,
517 3560 613 3616 sed
634 3569 688 3615 et
718 3559 770 3613 in
799 3558 1017 3614 urbibus
1053 3565 1312 3629 quotquot
1338 3571 1397 3612 se
1424 3548 1715 3611 tolerantes
1741 3556 1893 3611 inve-

299 3653 400 3720 nit,
446 3650 513 3708 ad
558 3652 733 3722 ipsum
777 3648 1132 3721 philosophiae
1173 3649 1384 3704 culmen
1427 3647 1626 3704 evehit.
1665 3647 1798 3702 Nam
1841 3658 1895 3704 et

300 3744 474 3799 Moses
520 3751 574 3798 et
619 3741 782 3804 Elias,
828 3738 1211 3811 prophetarum
1247 3741 1300 3795 in
1332 3740 1513 3796 Veteri
1550 3739 1896 3796 Testamento

302 3846 497 3899 turres,
529 3832 737 3888 tametsi
757 3848 821 3888 ex
842 3831 961 3888 aliis
986 3831 1222 3886 illustres
1238 3830 1524 3902 magnique
1546 3830 1891 3901 haberentur,

302 3940 367 3981 ac
393 3925 560 3980 multa
592 3923 784 3979 fiducia
813 3921 1133 3994 gauderent;
1177 3929 1356 3978 tamen
1396 3922 1442 3976 si
1480 3921 1694 3992 quando
1725 3922 1896 3978 Deum

302 4015 553 4072 volebant
597 4014 746 4071 adire
783 4023 839 4070 et
881 4014 1100 4085 alloqui,
1131 4021 1386 4085 quantum
1413 4011 1615 4068 homini
1645 4014 1898 4084 possibile

304 4117 443 4177 erat,
473 4108 540 4164 ad
571 4107 672 4164 hoc
698 4106 1093 4177 confugiebant,
1121 4116 1279 4176 atque
1310 4120 1403 4176 per
1428 4104 1588 4176 hujus
1611 4120 1802 4160 manus
1828 4103 1897 4159 ad

304 4203 471 4257 Deum
493 4200 843 4256 ducebantur.
876 4197 1085 4254 idcirco
1111 4197 1251 4252 Deus
1285 4196 1556 4251 hominem
1579 4210 1610 4251 a
1636 4194 1898 4266 principio

305 4293 525 4359 faciens,
556 4291 696 4347 illico
724 4290 957 4346 delatum
987 4304 1111 4347 eum
1136 4287 1329 4360 jejunii
1352 4287 1598 4344 manibus
1625 4302 1900 4344 commen-

307 4381 471 4449 davit,
495 4382 656 4437 veluti
687 4382 788 4452 piae
808 4380 1128 4451 amabiiique
1145 4378 1305 4434 matri
1324 4384 1380 4433 et
1399 4378 1666 4449 magistra:
1680 4377 1899 4448 optima:

307 4475 667 4532 committens.
695 4473 829 4530 Nam
856 4473 934 4527 Ab
959 4472 1094 4527 omni
1126 4472 1265 4543 ligno
1298 4470 1528 4541 paradisi
1562 4470 1812 4535 comedas,
1835 4470 1900 4524 de

304 4567 444 4636 ligno
479 4580 597 4620 vero
632 4562 855 4618 scientiae
876 4562 995 4618 boni
1014 4571 1061 4616 ct
1086 4561 1208 4615 mali
1236 4578 1337 4615 non
1358 4561 1626 4616 comedetis
1659 4561 1812 4633 (Gen.
1837 4563 1894 4621 2.

307 4657 398 4713 i6.
433 4655 521 4728 17)
548 4674 562 4711 :
589 4653 644 4710 id
666 4652 876 4726 species
900 4651 1094 4725 jejunii
1126 4661 1230 4709 est.
1268 4655 1325 4711 Si
1372 4662 1548 4708 autem
1576 4653 1628 4709 in
1651 4652 1900 4723 paradiso

304 4747 563 4817 jejunium
605 4745 973 4801 necessarium
1019 4744 1136 4813 fuit,
1187 4755 1337 4800 extra
1379 4743 1686 4814 paradisum
1730 4743 1899 4799 multo

307 4838 474 4910 magis
506 4838 591 4894 :si
629 4846 754 4893 ante
790 4836 1002 4909 plagam
1043 4837 1187 4893 utilis
1218 4836 1486 4892 medicina
1513 4835 1705 4903 fuerat,
1733 4836 1900 4891 multo

307 4932 480 5002 magis
515 4941 636 5002 post
660 4931 868 5003 plagam
902 4949 915 4985 :
947 4931 994 4987 si
1024 4931 1251 4987 necdum
1278 4930 1418 4987 bello
1443 4929 1786 5000 cupiditatum
1820 4930 1899 4984 in-

298 5033 559 5096 .surgcnte
580 5024 734 5079 nobis
765 5039 911 5080 arma
939 5023 1152 5080 fuerant
1179 5033 1501 5094 opportuna,
1532 5023 1703 5077 multo
1729 5023 1899 5093 magis

311 5128 432 5187 post
461 5125 664 5173 tantum
692 5116 1037 5188 cupiditatum
1066 5119 1308 5187 praelium
1334 5133 1363 5171 a
1391 5116 1722 5172 daemonibus
1747 5116 1901 5171 nobis

311 5210 536 5277 illatum,
565 5209 925 5264 necessarium
968 5209 1122 5266 nobis
1168 5217 1250 5265 est
1293 5208 1479 5279 jejunii
1508 5208 1898 5264 commilitium.

311 5302 366 5357 Si
395 5301 533 5358 hanc
552 5300 790 5357 audisset
810 5316 993 5358 vocem
1024 5300 1216 5369 Adam,
1248 5315 1580 5371 nequaquam
1612 5299 1898 5354 secundam

312 5393 547 5451 audisset
576 5413 591 5450 :
622 5392 786 5449 Terra
807 5410 881 5461 es,
902 5402 949 5448 et
969 5393 1022 5448 in
1042 5403 1229 5448 terram
1251 5393 1507 5448 reverteris
1531 5391 1681 5464 (Cen.
1708 5393 1762 5447 5.
1789 5392 1900 5462 i9).

314 5485 420 5542 Sed
445 5488 694 5558 quoniam
715 5487 852 5543 hanc
872 5487 1085 5559 quidem
1110 5497 1471 5557 transgressus
1493 5494 1593 5552 est,
1617 5493 1901 5556 propterea

314 5591 460 5631 mors
489 5586 545 5632 et
571 5594 716 5635 cura:
755 5589 809 5634 et
846 5594 1099 5635 aerunum
1141 5588 1196 5634 et
1239 5576 1471 5632 tristitiae
1513 5585 1568 5630 et
1607 5577 1713 5630 vita
1757 5575 1902 5630 omni

316 5678 488 5722 morte
514 5668 727 5738 gravior
759 5689 770 5723 :
802 5680 1083 5740 propterea
1114 5670 1283 5740 spinae
1310 5677 1364 5724 et
1393 5668 1591 5733 tribuli,
1619 5675 1903 5739 propterea

315 5754 523 5811 labores
551 5770 603 5813 et
629 5759 860 5829 dolores,
886 5761 1096 5833 vitaque
1122 5761 1377 5833 angustiis
1402 5760 1576 5832 plena.

988 325 1046 382 S.
1088 320 1365 380 JO.\NNIS
1401 314 1878 375 CHRYSOSTOMI
1918 312 2233 371 ARCHIEP.
2273 314 2815 372 CONSTANTINOP.

3472 314 3577 370 508

2054 429 2133 485 De
2162 432 2363 503 jejunio
2402 435 2600 486 iactatur
2650 431 2807 486 Dens.
2866 428 3175 485 Panitentia
3220 430 3433 501 fervens,
3462 433 3581 488 licet

1981 524 2159 590 brevis,
2194 524 2353 578 multa
2379 534 2583 593 peccata
2610 524 2761 579 deiet.
2783 552 2824 564 -—
2882 520 3071 578 Vidisti
3096 523 3363 594 quomodo
3385 524 3578 577 irasci-

1984 627 2068 673 tur
2096 618 2238 673 Deus
2268 616 2472 687 jejunio
2508 616 2733 687 Spreto?
2773 615 2921 671 disce
2961 626 3015 672 et
3054 618 3323 688 quomodo
3367 616 3583 671 laetatur

1978 710 2181 780 jejunio
2205 707 2487 763 honorato.
2515 707 2975 775 Quemadmodum
2992 707 3134 763 enim
3154 707 3358 778 jejunio
3372 716 3579 777 spreto,

1983 802 2254 873 spernenti
2282 800 2601 871 supplicium
2632 798 2823 854 inﬂixit
2848 808 3074 854 mortem
3104 817 3117 853 :
3149 800 3228 854 sic
3264 800 3456 854 iterum
3487 814 3583 853 co-

1984 895 2106 950 dem
2147 893 2430 961 honorato,
2462 893 2529 949 de
2572 899 2745 947 morte
2773 898 3010 947 revocat.
3038 890 3169 945 Nam
3197 900 3251 945 et
3271 891 3455 946 volens
3483 890 3582 946 tibi

1984 986 2269 1041 ostendere
2293 986 2370 1040 rei
2393 987 2663 1051 virtutem,
2690 992 3005 1054 potestatem
3031 982 3129 1053 ipsi
3151 982 3295 1037 dedit
3316 991 3437 1051 post
3457 997 3584 1037 sen-

1988 1082 2230 1147 tentiam,
2261 1088 2381 1149 post
2407 1078 2805 1144 abductionem,
2834 1078 3091 1133 abductos
3117 1077 3184 1131 ad
3214 1086 3440 1132 mortem
3468 1092 3587 1131 me-

1986 1171 2072 1226 dia
2097 1170 2164 1225 de
2192 1171 2276 1226 via
2306 1185 2527 1242 rapere,
2570 1178 2729 1241 atque
2772 1168 3030 1225 reducere
3068 1168 3136 1224 ad
3178 1167 3376 1235 vitam;
3423 1168 3585 1239 idque

1988 1279 2094 1317 non
2124 1263 2177 1317 in
2206 1262 2414 1318 duobus
2445 1262 2700 1328 tribusve,
2729 1269 2821 1316 aut
2841 1262 3024 1333 viginti
3050 1260 3378 1328 hominibus,
3406 1261 3501 1317 sed
3529 1263 3585 1318 in

1988 1354 2237 1409 universo
2266 1354 2612 1409 Ninivitarum
2640 1354 2835 1424 populo
2860 1370 2875 1419 ;
2902 1363 2957 1411 et
2993 1354 3180 1410 urbem
3211 1370 3455 1426 magnam
3483 1356 3583 1410 ad-

1992 1452 2391 1523 mirabilcmque
2428 1466 2493 1507 ac
2534 1452 2760 1523 genibus
2804 1452 2960 1508 ﬂexis
2988 1451 3280 1523 jacentem,
3312 1450 3376 1504 ad
3410 1449 3585 1520 ipsum
3660 1444 3667 1449 ’

1991 1544 2299 1599 barathrum
2326 1545 2437 1615 jam
2467 1545 2810 1601 inclinantem
2828 1555 3007 1616 caput,
3029 1545 3333 1600 venientem
3356 1542 3590 1610 desuper

1992 1635 2198 1707 plagam
2223 1644 2583 1706 accepturam,
2610 1636 2770 1692 veluti
2793 1636 3036 1708 quaedam
3056 1635 3223 1692 virtus
3247 1634 3481 1704 desuper
3499 1633 3590 1688 ad-

1992 1728 2176 1784 volans
2221 1744 2287 1783 ex
2335 1737 2486 1799 porta
2531 1728 2720 1784 mortis
2762 1729 2978 1798 eripuit,
3016 1738 3176 1799 atque
3209 1727 3277 1782 ad
3306 1727 3467 1781 vitam
3497 1741 3586 1782 re-

1995 1819 2164 1875 duxit.
2212 1820 2316 1875 Sed
2362 1820 2406 1874 si
2438 1820 2664 1882 videtur.
2699 1829 2755 1876 et
2777 1821 2947 1890 ipsam
2976 1820 3255 1874 audiamus
3285 1817 3585 1872 historiam.

1997 1912 2215 1968 Factum
2246 1924 2338 1979 est,
2368 1914 2557 1983 inquit,
2586 1914 2787 1968 verbum
2815 1912 3025 1967 Domini
3048 1913 3117 1965 ad
3144 1911 3353 1978 Ionam,
3378 1912 3547 1965 dicens
3567 1927 3588 1965 .'

1996 2006 2162 2078 Surge
2185 2017 2233 2061 et
2259 2007 2385 2062 vade
2412 2008 2465 2062 in
2488 2006 2709 2062 Niniven
2733 2008 2984 2062 civitatem
3007 2006 3248 2079 grandeur
3276 2004 3337 2073 (Ι
3339 2023 3423 2060 οη.
3454 2008 3505 2061 1.
3530 2007 3584 2061 1.

1993 2096 2072 2169 2).
2117 2098 2307 2154 Statim
2338 2114 2405 2154 ex
2434 2099 2549 2170 ipsa
2591 2099 2736 2154 urhis
2776 2098 3140 2169 magnitudine
3168 2097 3282 2152 vult
3309 2098 3453 2151 illum
3484 2096 3587 2153 ﬂc-
3672 2108 3679 2113 '

1994 2203 2139 2249 ctere
2157 2236 2173 2262 ,
2205 2193 2435 2249 futuram
2465 2192 2764 2264 praevidens
2793 2193 3066 2264 prophetae
3093 2191 3291 2263 fugam.
3317 2191 3422 2247 Sed
3451 2207 3590 2262 prae-

1994 2286 2314 2342 dicationem
2341 2284 2621 2342 audiamus
2645 2304 2658 2340 :
2678 2285 2859 2340 Adhuc
2880 2295 2978 2339 tres
2995 2284 3100 2339 dies
3119 2286 3158 2350 ¹,
3186 2295 3233 2338 et
3262 2283 3446 2338 Ninive
3468 2282 3589 2336 sub-

1993 2387 2208 2434 vertetur
2235 2374 2383 2447 (Jan.
2406 2374 2460 2429 5.
2481 2373 2557 2444 4).
2598 2378 2664 2432 Et
2692 2376 2844 2448 cujus
2871 2376 2948 2430 rei
2976 2376 3142 2446 gratia
3163 2416 3179 2442 ,
3209 2390 3327 2445 quae
3353 2373 3589 2428 facturus

1995 2485 2053 2525 es
2075 2470 2212 2524 mala
2240 2469 2517 2539 praedicis?
2563 2468 2628 2526 Ut
2665 2484 2770 2524 non
2808 2467 2997 2522 faciam
3023 2481 3143 2538 quae
3169 2464 3422 2536 prardico.
3454 2464 3591 2520 Pro-

1996 2572 2175 2633 pterea
2196 2569 2251 2616 et
2270 2561 2567 2631 gehennam
2590 2560 2822 2616 minatus
2841 2569 2943 2624 est,
2961 2575 3067 2630 quo
3078 2557 3142 2613 ad
3164 2558 3461 2629 gehennam
3482 2571 3590 2611 non

1996 2655 2240 2710 abducat.
2264 2654 2545 2722 Terreant,
2562 2655 2852 2725 inquit,vos
2868 2653 3048 2720 verba,
3069 2668 3135 2707 ne
3149 2667 3235 2707 res
3246 2650 3587 2707 conturbent.

1994 2747 2158 2818 Cujus
2184 2756 2360 2802 autem
2401 2747 2476 2802 rei
2516 2747 2681 2817 gratia
2728 2745 3046 2817 praeﬁnitum
3099 2744 3325 2815 spatium
3369 2742 3435 2798 ad
3480 2752 3586 2799 tam

1996 2840 2156 2896 breve
2184 2849 2392 2910 tempus
2418 2838 2657 2911 redegit?
2683 2839 2799 2908 Quo
2829 2848 2883 2894 et
2904 2837 3248 2893 barbarorum
3277 2837 3453 2893 discas
3481 2837 3588 2891 vir-

1996 2941 2185 2999 tutem,
2214 2932 2334 2987 dico
2353 2941 2531 2988 autem
2558 2932 2932 2995 Ninivitarum,
2960 2929 3047 3000 qui
3076 2928 3244 2985 tribus
3268 2928 3453 2983 diebus
3475 2938 3591 2982 tan-

1997 3034 2103 3078 tam
2137 3034 2475 3095 peccatorum
2520 3023 2654 3078 iram
2698 3024 2906 3077 solvere
2935 3029 3221 3092 potuerunt
3253 3040 3265 3074 :
3299 3030 3457 3091 atque
3494 3020 3590 3075 Dei

1997 3117 2337 3173 clementiam
2362 3116 2665 3182 admireris,
2698 3116 2854 3170 trium
2883 3114 3088 3170 dierum
3118 3114 3431 3185 ptenitentia
3458 3127 3591 3168 con-

1998 3209 2129 3263 tenti
2158 3218 2233 3263 tot
2263 3223 2358 3279 pro
2388 3208 2620 3278 peccatis
2652 3226 2665 3261 :
2697 3217 2859 3276 tuque
2902 3205 3275 3274 desperatione
3317 3218 3422 3257 non
3463 3217 3590 3257 cor-

1999 3315 2157 3367 ruas,
2200 3302 2299 3355 etsi
2343 3299 2539 3355 millies
2579 3298 2903 3369 peccaveris.
2947 3293 3406 3365 Quemadmodum
3445 3293 3588 3349 enim

1998 3392 2175 3446 anima
2201 3390 2460 3461 pigritans
2498 3398 2657 3461 atque
2699 3390 2989 3460 negligens,
3018 3401 3336 3458 quamquam
3363 3384 3590 3439 multum

1999 3487 2067 3543 ad
2093 3487 2458 3558 pmnitentiam
2490 3485 2746 3556 temporis
2772 3484 3015 3555 accipiat.
3035 3482 3167 3537 nihil
3197 3488 3450 3552 operatur
3477 3492 3591 3533 ma-

1997 3595 2183 3650 gnum,
2215 3594 2387 3649 neque
2414 3577 2516 3633 sibi
2558 3577 2659 3648 ipsi
2704 3577 2872 3633 Deum
2912 3575 3162 3632 conciliat
3189 3573 3258 3627 ob
3284 3570 3541 3627 desidiam
3572 3587 3585 3624 :

1999 3672 2077 3727 sic
2120 3673 2208 3743 qui
2257 3672 2532 3742 proposito
2572 3670 2760 3736 fervet,
2790 3678 2953 3740 atque
2990 3669 3156 3723 multa
3198 3682 3321 3722 cum
3360 3666 3590 3736 diligen-

2001 3764 2072 3817 tia
2119 3762 2487 3834 paenitentiam
2526 3761 2802 3829 ostendit,
2832 3760 2979 3817 brevi
3022 3759 3275 3829 temporis
3310 3765 3584 3813 momento

2001 3857 2224 3929 longaevi
2293 3858 2549 3928 temporis
2611 3864 2827 3927 peccata
2895 3853 3079 3910 delere
3129 3852 3342 3924 poterit.
3399 3851 3587 3907 Nonne

2001 3951 2160 4006 tertio
2196 3949 2386 4006 Petrus
2424 3949 2669 4021 negavit?
2709 3962 2887 4003 nonne
2916 3946 3074 4002 tertio
3100 3960 3220 4000 cum
3249 3943 3592 4014 jurameuto?

2000 4057 2179 4097 nonne
2205 4042 2322 4095 vilis
2349 4040 2625 4111 cujusdam
2666 4039 2875 4094 ancillae
2915 4036 3078 4093 verba
3129 4037 3322 4092 timens
3377 4035 3590 4107 (Matth.

1999 4135 2091 4191 26.
2138 4133 2227 4190 69.
2268 4133 2414 4204 70)?
2459 4131 2595 4200 Quid
2638 4132 2804 4202 ergo?
2841 4129 3146 4202 oportuitne
3182 4129 3328 4184 illum
3370 4127 3438 4182 ad
3479 4143 3594 4197 pe-

2002 4226 2277 4281 nitentiam
2332 4223 2530 4279 multos
2585 4237 2754 4277 annos
2811 4220 3024 4277 terere?
3064 4218 3448 4289 Nequaquam,
3497 4215 3592 4271 sed

2000 4315 2188 4371 eadem
2214 4322 2370 4369 nocte
2394 4313 2576 4384 lapsus
2605 4320 2688 4368 est
2715 4319 2769 4366 et
2793 4318 3003 4367 erectus
3025 4350 3041 4378 ,
3073 4309 3371 4378 vulnusque
3397 4316 3453 4363 et
3474 4323 3589 4361 me-

2000 4406 2231 4462 dicinam
2266 4405 2472 4475 accepit
2507 4423 2521 4459 :
2551 4402 2829 4474 mgrotavit
2851 4444 2865 4468 ,
2895 4412 3056 4472 atque
3080 4402 3145 4455 ad
3174 4401 3408 4471 priorem
3436 4399 3596 4455 rediit

2002 4497 2305 4554 sanitatem.
2350 4496 2591 4564 Qualiter
2635 4505 2691 4550 et
2729 4493 3035 4565 quomodo?
3080 4491 3242 4547 Flens
3283 4500 3337 4546 et
3384 4491 3594 4561 lugens,

2002 4589 2112 4644 imo
2133 4604 2240 4644 non
2261 4588 2421 4643 modo
2447 4586 2602 4652 ﬂens,
2627 4587 2720 4642 sed
2742 4586 2908 4640 multo
2932 4599 3051 4639 cum
3074 4582 3249 4638 studio
3273 4590 3328 4637 et
3355 4581 3543 4636 all'ectu
3575 4596 3593 4635 :

2002 4689 2283 4753 propterea
2305 4680 2629 4750 evangelista
2658 4694 2761 4732 non
2789 4678 2921 4732 dixit
2943 4675 3192 4746 quoniam
3222 4673 3392 4730 solum
3416 4672 3593 4735 ﬂevit;

2000 4775 2095 4831 sed
2122 4816 2137 4840 ,
2191 4773 2354 4829 Flevit
2419 4788 2593 4827 amare
2646 4770 2805 4845 (Ibid.
2840 4787 2890 4825 υ.
2931 4769 3057 4840 75).
3088 4769 3155 4823 Ει
3178 4768 3370 4838 qualis,
3400 4766 3594 4835 inquit,

2004 4879 2310 4941 quantaque
2335 4867 2492 4924 fuerit
2521 4867 2873 4937 lacrymarum
2896 4863 2996 4930 vis,
3029 4875 3209 4917 sermo
3239 4859 3414 4916 nullus
3440 4865 3595 4927 pote-

2002 4964 2071 5018 rit
2123 4963 2392 5033 erplicare
2430 4978 2444 5016 :
2481 4960 2595 5030 ipse
2643 4969 2822 5013 autem
2867 4971 3048 5011 rerum
3089 4954 3270 5009 exitus
3315 4948 3599 5006 manifeste

2003 5055 2254 5111 ostendit.
2283 5052 2494 5109 Etenim
2519 5066 2733 5123 gravem
2763 5058 2883 5119 post
2910 5048 3058 5103 illum
3081 5060 3293 5110 casum;
3321 5057 3444 5098 nam
3473 5040 3597 5095 uul-

2004 5149 2114 5203 lum
2159 5145 2428 5215 negationi
2471 5159 2570 5214 par
2613 5143 2810 5197 malum
2844 5139 2978 5196 :sed
3013 5147 3187 5192 tamen
3229 5145 3350 5206 post
3391 5140 3594 5187 tantum

2007 5239 2224 5302 malum,
2259 5238 2448 5292 iterum
2471 5252 2591 5291 eum
2613 5235 2679 5289 ad
2702 5234 2933 5304 priorem
2966 5232 3220 5285 honorem
3242 5226 3465 5291 revexit,
3495 5223 3600 5278 Ec-

2006 5335 2185 5389 clesiae
2215 5330 2584 5402 praefecturam
2623 5329 2720 5398 ipsi
2750 5342 2844 5397 per
2864 5327 3170 5381 universum
3202 5318 3457 5375 mundum
3486 5327 3597 5371 tra-

2007 5425 2141 5481 didit
2173 5441 2188 5477 :
2216 5423 2464 5497 quodque
2488 5420 2722 5477 ninnium
2755 5427 2837 5474 est
2862 5413 3163 5479 sublimius,
3193 5409 3425 5466 ostendit
3445 5405 3597 5462 nobis

2072 5584 2088 5614 ³
2125 5580 2199 5630 sic
2212 5578 2391 5643 legitur
2413 5590 2442 5627 a
2465 5577 2633 5643 primis
2650 5567 3088 5643 Ecclesiae_saeculis
3104 5567 3161 5643 i‘n
3177 5572 3298 5643 Et}.
3307 5560 3601 5643 injernpreti-

2008 5623 2443 5705 bus.-vuig3ta:ui
2468 5623 2769 5705 intuebraeo,
2814 5632 2988 5705 {athuc

2007 5684 2639 5768 arTgehésfiaiiainifgiaaa
2656 5684 2937 5768 secundum
2972 5684 3218 5744 Hebraeos
3234 5685 3398 5747 scribi,
3440 5684 3603 5735 athuc

2009 5757 2337 5839 quidraginta
2357 5770 2458 5817 tres
2480 5760 2584 5814 dies
2601 5773 2621 5823 ;
2644 5758 2733 5809 sed
2751 5757 2947 5808 labitur.
