  <div class='ocr_page' id='page_1' title='image "/cluster/home/n/w/nwhite01/storage/ocr_20150623/49:no.2:pt.1/coo.31924054869486/308.png"; bbox 0 0 4066 6472; ppageno 0'>
   <div class='ocr_carea' id='block_1_1' title="bbox 343 327 444 389">
    <p class='ocr_par' dir='ltr' id='par_1_1' title="bbox 343 327 444 389">
     <span class='ocr_line' id='line_1_1' title="bbox 343 327 444 389; baseline -0.02 0"><span class='ocrx_word' id='word_1_1' title='bbox 343 327 444 389; x_wconf 75' lang='lat'><strong>509</strong></span> 
     </span>
    </p>
   </div>
   <div class='ocr_carea' id='block_1_2' title="bbox 344 444 1928 520">
    <p class='ocr_par' dir='ltr' id='par_1_2' title="bbox 344 444 1928 520">
     <span class='ocr_line' id='line_1_2' title="bbox 344 444 1928 520; baseline 0.004 -22"><span class='ocrx_word' id='word_1_2' title='bbox 344 458 463 499; x_wconf 85' lang='lat' dir='ltr'><strong>eum</strong></span> <span class='ocrx_word' id='word_1_3' title='bbox 490 457 613 515; x_wconf 83' lang='lat' dir='ltr'><strong>erga</strong></span> <span class='ocrx_word' id='word_1_4' title='bbox 644 444 924 502; x_wconf 88' lang='lat' dir='ltr'><strong>Dominum</strong></span> <span class='ocrx_word' id='word_1_5' title='bbox 960 445 1215 517; x_wconf 82' lang='lat' dir='ltr'><strong>majorem</strong></span> <span class='ocrx_word' id='word_1_6' title='bbox 1245 462 1400 519; x_wconf 89' lang='lat' dir='ltr'><strong>quam</strong></span> <span class='ocrx_word' id='word_1_7' title='bbox 1429 462 1617 505; x_wconf 92' lang='lat' dir='ltr'><strong>omnes</strong></span> <span class='ocrx_word' id='word_1_8' title='bbox 1654 449 1928 520; x_wconf 78' lang='lat' dir='ltr'><strong>apostolos</strong></span> 
     </span>
    </p>
   </div>
   <div class='ocr_carea' id='block_1_3' title="bbox 342 534 1929 612">
    <p class='ocr_par' dir='ltr' id='par_1_3' title="bbox 342 534 1929 612">
     <span class='ocr_line' id='line_1_3' title="bbox 342 534 1929 612; baseline 0.002 -22"><span class='ocrx_word' id='word_1_9' title='bbox 342 534 614 590; x_wconf 85' lang='lat' dir='ltr'><strong>caritatem</strong></span> <span class='ocrx_word' id='word_1_10' title='bbox 654 537 923 593; x_wconf 87' lang='lat' dir='ltr'><strong>habuisse.</strong></span> <span class='ocrx_word' id='word_1_11' title='bbox 970 538 1139 607; x_wconf 71' lang='lat' dir='ltr'><strong>Petra,</strong></span> <span class='ocrx_word' id='word_1_12' title='bbox 1174 541 1377 611; x_wconf 90' lang='lat' dir='ltr'><strong>inquit,</strong></span> <span class='ocrx_word' id='word_1_13' title='bbox 1406 540 1577 611; x_wconf 79' lang='lat' dir='ltr'><strong>diligis</strong></span> <span class='ocrx_word' id='word_1_14' title='bbox 1605 558 1685 595; x_wconf 90' lang='lat' dir='ltr'><strong>me</strong></span> <span class='ocrx_word' id='word_1_15' title='bbox 1709 539 1825 612; x_wconf 84' lang='lat' dir='ltr'><strong>plus</strong></span> <span class='ocrx_word' id='word_1_16' title='bbox 1850 541 1929 594; x_wconf 80' lang='lat' dir='ltr'><strong>Itis</strong></span> 
     </span>
    </p>
   </div>
   <div class='ocr_carea' id='block_1_4' title="bbox 348 624 1927 698">
    <p class='ocr_par' dir='ltr' id='par_1_4' title="bbox 348 624 1927 698">
     <span class='ocr_line' id='line_1_4' title="bbox 348 624 1927 698; baseline 0.004 -19"><span class='ocrx_word' id='word_1_17' title='bbox 348 624 524 697; x_wconf 85' lang='lat' dir='ltr'><strong>(Joau.</strong></span> <span class='ocrx_word' id='word_1_18' title='bbox 551 626 641 680; x_wconf 70' lang='lat'><strong>2|.</strong></span> <span class='ocrx_word' id='word_1_19' title='bbox 666 626 791 698; x_wconf 72' lang='lat' dir='ltr'><strong>lii)?</strong></span> <span class='ocrx_word' id='word_1_20' title='bbox 812 630 948 687; x_wconf 83' lang='lat' dir='ltr'><strong>Huic</strong></span> <span class='ocrx_word' id='word_1_21' title='bbox 973 639 1146 684; x_wconf 88' lang='lat' dir='ltr'><strong>autem</strong></span> <span class='ocrx_word' id='word_1_22' title='bbox 1177 631 1240 685; x_wconf 91' lang='lat' dir='ltr'><strong>ad</strong></span> <span class='ocrx_word' id='word_1_23' title='bbox 1271 632 1479 686; x_wconf 88' lang='lat' dir='ltr'><strong>virtutis</strong></span> <span class='ocrx_word' id='word_1_24' title='bbox 1510 633 1769 686; x_wconf 87' lang='lat' dir='ltr'><strong>rationem</strong></span> <span class='ocrx_word' id='word_1_25' title='bbox 1797 630 1927 685; x_wconf 87' lang='lat' dir='ltr'><strong>nihil</strong></span> 
     </span>
    </p>
   </div>
   <div class='ocr_carea' id='block_1_5' title="bbox 344 720 1926 790">
    <p class='ocr_par' dir='ltr' id='par_1_5' title="bbox 344 720 1926 790">
     <span class='ocr_line' id='line_1_5' title="bbox 344 720 1926 790; baseline 0 -16"><span class='ocrx_word' id='word_1_26' title='bbox 344 734 471 774; x_wconf 91' lang='lat' dir='ltr'><strong>sane</strong></span> <span class='ocrx_word' id='word_1_27' title='bbox 502 736 596 789; x_wconf 88' lang='lat' dir='ltr'><strong>par</strong></span> <span class='ocrx_word' id='word_1_28' title='bbox 622 720 799 775; x_wconf 79' lang='lat' dir='ltr'><strong>fuerit.</strong></span> <span class='ocrx_word' id='word_1_29' title='bbox 833 723 949 790; x_wconf 89' lang='lat' dir='ltr'><strong>Quo</strong></span> <span class='ocrx_word' id='word_1_30' title='bbox 969 737 1096 777; x_wconf 91' lang='lat' dir='ltr'><strong>vero</strong></span> <span class='ocrx_word' id='word_1_31' title='bbox 1123 723 1341 778; x_wconf 90' lang='lat' dir='ltr'><strong>minime</strong></span> <span class='ocrx_word' id='word_1_32' title='bbox 1369 722 1515 779; x_wconf 88' lang='lat' dir='ltr'><strong>dicas</strong></span> <span class='ocrx_word' id='word_1_33' title='bbox 1539 724 1730 777; x_wconf 92' lang='lat' dir='ltr'><strong>merito</strong></span> <span class='ocrx_word' id='word_1_34' title='bbox 1762 722 1926 777; x_wconf 89' lang='lat' dir='ltr'><strong>Deum</strong></span> 
     </span>
    </p>
   </div>
   <div class='ocr_carea' id='block_1_6' title="bbox 343 811 1930 883">
    <p class='ocr_par' dir='ltr' id='par_1_6' title="bbox 343 811 1930 883">
     <span class='ocr_line' id='line_1_6' title="bbox 343 811 1930 883; baseline 0.002 -18"><span class='ocrx_word' id='word_1_35' title='bbox 343 811 589 865; x_wconf 75' lang='lat' dir='ltr'><strong>Ninivitis</strong></span> <span class='ocrx_word' id='word_1_36' title='bbox 620 813 901 883; x_wconf 79' lang='lat' dir='ltr'><strong>ignovisse,</strong></span> <span class='ocrx_word' id='word_1_37' title='bbox 933 813 1172 868; x_wconf 86' lang='lat' dir='ltr'><strong>barbaris</strong></span> <span class='ocrx_word' id='word_1_38' title='bbox 1200 815 1500 870; x_wconf 87' lang='lat' dir='ltr'><strong>hominibus</strong></span> <span class='ocrx_word' id='word_1_39' title='bbox 1544 825 1597 869; x_wconf 91' lang='lat' dir='ltr'><strong>et</strong></span> <span class='ocrx_word' id='word_1_40' title='bbox 1636 814 1930 883; x_wconf 89' lang='lat' dir='ltr'><strong>insipienti-</strong></span> 
     </span>
    </p>
   </div>
   <div class='ocr_carea' id='block_1_7' title="bbox 343 902 1925 974">
    <p class='ocr_par' dir='ltr' id='par_1_7' title="bbox 343 902 1925 974">
     <span class='ocr_line' id='line_1_7' title="bbox 343 902 1925 974; baseline -0.001 -17"><span class='ocrx_word' id='word_1_41' title='bbox 343 902 443 957; x_wconf 87' lang='lat' dir='ltr'><strong>bus</strong></span> <span class='ocrx_word' id='word_1_42' title='bbox 473 920 487 955; x_wconf 71' lang='grc' dir='ltr'><strong>ε</strong></span> <span class='ocrx_word' id='word_1_43' title='bbox 519 902 706 958; x_wconf 82' lang='lat' dir='ltr'><strong>Servus</strong></span> <span class='ocrx_word' id='word_1_44' title='bbox 731 905 1103 974; x_wconf 29' lang='lat' dir='ltr'><strong>enimtinquit,</strong></span> <span class='ocrx_word' id='word_1_45' title='bbox 1136 909 1359 960; x_wconf 80' lang='lat' dir='ltr'><strong>nesciens</strong></span> <span class='ocrx_word' id='word_1_46' title='bbox 1383 907 1689 960; x_wconf 75' lang='lat' dir='ltr'><strong>voluntatem</strong></span> <span class='ocrx_word' id='word_1_47' title='bbox 1715 905 1925 971; x_wconf 81' lang='lat' dir='ltr'><strong>domini,</strong></span> 
     </span>
    </p>
   </div>
   <div class='ocr_carea' id='block_1_8' title="bbox 341 994 1929 1068">
    <p class='ocr_par' dir='ltr' id='par_1_8' title="bbox 341 994 1929 1068">
     <span class='ocr_line' id='line_1_8' title="bbox 341 994 1929 1068; baseline 0.001 -22"><span class='ocrx_word' id='word_1_48' title='bbox 341 1002 388 1046; x_wconf 89' lang='lat' dir='ltr'><strong>et</strong></span> <span class='ocrx_word' id='word_1_49' title='bbox 418 1009 517 1046; x_wconf 91' lang='lat' dir='ltr'><strong>non</strong></span> <span class='ocrx_word' id='word_1_50' title='bbox 548 994 757 1065; x_wconf 78' lang='lat' dir='ltr'><strong>faciens,</strong></span> <span class='ocrx_word' id='word_1_51' title='bbox 786 995 1041 1063; x_wconf 84' lang='lat' dir='ltr'><strong>vapulabit</strong></span> <span class='ocrx_word' id='word_1_52' title='bbox 1069 997 1242 1064; x_wconf 78' lang='lat' dir='ltr'><strong>paucis</strong></span> <span class='ocrx_word' id='word_1_53' title='bbox 1264 995 1410 1068; x_wconf 87' lang='lat' dir='ltr'><strong>(Luc.</strong></span> <span class='ocrx_word' id='word_1_54' title='bbox 1443 996 1530 1051; x_wconf 74' lang='grc'><strong>12.</strong></span> <span class='ocrx_word' id='word_1_55' title='bbox 1559 997 1686 1064; x_wconf 76' lang='grc' dir='ltr'><strong>48)τ</strong></span> <span class='ocrx_word' id='word_1_56' title='bbox 1716 1004 1774 1050; x_wconf 86' lang='grc' dir='ltr'><strong>ιιι</strong></span> <span class='ocrx_word' id='word_1_57' title='bbox 1800 1009 1929 1065; x_wconf 83' lang='lat' dir='ltr'><strong>ergo</strong></span> 
     </span>
    </p>
   </div>
   <div class='ocr_carea' id='block_1_9' title="bbox 342 1081 1930 1158">
    <p class='ocr_par' dir='ltr' id='par_1_9' title="bbox 342 1081 1930 1158">
     <span class='ocr_line' id='line_1_9' title="bbox 342 1081 1930 1158; baseline 0.003 -23"><span class='ocrx_word' id='word_1_58' title='bbox 342 1081 446 1137; x_wconf 91' lang='lat' dir='ltr'><strong>hoc</strong></span> <span class='ocrx_word' id='word_1_59' title='bbox 498 1098 601 1138; x_wconf 92' lang='lat' dir='ltr'><strong>non</strong></span> <span class='ocrx_word' id='word_1_60' title='bbox 656 1084 821 1151; x_wconf 89' lang='lat' dir='ltr'><strong>dicas,</strong></span> <span class='ocrx_word' id='word_1_61' title='bbox 867 1086 1078 1141; x_wconf 85' lang='lat' dir='ltr'><strong>Petrum</strong></span> <span class='ocrx_word' id='word_1_62' title='bbox 1127 1088 1218 1142; x_wconf 90' lang='lat' dir='ltr'><strong>tibi</strong></span> <span class='ocrx_word' id='word_1_63' title='bbox 1264 1088 1317 1142; x_wconf 93' lang='lat' dir='ltr'><strong>in</strong></span> <span class='ocrx_word' id='word_1_64' title='bbox 1362 1088 1594 1142; x_wconf 89' lang='lat' dir='ltr'><strong>medium</strong></span> <span class='ocrx_word' id='word_1_65' title='bbox 1647 1095 1930 1158; x_wconf 73' lang='lat' dir='ltr'><strong>propterea</strong></span> 
     </span>
    </p>
   </div>
   <div class='ocr_carea' id='block_1_10' title="bbox 340 1174 1925 1238">
    <p class='ocr_par' dir='ltr' id='par_1_10' title="bbox 340 1174 1925 1238">
     <span class='ocr_line' id='line_1_10' title="bbox 340 1174 1925 1238; baseline 0.001 -11"><span class='ocrx_word' id='word_1_66' title='bbox 340 1174 491 1228; x_wconf 71' lang='lat' dir='ltr'><strong>duxit</strong></span> <span class='ocrx_word' id='word_1_67' title='bbox 511 1175 551 1238; x_wconf 78' lang='grc' dir='ltr'><strong>ί,</strong></span> <span class='ocrx_word' id='word_1_68' title='bbox 575 1191 786 1229; x_wconf 87' lang='lat' dir='ltr'><strong>servum</strong></span> <span class='ocrx_word' id='word_1_69' title='bbox 810 1177 1137 1232; x_wconf 68' lang='lat' dir='ltr'><strong>voluntatem</strong></span> <span class='ocrx_word' id='word_1_70' title='bbox 1164 1177 1373 1232; x_wconf 86' lang='lat' dir='ltr'><strong>Domini</strong></span> <span class='ocrx_word' id='word_1_71' title='bbox 1395 1178 1624 1232; x_wconf 82' lang='lat' dir='ltr'><strong>maxime</strong></span> <span class='ocrx_word' id='word_1_72' title='bbox 1645 1177 1925 1232; x_wconf 77' lang='lat' dir='ltr'><strong>scientem.</strong></span> 
     </span>
    </p>
   </div>
   <div class='ocr_carea' id='block_1_11' title="bbox 339 1252 1931 1338">
    <p class='ocr_par' dir='ltr' id='par_1_11' title="bbox 339 1252 1931 1338">
     <span class='ocr_line' id='line_1_11' title="bbox 339 1252 1931 1338; baseline 0.001 -18"><span class='ocrx_word' id='word_1_73' title='bbox 339 1262 450 1320; x_wconf 90' lang='lat' dir='ltr'><strong>Sed</strong></span> <span class='ocrx_word' id='word_1_74' title='bbox 483 1274 658 1319; x_wconf 88' lang='lat' dir='ltr'><strong>tamen</strong></span> <span class='ocrx_word' id='word_1_75' title='bbox 687 1264 774 1320; x_wconf 88' lang='lat' dir='ltr'><strong>hic</strong></span> <span class='ocrx_word' id='word_1_76' title='bbox 795 1265 934 1321; x_wconf 88' lang='lat' dir='ltr'><strong>idem</strong></span> <span class='ocrx_word' id='word_1_77' title='bbox 958 1252 1182 1336; x_wconf 82' lang='lat' dir='ltr'><strong>peccans</strong></span> <span class='ocrx_word' id='word_1_78' title='bbox 1205 1268 1436 1323; x_wconf 84' lang='lat' dir='ltr'><strong>maximo</strong></span> <span class='ocrx_word' id='word_1_79' title='bbox 1460 1276 1700 1338; x_wconf 90' lang='lat' dir='ltr'><strong>peccato,</strong></span> <span class='ocrx_word' id='word_1_80' title='bbox 1724 1266 1931 1337; x_wconf 87' lang='lat' dir='ltr'><strong>respice</strong></span> 
     </span>
    </p>
   </div>
   <div class='ocr_carea' id='block_1_12' title="bbox 342 1356 1373 1427">
    <p class='ocr_par' dir='ltr' id='par_1_12' title="bbox 342 1356 1373 1427">
     <span class='ocr_line' id='line_1_12' title="bbox 342 1356 1373 1427; baseline 0.003 -17"><span class='ocrx_word' id='word_1_81' title='bbox 342 1368 600 1427; x_wconf 85' lang='lat' dir='ltr'><strong>quantum</strong></span> <span class='ocrx_word' id='word_1_82' title='bbox 623 1357 690 1411; x_wconf 91' lang='lat' dir='ltr'><strong>ad</strong></span> <span class='ocrx_word' id='word_1_83' title='bbox 715 1356 921 1412; x_wconf 72' lang='lat' dir='ltr'><strong>ﬁducia:</strong></span> <span class='ocrx_word' id='word_1_84' title='bbox 957 1360 1168 1414; x_wconf 86' lang='lat' dir='ltr'><strong>culmen</strong></span> <span class='ocrx_word' id='word_1_85' title='bbox 1197 1358 1373 1414; x_wconf 87' lang='lat' dir='ltr'><strong>rediit.</strong></span> 
     </span>
    </p>
   </div>
   <div class='ocr_carea' id='block_1_13' title="bbox 419 1470 1931 1545">
    <p class='ocr_par' dir='ltr' id='par_1_13' title="bbox 419 1470 1931 1545">
     <span class='ocr_line' id='line_1_13' title="bbox 419 1470 1931 1545; baseline 0.001 -21"><span class='ocrx_word' id='word_1_86' title='bbox 419 1470 495 1524; x_wconf 68' lang='grc' dir='ltr'><strong>οδ</strong></span> <span class='ocrx_word' id='word_1_87' title='bbox 516 1480 720 1541; x_wconf 84' lang='lat' dir='ltr'><strong>peccata</strong></span> <span class='ocrx_word' id='word_1_88' title='bbox 739 1489 1011 1542; x_wconf 81' lang='lat' dir='ltr'><strong>numquam</strong></span> <span class='ocrx_word' id='word_1_89' title='bbox 1040 1472 1430 1545; x_wconf 72' lang='lat' dir='ltr'><strong>desperandum.</strong></span> <span class='ocrx_word' id='word_1_90' title='bbox 1460 1471 1712 1544; x_wconf 87' lang='lat' dir='ltr'><strong>—lgitnr</strong></span> <span class='ocrx_word' id='word_1_91' title='bbox 1739 1479 1793 1528; x_wconf 89' lang='lat' dir='ltr'><strong>et</strong></span> <span class='ocrx_word' id='word_1_92' title='bbox 1816 1471 1931 1541; x_wconf 83' lang='lat' dir='ltr'><strong>ipse</strong></span> 
     </span>
    </p>
   </div>
   <div class='ocr_carea' id='block_1_14' title="bbox 340 1563 1928 1635">
    <p class='ocr_par' dir='ltr' id='par_1_14' title="bbox 340 1563 1928 1635">
     <span class='ocr_line' id='line_1_14' title="bbox 340 1563 1928 1635; baseline -0.002 -16"><span class='ocrx_word' id='word_1_93' title='bbox 340 1565 576 1635; x_wconf 57' lang='lat' dir='ltr'><strong>peccatis</strong></span> <span class='ocrx_word' id='word_1_94' title='bbox 595 1563 846 1620; x_wconf 86' lang='lat' dir='ltr'><strong>admissis</strong></span> <span class='ocrx_word' id='word_1_95' title='bbox 879 1581 950 1620; x_wconf 89' lang='lat' dir='ltr'><strong>ne</strong></span> <span class='ocrx_word' id='word_1_96' title='bbox 969 1566 1203 1619; x_wconf 89' lang='lat' dir='ltr'><strong>animum</strong></span> <span class='ocrx_word' id='word_1_97' title='bbox 1227 1564 1579 1635; x_wconf 83' lang='lat' dir='ltr'><strong>despondeas.</strong></span> <span class='ocrx_word' id='word_1_98' title='bbox 1612 1564 1764 1632; x_wconf 84' lang='lat' dir='ltr'><strong>Quod</strong></span> <span class='ocrx_word' id='word_1_99' title='bbox 1788 1563 1928 1619; x_wconf 89' lang='lat' dir='ltr'><strong>enim</strong></span> 
     </span>
    </p>
   </div>
   <div class='ocr_carea' id='block_1_15' title="bbox 339 1655 1930 1729">
    <p class='ocr_par' dir='ltr' id='par_1_15' title="bbox 339 1655 1930 1729">
     <span class='ocr_line' id='line_1_15' title="bbox 339 1655 1930 1729; baseline -0.001 -18"><span class='ocrx_word' id='word_1_100' title='bbox 339 1655 398 1711; x_wconf 85' lang='lat' dir='ltr'><strong>in</strong></span> <span class='ocrx_word' id='word_1_101' title='bbox 424 1666 642 1726; x_wconf 88' lang='lat' dir='ltr'><strong>peccato</strong></span> <span class='ocrx_word' id='word_1_102' title='bbox 665 1658 900 1727; x_wconf 78' lang='lat' dir='ltr'><strong>gravius,</strong></span> <span class='ocrx_word' id='word_1_103' title='bbox 924 1668 1006 1713; x_wconf 88' lang='lat' dir='ltr'><strong>est</strong></span> <span class='ocrx_word' id='word_1_104' title='bbox 1032 1659 1084 1713; x_wconf 92' lang='lat' dir='ltr'><strong>in</strong></span> <span class='ocrx_word' id='word_1_105' title='bbox 1118 1670 1335 1729; x_wconf 89' lang='lat' dir='ltr'><strong>peccato</strong></span> <span class='ocrx_word' id='word_1_106' title='bbox 1363 1669 1505 1713; x_wconf 89' lang='lat' dir='ltr'><strong>stare</strong></span> <span class='ocrx_word' id='word_1_107' title='bbox 1538 1676 1551 1711; x_wconf 92' lang='lat'><strong>:</strong></span> <span class='ocrx_word' id='word_1_108' title='bbox 1582 1666 1636 1712; x_wconf 91' lang='lat' dir='ltr'><strong>et</strong></span> <span class='ocrx_word' id='word_1_109' title='bbox 1670 1657 1808 1727; x_wconf 88' lang='lat' dir='ltr'><strong>quod</strong></span> <span class='ocrx_word' id='word_1_110' title='bbox 1839 1672 1930 1725; x_wconf 88' lang='lat' dir='ltr'><strong>pe-</strong></span> 
     </span>
    </p>
   </div>
   <div class='ocr_carea' id='block_1_16' title="bbox 334 1746 1931 1820">
    <p class='ocr_par' dir='ltr' id='par_1_16' title="bbox 334 1746 1931 1820">
     <span class='ocr_line' id='line_1_16' title="bbox 334 1746 1931 1820; baseline 0 -18"><span class='ocrx_word' id='word_1_111' title='bbox 334 1746 430 1818; x_wconf 86' lang='lat' dir='ltr'><strong>jus</strong></span> <span class='ocrx_word' id='word_1_112' title='bbox 454 1750 504 1802; x_wconf 91' lang='lat' dir='ltr'><strong>in</strong></span> <span class='ocrx_word' id='word_1_113' title='bbox 531 1763 656 1804; x_wconf 88' lang='lat' dir='ltr'><strong>casu</strong></span> <span class='ocrx_word' id='word_1_114' title='bbox 674 1791 689 1817; x_wconf 91' lang='lat'><strong>,</strong></span> <span class='ocrx_word' id='word_1_115' title='bbox 719 1758 800 1804; x_wconf 92' lang='lat' dir='ltr'><strong>est</strong></span> <span class='ocrx_word' id='word_1_116' title='bbox 822 1749 1004 1820; x_wconf 86' lang='lat' dir='ltr'><strong>jacere</strong></span> <span class='ocrx_word' id='word_1_117' title='bbox 1023 1751 1075 1804; x_wconf 92' lang='lat' dir='ltr'><strong>in</strong></span> <span class='ocrx_word' id='word_1_118' title='bbox 1103 1765 1188 1806; x_wconf 89' lang='lat' dir='ltr'><strong>eo.</strong></span> <span class='ocrx_word' id='word_1_119' title='bbox 1229 1750 1342 1805; x_wconf 83' lang='lat' dir='ltr'><strong>Hoc</strong></span> <span class='ocrx_word' id='word_1_120' title='bbox 1369 1758 1424 1806; x_wconf 90' lang='lat' dir='ltr'><strong>et</strong></span> <span class='ocrx_word' id='word_1_121' title='bbox 1451 1751 1646 1805; x_wconf 90' lang='lat' dir='ltr'><strong>Paulus</strong></span> <span class='ocrx_word' id='word_1_122' title='bbox 1682 1749 1842 1804; x_wconf 83' lang='lat' dir='ltr'><strong>deﬂet</strong></span> <span class='ocrx_word' id='word_1_123' title='bbox 1877 1756 1931 1804; x_wconf 89' lang='lat' dir='ltr'><strong>et</strong></span> 
     </span>
    </p>
   </div>
   <div class='ocr_carea' id='block_1_17' title="bbox 338 1839 1929 1912">
    <p class='ocr_par' dir='ltr' id='par_1_17' title="bbox 338 1839 1929 1912">
     <span class='ocr_line' id='line_1_17' title="bbox 338 1839 1929 1912; baseline -0.001 -17"><span class='ocrx_word' id='word_1_124' title='bbox 338 1841 680 1910; x_wconf 86' lang='lat' dir='ltr'><strong>ingemiscit,</strong></span> <span class='ocrx_word' id='word_1_125' title='bbox 715 1841 818 1896; x_wconf 90' lang='lat' dir='ltr'><strong>hoc</strong></span> <span class='ocrx_word' id='word_1_126' title='bbox 854 1840 984 1896; x_wconf 85' lang='lat' dir='ltr'><strong>ﬂetu</strong></span> <span class='ocrx_word' id='word_1_127' title='bbox 1032 1839 1249 1912; x_wconf 88' lang='lat' dir='ltr'><strong>dignum</strong></span> <span class='ocrx_word' id='word_1_128' title='bbox 1285 1857 1407 1897; x_wconf 77' lang='lat' dir='ltr'><strong>esse</strong></span> <span class='ocrx_word' id='word_1_129' title='bbox 1452 1841 1624 1896; x_wconf 88' lang='lat' dir='ltr'><strong>dicit:</strong></span> <span class='ocrx_word' id='word_1_130' title='bbox 1655 1839 1740 1895; x_wconf 91' lang='lat' dir='ltr'><strong>Ne</strong></span> <span class='ocrx_word' id='word_1_131' title='bbox 1759 1844 1888 1911; x_wconf 78' lang='lat' dir='ltr'><strong>forte</strong></span> <span class='ocrx_word' id='word_1_132' title='bbox 1910 1878 1929 1905; x_wconf 90' lang='lat'><strong>,</strong></span> 
     </span>
    </p>
   </div>
   <div class='ocr_carea' id='block_1_18' title="bbox 338 1932 1929 2004">
    <p class='ocr_par' dir='ltr' id='par_1_18' title="bbox 338 1932 1929 2004">
     <span class='ocr_line' id='line_1_18' title="bbox 338 1932 1929 2004; baseline -0.002 -17"><span class='ocrx_word' id='word_1_133' title='bbox 338 1932 532 2004; x_wconf 88' lang='lat' dir='ltr'><strong>inquit,</strong></span> <span class='ocrx_word' id='word_1_134' title='bbox 561 1950 675 1987; x_wconf 91' lang='lat' dir='ltr'><strong>cum</strong></span> <span class='ocrx_word' id='word_1_135' title='bbox 704 1950 881 1988; x_wconf 84' lang='lat' dir='ltr'><strong>venero</strong></span> <span class='ocrx_word' id='word_1_136' title='bbox 906 1934 974 1987; x_wconf 89' lang='lat' dir='ltr'><strong>ad</strong></span> <span class='ocrx_word' id='word_1_137' title='bbox 996 1949 1101 1998; x_wconf 79' lang='lat' dir='ltr'><strong>vos,</strong></span> <span class='ocrx_word' id='word_1_138' title='bbox 1123 1932 1348 1988; x_wconf 81' lang='lat' dir='ltr'><strong>humiliet</strong></span> <span class='ocrx_word' id='word_1_139' title='bbox 1378 1950 1456 1988; x_wconf 87' lang='lat' dir='ltr'><strong>me</strong></span> <span class='ocrx_word' id='word_1_140' title='bbox 1481 1932 1638 1999; x_wconf 86' lang='lat' dir='ltr'><strong>Deus,</strong></span> <span class='ocrx_word' id='word_1_141' title='bbox 1669 1941 1716 1986; x_wconf 87' lang='lat' dir='ltr'><strong>et</strong></span> <span class='ocrx_word' id='word_1_142' title='bbox 1732 1933 1929 2001; x_wconf 85' lang='lat' dir='ltr'><strong>lugeant</strong></span> 
     </span>
    </p>
   </div>
   <div class='ocr_carea' id='block_1_19' title="bbox 339 2022 1930 2097">
    <p class='ocr_par' dir='ltr' id='par_1_19' title="bbox 339 2022 1930 2097">
     <span class='ocr_line' id='line_1_19' title="bbox 339 2022 1930 2097; baseline -0.002 -17"><span class='ocrx_word' id='word_1_143' title='bbox 339 2029 531 2081; x_wconf 83' lang='lat' dir='ltr'><strong>multos</strong></span> <span class='ocrx_word' id='word_1_144' title='bbox 556 2042 618 2080; x_wconf 77' lang='lat' dir='ltr'><strong>ea:</strong></span> <span class='ocrx_word' id='word_1_145' title='bbox 657 2028 719 2081; x_wconf 86' lang='lat' dir='ltr'><strong>iis</strong></span> <span class='ocrx_word' id='word_1_146' title='bbox 749 2027 834 2097; x_wconf 85' lang='lat' dir='ltr'><strong>qui</strong></span> <span class='ocrx_word' id='word_1_147' title='bbox 871 2042 976 2080; x_wconf 91' lang='lat' dir='ltr'><strong>non</strong></span> <span class='ocrx_word' id='word_1_148' title='bbox 1024 2026 1196 2082; x_wconf 92' lang='lat' dir='ltr'><strong>solum</strong></span> <span class='ocrx_word' id='word_1_149' title='bbox 1239 2038 1619 2096; x_wconf 89' lang='lat' dir='ltr'><strong>peccaverunt,</strong></span> <span class='ocrx_word' id='word_1_150' title='bbox 1648 2022 1743 2078; x_wconf 92' lang='lat' dir='ltr'><strong>sed</strong></span> <span class='ocrx_word' id='word_1_151' title='bbox 1772 2039 1839 2078; x_wconf 83' lang='lat' dir='ltr'><strong>ex</strong></span> <span class='ocrx_word' id='word_1_152' title='bbox 1865 2024 1930 2078; x_wconf 86' lang='lat' dir='ltr'><strong>iis</strong></span> 
     </span>
    </p>
   </div>
   <div class='ocr_carea' id='block_1_20' title="bbox 334 2114 1931 2189">
    <p class='ocr_par' dir='ltr' id='par_1_20' title="bbox 334 2114 1931 2189">
     <span class='ocr_line' id='line_1_20' title="bbox 334 2114 1931 2189; baseline -0.004 -17"><span class='ocrx_word' id='word_1_153' title='bbox 334 2117 433 2188; x_wconf 88' lang='lat' dir='ltr'><strong>qui</strong></span> <span class='ocrx_word' id='word_1_154' title='bbox 478 2119 818 2188; x_wconf 60' lang='lat' dir='ltr'><strong>paenitentiam</strong></span> <span class='ocrx_word' id='word_1_155' title='bbox 853 2134 954 2171; x_wconf 90' lang='lat' dir='ltr'><strong>non</strong></span> <span class='ocrx_word' id='word_1_156' title='bbox 991 2126 1199 2189; x_wconf 86' lang='lat' dir='ltr'><strong>egerunt</strong></span> <span class='ocrx_word' id='word_1_157' title='bbox 1232 2134 1383 2189; x_wconf 85' lang='lat' dir='ltr'><strong>super</strong></span> <span class='ocrx_word' id='word_1_158' title='bbox 1420 2115 1735 2186; x_wconf 79' lang='lat' dir='ltr'><strong>impudicitia</strong></span> <span class='ocrx_word' id='word_1_159' title='bbox 1763 2124 1808 2169; x_wconf 88' lang='lat' dir='ltr'><strong>et</strong></span> <span class='ocrx_word' id='word_1_160' title='bbox 1833 2114 1931 2168; x_wconf 86' lang='lat' dir='ltr'><strong>im-</strong></span> 
     </span>
    </p>
   </div>
   <div class='ocr_carea' id='block_1_21' title="bbox 335 2203 1927 2280">
    <p class='ocr_par' dir='ltr' id='par_1_21' title="bbox 335 2203 1927 2280">
     <span class='ocr_line' id='line_1_21' title="bbox 335 2203 1927 2280; baseline -0.003 -18"><span class='ocrx_word' id='word_1_161' title='bbox 335 2209 592 2263; x_wconf 86' lang='lat' dir='ltr'><strong>munditia</strong></span> <span class='ocrx_word' id='word_1_162' title='bbox 618 2219 665 2263; x_wconf 90' lang='lat' dir='ltr'><strong>et</strong></span> <span class='ocrx_word' id='word_1_163' title='bbox 687 2210 1040 2280; x_wconf 78' lang='lat' dir='ltr'><strong>fornicatione,</strong></span> <span class='ocrx_word' id='word_1_164' title='bbox 1058 2226 1209 2280; x_wconf 87' lang='lat' dir='ltr'><strong>quam</strong></span> <span class='ocrx_word' id='word_1_165' title='bbox 1235 2211 1461 2280; x_wconf 73' lang='lat' dir='ltr'><strong>fecerunt</strong></span> <span class='ocrx_word' id='word_1_166' title='bbox 1486 2207 1541 2278; x_wconf 68' lang='lat'><strong>(2</strong></span> <span class='ocrx_word' id='word_1_167' title='bbox 1557 2206 1673 2262; x_wconf 89' lang='lat' dir='ltr'><strong>Cor.</strong></span> <span class='ocrx_word' id='word_1_168' title='bbox 1693 2205 1778 2261; x_wconf 70' lang='lat'><strong>12.</strong></span> <span class='ocrx_word' id='word_1_169' title='bbox 1812 2203 1927 2275; x_wconf 76' lang='grc'><strong>21).</strong></span> 
     </span>
    </p>
   </div>
   <div class='ocr_carea' id='block_1_22' title="bbox 336 2300 1930 2371">
    <p class='ocr_par' dir='ltr' id='par_1_22' title="bbox 336 2300 1930 2371">
     <span class='ocr_line' id='line_1_22' title="bbox 336 2300 1930 2371; baseline -0.002 -15"><span class='ocrx_word' id='word_1_170' title='bbox 336 2301 424 2356; x_wconf 82' lang='lat' dir='ltr'><strong>Ad</strong></span> <span class='ocrx_word' id='word_1_171' title='bbox 473 2301 838 2371; x_wconf 88' lang='lat' dir='ltr'><strong>paenitentiam</strong></span> <span class='ocrx_word' id='word_1_172' title='bbox 893 2317 1023 2356; x_wconf 87' lang='lat' dir='ltr'><strong>vero</strong></span> <span class='ocrx_word' id='word_1_173' title='bbox 1087 2302 1244 2371; x_wconf 87' lang='lat' dir='ltr'><strong>quale</strong></span> <span class='ocrx_word' id='word_1_174' title='bbox 1287 2300 1667 2371; x_wconf 80' lang='lat' dir='ltr'><strong>congruentius</strong></span> <span class='ocrx_word' id='word_1_175' title='bbox 1719 2305 1930 2367; x_wconf 82' lang='lat' dir='ltr'><strong>tempus</strong></span> 
     </span>
    </p>
   </div>
   <div class='ocr_carea' id='block_1_23' title="bbox 334 2390 1327 2462">
    <p class='ocr_par' dir='ltr' id='par_1_23' title="bbox 334 2390 1327 2462">
     <span class='ocr_line' id='line_1_23' title="bbox 334 2390 1327 2462; baseline 0.001 -18"><span class='ocrx_word' id='word_1_176' title='bbox 334 2400 522 2461; x_wconf 81' lang='lat' dir='ltr'><strong>posset</strong></span> <span class='ocrx_word' id='word_1_177' title='bbox 545 2391 803 2446; x_wconf 84' lang='lat' dir='ltr'><strong>accedere</strong></span> <span class='ocrx_word' id='word_1_178' title='bbox 822 2390 1009 2461; x_wconf 89' lang='lat' dir='ltr'><strong>jejunii</strong></span> <span class='ocrx_word' id='word_1_179' title='bbox 1040 2400 1279 2462; x_wconf 89' lang='lat' dir='ltr'><strong>tempore</strong></span> <span class='ocrx_word' id='word_1_180' title='bbox 1303 2391 1327 2445; x_wconf 88' lang='lat'><strong>?</strong></span> 
     </span>
    </p>
   </div>
   <div class='ocr_carea' id='block_1_24' title="bbox 413 2503 1931 2560">
    <p class='ocr_par' dir='ltr' id='par_1_24' title="bbox 413 2503 1931 2560">
     <span class='ocr_line' id='line_1_24' title="bbox 413 2503 1931 2560; baseline -0.001 -1"><span class='ocrx_word' id='word_1_181' title='bbox 413 2504 465 2559; x_wconf 83' lang='grc'><strong>5.</strong></span> <span class='ocrx_word' id='word_1_182' title='bbox 512 2503 618 2559; x_wconf 89' lang='lat' dir='ltr'><strong>Sed</strong></span> <span class='ocrx_word' id='word_1_183' title='bbox 661 2503 728 2558; x_wconf 90' lang='lat' dir='ltr'><strong>ad</strong></span> <span class='ocrx_word' id='word_1_184' title='bbox 772 2503 1053 2559; x_wconf 85' lang='lat' dir='ltr'><strong>historiam</strong></span> <span class='ocrx_word' id='word_1_185' title='bbox 1099 2513 1447 2560; x_wconf 84' lang='lat' dir='ltr'><strong>revertamur.</strong></span> <span class='ocrx_word' id='word_1_186' title='bbox 1498 2503 1722 2559; x_wconf 85' lang='lat' dir='ltr'><strong>Audiens</strong></span> <span class='ocrx_word' id='word_1_187' title='bbox 1763 2511 1931 2558; x_wconf 87' lang='lat' dir='ltr'><strong>autem</strong></span> 
     </span>
    </p>
   </div>
   <div class='ocr_carea' id='block_1_25' title="bbox 335 2594 1931 2668">
    <p class='ocr_par' dir='ltr' id='par_1_25' title="bbox 335 2594 1931 2668">
     <span class='ocr_line' id='line_1_25' title="bbox 335 2594 1931 2668; baseline 0.002 -21"><span class='ocrx_word' id='word_1_188' title='bbox 335 2595 587 2665; x_wconf 76' lang='lat' dir='ltr'><strong>propheta</strong></span> <span class='ocrx_word' id='word_1_189' title='bbox 608 2594 755 2649; x_wconf 81' lang='lat' dir='ltr'><strong>verba</strong></span> <span class='ocrx_word' id='word_1_190' title='bbox 785 2596 925 2663; x_wconf 78' lang='lat' dir='ltr'><strong>Ittec,</strong></span> <span class='ocrx_word' id='word_1_191' title='bbox 969 2596 1220 2651; x_wconf 79' lang='lat' dir='ltr'><strong>descendit</strong></span> <span class='ocrx_word' id='word_1_192' title='bbox 1243 2598 1295 2650; x_wconf 90' lang='lat' dir='ltr'><strong>in</strong></span> <span class='ocrx_word' id='word_1_193' title='bbox 1324 2596 1547 2668; x_wconf 87' lang='lat' dir='ltr'><strong>Joppen,</strong></span> <span class='ocrx_word' id='word_1_194' title='bbox 1575 2605 1629 2650; x_wconf 88' lang='lat' dir='ltr'><strong>ut</strong></span> <span class='ocrx_word' id='word_1_195' title='bbox 1660 2599 1854 2667; x_wconf 81' lang='lat' dir='ltr'><strong>fugeret</strong></span> <span class='ocrx_word' id='word_1_196' title='bbox 1879 2597 1931 2650; x_wconf 88' lang='lat' dir='ltr'><strong>in</strong></span> 
     </span>
    </p>
   </div>
   <div class='ocr_carea' id='block_1_26' title="bbox 334 2684 1926 2759">
    <p class='ocr_par' dir='ltr' id='par_1_26' title="bbox 334 2684 1926 2759">
     <span class='ocr_line' id='line_1_26' title="bbox 334 2684 1926 2759; baseline 0 -19"><span class='ocrx_word' id='word_1_197' title='bbox 334 2684 553 2741; x_wconf 76' lang='lat' dir='ltr'><strong>Titanis</strong></span> <span class='ocrx_word' id='word_1_198' title='bbox 595 2704 626 2740; x_wconf 92' lang='lat' dir='ltr'><strong>a</strong></span> <span class='ocrx_word' id='word_1_199' title='bbox 652 2686 785 2758; x_wconf 83' lang='lat' dir='ltr'><strong>facie</strong></span> <span class='ocrx_word' id='word_1_200' title='bbox 818 2686 1025 2741; x_wconf 85' lang='lat' dir='ltr'><strong>Domini</strong></span> <span class='ocrx_word' id='word_1_201' title='bbox 1073 2686 1219 2759; x_wconf 88' lang='lat' dir='ltr'><strong>(Jan.</strong></span> <span class='ocrx_word' id='word_1_202' title='bbox 1258 2688 1311 2741; x_wconf 87' lang='grc'><strong>1.</strong></span> <span class='ocrx_word' id='word_1_203' title='bbox 1353 2688 1434 2759; x_wconf 78' lang='grc'><strong>5).</strong></span> <span class='ocrx_word' id='word_1_204' title='bbox 1464 2686 1704 2754; x_wconf 88' lang='lat' dir='ltr'><strong>Quonam</strong></span> <span class='ocrx_word' id='word_1_205' title='bbox 1758 2686 1926 2756; x_wconf 82' lang='lat' dir='ltr'><strong>fugis,</strong></span> 
     </span>
    </p>
   </div>
   <div class='ocr_carea' id='block_1_27' title="bbox 334 2776 1930 2848">
    <p class='ocr_par' dir='ltr' id='par_1_27' title="bbox 334 2776 1930 2848">
     <span class='ocr_line' id='line_1_27' title="bbox 334 2776 1930 2848; baseline 0 -17"><span class='ocrx_word' id='word_1_206' title='bbox 334 2776 542 2831; x_wconf 79' lang='lat' dir='ltr'><strong>homo?</strong></span> <span class='ocrx_word' id='word_1_207' title='bbox 569 2778 827 2848; x_wconf 89' lang='lat' dir='ltr'><strong>numquid</strong></span> <span class='ocrx_word' id='word_1_208' title='bbox 853 2778 1100 2833; x_wconf 86' lang='lat' dir='ltr'><strong>audivisti</strong></span> <span class='ocrx_word' id='word_1_209' title='bbox 1130 2777 1444 2847; x_wconf 88' lang='lat' dir='ltr'><strong>prophetam</strong></span> <span class='ocrx_word' id='word_1_210' title='bbox 1471 2777 1742 2832; x_wconf 79' lang='lat' dir='ltr'><strong>dicentem</strong></span> <span class='ocrx_word' id='word_1_211' title='bbox 1776 2795 1789 2831; x_wconf 93' lang='lat'>:</span> <span class='ocrx_word' id='word_1_212' title='bbox 1817 2777 1930 2844; x_wconf 85' lang='lat' dir='ltr'><strong>Quo</strong></span> 
     </span>
    </p>
   </div>
   <div class='ocr_carea' id='block_1_28' title="bbox 334 2865 1929 2939">
    <p class='ocr_par' dir='ltr' id='par_1_28' title="bbox 334 2865 1929 2939">
     <span class='ocr_line' id='line_1_28' title="bbox 334 2865 1929 2939; baseline -0.001 -19"><span class='ocrx_word' id='word_1_213' title='bbox 334 2867 422 2920; x_wconf 82' lang='lat' dir='ltr'><strong>ibo</strong></span> <span class='ocrx_word' id='word_1_214' title='bbox 438 2883 470 2920; x_wconf 87' lang='lat' dir='ltr'><strong>a</strong></span> <span class='ocrx_word' id='word_1_215' title='bbox 483 2868 664 2937; x_wconf 86' lang='lat' dir='ltr'><strong>spiritu</strong></span> <span class='ocrx_word' id='word_1_216' title='bbox 682 2878 788 2932; x_wconf 89' lang='lat' dir='ltr'><strong>tuo,</strong></span> <span class='ocrx_word' id='word_1_217' title='bbox 803 2877 849 2922; x_wconf 90' lang='lat' dir='ltr'><strong>et</strong></span> <span class='ocrx_word' id='word_1_218' title='bbox 874 2884 972 2938; x_wconf 87' lang='lat' dir='ltr'><strong>quo</strong></span> <span class='ocrx_word' id='word_1_219' title='bbox 992 2884 1024 2921; x_wconf 90' lang='lat' dir='ltr'><strong>a</strong></span> <span class='ocrx_word' id='word_1_220' title='bbox 1052 2868 1181 2939; x_wconf 80' lang='lat' dir='ltr'><strong>[acie</strong></span> <span class='ocrx_word' id='word_1_221' title='bbox 1202 2877 1287 2920; x_wconf 89' lang='lat' dir='ltr'><strong>tua</strong></span> <span class='ocrx_word' id='word_1_222' title='bbox 1303 2870 1498 2939; x_wconf 80' lang='lat' dir='ltr'><strong>fugiam</strong></span> <span class='ocrx_word' id='word_1_223' title='bbox 1515 2865 1678 2937; x_wconf 85' lang='lat' dir='ltr'><strong>(Psal.</strong></span> <span class='ocrx_word' id='word_1_224' title='bbox 1702 2867 1824 2921; x_wconf 80' lang='grc'><strong>158.</strong></span> <span class='ocrx_word' id='word_1_225' title='bbox 1846 2865 1929 2937; x_wconf 91' lang='lat'><strong>7)?</strong></span> 
     </span>
    </p>
   </div>
   <div class='ocr_carea' id='block_1_29' title="bbox 335 2959 1927 3034">
    <p class='ocr_par' dir='ltr' id='par_1_29' title="bbox 335 2959 1927 3034">
     <span class='ocr_line' id='line_1_29' title="bbox 335 2959 1927 3034; baseline -0.002 -18"><span class='ocrx_word' id='word_1_226' title='bbox 335 2961 400 3016; x_wconf 81' lang='lat' dir='ltr'><strong>In</strong></span> <span class='ocrx_word' id='word_1_227' title='bbox 425 2962 647 3018; x_wconf 84' lang='lat' dir='ltr'><strong>terram?</strong></span> <span class='ocrx_word' id='word_1_228' title='bbox 670 2962 775 3018; x_wconf 91' lang='lat' dir='ltr'><strong>Sed</strong></span> <span class='ocrx_word' id='word_1_229' title='bbox 804 2962 1011 3017; x_wconf 83' lang='lat' dir='ltr'><strong>Domini</strong></span> <span class='ocrx_word' id='word_1_230' title='bbox 1035 2971 1109 3017; x_wconf 83' lang='lat' dir='ltr'><strong>est</strong></span> <span class='ocrx_word' id='word_1_231' title='bbox 1132 2972 1265 3016; x_wconf 87' lang='lat' dir='ltr'><strong>terra</strong></span> <span class='ocrx_word' id='word_1_232' title='bbox 1276 2972 1323 3016; x_wconf 88' lang='lat' dir='ltr'><strong>et</strong></span> <span class='ocrx_word' id='word_1_233' title='bbox 1348 2962 1608 3033; x_wconf 80' lang='lat' dir='ltr'><strong>plenitudo</strong></span> <span class='ocrx_word' id='word_1_234' title='bbox 1626 2962 1733 3034; x_wconf 85' lang='lat' dir='ltr'><strong>ejus</strong></span> <span class='ocrx_word' id='word_1_235' title='bbox 1754 2959 1927 3031; x_wconf 84' lang='lat' dir='ltr'><strong>(Psat.</strong></span> 
     </span>
    </p>
   </div>
   <div class='ocr_carea' id='block_1_30' title="bbox 333 3052 1926 3123">
    <p class='ocr_par' dir='ltr' id='par_1_30' title="bbox 333 3052 1926 3123">
     <span class='ocr_line' id='line_1_30' title="bbox 333 3052 1926 3123; baseline -0.003 -14"><span class='ocrx_word' id='word_1_236' title='bbox 333 3053 433 3109; x_wconf 74' lang='grc'><strong>25.</strong></span> <span class='ocrx_word' id='word_1_237' title='bbox 457 3055 531 3123; x_wconf 90' lang='grc'><strong>1).</strong></span> <span class='ocrx_word' id='word_1_238' title='bbox 557 3054 639 3109; x_wconf 85' lang='lat' dir='ltr'><strong>Ad</strong></span> <span class='ocrx_word' id='word_1_239' title='bbox 665 3054 970 3109; x_wconf 72' lang='lat' dir='ltr'><strong>infernum?</strong></span> <span class='ocrx_word' id='word_1_240' title='bbox 1003 3054 1063 3108; x_wconf 82' lang='lat' dir='ltr'><strong>Si</strong></span> <span class='ocrx_word' id='word_1_241' title='bbox 1091 3054 1426 3121; x_wconf 82' lang='lat' dir='ltr'><strong>descendere,</strong></span> <span class='ocrx_word' id='word_1_242' title='bbox 1455 3054 1646 3122; x_wconf 86' lang='lat' dir='ltr'><strong>inquit,</strong></span> <span class='ocrx_word' id='word_1_243' title='bbox 1681 3053 1735 3106; x_wconf 89' lang='lat' dir='ltr'><strong>in</strong></span> <span class='ocrx_word' id='word_1_244' title='bbox 1762 3052 1926 3122; x_wconf 79' lang='lat' dir='ltr'><strong>infcr-</strong></span> 
     </span>
    </p>
   </div>
   <div class='ocr_carea' id='block_1_31' title="bbox 335 3142 1927 3214">
    <p class='ocr_par' dir='ltr' id='par_1_31' title="bbox 335 3142 1927 3214">
     <span class='ocr_line' id='line_1_31' title="bbox 335 3142 1927 3214; baseline -0.003 -14"><span class='ocrx_word' id='word_1_245' title='bbox 335 3163 486 3214; x_wconf 82' lang='lat' dir='ltr'><strong>num,</strong></span> <span class='ocrx_word' id='word_1_246' title='bbox 521 3147 663 3201; x_wconf 86' lang='lat' dir='ltr'><strong>ades.</strong></span> <span class='ocrx_word' id='word_1_247' title='bbox 696 3147 751 3201; x_wconf 91' lang='lat' dir='ltr'><strong>ln</strong></span> <span class='ocrx_word' id='word_1_248' title='bbox 778 3146 1076 3201; x_wconf 73' lang='lat' dir='ltr'><strong>caelumne?</strong></span> <span class='ocrx_word' id='word_1_249' title='bbox 1098 3145 1160 3201; x_wconf 91' lang='lat' dir='ltr'><strong>Si</strong></span> <span class='ocrx_word' id='word_1_250' title='bbox 1182 3146 1454 3199; x_wconf 83' lang='lat' dir='ltr'><strong>ascendere</strong></span> <span class='ocrx_word' id='word_1_251' title='bbox 1482 3146 1536 3198; x_wconf 90' lang='lat' dir='ltr'><strong>in</strong></span> <span class='ocrx_word' id='word_1_252' title='bbox 1559 3143 1761 3211; x_wconf 79' lang='lat' dir='ltr'><strong>cwlum,</strong></span> <span class='ocrx_word' id='word_1_253' title='bbox 1792 3156 1845 3196; x_wconf 84' lang='lat' dir='ltr'><strong>tu</strong></span> <span class='ocrx_word' id='word_1_254' title='bbox 1861 3142 1927 3196; x_wconf 80' lang='lat' dir='ltr'><strong>it-</strong></span> 
     </span>
    </p>
   </div>
   <div class='ocr_carea' id='block_1_32' title="bbox 334 3236 1930 3311">
    <p class='ocr_par' dir='ltr' id='par_1_32' title="bbox 334 3236 1930 3311">
     <span class='ocr_line' id='line_1_32' title="bbox 334 3236 1930 3311; baseline -0.003 -17"><span class='ocrx_word' id='word_1_255' title='bbox 334 3239 662 3311; x_wconf 76' lang='lat' dir='ltr'><strong>lices(Psal.</strong></span> <span class='ocrx_word' id='word_1_256' title='bbox 682 3240 804 3295; x_wconf 80' lang='grc'><strong>158.</strong></span> <span class='ocrx_word' id='word_1_257' title='bbox 830 3240 908 3311; x_wconf 92' lang='lat'><strong>8).</strong></span> <span class='ocrx_word' id='word_1_258' title='bbox 926 3240 1005 3294; x_wconf 89' lang='lat' dir='ltr'><strong>An</strong></span> <span class='ocrx_word' id='word_1_259' title='bbox 1032 3241 1083 3294; x_wconf 90' lang='lat' dir='ltr'><strong>in</strong></span> <span class='ocrx_word' id='word_1_260' title='bbox 1114 3239 1301 3295; x_wconf 79' lang='lat' dir='ltr'><strong>mare?</strong></span> <span class='ocrx_word' id='word_1_261' title='bbox 1331 3237 1400 3292; x_wconf 84' lang='lat' dir='ltr'><strong>Et</strong></span> <span class='ocrx_word' id='word_1_262' title='bbox 1420 3238 1547 3304; x_wconf 83' lang='lat' dir='ltr'><strong>illic,</strong></span> <span class='ocrx_word' id='word_1_263' title='bbox 1577 3236 1765 3308; x_wconf 90' lang='lat' dir='ltr'><strong>inquit,</strong></span> <span class='ocrx_word' id='word_1_264' title='bbox 1795 3246 1930 3289; x_wconf 85' lang='lat' dir='ltr'><strong>tene-</strong></span> 
     </span>
    </p>
   </div>
   <div class='ocr_carea' id='block_1_33' title="bbox 333 3327 1924 3403">
    <p class='ocr_par' dir='ltr' id='par_1_33' title="bbox 333 3327 1924 3403">
     <span class='ocr_line' id='line_1_33' title="bbox 333 3327 1924 3403; baseline -0.003 -18"><span class='ocrx_word' id='word_1_265' title='bbox 333 3330 409 3385; x_wconf 76' lang='lat' dir='ltr'><strong>bit</strong></span> <span class='ocrx_word' id='word_1_266' title='bbox 440 3347 519 3386; x_wconf 88' lang='lat' dir='ltr'><strong>me</strong></span> <span class='ocrx_word' id='word_1_267' title='bbox 545 3332 748 3386; x_wconf 76' lang='lat' dir='ltr'><strong>dextera</strong></span> <span class='ocrx_word' id='word_1_268' title='bbox 790 3341 878 3384; x_wconf 89' lang='lat' dir='ltr'><strong>tua</strong></span> <span class='ocrx_word' id='word_1_269' title='bbox 905 3329 1010 3403; x_wconf 85' lang='lat' dir='ltr'><strong>(Ib.</strong></span> <span class='ocrx_word' id='word_1_270' title='bbox 1058 3331 1243 3401; x_wconf 65' lang='lat' dir='ltr'><strong>v.10).</strong></span> <span class='ocrx_word' id='word_1_271' title='bbox 1287 3329 1445 3397; x_wconf 85' lang='lat' dir='ltr'><strong>Quod</strong></span> <span class='ocrx_word' id='word_1_272' title='bbox 1488 3339 1540 3383; x_wconf 93' lang='lat' dir='ltr'><strong>et</strong></span> <span class='ocrx_word' id='word_1_273' title='bbox 1565 3328 1688 3382; x_wconf 86' lang='lat' dir='ltr'><strong>huic</strong></span> <span class='ocrx_word' id='word_1_274' title='bbox 1728 3327 1924 3382; x_wconf 85' lang='lat' dir='ltr'><strong>evenit.</strong></span> 
     </span>
    </p>
   </div>
   <div class='ocr_carea' id='block_1_34' title="bbox 334 3416 1933 3492">
    <p class='ocr_par' dir='ltr' id='par_1_34' title="bbox 334 3416 1933 3492">
     <span class='ocr_line' id='line_1_34' title="bbox 334 3416 1933 3492; baseline -0.004 -15"><span class='ocrx_word' id='word_1_275' title='bbox 334 3421 448 3477; x_wconf 79' lang='lat' dir='ltr'><strong>Sed</strong></span> <span class='ocrx_word' id='word_1_276' title='bbox 473 3422 578 3478; x_wconf 86' lang='lat' dir='ltr'><strong>tale</strong></span> <span class='ocrx_word' id='word_1_277' title='bbox 601 3431 684 3477; x_wconf 89' lang='lat' dir='ltr'><strong>est</strong></span> <span class='ocrx_word' id='word_1_278' title='bbox 713 3431 1006 3492; x_wconf 88' lang='lat' dir='ltr'><strong>peccatum,</strong></span> <span class='ocrx_word' id='word_1_279' title='bbox 1033 3431 1090 3476; x_wconf 92' lang='lat' dir='ltr'><strong>ut</strong></span> <span class='ocrx_word' id='word_1_280' title='bbox 1112 3421 1178 3476; x_wconf 88' lang='lat' dir='ltr'><strong>ad</strong></span> <span class='ocrx_word' id='word_1_281' title='bbox 1200 3421 1555 3490; x_wconf 82' lang='lat' dir='ltr'><strong>ignorantiam</strong></span> <span class='ocrx_word' id='word_1_282' title='bbox 1573 3418 1793 3473; x_wconf 89' lang='lat' dir='ltr'><strong>multam</strong></span> <span class='ocrx_word' id='word_1_283' title='bbox 1815 3416 1933 3472; x_wconf 84' lang='lat' dir='ltr'><strong>red-</strong></span> 
     </span>
    </p>
   </div>
   <div class='ocr_carea' id='block_1_35' title="bbox 334 3510 1929 3583">
    <p class='ocr_par' dir='ltr' id='par_1_35' title="bbox 334 3510 1929 3583">
     <span class='ocr_line' id='line_1_35' title="bbox 334 3510 1929 3583; baseline -0.001 -15"><span class='ocrx_word' id='word_1_284' title='bbox 334 3514 449 3583; x_wconf 85' lang='lat' dir='ltr'><strong>igat</strong></span> <span class='ocrx_word' id='word_1_285' title='bbox 488 3514 744 3568; x_wconf 89' lang='lat' dir='ltr'><strong>animam.</strong></span> <span class='ocrx_word' id='word_1_286' title='bbox 784 3513 916 3568; x_wconf 86' lang='lat' dir='ltr'><strong>Nam</strong></span> <span class='ocrx_word' id='word_1_287' title='bbox 956 3515 1094 3568; x_wconf 89' lang='lat' dir='ltr'><strong>sicut</strong></span> <span class='ocrx_word' id='word_1_288' title='bbox 1117 3516 1204 3583; x_wconf 89' lang='lat' dir='ltr'><strong>qui</strong></span> <span class='ocrx_word' id='word_1_289' title='bbox 1232 3512 1491 3583; x_wconf 87' lang='lat' dir='ltr'><strong>gravitate</strong></span> <span class='ocrx_word' id='word_1_290' title='bbox 1536 3511 1725 3580; x_wconf 82' lang='lat' dir='ltr'><strong>capitis</strong></span> <span class='ocrx_word' id='word_1_291' title='bbox 1750 3510 1929 3566; x_wconf 86' lang='lat' dir='ltr'><strong>ebrie-</strong></span> 
     </span>
    </p>
   </div>
   <div class='ocr_carea' id='block_1_36' title="bbox 335 3604 1931 3675">
    <p class='ocr_par' dir='ltr' id='par_1_36' title="bbox 335 3604 1931 3675">
     <span class='ocr_line' id='line_1_36' title="bbox 335 3604 1931 3675; baseline 0.001 -16"><span class='ocrx_word' id='word_1_292' title='bbox 335 3614 554 3675; x_wconf 85' lang='lat' dir='ltr'><strong>tathue</strong></span> <span class='ocrx_word' id='word_1_293' title='bbox 582 3614 849 3671; x_wconf 91' lang='lat' dir='ltr'><strong>tenentur,</strong></span> <span class='ocrx_word' id='word_1_294' title='bbox 879 3604 1041 3659; x_wconf 88' lang='lat' dir='ltr'><strong>stulte</strong></span> <span class='ocrx_word' id='word_1_295' title='bbox 1068 3618 1131 3658; x_wconf 90' lang='lat' dir='ltr'><strong>ac</strong></span> <span class='ocrx_word' id='word_1_296' title='bbox 1161 3614 1361 3660; x_wconf 85' lang='lat' dir='ltr'><strong>temere</strong></span> <span class='ocrx_word' id='word_1_297' title='bbox 1401 3604 1665 3671; x_wconf 79' lang='lat' dir='ltr'><strong>feruntur,</strong></span> <span class='ocrx_word' id='word_1_298' title='bbox 1688 3604 1931 3675; x_wconf 85' lang='lat' dir='ltr'><strong>quamvis</strong></span> 
     </span>
    </p>
   </div>
   <div class='ocr_carea' id='block_1_37' title="bbox 337 3697 1931 3768">
    <p class='ocr_par' dir='ltr' id='par_1_37' title="bbox 337 3697 1931 3768">
     <span class='ocr_line' id='line_1_37' title="bbox 337 3697 1931 3768; baseline 0.001 -16"><span class='ocrx_word' id='word_1_299' title='bbox 337 3697 715 3768; x_wconf 73' lang='lat' dir='ltr'><strong>prmcipitium,</strong></span> <span class='ocrx_word' id='word_1_300' title='bbox 745 3700 986 3768; x_wconf 87' lang='lat' dir='ltr'><strong>quamvis</strong></span> <span class='ocrx_word' id='word_1_301' title='bbox 1008 3697 1343 3764; x_wconf 86' lang='lat' dir='ltr'><strong>barathrum,</strong></span> <span class='ocrx_word' id='word_1_302' title='bbox 1366 3704 1420 3752; x_wconf 90' lang='lat' dir='ltr'><strong>et</strong></span> <span class='ocrx_word' id='word_1_303' title='bbox 1443 3697 1585 3752; x_wconf 90' lang='lat' dir='ltr'><strong>aliud</strong></span> <span class='ocrx_word' id='word_1_304' title='bbox 1606 3698 1731 3768; x_wconf 90' lang='lat' dir='ltr'><strong>quid</strong></span> <span class='ocrx_word' id='word_1_305' title='bbox 1756 3698 1931 3753; x_wconf 90' lang='lat' dir='ltr'><strong>simile</strong></span> 
     </span>
    </p>
   </div>
   <div class='ocr_carea' id='block_1_38' title="bbox 334 3789 1931 3860">
    <p class='ocr_par' dir='ltr' id='par_1_38' title="bbox 334 3789 1931 3860">
     <span class='ocr_line' id='line_1_38' title="bbox 334 3789 1931 3860; baseline 0.002 -17"><span class='ocrx_word' id='word_1_306' title='bbox 334 3789 840 3854; x_wconf 84' lang='lat' dir='ltr'><strong>subsit,concidunt</strong></span> <span class='ocrx_word' id='word_1_307' title='bbox 860 3789 1067 3843; x_wconf 88' lang='lat' dir='ltr'><strong>incaute</strong></span> <span class='ocrx_word' id='word_1_308' title='bbox 1099 3806 1115 3842; x_wconf 87' lang='lat'><strong>:</strong></span> <span class='ocrx_word' id='word_1_309' title='bbox 1145 3789 1224 3843; x_wconf 88' lang='lat' dir='ltr'><strong>sic</strong></span> <span class='ocrx_word' id='word_1_310' title='bbox 1253 3789 1340 3857; x_wconf 91' lang='lat' dir='ltr'><strong>qui</strong></span> <span class='ocrx_word' id='word_1_311' title='bbox 1361 3801 1617 3843; x_wconf 90' lang='lat' dir='ltr'><strong>corruunt</strong></span> <span class='ocrx_word' id='word_1_312' title='bbox 1656 3790 1710 3844; x_wconf 92' lang='lat' dir='ltr'><strong>in</strong></span> <span class='ocrx_word' id='word_1_313' title='bbox 1742 3805 1931 3860; x_wconf 86' lang='lat' dir='ltr'><strong>pecca-</strong></span> 
     </span>
    </p>
   </div>
   <div class='ocr_carea' id='block_1_39' title="bbox 339 3878 1931 3947">
    <p class='ocr_par' dir='ltr' id='par_1_39' title="bbox 339 3878 1931 3947">
     <span class='ocr_line' id='line_1_39' title="bbox 339 3878 1931 3947; baseline 0.004 -15"><span class='ocrx_word' id='word_1_314' title='bbox 339 3886 455 3932; x_wconf 90' lang='lat' dir='ltr'><strong>tum</strong></span> <span class='ocrx_word' id='word_1_315' title='bbox 477 3919 492 3944; x_wconf 92' lang='lat'><strong>,</strong></span> <span class='ocrx_word' id='word_1_316' title='bbox 513 3878 674 3934; x_wconf 86' lang='lat' dir='ltr'><strong>veluti</strong></span> <span class='ocrx_word' id='word_1_317' title='bbox 705 3879 963 3933; x_wconf 84' lang='lat' dir='ltr'><strong>ebrietate</strong></span> <span class='ocrx_word' id='word_1_318' title='bbox 995 3878 1224 3932; x_wconf 88' lang='lat' dir='ltr'><strong>actionis</strong></span> <span class='ocrx_word' id='word_1_319' title='bbox 1266 3878 1532 3934; x_wconf 90' lang='lat' dir='ltr'><strong>desiderio</strong></span> <span class='ocrx_word' id='word_1_320' title='bbox 1558 3878 1800 3947; x_wconf 90' lang='lat' dir='ltr'><strong>detenti,</strong></span> <span class='ocrx_word' id='word_1_321' title='bbox 1833 3896 1931 3938; x_wconf 87' lang='lat' dir='ltr'><strong>ne-</strong></span> 
     </span>
    </p>
   </div>
   <div class='ocr_carea' id='block_1_40' title="bbox 337 3970 1928 4044">
    <p class='ocr_par' dir='ltr' id='par_1_40' title="bbox 337 3970 1928 4044">
     <span class='ocr_line' id='line_1_40' title="bbox 337 3970 1928 4044; baseline 0.003 -20"><span class='ocrx_word' id='word_1_322' title='bbox 337 3970 517 4024; x_wconf 85' lang='lat' dir='ltr'><strong>sciunt</strong></span> <span class='ocrx_word' id='word_1_323' title='bbox 540 3970 666 4039; x_wconf 87' lang='lat' dir='ltr'><strong>quid</strong></span> <span class='ocrx_word' id='word_1_324' title='bbox 691 3971 911 4038; x_wconf 82' lang='lat' dir='ltr'><strong>faciunt,</strong></span> <span class='ocrx_word' id='word_1_325' title='bbox 944 3986 1051 4025; x_wconf 90' lang='lat' dir='ltr'><strong>non</strong></span> <span class='ocrx_word' id='word_1_326' title='bbox 1071 3971 1374 4042; x_wconf 65' lang='lat' dir='ltr'><strong>praisentia,</strong></span> <span class='ocrx_word' id='word_1_327' title='bbox 1403 3985 1508 4025; x_wconf 93' lang='lat' dir='ltr'><strong>non</strong></span> <span class='ocrx_word' id='word_1_328' title='bbox 1536 3970 1711 4026; x_wconf 78' lang='lat' dir='ltr'><strong>futura</strong></span> <span class='ocrx_word' id='word_1_329' title='bbox 1732 3973 1928 4044; x_wconf 66' lang='lat' dir='ltr'><strong>praevi-</strong></span> 
     </span>
    </p>
   </div>
   <div class='ocr_carea' id='block_1_41' title="bbox 337 4060 547 4116">
    <p class='ocr_par' dir='ltr' id='par_1_41' title="bbox 337 4060 547 4116">
     <span class='ocr_line' id='line_1_41' title="bbox 337 4060 547 4116; baseline -0.005 0"><span class='ocrx_word' id='word_1_330' title='bbox 337 4060 547 4116; x_wconf 80' lang='lat' dir='ltr'><strong>dentes.</strong></span> 
     </span>
    </p>
   </div>
   <div class='ocr_carea' id='block_1_42' title="bbox 436 4177 1928 4249">
    <p class='ocr_par' dir='ltr' id='par_1_42' title="bbox 436 4177 1928 4249">
     <span class='ocr_line' id='line_1_42' title="bbox 436 4177 1928 4249; baseline 0.003 -17"><span class='ocrx_word' id='word_1_331' title='bbox 436 4177 733 4232; x_wconf 85' lang='lat' dir='ltr'><strong>Simititudo</strong></span> <span class='ocrx_word' id='word_1_332' title='bbox 772 4179 1133 4249; x_wconf 85' lang='lat' dir='ltr'><strong>pulcherrima.</strong></span> <span class='ocrx_word' id='word_1_333' title='bbox 1174 4211 1247 4221; x_wconf 95' lang='lat'><strong><em>—</em></strong></span> <span class='ocrx_word' id='word_1_334' title='bbox 1271 4180 1593 4249; x_wconf 91' lang='lat' dir='ltr'><strong>Dominum,</strong></span> <span class='ocrx_word' id='word_1_335' title='bbox 1630 4180 1719 4237; x_wconf 91' lang='lat' dir='ltr'><strong>dic</strong></span> <span class='ocrx_word' id='word_1_336' title='bbox 1755 4181 1888 4237; x_wconf 88' lang='lat' dir='ltr'><strong>mihi</strong></span> <span class='ocrx_word' id='word_1_337' title='bbox 1914 4222 1928 4248; x_wconf 85' lang='lat'><strong>,</strong></span> 
     </span>
    </p>
   </div>
   <div class='ocr_carea' id='block_1_43' title="bbox 340 4267 1932 4342">
    <p class='ocr_par' dir='ltr' id='par_1_43' title="bbox 340 4267 1932 4342">
     <span class='ocr_line' id='line_1_43' title="bbox 340 4267 1932 4342; baseline 0.005 -21"><span class='ocrx_word' id='word_1_338' title='bbox 340 4267 517 4338; x_wconf 79' lang='lat' dir='ltr'><strong>fugis?</strong></span> <span class='ocrx_word' id='word_1_339' title='bbox 542 4268 836 4338; x_wconf 87' lang='lat' dir='ltr'><strong>Parumper</strong></span> <span class='ocrx_word' id='word_1_340' title='bbox 863 4272 1022 4341; x_wconf 82' lang='lat' dir='ltr'><strong>igitur</strong></span> <span class='ocrx_word' id='word_1_341' title='bbox 1047 4287 1224 4338; x_wconf 90' lang='lat' dir='ltr'><strong>mane,</strong></span> <span class='ocrx_word' id='word_1_342' title='bbox 1247 4283 1407 4342; x_wconf 90' lang='lat' dir='ltr'><strong>atque</strong></span> <span class='ocrx_word' id='word_1_343' title='bbox 1428 4287 1524 4342; x_wconf 88' lang='lat' dir='ltr'><strong>per</strong></span> <span class='ocrx_word' id='word_1_344' title='bbox 1546 4288 1725 4326; x_wconf 89' lang='lat' dir='ltr'><strong>rerum</strong></span> <span class='ocrx_word' id='word_1_345' title='bbox 1755 4272 1932 4329; x_wconf 87' lang='lat' dir='ltr'><strong>disces</strong></span> 
     </span>
    </p>
   </div>
   <div class='ocr_carea' id='block_1_44' title="bbox 341 4365 1932 4436">
    <p class='ocr_par' dir='ltr' id='par_1_44' title="bbox 341 4365 1932 4436">
     <span class='ocr_line' id='line_1_44' title="bbox 341 4365 1932 4436; baseline 0.003 -20"><span class='ocrx_word' id='word_1_346' title='bbox 341 4369 597 4416; x_wconf 87' lang='lat' dir='ltr'><strong>eventum</strong></span> <span class='ocrx_word' id='word_1_347' title='bbox 617 4403 633 4423; x_wconf 86' lang='lat'><strong>,</strong></span> <span class='ocrx_word' id='word_1_348' title='bbox 664 4372 714 4417; x_wconf 92' lang='lat' dir='ltr'><strong>te</strong></span> <span class='ocrx_word' id='word_1_349' title='bbox 740 4378 915 4433; x_wconf 89' lang='lat' dir='ltr'><strong>neque</strong></span> <span class='ocrx_word' id='word_1_350' title='bbox 948 4365 1112 4419; x_wconf 90' lang='lat' dir='ltr'><strong>maris</strong></span> <span class='ocrx_word' id='word_1_351' title='bbox 1131 4405 1147 4432; x_wconf 88' lang='lat'><strong>,</strong></span> <span class='ocrx_word' id='word_1_352' title='bbox 1179 4366 1320 4420; x_wconf 90' lang='lat' dir='ltr'><strong>servi</strong></span> <span class='ocrx_word' id='word_1_353' title='bbox 1344 4365 1462 4435; x_wconf 90' lang='lat' dir='ltr'><strong>ejus</strong></span> <span class='ocrx_word' id='word_1_354' title='bbox 1485 4407 1501 4433; x_wconf 95' lang='lat'><strong>,</strong></span> <span class='ocrx_word' id='word_1_355' title='bbox 1538 4381 1695 4436; x_wconf 89' lang='lat' dir='ltr'><strong>posse</strong></span> <span class='ocrx_word' id='word_1_356' title='bbox 1741 4381 1932 4421; x_wconf 90' lang='lat' dir='ltr'><strong>manus</strong></span> 
     </span>
    </p>
   </div>
   <div class='ocr_carea' id='block_1_45' title="bbox 338 4454 1931 4525">
    <p class='ocr_par' dir='ltr' id='par_1_45' title="bbox 338 4454 1931 4525">
     <span class='ocr_line' id='line_1_45' title="bbox 338 4454 1931 4525; baseline 0.001 -15"><span class='ocrx_word' id='word_1_357' title='bbox 338 4454 594 4525; x_wconf 80' lang='lat' dir='ltr'><strong>eli&#39;ugere.</strong></span> <span class='ocrx_word' id='word_1_358' title='bbox 622 4455 718 4509; x_wconf 86' lang='lat' dir='ltr'><strong>Vix</strong></span> <span class='ocrx_word' id='word_1_359' title='bbox 756 4457 897 4510; x_wconf 90' lang='lat' dir='ltr'><strong>enim</strong></span> <span class='ocrx_word' id='word_1_360' title='bbox 929 4461 1106 4511; x_wconf 90' lang='lat' dir='ltr'><strong>navim</strong></span> <span class='ocrx_word' id='word_1_361' title='bbox 1136 4458 1236 4513; x_wconf 88' lang='lat' dir='ltr'><strong>iste</strong></span> <span class='ocrx_word' id='word_1_362' title='bbox 1256 4458 1676 4524; x_wconf 87' lang='lat' dir='ltr'><strong>conscenderat,</strong></span> <span class='ocrx_word' id='word_1_363' title='bbox 1715 4474 1835 4514; x_wconf 91' lang='lat' dir='ltr'><strong>cum</strong></span> <span class='ocrx_word' id='word_1_364' title='bbox 1867 4458 1931 4513; x_wconf 86' lang='lat' dir='ltr'><strong>il-</strong></span> 
     </span>
    </p>
   </div>
   <div class='ocr_carea' id='block_1_46' title="bbox 338 4546 1925 4619">
    <p class='ocr_par' dir='ltr' id='par_1_46' title="bbox 338 4546 1925 4619">
     <span class='ocr_line' id='line_1_46' title="bbox 338 4546 1925 4619; baseline 0.003 -17"><span class='ocrx_word' id='word_1_365' title='bbox 338 4546 431 4603; x_wconf 90' lang='lat' dir='ltr'><strong>luc</strong></span> <span class='ocrx_word' id='word_1_366' title='bbox 462 4546 654 4601; x_wconf 82' lang='lat' dir='ltr'><strong>ﬂuctus</strong></span> <span class='ocrx_word' id='word_1_367' title='bbox 674 4548 882 4611; x_wconf 85' lang='lat' dir='ltr'><strong>extulit,</strong></span> <span class='ocrx_word' id='word_1_368' title='bbox 913 4550 965 4603; x_wconf 92' lang='lat' dir='ltr'><strong>in</strong></span> <span class='ocrx_word' id='word_1_369' title='bbox 991 4549 1262 4619; x_wconf 88' lang='lat' dir='ltr'><strong>altumque</strong></span> <span class='ocrx_word' id='word_1_370' title='bbox 1284 4550 1494 4617; x_wconf 81' lang='lat' dir='ltr'><strong>levavit,</strong></span> <span class='ocrx_word' id='word_1_371' title='bbox 1527 4559 1582 4605; x_wconf 88' lang='lat' dir='ltr'><strong>et</strong></span> <span class='ocrx_word' id='word_1_372' title='bbox 1609 4551 1770 4606; x_wconf 72' lang='lat' dir='ltr'><strong>veluti</strong></span> <span class='ocrx_word' id='word_1_373' title='bbox 1796 4550 1925 4606; x_wconf 87' lang='lat' dir='ltr'><strong>lide-</strong></span> 
     </span>
    </p>
   </div>
   <div class='ocr_carea' id='block_1_47' title="bbox 338 4636 1929 4712">
    <p class='ocr_par' dir='ltr' id='par_1_47' title="bbox 338 4636 1929 4712">
     <span class='ocr_line' id='line_1_47' title="bbox 338 4636 1929 4712; baseline 0.003 -21"><span class='ocrx_word' id='word_1_374' title='bbox 338 4636 413 4691; x_wconf 80' lang='lat' dir='ltr'><strong>lis</strong></span> <span class='ocrx_word' id='word_1_375' title='bbox 458 4637 653 4692; x_wconf 82' lang='lat' dir='ltr'><strong>ancilla</strong></span> <span class='ocrx_word' id='word_1_376' title='bbox 695 4653 1016 4693; x_wconf 89' lang='lat' dir='ltr'><strong>conservum</strong></span> <span class='ocrx_word' id='word_1_377' title='bbox 1063 4640 1340 4696; x_wconf 87' lang='lat' dir='ltr'><strong>inveniens</strong></span> <span class='ocrx_word' id='word_1_378' title='bbox 1378 4640 1703 4711; x_wconf 81' lang='lat' dir='ltr'><strong>fugientem,</strong></span> <span class='ocrx_word' id='word_1_379' title='bbox 1732 4643 1822 4712; x_wconf 86' lang='lat' dir='ltr'><strong>qui</strong></span> <span class='ocrx_word' id='word_1_380' title='bbox 1864 4658 1929 4697; x_wconf 85' lang='lat' dir='ltr'><strong>ex</strong></span> 
     </span>
    </p>
   </div>
   <div class='ocr_carea' id='block_1_48' title="bbox 338 4727 1930 4801">
    <p class='ocr_par' dir='ltr' id='par_1_48' title="bbox 338 4727 1930 4801">
     <span class='ocr_line' id='line_1_48' title="bbox 338 4727 1930 4801; baseline 0.002 -18"><span class='ocrx_word' id='word_1_381' title='bbox 338 4727 545 4783; x_wconf 93' lang='lat' dir='ltr'><strong>domini</strong></span> <span class='ocrx_word' id='word_1_382' title='bbox 573 4728 727 4783; x_wconf 89' lang='lat' dir='ltr'><strong>bonis</strong></span> <span class='ocrx_word' id='word_1_383' title='bbox 769 4729 1039 4799; x_wconf 88' lang='lat' dir='ltr'><strong>quidpiam</strong></span> <span class='ocrx_word' id='word_1_384' title='bbox 1081 4733 1432 4801; x_wconf 89' lang='lat' dir='ltr'><strong>surripuerit,</strong></span> <span class='ocrx_word' id='word_1_385' title='bbox 1462 4747 1718 4801; x_wconf 83' lang='lat' dir='ltr'><strong>nusquam</strong></span> <span class='ocrx_word' id='word_1_386' title='bbox 1767 4732 1834 4786; x_wconf 88' lang='lat' dir='ltr'><strong>ab</strong></span> <span class='ocrx_word' id='word_1_387' title='bbox 1864 4749 1930 4786; x_wconf 91' lang='lat' dir='ltr'><strong>eo</strong></span> 
     </span>
    </p>
   </div>
   <div class='ocr_carea' id='block_1_49' title="bbox 342 4818 1930 4892">
    <p class='ocr_par' dir='ltr' id='par_1_49' title="bbox 342 4818 1930 4892">
     <span class='ocr_line' id='line_1_49' title="bbox 342 4818 1930 4892; baseline 0.002 -19"><span class='ocrx_word' id='word_1_388' title='bbox 342 4818 580 4886; x_wconf 90' lang='lat' dir='ltr'><strong>recedit,</strong></span> <span class='ocrx_word' id='word_1_389' title='bbox 605 4819 860 4888; x_wconf 86' lang='lat' dir='ltr'><strong>milleque</strong></span> <span class='ocrx_word' id='word_1_390' title='bbox 904 4821 1282 4890; x_wconf 88' lang='lat' dir='ltr'><strong>impedimenta</strong></span> <span class='ocrx_word' id='word_1_391' title='bbox 1328 4824 1523 4892; x_wconf 85' lang='lat' dir='ltr'><strong>ingerit</strong></span> <span class='ocrx_word' id='word_1_392' title='bbox 1548 4823 1930 4892; x_wconf 88' lang='lat' dir='ltr'><strong>recipientibus</strong></span> 
     </span>
    </p>
   </div>
   <div class='ocr_carea' id='block_1_50' title="bbox 342 4912 1930 4984">
    <p class='ocr_par' dir='ltr' id='par_1_50' title="bbox 342 4912 1930 4984">
     <span class='ocr_line' id='line_1_50' title="bbox 342 4912 1930 4984; baseline 0.001 -16"><span class='ocrx_word' id='word_1_393' title='bbox 342 4912 490 4968; x_wconf 89' lang='lat' dir='ltr'><strong>illum</strong></span> <span class='ocrx_word' id='word_1_394' title='bbox 510 4952 525 4978; x_wconf 97' lang='lat'><strong>,</strong></span> <span class='ocrx_word' id='word_1_395' title='bbox 552 4913 726 4984; x_wconf 89' lang='lat' dir='ltr'><strong>quoad</strong></span> <span class='ocrx_word' id='word_1_396' title='bbox 740 4913 933 4983; x_wconf 70' lang='lat' dir='ltr'><strong>Jpsum</strong></span> <span class='ocrx_word' id='word_1_397' title='bbox 974 4915 1246 4969; x_wconf 86' lang='lat' dir='ltr'><strong>vindicans</strong></span> <span class='ocrx_word' id='word_1_398' title='bbox 1277 4916 1495 4969; x_wconf 86' lang='lat' dir='ltr'><strong>reducat</strong></span> <span class='ocrx_word' id='word_1_399' title='bbox 1527 4917 1640 4970; x_wconf 91' lang='lat' dir='ltr'><strong>:sie</strong></span> <span class='ocrx_word' id='word_1_400' title='bbox 1683 4914 1738 4970; x_wconf 86' lang='lat' dir='ltr'><strong>et</strong></span> <span class='ocrx_word' id='word_1_401' title='bbox 1782 4931 1930 4970; x_wconf 90' lang='lat' dir='ltr'><strong>mare</strong></span> 
     </span>
    </p>
   </div>
   <div class='ocr_carea' id='block_1_51' title="bbox 340 5008 1929 5079">
    <p class='ocr_par' dir='ltr' id='par_1_51' title="bbox 340 5008 1929 5079">
     <span class='ocr_line' id='line_1_51' title="bbox 340 5008 1929 5079; baseline 0.001 -18"><span class='ocrx_word' id='word_1_402' title='bbox 340 5021 659 5061; x_wconf 88' lang='lat' dir='ltr'><strong>conservum</strong></span> <span class='ocrx_word' id='word_1_403' title='bbox 705 5008 983 5063; x_wconf 83' lang='lat' dir='ltr'><strong>inveniens</strong></span> <span class='ocrx_word' id='word_1_404' title='bbox 1030 5016 1084 5062; x_wconf 91' lang='lat' dir='ltr'><strong>et</strong></span> <span class='ocrx_word' id='word_1_405' title='bbox 1125 5023 1451 5078; x_wconf 86' lang='lat' dir='ltr'><strong>agnoscens,</strong></span> <span class='ocrx_word' id='word_1_406' title='bbox 1501 5009 1651 5065; x_wconf 88' lang='lat' dir='ltr'><strong>mille</strong></span> <span class='ocrx_word' id='word_1_407' title='bbox 1701 5009 1929 5079; x_wconf 84' lang='lat' dir='ltr'><strong>impedi-</strong></span> 
     </span>
    </p>
   </div>
   <div class='ocr_carea' id='block_1_52' title="bbox 341 5099 1925 5168">
    <p class='ocr_par' dir='ltr' id='par_1_52' title="bbox 341 5099 1925 5168">
     <span class='ocr_line' id='line_1_52' title="bbox 341 5099 1925 5168; baseline 0.001 -15"><span class='ocrx_word' id='word_1_408' title='bbox 341 5106 523 5153; x_wconf 87' lang='lat' dir='ltr'><strong>menta</strong></span> <span class='ocrx_word' id='word_1_409' title='bbox 552 5100 730 5153; x_wconf 91' lang='lat' dir='ltr'><strong>nautis</strong></span> <span class='ocrx_word' id='word_1_410' title='bbox 756 5100 981 5164; x_wconf 78' lang='lat' dir='ltr'><strong>excitat,</strong></span> <span class='ocrx_word' id='word_1_411' title='bbox 1012 5099 1230 5154; x_wconf 88' lang='lat' dir='ltr'><strong>turbans</strong></span> <span class='ocrx_word' id='word_1_412' title='bbox 1250 5140 1266 5165; x_wconf 91' lang='lat'><strong>,</strong></span> <span class='ocrx_word' id='word_1_413' title='bbox 1291 5099 1556 5166; x_wconf 89' lang='lat' dir='ltr'><strong>clamans,</strong></span> <span class='ocrx_word' id='word_1_414' title='bbox 1585 5115 1690 5155; x_wconf 92' lang='lat' dir='ltr'><strong>non</strong></span> <span class='ocrx_word' id='word_1_415' title='bbox 1719 5100 1771 5154; x_wconf 91' lang='lat' dir='ltr'><strong>in</strong></span> <span class='ocrx_word' id='word_1_416' title='bbox 1791 5099 1925 5168; x_wconf 90' lang='lat' dir='ltr'><strong>judi-</strong></span> 
     </span>
    </p>
   </div>
   <div class='ocr_carea' id='block_1_53' title="bbox 343 5189 1926 5264">
    <p class='ocr_par' dir='ltr' id='par_1_53' title="bbox 343 5189 1926 5264">
     <span class='ocr_line' id='line_1_53' title="bbox 343 5189 1926 5264; baseline 0.003 -21"><span class='ocrx_word' id='word_1_417' title='bbox 343 5189 487 5244; x_wconf 89' lang='lat' dir='ltr'><strong>cium</strong></span> <span class='ocrx_word' id='word_1_418' title='bbox 515 5190 762 5255; x_wconf 88' lang='lat' dir='ltr'><strong>trahens,</strong></span> <span class='ocrx_word' id='word_1_419' title='bbox 792 5190 886 5245; x_wconf 88' lang='lat' dir='ltr'><strong>sed</strong></span> <span class='ocrx_word' id='word_1_420' title='bbox 909 5192 1239 5245; x_wconf 85' lang='lat' dir='ltr'><strong>comminans</strong></span> <span class='ocrx_word' id='word_1_421' title='bbox 1266 5208 1452 5246; x_wconf 89' lang='lat' dir='ltr'><strong>navem</strong></span> <span class='ocrx_word' id='word_1_422' title='bbox 1479 5192 1790 5264; x_wconf 90' lang='lat' dir='ltr'><strong>demergere</strong></span> <span class='ocrx_word' id='word_1_423' title='bbox 1806 5208 1926 5249; x_wconf 90' lang='lat' dir='ltr'><strong>cum</strong></span> 
     </span>
    </p>
   </div>
   <div class='ocr_carea' id='block_1_54' title="bbox 344 5285 1933 5352">
    <p class='ocr_par' dir='ltr' id='par_1_54' title="bbox 344 5285 1933 5352">
     <span class='ocr_line' id='line_1_54' title="bbox 344 5285 1933 5352; baseline 0.001 -14"><span class='ocrx_word' id='word_1_424' title='bbox 344 5285 554 5350; x_wconf 88' lang='lat' dir='ltr'><strong>nautis,</strong></span> <span class='ocrx_word' id='word_1_425' title='bbox 584 5285 684 5337; x_wconf 80' lang='lat' dir='ltr'><strong>nisi</strong></span> <span class='ocrx_word' id='word_1_426' title='bbox 720 5299 1040 5340; x_wconf 84' lang='lat' dir='ltr'><strong>conservum</strong></span> <span class='ocrx_word' id='word_1_427' title='bbox 1079 5300 1233 5339; x_wconf 90' lang='lat' dir='ltr'><strong>suum</strong></span> <span class='ocrx_word' id='word_1_428' title='bbox 1270 5285 1370 5339; x_wconf 88' lang='lat' dir='ltr'><strong>sibi</strong></span> <span class='ocrx_word' id='word_1_429' title='bbox 1413 5285 1761 5340; x_wconf 87' lang='lat' dir='ltr'><strong>reddiderint.</strong></span> <span class='ocrx_word' id='word_1_430' title='bbox 1794 5286 1933 5352; x_wconf 85' lang='lat' dir='ltr'><strong>Quid</strong></span> 
     </span>
    </p>
   </div>
   <div class='ocr_carea' id='block_1_55' title="bbox 345 5374 1930 5446">
    <p class='ocr_par' dir='ltr' id='par_1_55' title="bbox 345 5374 1930 5446">
     <span class='ocr_line' id='line_1_55' title="bbox 345 5374 1930 5446; baseline -0.004 -16"><span class='ocrx_word' id='word_1_431' title='bbox 345 5391 473 5446; x_wconf 86' lang='lat' dir='ltr'><strong>ergo</strong></span> <span class='ocrx_word' id='word_1_432' title='bbox 500 5386 696 5440; x_wconf 58' lang='lat' dir='ltr'><strong>nanta‘,</strong></span> <span class='ocrx_word' id='word_1_433' title='bbox 727 5374 810 5428; x_wconf 90' lang='lat' dir='ltr'><strong>his</strong></span> <span class='ocrx_word' id='word_1_434' title='bbox 826 5375 1279 5445; x_wconf 83' lang='lat' dir='ltr'><strong>contingentibus?</strong></span> <span class='ocrx_word' id='word_1_435' title='bbox 1296 5377 1504 5428; x_wconf 85' lang='lat' dir='ltr'><strong>Jactum</strong></span> <span class='ocrx_word' id='word_1_436' title='bbox 1526 5415 1541 5439; x_wconf 94' lang='lat'><strong>,</strong></span> <span class='ocrx_word' id='word_1_437' title='bbox 1574 5376 1764 5445; x_wconf 79' lang='lat' dir='ltr'><strong>inquit,</strong></span> <span class='ocrx_word' id='word_1_438' title='bbox 1783 5392 1930 5430; x_wconf 84' lang='lat' dir='ltr'><strong>vaso.</strong></span> 
     </span>
    </p>
   </div>
   <div class='ocr_carea' id='block_1_56' title="bbox 346 5464 1929 5538">
    <p class='ocr_par' dir='ltr' id='par_1_56' title="bbox 346 5464 1929 5538">
     <span class='ocr_line' id='line_1_56' title="bbox 346 5464 1929 5538; baseline 0.001 -19"><span class='ocrx_word' id='word_1_439' title='bbox 346 5482 457 5519; x_wconf 87' lang='lat' dir='ltr'><strong>rum</strong></span> <span class='ocrx_word' id='word_1_440' title='bbox 488 5469 743 5536; x_wconf 77' lang='lat' dir='ltr'><strong>fecerunt,</strong></span> <span class='ocrx_word' id='word_1_441' title='bbox 770 5466 910 5518; x_wconf 80' lang='lat' dir='ltr'><strong>navis</strong></span> <span class='ocrx_word' id='word_1_442' title='bbox 952 5481 1067 5519; x_wconf 86' lang='lat' dir='ltr'><strong>vero</strong></span> <span class='ocrx_word' id='word_1_443' title='bbox 1096 5481 1411 5536; x_wconf 81' lang='lat' dir='ltr'><strong>nequaquam</strong></span> <span class='ocrx_word' id='word_1_444' title='bbox 1433 5465 1760 5519; x_wconf 76' lang='lat' dir='ltr'><strong>atleuiabatur</strong></span> <span class='ocrx_word' id='word_1_445' title='bbox 1783 5464 1929 5538; x_wconf 89' lang='lat' dir='ltr'><strong>(Jan.</strong></span> 
     </span>
    </p>
   </div>
   <div class='ocr_carea' id='block_1_57' title="bbox 350 5558 1930 5630">
    <p class='ocr_par' dir='ltr' id='par_1_57' title="bbox 350 5558 1930 5630">
     <span class='ocr_line' id='line_1_57' title="bbox 350 5558 1930 5630; baseline 0 -16"><span class='ocrx_word' id='word_1_446' title='bbox 350 5558 480 5629; x_wconf 64' lang='lat'><strong>1.5)</strong></span> <span class='ocrx_word' id='word_1_447' title='bbox 512 5567 716 5614; x_wconf 88' lang='lat' dir='ltr'><strong>:totum</strong></span> <span class='ocrx_word' id='word_1_448' title='bbox 762 5560 903 5614; x_wconf 89' lang='lat' dir='ltr'><strong>enim</strong></span> <span class='ocrx_word' id='word_1_449' title='bbox 941 5558 1114 5614; x_wconf 83' lang='lat' dir='ltr'><strong>adhuc</strong></span> <span class='ocrx_word' id='word_1_450' title='bbox 1154 5573 1292 5615; x_wconf 86' lang='lat' dir='ltr'><strong>onus</strong></span> <span class='ocrx_word' id='word_1_451' title='bbox 1330 5558 1621 5626; x_wconf 88' lang='lat' dir='ltr'><strong>manebat,</strong></span> <span class='ocrx_word' id='word_1_452' title='bbox 1652 5558 1930 5630; x_wconf 71' lang='lat' dir='ltr'><strong>propheta:</strong></span> 
     </span>
    </p>
   </div>
   <div class='ocr_carea' id='block_1_58' title="bbox 412 5754 941 5816">
    <p class='ocr_par' dir='ltr' id='par_1_58' title="bbox 412 5754 941 5816">
     <span class='ocr_line' id='line_1_58' title="bbox 412 5754 941 5816; baseline 0 -11"><span class='ocrx_word' id='word_1_453' title='bbox 412 5758 430 5789; x_wconf 73' lang='lat'><strong><em>=</em></strong></span> <span class='ocrx_word' id='word_1_454' title='bbox 465 5755 617 5816; x_wconf 77' lang='lat' dir='ltr'><strong>Duxi,</strong></span> <span class='ocrx_word' id='word_1_455' title='bbox 638 5754 777 5816; x_wconf 82' lang='lat' dir='ltr'><strong>juxta</strong></span> <span class='ocrx_word' id='word_1_456' title='bbox 793 5754 941 5806; x_wconf 83' lang='lat' dir='ltr'><strong>savil.</strong></span> 
     </span>
    </p>
   </div>
   <div class='ocr_carea' id='block_1_59' title="bbox 1550 331 2535 391">
    <p class='ocr_par' dir='ltr' id='par_1_59' title="bbox 1550 331 2535 391">
     <span class='ocr_line' id='line_1_59' title="bbox 1550 331 2535 391; baseline -0.002 -1"><span class='ocrx_word' id='word_1_457' title='bbox 1550 331 1641 390; x_wconf 82' lang='lat' dir='ltr'><strong>DE</strong></span> <span class='ocrx_word' id='word_1_458' title='bbox 1678 331 2153 391; x_wconf 74' lang='lat' dir='ltr'><strong>PCENITENTIA.</strong></span> <span class='ocrx_word' id='word_1_459' title='bbox 2197 331 2429 391; x_wconf 80' lang='lat' dir='ltr'><strong>HOMIL.</strong></span> <span class='ocrx_word' id='word_1_460' title='bbox 2476 333 2535 390; x_wconf 70' lang='grc' dir='ltr'><strong>ν.</strong></span> 
     </span>
    </p>
   </div>
   <div class='ocr_carea' id='block_1_60' title="bbox 3518 332 3622 391">
    <p class='ocr_par' dir='ltr' id='par_1_60' title="bbox 3518 332 3622 391">
     <span class='ocr_line' id='line_1_60' title="bbox 3518 332 3622 391; baseline -0.029 -1"><span class='ocrx_word' id='word_1_461' title='bbox 3518 332 3622 391; x_wconf 73' lang='grc'><strong>310</strong></span> 
     </span>
    </p>
   </div>
   <div class='ocr_carea' id='block_1_61' title="bbox 2042 449 3616 524">
    <p class='ocr_par' dir='ltr' id='par_1_61' title="bbox 2042 449 3616 524">
     <span class='ocr_line' id='line_1_61' title="bbox 2042 449 3616 524; baseline 0.003 -19"><span class='ocrx_word' id='word_1_462' title='bbox 2042 463 2241 520; x_wconf 91' lang='lat' dir='ltr'><strong>corpus</strong></span> <span class='ocrx_word' id='word_1_463' title='bbox 2269 449 2504 517; x_wconf 84' lang='lat' dir='ltr'><strong>scilicet,</strong></span> <span class='ocrx_word' id='word_1_464' title='bbox 2523 463 2660 505; x_wconf 90' lang='lat' dir='ltr'><strong>onus</strong></span> <span class='ocrx_word' id='word_1_465' title='bbox 2679 462 2872 521; x_wconf 85' lang='lat' dir='ltr'><strong>grave,</strong></span> <span class='ocrx_word' id='word_1_466' title='bbox 2901 463 3010 506; x_wconf 90' lang='lat' dir='ltr'><strong>non</strong></span> <span class='ocrx_word' id='word_1_467' title='bbox 3037 466 3103 507; x_wconf 86' lang='lat' dir='ltr'><strong>ex</strong></span> <span class='ocrx_word' id='word_1_468' title='bbox 3130 458 3320 508; x_wconf 73' lang='lat' dir='ltr'><strong>natura</strong></span> <span class='ocrx_word' id='word_1_469' title='bbox 3346 455 3616 524; x_wconf 83' lang='lat' dir='ltr'><strong>corporis,</strong></span> 
     </span>
    </p>
   </div>
   <div class='ocr_carea' id='block_1_62' title="bbox 2035 540 3622 611">
    <p class='ocr_par' dir='ltr' id='par_1_62' title="bbox 2035 540 3622 611">
     <span class='ocr_line' id='line_1_62' title="bbox 2035 540 3622 611; baseline 0.001 -15"><span class='ocrx_word' id='word_1_470' title='bbox 2035 540 2132 596; x_wconf 88' lang='lat' dir='ltr'><strong>sed</strong></span> <span class='ocrx_word' id='word_1_471' title='bbox 2158 540 2228 596; x_wconf 93' lang='lat' dir='ltr'><strong>ob</strong></span> <span class='ocrx_word' id='word_1_472' title='bbox 2268 540 2475 610; x_wconf 91' lang='lat' dir='ltr'><strong>pondus</strong></span> <span class='ocrx_word' id='word_1_473' title='bbox 2500 543 2736 611; x_wconf 89' lang='lat' dir='ltr'><strong>peccati;</strong></span> <span class='ocrx_word' id='word_1_474' title='bbox 2766 542 2901 598; x_wconf 90' lang='lat' dir='ltr'><strong>nihil</strong></span> <span class='ocrx_word' id='word_1_475' title='bbox 2940 543 3083 598; x_wconf 91' lang='lat' dir='ltr'><strong>enim</strong></span> <span class='ocrx_word' id='word_1_476' title='bbox 3106 551 3212 599; x_wconf 89' lang='lat' dir='ltr'><strong>tam</strong></span> <span class='ocrx_word' id='word_1_477' title='bbox 3239 558 3527 600; x_wconf 90' lang='lat' dir='ltr'><strong>onerosum</strong></span> <span class='ocrx_word' id='word_1_478' title='bbox 3570 556 3622 599; x_wconf 81' lang='lat' dir='ltr'><strong>et</strong></span> 
     </span>
    </p>
   </div>
   <div class='ocr_carea' id='block_1_63' title="bbox 2035 636 3627 708">
    <p class='ocr_par' dir='ltr' id='par_1_63' title="bbox 2035 636 3627 708">
     <span class='ocr_line' id='line_1_63' title="bbox 2035 636 3627 708; baseline 0.005 -22"><span class='ocrx_word' id='word_1_479' title='bbox 2035 648 2214 703; x_wconf 83' lang='lat' dir='ltr'><strong>grave,</strong></span> <span class='ocrx_word' id='word_1_480' title='bbox 2246 648 2404 704; x_wconf 92' lang='lat' dir='ltr'><strong>quam</strong></span> <span class='ocrx_word' id='word_1_481' title='bbox 2437 643 2713 702; x_wconf 90' lang='lat' dir='ltr'><strong>peccatum</strong></span> <span class='ocrx_word' id='word_1_482' title='bbox 2747 644 2799 690; x_wconf 90' lang='lat' dir='ltr'><strong>et</strong></span> <span class='ocrx_word' id='word_1_483' title='bbox 2828 636 3207 692; x_wconf 87' lang='lat' dir='ltr'><strong>inobedientia.</strong></span> <span class='ocrx_word' id='word_1_484' title='bbox 3242 638 3524 708; x_wconf 84' lang='lat' dir='ltr'><strong>Propterea</strong></span> <span class='ocrx_word' id='word_1_485' title='bbox 3575 648 3627 694; x_wconf 88' lang='lat' dir='ltr'><strong>et</strong></span> 
     </span>
    </p>
   </div>
   <div class='ocr_carea' id='block_1_64' title="bbox 2036 721 3627 800">
    <p class='ocr_par' dir='ltr' id='par_1_64' title="bbox 2036 721 3627 800">
     <span class='ocr_line' id='line_1_64' title="bbox 2036 721 3627 800; baseline 0.004 -24"><span class='ocrx_word' id='word_1_486' title='bbox 2036 721 2321 777; x_wconf 87' lang='lat' dir='ltr'><strong>Zacharias</strong></span> <span class='ocrx_word' id='word_1_487' title='bbox 2352 724 2401 778; x_wconf 93' lang='lat' dir='ltr'><strong>id</strong></span> <span class='ocrx_word' id='word_1_488' title='bbox 2436 725 2633 792; x_wconf 80' lang='lat' dir='ltr'><strong>plumbi</strong></span> <span class='ocrx_word' id='word_1_489' title='bbox 2677 725 2920 793; x_wconf 76' lang='lat' dir='ltr'><strong>ﬁguravit</strong></span> <span class='ocrx_word' id='word_1_490' title='bbox 2964 728 3309 783; x_wconf 79' lang='lat' dir='ltr'><strong>similitudine</strong></span> <span class='ocrx_word' id='word_1_491' title='bbox 3343 727 3537 800; x_wconf 78' lang='lat' dir='ltr'><strong>(Zach.</strong></span> <span class='ocrx_word' id='word_1_492' title='bbox 3572 730 3627 786; x_wconf 78' lang='lat'><strong>5.</strong></span> 
     </span>
    </p>
   </div>
   <div class='ocr_carea' id='block_1_65' title="bbox 2037 816 3626 889">
    <p class='ocr_par' dir='ltr' id='par_1_65' title="bbox 2037 816 3626 889">
     <span class='ocr_line' id='line_1_65' title="bbox 2037 816 3626 889; baseline 0.004 -19"><span class='ocrx_word' id='word_1_493' title='bbox 2037 816 2091 888; x_wconf 89' lang='lat'><strong>7)</strong></span> <span class='ocrx_word' id='word_1_494' title='bbox 2116 837 2130 872; x_wconf 90' lang='lat'><strong>:</strong></span> <span class='ocrx_word' id='word_1_495' title='bbox 2158 817 2323 872; x_wconf 84' lang='lat' dir='ltr'><strong>David</strong></span> <span class='ocrx_word' id='word_1_496' title='bbox 2353 833 2482 872; x_wconf 84' lang='lat' dir='ltr'><strong>vero</strong></span> <span class='ocrx_word' id='word_1_497' title='bbox 2511 818 2764 874; x_wconf 88' lang='lat' dir='ltr'><strong>describit</strong></span> <span class='ocrx_word' id='word_1_498' title='bbox 2790 819 2905 889; x_wconf 85' lang='lat' dir='ltr'><strong>ejus</strong></span> <span class='ocrx_word' id='word_1_499' title='bbox 2945 828 3222 888; x_wconf 88' lang='lat' dir='ltr'><strong>naturam,</strong></span> <span class='ocrx_word' id='word_1_500' title='bbox 3247 821 3435 877; x_wconf 88' lang='lat' dir='ltr'><strong>dicens</strong></span> <span class='ocrx_word' id='word_1_501' title='bbox 3469 840 3482 876; x_wconf 92' lang='lat'>:</span> <span class='ocrx_word' id='word_1_502' title='bbox 3511 820 3626 876; x_wconf 84' lang='lat' dir='ltr'><strong>Ini-</strong></span> 
     </span>
    </p>
   </div>
   <div class='ocr_carea' id='block_1_66' title="bbox 2035 909 3626 981">
    <p class='ocr_par' dir='ltr' id='par_1_66' title="bbox 2035 909 3626 981">
     <span class='ocr_line' id='line_1_66' title="bbox 2035 909 3626 981; baseline 0.004 -21"><span class='ocrx_word' id='word_1_503' title='bbox 2035 909 2248 979; x_wconf 85' lang='lat' dir='ltr'><strong>quitates</strong></span> <span class='ocrx_word' id='word_1_504' title='bbox 2293 925 2421 963; x_wconf 80' lang='lat' dir='ltr'><strong>mea:</strong></span> <span class='ocrx_word' id='word_1_505' title='bbox 2467 926 2806 981; x_wconf 75' lang='lat' dir='ltr'><strong>supergressa:</strong></span> <span class='ocrx_word' id='word_1_506' title='bbox 2843 920 2957 964; x_wconf 87' lang='lat' dir='ltr'><strong>sunt</strong></span> <span class='ocrx_word' id='word_1_507' title='bbox 2987 921 3139 981; x_wconf 89' lang='lat' dir='ltr'><strong>caput</strong></span> <span class='ocrx_word' id='word_1_508' title='bbox 3176 929 3376 979; x_wconf 84' lang='lat' dir='ltr'><strong>meum,</strong></span> <span class='ocrx_word' id='word_1_509' title='bbox 3407 921 3454 966; x_wconf 90' lang='lat' dir='ltr'><strong>et</strong></span> <span class='ocrx_word' id='word_1_510' title='bbox 3497 915 3626 967; x_wconf 79' lang='lat' dir='ltr'><strong>sicut</strong></span> 
     </span>
    </p>
   </div>
   <div class='ocr_carea' id='block_1_67' title="bbox 2036 1001 3625 1074">
    <p class='ocr_par' dir='ltr' id='par_1_67' title="bbox 2036 1001 3625 1074">
     <span class='ocr_line' id='line_1_67' title="bbox 2036 1001 3625 1074; baseline 0.002 -20"><span class='ocrx_word' id='word_1_511' title='bbox 2036 1017 2163 1054; x_wconf 86' lang='lat' dir='ltr'><strong>onus</strong></span> <span class='ocrx_word' id='word_1_512' title='bbox 2184 1016 2335 1072; x_wconf 83' lang='lat' dir='ltr'><strong>grave</strong></span> <span class='ocrx_word' id='word_1_513' title='bbox 2359 1011 2581 1073; x_wconf 73' lang='lat' dir='ltr'><strong>gravata:</strong></span> <span class='ocrx_word' id='word_1_514' title='bbox 2606 1010 2723 1056; x_wconf 88' lang='lat' dir='ltr'><strong>sunt</strong></span> <span class='ocrx_word' id='word_1_515' title='bbox 2747 1018 2902 1071; x_wconf 86' lang='lat' dir='ltr'><strong>super</strong></span> <span class='ocrx_word' id='word_1_516' title='bbox 2927 1019 3005 1056; x_wconf 89' lang='lat' dir='ltr'><strong>me</strong></span> <span class='ocrx_word' id='word_1_517' title='bbox 3041 1001 3212 1073; x_wconf 73' lang='lat' dir='ltr'><strong>(Paul.</strong></span> <span class='ocrx_word' id='word_1_518' title='bbox 3246 1003 3334 1056; x_wconf 77' lang='grc'><strong>57.</strong></span> <span class='ocrx_word' id='word_1_519' title='bbox 3367 1002 3442 1074; x_wconf 83' lang='grc'><strong>5).</strong></span> <span class='ocrx_word' id='word_1_520' title='bbox 3467 1002 3625 1058; x_wconf 82' lang='lat' dir='ltr'><strong>Chri-</strong></span> 
     </span>
    </p>
   </div>
   <div class='ocr_carea' id='block_1_68' title="bbox 2036 1095 3625 1165">
    <p class='ocr_par' dir='ltr' id='par_1_68' title="bbox 2036 1095 3625 1165">
     <span class='ocr_line' id='line_1_68' title="bbox 2036 1095 3625 1165; baseline 0.004 -19"><span class='ocrx_word' id='word_1_521' title='bbox 2036 1101 2150 1149; x_wconf 90' lang='lat' dir='ltr'><strong>stus</strong></span> <span class='ocrx_word' id='word_1_522' title='bbox 2197 1102 2373 1149; x_wconf 88' lang='lat' dir='ltr'><strong>autem</strong></span> <span class='ocrx_word' id='word_1_523' title='bbox 2422 1095 2485 1149; x_wconf 85' lang='lat' dir='ltr'><strong>iis</strong></span> <span class='ocrx_word' id='word_1_524' title='bbox 2514 1095 2603 1165; x_wconf 90' lang='lat' dir='ltr'><strong>qui</strong></span> <span class='ocrx_word' id='word_1_525' title='bbox 2643 1095 2696 1150; x_wconf 94' lang='lat' dir='ltr'><strong>in</strong></span> <span class='ocrx_word' id='word_1_526' title='bbox 2728 1096 2962 1165; x_wconf 89' lang='lat' dir='ltr'><strong>peccatis</strong></span> <span class='ocrx_word' id='word_1_527' title='bbox 2997 1097 3179 1151; x_wconf 89' lang='lat' dir='ltr'><strong>multis</strong></span> <span class='ocrx_word' id='word_1_528' title='bbox 3205 1097 3480 1165; x_wconf 87' lang='lat' dir='ltr'><strong>vixerant,</strong></span> <span class='ocrx_word' id='word_1_529' title='bbox 3512 1098 3625 1153; x_wconf 54' lang='lat' dir='ltr'><strong>cla.</strong></span> 
     </span>
    </p>
   </div>
   <div class='ocr_carea' id='block_1_69' title="bbox 2035 1184 3626 1259">
    <p class='ocr_par' dir='ltr' id='par_1_69' title="bbox 2035 1184 3626 1259">
     <span class='ocr_line' id='line_1_69' title="bbox 2035 1184 3626 1259; baseline 0.003 -19"><span class='ocrx_word' id='word_1_530' title='bbox 2035 1185 2215 1240; x_wconf 87' lang='lat' dir='ltr'><strong>mabat</strong></span> <span class='ocrx_word' id='word_1_531' title='bbox 2245 1202 2258 1239; x_wconf 92' lang='lat'>:</span> <span class='ocrx_word' id='word_1_532' title='bbox 2291 1184 2464 1241; x_wconf 86' lang='lat' dir='ltr'><strong>Venite</strong></span> <span class='ocrx_word' id='word_1_533' title='bbox 2511 1186 2581 1240; x_wconf 91' lang='lat' dir='ltr'><strong>ad</strong></span> <span class='ocrx_word' id='word_1_534' title='bbox 2621 1204 2701 1241; x_wconf 88' lang='lat' dir='ltr'><strong>me</strong></span> <span class='ocrx_word' id='word_1_535' title='bbox 2742 1205 2913 1243; x_wconf 85' lang='lat' dir='ltr'><strong>omnes</strong></span> <span class='ocrx_word' id='word_1_536' title='bbox 2950 1189 3036 1259; x_wconf 83' lang='lat' dir='ltr'><strong>qui</strong></span> <span class='ocrx_word' id='word_1_537' title='bbox 3080 1188 3320 1244; x_wconf 82' lang='lat' dir='ltr'><strong>laboratis</strong></span> <span class='ocrx_word' id='word_1_538' title='bbox 3342 1200 3387 1244; x_wconf 89' lang='lat' dir='ltr'><strong>et</strong></span> <span class='ocrx_word' id='word_1_539' title='bbox 3430 1191 3626 1245; x_wconf 84' lang='lat' dir='ltr'><strong>onerati</strong></span> 
     </span>
    </p>
   </div>
   <div class='ocr_carea' id='block_1_70' title="bbox 2035 1279 3625 1354">
    <p class='ocr_par' dir='ltr' id='par_1_70' title="bbox 2035 1279 3625 1354">
     <span class='ocr_line' id='line_1_70' title="bbox 2035 1279 3625 1354; baseline 0.002 -21"><span class='ocrx_word' id='word_1_540' title='bbox 2035 1280 2173 1346; x_wconf 86' lang='lat' dir='ltr'><strong>estis,</strong></span> <span class='ocrx_word' id='word_1_541' title='bbox 2213 1288 2258 1334; x_wconf 85' lang='lat' dir='ltr'><strong>et</strong></span> <span class='ocrx_word' id='word_1_542' title='bbox 2283 1296 2374 1352; x_wconf 84' lang='lat' dir='ltr'><strong>ego</strong></span> <span class='ocrx_word' id='word_1_543' title='bbox 2402 1281 2630 1348; x_wconf 79' lang='lat' dir='ltr'><strong>reﬁciam</strong></span> <span class='ocrx_word' id='word_1_544' title='bbox 2650 1297 2737 1335; x_wconf 83' lang='lat' dir='ltr'><strong>vos</strong></span> <span class='ocrx_word' id='word_1_545' title='bbox 2758 1279 2972 1352; x_wconf 77' lang='lat' dir='ltr'><strong>(Matth.</strong></span> <span class='ocrx_word' id='word_1_546' title='bbox 3007 1283 3095 1337; x_wconf 89' lang='grc'><strong>11.</strong></span> <span class='ocrx_word' id='word_1_547' title='bbox 3122 1282 3240 1354; x_wconf 74' lang='lat'><strong>28).</strong></span> <span class='ocrx_word' id='word_1_548' title='bbox 3276 1283 3451 1351; x_wconf 91' lang='lat' dir='ltr'><strong>Ipsum</strong></span> <span class='ocrx_word' id='word_1_549' title='bbox 3495 1297 3625 1353; x_wconf 89' lang='lat' dir='ltr'><strong>ergo</strong></span> 
     </span>
    </p>
   </div>
   <div class='ocr_carea' id='block_1_71' title="bbox 2037 1370 3621 1442">
    <p class='ocr_par' dir='ltr' id='par_1_71' title="bbox 2037 1370 3621 1442">
     <span class='ocr_line' id='line_1_71' title="bbox 2037 1370 3621 1442; baseline 0.001 -18"><span class='ocrx_word' id='word_1_550' title='bbox 2037 1379 2309 1440; x_wconf 88' lang='lat' dir='ltr'><strong>peccatum</strong></span> <span class='ocrx_word' id='word_1_551' title='bbox 2329 1370 2578 1441; x_wconf 84' lang='lat' dir='ltr'><strong>scapham</strong></span> <span class='ocrx_word' id='word_1_552' title='bbox 2598 1380 2722 1427; x_wconf 92' lang='lat' dir='ltr'><strong>tunc</strong></span> <span class='ocrx_word' id='word_1_553' title='bbox 2738 1372 3010 1442; x_wconf 85' lang='lat' dir='ltr'><strong>gravabat,</strong></span> <span class='ocrx_word' id='word_1_554' title='bbox 3029 1382 3084 1428; x_wconf 92' lang='lat' dir='ltr'><strong>et</strong></span> <span class='ocrx_word' id='word_1_555' title='bbox 3098 1372 3467 1428; x_wconf 88' lang='lat' dir='ltr'><strong>demersurum</strong></span> <span class='ocrx_word' id='word_1_556' title='bbox 3481 1381 3621 1428; x_wconf 89' lang='lat' dir='ltr'><strong>erat:</strong></span> 
     </span>
    </p>
   </div>
   <div class='ocr_carea' id='block_1_72' title="bbox 2035 1460 3624 1518">
    <p class='ocr_par' dir='ltr' id='par_1_72' title="bbox 2035 1460 3624 1518">
     <span class='ocr_line' id='line_1_72' title="bbox 2035 1460 3624 1518; baseline 0.001 -2"><span class='ocrx_word' id='word_1_557' title='bbox 2035 1460 2198 1516; x_wconf 86' lang='lat' dir='ltr'><strong>Jonas</strong></span> <span class='ocrx_word' id='word_1_558' title='bbox 2242 1476 2370 1516; x_wconf 89' lang='lat' dir='ltr'><strong>vero</strong></span> <span class='ocrx_word' id='word_1_559' title='bbox 2407 1462 2708 1518; x_wconf 86' lang='lat' dir='ltr'><strong>dormiebat</strong></span> <span class='ocrx_word' id='word_1_560' title='bbox 2746 1470 2803 1517; x_wconf 89' lang='lat' dir='ltr'><strong>et</strong></span> <span class='ocrx_word' id='word_1_561' title='bbox 2829 1462 3107 1517; x_wconf 88' lang='lat' dir='ltr'><strong>stertebat.</strong></span> <span class='ocrx_word' id='word_1_562' title='bbox 3158 1461 3347 1518; x_wconf 88' lang='lat' dir='ltr'><strong>Gravis</strong></span> <span class='ocrx_word' id='word_1_563' title='bbox 3391 1462 3481 1517; x_wconf 93' lang='lat' dir='ltr'><strong>ille</strong></span> <span class='ocrx_word' id='word_1_564' title='bbox 3516 1477 3624 1518; x_wconf 90' lang='lat' dir='ltr'><strong>non</strong></span> 
     </span>
    </p>
   </div>
   <div class='ocr_carea' id='block_1_73' title="bbox 2034 1552 3620 1623">
    <p class='ocr_par' dir='ltr' id='par_1_73' title="bbox 2034 1552 3620 1623">
     <span class='ocr_line' id='line_1_73' title="bbox 2034 1552 3620 1623; baseline 0 -15"><span class='ocrx_word' id='word_1_565' title='bbox 2034 1553 2321 1622; x_wconf 90' lang='lat' dir='ltr'><strong>voluptatis</strong></span> <span class='ocrx_word' id='word_1_566' title='bbox 2345 1561 2460 1608; x_wconf 90' lang='lat' dir='ltr'><strong>erat</strong></span> <span class='ocrx_word' id='word_1_567' title='bbox 2489 1567 2708 1608; x_wconf 90' lang='lat' dir='ltr'><strong>somnus</strong></span> <span class='ocrx_word' id='word_1_568' title='bbox 2729 1594 2743 1618; x_wconf 89' lang='lat'><strong>,</strong></span> <span class='ocrx_word' id='word_1_569' title='bbox 2773 1552 2869 1608; x_wconf 91' lang='lat' dir='ltr'><strong>sed</strong></span> <span class='ocrx_word' id='word_1_570' title='bbox 2916 1553 3165 1608; x_wconf 86' lang='lat' dir='ltr'><strong>maeroris</strong></span> <span class='ocrx_word' id='word_1_571' title='bbox 3183 1594 3197 1617; x_wconf 89' lang='lat'><strong>,</strong></span> <span class='ocrx_word' id='word_1_572' title='bbox 3231 1567 3334 1607; x_wconf 89' lang='lat' dir='ltr'><strong>non</strong></span> <span class='ocrx_word' id='word_1_573' title='bbox 3362 1553 3584 1623; x_wconf 83' lang='lat' dir='ltr'><strong>pigritiae</strong></span> <span class='ocrx_word' id='word_1_574' title='bbox 3604 1595 3620 1619; x_wconf 90' lang='lat'><strong>,</strong></span> 
     </span>
    </p>
   </div>
   <div class='ocr_carea' id='block_1_74' title="bbox 2034 1642 3625 1714">
    <p class='ocr_par' dir='ltr' id='par_1_74' title="bbox 2034 1642 3625 1714">
     <span class='ocr_line' id='line_1_74' title="bbox 2034 1642 3625 1714; baseline -0.002 -15"><span class='ocrx_word' id='word_1_575' title='bbox 2034 1644 2128 1699; x_wconf 91' lang='lat' dir='ltr'><strong>sed</strong></span> <span class='ocrx_word' id='word_1_576' title='bbox 2149 1643 2472 1698; x_wconf 85' lang='lat' dir='ltr'><strong>alllietionis.</strong></span> <span class='ocrx_word' id='word_1_577' title='bbox 2515 1643 2648 1698; x_wconf 86' lang='lat' dir='ltr'><strong>Nam</strong></span> <span class='ocrx_word' id='word_1_578' title='bbox 2690 1643 2781 1714; x_wconf 92' lang='lat' dir='ltr'><strong>qui</strong></span> <span class='ocrx_word' id='word_1_579' title='bbox 2822 1659 2889 1698; x_wconf 86' lang='lat' dir='ltr'><strong>ex</strong></span> <span class='ocrx_word' id='word_1_580' title='bbox 2918 1642 3230 1698; x_wconf 90' lang='lat' dir='ltr'><strong>domesticis</strong></span> <span class='ocrx_word' id='word_1_581' title='bbox 3276 1644 3415 1698; x_wconf 90' lang='lat' dir='ltr'><strong>bene</strong></span> <span class='ocrx_word' id='word_1_582' title='bbox 3449 1643 3625 1698; x_wconf 68' lang='lat' dir='ltr'><strong>allecti</strong></span> 
     </span>
    </p>
   </div>
   <div class='ocr_carea' id='block_1_75' title="bbox 2034 1734 3628 1806">
    <p class='ocr_par' dir='ltr' id='par_1_75' title="bbox 2034 1734 3628 1806">
     <span class='ocr_line' id='line_1_75' title="bbox 2034 1734 3628 1806; baseline 0 -17"><span class='ocrx_word' id='word_1_583' title='bbox 2034 1746 2178 1802; x_wconf 90' lang='lat' dir='ltr'><strong>sunt,</strong></span> <span class='ocrx_word' id='word_1_584' title='bbox 2206 1737 2315 1791; x_wconf 89' lang='lat' dir='ltr'><strong>cito</strong></span> <span class='ocrx_word' id='word_1_585' title='bbox 2342 1744 2556 1806; x_wconf 89' lang='lat' dir='ltr'><strong>peccata</strong></span> <span class='ocrx_word' id='word_1_586' title='bbox 2595 1736 2829 1790; x_wconf 89' lang='lat' dir='ltr'><strong>sentiunt</strong></span> <span class='ocrx_word' id='word_1_587' title='bbox 2854 1752 2868 1789; x_wconf 92' lang='lat'>:</span> <span class='ocrx_word' id='word_1_588' title='bbox 2893 1735 3036 1806; x_wconf 88' lang='lat' dir='ltr'><strong>quod</strong></span> <span class='ocrx_word' id='word_1_589' title='bbox 3073 1744 3127 1790; x_wconf 91' lang='lat' dir='ltr'><strong>et</strong></span> <span class='ocrx_word' id='word_1_590' title='bbox 3153 1735 3227 1789; x_wconf 93' lang='lat' dir='ltr'><strong>illi</strong></span> <span class='ocrx_word' id='word_1_591' title='bbox 3258 1735 3467 1790; x_wconf 90' lang='lat' dir='ltr'><strong>accidit.</strong></span> <span class='ocrx_word' id='word_1_592' title='bbox 3500 1734 3628 1790; x_wconf 90' lang='lat' dir='ltr'><strong>Post</strong></span> 
     </span>
    </p>
   </div>
   <div class='ocr_carea' id='block_1_76' title="bbox 2034 1825 3629 1897">
    <p class='ocr_par' dir='ltr' id='par_1_76' title="bbox 2034 1825 3629 1897">
     <span class='ocr_line' id='line_1_76' title="bbox 2034 1825 3629 1897; baseline -0.003 -14"><span class='ocrx_word' id='word_1_593' title='bbox 2034 1828 2378 1883; x_wconf 89' lang='lat' dir='ltr'><strong>commissum</strong></span> <span class='ocrx_word' id='word_1_594' title='bbox 2419 1828 2560 1881; x_wconf 91' lang='lat' dir='ltr'><strong>enim</strong></span> <span class='ocrx_word' id='word_1_595' title='bbox 2602 1838 2880 1896; x_wconf 89' lang='lat' dir='ltr'><strong>peccatum</strong></span> <span class='ocrx_word' id='word_1_596' title='bbox 2903 1867 2919 1893; x_wconf 95' lang='lat'><strong>,</strong></span> <span class='ocrx_word' id='word_1_597' title='bbox 2966 1826 3169 1897; x_wconf 86' lang='lat' dir='ltr'><strong>peccati</strong></span> <span class='ocrx_word' id='word_1_598' title='bbox 3208 1826 3355 1879; x_wconf 91' lang='lat' dir='ltr'><strong>novit</strong></span> <span class='ocrx_word' id='word_1_599' title='bbox 3394 1825 3629 1895; x_wconf 85' lang='lat' dir='ltr'><strong>gravita-</strong></span> 
     </span>
    </p>
   </div>
   <div class='ocr_carea' id='block_1_77' title="bbox 2037 1915 3626 1989">
    <p class='ocr_par' dir='ltr' id='par_1_77' title="bbox 2037 1915 3626 1989">
     <span class='ocr_line' id='line_1_77' title="bbox 2037 1915 3626 1989; baseline -0.004 -14"><span class='ocrx_word' id='word_1_600' title='bbox 2037 1928 2181 1975; x_wconf 90' lang='lat' dir='ltr'><strong>tem:</strong></span> <span class='ocrx_word' id='word_1_601' title='bbox 2216 1935 2337 1973; x_wconf 91' lang='lat' dir='ltr'><strong>nam</strong></span> <span class='ocrx_word' id='word_1_602' title='bbox 2379 1918 2638 1989; x_wconf 85' lang='lat' dir='ltr'><strong>ejusmodi</strong></span> <span class='ocrx_word' id='word_1_603' title='bbox 2669 1928 2773 1972; x_wconf 92' lang='lat' dir='ltr'><strong>est.</strong></span> <span class='ocrx_word' id='word_1_604' title='bbox 2824 1918 2958 1971; x_wconf 88' lang='lat' dir='ltr'><strong>Cum</strong></span> <span class='ocrx_word' id='word_1_605' title='bbox 3015 1918 3157 1972; x_wconf 89' lang='lat' dir='ltr'><strong>enim</strong></span> <span class='ocrx_word' id='word_1_606' title='bbox 3195 1915 3394 1972; x_wconf 79' lang='lat' dir='ltr'><strong>factum</strong></span> <span class='ocrx_word' id='word_1_607' title='bbox 3434 1916 3626 1984; x_wconf 80' lang='lat' dir='ltr'><strong>fuerit,</strong></span> 
     </span>
    </p>
   </div>
   <div class='ocr_carea' id='block_1_78' title="bbox 2035 2008 3628 2079">
    <p class='ocr_par' dir='ltr' id='par_1_78' title="bbox 2035 2008 3628 2079">
     <span class='ocr_line' id='line_1_78' title="bbox 2035 2008 3628 2079; baseline -0.003 -14"><span class='ocrx_word' id='word_1_608' title='bbox 2035 2020 2162 2067; x_wconf 90' lang='lat' dir='ltr'><strong>tunc</strong></span> <span class='ocrx_word' id='word_1_609' title='bbox 2191 2011 2403 2066; x_wconf 90' lang='lat' dir='ltr'><strong>dolores</strong></span> <span class='ocrx_word' id='word_1_610' title='bbox 2436 2009 2750 2079; x_wconf 86' lang='lat' dir='ltr'><strong>parturienti</strong></span> <span class='ocrx_word' id='word_1_611' title='bbox 2791 2010 2984 2064; x_wconf 83' lang='lat' dir='ltr'><strong>animae</strong></span> <span class='ocrx_word' id='word_1_612' title='bbox 3033 2010 3228 2064; x_wconf 81' lang='lat' dir='ltr'><strong>excitat</strong></span> <span class='ocrx_word' id='word_1_613' title='bbox 3270 2016 3454 2062; x_wconf 89' lang='lat' dir='ltr'><strong>contra</strong></span> <span class='ocrx_word' id='word_1_614' title='bbox 3484 2008 3628 2078; x_wconf 88' lang='lat' dir='ltr'><strong>leges</strong></span> 
     </span>
    </p>
   </div>
   <div class='ocr_carea' id='block_1_79' title="bbox 2034 2101 3628 2172">
    <p class='ocr_par' dir='ltr' id='par_1_79' title="bbox 2034 2101 3628 2172">
     <span class='ocr_line' id='line_1_79' title="bbox 2034 2101 3628 2172; baseline -0.003 -13"><span class='ocrx_word' id='word_1_615' title='bbox 2034 2114 2231 2160; x_wconf 70' lang='lat' dir='ltr'><strong>nostra:</strong></span> <span class='ocrx_word' id='word_1_616' title='bbox 2279 2103 2590 2159; x_wconf 88' lang='lat' dir='ltr'><strong>nativitatis.</strong></span> <span class='ocrx_word' id='word_1_617' title='bbox 2621 2103 2732 2159; x_wconf 90' lang='lat' dir='ltr'><strong>Nos</strong></span> <span class='ocrx_word' id='word_1_618' title='bbox 2775 2103 2918 2158; x_wconf 92' lang='lat' dir='ltr'><strong>enim</strong></span> <span class='ocrx_word' id='word_1_619' title='bbox 2962 2117 3083 2157; x_wconf 92' lang='lat' dir='ltr'><strong>cum</strong></span> <span class='ocrx_word' id='word_1_620' title='bbox 3126 2102 3354 2172; x_wconf 91' lang='lat' dir='ltr'><strong>primum</strong></span> <span class='ocrx_word' id='word_1_621' title='bbox 3398 2101 3508 2155; x_wconf 91' lang='lat' dir='ltr'><strong>nati</strong></span> <span class='ocrx_word' id='word_1_622' title='bbox 3538 2116 3628 2155; x_wconf 90' lang='lat' dir='ltr'><strong>su-</strong></span> 
     </span>
    </p>
   </div>
   <div class='ocr_carea' id='block_1_80' title="bbox 2034 2194 3629 2267">
    <p class='ocr_par' dir='ltr' id='par_1_80' title="bbox 2034 2194 3629 2267">
     <span class='ocr_line' id='line_1_80' title="bbox 2034 2194 3629 2267; baseline -0.003 -14"><span class='ocrx_word' id='word_1_623' title='bbox 2034 2212 2175 2264; x_wconf 89' lang='lat' dir='ltr'><strong>mus,</strong></span> <span class='ocrx_word' id='word_1_624' title='bbox 2209 2197 2525 2267; x_wconf 87' lang='lat' dir='ltr'><strong>parturienti</strong></span> <span class='ocrx_word' id='word_1_625' title='bbox 2574 2197 2790 2252; x_wconf 89' lang='lat' dir='ltr'><strong>dolores</strong></span> <span class='ocrx_word' id='word_1_626' title='bbox 2834 2196 3091 2251; x_wconf 88' lang='lat' dir='ltr'><strong>solvimus</strong></span> <span class='ocrx_word' id='word_1_627' title='bbox 3121 2213 3133 2248; x_wconf 90' lang='lat'><strong>:</strong></span> <span class='ocrx_word' id='word_1_628' title='bbox 3166 2195 3294 2249; x_wconf 91' lang='lat' dir='ltr'><strong>illud</strong></span> <span class='ocrx_word' id='word_1_629' title='bbox 3325 2202 3506 2249; x_wconf 89' lang='lat' dir='ltr'><strong>autem</strong></span> <span class='ocrx_word' id='word_1_630' title='bbox 3554 2194 3629 2248; x_wconf 84' lang='lat' dir='ltr'><strong>si-</strong></span> 
     </span>
    </p>
   </div>
   <div class='ocr_carea' id='block_1_81' title="bbox 2033 2287 3625 2357">
    <p class='ocr_par' dir='ltr' id='par_1_81' title="bbox 2033 2287 3625 2357">
     <span class='ocr_line' id='line_1_81' title="bbox 2033 2287 3625 2357; baseline -0.002 -14"><span class='ocrx_word' id='word_1_631' title='bbox 2033 2289 2143 2343; x_wconf 90' lang='lat' dir='ltr'><strong>mul</strong></span> <span class='ocrx_word' id='word_1_632' title='bbox 2190 2288 2390 2343; x_wconf 91' lang='lat' dir='ltr'><strong>editum</strong></span> <span class='ocrx_word' id='word_1_633' title='bbox 2434 2288 2685 2344; x_wconf 87' lang='lat' dir='ltr'><strong>distrahit</strong></span> <span class='ocrx_word' id='word_1_634' title='bbox 2722 2288 2998 2343; x_wconf 91' lang='lat' dir='ltr'><strong>doloribus</strong></span> <span class='ocrx_word' id='word_1_635' title='bbox 3026 2288 3293 2357; x_wconf 90' lang='lat' dir='ltr'><strong>parientes</strong></span> <span class='ocrx_word' id='word_1_636' title='bbox 3325 2287 3497 2356; x_wconf 92' lang='lat' dir='ltr'><strong>ipsum</strong></span> <span class='ocrx_word' id='word_1_637' title='bbox 3528 2301 3625 2340; x_wconf 83' lang='lat' dir='ltr'><strong>co-</strong></span> 
     </span>
    </p>
   </div>
   <div class='ocr_carea' id='block_1_82' title="bbox 2034 2377 3631 2452">
    <p class='ocr_par' dir='ltr' id='par_1_82' title="bbox 2034 2377 3631 2452">
     <span class='ocr_line' id='line_1_82' title="bbox 2034 2377 3631 2452; baseline -0.001 -20"><span class='ocrx_word' id='word_1_638' title='bbox 2034 2380 2340 2451; x_wconf 87' lang='lat' dir='ltr'><strong>gitationes.</strong></span> <span class='ocrx_word' id='word_1_639' title='bbox 2402 2380 2541 2446; x_wconf 90' lang='lat' dir='ltr'><strong>Quid</strong></span> <span class='ocrx_word' id='word_1_640' title='bbox 2609 2396 2771 2452; x_wconf 90' lang='lat' dir='ltr'><strong>porro</strong></span> <span class='ocrx_word' id='word_1_641' title='bbox 2829 2378 3203 2449; x_wconf 84' lang='lat' dir='ltr'><strong>gubernator?</strong></span> <span class='ocrx_word' id='word_1_642' title='bbox 3254 2377 3525 2443; x_wconf 84' lang='lat' dir='ltr'><strong>Accessit,</strong></span> <span class='ocrx_word' id='word_1_643' title='bbox 3574 2383 3631 2431; x_wconf 87' lang='lat' dir='ltr'><strong>et</strong></span> 
     </span>
    </p>
   </div>
   <div class='ocr_carea' id='block_1_83' title="bbox 2033 2466 3624 2543">
    <p class='ocr_par' dir='ltr' id='par_1_83' title="bbox 2033 2466 3624 2543">
     <span class='ocr_line' id='line_1_83' title="bbox 2033 2466 3624 2543; baseline -0.003 -17"><span class='ocrx_word' id='word_1_644' title='bbox 2033 2472 2145 2526; x_wconf 85' lang='lat' dir='ltr'><strong>ait:</strong></span> <span class='ocrx_word' id='word_1_645' title='bbox 2173 2471 2373 2543; x_wconf 83' lang='lat' dir='ltr'><strong>Surge,</strong></span> <span class='ocrx_word' id='word_1_646' title='bbox 2397 2480 2442 2525; x_wconf 90' lang='lat' dir='ltr'><strong>et</strong></span> <span class='ocrx_word' id='word_1_647' title='bbox 2478 2472 2655 2525; x_wconf 82' lang='lat' dir='ltr'><strong>invoca</strong></span> <span class='ocrx_word' id='word_1_648' title='bbox 2698 2470 2972 2525; x_wconf 89' lang='lat' dir='ltr'><strong>Dominum</strong></span> <span class='ocrx_word' id='word_1_649' title='bbox 3017 2469 3182 2523; x_wconf 88' lang='lat' dir='ltr'><strong>Deum</strong></span> <span class='ocrx_word' id='word_1_650' title='bbox 3231 2479 3371 2522; x_wconf 87' lang='lat' dir='ltr'><strong>tuum</strong></span> <span class='ocrx_word' id='word_1_651' title='bbox 3399 2466 3547 2540; x_wconf 91' lang='lat' dir='ltr'><strong>(Jon.</strong></span> <span class='ocrx_word' id='word_1_652' title='bbox 3572 2468 3624 2521; x_wconf 93' lang='grc'><strong>1.</strong></span> 
     </span>
    </p>
   </div>
   <div class='ocr_carea' id='block_1_84' title="bbox 2034 2560 3629 2635">
    <p class='ocr_par' dir='ltr' id='par_1_84' title="bbox 2034 2560 3629 2635">
     <span class='ocr_line' id='line_1_84' title="bbox 2034 2560 3629 2635; baseline -0.003 -15"><span class='ocrx_word' id='word_1_653' title='bbox 2034 2565 2115 2635; x_wconf 83' lang='grc'><strong>6).</strong></span> <span class='ocrx_word' id='word_1_654' title='bbox 2144 2563 2280 2619; x_wconf 89' lang='lat' dir='ltr'><strong>Novi</strong></span> <span class='ocrx_word' id='word_1_655' title='bbox 2308 2563 2522 2619; x_wconf 89' lang='lat' dir='ltr'><strong>demum</strong></span> <span class='ocrx_word' id='word_1_656' title='bbox 2551 2564 2662 2633; x_wconf 89' lang='lat' dir='ltr'><strong>ipsa</strong></span> <span class='ocrx_word' id='word_1_657' title='bbox 2685 2563 3012 2631; x_wconf 83' lang='lat' dir='ltr'><strong>experientia</strong></span> <span class='ocrx_word' id='word_1_658' title='bbox 3040 2563 3303 2616; x_wconf 90' lang='lat' dir='ltr'><strong>insnetam</strong></span> <span class='ocrx_word' id='word_1_659' title='bbox 3336 2560 3482 2614; x_wconf 89' lang='lat' dir='ltr'><strong>illam</strong></span> <span class='ocrx_word' id='word_1_660' title='bbox 3506 2574 3629 2615; x_wconf 88' lang='lat' dir='ltr'><strong>esse</strong></span> 
     </span>
    </p>
   </div>
   <div class='ocr_carea' id='block_1_85' title="bbox 2035 2649 3629 2728">
    <p class='ocr_par' dir='ltr' id='par_1_85' title="bbox 2035 2649 3629 2728">
     <span class='ocr_line' id='line_1_85' title="bbox 2035 2649 3629 2728; baseline -0.005 -17"><span class='ocrx_word' id='word_1_661' title='bbox 2035 2656 2325 2728; x_wconf 87' lang='lat' dir='ltr'><strong>procellam</strong></span> <span class='ocrx_word' id='word_1_662' title='bbox 2351 2696 2368 2722; x_wconf 93' lang='lat'><strong>,</strong></span> <span class='ocrx_word' id='word_1_663' title='bbox 2411 2666 2573 2724; x_wconf 88' lang='lat' dir='ltr'><strong>atque</strong></span> <span class='ocrx_word' id='word_1_664' title='bbox 2601 2656 2736 2709; x_wconf 90' lang='lat' dir='ltr'><strong>adeo</strong></span> <span class='ocrx_word' id='word_1_665' title='bbox 2770 2654 2970 2708; x_wconf 88' lang='lat' dir='ltr'><strong>illatam</strong></span> <span class='ocrx_word' id='word_1_666' title='bbox 2998 2653 3205 2723; x_wconf 89' lang='lat' dir='ltr'><strong>plagam</strong></span> <span class='ocrx_word' id='word_1_667' title='bbox 3256 2651 3486 2719; x_wconf 89' lang='lat' dir='ltr'><strong>majores</strong></span> <span class='ocrx_word' id='word_1_668' title='bbox 3523 2649 3629 2704; x_wconf 87' lang='lat' dir='ltr'><strong>hu-</strong></span> 
     </span>
    </p>
   </div>
   <div class='ocr_carea' id='block_1_86' title="bbox 2034 2745 3629 2818">
    <p class='ocr_par' dir='ltr' id='par_1_86' title="bbox 2034 2745 3629 2818">
     <span class='ocr_line' id='line_1_86' title="bbox 2034 2745 3629 2818; baseline -0.004 -14"><span class='ocrx_word' id='word_1_669' title='bbox 2034 2764 2190 2804; x_wconf 88' lang='lat' dir='ltr'><strong>mana</strong></span> <span class='ocrx_word' id='word_1_670' title='bbox 2235 2749 2495 2804; x_wconf 90' lang='lat' dir='ltr'><strong>industria</strong></span> <span class='ocrx_word' id='word_1_671' title='bbox 2539 2747 2751 2811; x_wconf 85' lang='lat' dir='ltr'><strong>ﬂuctus,</strong></span> <span class='ocrx_word' id='word_1_672' title='bbox 2786 2748 2876 2801; x_wconf 93' lang='lat' dir='ltr'><strong>ubi</strong></span> <span class='ocrx_word' id='word_1_673' title='bbox 2901 2745 3276 2818; x_wconf 84' lang='lat' dir='ltr'><strong>gubernatoris</strong></span> <span class='ocrx_word' id='word_1_674' title='bbox 3308 2758 3497 2798; x_wconf 91' lang='lat' dir='ltr'><strong>manus</strong></span> <span class='ocrx_word' id='word_1_675' title='bbox 3523 2759 3629 2798; x_wconf 87' lang='lat' dir='ltr'><strong>non</strong></span> 
     </span>
    </p>
   </div>
   <div class='ocr_carea' id='block_1_87' title="bbox 2036 2832 3630 2911">
    <p class='ocr_par' dir='ltr' id='par_1_87' title="bbox 2036 2832 3630 2911">
     <span class='ocr_line' id='line_1_87' title="bbox 2036 2832 3630 2911; baseline -0.004 -16"><span class='ocrx_word' id='word_1_676' title='bbox 2036 2840 2396 2911; x_wconf 88' lang='lat' dir='ltr'><strong>prodessent:</strong></span> <span class='ocrx_word' id='word_1_677' title='bbox 2426 2838 2647 2893; x_wconf 89' lang='lat' dir='ltr'><strong>alterius</strong></span> <span class='ocrx_word' id='word_1_678' title='bbox 2683 2837 2827 2893; x_wconf 90' lang='lat' dir='ltr'><strong>enim</strong></span> <span class='ocrx_word' id='word_1_679' title='bbox 2873 2836 3094 2907; x_wconf 88' lang='lat' dir='ltr'><strong>majoris</strong></span> <span class='ocrx_word' id='word_1_680' title='bbox 3134 2834 3505 2905; x_wconf 85' lang='lat' dir='ltr'><strong>gubernatoris</strong></span> <span class='ocrx_word' id='word_1_681' title='bbox 3550 2832 3630 2888; x_wconf 88' lang='lat' dir='ltr'><strong>rei</strong></span> 
     </span>
    </p>
   </div>
   <div class='ocr_carea' id='block_1_88' title="bbox 2034 2923 3629 2997">
    <p class='ocr_par' dir='ltr' id='par_1_88' title="bbox 2034 2923 3629 2997">
     <span class='ocr_line' id='line_1_88' title="bbox 2034 2923 3629 2997; baseline -0.004 -11"><span class='ocrx_word' id='word_1_682' title='bbox 2034 2931 2178 2986; x_wconf 89' lang='lat' dir='ltr'><strong>illius</strong></span> <span class='ocrx_word' id='word_1_683' title='bbox 2221 2945 2410 2997; x_wconf 87' lang='lat' dir='ltr'><strong>casus,</strong></span> <span class='ocrx_word' id='word_1_684' title='bbox 2465 2929 2608 2984; x_wconf 88' lang='lat' dir='ltr'><strong>hunc</strong></span> <span class='ocrx_word' id='word_1_685' title='bbox 2663 2930 2971 2983; x_wconf 89' lang='lat' dir='ltr'><strong>universum</strong></span> <span class='ocrx_word' id='word_1_686' title='bbox 3029 2927 3238 2981; x_wconf 91' lang='lat' dir='ltr'><strong>scilicet</strong></span> <span class='ocrx_word' id='word_1_687' title='bbox 3280 2923 3629 2996; x_wconf 86' lang='lat' dir='ltr'><strong>gubernantis</strong></span> 
     </span>
    </p>
   </div>
   <div class='ocr_carea' id='block_1_89' title="bbox 2034 3016 3631 3103">
    <p class='ocr_par' dir='ltr' id='par_1_89' title="bbox 2034 3016 3631 3103">
     <span class='ocr_line' id='line_1_89' title="bbox 2034 3016 3631 3103; baseline -0.006 -25"><span class='ocrx_word' id='word_1_688' title='bbox 2034 3022 2290 3077; x_wconf 89' lang='lat' dir='ltr'><strong>mundum</strong></span> <span class='ocrx_word' id='word_1_689' title='bbox 2315 3062 2331 3088; x_wconf 92' lang='lat'><strong>,</strong></span> <span class='ocrx_word' id='word_1_690' title='bbox 2357 3036 2461 3090; x_wconf 79' lang='lat' dir='ltr'><strong>ape</strong></span> <span class='ocrx_word' id='word_1_691' title='bbox 2485 3028 2643 3087; x_wconf 89' lang='lat' dir='ltr'><strong>atque</strong></span> <span class='ocrx_word' id='word_1_692' title='bbox 2668 3034 2901 3089; x_wconf 81' lang='lat' dir='ltr'><strong>superno</strong></span> <span class='ocrx_word' id='word_1_693' title='bbox 2943 3017 3215 3088; x_wconf 88' lang='lat' dir='ltr'><strong>indigebat</strong></span> <span class='ocrx_word' id='word_1_694' title='bbox 3238 3018 3454 3103; x_wconf 63' lang='lat' dir='ltr'><strong>aquilio.</strong></span> <span class='ocrx_word' id='word_1_695' title='bbox 3498 3016 3631 3070; x_wconf 90' lang='lat' dir='ltr'><strong>Pro-</strong></span> 
     </span>
    </p>
   </div>
   <div class='ocr_carea' id='block_1_90' title="bbox 2036 3109 3627 3184">
    <p class='ocr_par' dir='ltr' id='par_1_90' title="bbox 2036 3109 3627 3184">
     <span class='ocr_line' id='line_1_90' title="bbox 2036 3109 3627 3184; baseline -0.004 -15"><span class='ocrx_word' id='word_1_696' title='bbox 2036 3124 2218 3184; x_wconf 89' lang='lat' dir='ltr'><strong>pterea</strong></span> <span class='ocrx_word' id='word_1_697' title='bbox 2248 3122 2306 3169; x_wconf 91' lang='lat' dir='ltr'><strong>et</strong></span> <span class='ocrx_word' id='word_1_698' title='bbox 2344 3113 2420 3168; x_wconf 91' lang='lat' dir='ltr'><strong>illi</strong></span> <span class='ocrx_word' id='word_1_699' title='bbox 2448 3126 2624 3167; x_wconf 89' lang='lat' dir='ltr'><strong>remos</strong></span> <span class='ocrx_word' id='word_1_700' title='bbox 2670 3123 2725 3168; x_wconf 91' lang='lat' dir='ltr'><strong>et</strong></span> <span class='ocrx_word' id='word_1_701' title='bbox 2750 3111 2867 3166; x_wconf 84' lang='lat' dir='ltr'><strong>vela</strong></span> <span class='ocrx_word' id='word_1_702' title='bbox 2893 3120 2946 3166; x_wconf 89' lang='lat' dir='ltr'><strong>et</strong></span> <span class='ocrx_word' id='word_1_703' title='bbox 2976 3110 3131 3165; x_wconf 77' lang='lat' dir='ltr'><strong>funes</strong></span> <span class='ocrx_word' id='word_1_704' title='bbox 3175 3118 3337 3179; x_wconf 91' lang='lat' dir='ltr'><strong>atque</strong></span> <span class='ocrx_word' id='word_1_705' title='bbox 3376 3109 3627 3163; x_wconf 84' lang='lat' dir='ltr'><strong>universa</strong></span> 
     </span>
    </p>
   </div>
   <div class='ocr_carea' id='block_1_91' title="bbox 2034 3200 3627 3273">
    <p class='ocr_par' dir='ltr' id='par_1_91' title="bbox 2034 3200 3627 3273">
     <span class='ocr_line' id='line_1_91' title="bbox 2034 3200 3627 3273; baseline -0.004 -13"><span class='ocrx_word' id='word_1_706' title='bbox 2034 3205 2385 3269; x_wconf 87' lang='lat' dir='ltr'><strong>dimittentes,</strong></span> <span class='ocrx_word' id='word_1_707' title='bbox 2416 3218 2604 3257; x_wconf 91' lang='lat' dir='ltr'><strong>manus</strong></span> <span class='ocrx_word' id='word_1_708' title='bbox 2629 3218 2659 3256; x_wconf 90' lang='lat' dir='ltr'><strong>a</strong></span> <span class='ocrx_word' id='word_1_709' title='bbox 2682 3202 3030 3273; x_wconf 85' lang='lat' dir='ltr'><strong>remigatione</strong></span> <span class='ocrx_word' id='word_1_710' title='bbox 3054 3201 3323 3255; x_wconf 88' lang='lat' dir='ltr'><strong>traductas</strong></span> <span class='ocrx_word' id='word_1_711' title='bbox 3355 3200 3406 3254; x_wconf 93' lang='lat' dir='ltr'><strong>in</strong></span> <span class='ocrx_word' id='word_1_712' title='bbox 3436 3200 3627 3254; x_wconf 62' lang='lat' dir='ltr'><strong>caelum</strong></span> 
     </span>
    </p>
   </div>
   <div class='ocr_carea' id='block_1_92' title="bbox 2035 3289 3628 3363">
    <p class='ocr_par' dir='ltr' id='par_1_92' title="bbox 2035 3289 3628 3363">
     <span class='ocr_line' id='line_1_92' title="bbox 2035 3289 3628 3363; baseline -0.005 -12"><span class='ocrx_word' id='word_1_713' title='bbox 2035 3296 2362 3361; x_wconf 89' lang='lat' dir='ltr'><strong>tendebant,</strong></span> <span class='ocrx_word' id='word_1_714' title='bbox 2395 3295 2669 3363; x_wconf 89' lang='lat' dir='ltr'><strong>Deumque</strong></span> <span class='ocrx_word' id='word_1_715' title='bbox 2715 3294 2956 3348; x_wconf 89' lang='lat' dir='ltr'><strong>orabant.</strong></span> <span class='ocrx_word' id='word_1_716' title='bbox 3010 3291 3111 3348; x_wconf 91' lang='lat' dir='ltr'><strong>Ubi</strong></span> <span class='ocrx_word' id='word_1_717' title='bbox 3149 3306 3281 3345; x_wconf 87' lang='lat' dir='ltr'><strong>vero</strong></span> <span class='ocrx_word' id='word_1_718' title='bbox 3331 3305 3503 3360; x_wconf 90' lang='lat' dir='ltr'><strong>neque</strong></span> <span class='ocrx_word' id='word_1_719' title='bbox 3548 3289 3628 3344; x_wconf 89' lang='lat' dir='ltr'><strong>sic</strong></span> 
     </span>
    </p>
   </div>
   <div class='ocr_carea' id='block_1_93' title="bbox 2035 3382 3625 3460">
    <p class='ocr_par' dir='ltr' id='par_1_93' title="bbox 2035 3382 3625 3460">
     <span class='ocr_line' id='line_1_93' title="bbox 2035 3382 3625 3460; baseline -0.006 -16"><span class='ocrx_word' id='word_1_720' title='bbox 2035 3389 2413 3460; x_wconf 87' lang='lat' dir='ltr'><strong>profecerunt,</strong></span> <span class='ocrx_word' id='word_1_721' title='bbox 2450 3387 2740 3454; x_wconf 85' lang='lat' dir='ltr'><strong>Miserunt,</strong></span> <span class='ocrx_word' id='word_1_722' title='bbox 2785 3386 2983 3455; x_wconf 84' lang='lat' dir='ltr'><strong>inquit,</strong></span> <span class='ocrx_word' id='word_1_723' title='bbox 3023 3394 3228 3447; x_wconf 90' lang='lat' dir='ltr'><strong>sortes;</strong></span> <span class='ocrx_word' id='word_1_724' title='bbox 3264 3398 3382 3437; x_wconf 79' lang='lat' dir='ltr'><strong>sors</strong></span> <span class='ocrx_word' id='word_1_725' title='bbox 3409 3382 3625 3437; x_wconf 86' lang='lat' dir='ltr'><strong>demum</strong></span> 
     </span>
    </p>
   </div>
   <div class='ocr_carea' id='block_1_94' title="bbox 2038 3474 3625 3552">
    <p class='ocr_par' dir='ltr' id='par_1_94' title="bbox 2038 3474 3625 3552">
     <span class='ocr_line' id='line_1_94' title="bbox 2038 3474 3625 3552; baseline -0.007 -15"><span class='ocrx_word' id='word_1_726' title='bbox 2038 3480 2269 3552; x_wconf 87' lang='lat' dir='ltr'><strong>prodidit</strong></span> <span class='ocrx_word' id='word_1_727' title='bbox 2297 3479 2535 3534; x_wconf 81' lang='lat' dir='ltr'><strong>noxium.</strong></span> <span class='ocrx_word' id='word_1_728' title='bbox 2576 3479 2791 3533; x_wconf 80' lang='lat' dir='ltr'><strong>[livere</strong></span> <span class='ocrx_word' id='word_1_729' title='bbox 2831 3491 3006 3546; x_wconf 91' lang='lat' dir='ltr'><strong>neque</strong></span> <span class='ocrx_word' id='word_1_730' title='bbox 3030 3476 3108 3530; x_wconf 91' lang='lat' dir='ltr'><strong>sic</strong></span> <span class='ocrx_word' id='word_1_731' title='bbox 3137 3474 3458 3543; x_wconf 88' lang='lat' dir='ltr'><strong>arripientes</strong></span> <span class='ocrx_word' id='word_1_732' title='bbox 3501 3487 3625 3527; x_wconf 90' lang='lat' dir='ltr'><strong>eum</strong></span> 
     </span>
    </p>
   </div>
   <div class='ocr_carea' id='block_1_95' title="bbox 2034 3563 3629 3633">
    <p class='ocr_par' dir='ltr' id='par_1_95' title="bbox 2034 3563 3629 3633">
     <span class='ocr_line' id='line_1_95' title="bbox 2034 3563 3629 3633; baseline -0.007 -5"><span class='ocrx_word' id='word_1_733' title='bbox 2034 3573 2426 3632; x_wconf 89' lang='lat' dir='ltr'><strong>demerserunt,</strong></span> <span class='ocrx_word' id='word_1_734' title='bbox 2454 3570 2549 3624; x_wconf 90' lang='lat' dir='ltr'><strong>sed</strong></span> <span class='ocrx_word' id='word_1_735' title='bbox 2577 3577 2724 3624; x_wconf 89' lang='lat' dir='ltr'><strong>tanto</strong></span> <span class='ocrx_word' id='word_1_736' title='bbox 2744 3568 2995 3631; x_wconf 88' lang='lat' dir='ltr'><strong>tumultu,</strong></span> <span class='ocrx_word' id='word_1_737' title='bbox 3026 3575 3169 3620; x_wconf 77' lang='lat' dir='ltr'><strong>tanta</strong></span> <span class='ocrx_word' id='word_1_738' title='bbox 3202 3571 3517 3633; x_wconf 85' lang='lat' dir='ltr'><strong>tempestate</strong></span> <span class='ocrx_word' id='word_1_739' title='bbox 3544 3563 3629 3617; x_wconf 90' lang='lat' dir='ltr'><strong>in-</strong></span> 
     </span>
    </p>
   </div>
   <div class='ocr_carea' id='block_1_96' title="bbox 2035 3653 3626 3730">
    <p class='ocr_par' dir='ltr' id='par_1_96' title="bbox 2035 3653 3626 3730">
     <span class='ocr_line' id='line_1_96' title="bbox 2035 3653 3626 3730; baseline -0.008 -10"><span class='ocrx_word' id='word_1_740' title='bbox 2035 3666 2340 3730; x_wconf 88' lang='lat' dir='ltr'><strong>cumbente,</strong></span> <span class='ocrx_word' id='word_1_741' title='bbox 2359 3662 2524 3717; x_wconf 89' lang='lat' dir='ltr'><strong>veluti</strong></span> <span class='ocrx_word' id='word_1_742' title='bbox 2552 3661 2715 3716; x_wconf 89' lang='lat' dir='ltr'><strong>multa</strong></span> <span class='ocrx_word' id='word_1_743' title='bbox 2740 3661 2791 3714; x_wconf 93' lang='lat' dir='ltr'><strong>in</strong></span> <span class='ocrx_word' id='word_1_744' title='bbox 2818 3660 3019 3730; x_wconf 90' lang='lat' dir='ltr'><strong>quiete,</strong></span> <span class='ocrx_word' id='word_1_745' title='bbox 3042 3659 3120 3712; x_wconf 92' lang='lat' dir='ltr'><strong>sic</strong></span> <span class='ocrx_word' id='word_1_746' title='bbox 3141 3656 3399 3726; x_wconf 91' lang='lat' dir='ltr'><strong>judicium</strong></span> <span class='ocrx_word' id='word_1_747' title='bbox 3428 3654 3479 3707; x_wconf 93' lang='lat' dir='ltr'><strong>in</strong></span> <span class='ocrx_word' id='word_1_748' title='bbox 3504 3653 3626 3707; x_wconf 91' lang='lat' dir='ltr'><strong>navi</strong></span> 
     </span>
    </p>
   </div>
   <div class='ocr_carea' id='block_1_97' title="bbox 2036 3746 3625 3822">
    <p class='ocr_par' dir='ltr' id='par_1_97' title="bbox 2036 3746 3625 3822">
     <span class='ocr_line' id='line_1_97' title="bbox 2036 3746 3625 3822; baseline -0.007 -12"><span class='ocrx_word' id='word_1_749' title='bbox 2036 3764 2362 3820; x_wconf 87' lang='lat' dir='ltr'><strong>statuentes,</strong></span> <span class='ocrx_word' id='word_1_750' title='bbox 2390 3762 2451 3808; x_wconf 92' lang='lat' dir='ltr'><strong>ut</strong></span> <span class='ocrx_word' id='word_1_751' title='bbox 2494 3768 2590 3822; x_wconf 87' lang='lat' dir='ltr'><strong>pro</strong></span> <span class='ocrx_word' id='word_1_752' title='bbox 2638 3766 2697 3807; x_wconf 91' lang='lat' dir='ltr'><strong>se</strong></span> <span class='ocrx_word' id='word_1_753' title='bbox 2721 3751 3051 3820; x_wconf 84' lang='lat' dir='ltr'><strong>loqueretur.</strong></span> <span class='ocrx_word' id='word_1_754' title='bbox 3076 3763 3241 3818; x_wconf 90' lang='lat' dir='ltr'><strong>seque</strong></span> <span class='ocrx_word' id='word_1_755' title='bbox 3282 3746 3625 3812; x_wconf 82' lang='lat' dir='ltr'><strong>defenderet,</strong></span> 
     </span>
    </p>
   </div>
   <div class='ocr_carea' id='block_1_98' title="bbox 2035 3838 3629 3918">
    <p class='ocr_par' dir='ltr' id='par_1_98' title="bbox 2035 3838 3629 3918">
     <span class='ocr_line' id='line_1_98' title="bbox 2035 3838 3629 3918; baseline -0.008 -15"><span class='ocrx_word' id='word_1_756' title='bbox 2035 3848 2082 3903; x_wconf 91' lang='lat' dir='ltr'><strong>ei</strong></span> <span class='ocrx_word' id='word_1_757' title='bbox 2103 3847 2477 3918; x_wconf 89' lang='lat' dir='ltr'><strong>permiserunt,</strong></span> <span class='ocrx_word' id='word_1_758' title='bbox 2495 3854 2656 3913; x_wconf 85' lang='lat' dir='ltr'><strong>atque</strong></span> <span class='ocrx_word' id='word_1_759' title='bbox 2680 3852 2869 3897; x_wconf 88' lang='lat' dir='ltr'><strong>cuncta</strong></span> <span class='ocrx_word' id='word_1_760' title='bbox 2900 3839 3083 3896; x_wconf 90' lang='lat' dir='ltr'><strong>subtili</strong></span> <span class='ocrx_word' id='word_1_761' title='bbox 3110 3855 3231 3894; x_wconf 91' lang='lat' dir='ltr'><strong>cum</strong></span> <span class='ocrx_word' id='word_1_762' title='bbox 3264 3838 3510 3907; x_wconf 89' lang='lat' dir='ltr'><strong>indagine</strong></span> <span class='ocrx_word' id='word_1_763' title='bbox 3534 3852 3629 3891; x_wconf 82' lang='lat' dir='ltr'><strong>ex-</strong></span> 
     </span>
    </p>
   </div>
   <div class='ocr_carea' id='block_1_99' title="bbox 2036 3930 3625 4010">
    <p class='ocr_par' dir='ltr' id='par_1_99' title="bbox 2036 3930 3625 4010">
     <span class='ocr_line' id='line_1_99' title="bbox 2036 3930 3625 4010; baseline -0.006 -17"><span class='ocrx_word' id='word_1_764' title='bbox 2036 3938 2336 4010; x_wconf 88' lang='lat' dir='ltr'><strong>quirebant,</strong></span> <span class='ocrx_word' id='word_1_765' title='bbox 2365 3935 2530 3991; x_wconf 87' lang='lat' dir='ltr'><strong>veluti</strong></span> <span class='ocrx_word' id='word_1_766' title='bbox 2576 3936 2811 3989; x_wconf 86' lang='lat' dir='ltr'><strong>rationes</strong></span> <span class='ocrx_word' id='word_1_767' title='bbox 2856 3948 3041 3988; x_wconf 90' lang='lat' dir='ltr'><strong>eorum</strong></span> <span class='ocrx_word' id='word_1_768' title='bbox 3062 3973 3077 3998; x_wconf 96' lang='lat'><strong>,</strong></span> <span class='ocrx_word' id='word_1_769' title='bbox 3110 3947 3228 3999; x_wconf 68' lang='lat' dir='ltr'><strong>quae</strong></span> <span class='ocrx_word' id='word_1_770' title='bbox 3255 3930 3625 3997; x_wconf 85' lang='lat' dir='ltr'><strong>decreverint,</strong></span> 
     </span>
    </p>
   </div>
   <div class='ocr_carea' id='block_1_100' title="bbox 2036 4020 3627 4097">
    <p class='ocr_par' dir='ltr' id='par_1_100' title="bbox 2036 4020 3627 4097">
     <span class='ocr_line' id='line_1_100' title="bbox 2036 4020 3627 4097; baseline -0.007 -10"><span class='ocrx_word' id='word_1_771' title='bbox 2036 4032 2195 4086; x_wconf 86' lang='lat' dir='ltr'><strong>alicui</strong></span> <span class='ocrx_word' id='word_1_772' title='bbox 2236 4028 2517 4085; x_wconf 90' lang='lat' dir='ltr'><strong>reddituri.</strong></span> <span class='ocrx_word' id='word_1_773' title='bbox 2545 4027 2682 4082; x_wconf 84' lang='lat' dir='ltr'><strong>Audi</strong></span> <span class='ocrx_word' id='word_1_774' title='bbox 2725 4026 2886 4097; x_wconf 88' lang='lat' dir='ltr'><strong>igitur</strong></span> <span class='ocrx_word' id='word_1_775' title='bbox 2907 4038 3003 4080; x_wconf 90' lang='lat' dir='ltr'><strong>eos</strong></span> <span class='ocrx_word' id='word_1_776' title='bbox 3035 4024 3172 4079; x_wconf 90' lang='lat' dir='ltr'><strong>sicut</strong></span> <span class='ocrx_word' id='word_1_777' title='bbox 3194 4023 3247 4077; x_wconf 90' lang='lat' dir='ltr'><strong>in</strong></span> <span class='ocrx_word' id='word_1_778' title='bbox 3274 4022 3477 4092; x_wconf 87' lang='lat' dir='ltr'><strong>judicio</strong></span> <span class='ocrx_word' id='word_1_779' title='bbox 3504 4020 3627 4076; x_wconf 85' lang='lat' dir='ltr'><strong>cun—</strong></span> 
     </span>
    </p>
   </div>
   <div class='ocr_carea' id='block_1_101' title="bbox 2035 4112 3627 4192">
    <p class='ocr_par' dir='ltr' id='par_1_101' title="bbox 2035 4112 3627 4192">
     <span class='ocr_line' id='line_1_101' title="bbox 2035 4112 3627 4192; baseline -0.006 -15"><span class='ocrx_word' id='word_1_780' title='bbox 2035 4132 2120 4178; x_wconf 92' lang='lat' dir='ltr'><strong>cta</strong></span> <span class='ocrx_word' id='word_1_781' title='bbox 2149 4121 2537 4192; x_wconf 88' lang='lat' dir='ltr'><strong>perquirentes.</strong></span> <span class='ocrx_word' id='word_1_782' title='bbox 2580 4116 2732 4183; x_wconf 87' lang='lat' dir='ltr'><strong>Quod</strong></span> <span class='ocrx_word' id='word_1_783' title='bbox 2760 4130 2895 4187; x_wconf 88' lang='lat' dir='ltr'><strong>opus</strong></span> <span class='ocrx_word' id='word_1_784' title='bbox 2936 4124 3018 4169; x_wconf 91' lang='lat' dir='ltr'><strong>est</strong></span> <span class='ocrx_word' id='word_1_785' title='bbox 3048 4113 3235 4167; x_wconf 85' lang='lat' dir='ltr'><strong>tuum?</strong></span> <span class='ocrx_word' id='word_1_786' title='bbox 3271 4113 3411 4167; x_wconf 88' lang='lat' dir='ltr'><strong>unde</strong></span> <span class='ocrx_word' id='word_1_787' title='bbox 3440 4112 3627 4167; x_wconf 76' lang='lat' dir='ltr'><strong>venis?</strong></span> 
     </span>
    </p>
   </div>
   <div class='ocr_carea' id='block_1_102' title="bbox 2036 4207 3627 4286">
    <p class='ocr_par' dir='ltr' id='par_1_102' title="bbox 2036 4207 3627 4286">
     <span class='ocr_line' id='line_1_102' title="bbox 2036 4207 3627 4286; baseline -0.005 -17"><span class='ocrx_word' id='word_1_788' title='bbox 2036 4229 2142 4286; x_wconf 89' lang='lat' dir='ltr'><strong>quo</strong></span> <span class='ocrx_word' id='word_1_789' title='bbox 2183 4213 2370 4269; x_wconf 82' lang='lat' dir='ltr'><strong>vadis?</strong></span> <span class='ocrx_word' id='word_1_790' title='bbox 2388 4227 2493 4283; x_wconf 88' lang='lat' dir='ltr'><strong>qua</strong></span> <span class='ocrx_word' id='word_1_791' title='bbox 2522 4211 2590 4266; x_wconf 91' lang='lat' dir='ltr'><strong>de</strong></span> <span class='ocrx_word' id='word_1_792' title='bbox 2616 4209 2879 4279; x_wconf 83' lang='lat' dir='ltr'><strong>regione?</strong></span> <span class='ocrx_word' id='word_1_793' title='bbox 2906 4223 3013 4278; x_wconf 90' lang='lat' dir='ltr'><strong>quo</strong></span> <span class='ocrx_word' id='word_1_794' title='bbox 3041 4207 3110 4262; x_wconf 91' lang='lat' dir='ltr'><strong>de</strong></span> <span class='ocrx_word' id='word_1_795' title='bbox 3135 4207 3329 4277; x_wconf 87' lang='lat' dir='ltr'><strong>popqu</strong></span> <span class='ocrx_word' id='word_1_796' title='bbox 3353 4222 3411 4261; x_wconf 86' lang='lat' dir='ltr'><strong>es</strong></span> <span class='ocrx_word' id='word_1_797' title='bbox 3435 4207 3531 4261; x_wconf 88' lang='lat' dir='ltr'><strong>tu?</strong></span> <span class='ocrx_word' id='word_1_798' title='bbox 3558 4207 3627 4262; x_wconf 87' lang='lat' dir='ltr'><strong>Et</strong></span> 
     </span>
    </p>
   </div>
   <div class='ocr_carea' id='block_1_103' title="bbox 2036 4300 3626 4376">
    <p class='ocr_par' dir='ltr' id='par_1_103' title="bbox 2036 4300 3626 4376">
     <span class='ocr_line' id='line_1_103' title="bbox 2036 4300 3626 4376; baseline -0.003 -17"><span class='ocrx_word' id='word_1_799' title='bbox 2036 4306 2249 4376; x_wconf 91' lang='lat' dir='ltr'><strong>quidem</strong></span> <span class='ocrx_word' id='word_1_800' title='bbox 2302 4303 2591 4359; x_wconf 90' lang='lat' dir='ltr'><strong>accusabat</strong></span> <span class='ocrx_word' id='word_1_801' title='bbox 2637 4316 2826 4367; x_wconf 89' lang='lat' dir='ltr'><strong>mare,</strong></span> <span class='ocrx_word' id='word_1_802' title='bbox 2882 4300 3184 4354; x_wconf 89' lang='lat' dir='ltr'><strong>acclamans</strong></span> <span class='ocrx_word' id='word_1_803' title='bbox 3233 4308 3418 4353; x_wconf 89' lang='lat' dir='ltr'><strong>contra</strong></span> <span class='ocrx_word' id='word_1_804' title='bbox 3464 4313 3626 4354; x_wconf 88' lang='lat' dir='ltr'><strong>:sors</strong></span> 
     </span>
    </p>
   </div>
   <div class='ocr_carea' id='block_1_104' title="bbox 2036 4391 3707 4469">
    <p class='ocr_par' dir='ltr' id='par_1_104' title="bbox 2036 4391 3707 4469">
     <span class='ocr_line' id='line_1_104' title="bbox 2036 4391 3707 4469; baseline -0.005 -15"><span class='ocrx_word' id='word_1_805' title='bbox 2036 4398 2323 4454; x_wconf 90' lang='lat' dir='ltr'><strong>damnabat</strong></span> <span class='ocrx_word' id='word_1_806' title='bbox 2359 4405 2412 4450; x_wconf 89' lang='lat' dir='ltr'><strong>et</strong></span> <span class='ocrx_word' id='word_1_807' title='bbox 2440 4394 2804 4450; x_wconf 89' lang='lat' dir='ltr'><strong>testimonium</strong></span> <span class='ocrx_word' id='word_1_808' title='bbox 2835 4401 3019 4448; x_wconf 87' lang='lat' dir='ltr'><strong>contra</strong></span> <span class='ocrx_word' id='word_1_809' title='bbox 3063 4391 3293 4456; x_wconf 83' lang='lat' dir='ltr'><strong>ferebat;</strong></span> <span class='ocrx_word' id='word_1_810' title='bbox 3323 4391 3417 4446; x_wconf 90' lang='lat' dir='ltr'><strong>sed</strong></span> <span class='ocrx_word' id='word_1_811' title='bbox 3446 4400 3625 4457; x_wconf 82' lang='lat' dir='ltr'><strong>tamen</strong></span> <span class='ocrx_word' id='word_1_812' title='bbox 3694 4465 3707 4469; x_wconf 25' lang='grc' dir='ltr'><strong>Α</strong></span> 
     </span>
    </p>
   </div>
   <div class='ocr_carea' id='block_1_105' title="bbox 2035 4483 3625 4562">
    <p class='ocr_par' dir='ltr' id='par_1_105' title="bbox 2035 4483 3625 4562">
     <span class='ocr_line' id='line_1_105' title="bbox 2035 4483 3625 4562; baseline -0.008 -14"><span class='ocrx_word' id='word_1_813' title='bbox 2035 4506 2212 4562; x_wconf 90' lang='lat' dir='ltr'><strong>neque</strong></span> <span class='ocrx_word' id='word_1_814' title='bbox 2259 4490 2391 4545; x_wconf 90' lang='lat' dir='ltr'><strong>mari</strong></span> <span class='ocrx_word' id='word_1_815' title='bbox 2421 4497 2606 4544; x_wconf 79' lang='lat' dir='ltr'><strong>contra</strong></span> <span class='ocrx_word' id='word_1_816' title='bbox 2636 4488 2971 4542; x_wconf 84' lang='lat' dir='ltr'><strong>exclamantc</strong></span> <span class='ocrx_word' id='word_1_817' title='bbox 2993 4526 3007 4549; x_wconf 88' lang='lat'><strong>,</strong></span> <span class='ocrx_word' id='word_1_818' title='bbox 3039 4499 3213 4554; x_wconf 91' lang='lat' dir='ltr'><strong>neque</strong></span> <span class='ocrx_word' id='word_1_819' title='bbox 3256 4494 3399 4539; x_wconf 87' lang='lat' dir='ltr'><strong>sorte</strong></span> <span class='ocrx_word' id='word_1_820' title='bbox 3438 4499 3503 4538; x_wconf 88' lang='lat' dir='ltr'><strong>ex</strong></span> <span class='ocrx_word' id='word_1_821' title='bbox 3532 4483 3625 4537; x_wconf 85' lang='lat' dir='ltr'><strong>atl-</strong></span> 
     </span>
    </p>
   </div>
   <div class='ocr_carea' id='block_1_106' title="bbox 2036 4576 3628 4644">
    <p class='ocr_par' dir='ltr' id='par_1_106' title="bbox 2036 4576 3628 4644">
     <span class='ocr_line' id='line_1_106' title="bbox 2036 4576 3628 4644; baseline -0.006 -5"><span class='ocrx_word' id='word_1_822' title='bbox 2036 4600 2192 4641; x_wconf 84' lang='lat' dir='ltr'><strong>verso</strong></span> <span class='ocrx_word' id='word_1_823' title='bbox 2220 4582 2578 4639; x_wconf 90' lang='lat' dir='ltr'><strong>testimonium</strong></span> <span class='ocrx_word' id='word_1_824' title='bbox 2624 4580 2917 4644; x_wconf 89' lang='lat' dir='ltr'><strong>reddente,</strong></span> <span class='ocrx_word' id='word_1_825' title='bbox 2952 4578 3275 4633; x_wconf 85' lang='lat' dir='ltr'><strong>sententiam</strong></span> <span class='ocrx_word' id='word_1_826' title='bbox 3325 4577 3499 4631; x_wconf 90' lang='lat' dir='ltr'><strong>adhuc</strong></span> <span class='ocrx_word' id='word_1_827' title='bbox 3532 4576 3628 4630; x_wconf 83' lang='lat' dir='ltr'><strong>da-</strong></span> 
     </span>
    </p>
   </div>
   <div class='ocr_carea' id='block_1_107' title="bbox 2034 4669 3629 4743">
    <p class='ocr_par' dir='ltr' id='par_1_107' title="bbox 2034 4669 3629 4743">
     <span class='ocr_line' id='line_1_107' title="bbox 2034 4669 3629 4743; baseline -0.008 -9"><span class='ocrx_word' id='word_1_828' title='bbox 2034 4681 2199 4743; x_wconf 88' lang='lat' dir='ltr'><strong>bant,</strong></span> <span class='ocrx_word' id='word_1_829' title='bbox 2229 4677 2321 4731; x_wconf 86' lang='lat' dir='ltr'><strong>sed</strong></span> <span class='ocrx_word' id='word_1_830' title='bbox 2353 4675 2513 4729; x_wconf 88' lang='lat' dir='ltr'><strong>velttti</strong></span> <span class='ocrx_word' id='word_1_831' title='bbox 2549 4674 2601 4728; x_wconf 93' lang='lat' dir='ltr'><strong>in</strong></span> <span class='ocrx_word' id='word_1_832' title='bbox 2624 4672 2829 4742; x_wconf 90' lang='lat' dir='ltr'><strong>judicio</strong></span> <span class='ocrx_word' id='word_1_833' title='bbox 2868 4680 2923 4727; x_wconf 90' lang='lat' dir='ltr'><strong>et</strong></span> <span class='ocrx_word' id='word_1_834' title='bbox 2962 4669 3365 4728; x_wconf 88' lang='lat' dir='ltr'><strong>accusatoribus</strong></span> <span class='ocrx_word' id='word_1_835' title='bbox 3395 4683 3629 4738; x_wconf 57' lang='lat' dir='ltr'><strong>praesen-</strong></span> 
     </span>
    </p>
   </div>
   <div class='ocr_carea' id='block_1_108' title="bbox 2038 4762 3627 4833">
    <p class='ocr_par' dir='ltr' id='par_1_108' title="bbox 2038 4762 3627 4833">
     <span class='ocr_line' id='line_1_108' title="bbox 2038 4762 3627 4833; baseline -0.008 -8"><span class='ocrx_word' id='word_1_836' title='bbox 2038 4772 2198 4833; x_wconf 86' lang='lat' dir='ltr'><strong>tibus,</strong></span> <span class='ocrx_word' id='word_1_837' title='bbox 2231 4779 2285 4824; x_wconf 89' lang='lat' dir='ltr'><strong>et</strong></span> <span class='ocrx_word' id='word_1_838' title='bbox 2309 4768 2537 4823; x_wconf 88' lang='lat' dir='ltr'><strong>testibus</strong></span> <span class='ocrx_word' id='word_1_839' title='bbox 2563 4765 2907 4829; x_wconf 89' lang='lat' dir='ltr'><strong>instantibus,</strong></span> <span class='ocrx_word' id='word_1_840' title='bbox 2933 4762 3142 4817; x_wconf 89' lang='lat' dir='ltr'><strong>indiciis</strong></span> <span class='ocrx_word' id='word_1_841' title='bbox 3164 4770 3322 4831; x_wconf 90' lang='lat' dir='ltr'><strong>atque</strong></span> <span class='ocrx_word' id='word_1_842' title='bbox 3342 4773 3627 4829; x_wconf 83' lang='lat' dir='ltr'><strong>argumen-</strong></span> 
     </span>
    </p>
   </div>
   <div class='ocr_carea' id='block_1_109' title="bbox 2036 4849 3623 4926">
    <p class='ocr_par' dir='ltr' id='par_1_109' title="bbox 2036 4849 3623 4926">
     <span class='ocr_line' id='line_1_109' title="bbox 2036 4849 3623 4926; baseline -0.008 -11"><span class='ocrx_word' id='word_1_843' title='bbox 2036 4862 2105 4915; x_wconf 92' lang='lat' dir='ltr'><strong>tis</strong></span> <span class='ocrx_word' id='word_1_844' title='bbox 2127 4860 2416 4923; x_wconf 83' lang='lat' dir='ltr'><strong>veridicis,</strong></span> <span class='ocrx_word' id='word_1_845' title='bbox 2446 4873 2552 4913; x_wconf 84' lang='lat' dir='ltr'><strong>non</strong></span> <span class='ocrx_word' id='word_1_846' title='bbox 2601 4857 2747 4926; x_wconf 91' lang='lat' dir='ltr'><strong>prius</strong></span> <span class='ocrx_word' id='word_1_847' title='bbox 2789 4854 2998 4924; x_wconf 91' lang='lat' dir='ltr'><strong>judices</strong></span> <span class='ocrx_word' id='word_1_848' title='bbox 3040 4853 3357 4909; x_wconf 86' lang='lat' dir='ltr'><strong>sententiam</strong></span> <span class='ocrx_word' id='word_1_849' title='bbox 3410 4849 3623 4914; x_wconf 75' lang='lat' dir='ltr'><strong>ferunt,</strong></span> 
     </span>
    </p>
   </div>
   <div class='ocr_carea' id='block_1_110' title="bbox 2036 4939 3629 5023">
    <p class='ocr_par' dir='ltr' id='par_1_110' title="bbox 2036 4939 3629 5023">
     <span class='ocr_line' id='line_1_110' title="bbox 2036 4939 3629 5023; baseline -0.008 -16"><span class='ocrx_word' id='word_1_850' title='bbox 2036 4967 2192 5023; x_wconf 90' lang='lat' dir='ltr'><strong>quam</strong></span> <span class='ocrx_word' id='word_1_851' title='bbox 2214 4949 2548 5006; x_wconf 89' lang='lat' dir='ltr'><strong>damnandus</strong></span> <span class='ocrx_word' id='word_1_852' title='bbox 2565 4948 2679 5017; x_wconf 88' lang='lat' dir='ltr'><strong>ipse</strong></span> <span class='ocrx_word' id='word_1_853' title='bbox 2697 4943 2926 5015; x_wconf 74' lang='lat' dir='ltr'><strong>prapriae</strong></span> <span class='ocrx_word' id='word_1_854' title='bbox 2943 4944 3013 4998; x_wconf 92' lang='lat' dir='ltr'><strong>sit</strong></span> <span class='ocrx_word' id='word_1_855' title='bbox 3028 4951 3303 4997; x_wconf 90' lang='lat' dir='ltr'><strong>accusator</strong></span> <span class='ocrx_word' id='word_1_856' title='bbox 3324 4940 3492 5009; x_wconf 75' lang='lat' dir='ltr'><strong>culpze</strong></span> <span class='ocrx_word' id='word_1_857' title='bbox 3511 4955 3524 4992; x_wconf 90' lang='lat'>:</span> <span class='ocrx_word' id='word_1_858' title='bbox 3550 4939 3629 4995; x_wconf 81' lang='lat' dir='ltr'><strong>sic</strong></span> 
     </span>
    </p>
   </div>
   <div class='ocr_carea' id='block_1_111' title="bbox 2037 5032 3627 5109">
    <p class='ocr_par' dir='ltr' id='par_1_111' title="bbox 2037 5032 3627 5109">
     <span class='ocr_line' id='line_1_111' title="bbox 2037 5032 3627 5109; baseline -0.009 -8"><span class='ocrx_word' id='word_1_859' title='bbox 2037 5055 2092 5101; x_wconf 90' lang='lat' dir='ltr'><strong>et</strong></span> <span class='ocrx_word' id='word_1_860' title='bbox 2115 5046 2164 5099; x_wconf 92' lang='lat' dir='ltr'><strong>hi</strong></span> <span class='ocrx_word' id='word_1_861' title='bbox 2188 5054 2385 5109; x_wconf 65' lang='lat' dir='ltr'><strong>nautae,</strong></span> <span class='ocrx_word' id='word_1_862' title='bbox 2407 5042 2651 5095; x_wconf 90' lang='lat' dir='ltr'><strong>homines</strong></span> <span class='ocrx_word' id='word_1_863' title='bbox 2672 5036 2882 5092; x_wconf 87' lang='lat' dir='ltr'><strong>barbari</strong></span> <span class='ocrx_word' id='word_1_864' title='bbox 2905 5045 2957 5090; x_wconf 90' lang='lat' dir='ltr'><strong>et</strong></span> <span class='ocrx_word' id='word_1_865' title='bbox 2986 5033 3268 5093; x_wconf 87' lang='lat' dir='ltr'><strong>insensati.</strong></span> <span class='ocrx_word' id='word_1_866' title='bbox 3293 5049 3436 5098; x_wconf 90' lang='lat' dir='ltr'><strong>eum,</strong></span> <span class='ocrx_word' id='word_1_867' title='bbox 3459 5032 3549 5103; x_wconf 87' lang='lat' dir='ltr'><strong>qui</strong></span> <span class='ocrx_word' id='word_1_868' title='bbox 3573 5032 3627 5088; x_wconf 89' lang='lat' dir='ltr'><strong>in</strong></span> 
     </span>
    </p>
   </div>
   <div class='ocr_carea' id='block_1_112' title="bbox 2032 5124 3632 5204">
    <p class='ocr_par' dir='ltr' id='par_1_112' title="bbox 2032 5124 3632 5204">
     <span class='ocr_line' id='line_1_112' title="bbox 2032 5124 3632 5204; baseline -0.008 -14"><span class='ocrx_word' id='word_1_869' title='bbox 2032 5135 2249 5204; x_wconf 88' lang='lat' dir='ltr'><strong>judiciis</strong></span> <span class='ocrx_word' id='word_1_870' title='bbox 2265 5142 2368 5195; x_wconf 81' lang='lat' dir='ltr'><strong>est,</strong></span> <span class='ocrx_word' id='word_1_871' title='bbox 2384 5131 2625 5185; x_wconf 87' lang='lat' dir='ltr'><strong>ordinem</strong></span> <span class='ocrx_word' id='word_1_872' title='bbox 2648 5128 2951 5181; x_wconf 90' lang='lat' dir='ltr'><strong>imitantur:</strong></span> <span class='ocrx_word' id='word_1_873' title='bbox 2969 5135 3021 5179; x_wconf 90' lang='lat' dir='ltr'><strong>et</strong></span> <span class='ocrx_word' id='word_1_874' title='bbox 3037 5125 3088 5179; x_wconf 91' lang='lat' dir='ltr'><strong>id</strong></span> <span class='ocrx_word' id='word_1_875' title='bbox 3109 5124 3344 5193; x_wconf 80' lang='lat' dir='ltr'><strong>quidem.</strong></span> <span class='ocrx_word' id='word_1_876' title='bbox 3364 5132 3632 5178; x_wconf 84' lang='lat' dir='ltr'><strong>tantome-</strong></span> 
     </span>
    </p>
   </div>
   <div class='ocr_carea' id='block_1_113' title="bbox 2038 5215 3630 5291">
    <p class='ocr_par' dir='ltr' id='par_1_113' title="bbox 2038 5215 3630 5291">
     <span class='ocr_line' id='line_1_113' title="bbox 2038 5215 3630 5291; baseline -0.008 -11"><span class='ocrx_word' id='word_1_877' title='bbox 2038 5235 2116 5291; x_wconf 92' lang='lat' dir='ltr'><strong>tu,</strong></span> <span class='ocrx_word' id='word_1_878' title='bbox 2141 5221 2512 5284; x_wconf 85' lang='lat' dir='ltr'><strong>totllnctibus,</strong></span> <span class='ocrx_word' id='word_1_879' title='bbox 2537 5227 2679 5272; x_wconf 88' lang='lat' dir='ltr'><strong>tanta</strong></span> <span class='ocrx_word' id='word_1_880' title='bbox 2702 5219 2849 5287; x_wconf 88' lang='lat' dir='ltr'><strong>ipsos</strong></span> <span class='ocrx_word' id='word_1_881' title='bbox 2869 5217 3254 5271; x_wconf 82' lang='lat' dir='ltr'><strong>circumstante</strong></span> <span class='ocrx_word' id='word_1_882' title='bbox 3281 5215 3513 5285; x_wconf 89' lang='lat' dir='ltr'><strong>procella</strong></span> <span class='ocrx_word' id='word_1_883' title='bbox 3536 5255 3550 5277; x_wconf 89' lang='lat'><strong>,</strong></span> <span class='ocrx_word' id='word_1_884' title='bbox 3576 5222 3630 5268; x_wconf 90' lang='lat' dir='ltr'><strong>et</strong></span> 
     </span>
    </p>
   </div>
   <div class='ocr_carea' id='block_1_114' title="bbox 2039 5304 3630 5384">
    <p class='ocr_par' dir='ltr' id='par_1_114' title="bbox 2039 5304 3630 5384">
     <span class='ocr_line' id='line_1_114' title="bbox 2039 5304 3630 5384; baseline -0.006 -14"><span class='ocrx_word' id='word_1_885' title='bbox 2039 5314 2171 5371; x_wconf 90' lang='lat' dir='ltr'><strong>mari</strong></span> <span class='ocrx_word' id='word_1_886' title='bbox 2203 5327 2376 5384; x_wconf 88' lang='lat' dir='ltr'><strong>neque</strong></span> <span class='ocrx_word' id='word_1_887' title='bbox 2400 5311 2484 5366; x_wconf 86' lang='lat' dir='ltr'><strong>vel</strong></span> <span class='ocrx_word' id='word_1_888' title='bbox 2527 5309 2794 5379; x_wconf 89' lang='lat' dir='ltr'><strong>respirare</strong></span> <span class='ocrx_word' id='word_1_889' title='bbox 2832 5308 3176 5378; x_wconf 88' lang='lat' dir='ltr'><strong>permittente</strong></span> <span class='ocrx_word' id='word_1_890' title='bbox 3208 5324 3219 5361; x_wconf 93' lang='lat'>:</span> <span class='ocrx_word' id='word_1_891' title='bbox 3256 5315 3455 5361; x_wconf 90' lang='lat' dir='ltr'><strong>tantum</strong></span> <span class='ocrx_word' id='word_1_892' title='bbox 3486 5304 3630 5360; x_wconf 81' lang='lat' dir='ltr'><strong>fure-</strong></span> 
     </span>
    </p>
   </div>
   <div class='ocr_carea' id='block_1_115' title="bbox 2040 5394 3629 5472">
    <p class='ocr_par' dir='ltr' id='par_1_115' title="bbox 2040 5394 3629 5472">
     <span class='ocr_line' id='line_1_115' title="bbox 2040 5394 3629 5472; baseline -0.009 -9"><span class='ocrx_word' id='word_1_893' title='bbox 2040 5409 2132 5463; x_wconf 88' lang='lat' dir='ltr'><strong>bat</strong></span> <span class='ocrx_word' id='word_1_894' title='bbox 2175 5407 2504 5472; x_wconf 87' lang='lat' dir='ltr'><strong>sonabatque</strong></span> <span class='ocrx_word' id='word_1_895' title='bbox 2532 5404 2923 5470; x_wconf 90' lang='lat' dir='ltr'><strong>continuosque</strong></span> <span class='ocrx_word' id='word_1_896' title='bbox 2946 5398 3141 5455; x_wconf 88' lang='lat' dir='ltr'><strong>ﬂuctus</strong></span> <span class='ocrx_word' id='word_1_897' title='bbox 3170 5398 3450 5453; x_wconf 84' lang='lat' dir='ltr'><strong>excitabat.</strong></span> <span class='ocrx_word' id='word_1_898' title='bbox 3479 5394 3629 5451; x_wconf 89' lang='lat' dir='ltr'><strong>Unde</strong></span> 
     </span>
    </p>
   </div>
   <div class='ocr_carea' id='block_1_116' title="bbox 2040 5486 3628 5569">
    <p class='ocr_par' dir='ltr' id='par_1_116' title="bbox 2040 5486 3628 5569">
     <span class='ocr_line' id='line_1_116' title="bbox 2040 5486 3628 5569; baseline -0.008 -16"><span class='ocrx_word' id='word_1_899' title='bbox 2040 5500 2201 5569; x_wconf 90' lang='lat' dir='ltr'><strong>igitur</strong></span> <span class='ocrx_word' id='word_1_900' title='bbox 2241 5506 2383 5551; x_wconf 88' lang='lat' dir='ltr'><strong>tanta</strong></span> <span class='ocrx_word' id='word_1_901' title='bbox 2412 5495 2516 5550; x_wconf 80' lang='lat' dir='ltr'><strong>fuit</strong></span> <span class='ocrx_word' id='word_1_902' title='bbox 2541 5494 2880 5565; x_wconf 86' lang='lat' dir='ltr'><strong>providentia</strong></span> <span class='ocrx_word' id='word_1_903' title='bbox 2927 5507 3050 5562; x_wconf 86' lang='lat' dir='ltr'><strong>erga</strong></span> <span class='ocrx_word' id='word_1_904' title='bbox 3084 5488 3436 5560; x_wconf 88' lang='lat' dir='ltr'><strong>prophetam?</strong></span> <span class='ocrx_word' id='word_1_905' title='bbox 3459 5488 3498 5541; x_wconf 78' lang='grc' dir='ltr'><strong>Α</strong></span> <span class='ocrx_word' id='word_1_906' title='bbox 3534 5486 3628 5542; x_wconf 87' lang='lat' dir='ltr'><strong>Dei</strong></span> 
     </span>
    </p>
   </div>
   <div class='ocr_carea' id='block_1_117' title="bbox 2039 5577 3625 5659">
    <p class='ocr_par' dir='ltr' id='par_1_117' title="bbox 2039 5577 3625 5659">
     <span class='ocr_line' id='line_1_117' title="bbox 2039 5577 3625 5659; baseline -0.011 -12"><span class='ocrx_word' id='word_1_907' title='bbox 2039 5588 2457 5659; x_wconf 88' lang='lat' dir='ltr'><strong>dispensatione.</strong></span> <span class='ocrx_word' id='word_1_908' title='bbox 2512 5586 2720 5641; x_wconf 87' lang='lat' dir='ltr'><strong>Etenim</strong></span> <span class='ocrx_word' id='word_1_909' title='bbox 2769 5584 2870 5638; x_wconf 90' lang='lat' dir='ltr'><strong>hoc</strong></span> <span class='ocrx_word' id='word_1_910' title='bbox 2900 5583 3017 5637; x_wconf 76' lang='lat' dir='ltr'><strong>fieri</strong></span> <span class='ocrx_word' id='word_1_911' title='bbox 3068 5582 3208 5636; x_wconf 91' lang='lat' dir='ltr'><strong>Deus</strong></span> <span class='ocrx_word' id='word_1_912' title='bbox 3251 5577 3625 5648; x_wconf 85' lang='lat' dir='ltr'><strong>permittebat,</strong></span> 
     </span>
    </p>
   </div>
   <div class='ocr_carea' id='block_1_118' title="bbox 2042 5672 3629 5752">
    <p class='ocr_par' dir='ltr' id='par_1_118' title="bbox 2042 5672 3629 5752">
     <span class='ocr_line' id='line_1_118' title="bbox 2042 5672 3629 5752; baseline -0.012 -13"><span class='ocrx_word' id='word_1_913' title='bbox 2042 5679 2356 5752; x_wconf 84' lang='lat' dir='ltr'><strong>prophetam</strong></span> <span class='ocrx_word' id='word_1_914' title='bbox 2375 5677 2457 5731; x_wconf 88' lang='lat' dir='ltr'><strong>vel</strong></span> <span class='ocrx_word' id='word_1_915' title='bbox 2485 5691 2550 5730; x_wconf 90' lang='lat' dir='ltr'><strong>ex</strong></span> <span class='ocrx_word' id='word_1_916' title='bbox 2581 5675 2666 5729; x_wconf 90' lang='lat' dir='ltr'><strong>his</strong></span> <span class='ocrx_word' id='word_1_917' title='bbox 2694 5672 2990 5729; x_wconf 88' lang='lat' dir='ltr'><strong>admonens</strong></span> <span class='ocrx_word' id='word_1_918' title='bbox 3011 5711 3026 5736; x_wconf 91' lang='lat'><strong>,</strong></span> <span class='ocrx_word' id='word_1_919' title='bbox 3059 5679 3116 5724; x_wconf 94' lang='lat' dir='ltr'><strong>ut</strong></span> <span class='ocrx_word' id='word_1_920' title='bbox 3147 5675 3454 5722; x_wconf 85' lang='lat' dir='ltr'><strong>mansuetus</strong></span> <span class='ocrx_word' id='word_1_921' title='bbox 3485 5675 3629 5722; x_wconf 84' lang='lat' dir='ltr'><strong>esset</strong></span> 
     </span>
    </p>
   </div>
   <div class='ocr_carea' id='block_1_119' title="bbox 2045 5756 3630 5840">
    <p class='ocr_par' dir='ltr' id='par_1_119' title="bbox 2045 5756 3630 5840">
     <span class='ocr_line' id='line_1_119' title="bbox 2045 5756 3630 5840; baseline -0.008 -15"><span class='ocrx_word' id='word_1_922' title='bbox 2045 5784 2109 5826; x_wconf 85' lang='lat' dir='ltr'><strong>ac</strong></span> <span class='ocrx_word' id='word_1_923' title='bbox 2132 5770 2279 5826; x_wconf 89' lang='lat' dir='ltr'><strong>mitis</strong></span> <span class='ocrx_word' id='word_1_924' title='bbox 2296 5809 2313 5839; x_wconf 92' lang='lat'><strong>,</strong></span> <span class='ocrx_word' id='word_1_925' title='bbox 2341 5767 2492 5840; x_wconf 87' lang='lat' dir='ltr'><strong>quasi</strong></span> <span class='ocrx_word' id='word_1_926' title='bbox 2514 5766 2578 5823; x_wconf 89' lang='lat' dir='ltr'><strong>ad</strong></span> <span class='ocrx_word' id='word_1_927' title='bbox 2605 5780 2727 5822; x_wconf 90' lang='lat' dir='ltr'><strong>eum</strong></span> <span class='ocrx_word' id='word_1_928' title='bbox 2767 5762 3007 5821; x_wconf 87' lang='lat' dir='ltr'><strong>clamans</strong></span> <span class='ocrx_word' id='word_1_929' title='bbox 3030 5805 3047 5831; x_wconf 89' lang='lat'><strong>,</strong></span> <span class='ocrx_word' id='word_1_930' title='bbox 3076 5767 3134 5816; x_wconf 91' lang='lat' dir='ltr'><strong>et</strong></span> <span class='ocrx_word' id='word_1_931' title='bbox 3160 5757 3344 5814; x_wconf 86' lang='lat' dir='ltr'><strong>dicens</strong></span> <span class='ocrx_word' id='word_1_932' title='bbox 3374 5774 3387 5812; x_wconf 89' lang='lat'><strong>:</strong></span> <span class='ocrx_word' id='word_1_933' title='bbox 3417 5756 3630 5813; x_wconf 78' lang='lat' dir='ltr'><strong>Imitare</strong></span> 
     </span>
    </p>
   </div>
  </div>
