4066 6440
73 340 135 398 511

73 460 191 525 εἰπερ
210 440 349 503 οὗτοι
402 441 501 517 μέν
555 446 677 499 οὑδὲ
718 450 847 517 μιᾶς
888 441 1289 515 καταφρονοῦσι
1340 441 1540 512 ψυχῆς,
1570 438 1692 493 οὑδέ

73 544 155 604 Ei);
184 536 445 607 ἀφειδοῦσι
482 534 732 605 σώματος
763 532 858 587 τοῦ
883 531 978 586 σοῦ
997 549 1011 565 ο
1041 531 1108 584 σῦ
1141 531 1198 584 δέ
1225 530 1416 600 δλόκλη
1427 546 1516 601 ρον
1541 527 1695 580 πόλιν

73 630 291 690 ιοσαύτας
331 626 553 697 ἔχουσαν
583 624 851 695 μυριάδας
876 623 1147 690 ἐξέδωκας
1184 622 1245 675 τό
1279 638 1342 691 γε
1366 620 1457 673 σὸν
1491 618 1653 690 μέρος
1677 632 1691 650 ·

73 717 134 769 ul
154 714 293 768 αὐτοὶ
328 712 423 783 μὲν
457 711 550 765 τὸν
588 710 762 765 αἴτιον
795 710 904 765 τῶν
949 708 1334 781 γεγενημένων
1377 706 1564 767 αὐτοῖς
1592 721 1696 759 κα-

73 804 153 857 ιῶν
190 802 446 873 εὑρόντες,
470 800 590 854 οὑδὲ
637 799 812 864 οὑτως
849 799 1094 873 ὁρμῶσιν
1129 799 1223 853 ἐπὶ
1253 797 1356 868 τὴν
1393 792 1693 849 καταδικά-

73 892 225 956 ζουσαν
250 890 423 961 ψῆφον
444 906 459 921 ⁸
479 891 542 945 σὺ
572 890 627 944 δέ
650 889 803 943 οὑδέν
824 888 962 960 ἔχων
984 886 1236 956 ἐγκαλεῖν
1250 887 1365 949 τοῖς
1387 884 1698 946 Νινευῖταις

73 979 318 1042 κατέδυσας
347 979 543 1042 αὐτοὺς
581 980 673 1032 καὶ
704 977 1015 1041 ἀπώλεσας.
1045 976 1158 1030 Καὶ
1183 977 1247 1031 σὺ
1279 975 1397 1047 μὲν,
1423 972 1559 1044 ἐμοῦ
1604 988 1697 1024 κε-

73 1068 309 1128 ίεύσαντος
348 1067 590 1129 ἀπιέναι,
625 1067 721 1121 καὶ
755 1067 892 1138 πρὸς
938 1065 1215 1137 σωτηρίαν
1259 1062 1457 1125 αὑτοὺς
1488 1063 1693 1115 ἀνακα-

73 1154 232 1207 ὶείσθαι
262 1154 347 1208 διὰ
378 1154 472 1209 τοῦ
504 1154 879 1226 κηρύγματος,
906 1154 1006 1226 οὑχ
1056 1154 1405 1226 ὑπήκουσαςο
1440 1142 1587 1204 οὗτοι
1637 1148 1694 1201 δὲ

73 1242 237 1306 ιὺδενὸς
266 1241 411 1315 [514]
435 1243 786 1309 ἀκούσαντες,
825 1244 1006 1297 πάντα
1043 1241 1275 1307 ποιοῦσι,
1298 1241 1397 1294 καὶ
1426 1254 1694 1309 πραγμαο

73 1332 291 1395 ιεύονται,
324 1331 464 1386 ὥστε
501 1350 560 1386 σε
585 1333 677 1388 τὸν
704 1334 1007 1388 ὑπεύθυνον
1034 1332 1328 1403 γενόμενον
1365 1327 1636 1399 τιμωρίας
1667 1336 1693 1365 ⁸

73 1420 478 1476 ὶνακαλέσασθαι.
498 1424 605 1477 Καὶ
628 1422 737 1494 γὰρ
766 1423 861 1476 καὶ
884 1421 1025 1493 μετά
1044 1421 1144 1491 τὴν
1161 1419 1270 1474 ἀπὸ
1297 1418 1397 1489 τῆς
1425 1416 1695 1484 θαλάττης

73 1509 387 1579 κατηγορίαν,
424 1511 560 1580 μετά
589 1511 689 1582 τήν
728 1510 1002 1576 ἀπόδειξιν
1044 1511 1146 1581 τὴν
1186 1508 1275 1562 διὰ
1319 1505 1411 1560 τοῦ
1466 1504 1692 1576 κλήρου,

73 1597 129 1647 ὅτε
144 1597 284 1662 αὐτὸς
306 1599 502 1653 ἐαυτοῦ
519 1601 887 1672 κατηγόρησε,
905 1600 999 1655 καὶ
1018 1603 1117 1673 τὴν
1147 1600 1325 1672 φυγὴν
1352 1597 1691 1669 ὡμολόγησε,

73 1684 156 1737 ὧδὲ
187 1684 345 1750 οὕτως
376 1687 645 1760 ὥρμησαν
678 1690 771 1743 ἐπὶ
807 1692 909 1763 τὴν
942 1691 1220 1744 ἀπώλειαν
1263 1688 1356 1742 τοῦ
1390 1687 1693 1759 προφήτου,

73 1770 171 1824 1).λά
209 1774 412 1844 ήνεῖχον
457 1778 549 1830 καὶ
584 1777 863 1842 ἐϐιάζοντο
908 1778 1002 1832 καὶ
1049 1779 1227 1833 πάντα
1265 1776 1502 1839 ἐποίουν,
1552 1773 1691 1827 ὥστε

73 1860 195 1913 ιῦτὺν
226 1862 351 1931 μηδὲ
410 1864 552 1934 μετά
599 1865 870 1936 τοσαύτην
902 1865 1176 1930 ἀπόδειξιν
1215 1864 1463 1918 ἐκδοῦναι
1494 1865 1561 1934 τῇ
1593 1861 1692 1931 τῆς

73 1945 290 2019 θαλάττης
326 1952 493 2023 ὁρμῇ.
546 1952 685 2007 Ἀλλ’
716 1956 818 2008 οὑκ
849 1954 1151 2026 ἐπέτρεπεν
1179 1952 1301 2007 οὑδέ
1331 1950 1504 2014 οὕτως
1528 1952 1562 2021 ἡ
1603 1948 1698 2003 θά-

73 2036 232 2089 λαττα*
270 2039 470 2109 μᾶλλον
520 2042 576 2095 δὲ
612 2043 641 2096 ὁ
687 2041 819 2106 Θεὸς
857 2043 958 2096 οὐκ
1003 2043 1189 2112 ἠφίει,
1228 2040 1417 2112 ὥσπερ
1467 2039 1556 2092 διὰ
1587 2037 1696 2092 τῶν

74 2124 253 2192 ναυτῶν,
280 2127 421 2182 οὕτω
449 2131 542 2183 καὶ
560 2130 647 2184 διὰ
666 2130 759 2183 τοῦ
788 2132 991 2198 κήτους
1017 2130 1179 2183 αὑτὸν
1209 2128 1543 2199 σωφρονίσαι
1576 2126 1698 2196 βου-

73 2210 264 2278 ἰέμενος.
304 2216 415 2269 Καὶ
440 2217 548 2289 γὰρ
586 2218 721 2288 μετὰ
750 2219 811 2273 τὸ
850 2219 1104 2282 ἀκοῦσαι,
1144 2215 1347 2285 Ἀρατέ
1377 2233 1454 2286 με
1483 2214 1582 2269 καὶ
1607 2206 1699 2283 ἐμ-

73 2298 234 2355 {hilare
258 2305 340 2368 είς
364 2304 484 2373 τὴν
506 2306 826 2372 θάλατταν,
846 2307 944 2361 καί
967 2306 1225 2360 κοπάσει
1246 2308 1282 2373 ἡ
1308 2304 1572 2358 θάλαττα
1593 2304 1695 2372 ἀφ’

73 2386 213 2453 ὑμῶν,
257 2392 652 2462 παρεϐιάζοντο
697 2398 778 2460 είς
818 2394 917 2469 τὴν
968 2395 1073 2467 γῆν
1111 2392 1370 2449 ἀπελθεῖν
1398 2433 1412 2457 ,
1443 2391 1580 2448 ἀλλά
1628 2391 1697 2445 τὰ

73 2474 246 2544 κύματα
283 2480 379 2533 οὑκ
413 2480 705 2553 ἐπέτρεπε.

118 2562 167 2616 δ’.
187 2566 249 2618 Σὺ
264 2566 336 2630 δὲ,
354 2568 547 2640 ῶσπερ
571 2566 708 2634 εἶδες
733 2570 823 2625 τὸν
845 2571 1130 2643 προφήτην
1154 2570 1444 2639 φεύγοντα,
1469 2568 1699 2621 ἄκουσον

73 2649 196 2703 αὑτοῦ
233 2655 319 2707 καὶ
363 2653 861 2728 ἐξομολογουμένου
907 2657 1152 2712 κάτωθεν
1197 2658 1305 2711 ἀπὸ
1333 2657 1431 2728 τῆς
1465 2654 1700 2725 γαστρὸς

73 2736 139 2789 τοῦ
166 2739 363 2810 θηρίουο
385 2744 566 2796 ἐκεῖνο
599 2745 697 2814 μὲν
728 2744 837 2816 γάρ
870 2745 1073 2798 ἔπαθεν
1104 2745 1177 2809 ὡς
1214 2745 1519 2814 ἄνθρωπος,
1542 2743 1701 2796 τοῦτο

73 2822 110 2875 δὲ
138 2825 199 2888 ὡς
242 2831 527 2901 προφήτης
568 2832 900 2899 ἐπεδείξατο.
951 2832 1205 2886 Δαϐοῦσα
1245 2833 1425 2886 τοίνυν
1474 2832 1697 2899 αὑτὸνή

73 2908 284 2981 θάλαττα,
310 2917 567 2989 καθάπερ
615 2920 673 2971 ἐν
713 2920 1072 2990 δεσμωτηρίῳ
1113 2922 1220 2973 τινὶ
1269 2924 1333 2992 τῇ
1366 2921 1564 2991 γαστρὶ
1607 2921 1700 2973 τοῦ

73 3001 231 3070 κήτους
261 3006 581 3069 ἐναπέθετο,
613 3007 749 3061 σῶον
799 3008 877 3078 τῷ
925 3009 1171 3081 Δεσπότῃ
1219 3008 1565 3078 φυλάττουσα
1610 3010 1702 3062 τὸν

73 3092 273 3157 φυγάδαο
301 3096 396 3148 καί⁵
424 3093 549 3149 οῦτε
594 3096 816 3166 κύματα
861 3099 1028 3167 ἄγρια
1072 3099 1305 3151 λαϐόντα
1356 3099 1660 3165 ἀπέπνιξαν
1687 3140 1701 3163 ,

73 3176 166 3230 οὔτε
184 3184 331 3253 κῆτος
360 3186 628 3255 κυμάτων
659 3185 998 3258 ἀγριώτερον
1027 3186 1426 3257 ὑποδεξάμενον
1460 3187 1624 3241 αὑτὸν
1646 3190 1703 3241 ἐν

75 3267 215 3340 κοιλίᾳ
257 3271 595 3344 διέφθειρεν,
636 3274 775 3327 ἀλλά
820 3274 1045 3328 διέσωσε
1087 3277 1183 3329 καλ⁸
1223 3276 1360 3347 πρὸς
1399 3277 1501 3345 τὴν
1552 3276 1706 3328 πόλιν

75 3352 338 3427 ἐπανήγαγε
355 3376 367 3388 ·
403 3362 503 3414 καὶ
528 3360 767 3415 θάλαττα
796 3362 891 3415 καὶ
914 3364 1078 3433 κῆτος
1104 3364 1254 3434 παρὰ
1279 3363 1441 3430 φύσιν
1467 3364 1709 3434 ὑπήκου-

75 3456 166 3508 σαν,
196 3444 274 3499 ἵνα
316 3447 410 3502 διὰ
465 3450 683 3504 πάντων
717 3452 745 3503 ό
783 3452 1071 3523 προφήτης
1119 3451 1466 3522 παιδεύηται.
1506 3450 1708 3505 Ἐλθὼν

77 3531 216 3585 τοίνυν
235 3538 308 3599 είς
325 3537 429 3609 τὴν
460 3537 614 3592 πόλιν
647 3539 857 3608 ἀνέγνω
881 3540 980 3611 τὴν
1005 3540 1563 3613 ἀπόφασιν,καθάπερ
1592 3542 1713 3594 ἐπι-

77 3618 228 3689 στολὴν
260 3622 547 3695 βασιλικὴν
604 3626 825 3681 κόλασιν
879 3628 1130 3699 ἔχουσαν,
1177 3628 1270 3681 καὶ
1320 3628 1451 3681 ἐϐόα
1484 3628 1660 3697 λέγων
1692 3646 1707 3661 ’

78 3703 177 3758 Ἔτι
197 3712 340 3778 τρεῖς
363 3711 605 3782 ἡμέραι.
637 3717 737 3768 καὶ
770 3716 977 3769 Νινευτ
1016 3717 1601 3786 καταστραφήσεται.

128 3794 376 3852 Ἤκουσαν
413 3799 568 3853 ταῦτ’
596 3803 816 3867 ἐκεῖνοι,
843 3803 904 3856 ού
927 3803 1310 3876 διηπίστησαν,
1342 3807 1401 3859 οὐ
1437 3807 1710 3878 κατεφρό-

79 3892 227 3946 νησαν,
245 3886 353 3939 ἀλλ’
377 3887 586 3951 εὐθέως
605 3890 805 3961 δρόμος
825 3893 1078 3946 ἁπάντων
1093 3889 1173 3957 εἷς
1194 3896 1286 3947 ἐπὶ
1309 3895 1407 3965 τὴν
1437 3897 1711 3965 νηστείαν,

81 3965 261 4038 nepa»,
290 3975 587 4042 γυναικῶν,
605 3978 828 4044 δούλων,
846 3979 1143 4044 δεσποτῶν,
1164 3984 1462 4054 ἀρχόντων,
1477 3985 1717 4055 ἀρχομέ-

81 4070 174 4118 νων,
190 4061 429 4129 παιδίων,
445 4065 833 4140 πρεσϐυτέρων
848 4087 860 4100 ·
881 4069 988 4123 οὐδ’
1005 4071 1038 4140 ή
1056 4069 1165 4123 τῶν
1188 4070 1398 4138 ἀλόγων
1416 4071 1575 4140 φύσις
1587 4071 1717 4124 ταύ-

81 4155 151 4213 της
166 4146 345 4221 ἀτελὴς
360 4148 435 4226 ἦν
458 4153 555 4224 τῆς
581 4154 919 4225 λειτουργίας
939 4174 952 4187 ·
977 4158 1251 4229 πανταχοῦ
1272 4160 1494 4222 σάκκος,
1513 4177 1718 4213 παντα-

83 4231 370 4320 ίθῦγσποδὸς,
414 4242 689 4313 πανταχοῦ
711 4241 907 4314 θρῆνος
935 4247 1028 4299 καὶ
1053 4247 1267 4317 οἰμωγή
1296 4248 1342 4303 ι).
1364 4250 1473 4300 Καὶ
1499 4248 1607 4320 γὰρ
1626 4250 1720 4301 καὶ

83 4317 205 4406 ιῦτὺς
221 4325 247 4376 ὁ
276 4327 335 4379 τό
362 4328 601 4399 διάδημα
625 4332 1022 4404 περικείμενος,
1037 4334 1249 4388 ἀπὸτοῦ
1272 4335 1461 4406 θρόνου
1480 4317 1721 4401 καταϐάς

83 4404 145 4457 W3
173 4409 470 4480 βασιλικοῦ,
493 4408 695 4473 σάκκον
717 4422 1127 4494 ὑπεστρώσατο,
1142 4425 1335 4479 σποδὸν
1352 4426 1718 4492 κατεπάοατο,
1806 4462 1809 4471 ι

85 4494 150 4545 καὶ
172 4497 304 4554 οὑτω
324 4502 426 4574 τὴν
456 4505 610 4558 πόλιν
632 4506 907 4580 ἐξήρπασε
928 4509 1034 4564 τῶν
1058 4512 1315 4566 κινδύνων
1337 4531 1351 4546 υ
1377 4515 1473 4567 καὶ
1501 4509 1567 4585 ἦν
1595 4515 1723 4568 ἰδεῖν

85 4586 279 4673 πῆγμα
306 4592 613 4663 παράδοξον
642 4595 747 4647 ὑπὸ
794 4598 1001 4652 σάκκου
1048 4601 1357 4672 πορφυρίδα
1401 4601 1725 4673 παρευδοκι-

87 4672 329 4739 μηθεῖσαν.
353 4681 533 4753 Ὅπερ
562 4685 669 4754 γὰρ
697 4686 796 4738 οὐκ
823 4686 1041 4758 ἴσχυσεν
1077 4689 1350 4761 ἁλουργὶς,
1388 4672 1548 4744 τοῦτο
1572 4690 1725 4762 ἰσχυ-

87 4772 149 4847 ζεν
181 4763 207 4814 ὁ
235 4767 439 4833 σάκκος
462 4786 477 4799 ·
496 4771 631 4841 ὅπερ
659 4773 757 4827 οὑκ
780 4774 943 4846 ήνυσε
969 4776 1030 4829 τὸ
1047 4777 1303 4848 διάδημα,
1329 4778 1488 4832 τοῦτο
1509 4780 1725 4851 κατώρ-
1760 4830 1769 4841 ,

88 4852 269 4938 ξιοσενή
294 4857 506 4922 σποδός.
534 4859 588 4913 ’0
598 4861 694 4930 ρᾷς
713 4861 787 4924 ὡς
810 4863 869 4914 οὑ
899 4863 1077 4934 μάτην
1101 4860 1252 4918 εἶπον
1267 4866 1348 4919 ὅτι
1364 4867 1425 4919 οὑ
1451 4868 1724 4936 νηστείαν,

89 4930 191 5027 υ]ςά
227 4940 402 5015 μέθην
455 4947 548 4998 καὶ
604 4930 913 5019 ἀδηφαγίαν
954 4930 1250 5007 δεδοικέναι
1301 4955 1437 5026 χρή;
1506 4930 1573 5008 Ἦ
1627 4956 1728 5027 μὲν

89 5020 167 5091 τὰρ
196 5028 328 5099 μέθη
364 5034 461 5084 καὶ
480 5034 759 5105 ἀδηφαγία
790 5037 889 5109 τὴν
922 5039 1074 5092 πόλιν
1100 5020 1728 5108 ἐπῶσανίδιέσεισεάαὶ

89 5112 380 5203 (αταϐαλείν
409 5119 632 5191 ἔμελλεν
652 5142 665 5153 ·
709 5127 740 5196 ἡ
774 5125 831 5179 δὲ
884 5128 1105 5198 νηστεία
1158 5130 1526 5201 σαλευομένην
1560 5130 1729 5203 αὑτὴν

91 5197 155 5291 fa".
182 5202 482 5291 μέλλουσαν
505 5213 870 5267 καταπίπτειν
900 5197 1115 5287 ἔστησε.
1148 5218 1304 5272 Μετά
1346 5197 1551 5291 ταύτης
1577 5197 1729 5274 καὶ-ό

91 5280 255 5379 λίνιῆᾐλ
294 5295 376 5356 εἰς
419 5294 617 5354 λάκκον
652 5301 883 5357 λεόντων
917 5280 1205 5367 εἰσελθὼν,
1237 5280 1732 5379 καθάπερ-προϐάσ

93 5377 434 5468 τξιςςήμέροις
467 5389 880 5459 συγγενόμενος,
918 5391 1092 5457 οὕτως
1142 5393 1311 5464 ἐξῄει-ι
1347 5394 1458 5449 καὶ
1497 5377 1607 5466 Ta?
1638 5395 1733 5448 καὶ

93 5463 148 5529 ἰῷ
184 5463 339 5539 θυμῷ
370 5470 609 5539 ζέοντες,
639 5477 734 5531 καὶ
754 5479 950 5548 ,φόνιον
980 5463 1287 5553 βλέποντες,
1311 5482 1413 5554 τῆς
1452 5463 1735 5555 τραπέζης

110 5633 628 5720 ελλξὲτὲίςξμωρίαςε
658 5649 795 5700 Unus
826 5664 920 5704 ms.
960 5653 1085 5720 Reg.
1110 5663 1161 5707 et
1186 5655 1313 5708 Savil
1336 5655 1385 5706 in
1414 5658 1551 5704 textu
1577 5669 1729 5718 τιμω-

95 5708 437 5771 κανὶἰρεηξαιέ.
459 5708 677 5771 τιμωρίᾳ.

134 5758 159 5796 ιι
178 5761 274 5813 Alii
307 5758 468 5830 ορῆῖιοι
487 5758 565 5819 καὶ
586 5758 806 5835 οἰμωγαί.

1255 322 1345 378 DE
1385 314 1853 376 ΡΟΕΝΙΤΕΝΤΙΑ.
1894 317 2128 376 "OMIL.
2174 322 2243 379 ν.

3364 319 3471 377 512

1796 438 2188 509 περικειμένης
2211 438 2307 510 οὐχ
2335 439 2591 511 ἥπτοντο,
2619 439 2757 497 ἀλλά
2788 441 2882 497 καὶ
2900 442 3015 514 ’τῆς
3057 441 3272 513 φύσεως
3303 440 3474 515 αὐτῆς

1794 523 2165 599 διεγειρούσης
2200 526 2373 600 (οὐδὲν
2416 531 2525 604 γὰρ
2570 529 2909 605 ἀγριώτερον
2943 532 3169 586 ἐκείνων
3219 531 3330 584 τῶν
3370 530 3472 602 θη·-

1797 613 1950 685 ρίων)
1979 614 2073 668 καὶ
2101 616 2196 670 τοῦ
2227 616 2384 689 λιμοῦ
2410 619 2527 688 (καὶ
2553 619 2663 692 γὰρ
2705 614 2847 675 ἑπτά
2877 620 3091 691 ἡμέρας
3117 618 3178 672 οὑ
3212 618 3479 690 μετέσχον

1794 705 2047 774 τροφῆς),
2071 705 2323 778 καθάπερ
2364 707 2558 779 δημίου
2592 709 2737 772 τινὸς
2761 709 2972 763 ἔνδοθεν
3000 709 3312 779 καθημένου
3331 750 3344 768 ,
3380 707 3477 764 καὶ

1792 790 1900 844 τῶν
1928 791 2169 859 λαγόνων
2205 793 2279 865 μὴ
2312 794 2583 850 ἅπτεσθαι
2610 807 2632 836 ε
2670 797 2901 866 βοῶντος
2946 796 3055 849 τῶν
3095 795 3475 867 προφητικῶν,

1794 878 2102 951 ᾐδέσθησαν
2146 882 2245 951 τὴν
2288 884 2514 954 τροφήν.
2549 884 2707 938 Μετά
2747 884 2948 953 ταύτης
2992 885 3087 938 καὶ
3122 886 3170 936 οἱ
3206 883 3395 947 παῖδες
3428 884 3478 937 οἱ

1794 969 1942 1037 τρεῖς
1988 967 2137 1040 [515]
2180 972 2258 1034 είς
2294 969 2394 1042 τὴν
2433 970 2781 1025 Βαϐυλωνίαν
2832 973 3062 1042 κάμινον
3120 971 3475 1036 εἰσελθόντες,

1796 1055 1889 1109 καὶ
1915 1056 2082 1109 πολὺν
2115 1068 2305 1130 χρόνον
2350 1059 2711 1131 ὁμιλήσαντες
2737 1059 2815 1130 τῷ
2864 1061 3017 1131 πυρὶ,
3050 1058 3215 1113 αὑτοῦ
3246 1058 3340 1112 τοῦ
3375 1077 3481 1111 πυ-

1800 1141 1891 1214 ρδς
1933 1142 2289 1218 λαμπρότερα
2333 1146 2550 1217 ἔχοντες
2594 1148 2663 1200 τὰ
2706 1145 2953 1217 σώματα,
2979 1147 3087 1201 ἀπὸ
3116 1148 3215 1217 τῆς
3244 1148 3478 1217 καμίνου

1797 1231 1917 1284 τότε
1953 1232 2181 1304 ἐξῄεσαν
2212 1249 2227 1265 ⁸
2258 1234 2436 1288 καίτοι
2464 1252 2530 1304 γε
2555 1235 2604 1288 εί
2635 1234 2746 1306 πῦρ
2764 1231 2833 1306 ἦν
2863 1236 3038 1288 ἐκεῖνο
3063 1235 3233 1299 ὅντως
3256 1235 3318 1288 τὸ
3345 1234 3478 1305 πῦρ,

1798 1314 1917 1379 πῶς
1940 1317 2040 1370 οὐκ
2079 1316 2251 1370 ἐποίει
2279 1318 2350 1371 τά
2384 1318 2478 1372 τοῦ
2507 1320 2679 1391 πυρός
2706 1336 2720 1381 ;
2752 1321 2801 1372 εί
2843 1318 3072 1391 σώματα
3099 1316 3166 1391 ἦν
3199 1322 3380 1373 ἐκεῖνα
3410 1317 3482 1372 τά

1800 1402 2049 1474 σώματα,
2076 1394 2192 1469 πῶς
2221 1405 2290 1459 τά
2317 1405 2427 1459 τῶν
2464 1407 2733 1477 σωμάτων
2765 1407 2865 1460 οὑκ
2893 1406 3134 1477 ἔπασχες
3160 1405 3318 1470 Πῶς;
3348 1404 3485 1476 ἐρώ-

1794 1508 1959 1562 τησον
1992 1492 2091 1564 τὴν
2124 1493 2396 1563 νηστείαν,
2423 1493 2517 1548 καὶ
2558 1494 2938 1566 ἀποκρινεῖταί
2968 1494 3187 1561 σοι,’καλ⁸
3219 1494 3359 1565 αὑτὴ
3390 1493 3484 1547 λύ-

1799 1595 1880 1631 σει
1910 1596 2003 1633 σου
2043 1579 2104 1633 τὸ
2133 1581 2361 1652 αἴνιγμα
2385 1599 2399 1612 ⁸
2429 1584 2524 1636 καὶ
2552 1583 2661 1654 γάρ
2689 1580 2757 1655 ἦν
2791 1583 2961 1647 ὅντως
2997 1584 3229 1654 αἴνιγμα
3250 1599 3261 1611 ·
3296 1582 3486 1651 σωμά-

1795 1684 1905 1721 των
1933 1666 2043 1741 γάρ
2086 1668 2248 1739 φύσις
2292 1670 2528 1740 ἐμάχετο
2572 1670 2734 1740 φύσει
2774 1672 2974 1743 πυρὸς,
3004 1673 3098 1725 καὶ
3145 1674 3178 1743 ἡ
3214 1671 3337 1742 νίκη
3376 1672 3484 1725 τῶν

1800 1756 2069 1827 σωμάτων
2107 1756 2334 1826 ἐγίνετο.
2372 1752 2524 1824 Εἶδες
2558 1759 2859 1829 παράδοξον
2902 1762 3113 1831 μάχην;
3145 1755 3286 1823 εἶδες
3316 1776 3490 1832 παρα·

1793 1844 2081 1915 δοξοτέραν
2137 1845 2235 1917 τὴν
2298 1847 2456 1917 νίκην
2491 1864 2506 1913 ;
2542 1846 2837 1918 Θαύμασον
2895 1847 2992 1919 τὴν
3053 1847 3310 1918 νηστείαν
3336 1888 3349 1909 .
3390 1848 3488 1901 καὶ

1797 1936 2016 2000 ὑπτίαις
2038 1935 2291 2003 ὑπόδεξαι
2321 1937 2510 2009 χερσίν
2533 1956 2546 1969 ·
2569 1938 2698 1993 ὅταν
2717 1939 2824 2010 γὰρ
2847 1938 2940 1991 καλ⁸
2965 1938 3022 1990 ἐν
3044 1937 3261 2009 καμίνῳ
3291 1938 3485 2009 βοηθῇ,

1796 2022 1891 2077 καὶ
1920 2026 1977 2077 ἐν
2002 2024 2192 2096 λάκκῳ
2224 2025 2454 2078 λεόντων
2482 2025 2749 2099 φυλάττῃ,
2781 2026 2873 2078 καὶ
2891 2025 3153 2095 δαίμονας
3178 2024 3485 2096 ἀπελαύνῃ,

1798 2111 1892 2165 καὶ
1930 2112 2206 2180 ἀπόφασιν
2253 2112 2459 2184 ἀναλύῃ
2504 2113 2660 2173 Θεοῦ,
2701 2113 2794 2166 καὶ
2837 2112 3027 2165 παθῶν
3075 2112 3273 2183 μανίαν
3319 2129 3491 2166 κατα-

1806 2199 2026 2271 στέλλῃ,
2054 2201 2149 2253 καὶ
2183 2200 2321 2271 πρὸς
2349 2199 2662 2272 ἐλευθερίαν
2691 2203 2841 2271 ἡμᾶς
2866 2200 3135 2273 ἐπανάγῃ.
3162 2200 3256 2253 καὶ
3286 2199 3490 2271 πολλὴν

1799 2289 1857 2340 ἐν
1884 2289 1996 2351 τοῖς
2022 2287 2305 2359 λογισμοῖς
2332 2288 2492 2359 ἡμῶν
2540 2289 2895 2360 ποιῆται·τὴν
2935 2288 3203 2359 γαλήνην,
3239 2288 3355 2352 πῶς
3385 2288 3487 2343 οὑκ

1798 2375 2036 2445 ἐσχάτης
2064 2375 2130 2428 ἂν
2152 2375 2239 2445 εἴη
2270 2374 2593 2447 παρανοίας,
2610 2376 2851 2430 τοσαῦτα
2881 2375 3110 2447 ἔχουσαν
3137 2377 3195 2428 ἐν
3223 2379 3343 2440 ταῖς
3368 2393 3489 2448 χερ-

1799 2463 1884 2515 σὶν
1905 2462 2084 2531 ἀγαθά
2107 2462 2328 2532 φεύγειν
2354 2464 2446 2516 καὶ
2460 2463 2784 2530 δεδοικέναι;
2823 2464 3125 2536 Ἐπιτρίϐει
3146 2465 3253 2536 γὰρ
3269 2467 3402 2536 ήμῖν
3424 2465 3488 2519 τὸ

1801 2549 1959 2620 σῶμα
1982 2550 2118 2621 πρὸς
2138 2550 2237 2620 τὴν
2272 2552 2579 2613 ἀσθένειαν,
2599 2553 2763 2623 φησίν
2777 2552 2830 2607 ά.
2858 2552 2999 2607 Ἀλλ’
3022 2555 3131 2626 ὅσῳ
3160 2556 3187 2607 ό
3206 2554 3310 2619 ἔξω
3328 2556 3361 2627 ἠ
3370 2554 3487 2625 μῶν

1802 2639 2090 2710 ἄνθρωπος
2128 2638 2428 2712 φθείρεται,
2461 2642 2700 2713 τοσούτῳ
2719 2644 2747 2695 ὁ
2774 2642 2881 2696 έσω
2899 2644 3285 2699 ἀνακαινοῦται
3308 2644 3493 2718 ἡμέρᾳ

1801 2727 1895 2780 καὶ
1925 2727 2107 2799 ἡμέρᾳ
2133 2744 2146 2758 ο
2192 2728 2392 2798 μᾶλλον
2419 2729 2499 2794 δὲ,
2541 2731 2590 2783 εί
2637 2730 2957 2802 βουληθείης
3014 2732 3154 2803 μετὰ
3206 2734 3493 2803 ἀκριϐείας

1802 2814 2056 2880 ἐξετάσαι
2090 2814 2153 2867 τὸ
2175 2818 2428 2887 πρᾶγμα,
2444 2817 2540 2870 καὶ
2565 2817 2780 2884 εὐεξίας
2808 2820 2978 2891 αὐτὴν
2999 2821 3252 2891 εὑρήσεις
3282 2822 3495 2892 μητέρα

1802 2902 2195 2971 τυγχάνουσαν.
2230 2904 2342 2956 Καὶ
2369 2906 2418 2957 εί
2449 2908 2564 2968 τοῖς
2600 2907 2753 2973 ἐμοῖς
2780 2907 3028 2970 ἀπιστεῖς
3067 2908 3266 2976 λόγοις,
3297 2910 3493 2973 παῖδας

1808 2990 2008 3060 ἰατρῶν
2034 2991 2161 3062 περὶ
2192 2990 2398 3045 τούτων
2418 2992 2713 3063 ἐρώτησον,
2735 2995 2829 3047 καὶ
2846 2996 3000 3047 αὐτοὶ
3034 2996 3204 3048 ταῦτα
3223 2996 3492 3065 σαφέστε-

1809 3095 1898 3147 ρον
1934 3077 2175 3148 ἐροῦσιν,
2211 3079 2260 3130 οἳ
2289 3080 2388 3149 τὴν
2424 3080 2524 3150 μὲν
2553 3080 2765 3133 ἔνδειαν
2793 3082 3004 3151 μητέρα
3028 3083 3126 3151 τῆς
3157 3084 3367 3149 ὑγιείας
3394 3101 3494 3137 κα-

1805 3167 1977 3234 λοῦσι,
2003 3169 2101 3232 τὰς
2125 3168 2182 3221 δὲ
2203 3170 2499 3239 ποδαλγίας
2529 3172 2623 3225 καὶ
2647 3170 2994 3242 καρηϐαρίας
3027 3172 3121 3224 καὶ
3149 3171 3493 3243 ἀποπληξίας

1806 3255 1900 3307 καὶ
1935 3256 2106 3326 φθόην
2136 3256 2231 3310 καὶ
2256 3255 2444 3327 ὕδερον
2474 3258 2569 3311 καὶ
2612 3258 2925 3328 φλεγμονὰς
2952 3258 3046 3311 καὶ
3081 3259 3197 3328 οίδή
3207 3276 3371 3327 ματα,
3399 3261 3495 3314 καὶ

1812 3343 2022 3414 μυρίων
2052 3344 2257 3416 ἐτέρων
2287 3346 2613 3416 νοσημάτων
2639 3347 2993 3418 χειμάρρους,
3023 3346 3131 3400 ἀπὸ
3158 3347 3257 3418 τῆς
3282 3351 3497 3418 τρυφῆς

1811 3432 1904 3485 καὶ
1932 3432 2033 3501 τῆς
2065 3432 2372 3504 ἀδηφαγίας
2407 3433 2609 3501 ἐξιέναι
2650 3436 2839 3503 φασὶν,
2874 3434 3067 3506 ὥσπερ
3097 3436 3204 3489 ἀπό
3219 3453 3364 3499 τινος
3398 3454 3498 3490 που

1812 3521 2119 3592 νηροτάτης
2150 3522 2334 3593 πηγῆς
2373 3525 2647 3594 πονηροὺς
2684 3522 2917 3593 ῥύακας,
2960 3526 3142 3596 καὶτῇ
3177 3525 3270 3579 τοῦ
3313 3525 3502 3596 σώμα-

1811 3626 1905 3670 τος
1935 3607 2142 3681 εὐεξία,
2192 3610 2287 3663 καὶ
2316 3612 2393 3680 τῇ
2424 3610 2524 3680 τῆς
2566 3610 2747 3681 ψυχῆς
2797 3613 3126 3687 σωφροσύνῃ
3178 3614 3503 3685 λυμαινομέ-

1814 3714 1961 3761 νους.

1888 3861 1948 3907 ε’.
1977 3853 2068 3924 Μὴ
2105 3854 2282 3909 τοίνυν
2312 3855 2604 3924 φοϐώμεθα
2632 3856 2888 3925 νηστείαν
2914 3897 2928 3921 ,
2962 3858 3061 3930 τὴν
3093 3860 3200 3913 τῶν
3231 3861 3502 3919 τοσούτων

1816 3942 1964 4011 ἡμᾶς
1996 3941 2442 3995 ἀπαλλάττουσαν
2474 3943 2678 3998 κακῶν.
2714 3946 2788 3996 Οὐ
2826 3946 2935 4015 γάρ
2972 3947 3157 4012 ἁπλῶς
3192 3950 3315 4018 ὑμῖν
3343 3950 3502 4004 τοῦτο

1819 4027 2103 4099 παραινῶ’
2163 4028 2277 4082 ἀλλ’
2333 4029 2520 4100 ἐπειδὴ
2580 4030 2806 4095 πολλοὺς
2856 4032 2968 4104 ὁρῶ
3016 4034 3124 4088 τῶν
3170 4036 3498 4104 ἀνθρώπων,

1821 4115 2073 4187 καθάπερ
2106 4116 2272 4188 ἀγρίᾳ
2326 4119 2429 4170 τινὶ
2480 4120 2700 4186 γυναικὶ
2752 4121 3142 4191 παραδίδοσθαι
3184 4122 3499 4193 μέλλοντας,

1820 4201 1995 4267 οὓτως
2031 4205 2327 4268 ὀκνοῦντας
2353 4207 2445 4259 καὶ
2474 4207 2892 4278 ἀναδυομένους,
2936 4210 3030 4263 καὶ
3061 4210 3200 4283 μέθῃ
3226 4211 3322 4264 καὶ
3373 4213 3503 4284 ἀδηο

1825 4293 1999 4361 φαγία
2028 4295 2267 4365 τήμερον
2312 4296 2539 4358 ἑαυτοὺς
2571 4295 2979 4367 διαφθείροντας
2999 4315 3011 4328 ·
3043 4298 3131 4351 διὰ
3167 4299 3323 4352 τοῦτο
3358 4317 3503 4373 παρ-

1822 4380 1956 4435 αινῶ
1990 4381 2130 4435 ῶστε
2177 4382 2250 4453 μὴ
2278 4384 2375 4453 τὴν
2413 4384 2477 4436 ἐκ
2508 4385 2606 4453 τῆς
2653 4385 2909 4455 νηστείας
2939 4386 3208 4458 ἐσομένην
3237 4388 3502 4456 ὠφέλειαν

1825 4469 2140 4538 προανελεῖν
2180 4469 2487 4542 λαιμαργία
2524 4472 2619 4524 καὶ
2654 4471 2813 4543 μέθῃ.
2846 4473 2956 4526 Καὶ
2995 4474 3103 4545 γὰρ
3134 4476 3181 4527 οἱ
3224 4476 3504 4531 κακόσιτοι

1826 4557 1933 4610 τῶν
1981 4555 2306 4628 ἀνθρώπων,
2347 4558 2472 4611 ὅταν
2520 4560 2693 4630 πικρά
2727 4560 2962 4628 μέλλωσι.
3007 4562 3181 4614 πίνειν
3216 4564 3503 4635 φάρμακα,

1828 4644 1894 4697 ἂν
1940 4643 2143 4714 πολλῆς
2199 4646 2427 4709 ἑαυτοὺς
2477 4647 2798 4718 ἐμπλήσωσι
2848 4650 3084 4721 τροφῆς.
3126 4652 3221 4704 καὶ
3248 4652 3392 4705 οὕτω
3439 4654 3509 4708 τὰ

1829 4733 2100 4804 φάρμακα
2130 4732 2371 4797 λάϐωσι,
2402 4734 2501 4805 τὴν
2545 4736 2645 4807 μὲν
2688 4737 2913 4809 πικρίαν
2951 4739 3277 4809 ὑπέμειναν.
3309 4741 3411 4810 τῆς
3450 4741 3509 4794 δὲ

1828 4818 2093 4890 ὠφελείας
2115 4821 2389 4887 ἐξέπεσον,
2411 4822 2816 4893 δυσκολωτέραν
2835 4824 2907 4895 τῷ
2931 4827 3206 4897 φαρμάκῳ
3228 4827 3511 4893 ποιοῦντες

1829 4911 1926 4982 τὴν
1954 4912 2133 4983 πάλην
2166 4912 2302 4984 πρὸς
2328 4914 2427 4985 τὴν
2468 4914 2577 4967 τῶν
2609 4914 2970 4987 διεφθορότων
2994 4916 3183 4986 χυμῶν
3218 4916 3507 4987 πονηρίαν.

1830 5000 1931 5054 Διά
1953 4999 2111 5053 τοῦτο
2138 5001 2336 5063 αὑτοὺς
2365 5002 2414 5054 οἱ
2440 5002 2548 5055 τῶν
2574 5003 2776 5072 ἰατρῶν
2801 5002 2988 5065 παῖδες
3014 5003 3088 5073 μὴ
3112 5004 3510 5074 δειπνήσαντας

1831 5090 2113 5144 κελεύουσι
2173 5089 2479 5154 καθεύδειν,
2536 5091 2622 5143 ἵνα
2671 5092 2852 5145 πᾶσαν
2903 5090 3011 5144 τῶν
3061 5093 3370 5163 φαρμάκων
3410 5092 3509 5167 τὴν

1831 5178 2060 5249 δύναμιν
2094 5179 2159 5230 ἐκ
2192 5177 2415 5249 πρώτης
2444 5178 2648 5242 εὑθέως
2692 5182 2805 5242 τοῖς
2849 5182 3147 5242 νοσοποιοῖς
3173 5179 3283 5234 τῶν
3317 5197 3508 5252 περιτ-

1831 5273 2102 5342 τωμάτων
2134 5270 2460 5343 προσαγάγῃ
2493 5274 2707 5341 χυμοῖς.
2738 5270 2897 5325 Οὕτω
2918 5273 3013 5327 καὶ
3033 5273 3518 5346 ἐπίτῆςνηστείας·

1833 5360 1928 5414 ἐάν
1961 5361 2060 5431 μὲν
2097 5359 2296 5430 πολλῆς
2332 5359 2521 5412 ἐαυτὸν
2547 5360 2831 5434 ἐμπλήσῃς
2865 5360 2964 5431 τῆς
3017 5361 3188 5432 μέθης
3232 5363 3509 5432 τήμερον,

1835 5450 1932 5503 καὶ
1973 5447 2161 5521 αὔριον
2192 5447 2426 5523 ὑποδέξῃ
2473 5449 2533 5502 τὸ
2566 5451 2696 5521 παρ’
2737 5451 2952 5520 ἐκείνης
2996 5450 3309 5521 φάρμακον,
3339 5451 3512 5520 ἄχρη-

1898 5714 1925 5775 °_
1947 5711 2028 5761 Qic
2051 5712 2199 5762 Sari].
2230 5720 2280 5760 οι
2303 5728 2428 5763 unus
2451 5713 2571 5775 Reg.
2599 5714 2765 5761 Moror.
2797 5725 2914 5759 vom
2938 5710 3423 5775 λαγιξιωνᾶπτεσθαι.

1899 5772 1930 5815 α
1952 5776 2102 5825 Savil.
2127 5783 2181 5826 et
2202 5789 2326 5826 unus
2344 5777 2465 5839 Reg.
2480 5771 2593 5836 ἡμῖν
2614 5778 2700 5833 τήν
2722 5775 2848 5822 ἀσθέι
2867 5790 2964 5823 ιιαν
2986 5771 3070 5821 τοῦ
3098 5773 3338 5835 σώματος,
3366 5784 3527 5841 φησίν-
