4066 6426
571 417 700 458 στον
741 395 873 454 αὐτὸ
921 394 1015 451 καὶ
1064 394 1322 466 ἀνόνητον
1354 394 1637 465 ἐποίησας,
1667 394 1761 448 καὶ
1797 395 1890 448 τὸν
1945 394 2045 466 μὲν
2092 393 2253 448 πόνον

572 491 876 562 ὑπέμεινας
898 528 914 554 ,
948 488 1007 540 τὸ
1038 486 1097 541 δὲ
1135 485 1329 558 κέρδος
1372 485 1472 538 οὑκ
1506 483 1819 556 έκαρπὼσω
1856 483 1951 537 τοῦ
1996 483 2255 556 πράγμα-

570 598 684 645 τος,
721 576 870 651 [516]
898 578 979 640 εἰς
994 576 1093 648 τὴν
1120 573 1431 646 πρόσφατον
1463 572 1527 626 ἐκ
1555 573 1654 643 τῆς
1688 572 1860 645 μέθης
1894 573 2253 643 ἐγγενομένην

570 669 771 725 κακίαν
818 666 1035 721 ἆπασαν
1077 661 1242 718 αὐτοῦ
1286 659 1776 724 καταδαπανῶντος
1815 660 1915 730 τὴν
1944 675 1965 698 ι
1992 658 2249 730 δύναμιν·

570 757 669 811 ἐὰν
695 757 751 810 δὲ
778 755 977 824 κοῦφον
1007 753 1144 823 αὐτῇ
1174 751 1235 803 τὸ
1262 749 1420 820 σῶμα
1449 749 1880 821 παρασκευάσῃς
1900 747 1996 801 καὶ
2025 748 2251 818 νήφοντι

568 843 815 914 λογισμῷ
837 844 898 895 τὸ
916 841 1204 912 φάρμακον
1223 838 1372 910 δέξῃ,
1392 836 1566 891 πολλὰ
1585 836 1692 890 τῶν
1720 835 1967 890 παλαιῶν
1996 835 2112 905 ἀμα
2123 851 2252 906 ρτη-

573 931 760 1003 μάτων
782 927 1133 998 ἀποκαθᾶραι
1164 927 1390 997 δυνήσῃ.
1423 924 1516 997 Μὴ
1550 924 1729 977 τοίνυν
1761 923 1849 977 διὰ
1877 923 2046 995 μέθης
2081 922 2250 993 ίωμεν

570 1020 652 1082 είς
701 1017 800 1088 τὴν
827 1016 1102 1088 νηστείαν,
1142 1013 1278 1084 μηδὲ⁹
1324 1011 1433 1066 ἀπὸ
1463 1012 1718 1082 νηστείας
1746 1013 1826 1075 είς
1868 1009 2039 1080 μέθην
2074 1026 2247 1062 κατα-

569 1105 824 1177 λύσωμεν
887 1104 1068 1167 πάλιν,
1121 1102 1211 1158 ῐνα
1244 1101 1319 1173 μὴ
1365 1100 1563 1155 ταύτὸν
1601 1099 1852 1170 γένηται,
1910 1094 2022 1152 οἷον
2064 1099 2118 1152 εί
2166 1114 2251 1161 τις

570 1176 942 1266 ἀρρωστοῦντι
997 1176 1210 1263 σώματί
1265 1191 1361 1244 καὶ
1418 1188 1794 1243 διανίστασθαι
1862 1187 2107 1258 μέλλοντι
2150 1185 2250 1253 λάξ

571 1281 824 1353 ὲμδαλὼν
860 1280 1215 1352 σφοδρότερον
1251 1276 1548 1333 καταϐάλοι
1597 1276 1781 1330 πάλιν.
1816 1277 1882 1329 '0
1915 1276 2010 1328 καὶ
2039 1274 2133 1328 ἐπὶ
2151 1274 2250 1343 τῆς

568 1370 751 1441 ψυχῆς
777 1370 877 1440 τῆς
911 1368 1187 1440 ἡμετέρας
1212 1367 1439 1437 γίνεται,
1470 1368 1600 1421 ὅταν
1629 1365 1689 1433 ἐξ
1728 1364 1994 1435 ἑκατέρου
2027 1363 2248 1452 μέρους,

571 1458 671 1512 καὶ
695 1457 795 1524 τῆς
828 1456 1002 1528 ἀρχῆς
1035 1456 1128 1510 καὶ
1175 1455 1270 1509 τοῦ
1302 1455 1492 1518 τέλους
1515 1454 1616 1525 τῆς
1638 1453 1917 1524 νηστείας,
1947 1453 2014 1522 τῇ
2053 1450 2252 1522 νεφέλῃ

570 1544 674 1616 τῆς
700 1545 868 1616 μέθης
918 1542 1016 1615 τὴν
1064 1546 1129 1596 ὲκ
1160 1543 1259 1612 τῆς
1305 1542 1520 1605 ἀσιτίας
1568 1540 1871 1611 γενομένην
1912 1538 2046 1609 ἡμῖν
2090 1536 2252 1608 νῆψιν

575 1632 983 1702 συσκιάσωμεν.
1025 1631 1293 1702 Καθάπερ
1338 1630 1448 1701 γὰρ
1478 1630 1527 1682 οἱ
1557 1628 1767 1700 θηρίοις
1797 1626 2089 1680 πυκτεύειν
2126 1624 2250 1696 μέλ·

574 1719 778 1783 λοντες,
814 1718 1027 1782 πολλοῖς
1054 1719 1240 1782 ὅπλοις
1269 1719 1365 1772 καὶ
1402 1716 1778 1787 ἀσφαλίσμασι
1812 1714 1881 1769 τά
1914 1713 2106 1784 καίρια
2142 1711 2251 1765 τῶν

579 1807 758 1879 μελῶν
811 1809 1280 1879 περιφράξαντες,
1331 1806 1429 1877 τὴν
1466 1804 1605 1877 πρὸς
1657 1806 1841 1858 ἐκεῖνα
1898 1801 2250 1872 ἀναδέχονται

479 1954 495 1973 ,
577 1897 789 1968 μάχην·
840 1895 981 1949 οὓτω
1029 1896 1124 1948 καὶ
1150 1894 1245 1948 νῦν
1272 1893 1460 1947 πολλοὶ
1508 1892 1618 1945 τῶν
1668 1890 1971 1963 ἀνθρώπων
2008 1892 2168 1954 εἰσὶν,
2202 1889 2252 1942 οἶ

576 1985 833 2056 καθάπερ
867 1984 1041 2055 θηρίῳ
1084 1986 1149 2055 τῇ
1180 1982 1407 2052 νηστείᾳ
1436 1978 1729 2034 πυκτεύειν
1765 1977 2082 2050 μέλλοντες,
2111 1976 2254 2030 οὑτω

575 2076 644 2145 τῇ
704 2073 1121 2144 γαστριμαργίᾳ
1176 2068 1629 2135 καθοπλίζονται,
1695 2068 1789 2122 καὶ
1858 2067 2252 2139 διαρρήξαντες

576 2162 806 2221 ἑαυτοὺς
854 2164 950 2214 καὶ
1003 2158 1376 2222 σκοτώσαντες
1410 2157 1547 2229 μετά
1590 2156 1791 2227 πολλῆς
1822 2156 1921 2223 τῆς
1962 2171 2253 2226 παραφρο-

578 2249 745 2321 σύνης
786 2249 1135 2320 ὑποδέχονται
1164 2248 1226 2301 τὸ
1244 2247 1496 2317 γαλήνιον
1521 2247 1616 2299 καὶ
1643 2245 1848 2316 ἥμερον
1874 2236 1977 2313 τῆς
2003 2242 2254 2313 νηστείας

575 2338 747 2409 δμμα.
776 2338 893 2391 Κᾶν
920 2338 1017 2408 μὲν
1057 2337 1316 2407 ἐρωτήσω
1349 2353 1428 2400 σε,
1459 2335 1614 2396 Τίνος
1642 2334 1827 2387 ἕνεκεν
1860 2334 1939 2397 είς
1975 2333 2254 2402 βαλανεῖον

574 2426 791 2498 τρέχεις
817 2427 1090 2496 σήμερον;
1133 2427 1250 2478 Ἵνα
1269 2421 1493 2494 καθαρῷ
1522 2421 1599 2491 τῷ
1630 2419 1844 2491 σώματι
1869 2419 1967 2490 τὴν
1997 2418 2255 2491 νηστείαν

644 2530 671 2559 ⁸
697 2529 817 2578 Ilaec
839 2534 916 2577 est
941 2528 1112 2578 Savilii
1136 2528 1303 2585 lectio,
1330 2542 1424 2587 qua
1456 2527 1679 2587 admisaa,
1705 2525 2047 2587 gratissimum
2073 2524 2253 2587 editio-

576 2593 656 2641 nis
678 2591 1017 2639 Benedictinze
1040 2590 1270 2638 mendum
1299 2585 1438 2638 nobis
1457 2585 1733 2635 correxisse
1760 2585 2000 2648 videmur.
2027 2586 2253 2648 Legeba-

579 2659 661 2700 tur
678 2652 871 2699 enim...
895 2652 1084 2699 ἅπασαν
1106 2651 1275 2706 αὐτοὺς
1295 2649 1714 2707 καταδαπανήσας,
1741 2647 2008 2696 deﬁciente
2028 2656 2114 2697 aut.
2134 2660 2252 2697 sane

582 2715 751 2765 Graece
773 2715 969 2761 doctum
994 2712 1217 2775 fugiente
1239 2725 1409 2761 sensu.
1436 2710 1573 2760 Εοιτ.

1356 279 1415 335 S.
1456 276 1741 336 JOANNIS
1776 273 2267 335 CHRYSOSTOMI
2307 271 2631 329 ARCIIIEP.
2665 269 3232 330 CONSTANTINOP.

3939 272 4032 331 3H

2357 386 2737 459 ὑποδέξωμαι,
2780 389 2972 460 φήσεις
2991 404 3005 418 ·
3040 387 3108 441 ἂν
3138 386 3196 441 δὲ
3225 386 3509 461 ἑρωτήσω,
3544 388 3706 454 Τίνος
3722 386 3921 443 Ivem
3946 407 4032 457 με·

2357 478 2539 543 θύειῦ
2585 475 2805 548 Ἐπειδὴ
2830 478 2907 538 εἰς
2931 475 3187 547 νηστείαν
3215 475 3396 545 μέλλω
3417 476 3664 537 εἰσιέναι,
3683 476 3854 532 πάλιν
3880 477 4032 549 ἕρεις.

2354 565 2465 618 Καὶ
2492 563 2610 627 πῶς
2644 564 2745 617 οὐκ
2778 563 2977 617 ἄτοπόν
3004 565 3120 616 ἐστι
3142 603 3158 630 ,
3194 561 3409 631 σώματι
3447 564 3546 635 μὲν
3591 565 3850 636 καθαρῷ,
3898 565 4032 638 ψυχῇ

2352 651 2410 704 δὲ
2438 650 2735 723 ἀκαθάρτῳ
2764 650 2857 704 καὶ
2887 649 3161 724 μεθυούσῃ
3184 691 3199 716 ,
3239 649 3338 722 τὴν
3364 651 3662 723 καλλίστην
3685 654 3898 725 ταύτην
3926 657 3982 708 ἑο
4024 686 4032 696 -

2352 740 2453 812 τὴν
2484 740 2511 780 ὶι
2546 738 2945 810 ὑποδέχεσθαι;
2993 740 3151 809 Ἐνῆν
3198 738 3297 809 μὲν
3329 734 3424 793 οὖν
3454 741 3552 795 καὶ
3581 741 3813 796 πλείονα
3844 743 4032 797 τούτων

2353 830 2550 892 εἰπεῖν,
2595 827 2734 882 ἀλλά
2774 830 2889 891 τοῖς
2937 827 3278 898 σωφρονοῦσι
3321 828 3621 883 καὶταῦτα
3684 832 3859 902 ἀρκεῖ
3910 832 4032 905 πρὸς

2353 914 2669 989 διόρθωσιν.
2708 917 2910 988 Διόπερ
2939 917 3155 988 ἀνάγκη
3192 915 3548 973 καταπαῦσαι
3575 918 3670 974 τὸν
3721 919 3917 987 λόγον·
3951 922 4032 975 καὶ

2353 1005 2465 1074 γὰρ
2497 1003 2599 1074 τῆς
2643 1002 2740 1057 τοῦ
2781 1003 2989 1074 πατρὸς
3027 1004 3213 1075 φωνῆς
3258 1002 3514 1075 ἐπιθυμῶ
3556 1005 3816 1062 ἀκοῦσαι,
3857 1008 4032 1078 Ἡμεῖς

2356 1091 2454 1161 μὲν
2484 1091 2594 1162 γὰρ
2617 1131 2632 1157 ,
2664 1090 2807 1144 κατὰ
2851 1091 2922 1144 τά
2949 1091 3142 1145 παιδία
3168 1090 3239 1144 τά
3268 1092 3563 1162 ποιμενικά
3583 1132 3599 1157 ,
3631 1093 3821 1165 λεπτῷ
3846 1094 3921 1164 τῷ
3946 1113 4032 1149 κα-

2352 1178 2512 1250 λάμῳ
2546 1178 2865 1250 συρίζομεν,
2915 1179 3106 1250 ῶσπερ
3148 1179 3253 1235 ὑπό
3298 1196 3423 1233 τινα
3453 1179 3584 1251 δρῦν
3617 1180 3651 1251 ἢ
3689 1180 3927 1253 λεύκην,
3970 1186 4031 1253 τῇ

2354 1271 2482 1341 σκιᾷ
2513 1269 2621 1324 τῶν
2671 1269 2834 1343 ἱερῶν
2881 1279 2904 1309 ο
2950 1269 3156 1324 τούτων
3201 1270 3532 1343 καθήμενοι·
3581 1267 3741 1337 οὗτος
3792 1273 3857 1328 δὲ
3904 1275 4032 1329 καθά

2356 1358 2619 1429 μουσικός
2654 1375 2738 1421 τις
2765 1357 2987 1428 ἄριστος
3023 1358 3231 1429 χρυσῆν
3261 1359 3644 1430 ἁρμοσάμενος
3676 1360 3917 1432 κιθάραν
3936 1402 3950 1425 ,
3975 1366 4032 1433 τῇ

2355 1446 2647 1517 συμφωνίᾳ
2667 1445 2775 1501 τῶν
2797 1446 3160 1519 κρουσμάτων
3176 1447 3471 1521 ὁλόκληρον
3493 1448 3748 1520 ἀνίστησι
3772 1449 3999 1521 θέατρον
4020 1468 4032 1482 ·

2354 1532 2498 1587 οὑτω
2545 1532 2609 1604 δὴ
2655 1533 2751 1587 καὶ
2799 1529 2976 1599 οὗτος,
3007 1534 3067 1587 οὐ
3116 1535 3405 1607 συμφωνίᾳ
3453 1538 3855 1609 κρουσμάτων,
3911 1537 4032 1591 ἀλλὰ

2358 1622 2649 1693 συμφωνίᾳ
2701 1622 2876 1691 λόγων
2920 1622 3016 1676 καὶ
3051 1622 3317 1694 ⁸πράξεων
3372 1624 3574 1697 πολλὴν
3620 1628 3758 1697 ἡμῖν
3805 1626 4032 1697 ἐντίθησι

2327 1707 2453 1780 ,τὴν
2484 1708 2777 1777 ὠφέλειαν.
2809 1710 3098 1774 Τοιούτους
3129 1711 3223 1764 καὶ
3256 1713 3284 1765 6
3323 1711 3559 1783 Χριστὸς
3585 1712 3743 1782 ζητεῖ
3790 1712 4032 1767 διδασκά-

2354 1796 2512 1860 λους·
2581 1797 2643 1852 '0
2701 1797 2810 1867 γὰρ
2859 1797 3139 1864 ποιήσας,
3177 1798 3333 1869 φησὶ,
3369 1799 3471 1853 καὶ
3527 1798 3804 1866 διδάξας,
3869 1797 4032 1867 οὗτος

2349 1883 2540 1953 μέγας
2593 1883 2964 1952 κληθήσεται
3017 1886 3086 1939 ὲν
3122 1884 3197 1953 τῇ
3240 1886 3533 1953 βασιλείᾳ
3581 1886 3702 1940 τῶν
3741 1887 4031 1957 οὐρανῶν.

2357 1970 2610 2035 Τοιοῦτος
2645 1963 2803 2035 οὗτός
2834 1973 2978 2024 ἐστι·
3010 1969 3092 2024 διὸ
3115 1972 3210 2025 καὶ
3242 1973 3415 2041 μέγας
3444 1975 3502 2025 ὲν
3533 1976 3599 2044 τῇ
3643 1973 3901 2046 βασιλείᾳ
3936 1976 4032 2028 τῶν

2355 2058 2601 2130 οὐρανῶν
2626 2061 2763 2116 ἐστι.
2805 2060 2843 2111 Γ
2847 2060 3021 2122 ένοιτο
3064 2059 3121 2112 δὲ
3161 2060 3309 2131 ἡμᾶς
3363 2063 3549 2132 εὐχαῖς
3594 2063 3763 2116 αὐτοῦ
3801 2066 3897 2117 καὶ
3935 2066 4031 2118 τῶν

2359 2146 2683 2219 συνέδρωνά
2719 2148 2975 2201 ἁπάντων
3020 2144 3313 2217 δυνηθῆναι
3355 2150 3762 2221 καταξιωθῆναι
3810 2151 3909 2220 τῆς
3944 2151 4032 2220 βα-

2359 2233 2565 2297 σιλείας
2596 2234 2704 2287 τῶν
2734 2232 2980 2306 οὐρανῶν
3000 2276 3013 2299 ,
3041 2234 3225 2303 χάριτι
3260 2235 3353 2288 καὶ
3388 2236 3779 2310 φιλανθρωπίᾳ
3807 2239 3898 2291 τοῦ
3923 2240 4028 2292 Κυ-

2361 2322 2476 2392 ρίου
2506 2321 2665 2391 ἠμῶν
2717 2322 2891 2393 Ἰησοῦ
2936 2320 3174 2392 Χριστοῦ
3200 2360 3214 2386 ,
3247 2322 3364 2392 μεθ’
3399 2316 3460 2376 οὗ
3499 2324 3575 2395 τῷ
3603 2325 3786 2396 Πατρὶ
3824 2324 4027 2396 ἠδόξει,

2360 2407 2476 2477 ἅμα
2498 2407 2575 2478 τῷ
2599 2408 2737 2480 ἁγίῳ
2761 2407 3058 2479 Πνεύματι,
3085 2406 3181 2461 νῦν
3204 2410 3297 2463 καὶ
3318 2410 3427 2477 ἀεὶ,
3453 2413 3548 2467 καὶ
3575 2414 3655 2478 είς
3681 2415 3825 2478 τοὺς,
3843 2414 4031 2477 αἰῶνας

2359 2493 2468 2546 τῶν
2497 2495 2731 2550 αἰώνων.
2778 2497 2975 2568 Ἀμήν.

2421 2582 2450 2653 13
2482 2583 2663 2653 δίωτοι.
2688 2585 2877 2653 ἀρετήν,
2899 2586 3058 2653 βαι-Ηἐ
3088 2591 3141 2634 et
3165 2599 3291 2653 opus
3311 2587 3437 2651 Reg.
3464 2590 3667 2653 ἑορτήν..

2426 2648 2449 2712 ς
2472 2646 2691 2712 ξενίίὶυδ
2716 2660 2809 2712 non
2836 2647 2982 2695 habet
2999 2650 3095 2695 τῶν
3117 2651 3275 2712 ἱερῶν.

2419 2704 2444 2745 δ
2468 2706 2617 2756 Savil.
2643 2709 2900 2771 προέδρων.

1666 2907 1908 2961 ΟΜΙΛΙΑ
1943 2908 2284 2962 ΛΕΧΘΕΙΣΑ
2316 2910 2475 2961 ΠΕΡΙ
2509 2910 2852 2962 ΝΗΣΤΕΙΑΣ

1529 2996 1605 3067 τῇ
1628 2999 1773 3068 ἕκτῃ
1805 2999 2082 3069 ἐϐδομάδι
2111 3000 2221 3069 τῆς
2241 3001 2415 3070 ἁγίας
2461 3000 2959 3071 τεσσαρακοστῆς
2973 3011 3014 3056 ⁸.

1244 3163 1482 3234 Ὀμιλιά
1516 3168 1591 3228 ς’.

650 3266 721 3317 α’.
768 3257 859 3323 Ὠς
871 3275 931 3311 τε
940 3255 1081 3330 ρπνά
1099 3255 1198 3327 τῆς
1218 3252 1597 3323 πνευματικῆς
1615 3250 1820 3323 ταύτης
1834 3252 1867 3321 ή
1877 3253 1969 3323 μῖν
1985 3250 2260 3321 θαλάσσης

576 3347 648 3403 τὰ
670 3347 921 3417 κύματα.
958 3344 1054 3398 καὶ
1092 3340 1272 3398 αὐτῶν
1296 3340 1405 3395 τῶν
1435 3342 1492 3393 ὲν
1519 3339 1597 3410 τῷ
1631 3339 1862 3407 πελάγει
1895 3338 2256 3410 τερπνότερα.

590 3436 808 3490 Ἐκεῖνα
839 3434 934 3504 μὲν
971 3431 1080 3503 γὰρ
1109 3431 1328 3502 ἀνέμων
1370 3428 1598 3494 ἀταξία,
1627 3427 1801 3480 ταῦτα
1836 3426 1894 3479 δὲ
1938 3426 2258 3497 ἀκροάσεως

578 3522 845 3592 ἐπιθυμία
886 3519 1218 3588 διανίστησι·
1268 3517 1497 3571 κάκεῖνα
1550 3515 1648 3585 μὲν
1680 3513 1833 3587 [517]
1868 3514 2260 3586 κορυφούμενα

578 3610 783 3682 πολλὴν
828 3608 907 3679 τῷ
953 3607 1264 3676 κυϐερνήτῃ
1287 3605 1388 3675 τὴν
1424 3602 1663 3672 ἀγωνίαν
1695 3602 1960 3675 παρέχει,
1990 3602 2165 3655 ταῦτα
2201 3602 2260 3655 δὲ

580 3697 885 3771 φαινόμενα
918 3693 1118 3765 πολλὴν
1150 3691 1228 3764 τῷ
1258 3691 1474 3760 λέγοντι
1504 3691 1602 3762 τὴν
1634 3691 1952 3762 παρρησίαν
1992 3689 2256 3761 ἐντίθησι.

581 3786 666 3841 Τά
708 3785 807 3859 μὲν
857 3783 966 3855 γάρ
1014 3784 1132 3835 ἐστι
1179 3779 1586 3853 χειμαζομένης
1631 3778 1909 3849 θαλάσσης
1943 3779 2259 3850 τεκμήρια,

580 3874 754 3929 ταῦτα
795 3872 852 3925 δὲ
885 3870 1068 3942 ψυχῆς
1116 3868 1554 3941 εὐφραινομένης
1603 3869 1842 3938 σημεῖα·
1895 3867 2124 3920 κάκεῖνα
2163 3867 2260 3937 μὲν

578 3964 701 4026 ταῖς
730 3961 957 4031 πέτραις
983 3957 1474 4030 προσαραττόμενα
1508 3956 1721 4026 ἄσημον
1750 3955 1842 4009 τὸν
1871 3949 2005 4027 ἦχον
2040 3955 2255 4025 ἀφίησι,

580 4048 754 4105 ταῦτα
816 4048 874 4101 δὲ
917 4045 995 4116 τῷ
1042 4044 1186 4114 λόγῳ
1231 4043 1332 4114 τῆς
1388 4043 1740 4106 διδασκαλίας
1794 4043 2259 4113 προσρηγνύμενα

581 4137 831 4210 προσηνῆ
861 4136 961 4207 τὴν
992 4133 1175 4204 φωνὴν
1210 4131 1454 4201 ἀφίησιν.
1495 4129 1653 4183 Οὑτω
1683 4130 1778 4183 καὶ
1814 4128 2052 4200 ζεφύρου
2099 4130 2260 4183 πνοαὶ

581 4227 709 4282 ὅταν
745 4222 1059 4294 ἐμπέσωσιν
1105 4220 1185 4282 εἰς
1215 4217 1375 4288 λήῖα,
1413 4217 1507 4269 καὶ
1545 4216 1647 4279 τὰς
1677 4218 1919 4284 κεφαλὰς
1952 4216 2060 4269 τῶν
2092 4218 2259 4269 ἀστα-

581 4313 727 4386 χύων
758 4309 1075 4365 ὲπικλίνωσι
1109 4309 1205 4359 καλ⁸
1231 4304 1619 4370 διανιστῶσιι),
1663 4305 1735 4357 τά
1777 4304 1997 4375 κύματα
2030 4307 2128 4376 τῆς
2161 4304 2259 4358 θα-

582 4402 788 4471 λάσσης
815 4398 908 4451 ἐπὶ
924 4397 1023 4467 τῆς
1039 4395 1237 4466 χέρσου
1257 4392 1570 4464 μιμοῦνται.
1609 4392 1771 4445 Ἀλλά
1792 4393 1887 4446 καὶ
1910 4392 2135 4446 ἐκείνων
2152 4392 2258 4446 τῶν

585 4491 755 4560 ληῖων
783 4486 957 4540 ταῦτα
994 4483 1334 4553 τερπνότερα
1354 4499 1367 4513 ·
1397 4481 1457 4534 οὑ
1497 4481 1605 4553 γὰρ
1643 4480 1881 4551 ζεφύρου
1913 4482 2095 4545 πνοαὶ,
2127 4479 2262 4533 ἀλλὰ

587 4576 905 4646 Πνεύματος
946 4572 1105 4642 χάρις
1135 4570 1233 4632 τάς
1273 4570 1544 4640 ὑμετέρας
1589 4569 1915 4640 διανέστησε
1951 4569 2131 4639 ψυχὰς
2168 4571 2262 4623 καὶ

586 4665 878 4736 ἑθέρμανε,
908 4661 1003 4714 καὶ
1029 4659 1091 4712 τὸ
1121 4658 1232 4731 πῦρ
1264 4660 1461 4723 έκεῖνο,
1491 4656 1522 4709 ὃ
1554 4657 1719 4711 πάλαι
1745 4660 1772 4711 6
1792 4659 2028 4729 Χριστὸς
2053 4658 2261 4727 έλεγεν,

585 4756 669 4809 δτι
699 4752 823 4820 Πῦρ
856 4750 1051 4819 ἦλθον
1073 4747 1296 4812 ,ϐαλεῖν
1322 4747 1409 4811 εὶς
1436 4744 1551 4813 τὴν
1588 4743 1725 4815 γῆν,
1767 4745 1867 4799 καὶ
1895 4746 1952 4798 τί
1981 4745 2136 4800 θέλω
2155 4786 2170 4811 ,
2211 4747 2265 4798 εὶ

584 4841 706 4913 ἤδη
734 4837 972 4908 ἀνήφθη
993 4854 1011 4903 ;
1031 4835 1191 4889 τοῦτο
1214 4833 1326 4905 ὁρῶ
1349 4832 1831 4902 καταϐεϐλημένον
1860 4833 1954 4886 καὶ
1974 4832 2262 4903 καιόμενον

588 4933 646 4984 ὲν
678 4931 799 4992 ταῖς
851 4928 1146 4998 ὑμετέραις
1196 4923 1424 4994 ψυχαῖς.
1476 4921 1633 4975 Ἐπεὶ
1676 4916 1769 4975 οὖν
1813 4920 2082 4985 τοσαύτας
2130 4923 2264 4992 ἡμῖν

587 5016 876 5087 λαμπάδας
913 5016 942 5067 6
986 5012 1081 5066 τοῦ
1123 5010 1363 5081 Χριστοῦ
1405 5009 1569 5078 φόϐος
1608 5008 1817 5081 ἀνῆψε,
1851 5008 1986 5079 φέρε
2014 5008 2264 5064 ἐντεῦθεν

589 5104 653 5158 τδ
688 5104 789 5174 τῆς
833 5100 1180 5163 διδασκαλίας
1210 5098 1385 5152 ἔλαιον
1414 5096 1801 5169 ὲπιστάξωμεν
1823 5136 1838 5160 ,
1868 5096 2009 5150 ὥστε
2041 5096 2265 5169 διαρκέ-

591 5201 824 5264 στερονο
858 5193 990 5262 ἡμῖν
1019 5187 1274 5257 γενέσθαι
1305 5187 1367 5240 τὸ
1407 5184 1544 5254 φῶς.

670 5280 728 5335 ὐ
766 5279 876 5349 γάρ
919 5279 1109 5350 καιρὸς
1154 5278 1250 5346 τῆς
1306 5275 1561 5345 νηστείας
1596 5275 1730 5345 ἡμῖν
1782 5273 1970 5327 λοιπὸν
2005 5274 2144 5346 πρὸς
2206 5274 2267 5328 τὸ

587 5369 743 5434 τέλος
791 5366 1100 5435 ἐπείγεται·
1148 5366 1228 5427 είς
1267 5364 1376 5433 γὰρ
1409 5362 1479 5415 τὰ
1529 5362 1670 5433 μέσα
1706 5361 1815 5415 τῶν
1855 5361 2084 5415 σταδίων
2132 5361 2268 5431 φθά-

588 5475 785 5522 σαντες
813 5456 951 5530 πρδς
980 5454 1040 5507 τὸ
1068 5453 1218 5516 τέλος
1244 5451 1432 5505 λοιπὸν
1458 5452 1883 5535 ἀπηντήκαμεν.
1915 5451 2127 5523 Ὠσπερ
2154 5452 2266 5523 γὰρ

587 5551 618 5601 6
649 5545 951 5620 ἀρχόμενος
981 5541 1285 5614 ὲμέσοισεν,
1310 5538 1484 5601 οὑτως
1519 5540 1547 5591 6
1586 5539 1724 5608 πρὸς
1773 5538 1937 5611 μέσον
1968 5538 2138 5593 ἐλθὼν
2170 5539 2266 5593 τοῦ

589 5637 778 5699 τέλους
808 5632 1157 5704 ἐπείληπται.
1218 5628 1275 5681 '0
1323 5625 1420 5697 μὲν
1464 5621 1557 5679 οὑν
1605 5626 1798 5697 καιρὸς
1841 5625 1978 5697 πρὸς
2020 5625 2083 5679 τὸ
2112 5626 2270 5693 τέλος

651 5753 680 5782 ⁸
715 5753 799 5801 Stc
818 5749 992 5800 titulus
1030 5754 1082 5797 tn
1122 5760 1214 5795 ms.
1240 5742 1492 5794 Ottobon].
1514 5741 1682 5791 Edit.:
1718 5742 1870 5804 Λόγος
1886 5716 1993 5807 περί
2025 5744 2259 5803 νηστείας.

589 5804 788 5861 Parocc.
816 5814 880 5866 εἷς
911 5812 995 5868 τὴν
1013 5809 1149 5870 ἁγίαν
1171 5804 1575 5868 Τεσσαρακοστὴν
1592 5804 1699 5867 περὶ
1730 5803 1967 5862 νηστείας.

651 5872 680 5912 ιι
701 5871 869 5921 Ottob.
892 5872 1266 5926 διαναστήσωσι.

657 5935 682 5964 α
702 5933 783 5981 Sic
809 5931 1040 5980 Ottobon.
1062 5938 1115 5980 et
1135 5931 1332 5980 Barocc.
1349 5929 1503 5977 recte.
1530 5926 1703 5978 Morel.
1735 5940 1852 5979 vero
1875 5929 2059 5995 διαρκὲς
2078 5928 2255 5999 ἕτερον.

2281 3101 2345 3122 ρ

2364 3165 2675 3234 ἐπείγεται,
2726 3168 2823 3222 καὶ
2869 3168 3006 3241 πρὸς
3060 3168 3150 3222 τὸν
3219 3168 3415 3239 λιμένα
3473 3170 3661 3241 βλέπει
3723 3172 3784 3227 τὸ
3842 3176 4032 3245 σκάφος

2362 3252 2579 3318 λοιπὸν,
2614 3254 2750 3309 ἀλλά
2776 3256 2837 3308 τὸ
2867 3255 3201 3335 ζητούμενον
3227 3258 3288 3310 οὐ
3321 3259 3462 3330 πρὸς
3493 3260 3586 3313 τὸν
3615 3261 3822 3333 λιμένα
3850 3264 4032 3327 ἐλθεῖν,

2362 3341 2498 3395 ἀλλά
2523 3343 2596 3412 μὴ
2620 3344 2778 3395 κενὺν
2801 3343 2903 3413 τῆς
2924 3344 3197 3414 ἐμπορίας
3216 3344 3441 3399 ἑλκύσαι
3458 3347 3520 3401 τδ
3545 3350 3760 3419 σκάφος
3774 3349 3827 3404 ἆ.
3848 3353 4032 3424 Δέομαι

2364 3430 2582 3484 πάντων
2606 3432 2634 3484 ὐ
2644 3432 2760 3501 μῶν
2782 3434 2877 3485 καὶ
2912 3431 3206 3495 ἀντιϐολῶ,
3231 3435 3310 3497 είς
3335 3434 3397 3487 τὸ
3426 3436 3664 3502 συνειδὸς
3688 3438 3931 3505 hanc;
3953 3442 4032 3494 αὐ-

2362 3516 2457 3570 τοῦ
2490 3518 2897 3587 ἀναλογιζέσθω
2942 3520 3042 3590 τὴν
3074 3521 3181 3574 ἀπὸ
3212 3522 3310 3593 τῆς
3353 3523 3606 3594 νηστείας
3639 3531 4032 3598 πραγματείαν,

2363 3605 2468 3659 κᾶν
2506 3606 2606 3677 μὲν
2634 3607 2769 3680 εὕρῃ
2796 3608 2988 3681 κέρδος
3005 3609 3141 3662 πολὺ
3182 3610 3572 3683 γεγενημένον,
3600 3616 3949 3685 προστιθέτω
3976 3620 4031 3689 τῇ

2363 3699 2741 3769 πραγματείᾳ
2794 3698 2860 3753 ἂν
2908 3698 2963 3752 δὲ
2998 3699 3165 3770 μηδὲν
3260 3703 3675 3773 συνειλεγμένον
3695 3745 3713 3768 ,
3755 3706 3839 3776 τῷ
3871 3707 4032 3761 λειπο-

2367 3784 2512 3856 μένῳ
2556 3784 2651 3838 τοῦ
2687 3785 2882 3856 χρόνου
2928 3788 3221 3858 κεχρήσθω
3266 3788 3402 3859 πρὸς
3431 3790 3531 3861 τὴν
3565 3792 3874 3864 ἐμπορίαν.
3910 3796 4031 3858 Ἕως

2361 3870 2594 3943 ἕστηκεν
2630 3874 2662 3943 η
2709 3874 3051 3945 πανήγυρις,
3082 3874 3225 3944 μέγα
3262 3879 3828 3950 πραγματευσάμενοι
3867 3882 4031 3955 κέρδος

2362 3959 2839 4031 ἀναχωρήσωμεν,
2872 3961 2962 4014 ἵνα
2991 3960 3067 4032 μὴ
3096 3964 3281 4027 κεναῖς
3310 3964 3815 4037 ἀναχωρήσωμενθ
3842 3971 4027 4041 χερσὶν,

2363 4046 2451 4099 ἵνα
2483 4047 2556 4117 μὴ
2602 4047 2763 4100 πόνον
2800 4047 3198 4118 ὑπομείναντες
3236 4050 3514 4119 νηστείας,
3567 4054 3767 4123 μισθὸν
3801 4057 4031 4127 νηστείας

2362 4133 2738 4206 ἀπολέσωμεν.
2774 4136 2935 4189 Ἔστι
2978 4135 3088 4207 γὰρ
3119 4138 3214 4190 καὶ
3244 4139 3405 4194 πόνον
3437 4140 3739 4211 ὑπομεῖναι
3772 4145 4024 4216 νηστείας,

2361 4222 2455 4275 καὶ
2488 4223 2680 4293 μισθὸν
2704 4223 2958 4294 νηστείας
2990 4224 3064 4295 μὴ
3092 4225 3277 4280 λαϐεῖν
3304 4243 3319 4256 ·
3351 4225 3503 4293 πῶς;
3536 4229 3709 4283 Ὅταν
3742 4232 4023 4304 βρωμάτων

2367 4310 2466 4379 μὲν
2516 4309 2893 4382 ἀπεχώμεθα,
2953 4313 3371 4384 ἁμαρτημάτων
3424 4315 3482 4369 δὲ
3536 4317 3611 4388 μὴ
3668 4318 4021 4391 ἀπεχώμεθα·

2363 4399 2494 4452 ὅταν
2548 4399 2689 4470 κρέα
2732 4397 2832 4469 μὲν
2876 4400 2952 4470 μὴ
2982 4399 3286 4472 ἐσθίωμεν,
3315 4402 3695 4474 κατεσθίωμεν
3731 4406 3793 4459 δὲ
3820 4406 4025 4471 τάςτῶν

2366 4488 2613 4559 πενήτων
2635 4486 2847 4549 οἰκίας·
2878 4487 3009 4541 ὅταν
3034 4485 3165 4559 οἴνῳ
3190 4488 3288 4559 μὲν
3315 4489 3389 4560 μὴ
3411 4489 3727 4561 μεθύωμεν,
3761 4493 4026 4563 μεθύωμεν

2363 4573 2422 4627 δὲ
2472 4573 2741 4645 ἐπιθυμίᾳ
2793 4575 3044 4646 πονηρᾷ·
3090 4576 3220 4629 ὅταν
3269 4578 3450 4631 πᾶσαν
3479 4578 3581 4649 τὴν
3614 4581 3841 4649 ἡμέραν
3880 4582 4026 4636 ἄσιτοι

2363 4661 2718 4730 διατελῶμεν,
2750 4662 2935 4716 πᾶσαν
2965 4661 3022 4715 δὲ
3046 4661 3209 4734 διημε
3219 4663 3468 4736 ρεύωμεν
3491 4666 3550 4720 ὲν
3575 4666 3909 4733 ἀκολάστοις
3929 4667 4028 4720 θεά-

2368 4767 2555 4821 μασιν.
2601 4749 2734 4803 Ἶδού
2772 4749 2870 4803 καὶ
2913 4751 3075 4814 πόνος
3106 4752 3396 4823 νηστείας,
3443 4751 3540 4807 καὶ
3574 4753 3771 4824 μισθὸς
3797 4756 4027 4826 νηστείας

2364 4837 2602 4909 οὐδαμοῦ
2621 4837 2667 4903 ί,
2696 4838 2824 4894 ὅταν
2853 4840 2935 4904 είς
2967 4838 3038 4893 τά
3066 4838 3272 4910 θέατρα
3295 4840 3396 4911 τῆς
3433 4844 3788 4913 παρανομίας
3824 4843 4028 4899 ἀναϐαί-

2365 4945 2565 4998 νωμεν.
2609 4927 2684 4981 Οὐ
2719 4927 2857 4999 πρὸς
2900 4926 3045 4998 ὑμᾶς
3074 4929 3103 4980 6
3150 4926 3343 4995 λόγος·
3388 4923 3509 4982 οἶδα
3552 4931 3659 5000 γὰρ
3688 4929 3779 4984 ὅτι
3827 4929 4029 5001 καθαρὰ

2364 5014 2465 5085 τῆς
2491 5013 2831 5085 κατηγορίας
2857 5014 3012 5081 ὲστὲ,
3043 5013 3159 5067 ἀλλ’
3200 5012 3327 5076 ἔθος
3354 5017 3473 5079 τ>ῖς
3504 5016 3893 5087 ὀδυνωμένοις,
3924 5020 4031 5072 ὅταν

2366 5106 2494 5168 τοὺς
2516 5106 2724 5167 αἰτίους
2757 5104 2832 5176 μὴ
2860 5104 3119 5168 λάϐωσιν,
3147 5105 3229 5161 εἰς
3252 5106 3380 5169 τοὺς
3405 5107 3677 5178 παρόντας
3704 5108 3927 5177 ἀφιέναι
3950 5109 4028 5178 τὴν

2367 5193 2557 5264 ὀργήν.
2593 5194 2753 5246 Ποῖον
2784 5192 2977 5264 κέρδος
3010 5192 3372 5262 νηστεύοντας
3405 5197 3486 5257 είς
3525 5194 3592 5247 τά
3632 5194 3848 5268 θέατρα
3874 5214 4025 5267 παρα·

2369 5282 2565 5353 νομίας
2607 5280 2956 5346 ἀναϐαίνειν,
2987 5281 3070 5345 είς
3115 5282 3177 5335 τὸ
3214 5282 3394 5336 κοινὸν
3444 5283 3543 5353 τῆς
3580 5284 3882 5352 ἀσελγείας
3911 5286 4027 5339 6:61-

2371 5369 2621 5424 σκαλεῖον
2654 5370 2915 5434 εἰσιέναι,
2948 5371 3029 5433 είς
3057 5369 3118 5423 τὺ
3182 5369 3440 5440 δημόσιον
3468 5370 3569 5440 τῆς
3612 5371 3919 5437 ἀκολασίας
3952 5390 4026 5440 Tu-

2374 5458 2622 5528 μνάσιον,
2642 5456 2735 5512 ἐπὶ
2758 5457 2859 5528 τὴν
2883 5456 3157 5529 καθέδραν
3180 5455 3506 5522 καθέζεσθαι
3538 5457 3646 5511 τῶν
3666 5458 3750 5511 λοι
3758 5459 3915 5528 μῶν;
3943 5456 4026 5513 Καὶ

2370 5543 2479 5616 γὰρ
2500 5545 2596 5599 καὶ
2623 5544 2894 5617 καθέδραν
2918 5542 3131 5614 λοιμοῦ,
3153 5543 3250 5599 καὶ
3269 5543 3569 5608 ἀκολασίας
3598 5546 3931 5615 γυμνάσιον,
3957 5544 4022 5598 καὶ

2369 5631 2742 5686 διδασκαλεῖον
2789 5631 3114 5700 ἀσελγείας,
3177 5631 3274 5686 καὶ
3309 5631 3494 5686 πάντα
3541 5631 3609 5685 τά
3640 5630 3908 5703 αἴσχιστα
3954 5630 4024 5700 τῇ

2376 5718 2686 5793 ὀρχήστραν
2715 5737 2799 5783 τις
2828 5717 3144 5792 προσειπὼν
3170 5719 3270 5774 οὑκ
3304 5719 3372 5775 ἂν
3402 5718 3672 5792 ἁμάρτοι,
3714 5719 3780 5772 τὸ
3818 5716 4024 5790 πονηρό-

2429 5804 2459 5875 (ξ
2480 5807 2640 5875 Ambo
2669 5821 2789 5875 μσς.
2811 5806 2867 5856 τὸ
2885 5807 3070 5875 πλοῖον.

2437 5870 2461 5937 ξ
2485 5868 2569 5937 §jc
2593 5869 2736 5937 un_bo
2761 5868 3048 5937 mss.;E_t_ii_ti
3075 5881 3192 5937 vero
3213 5869 3590 5937 ἀπελευσόμεθα.
3889 5929 3903 5937 _
4030 5888 4031 5937 ι

2436 5926 2458 5970 ῐ
2485 5930 2567 5982 Sic
2588 5932 2729 5986 ambo
2749 5946 2862 5986 mss.
2889 5930 3024 5998 Edjti
3048 5926 3470 5996 ιοιεωούδαμῶς)
3495 5932 3660 5994 minus
3677 5929 3949 5985 commoda.
