4100 6436
234 427 345 481 515

231 543 592 616 inutilemque
619 545 878 608 eﬂ’etcris,
910 555 964 600 et
1000 545 1238 600 laborem
1266 547 1478 616 quidem
1507 551 1790 619 pertuleris
1810 591 1826 618 ,

234 633 447 688 lucrum
478 635 602 688 inde
627 634 866 689 futurum
896 651 999 690 non
1042 638 1372 706 assequeris,
1405 639 1530 693 dum
1561 640 1679 710 ejus
1725 642 1830 696 vim

231 735 407 779 totam
437 725 490 780 in
519 726 720 780 malum
759 727 963 781 recenti
994 728 1252 783 ebrietate
1284 739 1490 798 partum
1523 731 1826 800 impendis:

227 817 282 872 si
334 833 462 872 vero
501 818 618 872 leve
650 821 1030 888 praeparaveris
1067 837 1295 889 corpus,
1327 823 1610 893 sobriaque
1651 836 1831 881 mente

231 912 541 981 susceperis
593 912 946 979 medicinam,
991 930 1056 968 cx
1105 915 1316 970 delictis
1355 917 1623 972 veteribus
1664 918 1828 972 multa

233 1001 445 1072 poteris
468 1007 800 1073 expurgare.
835 1003 910 1058 Ne
940 1004 1100 1074 igitur
1130 1021 1225 1074 per
1245 1006 1557 1062 ebrietatem
1587 1007 1652 1060 ad
1689 1007 1828 1077 jeju-

230 1096 387 1149 nium
434 1109 714 1166 pergamus
737 1136 752 1160 ,
803 1111 973 1166 neque
1003 1112 1031 1149 a
1054 1093 1260 1166 jejunio
1291 1099 1342 1151 in
1382 1097 1697 1154 ebrietatem
1727 1099 1822 1154 de-

230 1189 504 1244 clinemus
530 1229 544 1254 ,
570 1204 637 1244 ne
670 1189 804 1243 forte
830 1189 1051 1259 perinde
1075 1189 1284 1244 accidat
1306 1206 1369 1244 ac
1403 1191 1446 1245 si
1477 1192 1598 1260 quis
1628 1207 1828 1262 {egrum

232 1294 434 1349 corpus
459 1289 618 1349 atque
666 1295 952 1350 resurgens
979 1295 1008 1334 a
1038 1281 1343 1338 valetudine
1381 1283 1618 1339 calcibus
1660 1285 1831 1355 impe-

238 1378 363 1424 tens
417 1370 653 1424 velocius
682 1370 918 1440 dejiciat.
951 1371 1103 1438 Quod
1130 1383 1183 1426 et
1210 1373 1262 1426 in
1292 1384 1476 1428 nostra
1519 1373 1577 1428 ﬁt
1611 1375 1786 1429 anima
1806 1415 1823 1444 ,

232 1477 361 1518 cum
391 1471 613 1532 utraque
632 1463 822 1532 jejunii
863 1479 928 1519 ex
970 1475 1120 1533 parte
1141 1505 1155 1530 ,
1187 1466 1448 1535 principio
1475 1466 1726 1523 videlicet
1765 1484 1829 1524 ac

233 1555 346 1610 ﬁne
362 1597 375 1618 ,
408 1557 680 1612 ebrietatis
704 1557 844 1612 nube
866 1557 1263 1612 mundationem
1306 1559 1358 1613 in
1381 1561 1537 1616 nobis
1565 1562 1632 1616 ab
1657 1561 1826 1616 absti-

233 1648 416 1700 nentia
446 1646 636 1702 factam
665 1647 1008 1703 otl'uscamus.
1037 1648 1213 1703 Veluti
1239 1651 1385 1705 enim
1413 1653 1504 1722 qui
1529 1668 1651 1708 cum
1700 1653 1827 1708 feris

232 1736 571 1801 dimicaturi,
599 1738 764 1792 armis
785 1739 964 1794 multis
984 1779 999 1805 ,
1039 1740 1487 1811 munimentisque
1517 1743 1826 1812 principalia

230 1843 458 1898 qumque
487 1829 725 1882 membra
752 1829 1115 1897 circumdant,
1147 1841 1308 1901 atque
1337 1832 1406 1886 ita
1433 1848 1555 1887 cum
1589 1833 1692 1888 illis
1715 1833 1827 1890 bel-

234 1921 346 1974 lum
370 1921 666 1990 suscipiunt
697 1939 709 1974 :
738 1922 816 1975 sic
843 1930 896 1976 et
923 1938 1063 1976 nunc
1087 1922 1330 1978 homines
1358 1925 1512 1978 multi
1540 1941 1660 1980 cum
1683 1926 1822 1996 jeju~

231 2014 327 2068 nio
380 2015 528 2083 quasi
572 2029 692 2068 cum
737 2015 844 2069 fera
880 2016 1107 2086 quadam
1149 2017 1465 2086 pugnaturi,
1508 2019 1711 2072 ventris
1762 2033 1822 2074 se

229 2107 450 2174 crapula
479 2107 756 2174 muniunt,
809 2107 1308 2178 disrumpcntesqtte
1357 2125 1476 2164 sese
1521 2121 1574 2165 et
1599 2111 1827 2166 obteno-

227 2195 449 2249 brantes
470 2236 486 2262 ,
516 2198 680 2250 multa
708 2214 830 2252 cum
865 2199 1222 2267 imprudentia
1253 2201 1434 2254 mitem
1481 2217 1546 2256 ac
1585 2203 1820 2272 quietum

222 2288 412 2358 jejunii
444 2301 716 2360 aspectum
765 2293 1081 2362 suscipiunt.
1111 2295 1283 2363 Atque
1315 2296 1357 2348 si
1388 2295 1693 2369 quempiam
1742 2297 1821 2350 iu-

226 2391 570 2450 terrogavero
592 2424 606 2446 ,
630 2382 794 2450 Cujus
822 2385 898 2438 rei
946 2385 1116 2454 gratia
1142 2385 1208 2439 ad
1239 2386 1474 2440 thermas
1501 2387 1657 2442 hodie
1698 2403 1820 2457 pro-

223 2487 384 2542 peras
413 2489 427 2526 :
457 2473 527 2529 Ut
552 2475 732 2530 abluto
761 2491 984 2546 corpore
1011 2519 1023 2541 ,
1076 2479 1306 2548 inquies,
1333 2479 1597 2550 jejunium
1649 2482 1818 2535 susci-

224 2566 387 2634 piam.
439 2567 495 2621 Si
525 2583 652 2621 vcro
703 2577 754 2622 te
798 2569 1242 2638 interrogavero,
1277 2570 1454 2637 Quare
1495 2572 1809 2639 inebriaris,

1399 437 1492 491 DE
1531 436 1999 494 ινυΕΝιΤΕΝτιΑ.
2032 439 2262 496 HOMIL.
2308 441 2396 497 Vl.

3431 453 3536 510 δη

1939 550 2131 606 iterum
2187 551 2355 620 dices,
2404 553 2665 621 Quoniam
2703 555 2967 627 jejunium
3008 573 3124 614 sum
3170 557 3533 630 ingressurus.

1935 642 2216 708 Quomodo
2247 644 2404 714 igitur
2426 662 2532 700 non
2557 662 2862 716 erroneum,
2894 665 3121 720 corpore
3139 654 3354 722 quidem
3372 672 3527 724 puro,

1935 733 2144 804 impura
2167 751 2293 790 vero
2304 736 2555 806 ebriaque
2572 739 2767 805 anima,
2785 742 3199 810 pulcherrimum
3217 745 3314 801 hoc
3331 744 3526 802 festum

1932 825 2182 894 excipere
2201 827 2431 880 ‘?Plura
2457 827 2684 884 dicenda
2710 841 3046 900 supererant,
3077 835 3172 889 sed
3202 834 3316 891 haec
3339 837 3534 894 sobriis

1937 915 2005 969 ad
2029 919 2420 973 correctionem
2449 920 2740 976 sufﬁciunt.
2764 924 2939 991 Quare
2966 941 3186 983 necesse
3209 939 3291 983 est
3319 931 3532 986 dicendi

1933 1009 2095 1062 tinem
2125 1009 2336 1064 facere:
2367 1027 2490 1065 nam
2513 1014 2672 1082 cupio
2704 1016 2872 1083 patris
2909 1018 3096 1074 audire
3135 1035 3318 1075 vocem
3351 1040 3363 1075 :
3394 1039 3528 1092 quo-

1935 1101 2079 1155 niam
2103 1102 2201 1171 ipsi
2218 1103 2431 1173 quidem
2456 1105 2610 1174 quasi
2635 1107 2926 1175 pastorales
2949 1111 3099 1178 pueri
3123 1111 3300 1166 subtili
3321 1115 3530 1170 calamo

1935 1191 2210 1246 sibilamus
2233 1234 2248 1259 ,
2283 1195 2447 1249 veluti
2471 1196 2572 1250 sub
2594 1213 2792 1267 quercu
2817 1211 2909 1254 aut
2930 1199 3054 1271 fago
3080 1204 3307 1273 quadam
3328 1206 3394 1260 ad
3418 1223 3529 1262 um-

1935 1283 2084 1338 bram
2104 1299 2379 1340 sacrorum
2399 1287 2590 1342 borum
2614 1289 2894 1357 sedentes;
2927 1291 3014 1347 hic
3029 1305 3208 1349 autem
3230 1296 3396 1352 veluti
3414 1315 3531 1354 mu-

1936 1376 2080 1432 sicus
2105 1379 2343 1447 Optimus
2368 1395 2584 1436 auream
2611 1382 2872 1438 citharam
2903 1386 3231 1454 modulatus,
3272 1406 3524 1447 sonorum

1933 1482 2196 1526 concentu
2237 1473 2550 1530 universum
2578 1477 2774 1530 excitat
2805 1477 3072 1533 theatrum
3102 1496 3116 1533 :
3159 1481 3237 1536 sic
3263 1491 3318 1536 et
3370 1483 3528 1552 hujus

1934 1569 2040 1609 non
2064 1556 2417 1624 pulsationum
2435 1600 2450 1624 ,
2475 1558 2569 1613 sed
2596 1561 2880 1616 verborum
2910 1571 2966 1618 et
2994 1578 3215 1633 operum
3232 1574 3524 1620 cencentus

1932 1647 2218 1716 plurimam
2257 1648 2412 1703 nobis
2445 1649 2600 1704 aﬂ‘ert
2628 1651 2932 1707 utilitatem.
2969 1653 3247 1724 Ejusmodi
3273 1665 3328 1710 et
3368 1657 3529 1711 Chri-

1931 1747 2044 1793 stus
2070 1738 2319 1794 doctores
2345 1741 2570 1809 quierit:
2602 1741 2700 1808 Qui
2725 1744 2856 1796 enim
2879 1745 3051 1813 fecerit
3081 1755 3126 1798 et
3151 1747 3396 1811 docuerit,
3443 1748 3528 1801 in-

1929 1831 2064 1898 quit,
2086 1831 2166 1884 Itic
2194 1849 2406 1902 magnus
2426 1831 2682 1885 vocabitur
2707 1834 2759 1886 in
2784 1851 2940 1904 regno
2962 1835 3201 1888 αιτιοι-ωτι
3230 1835 3444 1906 (Matth.
3467 1838 3523 1893 5.

1934 1920 2044 1990 19).
2077 1923 2354 1991 Ejusmodi
2379 1933 2464 1978 est
2507 1924 2608 1978 iste
2639 1943 2650 1977 :
2679 1934 3007 1994 quapropter
3034 1935 3089 1980 et
3118 1941 3340 1996 magnus
3361 1935 3443 1980 est
3471 1927 3526 1981 in

1929 2030 2094 2086 regno
2121 2016 2403 2071 caelorum.
2435 2016 2722 2086 Contingat
2769 2026 2947 2071 autem
2989 2026 3046 2073 et
3073 2033 3170 2070 nos
3214 2019 3362 2087 ejus,
3409 2033 3528 2071 om-

1927 2108 2180 2177 niumque
2221 2108 2508 2177 pracsulum
2531 2108 2861 2162 orationibus
2884 2123 3049 2179 regno
3070 2107 3320 2162 caelorum
3337 2108 3526 2176 dignos
3594 2125 3599 2130 '

1927 2197 2066 2265 ﬁeri,
2092 2199 2258 2268 gratia
2289 2209 2343 2253 et
2363 2199 2689 2266 benignitate
2716 2201 2926 2253 Domini
2949 2202 3115 2254 nostri
3146 2200 3274 2254 Jesu
3294 2199 3518 2266 Christi,

1920 2307 2046 2346 cum
2077 2308 2182 2362 quo
2210 2293 2350 2346 Patri
2384 2293 2547 2360 gloria
2570 2334 2585 2358 ,
2618 2307 2738 2346 cum
2769 2301 2954 2346 sancto
3001 2294 3222 2362 Spiritu,
3275 2308 3416 2347 nunc
3462 2301 3518 2348 et

1923 2402 2155 2458 semper,
2188 2398 2241 2443 et
2266 2390 2316 2443 in
2338 2390 2532 2443 saecula
2559 2389 2901 2443 smculorum.
2934 2390 3124 2443 Amen.

1987 2521 2002 2551 ⁸
2040 2520 2112 2589 sie
2133 2527 2236 2567 sav.
2253 2526 2316 2589 et
2349 2533 2472 2589 unus
2511 2526 2625 2589 Reg.
2667 2525 2720 2567 tn
2741 2525 2790 2567 Β.
2815 2525 2867 2570 et
2889 2520 3014 2581 apud
3040 2518 3224 2579 ποι-ειη
3249 2517 3519 2582 pulcherri-

1921 2594 2050 2630 mam
2071 2582 2194 2629 Itum:
2220 2582 2440 2630 virtutem
2463 2582 2724 2644 suscipere.

1438 2793 1579 2864 DE
1643 2793 2352 2882 PCENITENTIA,

1100 2961 1349 3016 ΩΠΔΒΤΔ
1388 2967 1783 3010 ΗΕΒΒΟΜΔΒΔ
1825 2967 2040 3010 SACRE
2083 2965 2622 3018 ρυΑωιΑαΕειΜλΕ.

1825 3108 1914 3124 ηι-

799 3231 1012 3271 aomm
1055 3230 1105 3268 Vl
1157 3214 1252 3285 (α).

294 3308 347 3362 1.
387 3307 554 3374 Quam
574 3306 794 3376 jucundi
825 3305 1116 3376 spiritualis
1137 3305 1296 3375 hujus
1318 3304 1471 3359 nobis
1495 3304 1656 3358 maris
1681 3309 1805 3356 sunt

221 3397 432 3464 ﬂuctus,
457 3408 510 3453 et
540 3399 689 3467 ipsis,
718 3399 805 3468 qui
830 3399 880 3452 in
906 3399 1092 3467 pelago
1120 3407 1262 3463 sunt,
1283 3395 1650 3466 jucundiores.
1680 3394 1811 3448 Nam

220 3488 296 3543 illi
325 3489 538 3558 quidem
568 3499 846 3543 ventorum
879 3489 1188 3553 insolentia,
1223 3489 1273 3541 hi
1305 3490 1517 3542 auditus
1547 3487 1813 3542 desiderio

220 3583 519 3636 excitantur
560 3591 662 3637 :et
718 3582 793 3636 illi
838 3582 1055 3652 quidem
1108 3580 1390 3635 sublimius
1444 3581 1809 3650 agglomerati,

221 3673 631 3742 trepidationem
659 3673 1002 3743 gubernatori
1027 3671 1308 3740 plurimam
1343 3670 1614 3725 inferunt:
1649 3672 1700 3723 hi
1724 3672 1811 3724 ubi

220 3777 596 3836 apparuerunt,
621 3767 884 3821 dicentem
907 3765 1095 3819 ﬁducia
1119 3766 1283 3819 multa
1309 3765 1536 3833 replent.
1566 3764 1638 3816 Illi
1672 3766 1812 3816 enim

221 3856 488 3912 furibundi
519 3859 680 3912 maris
696 3867 1029 3927 argumenta,
1057 3857 1108 3910 hi
1137 3857 1327 3909 animae
1359 3855 1672 3910 lmtabundae
1691 3863 1815 3907 sunt

223 3946 418 4003 indicia
448 3966 461 4002 :
498 3949 572 4002 illi
604 3950 766 4016 petris
817 3948 937 4002 illisi
968 3948 1251 4018 ignobilem
1281 3949 1513 4000 sonitum
1563 3945 1807 4010 reddunt,

223 4039 278 4094 bi
303 4056 429 4096 vero
458 4041 714 4095 doctrina:
746 4041 911 4096 verbo
939 4041 1153 4094 contriti
1175 4040 1420 4094 blandam
1445 4054 1627 4092 vocem
1655 4039 1812 4092 emit-

221 4140 359 4186 tunt.
390 4133 478 4187 Sic
497 4142 551 4187 et
578 4133 796 4205 zephyri
824 4133 980 4186 ﬂatus
1007 4133 1058 4186 in
1081 4141 1192 4185 sata
1215 4131 1486 4191 cadentes.
1518 4140 1678 4201 atque
1700 4129 1812 4197 ipsa

221 4223 490 4299 Spicarum
529 4225 702 4293 capita
747 4225 1064 4279 inclinantes
1103 4238 1167 4278 ac
1201 4226 1539 4288 relevantes,
1577 4223 1626 4276 in
1674 4233 1813 4277 terra

222 4316 386 4370 maris
415 4316 607 4370 ﬂuctus
654 4317 947 4371 imitantur.
979 4316 1084 4371 Sed
1123 4327 1177 4370 et
1216 4317 1318 4370 illis
1345 4315 1813 4385 satisjucundiora

221 4415 346 4461 sunt
372 4405 485 4461 bare
510 4424 522 4459 :
554 4421 656 4460 non
679 4409 818 4461 enim
842 4407 1059 4478 zephyri
1083 4407 1259 4473 ﬂatus,
1285 4407 1376 4462 sed
1398 4407 1626 4476 Spiritus
1641 4408 1810 4476 gratia

223 4507 428 4554 vestras
460 4500 666 4552 animas
701 4505 901 4555 excitat
929 4510 982 4554 et
1012 4498 1326 4566 inﬂammat,
1357 4509 1410 4553 et
1439 4500 1612 4568 ignem
1643 4500 1811 4564 illum,

221 4591 290 4648 de
314 4608 419 4662 quo
457 4592 584 4647 olim
613 4593 855 4648 Christus
891 4611 903 4646 :
939 4591 1120 4662 Ignem
1160 4593 1270 4646 veni
1299 4594 1491 4646 mittere
1519 4595 1571 4645 in
1603 4603 1808 4656 terram,

221 4694 268 4738 et
296 4683 574 4755 quidvolo,
605 4685 703 4738 nisi
735 4694 786 4736 ut
815 4684 1122 4737 accendatur
1150 4686 1166 4753 (
1192 4682 1321 4737 Luc.
1357 4683 1441 4738 12.
1475 4683 1544 4739 49
1566 4688 1582 4753 )
1608 4683 1632 4736 ?
1664 4683 1813 4737 Hunc

221 4776 378 4831 video
429 4777 725 4830 immissum
757 4775 1143 4845 incensumque
1187 4777 1238 4830 in
1287 4778 1568 4830 animabus
1600 4777 1809 4838 vestris.

219 4870 483 4937 Quoniam
532 4870 690 4940 igitur
735 4877 813 4922 tot
841 4869 1112 4937 lampades
1143 4869 1296 4923 nobis
1317 4867 1515 4924 Christi
1539 4873 1698 4924 timor
1726 4881 1813 4923 ac-

219 4963 418 5028 cendit,
457 4963 596 5033 agite
637 4962 759 5016 hinc
809 4961 1067 5017 doctrinae
1109 4960 1287 5016 oleum
1322 4961 1662 5030 instillemus,
1707 4977 1813 5032 quo

221 5057 378 5111 nobis
401 5055 705 5110 diuturnior
773 5055 864 5109 lux
895 5057 1002 5108 liat.

290 5148 486 5217 Jejunii
508 5155 702 5219 fructus
727 5149 1025 5219 querenda:
1046 5165 1067 5215 ;
1087 5149 1140 5202 in
1167 5148 1392 5202 studium
1412 5149 1814 5220 spectaculorum

222 5245 500 5297 invehitur.
531 5271 602 5282 --
632 5242 841 5297 Etenim
863 5241 1016 5297 nobis
1043 5241 1111 5297 de
1153 5251 1348 5296 caetero
1373 5242 1558 5312 jejunii
1605 5253 1811 5314 tempus

217 5335 285 5390 ad
302 5336 462 5390 [luem
480 5345 635 5406 urget
656 5352 670 5389 :
696 5352 816 5390 nam
834 5337 899 5388 ad
923 5335 1077 5390 stadii
1101 5335 1332 5390 medium
1353 5336 1638 5405 progressi,
1654 5337 1809 5390 dein-

216 5443 346 5497 ceps
373 5428 439 5482 ad
465 5428 637 5498 ipsum
665 5427 823 5482 linem
850 5427 1212 5484 concedimus.
1254 5426 1401 5482 Sicut
1428 5427 1570 5482 enim
1597 5430 1684 5498 qui
1726 5427 1803 5481 in-

287 5765 361 5827 (a)
393 5767 569 5817 Collata
592 5779 702 5817 cum
725 5763 896 5828 Codice
921 5771 1016 5813 Em.
1037 5765 1170 5828 card.
1196 5765 1419 5828 Qttoboni
1444 5765 1581 5828 cujus
1597 5773 1710 5815 nota
1733 5772 1810 5815 est

218 5834 377 5938 {teut}
395 5828 468 5889 16,
495 5838 546 5879 et
575 5842 684 5879 cum
715 5827 824 5877 God.
852 5828 1131 5878 Baroociano
1151 5827 1246 5877 212
1267 5839 1296 5878 a
1318 5834 1371 5877 ι).
1390 5828 1659 5883 Wetstenio
1683 5829 1811 5878 Basi-

258 5905 269 5919 '
339 5904 362 5938 3
383 5925 395 5938 .

1920 3213 2082 3281 cepit,
2112 3213 2164 3265 in
2193 3211 2368 3267 medio
2392 3219 2505 3266 est:
2541 3213 2611 3266 ita
2629 3211 2718 3280 qui
2750 3211 2815 3266 ad
2843 3212 3074 3267 medium
3094 3213 3325 3279 devenit,
3351 3215 3512 3272 linem

1919 3302 2289 3372 apprehendit.
2324 3301 2486 3372 Igitur
2516 3313 2726 3371 tempus
2753 3301 2818 3355 ad
2844 3303 3001 3357 linem
3035 3305 3222 3373 vergit,
3261 3315 3420 3374 atque
3449 3306 3516 3360 de

1919 3406 2116 3450 caitero
2156 3405 2368 3464 portum
2404 3395 2591 3464 cymba
2623 3393 2908 3462 prospicit;
2933 3393 3025 3447 sed
3073 3394 3212 3463 quod
3237 3396 3515 3464 quaeritur,

1920 3499 2026 3538 non
2061 3484 2170 3554 jam
2201 3494 2284 3538 est
2311 3484 2378 3539 ad
2415 3494 2628 3553 portum
2657 3485 2958 3553 pervenire,
2991 3485 3084 3539 sed
3133 3501 3324 3540 navem
3375 3485 3516 3541 haud

1921 3575 2051 3630 lucri
2075 3593 2292 3631 vacuam
2319 3577 2551 3632 trahere.
2575 3577 2682 3632 Oro
2710 3594 2803 3632 vos
2821 3594 3007 3631 omnes
3027 3592 3081 3632 et
3102 3580 3344 3642 obsecro,
3365 3595 3515 3633 suam

1901 3669 2141 3744 quisque
2159 3670 2224 3722 ad
2237 3670 2617 3723 Conscientiam
2637 3670 2825 3738 jejunii
2854 3670 3263 3739 negotiationem
3283 3681 3512 3740 reputet,

1919 3779 1980 3820 ac
2009 3765 2052 3818 si
2079 3766 2292 3834 quidem
2323 3767 2532 3820 lucrum
2561 3766 2786 3819 multum
2808 3766 3196 3820 accumulatum
3225 3765 3512 3832 invenerit,

1921 3856 2267 3926 negatiationi
2307 3859 2467 3912 addat
2496 3876 2508 3910 :
2542 3858 2587 3911 si
2621 3858 2750 3912 nihil
2791 3868 3196 3927 congregatum,
3242 3859 3507 3926 reliquum

1919 3951 2175 4018 temporis
2233 3951 2580 4019 negotiationi
2637 3951 2927 4019 impendat.
2962 3949 3317 4018 Quoadusque
3369 3957 3516 4004 stant

1920 4042 2194 4106 nundinae,
2241 4042 2572 4111 negotiantes
2602 4041 2670 4095 de
2707 4055 2899 4111 magno
2928 4041 3078 4094 lucro
3107 4040 3509 4107 contendamus,

1919 4150 1986 4188 ne
2016 4136 2195 4187 vacuis
2222 4135 2534 4188 recedamus
2566 4133 2829 4196 manibus,
2864 4133 3129 4203 nejejunii
3160 4133 3396 4187 laborem
3426 4143 3510 4186 to-

1919 4225 2171 4289 lerantes,
2197 4224 2386 4293 jejunii
2428 4224 2734 4278 amittamus
2767 4225 3064 4294 prmmium.
3096 4224 3244 4278 Licet
3289 4225 3430 4278 enim
3458 4235 3512 4278 et

1911 4317 2102 4386 jejunii
2131 4317 2367 4371 laborem
2397 4315 2640 4379 suli‘erre,
2675 4316 2932 4386 ctjejunii
2960 4315 3190 4370 fructum
3225 4332 3330 4371 non
3375 4333 3508 4372 con-

1917 4409 2066 4478 sequi
2097 4426 2111 4462 :
2136 4407 2404 4478 quomodo
2425 4410 2448 4458 ’ἐ
2471 4405 2604 4461 Cum
2629 4406 2834 4460 scilicet
2859 4421 2980 4460 esca
3007 4408 3356 4471 abstinemus,
3383 4424 3508 4477 pec-

1917 4510 2037 4553 cato
2061 4515 2164 4553 non
2194 4499 2526 4554 abstinemus
2552 4516 2564 4552 :
2595 4514 2717 4552 cum
2734 4497 2984 4553 carnibus
3010 4500 3224 4568 quidem
3254 4515 3360 4554 non
3415 4516 3508 4555 vc-

1917 4591 2133 4656 scimur,
2155 4591 2476 4646 devoramus
2498 4599 2675 4645 tamen
2699 4603 2988 4659 pauperum
3010 4589 3224 4646 domos:
3241 4605 3362 4645 cum
3386 4590 3510 4645 vino

1916 4681 2130 4753 quidem
2159 4681 2303 4735 haud
2330 4681 2680 4748 inebriamur,
2711 4681 3040 4736 inebriamur
3069 4696 3197 4736 vero
3226 4681 3511 4736 desideriis

1917 4773 2098 4843 pravis
2123 4791 2136 4826 ε
2168 4789 2288 4828 cum
2317 4773 2533 4844 quidem
2561 4773 2736 4829 inedia
2778 4781 2943 4827 totam
2976 4774 3314 4844 transigimus
3343 4774 3506 4839 diem.

1915 4874 2074 4934 atque
2093 4865 2336 4920 eamdem
2369 4865 2650 4935 impudicis
2681 4865 2737 4920 in
2764 4863 3082 4933 spectaculis
3118 4864 3505 4930 consumimus,

1916 4957 2054 5012 Ecce
2095 4959 2280 5030 jejunii
2323 4959 2495 5027 labor,
2525 4967 2580 5013 et
2622 4958 2814 5028 jejunii
2862 4957 3062 5010 fructus
3099 4971 3354 5025 nusquam
3400 4967 3504 5024 est,

1912 5065 2034 5106 cum
2075 5051 2366 5122 iniquitatis
2413 5054 2621 5105 theatra
2661 5048 3089 5104 conscendimus.
3140 5047 3256 5101 Non
3297 5047 3361 5102 ad
3409 5065 3508 5105 vos

1915 5141 2047 5196 mihi
2074 5152 2155 5198 est
2193 5159 2392 5207 sermo,
2426 5141 2548 5196 novi
2571 5141 2714 5196 enim
2745 5140 2812 5194 ab
2832 5155 2894 5194 ea
2925 5139 3266 5194 accusatione
3291 5155 3387 5194 vos
3411 5157 3505 5194 va-

1912 5249 2041 5288 cuos
2071 5250 2228 5300 esse;
2260 5233 2355 5289 sed
2395 5247 2514 5288 mos
2559 5231 2745 5286 dolore
2771 5231 2973 5301 pressis
2997 5239 3100 5300 est,
3132 5245 3252 5285 cum
3280 5232 3359 5286 eis
3399 5248 3503 5286 non

1911 5325 2122 5391 adsunt,
2153 5326 2240 5396 qui
2271 5325 2473 5380 doloris
2517 5324 2645 5378 dant
2671 5338 2908 5388 causam,
2943 5325 2993 5377 in
3026 5335 3319 5392 prteseutes
3371 5325 3500 5380 iram

1911 5432 2184 5472 evomere.
2231 5416 2384 5484 Quod
2425 5417 2568 5472 enim
2595 5417 2798 5471 lucrum
2825 5417 3127 5486 jejunantes
3160 5416 3365 5470 theatra
3397 5416 3503 5468 ini-

1909 5509 2126 5578 quitatis
2157 5509 2470 5576 ascendere,
2517 5507 2585 5564 ad
2621 5524 2962 5564 communem
2990 5509 3214 5568 luxuria:
3258 5507 3493 5562 scholam

1911 5601 2154 5667 introire,
2173 5602 2239 5657 ad
2259 5603 2528 5673 publicum
2547 5602 2946 5657 incontinentiae
2960 5601 3312 5672 gymnasium,
3337 5613 3500 5666 super

1908 5693 2221 5748 cathedram
2269 5693 2455 5748 sedere
2484 5693 2947 5764 pestilentiarum?
2975 5691 3188 5747 Etenim
3223 5699 3278 5745 et
3308 5689 3497 5744 cathe-

1908 5785 2058 5840 dram
2083 5785 2417 5856 pestilentiae,
2447 5794 2502 5842 et
2529 5784 2928 5840 incontinentiaa
2953 5782 3312 5854 gymnasium,
3334 5779 3496 5836 scho—

1909 5881 2122 5951 lamque
2170 5879 2410 5950 luxuriae,
2443 5888 2494 5935 ct
2524 5878 2702 5935 omnia
2734 5876 3038 5948 turpissima
3079 5873 3410 5931 orchestram
3450 5874 3496 5930 si
