  <div class='ocr_page' id='page_1' title='image "/cluster/home/n/w/nwhite01/storage/ocr_20150623/49:no.2:pt.1/coo.31924054869486/313.png"; bbox 0 0 4066 6432; ppageno 0'>
   <div class='ocr_carea' id='block_1_1' title="bbox 706 408 811 463">
    <p class='ocr_par' dir='ltr' id='par_1_1' title="bbox 706 408 811 463">
     <span class='ocr_line' id='line_1_1' title="bbox 706 408 811 463; baseline 0.01 -1"><span class='ocrx_word' id='word_1_1' title='bbox 706 408 811 463; x_wconf 72' lang='grc' dir='ltr'><strong>3Ιὸ</strong></span> 
     </span>
    </p>
   </div>
   <div class='ocr_carea' id='block_1_2' title="bbox 656 515 2283 588">
    <p class='ocr_par' dir='ltr' id='par_1_2' title="bbox 656 515 2283 588">
     <span class='ocr_line' id='line_1_2' title="bbox 656 515 2283 588; baseline -0.002 -16"><span class='ocrx_word' id='word_1_2' title='bbox 656 540 659 551; x_wconf 92' lang='grc'>·</span> <span class='ocrx_word' id='word_1_3' title='bbox 706 535 827 588; x_wconf 81' lang='lat' dir='ltr'><strong>quis</strong></span> <span class='ocrx_word' id='word_1_4' title='bbox 851 518 1065 584; x_wconf 81' lang='lat' dir='ltr'><strong>dixerit,</strong></span> <span class='ocrx_word' id='word_1_5' title='bbox 1096 517 1232 573; x_wconf 86' lang='lat' dir='ltr'><strong>haud</strong></span> <span class='ocrx_word' id='word_1_6' title='bbox 1260 515 1577 588; x_wconf 86' lang='lat' dir='ltr'><strong>peccaverit,</strong></span> <span class='ocrx_word' id='word_1_7' title='bbox 1606 518 1894 588; x_wconf 84' lang='lat' dir='ltr'><strong>pessimum</strong></span> <span class='ocrx_word' id='word_1_8' title='bbox 1922 516 2066 570; x_wconf 92' lang='lat' dir='ltr'><strong>illum</strong></span> <span class='ocrx_word' id='word_1_9' title='bbox 2087 516 2283 579; x_wconf 91' lang='lat' dir='ltr'><strong>locum,</strong></span> 
     </span>
    </p>
   </div>
   <div class='ocr_carea' id='block_1_3' title="bbox 706 608 2294 684">
    <p class='ocr_par' dir='ltr' id='par_1_3' title="bbox 706 608 2294 684">
     <span class='ocr_line' id='line_1_3' title="bbox 706 608 2294 684; baseline -0.003 -17"><span class='ocrx_word' id='word_1_10' title='bbox 706 612 1161 684; x_wconf 88' lang='lat' dir='ltr'><strong>plurimorumque</strong></span> <span class='ocrx_word' id='word_1_11' title='bbox 1182 610 1490 666; x_wconf 85' lang='lat' dir='ltr'><strong>morborum</strong></span> <span class='ocrx_word' id='word_1_12' title='bbox 1520 611 1757 681; x_wconf 85' lang='lat' dir='ltr'><strong>plenum,</strong></span> <span class='ocrx_word' id='word_1_13' title='bbox 1781 609 2157 682; x_wconf 82' lang='lat' dir='ltr'><strong>Bahylonicam</strong></span> <span class='ocrx_word' id='word_1_14' title='bbox 2186 608 2294 663; x_wconf 89' lang='lat' dir='ltr'><strong>for-</strong></span> 
     </span>
    </p>
   </div>
   <div class='ocr_carea' id='block_1_4' title="bbox 704 701 2319 771">
    <p class='ocr_par' dir='ltr' id='par_1_4' title="bbox 704 701 2319 771">
     <span class='ocr_line' id='line_1_4' title="bbox 704 701 2319 771; baseline -0.002 -14"><span class='ocrx_word' id='word_1_15' title='bbox 704 718 913 757; x_wconf 83' lang='lat' dir='ltr'><strong>nacem.</strong></span> <span class='ocrx_word' id='word_1_16' title='bbox 940 701 1071 757; x_wconf 87' lang='lat' dir='ltr'><strong>Nam</strong></span> <span class='ocrx_word' id='word_1_17' title='bbox 1102 703 1244 757; x_wconf 88' lang='lat' dir='ltr'><strong>velut</strong></span> <span class='ocrx_word' id='word_1_18' title='bbox 1270 702 1320 755; x_wconf 93' lang='lat' dir='ltr'><strong>in</strong></span> <span class='ocrx_word' id='word_1_19' title='bbox 1353 703 1620 757; x_wconf 88' lang='lat' dir='ltr'><strong>fornacem</strong></span> <span class='ocrx_word' id='word_1_20' title='bbox 1651 702 1934 771; x_wconf 88' lang='lat' dir='ltr'><strong>quamdam</strong></span> <span class='ocrx_word' id='word_1_21' title='bbox 1956 702 2287 770; x_wconf 85' lang='lat' dir='ltr'><strong>compellens</strong></span> <span class='ocrx_word' id='word_1_22' title='bbox 2316 708 2319 715; x_wconf 90' lang='lat'>&#39;</span> 
     </span>
    </p>
   </div>
   <div class='ocr_carea' id='block_1_5' title="bbox 706 790 2289 859">
    <p class='ocr_par' dir='ltr' id='par_1_5' title="bbox 706 790 2289 859">
     <span class='ocr_line' id='line_1_5' title="bbox 706 790 2289 859; baseline -0.001 -13"><span class='ocrx_word' id='word_1_23' title='bbox 706 792 760 846; x_wconf 89' lang='lat' dir='ltr'><strong>in</strong></span> <span class='ocrx_word' id='word_1_24' title='bbox 792 792 1056 847; x_wconf 87' lang='lat' dir='ltr'><strong>theatrum</strong></span> <span class='ocrx_word' id='word_1_25' title='bbox 1098 792 1343 848; x_wconf 79' lang='lat' dir='ltr'><strong>diabolus</strong></span> <span class='ocrx_word' id='word_1_26' title='bbox 1372 792 1581 858; x_wconf 81' lang='lat' dir='ltr'><strong>urbem,</strong></span> <span class='ocrx_word' id='word_1_27' title='bbox 1631 793 1709 847; x_wconf 82' lang='lat' dir='ltr'><strong>sic</strong></span> <span class='ocrx_word' id='word_1_28' title='bbox 1735 792 1803 846; x_wconf 89' lang='lat' dir='ltr'><strong>ab</strong></span> <span class='ocrx_word' id='word_1_29' title='bbox 1834 791 1942 846; x_wconf 89' lang='lat' dir='ltr'><strong>imo</strong></span> <span class='ocrx_word' id='word_1_30' title='bbox 1986 790 2289 859; x_wconf 90' lang='lat' dir='ltr'><strong>succendit,</strong></span> 
     </span>
    </p>
   </div>
   <div class='ocr_carea' id='block_1_6' title="bbox 705 884 2297 955">
    <p class='ocr_par' dir='ltr' id='par_1_6' title="bbox 705 884 2297 955">
     <span class='ocr_line' id='line_1_6' title="bbox 705 884 2297 955; baseline 0.003 -18"><span class='ocrx_word' id='word_1_31' title='bbox 705 901 811 938; x_wconf 89' lang='lat' dir='ltr'><strong>non</strong></span> <span class='ocrx_word' id='word_1_32' title='bbox 848 887 958 955; x_wconf 88' lang='lat' dir='ltr'><strong>jam</strong></span> <span class='ocrx_word' id='word_1_33' title='bbox 989 886 1264 940; x_wconf 81' lang='lat' dir='ltr'><strong>malleolos</strong></span> <span class='ocrx_word' id='word_1_34' title='bbox 1290 886 1610 941; x_wconf 85' lang='lat' dir='ltr'><strong>submittens</strong></span> <span class='ocrx_word' id='word_1_35' title='bbox 1630 927 1644 951; x_wconf 92' lang='lat'><strong>,</strong></span> <span class='ocrx_word' id='word_1_36' title='bbox 1672 885 1834 940; x_wconf 85' lang='lat' dir='ltr'><strong>veluti</strong></span> <span class='ocrx_word' id='word_1_37' title='bbox 1873 894 1996 939; x_wconf 91' lang='lat' dir='ltr'><strong>tunc</strong></span> <span class='ocrx_word' id='word_1_38' title='bbox 2037 884 2297 942; x_wconf 74' lang='lat' dir='ltr'><strong>barbarus</strong></span> 
     </span>
    </p>
   </div>
   <div class='ocr_carea' id='block_1_7' title="bbox 709 977 2291 1048">
    <p class='ocr_par' dir='ltr' id='par_1_7' title="bbox 709 977 2291 1048">
     <span class='ocr_line' id='line_1_7' title="bbox 709 977 2291 1048; baseline 0.001 -19"><span class='ocrx_word' id='word_1_39' title='bbox 709 977 821 1041; x_wconf 90' lang='lat' dir='ltr'><strong>ille,</strong></span> <span class='ocrx_word' id='word_1_40' title='bbox 854 992 1027 1046; x_wconf 88' lang='lat' dir='ltr'><strong>neque</strong></span> <span class='ocrx_word' id='word_1_41' title='bbox 1054 977 1371 1045; x_wconf 88' lang='lat' dir='ltr'><strong>naphtham,</strong></span> <span class='ocrx_word' id='word_1_42' title='bbox 1402 992 1578 1046; x_wconf 89' lang='lat' dir='ltr'><strong>neque</strong></span> <span class='ocrx_word' id='word_1_43' title='bbox 1620 987 1853 1048; x_wconf 89' lang='lat' dir='ltr'><strong>stupam,</strong></span> <span class='ocrx_word' id='word_1_44' title='bbox 1886 992 2059 1046; x_wconf 89' lang='lat' dir='ltr'><strong>neque</strong></span> <span class='ocrx_word' id='word_1_45' title='bbox 2081 978 2291 1046; x_wconf 86' lang='lat' dir='ltr'><strong>picem;</strong></span> 
     </span>
    </p>
   </div>
   <div class='ocr_carea' id='block_1_8' title="bbox 703 1066 2293 1139">
    <p class='ocr_par' dir='ltr' id='par_1_8' title="bbox 703 1066 2293 1139">
     <span class='ocr_line' id='line_1_8' title="bbox 703 1066 2293 1139; baseline 0.003 -19"><span class='ocrx_word' id='word_1_46' title='bbox 703 1066 798 1121; x_wconf 73' lang='lat' dir='ltr'><strong>Sed</strong></span> <span class='ocrx_word' id='word_1_47' title='bbox 821 1066 905 1121; x_wconf 82' lang='lat' dir='ltr'><strong>his</strong></span> <span class='ocrx_word' id='word_1_48' title='bbox 930 1068 1097 1122; x_wconf 86' lang='lat' dir='ltr'><strong>multo</strong></span> <span class='ocrx_word' id='word_1_49' title='bbox 1123 1068 1349 1139; x_wconf 69' lang='lat' dir='ltr'><strong>pejora‘,</strong></span> <span class='ocrx_word' id='word_1_50' title='bbox 1386 1068 1699 1123; x_wconf 87' lang='lat' dir='ltr'><strong>fornicarios</strong></span> <span class='ocrx_word' id='word_1_51' title='bbox 1723 1069 1891 1133; x_wconf 91' lang='lat' dir='ltr'><strong>visus,</strong></span> <span class='ocrx_word' id='word_1_52' title='bbox 1917 1069 2087 1137; x_wconf 89' lang='lat' dir='ltr'><strong>turpia</strong></span> <span class='ocrx_word' id='word_1_53' title='bbox 2109 1070 2293 1136; x_wconf 87' lang='lat' dir='ltr'><strong>verba,</strong></span> 
     </span>
    </p>
   </div>
   <div class='ocr_carea' id='block_1_9' title="bbox 703 1144 2295 1230">
    <p class='ocr_par' dir='ltr' id='par_1_9' title="bbox 703 1144 2295 1230">
     <span class='ocr_line' id='line_1_9' title="bbox 703 1144 2295 1230; baseline 0.001 -17"><span class='ocrx_word' id='word_1_54' title='bbox 703 1144 943 1214; x_wconf 78' lang='lat' dir='ltr'><strong>membra</strong></span> <span class='ocrx_word' id='word_1_55' title='bbox 975 1160 1208 1214; x_wconf 87' lang='lat' dir='ltr'><strong>molliter</strong></span> <span class='ocrx_word' id='word_1_56' title='bbox 1240 1158 1378 1214; x_wconf 79' lang='lat' dir='ltr'><strong>ﬁexa</strong></span> <span class='ocrx_word' id='word_1_57' title='bbox 1403 1202 1418 1226; x_wconf 93' lang='lat'><strong>,</strong></span> <span class='ocrx_word' id='word_1_58' title='bbox 1467 1169 1628 1230; x_wconf 85' lang='lat' dir='ltr'><strong>atque</strong></span> <span class='ocrx_word' id='word_1_59' title='bbox 1665 1162 1841 1215; x_wconf 88' lang='lat' dir='ltr'><strong>omnis</strong></span> <span class='ocrx_word' id='word_1_60' title='bbox 1864 1159 2049 1229; x_wconf 85' lang='lat' dir='ltr'><strong>plenos</strong></span> <span class='ocrx_word' id='word_1_61' title='bbox 2078 1160 2295 1215; x_wconf 60' lang='lat' dir='ltr'><strong>malitia:</strong></span> 
     </span>
    </p>
   </div>
   <div class='ocr_carea' id='block_1_10' title="bbox 702 1251 2296 1323">
    <p class='ocr_par' dir='ltr' id='par_1_10' title="bbox 702 1251 2296 1323">
     <span class='ocr_line' id='line_1_10' title="bbox 702 1251 2296 1323; baseline 0.002 -19"><span class='ocrx_word' id='word_1_62' title='bbox 702 1259 913 1306; x_wconf 90' lang='lat' dir='ltr'><strong>cantus.</strong></span> <span class='ocrx_word' id='word_1_63' title='bbox 944 1251 1092 1307; x_wconf 85' lang='lat' dir='ltr'><strong>Illam</strong></span> <span class='ocrx_word' id='word_1_64' title='bbox 1149 1253 1307 1323; x_wconf 80' lang='lat' dir='ltr'><strong>igitur</strong></span> <span class='ocrx_word' id='word_1_65' title='bbox 1347 1251 1615 1307; x_wconf 82' lang='lat' dir='ltr'><strong>fornacem</strong></span> <span class='ocrx_word' id='word_1_66' title='bbox 1656 1251 1948 1307; x_wconf 68' lang='lat' dir='ltr'><strong>barbarica:</strong></span> <span class='ocrx_word' id='word_1_67' title='bbox 1987 1268 2176 1307; x_wconf 86' lang='lat' dir='ltr'><strong>manus</strong></span> <span class='ocrx_word' id='word_1_68' title='bbox 2207 1268 2296 1308; x_wconf 80' lang='lat' dir='ltr'><strong>ac-</strong></span> 
     </span>
    </p>
   </div>
   <div class='ocr_carea' id='block_1_11' title="bbox 702 1343 2294 1413">
    <p class='ocr_par' dir='ltr' id='par_1_11' title="bbox 702 1343 2294 1413">
     <span class='ocr_line' id='line_1_11' title="bbox 702 1343 2294 1413; baseline 0.001 -15"><span class='ocrx_word' id='word_1_69' title='bbox 702 1343 1023 1411; x_wconf 84' lang='lat' dir='ltr'><strong>cenderunt,</strong></span> <span class='ocrx_word' id='word_1_70' title='bbox 1040 1345 1174 1398; x_wconf 87' lang='lat' dir='ltr'><strong>hanc</strong></span> <span class='ocrx_word' id='word_1_71' title='bbox 1191 1354 1369 1398; x_wconf 88' lang='lat' dir='ltr'><strong>autem</strong></span> <span class='ocrx_word' id='word_1_72' title='bbox 1386 1344 1658 1399; x_wconf 87' lang='lat' dir='ltr'><strong>fornacem</strong></span> <span class='ocrx_word' id='word_1_73' title='bbox 1686 1344 2039 1413; x_wconf 78' lang='lat' dir='ltr'><strong>cogitationes</strong></span> <span class='ocrx_word' id='word_1_74' title='bbox 2054 1344 2294 1399; x_wconf 82' lang='lat' dir='ltr'><strong>barbaris</strong></span> 
     </span>
    </p>
   </div>
   <div class='ocr_carea' id='block_1_12' title="bbox 704 1435 2296 1508">
    <p class='ocr_par' dir='ltr' id='par_1_12' title="bbox 704 1435 2296 1508">
     <span class='ocr_line' id='line_1_12' title="bbox 704 1435 2296 1508; baseline 0.001 -18"><span class='ocrx_word' id='word_1_75' title='bbox 704 1437 1106 1506; x_wconf 88' lang='lat' dir='ltr'><strong>insipientiores</strong></span> <span class='ocrx_word' id='word_1_76' title='bbox 1134 1435 1432 1492; x_wconf 85' lang='lat' dir='ltr'><strong>accendunt</strong></span> <span class='ocrx_word' id='word_1_77' title='bbox 1461 1453 1475 1491; x_wconf 88' lang='lat'><strong>:</strong></span> <span class='ocrx_word' id='word_1_78' title='bbox 1510 1437 1624 1491; x_wconf 65' lang='lat' dir='ltr'><strong>haec</strong></span> <span class='ocrx_word' id='word_1_79' title='bbox 1653 1437 1741 1492; x_wconf 86' lang='lat' dir='ltr'><strong>illa</strong></span> <span class='ocrx_word' id='word_1_80' title='bbox 1771 1437 1943 1506; x_wconf 82' lang='lat' dir='ltr'><strong>pejor,</strong></span> <span class='ocrx_word' id='word_1_81' title='bbox 1971 1437 2296 1508; x_wconf 84' lang='lat' dir='ltr'><strong>quandoqui-</strong></span> 
     </span>
    </p>
   </div>
   <div class='ocr_carea' id='block_1_13' title="bbox 703 1527 2292 1599">
    <p class='ocr_par' dir='ltr' id='par_1_13' title="bbox 703 1527 2292 1599">
     <span class='ocr_line' id='line_1_13' title="bbox 703 1527 2292 1599; baseline 0.002 -17"><span class='ocrx_word' id='word_1_82' title='bbox 703 1527 827 1583; x_wconf 93' lang='lat' dir='ltr'><strong>dem</strong></span> <span class='ocrx_word' id='word_1_83' title='bbox 876 1528 1011 1599; x_wconf 82' lang='lat' dir='ltr'><strong>ignis</strong></span> <span class='ocrx_word' id='word_1_84' title='bbox 1037 1527 1290 1595; x_wconf 85' lang='lat' dir='ltr'><strong>deterior,</strong></span> <span class='ocrx_word' id='word_1_85' title='bbox 1341 1542 1447 1582; x_wconf 92' lang='lat' dir='ltr'><strong>non</strong></span> <span class='ocrx_word' id='word_1_86' title='bbox 1475 1530 1564 1598; x_wconf 87' lang='lat' dir='ltr'><strong>qui</strong></span> <span class='ocrx_word' id='word_1_87' title='bbox 1595 1529 1840 1597; x_wconf 85' lang='lat' dir='ltr'><strong>corporis</strong></span> <span class='ocrx_word' id='word_1_88' title='bbox 1885 1538 2148 1592; x_wconf 84' lang='lat' dir='ltr'><strong>naturam,</strong></span> <span class='ocrx_word' id='word_1_89' title='bbox 2199 1530 2292 1585; x_wconf 89' lang='lat' dir='ltr'><strong>sed</strong></span> 
     </span>
    </p>
   </div>
   <div class='ocr_carea' id='block_1_14' title="bbox 707 1620 2293 1691">
    <p class='ocr_par' dir='ltr' id='par_1_14' title="bbox 707 1620 2293 1691">
     <span class='ocr_line' id='line_1_14' title="bbox 707 1620 2293 1691; baseline 0.003 -18"><span class='ocrx_word' id='word_1_90' title='bbox 707 1620 795 1690; x_wconf 92' lang='lat' dir='ltr'><strong>qui</strong></span> <span class='ocrx_word' id='word_1_91' title='bbox 822 1620 1015 1675; x_wconf 90' lang='lat' dir='ltr'><strong>bonam</strong></span> <span class='ocrx_word' id='word_1_92' title='bbox 1041 1620 1232 1676; x_wconf 71' lang='lat' dir='ltr'><strong>anima:</strong></span> <span class='ocrx_word' id='word_1_93' title='bbox 1253 1620 1606 1691; x_wconf 75' lang='lat' dir='ltr'><strong>depopulatur</strong></span> <span class='ocrx_word' id='word_1_94' title='bbox 1630 1620 1995 1676; x_wconf 83' lang='lat' dir='ltr'><strong>habitudinem</strong></span> <span class='ocrx_word' id='word_1_95' title='bbox 2024 1639 2039 1676; x_wconf 89' lang='lat'><strong><em>:</em></strong></span> <span class='ocrx_word' id='word_1_96' title='bbox 2062 1632 2118 1677; x_wconf 88' lang='lat' dir='ltr'><strong>et</strong></span> <span class='ocrx_word' id='word_1_97' title='bbox 2151 1622 2293 1688; x_wconf 89' lang='lat' dir='ltr'><strong>quod</strong></span> 
     </span>
    </p>
   </div>
   <div class='ocr_carea' id='block_1_15' title="bbox 705 1712 2293 1783">
    <p class='ocr_par' dir='ltr' id='par_1_15' title="bbox 705 1712 2293 1783">
     <span class='ocr_line' id='line_1_15' title="bbox 705 1712 2293 1783; baseline 0.003 -18"><span class='ocrx_word' id='word_1_98' title='bbox 705 1712 987 1767; x_wconf 84' lang='lat' dir='ltr'><strong>nocentius</strong></span> <span class='ocrx_word' id='word_1_99' title='bbox 1030 1720 1130 1777; x_wconf 91' lang='lat' dir='ltr'><strong>est,</strong></span> <span class='ocrx_word' id='word_1_100' title='bbox 1169 1727 1342 1782; x_wconf 84' lang='lat' dir='ltr'><strong>neque</strong></span> <span class='ocrx_word' id='word_1_101' title='bbox 1373 1712 1473 1781; x_wconf 84' lang='lat' dir='ltr'><strong>ipsi</strong></span> <span class='ocrx_word' id='word_1_102' title='bbox 1500 1712 1589 1782; x_wconf 85' lang='lat' dir='ltr'><strong>qui</strong></span> <span class='ocrx_word' id='word_1_103' title='bbox 1625 1713 2030 1781; x_wconf 86' lang='lat' dir='ltr'><strong>comburuntur,</strong></span> <span class='ocrx_word' id='word_1_104' title='bbox 2065 1714 2293 1783; x_wconf 86' lang='lat' dir='ltr'><strong>idipsum</strong></span> 
     </span>
    </p>
   </div>
   <div class='ocr_carea' id='block_1_16' title="bbox 705 1803 2293 1873">
    <p class='ocr_par' dir='ltr' id='par_1_16' title="bbox 705 1803 2293 1873">
     <span class='ocr_line' id='line_1_16' title="bbox 705 1803 2293 1873; baseline 0.002 -16"><span class='ocrx_word' id='word_1_105' title='bbox 705 1804 978 1868; x_wconf 88' lang='lat' dir='ltr'><strong>sentiunt;</strong></span> <span class='ocrx_word' id='word_1_106' title='bbox 1007 1803 1050 1858; x_wconf 93' lang='lat' dir='ltr'><strong>si</strong></span> <span class='ocrx_word' id='word_1_107' title='bbox 1078 1804 1222 1859; x_wconf 90' lang='lat' dir='ltr'><strong>enim</strong></span> <span class='ocrx_word' id='word_1_108' title='bbox 1244 1803 1524 1867; x_wconf 87' lang='lat' dir='ltr'><strong>sentirent,</strong></span> <span class='ocrx_word' id='word_1_109' title='bbox 1555 1818 1658 1857; x_wconf 89' lang='lat' dir='ltr'><strong>non</strong></span> <span class='ocrx_word' id='word_1_110' title='bbox 1677 1803 1786 1873; x_wconf 86' lang='lat' dir='ltr'><strong>jam</strong></span> <span class='ocrx_word' id='word_1_111' title='bbox 1817 1803 2042 1858; x_wconf 66' lang='lat' dir='ltr'><strong>effusum</strong></span> <span class='ocrx_word' id='word_1_112' title='bbox 2063 1805 2210 1859; x_wconf 90' lang='lat' dir='ltr'><strong>illum</strong></span> <span class='ocrx_word' id='word_1_113' title='bbox 2240 1806 2293 1860; x_wconf 91' lang='lat' dir='ltr'><strong>in</strong></span> 
     </span>
    </p>
   </div>
   <div class='ocr_carea' id='block_1_17' title="bbox 706 1894 2295 1965">
    <p class='ocr_par' dir='ltr' id='par_1_17' title="bbox 706 1894 2295 1965">
     <span class='ocr_line' id='line_1_17' title="bbox 706 1894 2295 1965; baseline 0.004 -18"><span class='ocrx_word' id='word_1_114' title='bbox 706 1894 791 1948; x_wconf 92' lang='lat' dir='ltr'><strong>his</strong></span> <span class='ocrx_word' id='word_1_115' title='bbox 810 1894 975 1949; x_wconf 90' lang='lat' dir='ltr'><strong>risum</strong></span> <span class='ocrx_word' id='word_1_116' title='bbox 1017 1896 1344 1951; x_wconf 88' lang='lat' dir='ltr'><strong>emitterent.</strong></span> <span class='ocrx_word' id='word_1_117' title='bbox 1378 1895 1541 1965; x_wconf 89' lang='lat' dir='ltr'><strong>Igitur</strong></span> <span class='ocrx_word' id='word_1_118' title='bbox 1570 1895 1623 1950; x_wconf 93' lang='lat' dir='ltr'><strong>id</strong></span> <span class='ocrx_word' id='word_1_119' title='bbox 1650 1896 1732 1950; x_wconf 86' lang='lat' dir='ltr'><strong>vel</strong></span> <span class='ocrx_word' id='word_1_120' title='bbox 1757 1897 2048 1965; x_wconf 87' lang='lat' dir='ltr'><strong>pessimum</strong></span> <span class='ocrx_word' id='word_1_121' title='bbox 2074 1908 2152 1953; x_wconf 88' lang='lat' dir='ltr'><strong>est</strong></span> <span class='ocrx_word' id='word_1_122' title='bbox 2182 1913 2295 1953; x_wconf 84' lang='lat' dir='ltr'><strong>ma-</strong></span> 
     </span>
    </p>
   </div>
   <div class='ocr_carea' id='block_1_18' title="bbox 703 1985 2293 2059">
    <p class='ocr_par' dir='ltr' id='par_1_18' title="bbox 703 1985 2293 2059">
     <span class='ocr_line' id='line_1_18' title="bbox 703 1985 2293 2059; baseline 0.001 -19"><span class='ocrx_word' id='word_1_123' title='bbox 703 1985 834 2055; x_wconf 92' lang='lat' dir='ltr'><strong>lum,</strong></span> <span class='ocrx_word' id='word_1_124' title='bbox 866 2003 988 2043; x_wconf 86' lang='lat' dir='ltr'><strong>cum</strong></span> <span class='ocrx_word' id='word_1_125' title='bbox 1012 1988 1133 2058; x_wconf 87' lang='lat' dir='ltr'><strong>quis</strong></span> <span class='ocrx_word' id='word_1_126' title='bbox 1154 1987 1473 2056; x_wconf 88' lang='lat' dir='ltr'><strong>inﬁrmatur,</strong></span> <span class='ocrx_word' id='word_1_127' title='bbox 1502 2003 1676 2057; x_wconf 81' lang='lat' dir='ltr'><strong>neque</strong></span> <span class='ocrx_word' id='word_1_128' title='bbox 1702 1986 1929 2057; x_wconf 91' lang='lat' dir='ltr'><strong>idipsum</strong></span> <span class='ocrx_word' id='word_1_129' title='bbox 1954 1989 2095 2059; x_wconf 86' lang='lat' dir='ltr'><strong>quod</strong></span> <span class='ocrx_word' id='word_1_130' title='bbox 2143 1992 2293 2044; x_wconf 88' lang='lat' dir='ltr'><strong>inﬁr-</strong></span> 
     </span>
    </p>
   </div>
   <div class='ocr_carea' id='block_1_19' title="bbox 701 2077 2294 2143">
    <p class='ocr_par' dir='ltr' id='par_1_19' title="bbox 701 2077 2294 2143">
     <span class='ocr_line' id='line_1_19' title="bbox 701 2077 2294 2143; baseline 0.001 -10"><span class='ocrx_word' id='word_1_131' title='bbox 701 2086 882 2133; x_wconf 84' lang='lat' dir='ltr'><strong>matur</strong></span> <span class='ocrx_word' id='word_1_132' title='bbox 922 2078 1111 2133; x_wconf 89' lang='lat' dir='ltr'><strong>novit:</strong></span> <span class='ocrx_word' id='word_1_133' title='bbox 1152 2086 1207 2133; x_wconf 89' lang='lat' dir='ltr'><strong>et</strong></span> <span class='ocrx_word' id='word_1_134' title='bbox 1244 2079 1443 2134; x_wconf 85' lang='lat' dir='ltr'><strong>misere</strong></span> <span class='ocrx_word' id='word_1_135' title='bbox 1486 2077 1682 2133; x_wconf 85' lang='lat' dir='ltr'><strong>ardens</strong></span> <span class='ocrx_word' id='word_1_136' title='bbox 1714 2087 1772 2134; x_wconf 89' lang='lat' dir='ltr'><strong>et</strong></span> <span class='ocrx_word' id='word_1_137' title='bbox 1808 2094 2145 2143; x_wconf 77' lang='lat' dir='ltr'><strong>aerumnosa,</strong></span> <span class='ocrx_word' id='word_1_138' title='bbox 2188 2095 2294 2135; x_wconf 90' lang='lat' dir='ltr'><strong>non</strong></span> 
     </span>
    </p>
   </div>
   <div class='ocr_carea' id='block_1_20' title="bbox 702 2169 2289 2240">
    <p class='ocr_par' dir='ltr' id='par_1_20' title="bbox 702 2169 2289 2240">
     <span class='ocr_line' id='line_1_20' title="bbox 702 2169 2289 2240; baseline -0.001 -14"><span class='ocrx_word' id='word_1_139' title='bbox 702 2172 867 2226; x_wconf 78' lang='lat' dir='ltr'><strong>sentit</strong></span> <span class='ocrx_word' id='word_1_140' title='bbox 897 2170 1224 2226; x_wconf 85' lang='lat' dir='ltr'><strong>incendium.</strong></span> <span class='ocrx_word' id='word_1_141' title='bbox 1267 2171 1522 2240; x_wconf 64' lang='lat' dir='ltr'><strong>Quaenam</strong></span> <span class='ocrx_word' id='word_1_142' title='bbox 1546 2169 1734 2240; x_wconf 89' lang='lat' dir='ltr'><strong>jejunii</strong></span> <span class='ocrx_word' id='word_1_143' title='bbox 1772 2171 1991 2236; x_wconf 88' lang='lat' dir='ltr'><strong>utilitas,</strong></span> <span class='ocrx_word' id='word_1_144' title='bbox 2024 2171 2110 2228; x_wconf 89' lang='lat' dir='ltr'><strong>die</strong></span> <span class='ocrx_word' id='word_1_145' title='bbox 2138 2173 2289 2238; x_wconf 87' lang='lat' dir='ltr'><strong>mihi,</strong></span> 
     </span>
    </p>
   </div>
   <div class='ocr_carea' id='block_1_21' title="bbox 702 2261 2295 2333">
    <p class='ocr_par' dir='ltr' id='par_1_21' title="bbox 702 2261 2295 2333">
     <span class='ocr_line' id='line_1_21' title="bbox 702 2261 2295 2333; baseline 0.001 -16"><span class='ocrx_word' id='word_1_146' title='bbox 702 2276 824 2317; x_wconf 91' lang='lat' dir='ltr'><strong>cum</strong></span> <span class='ocrx_word' id='word_1_147' title='bbox 857 2261 1073 2331; x_wconf 85' lang='lat' dir='ltr'><strong>quidem</strong></span> <span class='ocrx_word' id='word_1_148' title='bbox 1100 2276 1294 2331; x_wconf 89' lang='lat' dir='ltr'><strong>corpus</strong></span> <span class='ocrx_word' id='word_1_149' title='bbox 1313 2275 1467 2317; x_wconf 89' lang='lat' dir='ltr'><strong>arces</strong></span> <span class='ocrx_word' id='word_1_150' title='bbox 1490 2261 1727 2333; x_wconf 87' lang='lat' dir='ltr'><strong>legitimo</strong></span> <span class='ocrx_word' id='word_1_151' title='bbox 1750 2276 1782 2316; x_wconf 91' lang='lat' dir='ltr'><strong>a</strong></span> <span class='ocrx_word' id='word_1_152' title='bbox 1808 2263 2156 2329; x_wconf 86' lang='lat' dir='ltr'><strong>nutrimento,</strong></span> <span class='ocrx_word' id='word_1_153' title='bbox 2190 2264 2295 2318; x_wconf 85' lang='lat' dir='ltr'><strong>iui-</strong></span> 
     </span>
    </p>
   </div>
   <div class='ocr_carea' id='block_1_22' title="bbox 702 2355 2294 2423">
    <p class='ocr_par' dir='ltr' id='par_1_22' title="bbox 702 2355 2294 2423">
     <span class='ocr_line' id='line_1_22' title="bbox 702 2355 2294 2423; baseline 0.004 -16"><span class='ocrx_word' id='word_1_154' title='bbox 702 2370 864 2423; x_wconf 90' lang='lat' dir='ltr'><strong>qnum</strong></span> <span class='ocrx_word' id='word_1_155' title='bbox 893 2371 1022 2410; x_wconf 87' lang='lat' dir='ltr'><strong>vero</strong></span> <span class='ocrx_word' id='word_1_156' title='bbox 1049 2356 1440 2412; x_wconf 84' lang='lat' dir='ltr'><strong>nutrimentum</strong></span> <span class='ocrx_word' id='word_1_157' title='bbox 1479 2356 1676 2411; x_wconf 74' lang='lat' dir='ltr'><strong>animae</strong></span> <span class='ocrx_word' id='word_1_158' title='bbox 1705 2355 1960 2410; x_wconf 80' lang='lat' dir='ltr'><strong>inducis?</strong></span> <span class='ocrx_word' id='word_1_159' title='bbox 1986 2371 2106 2410; x_wconf 92' lang='lat' dir='ltr'><strong>eum</strong></span> <span class='ocrx_word' id='word_1_160' title='bbox 2150 2357 2294 2413; x_wconf 88' lang='lat' dir='ltr'><strong>diem</strong></span> 
     </span>
    </p>
   </div>
   <div class='ocr_carea' id='block_1_23' title="bbox 703 2446 2294 2519">
    <p class='ocr_par' dir='ltr' id='par_1_23' title="bbox 703 2446 2294 2519">
     <span class='ocr_line' id='line_1_23' title="bbox 703 2446 2294 2519; baseline 0.003 -20"><span class='ocrx_word' id='word_1_161' title='bbox 703 2446 814 2502; x_wconf 90' lang='lat' dir='ltr'><strong>illic</strong></span> <span class='ocrx_word' id='word_1_162' title='bbox 840 2448 1006 2501; x_wconf 78' lang='lat' dir='ltr'><strong>trahis</strong></span> <span class='ocrx_word' id='word_1_163' title='bbox 1046 2448 1260 2512; x_wconf 88' lang='lat' dir='ltr'><strong>sedens,</strong></span> <span class='ocrx_word' id='word_1_164' title='bbox 1302 2462 1641 2503; x_wconf 91' lang='lat' dir='ltr'><strong>communem</strong></span> <span class='ocrx_word' id='word_1_165' title='bbox 1683 2458 1928 2502; x_wconf 86' lang='lat' dir='ltr'><strong>naturam</strong></span> <span class='ocrx_word' id='word_1_166' title='bbox 1959 2448 2294 2519; x_wconf 88' lang='lat' dir='ltr'><strong>deturpatam</strong></span> 
     </span>
    </p>
   </div>
   <div class='ocr_carea' id='block_1_24' title="bbox 705 2541 2297 2612">
    <p class='ocr_par' dir='ltr' id='par_1_24' title="bbox 705 2541 2297 2612">
     <span class='ocr_line' id='line_1_24' title="bbox 705 2541 2297 2612; baseline -0.001 -16"><span class='ocrx_word' id='word_1_167' title='bbox 705 2542 920 2597; x_wconf 88' lang='lat' dir='ltr'><strong>intuens</strong></span> <span class='ocrx_word' id='word_1_168' title='bbox 969 2559 1032 2598; x_wconf 90' lang='lat' dir='ltr'><strong>ac</strong></span> <span class='ocrx_word' id='word_1_169' title='bbox 1063 2543 1381 2610; x_wconf 86' lang='lat' dir='ltr'><strong>traductam,</strong></span> <span class='ocrx_word' id='word_1_170' title='bbox 1413 2543 1772 2612; x_wconf 86' lang='lat' dir='ltr'><strong>mulieresque</strong></span> <span class='ocrx_word' id='word_1_171' title='bbox 1794 2541 2128 2608; x_wconf 86' lang='lat' dir='ltr'><strong>fornicarias,</strong></span> <span class='ocrx_word' id='word_1_172' title='bbox 2154 2541 2297 2596; x_wconf 88' lang='lat' dir='ltr'><strong>adul-</strong></span> 
     </span>
    </p>
   </div>
   <div class='ocr_carea' id='block_1_25' title="bbox 705 2632 2295 2705">
    <p class='ocr_par' dir='ltr' id='par_1_25' title="bbox 705 2632 2295 2705">
     <span class='ocr_line' id='line_1_25' title="bbox 705 2632 2295 2705; baseline 0.001 -19"><span class='ocrx_word' id='word_1_173' title='bbox 705 2632 839 2686; x_wconf 88' lang='lat' dir='ltr'><strong>teria</strong></span> <span class='ocrx_word' id='word_1_174' title='bbox 890 2644 1336 2701; x_wconf 63' lang='lat' dir='ltr'><strong>repraesentantes</strong></span> <span class='ocrx_word' id='word_1_175' title='bbox 1387 2632 1495 2689; x_wconf 86' lang='lat' dir='ltr'><strong>illic</strong></span> <span class='ocrx_word' id='word_1_176' title='bbox 1522 2649 1638 2701; x_wconf 88' lang='lat' dir='ltr'><strong>eos,</strong></span> <span class='ocrx_word' id='word_1_177' title='bbox 1670 2634 1758 2703; x_wconf 85' lang='lat' dir='ltr'><strong>qui</strong></span> <span class='ocrx_word' id='word_1_178' title='bbox 1807 2632 2067 2705; x_wconf 89' lang='lat' dir='ltr'><strong>cujusque</strong></span> <span class='ocrx_word' id='word_1_179' title='bbox 2103 2633 2295 2688; x_wconf 89' lang='lat' dir='ltr'><strong>domus</strong></span> 
     </span>
    </p>
   </div>
   <div class='ocr_carea' id='block_1_26' title="bbox 702 2722 2292 2793">
    <p class='ocr_par' dir='ltr' id='par_1_26' title="bbox 702 2722 2292 2793">
     <span class='ocr_line' id='line_1_26' title="bbox 702 2722 2292 2793; baseline 0.001 -16"><span class='ocrx_word' id='word_1_180' title='bbox 702 2722 840 2777; x_wconf 86' lang='lat' dir='ltr'><strong>mala</strong></span> <span class='ocrx_word' id='word_1_181' title='bbox 872 2722 1126 2793; x_wconf 85' lang='lat' dir='ltr'><strong>colligunt</strong></span> <span class='ocrx_word' id='word_1_182' title='bbox 1153 2725 1176 2777; x_wconf 74' lang='grc' dir='ltr'><em>Ἰ</em></span> <span class='ocrx_word' id='word_1_183' title='bbox 1204 2723 1338 2779; x_wconf 86' lang='lat' dir='ltr'><strong>Nam</strong></span> <span class='ocrx_word' id='word_1_184' title='bbox 1369 2734 1422 2779; x_wconf 93' lang='lat' dir='ltr'><strong>et</strong></span> <span class='ocrx_word' id='word_1_185' title='bbox 1472 2724 1854 2779; x_wconf 82' lang='lat' dir='ltr'><strong>fornicationes</strong></span> <span class='ocrx_word' id='word_1_186' title='bbox 1884 2724 2067 2779; x_wconf 87' lang='lat' dir='ltr'><strong>videre</strong></span> <span class='ocrx_word' id='word_1_187' title='bbox 2114 2724 2292 2792; x_wconf 88' lang='lat' dir='ltr'><strong>datur,</strong></span> 
     </span>
    </p>
   </div>
   <div class='ocr_carea' id='block_1_27' title="bbox 704 2813 2293 2886">
    <p class='ocr_par' dir='ltr' id='par_1_27' title="bbox 704 2813 2293 2886">
     <span class='ocr_line' id='line_1_27' title="bbox 704 2813 2293 2886; baseline 0.001 -19"><span class='ocrx_word' id='word_1_188' title='bbox 704 2822 760 2867; x_wconf 91' lang='lat' dir='ltr'><strong>et</strong></span> <span class='ocrx_word' id='word_1_189' title='bbox 780 2813 969 2868; x_wconf 89' lang='lat' dir='ltr'><strong>audire</strong></span> <span class='ocrx_word' id='word_1_190' title='bbox 998 2815 1373 2884; x_wconf 87' lang='lat' dir='ltr'><strong>hlasphemias,</strong></span> <span class='ocrx_word' id='word_1_191' title='bbox 1406 2830 1512 2885; x_wconf 93' lang='lat' dir='ltr'><strong>quo</strong></span> <span class='ocrx_word' id='word_1_192' title='bbox 1540 2823 1594 2870; x_wconf 89' lang='lat' dir='ltr'><strong>et</strong></span> <span class='ocrx_word' id='word_1_193' title='bbox 1624 2831 1718 2884; x_wconf 90' lang='lat' dir='ltr'><strong>per</strong></span> <span class='ocrx_word' id='word_1_194' title='bbox 1743 2816 1949 2881; x_wconf 91' lang='lat' dir='ltr'><strong>oculos,</strong></span> <span class='ocrx_word' id='word_1_195' title='bbox 1976 2825 2029 2870; x_wconf 85' lang='lat' dir='ltr'><strong>et</strong></span> <span class='ocrx_word' id='word_1_196' title='bbox 2069 2831 2166 2886; x_wconf 88' lang='lat' dir='ltr'><strong>per</strong></span> <span class='ocrx_word' id='word_1_197' title='bbox 2194 2831 2293 2869; x_wconf 81' lang='lat' dir='ltr'><strong>au-</strong></span> 
     </span>
    </p>
   </div>
   <div class='ocr_carea' id='block_1_28' title="bbox 702 2907 2297 2980">
    <p class='ocr_par' dir='ltr' id='par_1_28' title="bbox 702 2907 2297 2980">
     <span class='ocr_line' id='line_1_28' title="bbox 702 2907 2297 2980; baseline 0.002 -19"><span class='ocrx_word' id='word_1_198' title='bbox 702 2907 870 2961; x_wconf 85' lang='lat' dir='ltr'><strong>ditum</strong></span> <span class='ocrx_word' id='word_1_199' title='bbox 902 2908 999 2977; x_wconf 84' lang='lat' dir='ltr'><strong>ipsi</strong></span> <span class='ocrx_word' id='word_1_200' title='bbox 1028 2909 1221 2963; x_wconf 57' lang='lat' dir='ltr'><strong>animus</strong></span> <span class='ocrx_word' id='word_1_201' title='bbox 1245 2911 1463 2964; x_wconf 91' lang='lat' dir='ltr'><strong>morbus</strong></span> <span class='ocrx_word' id='word_1_202' title='bbox 1486 2909 1765 2980; x_wconf 84' lang='lat' dir='ltr'><strong>procedat:</strong></span> <span class='ocrx_word' id='word_1_203' title='bbox 1790 2910 1993 2964; x_wconf 88' lang='lat' dir='ltr'><strong>alienas</strong></span> <span class='ocrx_word' id='word_1_204' title='bbox 2021 2909 2297 2965; x_wconf 84' lang='lat' dir='ltr'><strong>imitantur</strong></span> 
     </span>
    </p>
   </div>
   <div class='ocr_carea' id='block_1_29' title="bbox 700 3000 2297 3072">
    <p class='ocr_par' dir='ltr' id='par_1_29' title="bbox 700 3000 2297 3072">
     <span class='ocr_line' id='line_1_29' title="bbox 700 3000 2297 3072; baseline 0.003 -19"><span class='ocrx_word' id='word_1_205' title='bbox 700 3000 1050 3065; x_wconf 82' lang='lat' dir='ltr'><strong>calamitates,</strong></span> <span class='ocrx_word' id='word_1_206' title='bbox 1103 3000 1244 3056; x_wconf 91' lang='lat' dir='ltr'><strong>unde</strong></span> <span class='ocrx_word' id='word_1_207' title='bbox 1270 3012 1322 3056; x_wconf 90' lang='lat' dir='ltr'><strong>et</strong></span> <span class='ocrx_word' id='word_1_208' title='bbox 1353 3001 1481 3072; x_wconf 89' lang='lat' dir='ltr'><strong>ipsis</strong></span> <span class='ocrx_word' id='word_1_209' title='bbox 1509 3001 1851 3071; x_wconf 89' lang='lat' dir='ltr'><strong>turpitudinis</strong></span> <span class='ocrx_word' id='word_1_210' title='bbox 1889 3018 2084 3057; x_wconf 89' lang='lat' dir='ltr'><strong>nomen</strong></span> <span class='ocrx_word' id='word_1_211' title='bbox 2125 3004 2297 3072; x_wconf 88' lang='lat' dir='ltr'><strong>impo-</strong></span> 
     </span>
    </p>
   </div>
   <div class='ocr_carea' id='block_1_30' title="bbox 700 3091 2295 3164">
    <p class='ocr_par' dir='ltr' id='par_1_30' title="bbox 700 3091 2295 3164">
     <span class='ocr_line' id='line_1_30' title="bbox 700 3091 2295 3164; baseline 0.003 -19"><span class='ocrx_word' id='word_1_212' title='bbox 700 3091 862 3145; x_wconf 84' lang='lat' dir='ltr'><strong>situm</strong></span> <span class='ocrx_word' id='word_1_213' title='bbox 915 3100 1018 3144; x_wconf 84' lang='lat' dir='ltr'><strong>est.</strong></span> <span class='ocrx_word' id='word_1_214' title='bbox 1048 3092 1197 3159; x_wconf 84' lang='lat' dir='ltr'><strong>Quod</strong></span> <span class='ocrx_word' id='word_1_215' title='bbox 1243 3093 1403 3164; x_wconf 81' lang='lat' dir='ltr'><strong>igitur</strong></span> <span class='ocrx_word' id='word_1_216' title='bbox 1441 3094 1631 3164; x_wconf 78' lang='lat' dir='ltr'><strong>jejunii</strong></span> <span class='ocrx_word' id='word_1_217' title='bbox 1685 3094 1890 3150; x_wconf 90' lang='lat' dir='ltr'><strong>luerum</strong></span> <span class='ocrx_word' id='word_1_218' title='bbox 1935 3096 2111 3150; x_wconf 84' lang='lat' dir='ltr'><strong>anima</strong></span> <span class='ocrx_word' id='word_1_219' title='bbox 2162 3096 2295 3151; x_wconf 90' lang='lat' dir='ltr'><strong>cibis</strong></span> 
     </span>
    </p>
   </div>
   <div class='ocr_carea' id='block_1_31' title="bbox 699 3180 2293 3256">
    <p class='ocr_par' dir='ltr' id='par_1_31' title="bbox 699 3180 2293 3256">
     <span class='ocr_line' id='line_1_31' title="bbox 699 3180 2293 3256; baseline 0.003 -22"><span class='ocrx_word' id='word_1_220' title='bbox 699 3180 961 3251; x_wconf 87' lang='lat' dir='ltr'><strong>ejusmodi</strong></span> <span class='ocrx_word' id='word_1_221' title='bbox 988 3184 1186 3237; x_wconf 87' lang='lat' dir='ltr'><strong>nutrita</strong></span> <span class='ocrx_word' id='word_1_222' title='bbox 1211 3183 1234 3236; x_wconf 87' lang='lat'><strong>?</strong></span> <span class='ocrx_word' id='word_1_223' title='bbox 1257 3185 1450 3251; x_wconf 77' lang='lat' dir='ltr'><strong>quibus</strong></span> <span class='ocrx_word' id='word_1_224' title='bbox 1479 3185 1653 3239; x_wconf 89' lang='lat' dir='ltr'><strong>oculis</strong></span> <span class='ocrx_word' id='word_1_225' title='bbox 1687 3201 1912 3241; x_wconf 76' lang='lat' dir='ltr'><strong>uxorem</strong></span> <span class='ocrx_word' id='word_1_226' title='bbox 1942 3186 2044 3240; x_wconf 90' lang='lat' dir='ltr'><strong>illis</strong></span> <span class='ocrx_word' id='word_1_227' title='bbox 2089 3202 2119 3241; x_wconf 90' lang='lat' dir='ltr'><strong>a</strong></span> <span class='ocrx_word' id='word_1_228' title='bbox 2167 3202 2293 3256; x_wconf 85' lang='lat' dir='ltr'><strong>spe-</strong></span> 
     </span>
    </p>
   </div>
   <div class='ocr_carea' id='block_1_32' title="bbox 699 3272 2295 3347">
    <p class='ocr_par' dir='ltr' id='par_1_32' title="bbox 699 3272 2295 3347">
     <span class='ocr_line' id='line_1_32' title="bbox 699 3272 2295 3347; baseline 0.006 -24"><span class='ocrx_word' id='word_1_229' title='bbox 699 3272 924 3326; x_wconf 85' lang='lat' dir='ltr'><strong>ctaculis</strong></span> <span class='ocrx_word' id='word_1_230' title='bbox 953 3272 1157 3327; x_wconf 79' lang='lat' dir='ltr'><strong>videbis</strong></span> <span class='ocrx_word' id='word_1_231' title='bbox 1181 3274 1205 3326; x_wconf 82' lang='lat'><strong>?</strong></span> <span class='ocrx_word' id='word_1_232' title='bbox 1232 3273 1424 3343; x_wconf 86' lang='lat' dir='ltr'><strong>quibus</strong></span> <span class='ocrx_word' id='word_1_233' title='bbox 1450 3276 1620 3331; x_wconf 89' lang='lat' dir='ltr'><strong>oculis</strong></span> <span class='ocrx_word' id='word_1_234' title='bbox 1648 3275 1855 3331; x_wconf 77' lang='lat' dir='ltr'><strong>videbis</strong></span> <span class='ocrx_word' id='word_1_235' title='bbox 1884 3276 2295 3347; x_wconf 87' lang='lat' dir='ltr'><strong>ﬁlium?quibus</strong></span> 
     </span>
    </p>
   </div>
   <div class='ocr_carea' id='block_1_33' title="bbox 701 3362 2295 3434">
    <p class='ocr_par' dir='ltr' id='par_1_33' title="bbox 701 3362 2295 3434">
     <span class='ocr_line' id='line_1_33' title="bbox 701 3362 2295 3434; baseline 0.005 -19"><span class='ocrx_word' id='word_1_236' title='bbox 701 3362 1054 3418; x_wconf 85' lang='lat' dir='ltr'><strong>domesticum</strong></span> <span class='ocrx_word' id='word_1_237' title='bbox 1077 3365 1101 3418; x_wconf 83' lang='lat'><strong>?</strong></span> <span class='ocrx_word' id='word_1_238' title='bbox 1131 3365 1324 3434; x_wconf 89' lang='lat' dir='ltr'><strong>quibus</strong></span> <span class='ocrx_word' id='word_1_239' title='bbox 1352 3367 1582 3421; x_wconf 89' lang='lat' dir='ltr'><strong>amicum</strong></span> <span class='ocrx_word' id='word_1_240' title='bbox 1609 3368 1632 3420; x_wconf 85' lang='lat'><strong>?</strong></span> <span class='ocrx_word' id='word_1_241' title='bbox 1656 3367 1887 3422; x_wconf 86' lang='lat' dir='ltr'><strong>Necesse</strong></span> <span class='ocrx_word' id='word_1_242' title='bbox 1906 3379 2084 3424; x_wconf 90' lang='lat' dir='ltr'><strong>autem</strong></span> <span class='ocrx_word' id='word_1_243' title='bbox 2111 3369 2295 3423; x_wconf 89' lang='lat' dir='ltr'><strong>dicen-</strong></span> 
     </span>
    </p>
   </div>
   <div class='ocr_carea' id='block_1_34' title="bbox 703 3452 2293 3523">
    <p class='ocr_par' dir='ltr' id='par_1_34' title="bbox 703 3452 2293 3523">
     <span class='ocr_line' id='line_1_34' title="bbox 703 3452 2293 3523; baseline 0.006 -19"><span class='ocrx_word' id='word_1_244' title='bbox 703 3461 810 3505; x_wconf 88' lang='lat' dir='ltr'><strong>tem</strong></span> <span class='ocrx_word' id='word_1_245' title='bbox 844 3452 952 3506; x_wconf 86' lang='lat' dir='ltr'><strong>illic</strong></span> <span class='ocrx_word' id='word_1_246' title='bbox 978 3463 1125 3522; x_wconf 83' lang='lat' dir='ltr'><strong>gesta</strong></span> <span class='ocrx_word' id='word_1_247' title='bbox 1152 3456 1494 3523; x_wconf 87' lang='lat' dir='ltr'><strong>turpitudine,</strong></span> <span class='ocrx_word' id='word_1_248' title='bbox 1528 3465 1621 3511; x_wconf 91' lang='lat' dir='ltr'><strong>aut</strong></span> <span class='ocrx_word' id='word_1_249' title='bbox 1645 3466 1908 3519; x_wconf 85' lang='lat' dir='ltr'><strong>tacentem</strong></span> <span class='ocrx_word' id='word_1_250' title='bbox 1940 3459 2135 3513; x_wconf 81' lang='lat' dir='ltr'><strong>rubore</strong></span> <span class='ocrx_word' id='word_1_251' title='bbox 2163 3475 2293 3513; x_wconf 85' lang='lat' dir='ltr'><strong>con-</strong></span> 
     </span>
    </p>
   </div>
   <div class='ocr_carea' id='block_1_35' title="bbox 701 3536 2293 3603">
    <p class='ocr_par' dir='ltr' id='par_1_35' title="bbox 701 3536 2293 3603">
     <span class='ocr_line' id='line_1_35' title="bbox 701 3536 2293 3603; baseline 0.007 -11"><span class='ocrx_word' id='word_1_252' title='bbox 701 3540 868 3595; x_wconf 89' lang='lat' dir='ltr'><strong>fundi.</strong></span> <span class='ocrx_word' id='word_1_253' title='bbox 902 3536 1009 3596; x_wconf 68' lang='lat' dir='ltr'><strong>Sed</strong></span> <span class='ocrx_word' id='word_1_254' title='bbox 1041 3542 1164 3598; x_wconf 92' lang='lat' dir='ltr'><strong>hinc</strong></span> <span class='ocrx_word' id='word_1_255' title='bbox 1194 3560 1299 3598; x_wconf 91' lang='lat' dir='ltr'><strong>non</strong></span> <span class='ocrx_word' id='word_1_256' title='bbox 1327 3545 1406 3599; x_wconf 91' lang='lat' dir='ltr'><strong>sic</strong></span> <span class='ocrx_word' id='word_1_257' title='bbox 1425 3544 1541 3599; x_wconf 86' lang='lat' dir='ltr'><strong>abis</strong></span> <span class='ocrx_word' id='word_1_258' title='bbox 1566 3563 1581 3599; x_wconf 88' lang='lat'><strong>:</strong></span> <span class='ocrx_word' id='word_1_259' title='bbox 1605 3545 1785 3600; x_wconf 89' lang='lat' dir='ltr'><strong>licebit</strong></span> <span class='ocrx_word' id='word_1_260' title='bbox 1804 3562 1934 3601; x_wconf 88' lang='lat' dir='ltr'><strong>vero</strong></span> <span class='ocrx_word' id='word_1_261' title='bbox 1956 3547 2100 3602; x_wconf 87' lang='lat' dir='ltr'><strong>domi</strong></span> <span class='ocrx_word' id='word_1_262' title='bbox 2129 3550 2293 3603; x_wconf 87' lang='lat' dir='ltr'><strong>multa</strong></span> 
     </span>
    </p>
   </div>
   <div class='ocr_carea' id='block_1_36' title="bbox 700 3632 2289 3707">
    <p class='ocr_par' dir='ltr' id='par_1_36' title="bbox 700 3632 2289 3707">
     <span class='ocr_line' id='line_1_36' title="bbox 700 3632 2289 3707; baseline 0.004 -21"><span class='ocrx_word' id='word_1_263' title='bbox 700 3646 824 3686; x_wconf 86' lang='lat' dir='ltr'><strong>cum</strong></span> <span class='ocrx_word' id='word_1_264' title='bbox 874 3632 1070 3687; x_wconf 86' lang='lat' dir='ltr'><strong>ﬁducia</strong></span> <span class='ocrx_word' id='word_1_265' title='bbox 1127 3633 1371 3689; x_wconf 88' lang='lat' dir='ltr'><strong>universa</strong></span> <span class='ocrx_word' id='word_1_266' title='bbox 1422 3651 1661 3700; x_wconf 84' lang='lat' dir='ltr'><strong>narrare,</strong></span> <span class='ocrx_word' id='word_1_267' title='bbox 1721 3636 2060 3707; x_wconf 69' lang='lat' dir='ltr'><strong>protihcticas</strong></span> <span class='ocrx_word' id='word_1_268' title='bbox 2113 3654 2289 3706; x_wconf 81' lang='lat' dir='ltr'><strong>voces,</strong></span> 
     </span>
    </p>
   </div>
   <div class='ocr_carea' id='block_1_37' title="bbox 700 3724 2291 3796">
    <p class='ocr_par' dir='ltr' id='par_1_37' title="bbox 700 3724 2291 3796">
     <span class='ocr_line' id='line_1_37' title="bbox 700 3724 2291 3796; baseline 0.005 -18"><span class='ocrx_word' id='word_1_269' title='bbox 700 3724 993 3793; x_wconf 78' lang='lat' dir='ltr'><strong>apostolica</strong></span> <span class='ocrx_word' id='word_1_270' title='bbox 1019 3725 1286 3796; x_wconf 81' lang='lat' dir='ltr'><strong>dogmata,</strong></span> <span class='ocrx_word' id='word_1_271' title='bbox 1322 3728 1466 3796; x_wconf 82' lang='lat' dir='ltr'><strong>leges</strong></span> <span class='ocrx_word' id='word_1_272' title='bbox 1489 3728 1811 3793; x_wconf 88' lang='lat' dir='ltr'><strong>Dominicas,</strong></span> <span class='ocrx_word' id='word_1_273' title='bbox 1839 3744 2053 3783; x_wconf 91' lang='lat' dir='ltr'><strong>omnem</strong></span> <span class='ocrx_word' id='word_1_274' title='bbox 2079 3730 2291 3786; x_wconf 77' lang='lat' dir='ltr'><strong>virtutis</strong></span> 
     </span>
    </p>
   </div>
   <div class='ocr_carea' id='block_1_38' title="bbox 699 3818 2292 3889">
    <p class='ocr_par' dir='ltr' id='par_1_38' title="bbox 699 3818 2292 3889">
     <span class='ocr_line' id='line_1_38' title="bbox 699 3818 2292 3889; baseline 0.005 -21"><span class='ocrx_word' id='word_1_275' title='bbox 699 3829 940 3869; x_wconf 89' lang='lat' dir='ltr'><strong>mensam</strong></span> <span class='ocrx_word' id='word_1_276' title='bbox 957 3831 1246 3885; x_wconf 82' lang='lat' dir='ltr'><strong>apponere,</strong></span> <span class='ocrx_word' id='word_1_277' title='bbox 1266 3833 1595 3889; x_wconf 82' lang='lat' dir='ltr'><strong>uxoremque</strong></span> <span class='ocrx_word' id='word_1_278' title='bbox 1615 3818 2008 3873; x_wconf 85' lang='lat' dir='ltr'><strong>narrationibus</strong></span> <span class='ocrx_word' id='word_1_279' title='bbox 2027 3819 2292 3887; x_wconf 84' lang='lat' dir='ltr'><strong>ejusmodi</strong></span> 
     </span>
    </p>
   </div>
   <div class='ocr_carea' id='block_1_39' title="bbox 700 3906 2290 3979">
    <p class='ocr_par' dir='ltr' id='par_1_39' title="bbox 700 3906 2290 3979">
     <span class='ocr_line' id='line_1_39' title="bbox 700 3906 2290 3979; baseline 0.004 -19"><span class='ocrx_word' id='word_1_280' title='bbox 700 3906 1032 3976; x_wconf 89' lang='lat' dir='ltr'><strong>pudiciorem</strong></span> <span class='ocrx_word' id='word_1_281' title='bbox 1083 3909 1327 3976; x_wconf 83' lang='lat' dir='ltr'><strong>reddere,</strong></span> <span class='ocrx_word' id='word_1_282' title='bbox 1385 3910 1787 3979; x_wconf 87' lang='lat' dir='ltr'><strong>prudentiorem</strong></span> <span class='ocrx_word' id='word_1_283' title='bbox 1836 3909 2027 3976; x_wconf 89' lang='lat' dir='ltr'><strong>ﬁlium,</strong></span> <span class='ocrx_word' id='word_1_284' title='bbox 2056 3912 2290 3968; x_wconf 84' lang='lat' dir='ltr'><strong>benevo-</strong></span> 
     </span>
    </p>
   </div>
   <div class='ocr_carea' id='block_1_40' title="bbox 700 3997 2292 4073">
    <p class='ocr_par' dir='ltr' id='par_1_40' title="bbox 700 3997 2292 4073">
     <span class='ocr_line' id='line_1_40' title="bbox 700 3997 2292 4073; baseline 0.006 -23"><span class='ocrx_word' id='word_1_285' title='bbox 700 3997 982 4053; x_wconf 88' lang='lat' dir='ltr'><strong>lentiorem</strong></span> <span class='ocrx_word' id='word_1_286' title='bbox 1038 3999 1415 4065; x_wconf 81' lang='lat' dir='ltr'><strong>domesticum,</strong></span> <span class='ocrx_word' id='word_1_287' title='bbox 1471 4002 1780 4056; x_wconf 88' lang='lat' dir='ltr'><strong>amiciorem</strong></span> <span class='ocrx_word' id='word_1_288' title='bbox 1837 4003 2092 4067; x_wconf 89' lang='lat' dir='ltr'><strong>amicum,</strong></span> <span class='ocrx_word' id='word_1_289' title='bbox 2131 4012 2292 4073; x_wconf 88' lang='lat' dir='ltr'><strong>atque</strong></span> 
     </span>
    </p>
   </div>
   <div class='ocr_carea' id='block_1_41' title="bbox 701 4089 2110 4161">
    <p class='ocr_par' dir='ltr' id='par_1_41' title="bbox 701 4089 2110 4161">
     <span class='ocr_line' id='line_1_41' title="bbox 701 4089 2110 4161; baseline 0.004 -18"><span class='ocrx_word' id='word_1_290' title='bbox 701 4089 876 4160; x_wconf 89' lang='lat' dir='ltr'><strong>ipsum</strong></span> <span class='ocrx_word' id='word_1_291' title='bbox 923 4091 1195 4145; x_wconf 90' lang='lat' dir='ltr'><strong>inimicum</strong></span> <span class='ocrx_word' id='word_1_292' title='bbox 1230 4092 1576 4160; x_wconf 86' lang='lat' dir='ltr'><strong>persuadebis</strong></span> <span class='ocrx_word' id='word_1_293' title='bbox 1599 4093 1782 4146; x_wconf 89' lang='lat' dir='ltr'><strong>odium</strong></span> <span class='ocrx_word' id='word_1_294' title='bbox 1820 4093 2110 4161; x_wconf 79' lang='lat' dir='ltr'><strong>deponere.</strong></span> 
     </span>
    </p>
   </div>
   <div class='ocr_carea' id='block_1_42' title="bbox 768 4181 2292 4252">
    <p class='ocr_par' dir='ltr' id='par_1_42' title="bbox 768 4181 2292 4252">
     <span class='ocr_line' id='line_1_42' title="bbox 768 4181 2292 4252; baseline 0.004 -18"><span class='ocrx_word' id='word_1_295' title='bbox 768 4181 826 4235; x_wconf 72' lang='grc'><strong>2.</strong></span> <span class='ocrx_word' id='word_1_296' title='bbox 877 4181 1006 4235; x_wconf 78' lang='lat' dir='ltr'><strong>Vera</strong></span> <span class='ocrx_word' id='word_1_297' title='bbox 1031 4183 1210 4251; x_wconf 82' lang='lat' dir='ltr'><strong>iejum‘i</strong></span> <span class='ocrx_word' id='word_1_298' title='bbox 1252 4183 1382 4236; x_wconf 82' lang='lat' dir='ltr'><strong>ratio</strong></span> <span class='ocrx_word' id='word_1_299' title='bbox 1409 4198 1544 4252; x_wconf 46' lang='lat' dir='ltr'><strong>quia</strong></span> <span class='ocrx_word' id='word_1_300' title='bbox 1592 4213 1665 4223; x_wconf 92' lang='lat'><strong><em>—</em></strong></span> <span class='ocrx_word' id='word_1_301' title='bbox 1694 4183 1855 4237; x_wconf 69' lang='lat' dir='ltr'><strong>Vides</strong></span> <span class='ocrx_word' id='word_1_302' title='bbox 1883 4184 2151 4252; x_wconf 83' lang='lat' dir='ltr'><strong>quomodo</strong></span> <span class='ocrx_word' id='word_1_303' title='bbox 2177 4183 2292 4240; x_wconf 76' lang='lat' dir='ltr'><strong>hmc</strong></span> 
     </span>
    </p>
   </div>
   <div class='ocr_carea' id='block_1_43' title="bbox 698 4274 2291 4346">
    <p class='ocr_par' dir='ltr' id='par_1_43' title="bbox 698 4274 2291 4346">
     <span class='ocr_line' id='line_1_43' title="bbox 698 4274 2291 4346; baseline 0.001 -18"><span class='ocrx_word' id='word_1_304' title='bbox 698 4274 914 4346; x_wconf 87' lang='lat' dir='ltr'><strong>quidem</strong></span> <span class='ocrx_word' id='word_1_305' title='bbox 965 4276 1166 4345; x_wconf 90' lang='lat' dir='ltr'><strong>ubique</strong></span> <span class='ocrx_word' id='word_1_306' title='bbox 1216 4276 1470 4330; x_wconf 82' lang='lat' dir='ltr'><strong>salutaria</strong></span> <span class='ocrx_word' id='word_1_307' title='bbox 1519 4275 1792 4346; x_wconf 76' lang='lat' dir='ltr'><strong>dogmata,</strong></span> <span class='ocrx_word' id='word_1_308' title='bbox 1826 4276 1914 4329; x_wconf 85' lang='lat' dir='ltr'><strong>illa</strong></span> <span class='ocrx_word' id='word_1_309' title='bbox 1947 4291 2074 4330; x_wconf 75' lang='lat' dir='ltr'><strong>vero</strong></span> <span class='ocrx_word' id='word_1_310' title='bbox 2100 4291 2291 4331; x_wconf 89' lang='lat' dir='ltr'><strong>acroa-</strong></span> 
     </span>
    </p>
   </div>
   <div class='ocr_carea' id='block_1_44' title="bbox 699 4367 2289 4438">
    <p class='ocr_par' dir='ltr' id='par_1_44' title="bbox 699 4367 2289 4438">
     <span class='ocr_line' id='line_1_44' title="bbox 699 4367 2289 4438; baseline 0.001 -17"><span class='ocrx_word' id='word_1_311' title='bbox 699 4377 843 4422; x_wconf 86' lang='lat' dir='ltr'><strong>mata</strong></span> <span class='ocrx_word' id='word_1_312' title='bbox 890 4368 1083 4438; x_wconf 88' lang='lat' dir='ltr'><strong>ubique</strong></span> <span class='ocrx_word' id='word_1_313' title='bbox 1134 4367 1386 4421; x_wconf 80' lang='lat' dir='ltr'><strong>inutilia?</strong></span> <span class='ocrx_word' id='word_1_314' title='bbox 1431 4367 1565 4435; x_wconf 79' lang='lat' dir='ltr'><strong>Quze</strong></span> <span class='ocrx_word' id='word_1_315' title='bbox 1608 4369 1768 4438; x_wconf 83' lang='lat' dir='ltr'><strong>igitur</strong></span> <span class='ocrx_word' id='word_1_316' title='bbox 1810 4368 1999 4437; x_wconf 80' lang='lat' dir='ltr'><strong>jejunii</strong></span> <span class='ocrx_word' id='word_1_317' title='bbox 2052 4368 2289 4433; x_wconf 89' lang='lat' dir='ltr'><strong>utilitas,</strong></span> 
     </span>
    </p>
   </div>
   <div class='ocr_carea' id='block_1_45' title="bbox 698 4457 2293 4528">
    <p class='ocr_par' dir='ltr' id='par_1_45' title="bbox 698 4457 2293 4528">
     <span class='ocr_line' id='line_1_45' title="bbox 698 4457 2293 4528; baseline 0.001 -17"><span class='ocrx_word' id='word_1_318' title='bbox 698 4473 902 4528; x_wconf 60' lang='lat' dir='ltr'><strong>quasso,</strong></span> <span class='ocrx_word' id='word_1_319' title='bbox 956 4474 1076 4512; x_wconf 84' lang='lat' dir='ltr'><strong>cum</strong></span> <span class='ocrx_word' id='word_1_320' title='bbox 1127 4473 1354 4527; x_wconf 89' lang='lat' dir='ltr'><strong>corpore</strong></span> <span class='ocrx_word' id='word_1_321' title='bbox 1403 4457 1617 4528; x_wconf 89' lang='lat' dir='ltr'><strong>quidem</strong></span> <span class='ocrx_word' id='word_1_322' title='bbox 1657 4458 1890 4527; x_wconf 87' lang='lat' dir='ltr'><strong>jejunas,</strong></span> <span class='ocrx_word' id='word_1_323' title='bbox 1945 4459 2115 4513; x_wconf 91' lang='lat' dir='ltr'><strong>oculis</strong></span> <span class='ocrx_word' id='word_1_324' title='bbox 2163 4474 2293 4514; x_wconf 82' lang='lat' dir='ltr'><strong>vero</strong></span> 
     </span>
    </p>
   </div>
   <div class='ocr_carea' id='block_1_46' title="bbox 701 4549 2293 4620">
    <p class='ocr_par' dir='ltr' id='par_1_46' title="bbox 701 4549 2293 4620">
     <span class='ocr_line' id='line_1_46' title="bbox 701 4549 2293 4620; baseline 0.001 -16"><span class='ocrx_word' id='word_1_325' title='bbox 701 4550 1034 4604; x_wconf 79' lang='lat' dir='ltr'><strong>mmcltaris?</strong></span> <span class='ocrx_word' id='word_1_326' title='bbox 1061 4549 1394 4604; x_wconf 86' lang='lat' dir='ltr'><strong>Adulterium</strong></span> <span class='ocrx_word' id='word_1_327' title='bbox 1423 4551 1565 4605; x_wconf 87' lang='lat' dir='ltr'><strong>enim</strong></span> <span class='ocrx_word' id='word_1_328' title='bbox 1587 4558 1669 4605; x_wconf 86' lang='lat' dir='ltr'><strong>est</strong></span> <span class='ocrx_word' id='word_1_329' title='bbox 1694 4565 1801 4604; x_wconf 92' lang='lat' dir='ltr'><strong>non</strong></span> <span class='ocrx_word' id='word_1_330' title='bbox 1835 4550 1946 4620; x_wconf 85' lang='lat' dir='ltr'><strong>ipsa</strong></span> <span class='ocrx_word' id='word_1_331' title='bbox 1977 4550 2138 4605; x_wconf 89' lang='lat' dir='ltr'><strong>modo</strong></span> <span class='ocrx_word' id='word_1_332' title='bbox 2157 4566 2293 4606; x_wconf 86' lang='lat' dir='ltr'><strong>con-</strong></span> 
     </span>
    </p>
   </div>
   <div class='ocr_carea' id='block_1_47' title="bbox 701 4640 2294 4712">
    <p class='ocr_par' dir='ltr' id='par_1_47' title="bbox 701 4640 2294 4712">
     <span class='ocr_line' id='line_1_47' title="bbox 701 4640 2294 4712; baseline 0.001 -18"><span class='ocrx_word' id='word_1_333' title='bbox 701 4641 982 4712; x_wconf 81' lang='lat' dir='ltr'><strong>glutinatio</strong></span> <span class='ocrx_word' id='word_1_334' title='bbox 1024 4652 1116 4695; x_wconf 90' lang='lat' dir='ltr'><strong>aut</strong></span> <span class='ocrx_word' id='word_1_335' title='bbox 1160 4641 1351 4709; x_wconf 88' lang='lat' dir='ltr'><strong>copula</strong></span> <span class='ocrx_word' id='word_1_336' title='bbox 1399 4640 1645 4710; x_wconf 90' lang='lat' dir='ltr'><strong>corporis</strong></span> <span class='ocrx_word' id='word_1_337' title='bbox 1674 4682 1689 4706; x_wconf 94' lang='lat'><strong>,</strong></span> <span class='ocrx_word' id='word_1_338' title='bbox 1745 4641 1841 4696; x_wconf 89' lang='lat' dir='ltr'><strong>sed</strong></span> <span class='ocrx_word' id='word_1_339' title='bbox 1886 4650 1941 4695; x_wconf 91' lang='lat' dir='ltr'><strong>et</strong></span> <span class='ocrx_word' id='word_1_340' title='bbox 1996 4641 2294 4712; x_wconf 88' lang='lat' dir='ltr'><strong>impudicus</strong></span> 
     </span>
    </p>
   </div>
   <div class='ocr_carea' id='block_1_48' title="bbox 698 4732 2291 4801">
    <p class='ocr_par' dir='ltr' id='par_1_48' title="bbox 698 4732 2291 4801">
     <span class='ocr_line' id='line_1_48' title="bbox 698 4732 2291 4801; baseline 0 -14"><span class='ocrx_word' id='word_1_341' title='bbox 698 4735 866 4788; x_wconf 88' lang='lat' dir='ltr'><strong>visus.</strong></span> <span class='ocrx_word' id='word_1_342' title='bbox 895 4733 1026 4800; x_wconf 58' lang='lat' dir='ltr'><strong>Quae</strong></span> <span class='ocrx_word' id='word_1_343' title='bbox 1050 4734 1249 4788; x_wconf 88' lang='lat' dir='ltr'><strong>utilitas</strong></span> <span class='ocrx_word' id='word_1_344' title='bbox 1269 4748 1390 4786; x_wconf 91' lang='lat' dir='ltr'><strong>cum</strong></span> <span class='ocrx_word' id='word_1_345' title='bbox 1418 4733 1543 4786; x_wconf 91' lang='lat' dir='ltr'><strong>illuc</strong></span> <span class='ocrx_word' id='word_1_346' title='bbox 1568 4732 1694 4786; x_wconf 89' lang='lat' dir='ltr'><strong>hinc</strong></span> <span class='ocrx_word' id='word_1_347' title='bbox 1717 4732 1834 4787; x_wconf 75' lang='lat' dir='ltr'><strong>aliis</strong></span> <span class='ocrx_word' id='word_1_348' title='bbox 1856 4732 1879 4784; x_wconf 75' lang='grc' dir='ltr'><strong>’ἓ</strong></span> <span class='ocrx_word' id='word_1_349' title='bbox 1914 4733 2025 4801; x_wconf 74' lang='lat' dir='ltr'><strong>Ego</strong></span> <span class='ocrx_word' id='word_1_350' title='bbox 2061 4734 2291 4801; x_wconf 85' lang='lat' dir='ltr'><strong>corrigo,</strong></span> 
     </span>
    </p>
   </div>
   <div class='ocr_carea' id='block_1_49' title="bbox 700 4822 2294 4895">
    <p class='ocr_par' dir='ltr' id='par_1_49' title="bbox 700 4822 2294 4895">
     <span class='ocr_line' id='line_1_49' title="bbox 700 4822 2294 4895; baseline -0.001 -15"><span class='ocrx_word' id='word_1_351' title='bbox 700 4828 791 4881; x_wconf 90' lang='lat' dir='ltr'><strong>ille</strong></span> <span class='ocrx_word' id='word_1_352' title='bbox 831 4826 1128 4894; x_wconf 88' lang='lat' dir='ltr'><strong>corrumpit</strong></span> <span class='ocrx_word' id='word_1_353' title='bbox 1159 4843 1172 4878; x_wconf 91' lang='lat'><strong>:</strong></span> <span class='ocrx_word' id='word_1_354' title='bbox 1200 4839 1301 4895; x_wconf 88' lang='lat' dir='ltr'><strong>ego</strong></span> <span class='ocrx_word' id='word_1_355' title='bbox 1350 4822 1644 4878; x_wconf 81' lang='lat' dir='ltr'><strong>medicinas</strong></span> <span class='ocrx_word' id='word_1_356' title='bbox 1693 4824 1882 4878; x_wconf 86' lang='lat' dir='ltr'><strong>morbo</strong></span> <span class='ocrx_word' id='word_1_357' title='bbox 1924 4824 2174 4891; x_wconf 86' lang='lat' dir='ltr'><strong>adhibeo,</strong></span> <span class='ocrx_word' id='word_1_358' title='bbox 2206 4824 2294 4878; x_wconf 91' lang='lat' dir='ltr'><strong>ille</strong></span> 
     </span>
    </p>
   </div>
   <div class='ocr_carea' id='block_1_50' title="bbox 699 4913 2293 4984">
    <p class='ocr_par' dir='ltr' id='par_1_50' title="bbox 699 4913 2293 4984">
     <span class='ocr_line' id='line_1_50' title="bbox 699 4913 2293 4984; baseline -0.001 -12"><span class='ocrx_word' id='word_1_359' title='bbox 699 4932 917 4972; x_wconf 87' lang='lat' dir='ltr'><strong>causam</strong></span> <span class='ocrx_word' id='word_1_360' title='bbox 962 4917 1130 4971; x_wconf 89' lang='lat' dir='ltr'><strong>morbi</strong></span> <span class='ocrx_word' id='word_1_361' title='bbox 1181 4917 1490 4970; x_wconf 87' lang='lat' dir='ltr'><strong>ministrat:</strong></span> <span class='ocrx_word' id='word_1_362' title='bbox 1521 4929 1621 4984; x_wconf 89' lang='lat' dir='ltr'><strong>ego</strong></span> <span class='ocrx_word' id='word_1_363' title='bbox 1651 4926 1857 4969; x_wconf 76' lang='lat' dir='ltr'><strong>natura:</strong></span> <span class='ocrx_word' id='word_1_364' title='bbox 1883 4913 2155 4969; x_wconf 84' lang='lat' dir='ltr'><strong>ﬂammam</strong></span> <span class='ocrx_word' id='word_1_365' title='bbox 2197 4931 2293 4970; x_wconf 82' lang='lat' dir='ltr'><strong>ex-</strong></span> 
     </span>
    </p>
   </div>
   <div class='ocr_carea' id='block_1_51' title="bbox 700 5006 2295 5079">
    <p class='ocr_par' dir='ltr' id='par_1_51' title="bbox 700 5006 2295 5079">
     <span class='ocr_line' id='line_1_51' title="bbox 700 5006 2295 5079; baseline -0.004 -15"><span class='ocrx_word' id='word_1_366' title='bbox 700 5012 948 5079; x_wconf 82' lang='lat' dir='ltr'><strong>stinguo,</strong></span> <span class='ocrx_word' id='word_1_367' title='bbox 1002 5011 1092 5065; x_wconf 92' lang='lat' dir='ltr'><strong>ille</strong></span> <span class='ocrx_word' id='word_1_368' title='bbox 1140 5008 1372 5063; x_wconf 88' lang='lat' dir='ltr'><strong>libidinis</strong></span> <span class='ocrx_word' id='word_1_369' title='bbox 1402 5006 1669 5061; x_wconf 77' lang='lat' dir='ltr'><strong>ﬂammam</strong></span> <span class='ocrx_word' id='word_1_370' title='bbox 1717 5006 1980 5061; x_wconf 82' lang='lat' dir='ltr'><strong>accendit.</strong></span> <span class='ocrx_word' id='word_1_371' title='bbox 2035 5007 2165 5072; x_wconf 78' lang='lat' dir='ltr'><strong>Qua:</strong></span> <span class='ocrx_word' id='word_1_372' title='bbox 2187 5007 2295 5060; x_wconf 86' lang='lat' dir='ltr'><strong>uti-</strong></span> 
     </span>
    </p>
   </div>
   <div class='ocr_carea' id='block_1_52' title="bbox 703 5099 2294 5166">
    <p class='ocr_par' dir='ltr' id='par_1_52' title="bbox 703 5099 2294 5166">
     <span class='ocr_line' id='line_1_52' title="bbox 703 5099 2294 5166; baseline -0.002 -12"><span class='ocrx_word' id='word_1_373' title='bbox 703 5102 822 5154; x_wconf 85' lang='lat' dir='ltr'><strong>litas</strong></span> <span class='ocrx_word' id='word_1_374' title='bbox 849 5142 865 5166; x_wconf 91' lang='lat'><strong>,</strong></span> <span class='ocrx_word' id='word_1_375' title='bbox 916 5102 1003 5155; x_wconf 92' lang='lat' dir='ltr'><strong>dic</strong></span> <span class='ocrx_word' id='word_1_376' title='bbox 1047 5100 1229 5155; x_wconf 85' lang='lat' dir='ltr'><strong>mihi?</strong></span> <span class='ocrx_word' id='word_1_377' title='bbox 1274 5099 1417 5155; x_wconf 85' lang='lat' dir='ltr'><strong>Unus</strong></span> <span class='ocrx_word' id='word_1_378' title='bbox 1441 5100 1705 5166; x_wconf 67' lang='lat' dir='ltr'><strong>adiﬁcatas</strong></span> <span class='ocrx_word' id='word_1_379' title='bbox 1754 5107 1800 5152; x_wconf 86' lang='lat' dir='ltr'><strong>et</strong></span> <span class='ocrx_word' id='word_1_380' title='bbox 1826 5114 1955 5152; x_wconf 77' lang='lat' dir='ltr'><strong>unus</strong></span> <span class='ocrx_word' id='word_1_381' title='bbox 1980 5099 2239 5152; x_wconf 72' lang='lat' dir='ltr'><strong>destructis</strong></span> <span class='ocrx_word' id='word_1_382' title='bbox 2276 5113 2294 5151; x_wconf 91' lang='lat'><strong><em>:</em></strong></span> 
     </span>
    </p>
   </div>
   <div class='ocr_carea' id='block_1_53' title="bbox 699 5189 2288 5262">
    <p class='ocr_par' dir='ltr' id='par_1_53' title="bbox 699 5189 2288 5262">
     <span class='ocr_line' id='line_1_53' title="bbox 699 5189 2288 5262; baseline -0.001 -19"><span class='ocrx_word' id='word_1_383' title='bbox 699 5194 823 5262; x_wconf 80' lang='lat' dir='ltr'><strong>quid</strong></span> <span class='ocrx_word' id='word_1_384' title='bbox 873 5194 1061 5246; x_wconf 66' lang='grc' dir='ltr'><strong>[καίτιί</strong></span> <span class='ocrx_word' id='word_1_385' title='bbox 1109 5204 1225 5248; x_wconf 84' lang='lat' dir='ltr'><strong>sunt</strong></span> <span class='ocrx_word' id='word_1_386' title='bbox 1286 5194 1409 5262; x_wconf 69' lang='lat' dir='ltr'><strong>plus</strong></span> <span class='ocrx_word' id='word_1_387' title='bbox 1464 5208 1617 5262; x_wconf 83' lang='lat' dir='ltr'><strong>quam</strong></span> <span class='ocrx_word' id='word_1_388' title='bbox 1687 5189 1880 5245; x_wconf 73' lang='lat' dir='ltr'><strong>labores</strong></span> <span class='ocrx_word' id='word_1_389' title='bbox 1929 5189 2142 5262; x_wconf 79' lang='lat' dir='ltr'><strong>(Eccli.</strong></span> <span class='ocrx_word' id='word_1_390' title='bbox 2201 5191 2288 5244; x_wconf 72' lang='grc'><strong>54.</strong></span> 
     </span>
    </p>
   </div>
   <div class='ocr_carea' id='block_1_54' title="bbox 699 5281 2293 5355">
    <p class='ocr_par' dir='ltr' id='par_1_54' title="bbox 699 5281 2293 5355">
     <span class='ocr_line' id='line_1_54' title="bbox 699 5281 2293 5355; baseline -0.001 -18"><span class='ocrx_word' id='word_1_391' title='bbox 699 5284 770 5337; x_wconf 73' lang='grc'><strong>23</strong></span> <span class='ocrx_word' id='word_1_392' title='bbox 796 5284 839 5355; x_wconf 84' lang='grc'><strong>).</strong></span> <span class='ocrx_word' id='word_1_393' title='bbox 894 5284 1009 5338; x_wconf 83' lang='lat' dir='ltr'><strong>Non</strong></span> <span class='ocrx_word' id='word_1_394' title='bbox 1051 5284 1292 5354; x_wconf 82' lang='lat' dir='ltr'><strong>ergnhic</strong></span> <span class='ocrx_word' id='word_1_395' title='bbox 1345 5294 1401 5339; x_wconf 87' lang='lat' dir='ltr'><strong>et</strong></span> <span class='ocrx_word' id='word_1_396' title='bbox 1427 5284 1577 5348; x_wconf 92' lang='lat' dir='ltr'><strong>illic,</strong></span> <span class='ocrx_word' id='word_1_397' title='bbox 1649 5281 1746 5337; x_wconf 87' lang='lat' dir='ltr'><strong>sed</strong></span> <span class='ocrx_word' id='word_1_398' title='bbox 1797 5282 1885 5337; x_wconf 90' lang='lat' dir='ltr'><strong>hic</strong></span> <span class='ocrx_word' id='word_1_399' title='bbox 1940 5283 2111 5336; x_wconf 89' lang='lat' dir='ltr'><strong>solum</strong></span> <span class='ocrx_word' id='word_1_400' title='bbox 2164 5297 2293 5335; x_wconf 64' lang='lat' dir='ltr'><strong>cono</strong></span> 
     </span>
    </p>
   </div>
   <div class='ocr_carea' id='block_1_55' title="bbox 700 5372 2293 5445">
    <p class='ocr_par' dir='ltr' id='par_1_55' title="bbox 700 5372 2293 5445">
     <span class='ocr_line' id='line_1_55' title="bbox 700 5372 2293 5445; baseline -0.002 -16"><span class='ocrx_word' id='word_1_401' title='bbox 700 5391 998 5441; x_wconf 78' lang='lat' dir='ltr'><strong>versemur,</strong></span> <span class='ocrx_word' id='word_1_402' title='bbox 1020 5390 1126 5444; x_wconf 91' lang='lat' dir='ltr'><strong>quo</strong></span> <span class='ocrx_word' id='word_1_403' title='bbox 1156 5374 1447 5438; x_wconf 88' lang='lat' dir='ltr'><strong>frnctuose,</strong></span> <span class='ocrx_word' id='word_1_404' title='bbox 1474 5389 1581 5445; x_wconf 86' lang='lat' dir='ltr'><strong>quo</strong></span> <span class='ocrx_word' id='word_1_405' title='bbox 1605 5390 1713 5429; x_wconf 81' lang='lat' dir='ltr'><strong>non</strong></span> <span class='ocrx_word' id='word_1_406' title='bbox 1744 5373 1795 5427; x_wconf 94' lang='lat' dir='ltr'><strong>in</strong></span> <span class='ocrx_word' id='word_1_407' title='bbox 1823 5389 2017 5427; x_wconf 82' lang='lat' dir='ltr'><strong>vanum</strong></span> <span class='ocrx_word' id='word_1_408' title='bbox 2047 5372 2156 5438; x_wconf 89' lang='lat' dir='ltr'><strong>hic,</strong></span> <span class='ocrx_word' id='word_1_409' title='bbox 2188 5385 2293 5443; x_wconf 88' lang='lat' dir='ltr'><strong>quo</strong></span> 
     </span>
    </p>
   </div>
   <div class='ocr_carea' id='block_1_56' title="bbox 701 5464 2295 5536">
    <p class='ocr_par' dir='ltr' id='par_1_56' title="bbox 701 5464 2295 5536">
     <span class='ocr_line' id='line_1_56' title="bbox 701 5464 2295 5536; baseline -0.003 -14"><span class='ocrx_word' id='word_1_410' title='bbox 701 5484 808 5522; x_wconf 87' lang='lat' dir='ltr'><strong>non</strong></span> <span class='ocrx_word' id='word_1_411' title='bbox 837 5467 1113 5529; x_wconf 80' lang='lat' dir='ltr'><strong>inutiliter.</strong></span> <span class='ocrx_word' id='word_1_412' title='bbox 1133 5482 1306 5536; x_wconf 88' lang='lat' dir='ltr'><strong>neque</strong></span> <span class='ocrx_word' id='word_1_413' title='bbox 1329 5466 1395 5521; x_wconf 87' lang='lat' dir='ltr'><strong>ad</strong></span> <span class='ocrx_word' id='word_1_414' title='bbox 1410 5466 1809 5521; x_wconf 83' lang='lat' dir='ltr'><strong>damnationem</strong></span> <span class='ocrx_word' id='word_1_415' title='bbox 1832 5483 1846 5520; x_wconf 88' lang='lat'><strong>:</strong></span> <span class='ocrx_word' id='word_1_416' title='bbox 1869 5464 2012 5521; x_wconf 82' lang='lat' dir='ltr'><strong>Unus</strong></span> <span class='ocrx_word' id='word_1_417' title='bbox 2031 5465 2295 5534; x_wconf 62' lang='lat' dir='ltr'><strong>aediﬁco-as</strong></span> 
     </span>
    </p>
   </div>
   <div class='ocr_carea' id='block_1_57' title="bbox 700 5557 2295 5629">
    <p class='ocr_par' dir='ltr' id='par_1_57' title="bbox 700 5557 2295 5629">
     <span class='ocr_line' id='line_1_57' title="bbox 700 5557 2295 5629; baseline -0.003 -14"><span class='ocrx_word' id='word_1_418' title='bbox 700 5573 747 5615; x_wconf 79' lang='lat' dir='ltr'><strong>et</strong></span> <span class='ocrx_word' id='word_1_419' title='bbox 774 5562 1184 5615; x_wconf 70' lang='lat' dir='ltr'><strong>mdestruens</strong></span> <span class='ocrx_word' id='word_1_420' title='bbox 1207 5576 1226 5614; x_wconf 89' lang='lat'><strong><em>:</em></strong></span> <span class='ocrx_word' id='word_1_421' title='bbox 1253 5558 1375 5629; x_wconf 84' lang='lat' dir='ltr'><strong>quid</strong></span> <span class='ocrx_word' id='word_1_422' title='bbox 1405 5558 1587 5613; x_wconf 72' lang='lat' dir='ltr'><strong>literati</strong></span> <span class='ocrx_word' id='word_1_423' title='bbox 1606 5568 1722 5614; x_wconf 77' lang='lat' dir='ltr'><strong>sunt</strong></span> <span class='ocrx_word' id='word_1_424' title='bbox 1750 5558 1864 5627; x_wconf 82' lang='lat' dir='ltr'><strong>plus</strong></span> <span class='ocrx_word' id='word_1_425' title='bbox 1882 5575 2036 5629; x_wconf 87' lang='lat' dir='ltr'><strong>quam</strong></span> <span class='ocrx_word' id='word_1_426' title='bbox 2056 5557 2295 5611; x_wconf 66' lang='lat' dir='ltr'><strong>labores?</strong></span> 
     </span>
    </p>
   </div>
   <div class='ocr_carea' id='block_1_58' title="bbox 706 5649 2291 5725">
    <p class='ocr_par' dir='ltr' id='par_1_58' title="bbox 706 5649 2291 5725">
     <span class='ocr_line' id='line_1_58' title="bbox 706 5649 2291 5725; baseline -0.003 -16"><span class='ocrx_word' id='word_1_427' title='bbox 706 5653 775 5709; x_wconf 89' lang='lat' dir='ltr'><strong>Et</strong></span> <span class='ocrx_word' id='word_1_428' title='bbox 799 5654 1041 5725; x_wconf 77' lang='lat' dir='ltr'><strong>quamvis</strong></span> <span class='ocrx_word' id='word_1_429' title='bbox 1069 5654 1220 5709; x_wconf 88' lang='lat' dir='ltr'><strong>multi</strong></span> <span class='ocrx_word' id='word_1_430' title='bbox 1251 5652 1576 5708; x_wconf 79' lang='lat' dir='ltr'><strong>aediﬁcantes</strong></span> <span class='ocrx_word' id='word_1_431' title='bbox 1601 5650 1800 5718; x_wconf 89' lang='lat' dir='ltr'><strong>forent,</strong></span> <span class='ocrx_word' id='word_1_432' title='bbox 1824 5664 1961 5707; x_wconf 89' lang='lat' dir='ltr'><strong>unus</strong></span> <span class='ocrx_word' id='word_1_433' title='bbox 2008 5664 2141 5707; x_wconf 88' lang='lat' dir='ltr'><strong>vero</strong></span> <span class='ocrx_word' id='word_1_434' title='bbox 2191 5649 2291 5705; x_wconf 82' lang='lat' dir='ltr'><strong>de-</strong></span> 
     </span>
    </p>
   </div>
   <div class='ocr_carea' id='block_1_59' title="bbox 769 5801 2296 5871">
    <p class='ocr_par' dir='ltr' id='par_1_59' title="bbox 769 5801 2296 5871">
     <span class='ocr_line' id='line_1_59' title="bbox 769 5801 2296 5871; baseline 0.002 -17"><span class='ocrx_word' id='word_1_435' title='bbox 769 5811 784 5840; x_wconf 81' lang='grc' dir='ltr'><strong>ι</strong></span> <span class='ocrx_word' id='word_1_436' title='bbox 822 5811 978 5859; x_wconf 80' lang='lat' dir='ltr'><strong>verba</strong></span> <span class='ocrx_word' id='word_1_437' title='bbox 999 5822 1157 5871; x_wconf 84' lang='lat' dir='ltr'><strong>usque</strong></span> <span class='ocrx_word' id='word_1_438' title='bbox 1180 5808 1258 5868; x_wconf 80' lang='lat' dir='ltr'><strong>ad,</strong></span> <span class='ocrx_word' id='word_1_439' title='bbox 1279 5808 1383 5860; x_wconf 67' lang='lat' dir='ltr'><strong>hac</strong></span> <span class='ocrx_word' id='word_1_440' title='bbox 1412 5806 1498 5858; x_wconf 84' lang='lat' dir='ltr'><strong>illa</strong></span> <span class='ocrx_word' id='word_1_441' title='bbox 1519 5806 1674 5871; x_wconf 82' lang='lat' dir='ltr'><strong>pejor,</strong></span> <span class='ocrx_word' id='word_1_442' title='bbox 1692 5805 2096 5858; x_wconf 73' lang='lat' dir='ltr'><strong>desiderabantur</strong></span> <span class='ocrx_word' id='word_1_443' title='bbox 2114 5818 2165 5857; x_wconf 89' lang='lat' dir='ltr'><strong>tn</strong></span> <span class='ocrx_word' id='word_1_444' title='bbox 2185 5801 2296 5857; x_wconf 76' lang='lat' dir='ltr'><strong>Edi-</strong></span> 
     </span>
    </p>
   </div>
   <div class='ocr_carea' id='block_1_60' title="bbox 704 5871 1863 5932">
    <p class='ocr_par' dir='ltr' id='par_1_60' title="bbox 704 5871 1863 5932">
     <span class='ocr_line' id='line_1_60' title="bbox 704 5871 1863 5932; baseline 0 -12"><span class='ocrx_word' id='word_1_445' title='bbox 704 5871 794 5932; x_wconf 80' lang='lat' dir='ltr'><strong>tis;</strong></span> <span class='ocrx_word' id='word_1_446' title='bbox 818 5872 907 5921; x_wconf 77' lang='lat' dir='ltr'><strong>sed</strong></span> <span class='ocrx_word' id='word_1_447' title='bbox 926 5884 990 5920; x_wconf 74' lang='lat' dir='ltr'><strong>ex</strong></span> <span class='ocrx_word' id='word_1_448' title='bbox 1013 5874 1173 5921; x_wconf 86' lang='lat' dir='ltr'><strong>Ottob.</strong></span> <span class='ocrx_word' id='word_1_449' title='bbox 1199 5880 1251 5922; x_wconf 86' lang='lat' dir='ltr'><strong>et</strong></span> <span class='ocrx_word' id='word_1_450' title='bbox 1273 5878 1460 5921; x_wconf 78' lang='lat' dir='ltr'><strong>Barocc.</strong></span> <span class='ocrx_word' id='word_1_451' title='bbox 1482 5871 1710 5921; x_wconf 81' lang='lat' dir='ltr'><strong>restituta</strong></span> <span class='ocrx_word' id='word_1_452' title='bbox 1731 5876 1863 5920; x_wconf 86' lang='lat' dir='ltr'><strong>sunt.</strong></span> 
     </span>
    </p>
   </div>
   <div class='ocr_carea' id='block_1_61' title="bbox 1378 402 3908 477">
    <p class='ocr_par' dir='ltr' id='par_1_61' title="bbox 1378 402 3908 477">
     <span class='ocr_line' id='line_1_61' title="bbox 1378 402 3908 477; baseline -0.002 -16"><span class='ocrx_word' id='word_1_453' title='bbox 1378 404 1433 461; x_wconf 87' lang='lat' dir='ltr'><strong>S.</strong></span> <span class='ocrx_word' id='word_1_454' title='bbox 1476 403 1752 461; x_wconf 71' lang='lat' dir='ltr'><strong>JOANMS</strong></span> <span class='ocrx_word' id='word_1_455' title='bbox 1791 402 2257 461; x_wconf 64' lang='lat' dir='ltr'><strong>CllliYSOSTOill</strong></span> <span class='ocrx_word' id='word_1_456' title='bbox 2297 404 2609 462; x_wconf 68' lang='lat' dir='ltr'><strong>AliCllllil’.</strong></span> <span class='ocrx_word' id='word_1_457' title='bbox 2650 405 3178 466; x_wconf 76' lang='lat' dir='ltr'><strong>CONSTANTINOP.</strong></span> <span class='ocrx_word' id='word_1_458' title='bbox 3838 424 3908 477; x_wconf 58' lang='grc' dir='ltr'><strong>,ξω</strong></span> 
     </span>
    </p>
   </div>
   <div class='ocr_carea' id='block_1_62' title="bbox 2399 518 3912 592">
    <p class='ocr_par' dir='ltr' id='par_1_62' title="bbox 2399 518 3912 592">
     <span class='ocr_line' id='line_1_62' title="bbox 2399 518 3912 592; baseline 0.013 -21"><span class='ocrx_word' id='word_1_459' title='bbox 2399 527 2634 584; x_wconf 81' lang='lat' dir='ltr'><strong>struens,</strong></span> <span class='ocrx_word' id='word_1_460' title='bbox 2658 518 2908 579; x_wconf 81' lang='lat' dir='ltr'><strong>facilitate</strong></span> <span class='ocrx_word' id='word_1_461' title='bbox 2929 524 3290 581; x_wconf 74' lang='lat' dir='ltr'><strong>siibvcrsionis</strong></span> <span class='ocrx_word' id='word_1_462' title='bbox 3314 527 3676 585; x_wconf 70' lang='lat' dir='ltr'><strong>mdiﬁcantium</strong></span> <span class='ocrx_word' id='word_1_463' title='bbox 3690 532 3912 592; x_wconf 78' lang='lat' dir='ltr'><strong>multitudo</strong></span> 
     </span>
    </p>
   </div>
   <div class='ocr_carea' id='block_1_63' title="bbox 2398 608 3912 692">
    <p class='ocr_par' dir='ltr' id='par_1_63' title="bbox 2398 608 3912 692">
     <span class='ocr_line' id='line_1_63' title="bbox 2398 608 3912 692; baseline 0.014 -30"><span class='ocrx_word' id='word_1_464' title='bbox 2398 608 2649 665; x_wconf 82' lang='lat' dir='ltr'><strong>vincitur.</strong></span> <span class='ocrx_word' id='word_1_465' title='bbox 2684 612 2884 683; x_wconf 69' lang='lat' dir='ltr'><strong>Magnae</strong></span> <span class='ocrx_word' id='word_1_466' title='bbox 2926 616 3166 684; x_wconf 85' lang='lat' dir='ltr'><strong>profecto</strong></span> <span class='ocrx_word' id='word_1_467' title='bbox 3198 619 3536 689; x_wconf 87' lang='lat' dir='ltr'><strong>turpitudinis</strong></span> <span class='ocrx_word' id='word_1_468' title='bbox 3577 632 3628 677; x_wconf 90' lang='lat' dir='ltr'><strong>et</strong></span> <span class='ocrx_word' id='word_1_469' title='bbox 3661 625 3849 692; x_wconf 77' lang='lat' dir='ltr'><strong>juvenes</strong></span> <span class='ocrx_word' id='word_1_470' title='bbox 3873 638 3912 683; x_wconf 86' lang='lat' dir='ltr'><strong>ct</strong></span> 
     </span>
    </p>
   </div>
   <div class='ocr_carea' id='block_1_64' title="bbox 2398 702 3911 786">
    <p class='ocr_par' dir='ltr' id='par_1_64' title="bbox 2398 702 3911 786">
     <span class='ocr_line' id='line_1_64' title="bbox 2398 702 3911 786; baseline 0.01 -29"><span class='ocrx_word' id='word_1_471' title='bbox 2398 715 2559 757; x_wconf 75' lang='lat' dir='ltr'><strong>senes</strong></span> <span class='ocrx_word' id='word_1_472' title='bbox 2589 702 2657 757; x_wconf 92' lang='lat' dir='ltr'><strong>ad</strong></span> <span class='ocrx_word' id='word_1_473' title='bbox 2702 705 2806 759; x_wconf 90' lang='lat' dir='ltr'><strong>tale</strong></span> <span class='ocrx_word' id='word_1_474' title='bbox 2858 706 3097 761; x_wconf 89' lang='lat' dir='ltr'><strong>studium</strong></span> <span class='ocrx_word' id='word_1_475' title='bbox 3143 706 3421 766; x_wconf 76' lang='lat' dir='ltr'><strong>fe5tinare.</strong></span> <span class='ocrx_word' id='word_1_476' title='bbox 3453 711 3556 767; x_wconf 90' lang='lat' dir='ltr'><strong>Sed</strong></span> <span class='ocrx_word' id='word_1_477' title='bbox 3584 714 3762 769; x_wconf 87' lang='lat' dir='ltr'><strong>utinam</strong></span> <span class='ocrx_word' id='word_1_478' title='bbox 3787 732 3911 786; x_wconf 68' lang='lat' dir='ltr'><strong>natiue</strong></span> 
     </span>
    </p>
   </div>
   <div class='ocr_carea' id='block_1_65' title="bbox 2404 791 3909 863">
    <p class='ocr_par' dir='ltr' id='par_1_65' title="bbox 2404 791 3909 863">
     <span class='ocr_line' id='line_1_65' title="bbox 2404 791 3909 863; baseline 0.01 -16"><span class='ocrx_word' id='word_1_479' title='bbox 2404 791 2472 847; x_wconf 81' lang='lat' dir='ltr'><strong>ad</strong></span> <span class='ocrx_word' id='word_1_480' title='bbox 2503 794 2882 863; x_wconf 89' lang='lat' dir='ltr'><strong>turpitudinem</strong></span> <span class='ocrx_word' id='word_1_481' title='bbox 2910 807 3053 853; x_wconf 85' lang='lat' dir='ltr'><strong>esset</strong></span> <span class='ocrx_word' id='word_1_482' title='bbox 3081 799 3279 854; x_wconf 87' lang='lat' dir='ltr'><strong>malum</strong></span> <span class='ocrx_word' id='word_1_483' title='bbox 3308 819 3324 857; x_wconf 88' lang='lat'><strong>:</strong></span> <span class='ocrx_word' id='word_1_484' title='bbox 3351 804 3559 858; x_wconf 82' lang='lat' dir='ltr'><strong>tametsi</strong></span> <span class='ocrx_word' id='word_1_485' title='bbox 3598 804 3648 859; x_wconf 90' lang='lat' dir='ltr'><strong>id</strong></span> <span class='ocrx_word' id='word_1_486' title='bbox 3675 806 3841 861; x_wconf 83' lang='lat' dir='ltr'><strong>homini</strong></span> <span class='ocrx_word' id='word_1_487' title='bbox 3863 810 3909 863; x_wconf 92' lang='lat' dir='ltr'><strong>li-</strong></span> 
     </span>
    </p>
   </div>
   <div class='ocr_carea' id='block_1_66' title="bbox 2398 883 3909 958">
    <p class='ocr_par' dir='ltr' id='par_1_66' title="bbox 2398 883 3909 958">
     <span class='ocr_line' id='line_1_66' title="bbox 2398 883 3909 958; baseline 0.012 -21"><span class='ocrx_word' id='word_1_488' title='bbox 2398 883 2531 939; x_wconf 89' lang='lat' dir='ltr'><strong>bero</strong></span> <span class='ocrx_word' id='word_1_489' title='bbox 2557 885 2890 944; x_wconf 84' lang='lat' dir='ltr'><strong>intolerabile</strong></span> <span class='ocrx_word' id='word_1_490' title='bbox 2914 887 3139 946; x_wconf 81' lang='lat' dir='ltr'><strong>fortasse</strong></span> <span class='ocrx_word' id='word_1_491' title='bbox 3164 891 3393 958; x_wconf 85' lang='lat' dir='ltr'><strong>videtur,</strong></span> <span class='ocrx_word' id='word_1_492' title='bbox 3411 904 3465 949; x_wconf 89' lang='lat' dir='ltr'><strong>et</strong></span> <span class='ocrx_word' id='word_1_493' title='bbox 3492 893 3730 950; x_wconf 85' lang='lat' dir='ltr'><strong>damnum</strong></span> <span class='ocrx_word' id='word_1_494' title='bbox 3741 899 3909 955; x_wconf 83' lang='lat' dir='ltr'><strong>cordan</strong></span> 
     </span>
    </p>
   </div>
   <div class='ocr_carea' id='block_1_67' title="bbox 2400 978 3907 1053">
    <p class='ocr_par' dir='ltr' id='par_1_67' title="bbox 2400 978 3907 1053">
     <span class='ocr_line' id='line_1_67' title="bbox 2400 978 3907 1053; baseline 0.01 -23"><span class='ocrx_word' id='word_1_495' title='bbox 2400 978 2712 1043; x_wconf 81' lang='lat' dir='ltr'><strong>maximum,</strong></span> <span class='ocrx_word' id='word_1_496' title='bbox 2736 980 2780 1033; x_wconf 92' lang='lat' dir='ltr'><strong>si</strong></span> <span class='ocrx_word' id='word_1_497' title='bbox 2806 980 3129 1049; x_wconf 87' lang='lat' dir='ltr'><strong>turpitudine</strong></span> <span class='ocrx_word' id='word_1_498' title='bbox 3150 992 3204 1037; x_wconf 87' lang='lat' dir='ltr'><strong>et</strong></span> <span class='ocrx_word' id='word_1_499' title='bbox 3220 984 3506 1053; x_wconf 81' lang='lat' dir='ltr'><strong>ignominia</strong></span> <span class='ocrx_word' id='word_1_500' title='bbox 3526 996 3752 1049; x_wconf 82' lang='lat' dir='ltr'><strong>notetur;</strong></span> <span class='ocrx_word' id='word_1_501' title='bbox 3772 1004 3907 1044; x_wconf 83' lang='lat' dir='ltr'><strong>verum</strong></span> 
     </span>
    </p>
   </div>
   <div class='ocr_carea' id='block_1_68' title="bbox 2400 1067 3909 1147">
    <p class='ocr_par' dir='ltr' id='par_1_68' title="bbox 2400 1067 3909 1147">
     <span class='ocr_line' id='line_1_68' title="bbox 2400 1067 3909 1147; baseline 0.011 -28"><span class='ocrx_word' id='word_1_502' title='bbox 2400 1081 2503 1120; x_wconf 91' lang='lat' dir='ltr'><strong>non</strong></span> <span class='ocrx_word' id='word_1_503' title='bbox 2531 1067 2596 1120; x_wconf 89' lang='lat' dir='ltr'><strong>ad</strong></span> <span class='ocrx_word' id='word_1_504' title='bbox 2623 1067 2964 1138; x_wconf 84' lang='lat' dir='ltr'><strong>ignominiam</strong></span> <span class='ocrx_word' id='word_1_505' title='bbox 2986 1086 3153 1141; x_wconf 89' lang='lat' dir='ltr'><strong>usque</strong></span> <span class='ocrx_word' id='word_1_506' title='bbox 3182 1082 3384 1129; x_wconf 84' lang='lat' dir='ltr'><strong>tantum</strong></span> <span class='ocrx_word' id='word_1_507' title='bbox 3412 1091 3563 1145; x_wconf 72' lang='lat' dir='ltr'><strong>poena</strong></span> <span class='ocrx_word' id='word_1_508' title='bbox 3587 1077 3815 1147; x_wconf 79' lang='lat' dir='ltr'><strong>procedit,</strong></span> <span class='ocrx_word' id='word_1_509' title='bbox 3843 1084 3909 1134; x_wconf 71' lang='lat' dir='ltr'><strong>sui</strong></span> 
     </span>
    </p>
   </div>
   <div class='ocr_carea' id='block_1_69' title="bbox 2401 1156 3907 1231">
    <p class='ocr_par' dir='ltr' id='par_1_69' title="bbox 2401 1156 3907 1231">
     <span class='ocr_line' id='line_1_69' title="bbox 2401 1156 3907 1231; baseline 0.008 -20"><span class='ocrx_word' id='word_1_510' title='bbox 2401 1156 2530 1212; x_wconf 90' lang='lat' dir='ltr'><strong>ultio</strong></span> <span class='ocrx_word' id='word_1_511' title='bbox 2558 1159 2742 1228; x_wconf 85' lang='lat' dir='ltr'><strong>ingens</strong></span> <span class='ocrx_word' id='word_1_512' title='bbox 2769 1175 2832 1214; x_wconf 90' lang='lat' dir='ltr'><strong>ac</strong></span> <span class='ocrx_word' id='word_1_513' title='bbox 2857 1162 3175 1231; x_wconf 87' lang='lat' dir='ltr'><strong>supplicium</strong></span> <span class='ocrx_word' id='word_1_514' title='bbox 3200 1164 3443 1220; x_wconf 88' lang='lat' dir='ltr'><strong>imminet</strong></span> <span class='ocrx_word' id='word_1_515' title='bbox 3470 1171 3907 1223; x_wconf 81' lang='lat' dir='ltr'><strong>:nccesseesteniui</strong></span> 
     </span>
    </p>
   </div>
   <div class='ocr_carea' id='block_1_70' title="bbox 2399 1248 3905 1330">
    <p class='ocr_par' dir='ltr' id='par_1_70' title="bbox 2399 1248 3905 1330">
     <span class='ocr_line' id='line_1_70' title="bbox 2399 1248 3905 1330; baseline 0.007 -27"><span class='ocrx_word' id='word_1_516' title='bbox 2399 1248 2506 1303; x_wconf 90' lang='lat' dir='ltr'><strong>illic</strong></span> <span class='ocrx_word' id='word_1_517' title='bbox 2524 1250 2773 1306; x_wconf 81' lang='lat' dir='ltr'><strong>sedentes</strong></span> <span class='ocrx_word' id='word_1_518' title='bbox 2790 1263 3006 1320; x_wconf 87' lang='lat' dir='ltr'><strong>peccato</strong></span> <span class='ocrx_word' id='word_1_519' title='bbox 3019 1253 3266 1310; x_wconf 88' lang='lat' dir='ltr'><strong>adulterii</strong></span> <span class='ocrx_word' id='word_1_520' title='bbox 3282 1272 3470 1313; x_wconf 88' lang='lat' dir='ltr'><strong>omnes</strong></span> <span class='ocrx_word' id='word_1_521' title='bbox 3489 1259 3666 1323; x_wconf 83' lang='lat' dir='ltr'><strong>teneri,</strong></span> <span class='ocrx_word' id='word_1_522' title='bbox 3689 1274 3779 1313; x_wconf 89' lang='lat' dir='ltr'><strong>non</strong></span> <span class='ocrx_word' id='word_1_523' title='bbox 3800 1261 3905 1330; x_wconf 86' lang='lat' dir='ltr'><strong>quod</strong></span> 
     </span>
    </p>
   </div>
   <div class='ocr_carea' id='block_1_71' title="bbox 2400 1340 3909 1417">
    <p class='ocr_par' dir='ltr' id='par_1_71' title="bbox 2400 1340 3909 1417">
     <span class='ocr_line' id='line_1_71' title="bbox 2400 1340 3909 1417; baseline 0.007 -25"><span class='ocrx_word' id='word_1_524' title='bbox 2400 1340 2469 1393; x_wconf 90' lang='lat' dir='ltr'><strong>ibi</strong></span> <span class='ocrx_word' id='word_1_525' title='bbox 2523 1340 2836 1397; x_wconf 85' lang='lat' dir='ltr'><strong>mulieribus</strong></span> <span class='ocrx_word' id='word_1_526' title='bbox 2881 1344 3218 1411; x_wconf 88' lang='lat' dir='ltr'><strong>c0pulentur,</strong></span> <span class='ocrx_word' id='word_1_527' title='bbox 3262 1346 3356 1401; x_wconf 86' lang='lat' dir='ltr'><strong>sed</strong></span> <span class='ocrx_word' id='word_1_528' title='bbox 3385 1346 3525 1417; x_wconf 90' lang='lat' dir='ltr'><strong>quod</strong></span> <span class='ocrx_word' id='word_1_529' title='bbox 3565 1348 3809 1417; x_wconf 81' lang='lat' dir='ltr'><strong>impudicis</strong></span> <span class='ocrx_word' id='word_1_530' title='bbox 3842 1364 3909 1404; x_wconf 80' lang='lat' dir='ltr'><strong>eas</strong></span> 
     </span>
    </p>
   </div>
   <div class='ocr_carea' id='block_1_72' title="bbox 2399 1429 3910 1508">
    <p class='ocr_par' dir='ltr' id='par_1_72' title="bbox 2399 1429 3910 1508">
     <span class='ocr_line' id='line_1_72' title="bbox 2399 1429 3910 1508; baseline 0.007 -23"><span class='ocrx_word' id='word_1_531' title='bbox 2399 1429 2702 1486; x_wconf 86' lang='lat' dir='ltr'><strong>intueantur</strong></span> <span class='ocrx_word' id='word_1_532' title='bbox 2742 1433 2931 1488; x_wconf 90' lang='lat' dir='ltr'><strong>oculis.</strong></span> <span class='ocrx_word' id='word_1_533' title='bbox 2977 1433 3187 1489; x_wconf 89' lang='lat' dir='ltr'><strong>Etenim</strong></span> <span class='ocrx_word' id='word_1_534' title='bbox 3235 1436 3338 1490; x_wconf 92' lang='lat' dir='ltr'><strong>hos</strong></span> <span class='ocrx_word' id='word_1_535' title='bbox 3359 1451 3568 1508; x_wconf 87' lang='lat' dir='ltr'><strong>quoque</strong></span> <span class='ocrx_word' id='word_1_536' title='bbox 3602 1453 3793 1493; x_wconf 82' lang='lat' dir='ltr'><strong>necesse</strong></span> <span class='ocrx_word' id='word_1_537' title='bbox 3822 1454 3910 1495; x_wconf 76' lang='lat' dir='ltr'><strong>esse</strong></span> 
     </span>
    </p>
   </div>
   <div class='ocr_carea' id='block_1_73' title="bbox 2396 1523 3909 1598">
    <p class='ocr_par' dir='ltr' id='par_1_73' title="bbox 2396 1523 3909 1598">
     <span class='ocr_line' id='line_1_73' title="bbox 2396 1523 3909 1598; baseline 0.003 -18"><span class='ocrx_word' id='word_1_538' title='bbox 2396 1523 2662 1580; x_wconf 87' lang='lat' dir='ltr'><strong>adulterio</strong></span> <span class='ocrx_word' id='word_1_539' title='bbox 2684 1528 2851 1580; x_wconf 88' lang='lat' dir='ltr'><strong>teucri</strong></span> <span class='ocrx_word' id='word_1_540' title='bbox 2877 1536 2935 1581; x_wconf 94' lang='lat' dir='ltr'><strong>ut</strong></span> <span class='ocrx_word' id='word_1_541' title='bbox 2956 1527 3281 1598; x_wconf 86' lang='lat' dir='ltr'><strong>intelligatis.</strong></span> <span class='ocrx_word' id='word_1_542' title='bbox 3303 1545 3409 1583; x_wconf 91' lang='lat' dir='ltr'><strong>nou</strong></span> <span class='ocrx_word' id='word_1_543' title='bbox 3432 1546 3601 1585; x_wconf 90' lang='lat' dir='ltr'><strong>meum</strong></span> <span class='ocrx_word' id='word_1_544' title='bbox 3624 1530 3757 1585; x_wconf 83' lang='lat' dir='ltr'><strong>vobis</strong></span> <span class='ocrx_word' id='word_1_545' title='bbox 3779 1529 3909 1585; x_wconf 83' lang='lat' dir='ltr'><strong>dicam</strong></span> 
     </span>
    </p>
   </div>
   <div class='ocr_carea' id='block_1_74' title="bbox 2398 1620 3910 1693">
    <p class='ocr_par' dir='ltr' id='par_1_74' title="bbox 2398 1620 3910 1693">
     <span class='ocr_line' id='line_1_74' title="bbox 2398 1620 3910 1693; baseline 0.005 -22"><span class='ocrx_word' id='word_1_546' title='bbox 2398 1632 2723 1685; x_wconf 86' lang='lat' dir='ltr'><strong>sermonem,</strong></span> <span class='ocrx_word' id='word_1_547' title='bbox 2760 1635 2831 1675; x_wconf 88' lang='lat' dir='ltr'><strong>ne</strong></span> <span class='ocrx_word' id='word_1_548' title='bbox 2874 1620 3010 1676; x_wconf 91' lang='lat' dir='ltr'><strong>forte</strong></span> <span class='ocrx_word' id='word_1_549' title='bbox 3037 1620 3368 1693; x_wconf 88' lang='lat' dir='ltr'><strong>despiciatis,</strong></span> <span class='ocrx_word' id='word_1_550' title='bbox 3407 1622 3501 1679; x_wconf 88' lang='lat' dir='ltr'><strong>sed</strong></span> <span class='ocrx_word' id='word_1_551' title='bbox 3544 1623 3751 1677; x_wconf 85' lang='lat' dir='ltr'><strong>divinam</strong></span> <span class='ocrx_word' id='word_1_552' title='bbox 3781 1622 3910 1693; x_wconf 78' lang='lat' dir='ltr'><strong>legem</strong></span> 
     </span>
    </p>
   </div>
   <div class='ocr_carea' id='block_1_75' title="bbox 2398 1708 3910 1782">
    <p class='ocr_par' dir='ltr' id='par_1_75' title="bbox 2398 1708 3910 1782">
     <span class='ocr_line' id='line_1_75' title="bbox 2398 1708 3910 1782; baseline 0 -18"><span class='ocrx_word' id='word_1_553' title='bbox 2398 1708 2697 1778; x_wconf 76' lang='lat' dir='ltr'><strong>explicabo,</strong></span> <span class='ocrx_word' id='word_1_554' title='bbox 2718 1710 2804 1764; x_wconf 91' lang='lat' dir='ltr'><strong>ubi</strong></span> <span class='ocrx_word' id='word_1_555' title='bbox 2832 1710 3106 1780; x_wconf 89' lang='lat' dir='ltr'><strong>despectui</strong></span> <span class='ocrx_word' id='word_1_556' title='bbox 3133 1727 3465 1782; x_wconf 86' lang='lat' dir='ltr'><strong>nequaquam</strong></span> <span class='ocrx_word' id='word_1_557' title='bbox 3496 1712 3657 1767; x_wconf 91' lang='lat' dir='ltr'><strong>locus.</strong></span> <span class='ocrx_word' id='word_1_558' title='bbox 3683 1711 3796 1779; x_wconf 84' lang='lat' dir='ltr'><strong>Quid</strong></span> <span class='ocrx_word' id='word_1_559' title='bbox 3815 1727 3910 1780; x_wconf 77' lang='lat' dir='ltr'><strong>ergo</strong></span> 
     </span>
    </p>
   </div>
   <div class='ocr_carea' id='block_1_76' title="bbox 2397 1799 3910 1876">
    <p class='ocr_par' dir='ltr' id='par_1_76' title="bbox 2397 1799 3910 1876">
     <span class='ocr_line' id='line_1_76' title="bbox 2397 1799 3910 1876; baseline 0 -21"><span class='ocrx_word' id='word_1_560' title='bbox 2397 1799 2575 1855; x_wconf 86' lang='lat' dir='ltr'><strong>divina</strong></span> <span class='ocrx_word' id='word_1_561' title='bbox 2593 1800 2679 1854; x_wconf 79' lang='lat' dir='ltr'><strong>lex</strong></span> <span class='ocrx_word' id='word_1_562' title='bbox 2701 1802 2897 1872; x_wconf 82' lang='lat' dir='ltr'><strong>inquit?</strong></span> <span class='ocrx_word' id='word_1_563' title='bbox 2916 1803 3142 1857; x_wconf 74' lang='lat' dir='ltr'><strong>Audistis</strong></span> <span class='ocrx_word' id='word_1_564' title='bbox 3155 1804 3273 1876; x_wconf 81' lang='lat' dir='ltr'><strong>quia</strong></span> <span class='ocrx_word' id='word_1_565' title='bbox 3297 1804 3483 1858; x_wconf 86' lang='lat' dir='ltr'><strong>dictum</strong></span> <span class='ocrx_word' id='word_1_566' title='bbox 3500 1813 3567 1859; x_wconf 78' lang='lat' dir='ltr'><strong>est</strong></span> <span class='ocrx_word' id='word_1_567' title='bbox 3584 1803 3804 1874; x_wconf 72' lang='lat' dir='ltr'><strong>antiquis:</strong></span> <span class='ocrx_word' id='word_1_568' title='bbox 3821 1801 3910 1855; x_wconf 80' lang='lat' dir='ltr'><strong>Non</strong></span> 
     </span>
    </p>
   </div>
   <div class='ocr_carea' id='block_1_77' title="bbox 2397 1890 3911 1966">
    <p class='ocr_par' dir='ltr' id='par_1_77' title="bbox 2397 1890 3911 1966">
     <span class='ocr_line' id='line_1_77' title="bbox 2397 1890 3911 1966; baseline 0.003 -21"><span class='ocrx_word' id='word_1_569' title='bbox 2397 1890 2719 1946; x_wconf 67' lang='lat' dir='ltr'><strong>mwrltrtbem</strong></span> <span class='ocrx_word' id='word_1_570' title='bbox 2743 1891 2934 1963; x_wconf 61' lang='lat' dir='ltr'><strong>(Exod.</strong></span> <span class='ocrx_word' id='word_1_571' title='bbox 2956 1892 3046 1948; x_wconf 73' lang='grc'><strong>20.</strong></span> <span class='ocrx_word' id='word_1_572' title='bbox 3076 1894 3168 1965; x_wconf 73' lang='grc' dir='ltr'><strong>Η)</strong></span> <span class='ocrx_word' id='word_1_573' title='bbox 3192 1911 3207 1961; x_wconf 93' lang='lat'><strong>;</strong></span> <span class='ocrx_word' id='word_1_574' title='bbox 3234 1912 3330 1966; x_wconf 80' lang='lat' dir='ltr'><strong>ego</strong></span> <span class='ocrx_word' id='word_1_575' title='bbox 3354 1905 3517 1949; x_wconf 85' lang='lat' dir='ltr'><strong>autem</strong></span> <span class='ocrx_word' id='word_1_576' title='bbox 3542 1896 3645 1949; x_wconf 87' lang='lat' dir='ltr'><strong>dico</strong></span> <span class='ocrx_word' id='word_1_577' title='bbox 3665 1895 3795 1961; x_wconf 71' lang='lat' dir='ltr'><strong>vobis,</strong></span> <span class='ocrx_word' id='word_1_578' title='bbox 3813 1894 3911 1963; x_wconf 77' lang='lat' dir='ltr'><strong>quod</strong></span> 
     </span>
    </p>
   </div>
   <div class='ocr_carea' id='block_1_78' title="bbox 2397 1983 3905 2055">
    <p class='ocr_par' dir='ltr' id='par_1_78' title="bbox 2397 1983 3905 2055">
     <span class='ocr_line' id='line_1_78' title="bbox 2397 1983 3905 2055; baseline 0.001 -20"><span class='ocrx_word' id='word_1_579' title='bbox 2397 1984 2697 2054; x_wconf 80' lang='lat' dir='ltr'><strong>quicumque</strong></span> <span class='ocrx_word' id='word_1_580' title='bbox 2744 1983 2923 2039; x_wconf 80' lang='lat' dir='ltr'><strong>viderit</strong></span> <span class='ocrx_word' id='word_1_581' title='bbox 2960 1986 3218 2040; x_wconf 80' lang='lat' dir='ltr'><strong>mulierem</strong></span> <span class='ocrx_word' id='word_1_582' title='bbox 3259 1987 3330 2040; x_wconf 86' lang='lat' dir='ltr'><strong>ad</strong></span> <span class='ocrx_word' id='word_1_583' title='bbox 3373 1987 3792 2055; x_wconf 73' lang='lat' dir='ltr'><strong>concupiscendum</strong></span> <span class='ocrx_word' id='word_1_584' title='bbox 3810 2002 3905 2049; x_wconf 73' lang='lat' dir='ltr'><strong>cani,</strong></span> 
     </span>
    </p>
   </div>
   <div class='ocr_carea' id='block_1_79' title="bbox 2388 2076 3904 2151">
    <p class='ocr_par' dir='ltr' id='par_1_79' title="bbox 2388 2076 3904 2151">
     <span class='ocr_line' id='line_1_79' title="bbox 2388 2076 3904 2151; baseline 0.005 -23"><span class='ocrx_word' id='word_1_585' title='bbox 2388 2076 2503 2145; x_wconf 88' lang='lat' dir='ltr'><strong>jam</strong></span> <span class='ocrx_word' id='word_1_586' title='bbox 2532 2077 2807 2132; x_wconf 67' lang='lat' dir='ltr'><strong>moechatus</strong></span> <span class='ocrx_word' id='word_1_587' title='bbox 2832 2087 2905 2131; x_wconf 79' lang='lat' dir='ltr'><strong>est</strong></span> <span class='ocrx_word' id='word_1_588' title='bbox 2927 2095 3041 2132; x_wconf 84' lang='lat' dir='ltr'><strong>eam</strong></span> <span class='ocrx_word' id='word_1_589' title='bbox 3064 2079 3116 2134; x_wconf 87' lang='lat' dir='ltr'><strong>in</strong></span> <span class='ocrx_word' id='word_1_590' title='bbox 3144 2080 3296 2135; x_wconf 80' lang='lat' dir='ltr'><strong>corde</strong></span> <span class='ocrx_word' id='word_1_591' title='bbox 3320 2098 3413 2135; x_wconf 82' lang='lat' dir='ltr'><strong>suo</strong></span> <span class='ocrx_word' id='word_1_592' title='bbox 3454 2081 3652 2151; x_wconf 73' lang='lat' dir='ltr'><strong>(Matth.</strong></span> <span class='ocrx_word' id='word_1_593' title='bbox 3677 2082 3724 2135; x_wconf 82' lang='lat'><strong>5.</strong></span> <span class='ocrx_word' id='word_1_594' title='bbox 3741 2077 3904 2150; x_wconf 65' lang='lat'><strong>27.18).</strong></span> 
     </span>
    </p>
   </div>
   <div class='ocr_carea' id='block_1_80' title="bbox 2399 2166 3903 2240">
    <p class='ocr_par' dir='ltr' id='par_1_80' title="bbox 2399 2166 3903 2240">
     <span class='ocr_line' id='line_1_80' title="bbox 2399 2166 3903 2240; baseline 0 -19"><span class='ocrx_word' id='word_1_595' title='bbox 2399 2166 2590 2222; x_wconf 78' lang='lat' dir='ltr'><strong>Vidisti</strong></span> <span class='ocrx_word' id='word_1_596' title='bbox 2611 2167 2933 2224; x_wconf 87' lang='lat' dir='ltr'><strong>adulterium</strong></span> <span class='ocrx_word' id='word_1_597' title='bbox 2949 2181 3379 2225; x_wconf 89' lang='lat' dir='ltr'><strong>consummatum</strong></span> <span class='ocrx_word' id='word_1_598' title='bbox 3408 2172 3431 2225; x_wconf 67' lang='grc' dir='ltr'><em>ἲ</em></span> <span class='ocrx_word' id='word_1_599' title='bbox 3459 2171 3625 2225; x_wconf 87' lang='lat' dir='ltr'><strong>vidisti</strong></span> <span class='ocrx_word' id='word_1_600' title='bbox 3653 2171 3903 2240; x_wconf 74' lang='grc' dir='ltr'><strong>εοιιψιειιιω</strong></span> 
     </span>
    </p>
   </div>
   <div class='ocr_carea' id='block_1_81' title="bbox 2398 2262 3905 2333">
    <p class='ocr_par' dir='ltr' id='par_1_81' title="bbox 2398 2262 3905 2333">
     <span class='ocr_line' id='line_1_81' title="bbox 2398 2262 3905 2333; baseline -0.001 -18"><span class='ocrx_word' id='word_1_601' title='bbox 2398 2262 2713 2329; x_wconf 84' lang='lat' dir='ltr'><strong>peccatum?</strong></span> <span class='ocrx_word' id='word_1_602' title='bbox 2735 2270 2789 2316; x_wconf 91' lang='lat' dir='ltr'><strong>et</strong></span> <span class='ocrx_word' id='word_1_603' title='bbox 2803 2262 2941 2331; x_wconf 88' lang='lat' dir='ltr'><strong>quod</strong></span> <span class='ocrx_word' id='word_1_604' title='bbox 2963 2262 3218 2328; x_wconf 89' lang='lat' dir='ltr'><strong>deterius,</strong></span> <span class='ocrx_word' id='word_1_605' title='bbox 3244 2263 3296 2318; x_wconf 91' lang='lat' dir='ltr'><strong>in</strong></span> <span class='ocrx_word' id='word_1_606' title='bbox 3319 2264 3575 2320; x_wconf 88' lang='lat' dir='ltr'><strong>adulterio</strong></span> <span class='ocrx_word' id='word_1_607' title='bbox 3594 2263 3905 2333; x_wconf 80' lang='lat' dir='ltr'><strong>deprehensum</strong></span> 
     </span>
    </p>
   </div>
   <div class='ocr_carea' id='block_1_82' title="bbox 2395 2353 3905 2425">
    <p class='ocr_par' dir='ltr' id='par_1_82' title="bbox 2395 2353 3905 2425">
     <span class='ocr_line' id='line_1_82' title="bbox 2395 2353 3905 2425; baseline -0.002 -16"><span class='ocrx_word' id='word_1_608' title='bbox 2395 2353 2718 2422; x_wconf 89' lang='lat' dir='ltr'><strong>adulterum,</strong></span> <span class='ocrx_word' id='word_1_609' title='bbox 2746 2370 2853 2410; x_wconf 91' lang='lat' dir='ltr'><strong>non</strong></span> <span class='ocrx_word' id='word_1_610' title='bbox 2884 2357 3137 2424; x_wconf 90' lang='lat' dir='ltr'><strong>humano,</strong></span> <span class='ocrx_word' id='word_1_611' title='bbox 3152 2357 3246 2412; x_wconf 89' lang='lat' dir='ltr'><strong>sed</strong></span> <span class='ocrx_word' id='word_1_612' title='bbox 3277 2357 3458 2411; x_wconf 82' lang='lat' dir='ltr'><strong>divino</strong></span> <span class='ocrx_word' id='word_1_613' title='bbox 3484 2358 3579 2412; x_wconf 87' lang='lat' dir='ltr'><strong>sub</strong></span> <span class='ocrx_word' id='word_1_614' title='bbox 3602 2356 3777 2425; x_wconf 89' lang='lat' dir='ltr'><strong>judicio</strong></span> <span class='ocrx_word' id='word_1_615' title='bbox 3794 2354 3905 2408; x_wconf 87' lang='lat' dir='ltr'><strong>adul-</strong></span> 
     </span>
    </p>
   </div>
   <div class='ocr_carea' id='block_1_83' title="bbox 2397 2445 3906 2518">
    <p class='ocr_par' dir='ltr' id='par_1_83' title="bbox 2397 2445 3906 2518">
     <span class='ocr_line' id='line_1_83' title="bbox 2397 2445 3906 2518; baseline -0.003 -18"><span class='ocrx_word' id='word_1_616' title='bbox 2397 2445 2518 2501; x_wconf 79' lang='lat' dir='ltr'><strong>terii</strong></span> <span class='ocrx_word' id='word_1_617' title='bbox 2538 2461 2687 2500; x_wconf 89' lang='lat' dir='ltr'><strong>reum</strong></span> <span class='ocrx_word' id='word_1_618' title='bbox 2715 2461 2855 2513; x_wconf 86' lang='lat' dir='ltr'><strong>esse,</strong></span> <span class='ocrx_word' id='word_1_619' title='bbox 2886 2447 2975 2503; x_wconf 92' lang='lat' dir='ltr'><strong>ubi</strong></span> <span class='ocrx_word' id='word_1_620' title='bbox 3014 2448 3343 2502; x_wconf 87' lang='lat' dir='ltr'><strong>immortales</strong></span> <span class='ocrx_word' id='word_1_621' title='bbox 3369 2456 3491 2503; x_wconf 87' lang='lat' dir='ltr'><strong>sunt</strong></span> <span class='ocrx_word' id='word_1_622' title='bbox 3518 2464 3694 2518; x_wconf 66' lang='lat' dir='ltr'><strong>poenae.</strong></span> <span class='ocrx_word' id='word_1_623' title='bbox 3725 2445 3906 2512; x_wconf 69' lang='lat' dir='ltr'><strong>Quicun-</strong></span> 
     </span>
    </p>
   </div>
   <div class='ocr_carea' id='block_1_84' title="bbox 2396 2538 3906 2608">
    <p class='ocr_par' dir='ltr' id='par_1_84' title="bbox 2396 2538 3906 2608">
     <span class='ocr_line' id='line_1_84' title="bbox 2396 2538 3906 2608; baseline 0.001 -19"><span class='ocrx_word' id='word_1_624' title='bbox 2396 2553 2491 2606; x_wconf 79' lang='lat' dir='ltr'><strong>que</strong></span> <span class='ocrx_word' id='word_1_625' title='bbox 2519 2538 2652 2591; x_wconf 84' lang='lat' dir='ltr'><strong>enim</strong></span> <span class='ocrx_word' id='word_1_626' title='bbox 2680 2539 2855 2593; x_wconf 82' lang='lat' dir='ltr'><strong>viderit</strong></span> <span class='ocrx_word' id='word_1_627' title='bbox 2880 2540 3138 2595; x_wconf 82' lang='lat' dir='ltr'><strong>mulierem</strong></span> <span class='ocrx_word' id='word_1_628' title='bbox 3159 2541 3226 2594; x_wconf 82' lang='lat' dir='ltr'><strong>ad</strong></span> <span class='ocrx_word' id='word_1_629' title='bbox 3243 2540 3682 2608; x_wconf 76' lang='lat' dir='ltr'><strong>concupiscendum</strong></span> <span class='ocrx_word' id='word_1_630' title='bbox 3704 2554 3809 2598; x_wconf 79' lang='lat' dir='ltr'><strong>eam,</strong></span> <span class='ocrx_word' id='word_1_631' title='bbox 3826 2538 3906 2605; x_wconf 80' lang='lat' dir='ltr'><strong>jam</strong></span> 
     </span>
    </p>
   </div>
   <div class='ocr_carea' id='block_1_85' title="bbox 2398 2628 3903 2687">
    <p class='ocr_par' dir='ltr' id='par_1_85' title="bbox 2398 2628 3903 2687">
     <span class='ocr_line' id='line_1_85' title="bbox 2398 2628 3903 2687; baseline -0.005 -6"><span class='ocrx_word' id='word_1_632' title='bbox 2398 2629 2672 2683; x_wconf 68' lang='lat' dir='ltr'><strong>moechatus</strong></span> <span class='ocrx_word' id='word_1_633' title='bbox 2712 2640 2784 2683; x_wconf 77' lang='lat' dir='ltr'><strong>est</strong></span> <span class='ocrx_word' id='word_1_634' title='bbox 2817 2646 2931 2683; x_wconf 85' lang='lat' dir='ltr'><strong>eam</strong></span> <span class='ocrx_word' id='word_1_635' title='bbox 2969 2630 3018 2684; x_wconf 89' lang='lat' dir='ltr'><strong>in</strong></span> <span class='ocrx_word' id='word_1_636' title='bbox 3048 2632 3199 2684; x_wconf 83' lang='lat' dir='ltr'><strong>corde</strong></span> <span class='ocrx_word' id='word_1_637' title='bbox 3219 2648 3339 2685; x_wconf 82' lang='lat' dir='ltr'><strong>suo.</strong></span> <span class='ocrx_word' id='word_1_638' title='bbox 3369 2631 3481 2685; x_wconf 81' lang='lat' dir='ltr'><strong>Non</strong></span> <span class='ocrx_word' id='word_1_639' title='bbox 3521 2631 3668 2684; x_wconf 90' lang='lat' dir='ltr'><strong>modo</strong></span> <span class='ocrx_word' id='word_1_640' title='bbox 3703 2628 3903 2687; x_wconf 83' lang='lat' dir='ltr'><strong>morbum,</strong></span> 
     </span>
    </p>
   </div>
   <div class='ocr_carea' id='block_1_86' title="bbox 2399 2715 3905 2789">
    <p class='ocr_par' dir='ltr' id='par_1_86' title="bbox 2399 2715 3905 2789">
     <span class='ocr_line' id='line_1_86' title="bbox 2399 2715 3905 2789; baseline -0.003 -16"><span class='ocrx_word' id='word_1_641' title='bbox 2399 2720 2492 2774; x_wconf 87' lang='lat' dir='ltr'><strong>sed</strong></span> <span class='ocrx_word' id='word_1_642' title='bbox 2531 2730 2585 2774; x_wconf 89' lang='lat' dir='ltr'><strong>et</strong></span> <span class='ocrx_word' id='word_1_643' title='bbox 2625 2722 2796 2775; x_wconf 88' lang='lat' dir='ltr'><strong>morbi</strong></span> <span class='ocrx_word' id='word_1_644' title='bbox 2846 2722 3082 2777; x_wconf 88' lang='lat' dir='ltr'><strong>radicem</strong></span> <span class='ocrx_word' id='word_1_645' title='bbox 3121 2723 3339 2789; x_wconf 89' lang='lat' dir='ltr'><strong>evellit;</strong></span> <span class='ocrx_word' id='word_1_646' title='bbox 3369 2722 3519 2777; x_wconf 81' lang='lat' dir='ltr'><strong>radix</strong></span> <span class='ocrx_word' id='word_1_647' title='bbox 3551 2722 3681 2777; x_wconf 89' lang='lat' dir='ltr'><strong>enim</strong></span> <span class='ocrx_word' id='word_1_648' title='bbox 3721 2715 3905 2774; x_wconf 76' lang='lat' dir='ltr'><strong>adulterii</strong></span> 
     </span>
    </p>
   </div>
   <div class='ocr_carea' id='block_1_87' title="bbox 2397 2806 3905 2883">
    <p class='ocr_par' dir='ltr' id='par_1_87' title="bbox 2397 2806 3905 2883">
     <span class='ocr_line' id='line_1_87' title="bbox 2397 2806 3905 2883; baseline -0.004 -19"><span class='ocrx_word' id='word_1_649' title='bbox 2397 2812 2823 2882; x_wconf 80' lang='lat' dir='ltr'><strong>concupiscentia</strong></span> <span class='ocrx_word' id='word_1_650' title='bbox 2865 2813 3128 2881; x_wconf 87' lang='lat' dir='ltr'><strong>impudica</strong></span> <span class='ocrx_word' id='word_1_651' title='bbox 3175 2831 3189 2866; x_wconf 90' lang='lat'><strong>:</strong></span> <span class='ocrx_word' id='word_1_652' title='bbox 3239 2828 3409 2883; x_wconf 90' lang='lat' dir='ltr'><strong>quare</strong></span> <span class='ocrx_word' id='word_1_653' title='bbox 3451 2828 3551 2868; x_wconf 92' lang='lat' dir='ltr'><strong>non</strong></span> <span class='ocrx_word' id='word_1_654' title='bbox 3590 2810 3732 2866; x_wconf 87' lang='lat' dir='ltr'><strong>modo</strong></span> <span class='ocrx_word' id='word_1_655' title='bbox 3773 2806 3905 2879; x_wconf 81' lang='lat' dir='ltr'><strong>plcclit</strong></span> 
     </span>
    </p>
   </div>
   <div class='ocr_carea' id='block_1_88' title="bbox 2397 2903 3903 2976">
    <p class='ocr_par' dir='ltr' id='par_1_88' title="bbox 2397 2903 3903 2976">
     <span class='ocr_line' id='line_1_88' title="bbox 2397 2903 3903 2976; baseline -0.004 -19"><span class='ocrx_word' id='word_1_656' title='bbox 2397 2903 2735 2968; x_wconf 87' lang='lat' dir='ltr'><strong>adulterium,</strong></span> <span class='ocrx_word' id='word_1_657' title='bbox 2751 2905 2845 2960; x_wconf 89' lang='lat' dir='ltr'><strong>sed</strong></span> <span class='ocrx_word' id='word_1_658' title='bbox 2865 2915 2918 2961; x_wconf 89' lang='lat' dir='ltr'><strong>et</strong></span> <span class='ocrx_word' id='word_1_659' title='bbox 2934 2906 3416 2976; x_wconf 61' lang='lat' dir='ltr'><strong>enncupiscentiam</strong></span> <span class='ocrx_word' id='word_1_660' title='bbox 3432 2947 3449 2973; x_wconf 89' lang='lat'><strong>,</strong></span> <span class='ocrx_word' id='word_1_661' title='bbox 3474 2904 3699 2960; x_wconf 88' lang='lat' dir='ltr'><strong>adulterii</strong></span> <span class='ocrx_word' id='word_1_662' title='bbox 3721 2912 3903 2956; x_wconf 83' lang='lat' dir='ltr'><strong>matrem.</strong></span> 
     </span>
    </p>
   </div>
   <div class='ocr_carea' id='block_1_89' title="bbox 2397 2992 3904 3065">
    <p class='ocr_par' dir='ltr' id='par_1_89' title="bbox 2397 2992 3904 3065">
     <span class='ocr_line' id='line_1_89' title="bbox 2397 2992 3904 3065; baseline -0.006 -13"><span class='ocrx_word' id='word_1_663' title='bbox 2397 2997 2485 3052; x_wconf 88' lang='lat' dir='ltr'><strong>Sic</strong></span> <span class='ocrx_word' id='word_1_664' title='bbox 2504 3006 2558 3053; x_wconf 89' lang='lat' dir='ltr'><strong>et</strong></span> <span class='ocrx_word' id='word_1_665' title='bbox 2582 2998 2772 3053; x_wconf 87' lang='lat' dir='ltr'><strong>medici</strong></span> <span class='ocrx_word' id='word_1_666' title='bbox 2820 2998 3040 3065; x_wconf 84' lang='lat' dir='ltr'><strong>faciunt,</strong></span> <span class='ocrx_word' id='word_1_667' title='bbox 3074 3014 3176 3052; x_wconf 92' lang='lat' dir='ltr'><strong>non</strong></span> <span class='ocrx_word' id='word_1_668' title='bbox 3204 2998 3269 3052; x_wconf 91' lang='lat' dir='ltr'><strong>ad</strong></span> <span class='ocrx_word' id='word_1_669' title='bbox 3301 2998 3519 3053; x_wconf 86' lang='lat' dir='ltr'><strong>morbos</strong></span> <span class='ocrx_word' id='word_1_670' title='bbox 3551 2997 3730 3051; x_wconf 87' lang='lat' dir='ltr'><strong>instant</strong></span> <span class='ocrx_word' id='word_1_671' title='bbox 3761 2992 3904 3055; x_wconf 89' lang='lat' dir='ltr'><strong>solum,</strong></span> 
     </span>
    </p>
   </div>
   <div class='ocr_carea' id='block_1_90' title="bbox 2397 3089 3904 3161">
    <p class='ocr_par' dir='ltr' id='par_1_90' title="bbox 2397 3089 3904 3161">
     <span class='ocr_line' id='line_1_90' title="bbox 2397 3089 3904 3161; baseline -0.007 -16"><span class='ocrx_word' id='word_1_672' title='bbox 2397 3089 2492 3145; x_wconf 84' lang='lat' dir='ltr'><strong>sed</strong></span> <span class='ocrx_word' id='word_1_673' title='bbox 2532 3089 2597 3144; x_wconf 91' lang='lat' dir='ltr'><strong>ad</strong></span> <span class='ocrx_word' id='word_1_674' title='bbox 2625 3105 2813 3145; x_wconf 85' lang='lat' dir='ltr'><strong>causas</strong></span> <span class='ocrx_word' id='word_1_675' title='bbox 2840 3091 2998 3145; x_wconf 89' lang='lat' dir='ltr'><strong>etiam</strong></span> <span class='ocrx_word' id='word_1_676' title='bbox 3041 3090 3303 3145; x_wconf 86' lang='lat' dir='ltr'><strong>tollendas</strong></span> <span class='ocrx_word' id='word_1_677' title='bbox 3330 3107 3343 3143; x_wconf 89' lang='lat'><strong>:</strong></span> <span class='ocrx_word' id='word_1_678' title='bbox 3377 3090 3516 3161; x_wconf 90' lang='lat' dir='ltr'><strong>quod</strong></span> <span class='ocrx_word' id='word_1_679' title='bbox 3544 3090 3587 3143; x_wconf 90' lang='lat' dir='ltr'><strong>si</strong></span> <span class='ocrx_word' id='word_1_680' title='bbox 3631 3092 3904 3156; x_wconf 68' lang='lat' dir='ltr'><strong>aegrotantem</strong></span> 
     </span>
    </p>
   </div>
   <div class='ocr_carea' id='block_1_91' title="bbox 2398 3180 3905 3250">
    <p class='ocr_par' dir='ltr' id='par_1_91' title="bbox 2398 3180 3905 3250">
     <span class='ocr_line' id='line_1_91' title="bbox 2398 3180 3905 3250; baseline -0.003 -16"><span class='ocrx_word' id='word_1_681' title='bbox 2398 3180 2609 3235; x_wconf 72' lang='lat' dir='ltr'><strong>oculum</strong></span> <span class='ocrx_word' id='word_1_682' title='bbox 2634 3181 2882 3247; x_wconf 83' lang='lat' dir='ltr'><strong>viderint,</strong></span> <span class='ocrx_word' id='word_1_683' title='bbox 2912 3195 3131 3250; x_wconf 88' lang='lat' dir='ltr'><strong>pravum</strong></span> <span class='ocrx_word' id='word_1_684' title='bbox 3161 3181 3439 3236; x_wconf 90' lang='lat' dir='ltr'><strong>humorem</strong></span> <span class='ocrx_word' id='word_1_685' title='bbox 3466 3180 3684 3250; x_wconf 88' lang='lat' dir='ltr'><strong>desuper</strong></span> <span class='ocrx_word' id='word_1_686' title='bbox 3705 3191 3731 3231; x_wconf 86' lang='lat' dir='ltr'><strong>a</strong></span> <span class='ocrx_word' id='word_1_687' title='bbox 3754 3185 3905 3242; x_wconf 82' lang='lat' dir='ltr'><strong>tempo-</strong></span> 
     </span>
    </p>
   </div>
   <div class='ocr_carea' id='block_1_92' title="bbox 2396 3260 3905 3339">
    <p class='ocr_par' dir='ltr' id='par_1_92' title="bbox 2396 3260 3905 3339">
     <span class='ocr_line' id='line_1_92' title="bbox 2396 3260 3905 3339; baseline -0.006 -13"><span class='ocrx_word' id='word_1_688' title='bbox 2396 3270 2543 3326; x_wconf 86' lang='lat' dir='ltr'><strong>ribus</strong></span> <span class='ocrx_word' id='word_1_689' title='bbox 2564 3281 2912 3339; x_wconf 88' lang='lat' dir='ltr'><strong>compescunt</strong></span> <span class='ocrx_word' id='word_1_690' title='bbox 2936 3288 2948 3324; x_wconf 91' lang='lat'>:</span> <span class='ocrx_word' id='word_1_691' title='bbox 2980 3271 3057 3325; x_wconf 92' lang='lat' dir='ltr'><strong>sic</strong></span> <span class='ocrx_word' id='word_1_692' title='bbox 3079 3280 3134 3325; x_wconf 89' lang='lat' dir='ltr'><strong>et</strong></span> <span class='ocrx_word' id='word_1_693' title='bbox 3156 3269 3406 3325; x_wconf 89' lang='lat' dir='ltr'><strong>Christus</strong></span> <span class='ocrx_word' id='word_1_694' title='bbox 3425 3270 3564 3325; x_wconf 88' lang='lat' dir='ltr'><strong>facit.</strong></span> <span class='ocrx_word' id='word_1_695' title='bbox 3594 3267 3788 3323; x_wconf 71' lang='lat' dir='ltr'><strong>Caecitas</strong></span> <span class='ocrx_word' id='word_1_696' title='bbox 3807 3260 3905 3317; x_wconf 74' lang='lat' dir='ltr'><strong>mala</strong></span> 
     </span>
    </p>
   </div>
   <div class='ocr_carea' id='block_1_93' title="bbox 2397 3349 3905 3427">
    <p class='ocr_par' dir='ltr' id='par_1_93' title="bbox 2397 3349 3905 3427">
     <span class='ocr_line' id='line_1_93' title="bbox 2397 3349 3905 3427; baseline -0.007 -10"><span class='ocrx_word' id='word_1_697' title='bbox 2397 3371 2479 3417; x_wconf 88' lang='lat' dir='ltr'><strong>est</strong></span> <span class='ocrx_word' id='word_1_698' title='bbox 2516 3361 2866 3427; x_wconf 90' lang='lat' dir='ltr'><strong>adulterium;</strong></span> <span class='ocrx_word' id='word_1_699' title='bbox 2910 3362 3187 3416; x_wconf 90' lang='lat' dir='ltr'><strong>oculorum</strong></span> <span class='ocrx_word' id='word_1_700' title='bbox 3213 3370 3296 3415; x_wconf 90' lang='lat' dir='ltr'><strong>est</strong></span> <span class='ocrx_word' id='word_1_701' title='bbox 3326 3361 3564 3422; x_wconf 88' lang='lat' dir='ltr'><strong>morbus,</strong></span> <span class='ocrx_word' id='word_1_702' title='bbox 3590 3373 3690 3414; x_wconf 90' lang='lat' dir='ltr'><strong>non</strong></span> <span class='ocrx_word' id='word_1_703' title='bbox 3724 3349 3905 3421; x_wconf 76' lang='lat' dir='ltr'><strong>corporis</strong></span> 
     </span>
    </p>
   </div>
   <div class='ocr_carea' id='block_1_94' title="bbox 2396 3441 3905 3522">
    <p class='ocr_par' dir='ltr' id='par_1_94' title="bbox 2396 3441 3905 3522">
     <span class='ocr_line' id='line_1_94' title="bbox 2396 3441 3905 3522; baseline -0.005 -15"><span class='ocrx_word' id='word_1_704' title='bbox 2396 3452 2591 3516; x_wconf 87' lang='lat' dir='ltr'><strong>solum,</strong></span> <span class='ocrx_word' id='word_1_705' title='bbox 2640 3452 2736 3507; x_wconf 90' lang='lat' dir='ltr'><strong>sed</strong></span> <span class='ocrx_word' id='word_1_706' title='bbox 2773 3452 2963 3505; x_wconf 64' lang='lat' dir='ltr'><strong>animae</strong></span> <span class='ocrx_word' id='word_1_707' title='bbox 2991 3452 3169 3522; x_wconf 90' lang='lat' dir='ltr'><strong>prius:</strong></span> <span class='ocrx_word' id='word_1_708' title='bbox 3200 3450 3403 3507; x_wconf 88' lang='lat' dir='ltr'><strong>idcirco</strong></span> <span class='ocrx_word' id='word_1_709' title='bbox 3428 3450 3547 3506; x_wconf 91' lang='lat' dir='ltr'><strong>inde</strong></span> <span class='ocrx_word' id='word_1_710' title='bbox 3568 3445 3820 3517; x_wconf 83' lang='lat' dir='ltr'><strong>compescit</strong></span> <span class='ocrx_word' id='word_1_711' title='bbox 3843 3441 3905 3493; x_wconf 82' lang='lat' dir='ltr'><strong>lm-</strong></span> 
     </span>
    </p>
   </div>
   <div class='ocr_carea' id='block_1_95' title="bbox 2396 3542 3903 3613">
    <p class='ocr_par' dir='ltr' id='par_1_95' title="bbox 2396 3542 3903 3613">
     <span class='ocr_line' id='line_1_95' title="bbox 2396 3542 3903 3613; baseline -0.009 -15"><span class='ocrx_word' id='word_1_712' title='bbox 2396 3558 2602 3598; x_wconf 89' lang='lat' dir='ltr'><strong>morem</strong></span> <span class='ocrx_word' id='word_1_713' title='bbox 2633 3542 2980 3612; x_wconf 80' lang='lat' dir='ltr'><strong>impudicitiae</strong></span> <span class='ocrx_word' id='word_1_714' title='bbox 3023 3558 3117 3613; x_wconf 89' lang='lat' dir='ltr'><strong>per</strong></span> <span class='ocrx_word' id='word_1_715' title='bbox 3163 3542 3412 3597; x_wconf 89' lang='lat' dir='ltr'><strong>timorem</strong></span> <span class='ocrx_word' id='word_1_716' title='bbox 3450 3542 3613 3612; x_wconf 88' lang='lat' dir='ltr'><strong>legis;</strong></span> <span class='ocrx_word' id='word_1_717' title='bbox 3653 3550 3793 3608; x_wconf 85' lang='lat' dir='ltr'><strong>quare</strong></span> <span class='ocrx_word' id='word_1_718' title='bbox 3830 3544 3903 3585; x_wconf 87' lang='lat' dir='ltr'><strong>non</strong></span> 
     </span>
    </p>
   </div>
   <div class='ocr_carea' id='block_1_96' title="bbox 2396 3631 3905 3705">
    <p class='ocr_par' dir='ltr' id='par_1_96' title="bbox 2396 3631 3905 3705">
     <span class='ocr_line' id='line_1_96' title="bbox 2396 3631 3905 3705; baseline -0.007 -14"><span class='ocrx_word' id='word_1_719' title='bbox 2396 3634 2557 3691; x_wconf 91' lang='lat' dir='ltr'><strong>modo</strong></span> <span class='ocrx_word' id='word_1_720' title='bbox 2583 3635 2902 3690; x_wconf 86' lang='lat' dir='ltr'><strong>adulterium</strong></span> <span class='ocrx_word' id='word_1_721' title='bbox 2922 3634 3098 3705; x_wconf 88' lang='lat' dir='ltr'><strong>punit,</strong></span> <span class='ocrx_word' id='word_1_722' title='bbox 3142 3633 3238 3688; x_wconf 90' lang='lat' dir='ltr'><strong>sed</strong></span> <span class='ocrx_word' id='word_1_723' title='bbox 3262 3631 3730 3705; x_wconf 87' lang='lat' dir='ltr'><strong>concupiscentiam</strong></span> <span class='ocrx_word' id='word_1_724' title='bbox 3749 3634 3905 3693; x_wconf 75' lang='lat' dir='ltr'><strong>quoque</strong></span> 
     </span>
    </p>
   </div>
   <div class='ocr_carea' id='block_1_97' title="bbox 2396 3715 3904 3783">
    <p class='ocr_par' dir='ltr' id='par_1_97' title="bbox 2396 3715 3904 3783">
     <span class='ocr_line' id='line_1_97' title="bbox 2396 3715 3904 3783; baseline -0.009 -1"><span class='ocrx_word' id='word_1_725' title='bbox 2396 3729 2686 3783; x_wconf 89' lang='lat' dir='ltr'><strong>ulciscitur.</strong></span> <span class='ocrx_word' id='word_1_726' title='bbox 2719 3726 2843 3782; x_wconf 83' lang='lat' dir='ltr'><strong>lam</strong></span> <span class='ocrx_word' id='word_1_727' title='bbox 2866 3727 3144 3781; x_wconf 74' lang='lat' dir='ltr'><strong>mwchatus</strong></span> <span class='ocrx_word' id='word_1_728' title='bbox 3183 3737 3255 3781; x_wconf 81' lang='lat' dir='ltr'><strong>est</strong></span> <span class='ocrx_word' id='word_1_729' title='bbox 3280 3744 3395 3780; x_wconf 82' lang='lat' dir='ltr'><strong>eam</strong></span> <span class='ocrx_word' id='word_1_730' title='bbox 3418 3729 3468 3781; x_wconf 83' lang='lat' dir='ltr'><strong>in</strong></span> <span class='ocrx_word' id='word_1_731' title='bbox 3493 3726 3635 3780; x_wconf 86' lang='lat' dir='ltr'><strong>corde</strong></span> <span class='ocrx_word' id='word_1_732' title='bbox 3655 3737 3751 3777; x_wconf 79' lang='lat' dir='ltr'><strong>suo.</strong></span> <span class='ocrx_word' id='word_1_733' title='bbox 3777 3715 3904 3773; x_wconf 80' lang='lat' dir='ltr'><strong>Corde</strong></span> 
     </span>
    </p>
   </div>
   <div class='ocr_carea' id='block_1_98' title="bbox 2396 3815 3905 3890">
    <p class='ocr_par' dir='ltr' id='par_1_98' title="bbox 2396 3815 3905 3890">
     <span class='ocr_line' id='line_1_98' title="bbox 2396 3815 3905 3890; baseline -0.01 -15"><span class='ocrx_word' id='word_1_734' title='bbox 2396 3830 2573 3875; x_wconf 88' lang='lat' dir='ltr'><strong>autem</strong></span> <span class='ocrx_word' id='word_1_735' title='bbox 2598 3828 2870 3889; x_wconf 89' lang='lat' dir='ltr'><strong>corrupto,</strong></span> <span class='ocrx_word' id='word_1_736' title='bbox 2897 3835 3017 3890; x_wconf 63' lang='lat' dir='ltr'><strong>quae</strong></span> <span class='ocrx_word' id='word_1_737' title='bbox 3047 3819 3299 3889; x_wconf 87' lang='lat' dir='ltr'><strong>deinceps</strong></span> <span class='ocrx_word' id='word_1_738' title='bbox 3324 3820 3524 3874; x_wconf 91' lang='lat' dir='ltr'><strong>utilitas</strong></span> <span class='ocrx_word' id='word_1_739' title='bbox 3550 3819 3598 3872; x_wconf 90' lang='lat' dir='ltr'><strong>in</strong></span> <span class='ocrx_word' id='word_1_740' title='bbox 3625 3815 3800 3882; x_wconf 87' lang='lat' dir='ltr'><strong>reliquo</strong></span> <span class='ocrx_word' id='word_1_741' title='bbox 3820 3822 3905 3861; x_wconf 87' lang='lat' dir='ltr'><strong>cor-</strong></span> 
     </span>
    </p>
   </div>
   <div class='ocr_carea' id='block_1_99' title="bbox 2396 3895 3904 3980">
    <p class='ocr_par' dir='ltr' id='par_1_99' title="bbox 2396 3895 3904 3980">
     <span class='ocr_line' id='line_1_99' title="bbox 2396 3895 3904 3980; baseline -0.007 -16"><span class='ocrx_word' id='word_1_742' title='bbox 2396 3910 2568 3980; x_wconf 78' lang='lat' dir='ltr'><strong>pore?</strong></span> <span class='ocrx_word' id='word_1_743' title='bbox 2594 3909 3051 3978; x_wconf 86' lang='lat' dir='ltr'><strong>Quemadmodum</strong></span> <span class='ocrx_word' id='word_1_744' title='bbox 3105 3910 3248 3965; x_wconf 91' lang='lat' dir='ltr'><strong>enim</strong></span> <span class='ocrx_word' id='word_1_745' title='bbox 3294 3910 3347 3966; x_wconf 94' lang='lat' dir='ltr'><strong>in</strong></span> <span class='ocrx_word' id='word_1_746' title='bbox 3376 3910 3565 3980; x_wconf 89' lang='lat' dir='ltr'><strong>plantis</strong></span> <span class='ocrx_word' id='word_1_747' title='bbox 3602 3915 3652 3962; x_wconf 89' lang='lat' dir='ltr'><strong>et</strong></span> <span class='ocrx_word' id='word_1_748' title='bbox 3694 3902 3836 3974; x_wconf 86' lang='lat' dir='ltr'><strong>lignis,</strong></span> <span class='ocrx_word' id='word_1_749' title='bbox 3872 3895 3904 3949; x_wconf 74' lang='grc' dir='ltr'><strong>εἰ</strong></span> 
     </span>
    </p>
   </div>
   <div class='ocr_carea' id='block_1_100' title="bbox 2394 3999 3904 4073">
    <p class='ocr_par' dir='ltr' id='par_1_100' title="bbox 2394 3999 3904 4073">
     <span class='ocr_line' id='line_1_100' title="bbox 2394 3999 3904 4073; baseline -0.007 -18"><span class='ocrx_word' id='word_1_750' title='bbox 2394 4000 2610 4073; x_wconf 90' lang='lat' dir='ltr'><strong>quando</strong></span> <span class='ocrx_word' id='word_1_751' title='bbox 2640 4017 2734 4057; x_wconf 91' lang='lat' dir='ltr'><strong>cor</strong></span> <span class='ocrx_word' id='word_1_752' title='bbox 2757 4016 2973 4056; x_wconf 79' lang='lat' dir='ltr'><strong>exesum</strong></span> <span class='ocrx_word' id='word_1_753' title='bbox 3001 4001 3265 4065; x_wconf 86' lang='lat' dir='ltr'><strong>videmus,</strong></span> <span class='ocrx_word' id='word_1_754' title='bbox 3291 4002 3549 4072; x_wconf 91' lang='lat' dir='ltr'><strong>reliquam</strong></span> <span class='ocrx_word' id='word_1_755' title='bbox 3568 3999 3630 4053; x_wconf 90' lang='lat' dir='ltr'><strong>de</strong></span> <span class='ocrx_word' id='word_1_756' title='bbox 3658 4004 3820 4052; x_wconf 66' lang='lat' dir='ltr'><strong>caetero</strong></span> <span class='ocrx_word' id='word_1_757' title='bbox 3842 4002 3904 4043; x_wconf 88' lang='lat' dir='ltr'><strong>re-</strong></span> 
     </span>
    </p>
   </div>
   <div class='ocr_carea' id='block_1_101' title="bbox 2396 4079 3901 4164">
    <p class='ocr_par' dir='ltr' id='par_1_101' title="bbox 2396 4079 3901 4164">
     <span class='ocr_line' id='line_1_101' title="bbox 2396 4079 3901 4164; baseline -0.005 -17"><span class='ocrx_word' id='word_1_758' title='bbox 2396 4093 2681 4164; x_wconf 86' lang='lat' dir='ltr'><strong>pudiamus</strong></span> <span class='ocrx_word' id='word_1_759' title='bbox 2713 4103 2920 4163; x_wconf 88' lang='lat' dir='ltr'><strong>partem</strong></span> <span class='ocrx_word' id='word_1_760' title='bbox 2945 4111 2958 4147; x_wconf 91' lang='lat'><strong>:</strong></span> <span class='ocrx_word' id='word_1_761' title='bbox 2982 4093 3063 4149; x_wconf 90' lang='lat' dir='ltr'><strong>sic</strong></span> <span class='ocrx_word' id='word_1_762' title='bbox 3088 4102 3143 4148; x_wconf 91' lang='lat' dir='ltr'><strong>et</strong></span> <span class='ocrx_word' id='word_1_763' title='bbox 3169 4095 3222 4148; x_wconf 94' lang='lat' dir='ltr'><strong>in</strong></span> <span class='ocrx_word' id='word_1_764' title='bbox 3251 4094 3465 4148; x_wconf 90' lang='lat' dir='ltr'><strong>homine</strong></span> <span class='ocrx_word' id='word_1_765' title='bbox 3491 4106 3605 4147; x_wconf 91' lang='lat' dir='ltr'><strong>cum</strong></span> <span class='ocrx_word' id='word_1_766' title='bbox 3645 4087 3691 4143; x_wconf 91' lang='lat' dir='ltr'><strong>id</strong></span> <span class='ocrx_word' id='word_1_767' title='bbox 3722 4079 3901 4156; x_wconf 61' lang='lat' dir='ltr'><strong>perierit,</strong></span> 
     </span>
    </p>
   </div>
   <div class='ocr_carea' id='block_1_102' title="bbox 2396 4171 3902 4254">
    <p class='ocr_par' dir='ltr' id='par_1_102' title="bbox 2396 4171 3902 4254">
     <span class='ocr_line' id='line_1_102' title="bbox 2396 4171 3902 4254; baseline -0.006 -14"><span class='ocrx_word' id='word_1_768' title='bbox 2396 4185 2663 4241; x_wconf 86' lang='lat' dir='ltr'><strong>incassum</strong></span> <span class='ocrx_word' id='word_1_769' title='bbox 2675 4197 2757 4241; x_wconf 72' lang='grc' dir='ltr'><strong>εει</strong></span> <span class='ocrx_word' id='word_1_770' title='bbox 2771 4184 2895 4240; x_wconf 88' lang='lat' dir='ltr'><strong>inde</strong></span> <span class='ocrx_word' id='word_1_771' title='bbox 2907 4184 3109 4254; x_wconf 87' lang='lat' dir='ltr'><strong>reliqua</strong></span> <span class='ocrx_word' id='word_1_772' title='bbox 3124 4185 3363 4254; x_wconf 90' lang='lat' dir='ltr'><strong>corporis</strong></span> <span class='ocrx_word' id='word_1_773' title='bbox 3376 4186 3587 4239; x_wconf 86' lang='lat' dir='ltr'><strong>sanitas.</strong></span> <span class='ocrx_word' id='word_1_774' title='bbox 3607 4182 3642 4236; x_wconf 81' lang='grc' dir='ltr'><strong>Α</strong></span> <span class='ocrx_word' id='word_1_775' title='bbox 3652 4179 3775 4247; x_wconf 80' lang='lat' dir='ltr'><strong>uriga</strong></span> <span class='ocrx_word' id='word_1_776' title='bbox 3790 4171 3902 4243; x_wconf 74' lang='lat' dir='ltr'><strong>perit.</strong></span> 
     </span>
    </p>
   </div>
   <div class='ocr_carea' id='block_1_103' title="bbox 2395 4270 3901 4350">
    <p class='ocr_par' dir='ltr' id='par_1_103' title="bbox 2395 4270 3901 4350">
     <span class='ocr_line' id='line_1_103' title="bbox 2395 4270 3901 4350; baseline -0.014 -17"><span class='ocrx_word' id='word_1_777' title='bbox 2395 4277 2615 4344; x_wconf 88' lang='lat' dir='ltr'><strong>fractus,</strong></span> <span class='ocrx_word' id='word_1_778' title='bbox 2630 4279 2867 4350; x_wconf 88' lang='lat' dir='ltr'><strong>dejectus</strong></span> <span class='ocrx_word' id='word_1_779' title='bbox 2882 4286 2985 4344; x_wconf 89' lang='lat' dir='ltr'><strong>est,</strong></span> <span class='ocrx_word' id='word_1_780' title='bbox 3001 4276 3196 4333; x_wconf 86' lang='lat' dir='ltr'><strong>frustra</strong></span> <span class='ocrx_word' id='word_1_781' title='bbox 3223 4278 3275 4332; x_wconf 92' lang='lat' dir='ltr'><strong>in</strong></span> <span class='ocrx_word' id='word_1_782' title='bbox 3293 4287 3560 4347; x_wconf 89' lang='lat' dir='ltr'><strong>posterum</strong></span> <span class='ocrx_word' id='word_1_783' title='bbox 3580 4273 3689 4342; x_wconf 87' lang='lat' dir='ltr'><strong>equi</strong></span> <span class='ocrx_word' id='word_1_784' title='bbox 3708 4270 3901 4325; x_wconf 86' lang='lat' dir='ltr'><strong>currunt:</strong></span> 
     </span>
    </p>
   </div>
   <div class='ocr_carea' id='block_1_104' title="bbox 2397 4360 3904 4430">
    <p class='ocr_par' dir='ltr' id='par_1_104' title="bbox 2397 4360 3904 4430">
     <span class='ocr_line' id='line_1_104' title="bbox 2397 4360 3904 4430; baseline -0.005 -5"><span class='ocrx_word' id='word_1_785' title='bbox 2397 4371 2663 4426; x_wconf 88' lang='lat' dir='ltr'><strong>laboriosa</strong></span> <span class='ocrx_word' id='word_1_786' title='bbox 2708 4372 2794 4425; x_wconf 82' lang='lat' dir='ltr'><strong>lex</strong></span> <span class='ocrx_word' id='word_1_787' title='bbox 2828 4380 2882 4426; x_wconf 90' lang='lat' dir='ltr'><strong>et</strong></span> <span class='ocrx_word' id='word_1_788' title='bbox 2928 4371 3154 4425; x_wconf 89' lang='lat' dir='ltr'><strong>multutn</strong></span> <span class='ocrx_word' id='word_1_789' title='bbox 3179 4369 3360 4424; x_wconf 88' lang='lat' dir='ltr'><strong>oneris</strong></span> <span class='ocrx_word' id='word_1_790' title='bbox 3400 4369 3556 4424; x_wconf 87' lang='lat' dir='ltr'><strong>habet</strong></span> <span class='ocrx_word' id='word_1_791' title='bbox 3584 4384 3597 4421; x_wconf 90' lang='lat'><strong>:</strong></span> <span class='ocrx_word' id='word_1_792' title='bbox 3622 4365 3693 4418; x_wconf 90' lang='lat' dir='ltr'><strong>sic</strong></span> <span class='ocrx_word' id='word_1_793' title='bbox 3725 4360 3849 4430; x_wconf 77' lang='lat' dir='ltr'><strong>igitur</strong></span> <span class='ocrx_word' id='word_1_794' title='bbox 3868 4360 3904 4406; x_wconf 73' lang='grc' dir='ltr'>ει</span> 
     </span>
    </p>
   </div>
   <div class='ocr_carea' id='block_1_105' title="bbox 2397 4444 3903 4534">
    <p class='ocr_par' dir='ltr' id='par_1_105' title="bbox 2397 4444 3903 4534">
     <span class='ocr_line' id='line_1_105' title="bbox 2397 4444 3903 4534; baseline -0.01 -16"><span class='ocrx_word' id='word_1_795' title='bbox 2397 4480 2644 4534; x_wconf 78' lang='lat' dir='ltr'><strong>magnam</strong></span> <span class='ocrx_word' id='word_1_796' title='bbox 2679 4463 2839 4519; x_wconf 89' lang='lat' dir='ltr'><strong>habet</strong></span> <span class='ocrx_word' id='word_1_797' title='bbox 2862 4477 3138 4520; x_wconf 88' lang='lat' dir='ltr'><strong>coronam.</strong></span> <span class='ocrx_word' id='word_1_798' title='bbox 3178 4462 3453 4530; x_wconf 87' lang='lat' dir='ltr'><strong>Ejusmodi</strong></span> <span class='ocrx_word' id='word_1_799' title='bbox 3481 4468 3597 4515; x_wconf 90' lang='lat' dir='ltr'><strong>sunt</strong></span> <span class='ocrx_word' id='word_1_800' title='bbox 3618 4455 3743 4510; x_wconf 83' lang='lat' dir='ltr'><strong>enim</strong></span> <span class='ocrx_word' id='word_1_801' title='bbox 3768 4463 3835 4505; x_wconf 86' lang='lat' dir='ltr'><strong>res</strong></span> <span class='ocrx_word' id='word_1_802' title='bbox 3855 4444 3903 4497; x_wconf 72' lang='grc' dir='ltr'><strong>Ιειο</strong></span> 
     </span>
    </p>
   </div>
   <div class='ocr_carea' id='block_1_106' title="bbox 2397 4545 3903 4624">
    <p class='ocr_par' dir='ltr' id='par_1_106' title="bbox 2397 4545 3903 4624">
     <span class='ocr_line' id='line_1_106' title="bbox 2397 4545 3903 4624; baseline -0.014 -13"><span class='ocrx_word' id='word_1_803' title='bbox 2397 4555 2625 4612; x_wconf 76' lang='lat' dir='ltr'><strong>boriosae</strong></span> <span class='ocrx_word' id='word_1_804' title='bbox 2649 4572 2665 4620; x_wconf 90' lang='lat'><strong>;</strong></span> <span class='ocrx_word' id='word_1_805' title='bbox 2689 4570 2909 4624; x_wconf 85' lang='lat' dir='ltr'><strong>magnas</strong></span> <span class='ocrx_word' id='word_1_806' title='bbox 2956 4554 3157 4608; x_wconf 86' lang='lat' dir='ltr'><strong>habent</strong></span> <span class='ocrx_word' id='word_1_807' title='bbox 3202 4553 3594 4608; x_wconf 86' lang='lat' dir='ltr'><strong>retributiones.</strong></span> <span class='ocrx_word' id='word_1_808' title='bbox 3622 4545 3694 4601; x_wconf 88' lang='lat' dir='ltr'><strong>Tu</strong></span> <span class='ocrx_word' id='word_1_809' title='bbox 3716 4555 3820 4596; x_wconf 84' lang='lat' dir='ltr'><strong>vero</strong></span> <span class='ocrx_word' id='word_1_810' title='bbox 3841 4549 3903 4589; x_wconf 89' lang='lat' dir='ltr'><strong>ne-</strong></span> 
     </span>
    </p>
   </div>
   <div class='ocr_carea' id='block_1_107' title="bbox 2396 4628 3903 4720">
    <p class='ocr_par' dir='ltr' id='par_1_107' title="bbox 2396 4628 3903 4720">
     <span class='ocr_line' id='line_1_107' title="bbox 2396 4628 3903 4720; baseline -0.014 -20"><span class='ocrx_word' id='word_1_811' title='bbox 2396 4662 2659 4720; x_wconf 86' lang='lat' dir='ltr'><strong>quaquam</strong></span> <span class='ocrx_word' id='word_1_812' title='bbox 2673 4648 2907 4701; x_wconf 85' lang='lat' dir='ltr'><strong>laborem</strong></span> <span class='ocrx_word' id='word_1_813' title='bbox 2925 4646 3140 4701; x_wconf 90' lang='lat' dir='ltr'><strong>attende</strong></span> <span class='ocrx_word' id='word_1_814' title='bbox 3158 4687 3171 4711; x_wconf 91' lang='lat'><strong>,</strong></span> <span class='ocrx_word' id='word_1_815' title='bbox 3205 4646 3298 4701; x_wconf 86' lang='lat' dir='ltr'><strong>sed</strong></span> <span class='ocrx_word' id='word_1_816' title='bbox 3317 4644 3701 4701; x_wconf 86' lang='lat' dir='ltr'><strong>retributionem</strong></span> <span class='ocrx_word' id='word_1_817' title='bbox 3715 4628 3903 4690; x_wconf 83' lang='lat' dir='ltr'><strong>conside-</strong></span> 
     </span>
    </p>
   </div>
   <div class='ocr_carea' id='block_1_108' title="bbox 2397 4729 3903 4799">
    <p class='ocr_par' dir='ltr' id='par_1_108' title="bbox 2397 4729 3903 4799">
     <span class='ocr_line' id='line_1_108' title="bbox 2397 4729 3903 4799; baseline -0.021 0"><span class='ocrx_word' id='word_1_818' title='bbox 2397 4760 2456 4799; x_wconf 90' lang='lat' dir='ltr'><strong>ra</strong></span> <span class='ocrx_word' id='word_1_819' title='bbox 2482 4760 2498 4799; x_wconf 90' lang='lat'><strong>:</strong></span> <span class='ocrx_word' id='word_1_820' title='bbox 2530 4742 2608 4796; x_wconf 87' lang='lat' dir='ltr'><strong>sic</strong></span> <span class='ocrx_word' id='word_1_821' title='bbox 2631 4750 2682 4798; x_wconf 89' lang='lat' dir='ltr'><strong>et</strong></span> <span class='ocrx_word' id='word_1_822' title='bbox 2710 4741 2762 4796; x_wconf 92' lang='lat' dir='ltr'><strong>in</strong></span> <span class='ocrx_word' id='word_1_823' title='bbox 2787 4742 2908 4795; x_wconf 68' lang='lat' dir='ltr'><strong>vita:</strong></span> <span class='ocrx_word' id='word_1_824' title='bbox 2930 4741 3088 4797; x_wconf 90' lang='lat' dir='ltr'><strong>rebus</strong></span> <span class='ocrx_word' id='word_1_825' title='bbox 3109 4739 3188 4795; x_wconf 91' lang='lat' dir='ltr'><strong>ﬁt.</strong></span> <span class='ocrx_word' id='word_1_826' title='bbox 3216 4739 3271 4795; x_wconf 91' lang='lat' dir='ltr'><strong>Si</strong></span> <span class='ocrx_word' id='word_1_827' title='bbox 3296 4738 3438 4792; x_wconf 86' lang='lat' dir='ltr'><strong>enim</strong></span> <span class='ocrx_word' id='word_1_828' title='bbox 3466 4735 3684 4790; x_wconf 87' lang='lat' dir='ltr'><strong>laborem</strong></span> <span class='ocrx_word' id='word_1_829' title='bbox 3706 4729 3903 4781; x_wconf 85' lang='lat' dir='ltr'><strong>bonorum</strong></span> 
     </span>
    </p>
   </div>
   <div class='ocr_carea' id='block_1_109' title="bbox 2397 4819 3904 4909">
    <p class='ocr_par' dir='ltr' id='par_1_109' title="bbox 2397 4819 3904 4909">
     <span class='ocr_line' id='line_1_109' title="bbox 2397 4819 3904 4909; baseline -0.022 -13"><span class='ocrx_word' id='word_1_830' title='bbox 2397 4846 2619 4909; x_wconf 80' lang='lat' dir='ltr'><strong>Operum</strong></span> <span class='ocrx_word' id='word_1_831' title='bbox 2652 4838 3012 4907; x_wconf 80' lang='lat' dir='ltr'><strong>prospexeris,</strong></span> <span class='ocrx_word' id='word_1_832' title='bbox 3044 4851 3206 4907; x_wconf 86' lang='lat' dir='ltr'><strong>grave</strong></span> <span class='ocrx_word' id='word_1_833' title='bbox 3230 4844 3391 4904; x_wconf 85' lang='lat' dir='ltr'><strong>atque</strong></span> <span class='ocrx_word' id='word_1_834' title='bbox 3414 4841 3684 4886; x_wconf 88' lang='lat' dir='ltr'><strong>onerosqu</strong></span> <span class='ocrx_word' id='word_1_835' title='bbox 3710 4838 3727 4888; x_wconf 91' lang='lat'><strong>;</strong></span> <span class='ocrx_word' id='word_1_836' title='bbox 3752 4819 3789 4872; x_wconf 90' lang='lat' dir='ltr'><strong>si</strong></span> <span class='ocrx_word' id='word_1_837' title='bbox 3806 4822 3904 4909; x_wconf 73' lang='lat' dir='ltr'><strong>rem</strong></span> 
     </span>
    </p>
   </div>
   <div class='ocr_carea' id='block_1_110' title="bbox 2399 4908 3902 4999">
    <p class='ocr_par' dir='ltr' id='par_1_110' title="bbox 2399 4908 3902 4999">
     <span class='ocr_line' id='line_1_110' title="bbox 2399 4908 3902 4999; baseline -0.019 -14"><span class='ocrx_word' id='word_1_838' title='bbox 2399 4908 2803 4985; x_wconf 88' lang='lat' dir='ltr'><strong>retributionem</strong></span> <span class='ocrx_word' id='word_1_839' title='bbox 2835 4928 3171 4999; x_wconf 84' lang='lat' dir='ltr'><strong>cogitaveris,</strong></span> <span class='ocrx_word' id='word_1_840' title='bbox 3196 4927 3316 4981; x_wconf 89' lang='lat' dir='ltr'><strong>leve</strong></span> <span class='ocrx_word' id='word_1_841' title='bbox 3338 4934 3392 4980; x_wconf 91' lang='lat' dir='ltr'><strong>et</strong></span> <span class='ocrx_word' id='word_1_842' title='bbox 3428 4923 3575 4978; x_wconf 89' lang='lat' dir='ltr'><strong>facile</strong></span> <span class='ocrx_word' id='word_1_843' title='bbox 3602 4913 3727 4988; x_wconf 89' lang='lat' dir='ltr'><strong>quod</strong></span> <span class='ocrx_word' id='word_1_844' title='bbox 3750 4908 3902 4964; x_wconf 75' lang='lat' dir='ltr'><strong>subest-</strong></span> 
     </span>
    </p>
   </div>
   <div class='ocr_carea' id='block_1_111' title="bbox 2398 5003 3902 5097">
    <p class='ocr_par' dir='ltr' id='par_1_111' title="bbox 2398 5003 3902 5097">
     <span class='ocr_line' id='line_1_111' title="bbox 2398 5003 3902 5097; baseline -0.02 -16"><span class='ocrx_word' id='word_1_845' title='bbox 2398 5025 2487 5080; x_wconf 90' lang='lat' dir='ltr'><strong>Sic</strong></span> <span class='ocrx_word' id='word_1_846' title='bbox 2516 5032 2569 5078; x_wconf 90' lang='lat' dir='ltr'><strong>et</strong></span> <span class='ocrx_word' id='word_1_847' title='bbox 2592 5022 2936 5092; x_wconf 82' lang='lat' dir='ltr'><strong>gubernator,</strong></span> <span class='ocrx_word' id='word_1_848' title='bbox 2960 5021 3003 5073; x_wconf 92' lang='lat' dir='ltr'><strong>si</strong></span> <span class='ocrx_word' id='word_1_849' title='bbox 3028 5018 3223 5073; x_wconf 83' lang='lat' dir='ltr'><strong>ﬂuctus</strong></span> <span class='ocrx_word' id='word_1_850' title='bbox 3251 5016 3445 5072; x_wconf 82' lang='lat' dir='ltr'><strong>viderit</strong></span> <span class='ocrx_word' id='word_1_851' title='bbox 3470 5013 3652 5071; x_wconf 90' lang='lat' dir='ltr'><strong>solum,</strong></span> <span class='ocrx_word' id='word_1_852' title='bbox 3677 5003 3902 5097; x_wconf 63' lang='lat' dir='ltr'><strong>numquttll</strong></span> 
     </span>
    </p>
   </div>
   <div class='ocr_carea' id='block_1_112' title="bbox 2398 5095 3901 5185">
    <p class='ocr_par' dir='ltr' id='par_1_112' title="bbox 2398 5095 3901 5185">
     <span class='ocr_line' id='line_1_112' title="bbox 2398 5095 3901 5185; baseline -0.024 -13"><span class='ocrx_word' id='word_1_853' title='bbox 2398 5134 2430 5172; x_wconf 88' lang='lat' dir='ltr'><strong>e</strong></span> <span class='ocrx_word' id='word_1_854' title='bbox 2459 5126 2610 5185; x_wconf 82' lang='lat' dir='ltr'><strong>portu</strong></span> <span class='ocrx_word' id='word_1_855' title='bbox 2653 5115 2850 5185; x_wconf 87' lang='lat' dir='ltr'><strong>scapha</strong></span> <span class='ocrx_word' id='word_1_856' title='bbox 2898 5111 3249 5184; x_wconf 89' lang='lat' dir='ltr'><strong>digredietur,</strong></span> <span class='ocrx_word' id='word_1_857' title='bbox 3290 5110 3384 5164; x_wconf 90' lang='lat' dir='ltr'><strong>sed</strong></span> <span class='ocrx_word' id='word_1_858' title='bbox 3428 5107 3472 5162; x_wconf 88' lang='lat' dir='ltr'><strong>si</strong></span> <span class='ocrx_word' id='word_1_859' title='bbox 3509 5110 3747 5174; x_wconf 66' lang='lat' dir='ltr'><strong>quaestum</strong></span> <span class='ocrx_word' id='word_1_860' title='bbox 3778 5095 3901 5185; x_wconf 71' lang='lat' dir='ltr'><strong>prius.</strong></span> 
     </span>
    </p>
   </div>
   <div class='ocr_carea' id='block_1_113' title="bbox 2399 5181 3903 5277">
    <p class='ocr_par' dir='ltr' id='par_1_113' title="bbox 2399 5181 3903 5277">
     <span class='ocr_line' id='line_1_113' title="bbox 2399 5181 3903 5277; baseline -0.011 -16"><span class='ocrx_word' id='word_1_861' title='bbox 2399 5223 2555 5277; x_wconf 91' lang='lat' dir='ltr'><strong>quam</strong></span> <span class='ocrx_word' id='word_1_862' title='bbox 2574 5207 2766 5262; x_wconf 82' lang='lat' dir='ltr'><strong>ﬂuctus</strong></span> <span class='ocrx_word' id='word_1_863' title='bbox 2786 5207 3100 5276; x_wconf 82' lang='lat' dir='ltr'><strong>respexerit,</strong></span> <span class='ocrx_word' id='word_1_864' title='bbox 3121 5213 3246 5259; x_wconf 89' lang='lat' dir='ltr'><strong>tunc</strong></span> <span class='ocrx_word' id='word_1_865' title='bbox 3264 5205 3570 5256; x_wconf 87' lang='lat' dir='ltr'><strong>immensum</strong></span> <span class='ocrx_word' id='word_1_866' title='bbox 3588 5192 3721 5247; x_wconf 90' lang='lat' dir='ltr'><strong>adire</strong></span> <span class='ocrx_word' id='word_1_867' title='bbox 3736 5181 3903 5257; x_wconf 64' lang='lat' dir='ltr'><strong>pelagus</strong></span> 
     </span>
    </p>
   </div>
   <div class='ocr_carea' id='block_1_114' title="bbox 2398 5279 3902 5378">
    <p class='ocr_par' dir='ltr' id='par_1_114' title="bbox 2398 5279 3902 5378">
     <span class='ocr_line' id='line_1_114' title="bbox 2398 5279 3902 5378; baseline -0.013 -23"><span class='ocrx_word' id='word_1_868' title='bbox 2398 5302 2579 5355; x_wconf 86' lang='lat' dir='ltr'><strong>audet.</strong></span> <span class='ocrx_word' id='word_1_869' title='bbox 2608 5302 2697 5356; x_wconf 91' lang='lat' dir='ltr'><strong>Sic</strong></span> <span class='ocrx_word' id='word_1_870' title='bbox 2732 5309 2787 5356; x_wconf 89' lang='lat' dir='ltr'><strong>et</strong></span> <span class='ocrx_word' id='word_1_871' title='bbox 2813 5301 2964 5354; x_wconf 89' lang='lat' dir='ltr'><strong>miles</strong></span> <span class='ocrx_word' id='word_1_872' title='bbox 2989 5300 3034 5354; x_wconf 90' lang='lat' dir='ltr'><strong>si</strong></span> <span class='ocrx_word' id='word_1_873' title='bbox 3062 5298 3279 5352; x_wconf 73' lang='lat' dir='ltr'><strong>vulnera</strong></span> <span class='ocrx_word' id='word_1_874' title='bbox 3313 5294 3584 5360; x_wconf 65' lang='lat' dir='ltr'><strong>caedesque</strong></span> <span class='ocrx_word' id='word_1_875' title='bbox 3607 5279 3788 5378; x_wconf 58' lang='lat' dir='ltr'><strong>viderit.</strong></span> <span class='ocrx_word' id='word_1_876' title='bbox 3812 5280 3902 5378; x_wconf 45' lang='lat' dir='ltr'><strong>&quot;ui:</strong></span> 
     </span>
    </p>
   </div>
   <div class='ocr_carea' id='block_1_115' title="bbox 2398 5370 3903 5468">
    <p class='ocr_par' dir='ltr' id='par_1_115' title="bbox 2398 5370 3903 5468">
     <span class='ocr_line' id='line_1_115' title="bbox 2398 5370 3903 5468; baseline -0.015 -21"><span class='ocrx_word' id='word_1_877' title='bbox 2398 5411 2556 5465; x_wconf 68' lang='lat' dir='ltr'><strong>quam</strong></span> <span class='ocrx_word' id='word_1_878' title='bbox 2577 5394 2760 5449; x_wconf 88' lang='lat' dir='ltr'><strong>induet</strong></span> <span class='ocrx_word' id='word_1_879' title='bbox 2776 5393 3048 5447; x_wconf 89' lang='lat' dir='ltr'><strong>thoracem</strong></span> <span class='ocrx_word' id='word_1_880' title='bbox 3070 5408 3086 5457; x_wconf 93' lang='lat'><strong>;</strong></span> <span class='ocrx_word' id='word_1_881' title='bbox 3110 5391 3153 5445; x_wconf 93' lang='lat' dir='ltr'><strong>si</strong></span> <span class='ocrx_word' id='word_1_882' title='bbox 3168 5404 3296 5444; x_wconf 82' lang='lat' dir='ltr'><strong>vero</strong></span> <span class='ocrx_word' id='word_1_883' title='bbox 3317 5384 3600 5453; x_wconf 87' lang='lat' dir='ltr'><strong>triumphos</strong></span> <span class='ocrx_word' id='word_1_884' title='bbox 3617 5370 3903 5468; x_wconf 46' lang='lat' dir='ltr'><strong>victoriath&#39;f</strong></span> 
     </span>
    </p>
   </div>
   <div class='ocr_carea' id='block_1_116' title="bbox 2402 5444 3902 5557">
    <p class='ocr_par' dir='ltr' id='par_1_116' title="bbox 2402 5444 3902 5557">
     <span class='ocr_line' id='line_1_116' title="bbox 2402 5444 3902 5557; baseline -0.009 -17"><span class='ocrx_word' id='word_1_885' title='bbox 2402 5489 2568 5557; x_wconf 90' lang='lat' dir='ltr'><strong>prius,</strong></span> <span class='ocrx_word' id='word_1_886' title='bbox 2595 5503 2752 5557; x_wconf 85' lang='lat' dir='ltr'><strong>quam</strong></span> <span class='ocrx_word' id='word_1_887' title='bbox 2782 5487 3020 5548; x_wconf 81' lang='lat' dir='ltr'><strong>vulnera,</strong></span> <span class='ocrx_word' id='word_1_888' title='bbox 3055 5494 3325 5552; x_wconf 88' lang='lat' dir='ltr'><strong>tamquam</strong></span> <span class='ocrx_word' id='word_1_889' title='bbox 3373 5478 3437 5533; x_wconf 88' lang='lat' dir='ltr'><strong>ad</strong></span> <span class='ocrx_word' id='word_1_890' title='bbox 3478 5480 3668 5547; x_wconf 89' lang='lat' dir='ltr'><strong>pratum</strong></span> <span class='ocrx_word' id='word_1_891' title='bbox 3691 5462 3827 5557; x_wconf 53' lang='grc' dir='ltr'><strong>ςυπξί</strong></span> <span class='ocrx_word' id='word_1_892' title='bbox 3855 5444 3902 5557; x_wconf 45' lang='lat' dir='ltr'><strong>id</strong></span> 
     </span>
    </p>
   </div>
   <div class='ocr_carea' id='block_1_117' title="bbox 2400 5544 3900 5649">
    <p class='ocr_par' dir='ltr' id='par_1_117' title="bbox 2400 5544 3900 5649">
     <span class='ocr_line' id='line_1_117' title="bbox 2400 5544 3900 5649; baseline -0.007 -17"><span class='ocrx_word' id='word_1_893' title='bbox 2400 5578 2666 5649; x_wconf 84' lang='lat' dir='ltr'><strong>praelium.</strong></span> <span class='ocrx_word' id='word_1_894' title='bbox 2697 5579 2828 5645; x_wconf 65' lang='lat' dir='ltr'><strong>Quae</strong></span> <span class='ocrx_word' id='word_1_895' title='bbox 2867 5576 3008 5632; x_wconf 89' lang='lat' dir='ltr'><strong>enim</strong></span> <span class='ocrx_word' id='word_1_896' title='bbox 3050 5585 3238 5629; x_wconf 90' lang='lat' dir='ltr'><strong>natura</strong></span> <span class='ocrx_word' id='word_1_897' title='bbox 3276 5572 3475 5643; x_wconf 89' lang='lat' dir='ltr'><strong>gravia,</strong></span> <span class='ocrx_word' id='word_1_898' title='bbox 3519 5567 3593 5621; x_wconf 89' lang='lat' dir='ltr'><strong>sic</strong></span> <span class='ocrx_word' id='word_1_899' title='bbox 3620 5544 3900 5649; x_wconf 51' lang='lat' dir='ltr'><strong>letif_ﬁ“&quot;:&#39;</strong></span> 
     </span>
    </p>
   </div>
   <div class='ocr_carea' id='block_1_118' title="bbox 2399 5640 3898 5740">
    <p class='ocr_par' dir='ltr' id='par_1_118' title="bbox 2399 5640 3898 5740">
     <span class='ocr_line' id='line_1_118' title="bbox 2399 5640 3898 5740; baseline 0.003 -16"><span class='ocrx_word' id='word_1_900' title='bbox 2399 5640 2520 5725; x_wconf 76' lang='lat' dir='ltr'><strong>cum</strong></span> <span class='ocrx_word' id='word_1_901' title='bbox 2538 5670 2650 5740; x_wconf 87' lang='lat' dir='ltr'><strong>jam</strong></span> <span class='ocrx_word' id='word_1_902' title='bbox 2681 5640 2786 5723; x_wconf 75' lang='lat' dir='ltr'><strong>non</strong></span> <span class='ocrx_word' id='word_1_903' title='bbox 2818 5666 3028 5721; x_wconf 87' lang='lat' dir='ltr'><strong>labores</strong></span> <span class='ocrx_word' id='word_1_904' title='bbox 3073 5640 3389 5735; x_wconf 78' lang='lat' dir='ltr'><strong>cogitamus,</strong></span> <span class='ocrx_word' id='word_1_905' title='bbox 3440 5656 3530 5716; x_wconf 80' lang='lat' dir='ltr'><strong>sed</strong></span> <span class='ocrx_word' id='word_1_906' title='bbox 3560 5640 3898 5740; x_wconf 42' lang='lat' dir='ltr'><strong>iP5°5_l“b°T‘_’T</strong></span> 
     </span>
    </p>
   </div>
   <div class='ocr_carea' id='block_1_119' title="bbox 2400 5729 3900 5832">
    <p class='ocr_par' dir='ltr' id='par_1_119' title="bbox 2400 5729 3900 5832">
     <span class='ocr_line' id='line_1_119' title="bbox 2400 5729 3900 5832; baseline -0.01 -16"><span class='ocrx_word' id='word_1_907' title='bbox 2400 5729 2601 5816; x_wconf 72' lang='lat' dir='ltr'><strong>fruetus</strong></span> <span class='ocrx_word' id='word_1_908' title='bbox 2625 5758 3050 5816; x_wconf 88' lang='lat' dir='ltr'><strong>consideramus.</strong></span> <span class='ocrx_word' id='word_1_909' title='bbox 3077 5757 3361 5811; x_wconf 88' lang='lat' dir='ltr'><strong>Discerene</strong></span> <span class='ocrx_word' id='word_1_910' title='bbox 3387 5751 3468 5808; x_wconf 86' lang='lat' dir='ltr'><strong>vis</strong></span> <span class='ocrx_word' id='word_1_911' title='bbox 3491 5729 3900 5832; x_wconf 46' lang='grc' dir='ltr'><strong>(ιιιοῐηοάο-ξκιωῗ</strong></span> 
     </span>
    </p>
   </div>
   <div class='ocr_carea' id='block_1_120' title="bbox 2401 5814 3896 5926">
    <p class='ocr_par' dir='ltr' id='par_1_120' title="bbox 2401 5814 3896 5926">
     <span class='ocr_line' id='line_1_120' title="bbox 2401 5814 3896 5926; baseline -0.029 -16"><span class='ocrx_word' id='word_1_912' title='bbox 2401 5852 2604 5926; x_wconf 74' lang='lat' dir='ltr'><strong>gravia,</strong></span> <span class='ocrx_word' id='word_1_913' title='bbox 2634 5851 2772 5908; x_wconf 84' lang='lat' dir='ltr'><strong>levia</strong></span> <span class='ocrx_word' id='word_1_914' title='bbox 2803 5849 2975 5905; x_wconf 83' lang='lat' dir='ltr'><strong>ﬁunt?</strong></span> <span class='ocrx_word' id='word_1_915' title='bbox 3003 5848 3224 5906; x_wconf 84' lang='lat' dir='ltr'><strong>Paulum</strong></span> <span class='ocrx_word' id='word_1_916' title='bbox 3256 5843 3381 5903; x_wconf 84' lang='lat' dir='ltr'><strong>audi</strong></span> <span class='ocrx_word' id='word_1_917' title='bbox 3421 5842 3697 5899; x_wconf 83' lang='lat' dir='ltr'><strong>dicentem:</strong></span> <span class='ocrx_word' id='word_1_918' title='bbox 3723 5819 3832 5879; x_wconf 76' lang='lat' dir='ltr'><strong>Nam</strong></span> <span class='ocrx_word' id='word_1_919' title='bbox 3861 5814 3896 5861; x_wconf 71' lang='grc' dir='ltr'><strong>ει</strong></span> 
     </span>
    </p>
   </div>
  </div>
