4100 6438
267 389 379 444 ὀ15

282 521 441 561 τατον
492 505 672 559 ἐκεῖνο
722 503 921 576 χωρίον
970 501 1062 557 καὶ
1104 503 1425 577 νοσημάτων
1474 504 1642 575 γέμον
1688 502 1955 558 παντοδα-

277 592 432 657 πῶν,
467 591 621 664 [518]
654 591 753 664 τὴν
787 590 1179 646 Βαϐυλωνίανα
1237 592 1487 662 κάμινον.
1542 589 1808 661 Καθάπερ
1847 589 1956 661 γάρ

278 682 363 746 εἰς
397 680 631 752 κάμινόν
674 698 798 736 τινα
841 683 921 745 εἰς
957 681 1019 734 τὸ
1047 680 1277 753 θέατρον
1305 683 1403 754 τὴν
1441 681 1596 736 πόλιν
1642 680 1895 752 ἐμϐαλὼν
1931 682 1960 734 ὀ

276 768 554 834 διάϐολος,
590 767 734 823 οὕτω
772 769 1018 823 κάτωθεν
1050 769 1323 833 ὑποκαίει,
1358 770 1421 823 οὗ
1449 769 1784 840 κληματίδας
1827 769 1958 821 ὑπο-

277 855 473 924 τιθεὶς,
507 856 762 930 καθάπερ
789 858 818 911 6
850 857 1126 929 βάρϐαρος
1158 857 1279 910 τότε
1306 858 1545 924 ἐκεῖνος,
1576 858 1696 912 ούδέ
1726 857 1954 926 νάφθαν,

279 946 403 1000 οὐδὲ
436 947 764 1010 στυππεῖον,
806 945 929 998 οὐδὲ
973 946 1209 1014 πίσσαν,
1244 946 1380 1000 ἀλλά
1421 946 1490 999 τά
1537 945 1717 1017 πολλῷ
1752 946 1959 1000 τούτων

282 1034 643 1105 χαλεπώτερα
672 1034 722 1099 δ,
756 1035 1022 1104 πορνικὰς
1050 1033 1205 1103 ὄψεις
1224 1076 1239 1102 ,
1267 1034 1470 1106 αἰσχρά
1497 1036 1748 1106 ῥήματα,
1776 1035 1958 1088 διακε-

283 1121 570 1193 κλασμένα
624 1120 804 1193 μέλη,
862 1122 1046 1192 πάσης
1104 1121 1346 1193 γέμοντα
1391 1123 1659 1194 πονηρίας
1717 1122 1956 1194 ᾅσματα.

298 1208 545 1280 Ἐκείνην
583 1210 682 1281 μὲν
728 1207 822 1264 οὖν
852 1209 1189 1282 βαρϐαρικαὶ
1228 1211 1329 1281 τὴν
1377 1211 1612 1282 κάμινον
1647 1214 1826 1283 χεῖρες
1866 1214 1962 1266 ἀνο

281 1298 454 1371 ἧψαν,
473 1298 678 1369 ταύτην
694 1298 753 1352 δὲ
779 1298 878 1369 τὴν
908 1298 1141 1369 κάμινον
1171 1299 1515 1370 ἀνοητότεροι
1541 1299 1650 1354 τῶν
1669 1299 1961 1372 βαρϐάρων

281 1385 516 1440 ἅπτουσι
540 1385 788 1457 λογισμοί
805 1401 820 1417 ⁸
851 1386 1211 1457 χαλεπωτέρα
1228 1386 1369 1458 αῦτη
1386 1387 1621 1458 ἐκείνης,
1651 1387 1839 1461 ἐπειδὴ
1865 1388 1961 1442 καὶ

283 1471 349 1526 1:6
383 1473 494 1544 πῦρ
537 1472 947 1545 χαλεπώτερονο
998 1475 1061 1529 οὐ
1099 1475 1211 1547 γὰρ
1265 1475 1536 1546 σωμάτων
1585 1474 1731 1529 καίει
1775 1476 1958 1542 φύσιν,

283 1560 422 1615 ἀλλά
463 1561 645 1632 ψυχῆς
688 1562 903 1627 εὐεξίαν
937 1562 1291 1634 λυμαίνεται’
1317 1564 1413 1618 καὶ
1451 1564 1513 1616 τὸ
1556 1562 1958 1635 χαλεπώτερον,

285 1649 371 1703 ὅτι
415 1651 538 1704 οὐδὲ
577 1649 924 1707 αἰσθάνονται
967 1653 1017 1706 οἰ
1055 1651 1367 1723 καιόμενοι·
1403 1654 1452 1705 εἰ
1488 1652 1597 1724 γάρ
1641 1651 1957 1723 ᾐσθάνοντο,

285 1739 389 1794 οὐκ
435 1739 504 1795 ἂν
539 1739 748 1793 πλατὺν
779 1736 1000 1810 ’γέλωτα
1048 1740 1143 1794 ἐπὶ
1191 1743 1306 1805 τοῖς
1345 1741 1659 1811 γενομένοις
1700 1741 1959 1811 ἠφίεσαν·

286 1827 427 1899 ὅπερ
455 1821 548 1882 οῦν
573 1829 690 1882 ἐστι
722 1828 1140 1899 χαλεπώτατον,
1173 1829 1301 1885 ὅταν
1345 1847 1431 1893 τις
1467 1830 1638 1885 νοσῶν
1667 1832 1800 1902 μηδέ
1834 1832 1966 1886 αὐτὸ

285 1914 448 1969 τοῦτο
470 1911 611 1971 οἶδεν
648 1917 731 1970 ὅτι
760 1919 937 1982 νοσεῖ,
966 1918 1061 1970 καὶ
1094 1917 1384 1989 καιόμενος
1412 1918 1613 1983 ἀθλίως
1644 1919 1741 1973 καὶ
1772 1919 1964 1973 ταλαι-

287 2002 523 2075 πώρως,
556 2004 657 2058 οὐκ
686 2005 1002 2059 αἰσθάνεται
1034 2004 1143 2059 τῶν
1181 2004 1550 2076 ἐμπρησμῶν.
1589 2007 1654 2059 Τί
1686 2006 1746 2060 τὸ
1774 2005 1966 2077 ὄφελος

283 2093 389 2161 τῆς
418 2093 673 2165 νηστείας
694 2134 709 2159 ,
742 2095 871 2149 ὅταν
919 2093 980 2147 τὸ
1014 2092 1115 2165 μὲν
1150 2093 1310 2165 σῶμα
1335 2094 1585 2167 κωλύσῃς
1615 2095 1715 2165 τῆς
1754 2112 1967 2167 νενομι-

288 2182 496 2254 σμένης
537 2182 763 2253 τροφῆς,
804 2184 870 2253 τῇ
920 2180 976 2235 δὲ
1028 2180 1174 2253 ψυχῇ
1216 2183 1499 2256 προσάγῃς
1518 2183 1616 2255 τὴν
1649 2184 1966 2256 παράνομον

285 2273 530 2342 τροφήν;
562 2273 689 2325 ὅταν
719 2271 1090 2344 διημερεύσῃς
1121 2274 1239 2327 ἐκεῖ
1267 2272 1599 2341 καθήμενος,
1632 2271 1843 2344 βλέπων
1868 2271 1967 2344 τὴν

286 2358 479 2431 κοινὴν
512 2358 677 2428 φύσιν
706 2358 1129 2430 ἀσχημονοῦσαν
1160 2359 1255 2412 καὶ
1296 2358 1963 2432 παραδειγματιζομένην,

287 2448 559 2514 γυναῖκας
589 2446 1031 2518 πορνευομένας,
1072 2448 1316 2520 μοιχείας
1357 2448 1818 2520 ὑποκρινομένους
1853 2451 1969 2502 ἐκεῖ

285 2534 415 2597 τοὺς
437 2544 460 2573 ο
488 2534 556 2586 τά
590 2534 830 2604 ἑκάστης
871 2536 1050 2599 οἰκίας
1092 2536 1239 2590 κακά
1274 2535 1668 2603 συλλέγοντας;
1718 2537 1830 2590 Καὶ
1858 2537 1967 2609 γάρ

290 2623 386 2676 ml
426 2620 681 2693 πορνείας
719 2623 813 2676 καὶ
855 2621 1103 2693 μοιχείας
1136 2626 1285 2685 ἔστιν
1318 2626 1477 2690 ἰδεῖν,
1501 2623 1596 2679 καὶ
1623 2621 1969 2693 βλασφημίας

289 2708 554 2773 ἀκοῦσαι,
603 2709 691 2764 ἵνα
722 2710 815 2763 καὶ
852 2710 920 2764 δι’
963 2709 1261 2781 ὀφθαλμῶν
1293 2711 1390 2764 καὶ
1422 2714 1489 2765 δι’
1523 2711 1698 2781 ἀκοῆς
1746 2712 1780 2783 ἠ
1813 2711 1969 2776 νόσος

290 2797 508 2866 ἐπεισίῃ
553 2800 621 2869 τῇ
649 2796 792 2867 ψυχῇ
814 2815 825 2827 ο
859 2796 1156 2868 μιμοῦνται
1188 2798 1287 2861 τὰς
1318 2798 1605 2868 ἀλλοτρίας
1645 2798 1966 2869 συμφορὰς,

287 2882 413 2936 ὅθεν
441 2885 625 2947 αὐτοῖς
673 2886 770 2938 καὶ
802 2885 863 2937 τὸ
906 2884 1079 2954 ὄνομα
1126 2885 1224 2955 τῆς
1256 2884 1519 2955 αἰσχύνης
1566 2885 1858 2939 ἐπίκειται.
1903 2887 1969 2938 Τί

289 2966 385 3024 οὖν
412 2969 475 3024 τὸ
513 2971 703 3042 κέρδος
731 2972 831 3041 τῆς
875 2972 1161 3043 νηστείας,
1196 2973 1424 3025 τοιαῦτα
1450 2973 1550 3042 τῆς
1580 2973 1757 3043 ψυχῆς
1788 2990 1969 3025 σιτου-

295 3058 497 3130 μένης;
554 3059 730 3122 ποίοις
773 3059 1076 3129 ὀφθαλμοῖς
1122 3060 1245 3129 ὄψει
1294 3061 1395 3131 τὴν
1440 3063 1675 3129 γυναῖκα
1716 3061 1823 3114 ἀπὸ
1859 3060 1970 3113 τῶν

292 3146 583 3217 θεαμάτων
643 3147 902 3213 ἐκείνων;
952 3148 1122 3213 ποίοις
1177 3149 1463 3221 ὅμμασινά
1493 3150 1615 3219 ὄψει
1670 3151 1763 3203 τὸν
1823 3150 1966 3213 υίὺν,

293 3233 471 3298 ποίοις
499 3234 592 3288 τὸν
616 3235 864 3307 οἰκέτην,
913 3235 1084 3300 ποίοις
1107 3236 1199 3289 τὸν
1234 3237 1416 3306 φίλον;
1473 3240 1708 3309 ’Λνάγκη
1744 3240 1852 3310 γὰρ
1877 3240 1969 3293 λέ-

293 3336 460 3388 γοντα
488 3322 560 3376 τά
583 3324 702 3377 ἐκεῖ
739 3325 1002 3394 γινόμενα
1029 3327 1391 3396 ἀσχημονεῖν,
1426 3327 1457 3398 ἢ
1486 3329 1645 3398 σιγᾷν
1684 3328 1778 3381 καὶ
1802 3345 1971 3382 κατα-

292 3407 517 3462 δύεσθαι
550 3411 908 3482 ἐρυθριῶντα.
959 3411 1097 3465 Ἀλλ’
1134 3415 1235 3467 οὐκ
1266 3414 1515 3468 ἐντεῦθεν
1544 3415 1715 3479 οὕτως
1761 3419 1972 3486 ἀναχω-

294 3497 444 3567 ρεῖς,
477 3497 591 3550 ἀλλ’
622 3498 765 3564 ἔξεις
813 3500 870 3551 ἐν
904 3502 969 3570 τῇ
1013 3500 1162 3572 οἰκίᾳ
1204 3502 1345 3571 μετά
1381 3503 1583 3572 πολλῆς
1626 3504 1724 3574 τῆς
1755 3506 1972 3575 παρρη-

293 3583 417 3647 σίας
447 3585 626 3639 πάντα
648 3586 716 3639 τά
738 3587 1005 3655 λεγόμενα
1028 3586 1356 3658 διηγεῖσθαι,
1388 3586 1735 3660 προφητικάς
1762 3592 1974 3659 φωνὰς,

295 3672 632 3727 ἀποστολικά
664 3675 936 3745 δόγματα,
971 3674 1174 3745 νόμους
1206 3674 1583 3742 δεσποτικοὺς,
1614 3679 1832 3733 ἆπασαν
1872 3681 1973 3750 τῆς

295 3760 503 3830 ἀρετῆς
527 3762 884 3833 παρατιθέναι
910 3760 1007 3833 τὴν
1035 3760 1343 3833 τράπεζαν,
1375 3764 1469 3816 καὶ
1502 3768 1733 3832 γυναῖκα
1760 3783 1974 3836 σωφροο

297 3850 556 3919 νεστέραν
580 3853 753 3913 ποιεῖς
778 3852 889 3914 τοῖς
922 3849 1169 3905 ἐντεῦθεν
1193 3851 1545 3922 διηγήμασιν,
1575 3855 1669 3906 καὶ
1701 3853 1815 3906 υἰὸν
1845 3870 1972 3907 συνο

296 3936 564 4007 ιτὼτερον
605 3938 842 4012 ἐργάζῃ,
874 3940 968 3993 καὶ
1013 3940 1231 4010 οἰκέτην
1273 3941 1652 4011 εὐνούστερον,
1702 3944 1792 3995 καὶ
1822 3942 1974 4011 φίλον

298 4023 682 4096 φιλικώτερον,
713 4027 809 4079 καὶ
838 4026 931 4081 τὸν
965 4026 1157 4099 ἐχθρὸν
1175 4028 1232 4081 δὲ
1259 4028 1423 4083 αὑτὸν
1448 4028 1652 4093 πείθεις
1674 4029 1974 4084 καταλῦσαι

297 4113 398 4183 τὴν
427 4112 648 4184 ἔχθραν.

371 4200 438 4271 β’.
468 4201 630 4272 Ὁρᾷς
645 4202 720 4267 ὡς
737 4202 910 4257 ταῦτα
940 4204 1042 4273 μὲν
1061 4203 1336 4274 πανταχοῦ
1367 4207 1608 4277 σωτήρια
1622 4206 1690 4260 τά
1704 4207 1973 4279 δόγματα,

299 4289 485 4343 ἐκεῖνα
531 4289 880 4363 δὲάχρηστα
912 4291 1190 4362 πανταχοῦ
1223 4293 1291 4346 τά
1321 4293 1676 4364 ἀκούσματα;
1707 4296 1770 4347 Τί
1798 4297 1975 4349 τοίνυν

298 4374 499 4444 ὄφελος
542 4377 831 4447 νηστείας,
881 4376 1002 4430 εἰπέ
1048 4394 1171 4447 μοι,
1224 4373 1354 4431 ὅταν
1381 4378 1458 4448 τῷ
1474 4370 1700 4450 ίσὼματι
1742 4380 1841 4450 μὲν
1880 4399 1979 4453 νη-

302 4463 535 4535 στεύῃς,
577 4465 666 4517 διὰ
708 4465 766 4517 δὲ
807 4465 916 4517 τῶν
958 4464 1255 4536 ὀφθαλμῶν
1302 4465 1594 4538 μοιχεύῃς;
1626 4469 1839 4538 μοιχεία
1868 4470 1977 4543 γάρ

300 4554 450 4607 ἐστιν
494 4553 554 4605 οὐ
587 4552 876 4624 συμπλοκὴ
923 4554 1081 4625 μόνον
1102 4597 1116 4619 ,
1150 4554 1270 4607 οὐδὲ
1313 4555 1499 4626 ὁμιλία
1531 4556 1812 4625 σώματος,
1840 4559 1977 4612 ἀλλὰ

303 4641 398 4694 καὶ
429 4640 551 4710 ὄψις
580 4639 907 4705 ἀκόλαστοςο
956 4642 1010 4694 τί
1040 4641 1101 4695 τὸ
1147 4642 1338 4711 ὄφελος
1368 4643 1497 4696 ὅταν
1527 4654 1550 4682 θ
1585 4644 1819 4698 ἐνταῦθα
1869 4663 1977 4699 πα-

306 4728 506 4801 ραγίνῃ
544 4730 740 4793 κάκεῖ;
788 4729 929 4798 Ἐγὼ
963 4730 1227 4793 παιδεύω,
1259 4724 1467 4793 ἐκεῖνος
1494 4732 1832 4805 διαφθείρει·
1867 4734 1979 4803 ἐγὼ

304 4818 576 4890 φάρμακα
610 4821 802 4888 ἐπάγω
834 4823 899 4890 τῇ
936 4821 1111 4892 νόσῳ,
1146 4823 1350 4885 ἐκεῖνος
1384 4822 1741 4894 προστίθησιν
1781 4825 1979 4880 ὑπόθε-

306 4925 394 4961 σιν
434 4911 502 4980 τῇ
564 4908 738 4978 νόσῳ·
790 4906 903 4978 ἐγὼ
952 4908 1195 4962 σϐεννύω
1238 4906 1339 4979 τὴν
1369 4911 1543 4980 φλόγα
1581 4912 1682 4983 τῆς
1725 4914 1977 4982 φύσεως,

305 4996 515 5058 ἐκεῖνος
541 4995 770 5049 ἀνάπτει
799 4994 900 5066 τὴν
927 4995 1102 5064 φλόγα
1127 4995 1227 5065 τῆς
1253 4997 1569 5069 ἐπιθυμίας.
1598 5000 1664 5053 Τί
1679 5001 1739 5055 τὸ
1764 5001 1980 5069 ὄφελος,

306 5082 432 5137 εἰπέ
478 5100 603 5154 μοις
640 5078 743 5149 Εἷς
763 5080 1099 5152 οἰκοδομῶν
1126 5084 1226 5137 καί
1265 5084 1346 5150 εἷς
1390 5086 1718 5155 καθαιρῶν
1751 5088 1809 5141 τί
1835 5088 1982 5159 (ἐψέ-

306 5174 518 5242 λησαν
574 5171 766 5227 πλέον
811 5171 850 5240 ἣ
902 5171 1168 5237 κόπους;
1228 5171 1321 5244 Μὴ
1372 5172 1550 5227 τοίνυν
1600 5174 1834 5231 ἐνταῦθα
1889 5177 1985 5231 καὶ

308 5259 463 5326 ἐκεῖ,
494 5260 609 5314 ἀλλ’
640 5258 881 5314 ἐνταῦθα
915 5260 1074 5332 μόνον
1121 5258 1518 5331 διατρίϐωμεν,
1566 5263 1652 5315 ἵνα
1697 5265 1985 5335 χρησίμως

309 5347 575 5416 ἐνταῦθα,
602 5349 783 5419 ἵναμὴ
818 5349 995 5420 μάτην
1031 5348 1284 5411 ἐνταῦθα,
1318 5348 1407 5402 ἵνα
1431 5351 1505 5422 μὴ
1541 5351 1682 5422 εἰκῆ,
1727 5353 1862 5423 μηδὲ
1889 5353 1982 5406 ἐπὶ

311 5436 641 5507 κατακρίσει
664 5455 677 5467 ο
705 5432 811 5502 Εἷς
837 5435 1165 5506 οἰκοδομῶν
1186 5437 1287 5492 καί
1305 5432 1395 5503 εἷς
1412 5437 1709 5507 καθαιρῶν
1724 5456 1740 5471 ο
1766 5441 1825 5493 τί
1838 5439 1985 5509 ὠφέ-

308 5530 519 5596 λησαν
541 5525 733 5582 πλέον
751 5526 790 5595 ἢ
818 5526 967 5599 [519]
993 5528 1256 5595 κόπους-ς
1289 5527 1480 5583 Καίτοι
1508 5545 1573 5596 γε
1602 5531 1651 5582 εἰ
1677 5530 1773 5584 καὶ
1798 5530 1986 5587 πολλοὶ⁸

377 5644 397 5707 ἐ
420 5643 580 5707 Ambo
601 5643 984 5707 Βαϐυλωνιακήν.
1003 5641 1221 5707 Utraque
1245 5642 1395 5693 lectio
1421 5646 1645 5707 quadrat.

376 5706 408 5748 ιι
428 5706 545 5755 Hac
567 5717 725 5768 usque
746 5705 804 5768 σο
825 5705 1793 5768 χαλεπωτέραεειιιιειιε,ἀεεὶάετοϋιιιιιιιι·
1811 5709 1862 5757 ἱο
1885 5709 1989 5758 edi-

313 5768 610 5882 };ﬁasergeg
632 5765 801 5816 Ollob.
825 5765 882 5814 ει
906 5765 1103 5819 Barocé.
1132 5765 1520 5850 reslitula’sunt,
1545 5771 1676 5821 etab
1708 5771 1987 5833 interprete

382 5895 408 5954 ς
441 5891 491 5954 [η
516 5891 712 5954 Βρτοεο.
738 5886 965 5954 έκεῖᾲτοῦς
982 5888 1146 5939 deest.
1169 5888 1340 5942 Ollob.
1363 5896 1531 5945 autem
1570 5891 1722 5946 habet
1762 5890 1980 5954 ἐκείνους.

380 5951 410 5993 «ι
434 5951 599 6001 Ollob.
620 5951 891 6014 ὀφθαλμοῖς.

386 6018 412 6049 °
433 6013 518 6068 Sic
542 6009 710 6077 ambb;
730 6009 843 6066 ὅταν
860 6014 1006 6067 deest
1030 6009 1084 6065 in
1108 6011 1274 6077 editis.

1518 385 1609 441 DF.
1647 382 2116 440 ΡαςΝιτΕΝΤιΑ.
2151 381 2379 439 ιιοιιιι.
2423 382 2511 436 Ἦ.
2560 386 2573 407 ‘

3633 380 3737 437 316

2066 500 2114 552 οἰ
2140 497 2549 568 οἰκοδομοῦντες
2571 491 2679 549 εἷεν
2697 536 2712 561 ,
2738 491 2816 557 εἷς
2841 493 2897 547 δὲ
2917 496 2944 547 6
2970 493 3269 565 καθαιρῶν,
3303 496 3427 567 νικᾷ
3453 497 3552 567 τὴν
3572 496 3742 553 πολυ-

2066 584 2277 657 χειρίαν
2303 583 2413 637 τῶν
2435 581 2863 653 οἰκοδομούντων
2892 583 2925 654 ἡ
2960 581 3180 636 εὐκολία
3206 581 3307 652 τῆς
3330 584 3737 654 καταστροφῆς.

2066 672 2292 743 Μεγάλη
2326 672 2497 734 ὅντως
2529 669 2758 742 αἰσχύνη
2790 670 2886 724 καλ⁸
2914 668 3205 734 νεάξοντας
3232 671 3328 724 καὶ
3356 671 3738 742 γεγηρακότας

2068 761 2162 812 ἐπὶ
2188 759 2287 828 τὴν
2335 756 2594 827 τοιαύτην
2640 757 2859 830 τρέχειν
2907 757 3163 829 σπουδήν.
3210 757 3348 810 Ἀλλ’
3381 756 3494 812 εἴθε
3545 758 3741 829 μέχρις

2066 845 2329 917 αἰσχύνης
2372 840 2441 917 ἦν
2480 845 2544 899 τὸ
2593 843 2798 898 κακόν·
2836 845 3012 899 καίτοι
3057 861 3122 913 γε
3166 844 3287 898 οὐδὲ
3313 845 3472 899 τοῦτο
3502 845 3741 917 φορητὸν

2067 933 2221 1004 ἀνδρὶ
2247 932 2523 1005 ἐλευθέρῳ
2544 971 2559 996 ,
2603 931 2718 985 ἀλλ’
2747 932 2949 1002 ἐσχάτη
2985 930 3159 1003 ζημία
3183 931 3262 1003 τῷ
3287 930 3413 986 νοῦν
3442 932 3620 1003 ἔχοντι
3644 941 3741 987 καὶ

2068 1020 2414 1090 κατάγνωσις
2447 1019 2542 1074 καὶ
2590 1018 2822 1091 αἰσχύνη
2845 1036 2859 1050 ο
2897 1019 3012 1073 ἀλλ’
3049 1021 3111 1073 οὐ
3148 1019 3310 1092 μέχρι
3350 1021 3450 1090 τῆς
3478 1018 3742 1092 αἰσχύνης

2064 1107 2127 1163 τὸ
2168 1108 2477 1178 ἐπιτίμιον,
2518 1105 2656 1160 ἀλλά
2701 1107 2795 1160 καὶ
2833 1107 3055 1171 κόλασις
3092 1107 3365 1161 ἐπίκειται
3400 1108 3609 1178 μεγάλη
3644 1108 3741 1162 καὶ

2065 1196 2326 1267 τιμωρία.
2378 1197 2615 1267 ’Δνάγκη
2666 1195 2776 1266 γὰρ
2821 1196 2948 1259 τοὺς
2974 1196 3092 1248 ἐκεῖ
3125 1193 3469 1266 καθημένους
3496 1194 3742 1266 μοιχείας

2068 1282 2316 1355 ἁμαρτίᾳ
2361 1283 2572 1347 πάντας
2608 1282 2925 1337 ἁλίσκεσθαι
2945 1324 2959 1348 ,
2987 1283 3090 1336 οὐκ
3125 1282 3312 1353 ἐπειδὴ
3338 1282 3739 1354 συμπλέκονται

2066 1383 2189 1444 ταῖς
2220 1382 2337 1435 ἐκεῖ
2374 1380 2618 1450 γυναιξὶν
2638 1422 2653 1446 ,
2696 1378 2811 1433 ἀλλ’
2856 1379 3046 1452 ἐπειδὴ
3078 1378 3399 1442 ἀκολάστοις
3455 1378 3743 1449 βλέπουσιν

2068 1477 2239 1541 αὐτάς
2282 1477 2602 1548 ὀφθαλμοῖς.
2651 1478 2775 1530 Ὀτι
2807 1477 2918 1548 γὰρ
2967 1476 3064 1530 καὶ
3105 1474 3326 1539 τούτους
3371 1477 3585 1545 ἀνάγκη
3627 1494 3744 1547 μοι·

2069 1575 2193 1647 χείᾳ
2225 1573 2577 1636 ἁλίσκεσθαι,
2618 1574 2717 1626 οὐκ
2747 1572 2878 1643 ἐμὸν
2912 1574 3043 1643 ὑμῖν
3076 1570 3185 1642 ἐρῶ
3212 1570 3388 1640 λόγον,
3425 1571 3509 1625 ἱνα
3538 1572 3612 1642 μὴ
3642 1589 3745 1626 κα-

2068 1664 2453 1735 ταφρονήσητε
2473 1702 2489 1726 ,
2530 1660 2669 1715 ἀλλά
2722 1659 2866 1713 θεῖον
2928 1660 3060 1730 ὑμῖν
3111 1657 3498 1729 ἀναγνώσομαι
3549 1661 3743 1731 νόμονο

2072 1749 2307 1805 ἐνταῦθα
2357 1750 2467 1821 γάρ
2522 1748 2707 1802 οὐκέτι
2757 1747 3123 1816 καταφρονεῖν
3170 1745 3417 1800 δυνατόν.
3466 1747 3532 1800 Τί
3580 1743 3672 1801 οὖν
3718 1750 3748 1801 6

2071 1827 2214 1903 θεῖοξ
2258 1838 2424 1909 νόμος
2467 1837 2666 1908 φησίν;
2719 1835 3043 1890 Ἠκούσατε
3091 1833 3182 1887 ὅτι
3234 1832 3439 1901 ἐρῤέθη
3495 1835 3619 1901 τοῖς
3645 1837 3750 1904 ἀρ-

2071 1927 2287 1998 χαίοις,
2323 1929 2404 1980 Οὺ
2424 1927 2773 1995 μοιχεύσεις
2795 1939 2809 1955 ο
2841 1922 3045 1992 ἐγὼλδὲ
3065 1920 3221 1990 λέγω
3256 1921 3421 1991 ὑμῖν,
3457 1922 3547 1975 ὅτι
3575 1922 3693 1988 πᾶς
3714 1927 3747 1977 ὁ

2072 2014 2379 2084 ἐμϐλέψας
2407 2013 2665 2085 γυναῖκα
2701 2012 2853 2081 πρὸς
2881 2010 2947 2066 τὸ
2976 2010 3345 2087 ἐπιθυμῆσαι
3370 2007 3592 2078 αὐτῆς,
3630 2010 3748 2077 ἤδη

2072 2103 2434 2174 ἐμοίχευσεν
2463 2102 2660 2169 αὐτὴν
2692 2100 2764 2155 ἐν
2799 2099 2877 2169 τῇ
2912 2099 3125 2168 καρδίᾳ
3155 2099 3363 2152 αὐτοῦ.
3391 2095 3543 2162 Εἶδες
3569 2100 3750 2169 ἀπηρ⁴

2072 2190 2326 2261 τισμένον
2360 2188 2450 2242 τὸν
2483 2187 2710 2258 μοιχόν;
2759 2183 2898 2250 εἶδες
2932 2183 3373 2255 πεπληρωμένην
3421 2184 3520 2254 τὴν
3571 2184 3751 2255 ἀμαρ-

2072 2276 2230 2343 τίαν;
2280 2275 2374 2330 καλ⁸
2398 2274 2458 2330 τὸ
2479 2271 2894 2346 χαλεπώτερον,
2923 2272 3016 2327 τὸν
3050 2271 3239 2342 μοιχὸν
3274 2270 3520 2341 μοιχείας
3553 2270 3750 2325 ἁλόντα

2073 2363 2175 2418 οὐκ
2198 2364 2256 2418 ἐν
2287 2362 2645 2434 ἀνθρωπίνῳ,
2692 2361 2808 2415 ἀλλ’
2846 2361 2906 2415 ἐν
2955 2359 3086 2430 θείῳ
3118 2359 3457 2429 δικαστηρίῳ
3488 2358 3592 2428 τῆς
3629 2376 3718 2429 μοι
3739 2387 3750 2397 -

2074 2450 2228 2523 χείας
2258 2451 2545 2521 γινόμενον
2579 2449 2899 2514 ὑπεύθυνον,
2932 2448 3061 2502 ἔνθα
3083 2447 3330 2502 ἀθάνατα
3353 2446 3420 2499 τά
3443 2445 3551 2500 τῶν
3580 2463 3752 2517 τιμω-

2078 2536 2230 2611 ριῶν.
2262 2537 2392 2604 Πᾶς
2422 2540 2456 2592 ὁ
2483 2536 2793 2606 ἐμϐλέψας
2823 2534 3081 2607 γυναῖκα
3108 2533 3258 2602 πρὸς
3291 2533 3358 2587 τὸ
3384 2532 3752 2603 ἐπιθυμῆσαι

2075 2624 2287 2695 αὐτῆς,
2317 2624 2438 2694 ἤδη
2482 2625 2844 2694 ἐμοίχευσεν
2874 2622 3072 2692 αὐτὴν
3097 2623 3169 2676 ὲν
3195 2621 3270 2692 τῇ
3302 2621 3513 2692 καρδίᾳ
3542 2622 3750 2675 αὑτοῦ.

2077 2713 2153 2767 Οὐ
2184 2712 2244 2766 τὸ
2284 2713 2531 2783 νόσημα,
2562 2712 2698 2766 ἀλλά
2747 2711 2841 2765 καὶ
2886 2711 2985 2783 τὴν
3030 2709 3186 2781 ῥίζαν
3220 2710 3434 2781 ἀναιρεί
3474 2708 3568 2762 τοῦ
3597 2710 3756 2780 νοσή-

2079 2818 2249 2872 ματος
2270 2818 2284 2831 ·
2319 2799 2446 2872 ῥίζα
2486 2800 2598 2871 γάρ
2630 2799 2879 2871 μοιχείας
2914 2797 3180 2869 ἐπιθυμία
3212 2798 3537 2860 ἀκόλαστος·
3584 2797 3664 2849 διὸ
3691 2798 3752 2850 ού

2081 2889 2326 2958 μοιχείαν
2355 2887 2576 2950 κολάζει
2628 2886 2791 2957 μόνον
2812 2928 2825 2952 ,
2855 2884 2992 2938 ἀλλά
3032 2885 3127 2937 καὶ
3167 2884 3461 2954 ἐπιθυμίαν
3480 2924 3494 2949 ,
3526 2882 3626 2953 τὴν
3656 2882 3755 2950 τῖς

2081 2976 2328 3046 μοιχείας
2352 2975 2587 3047 μητέρα.
2618 2973 2777 3027 Οὕτω
2802 2973 2899 3026 καὶ
2921 2975 2970 3026 οἰ
3001 2973 3177 3043 ἰατροὶ
3204 2971 3453 3025 ποιοῦσιν
3473 2987 3487 3002 ο
3517 2971 3578 3024 οὐ
3618 2969 3754 3039 πρὸς

2076 3064 2143 3118 τά
2168 3064 2453 3133 νοσήματα
2493 3063 2740 3115 ἵστανται
2775 3061 2965 3131 μόνον,
2999 3058 3138 3112 ἀλλά
3165 3059 3262 3111 καὶ
3285 3059 3424 3129 πρὸς
3451 3057 3553 3120 τὰς
3579 3057 3756 3120 αἰτίας

2077 3152 2247 3215 αὐτάς
2269 3169 2285 3185 ο
2326 3151 2430 3204 κᾶν
2461 3149 2644 3203 ἴδωσιν
2688 3146 3001 3218 ὀφθαλμοὺς
3048 3146 3341 3208 νοσοῦντας
3365 3185 3379 3208 ,
3409 3145 3472 3197 τὸ
3520 3146 3758 3216 πονηρὸν

2081 3239 2258 3313 ῥεῦμα
2305 3238 2513 3293 ἀνωθεν
2562 3238 2670 3292 ἀπὸ
2719 3235 2829 3288 τῶν
2882 3232 3176 3305 κροτάφων
3238 3232 3656 3286 ἀναστέλλουσιν
3690 3233 3709 3271 ί
3739 3250 3754 3267 ο

2078 3327 2223 3381 οὕτω
2251 3328 2346 3380 καὶ⁸
2372 3327 2401 3379 6
2426 3324 2662 3397 Χριστὸς
2705 3324 2867 3377 ποιεῖ.
2910 3320 3219 3391 Ὀφθαλμία
3253 3320 3467 3392 χαλεπὴ
3505 3320 3719 3391 μοιχεία
3739 3339 3755 3354 ο

2078 3413 2188 3467 τῶν
2238 3412 2534 3484 ὀφθαλμῶν
2577 3414 2695 3465 ἐστι
2741 3411 2802 3463 τὺ
2848 3410 3084 3481 νόσημα,
3112 3409 3172 3461 οὑ
3203 3408 3313 3460 τῶν
3338 3408 3431 3460 τοῦ
3460 3408 3756 3479 σώματος,

2080 3502 2216 3555 ἀλλά
2255 3502 2521 3572 πρότερον
2558 3499 2666 3553 τῶν
2701 3499 2798 3566 τῆς
2833 3498 3047 3567 ψυχῆς
3087 3495 3174 3549 διὰ
3207 3494 3366 3548 τοῦτο
3422 3495 3630 3548 ἐκεῖθεν
3664 3497 3762 3550 άν-

2082 3589 2287 3643 έστειλε
2330 3589 2393 3641 τὸ
2426 3587 2606 3661 ῥεῦμα
2642 3587 2742 3656 τῆς
2774 3584 3071 3647 ἀκολασίας
3091 3624 3105 3647 ,
3127 3582 3206 3653 τῷ
3240 3582 3389 3652 φόϐῳ
3430 3581 3525 3634 τοῦ
3553 3583 3720 3653 νόμου
3743 3598 3759 3613 ο

2078 3678 2168 3731 διὰ
2194 3678 2353 3731 τοῦτο
2384 3677 2507 3747 οὐχὶ
2548 3676 2797 3746 μοιχείαν
2836 3675 2996 3744 μόνον
3025 3672 3308 3734 ἐκόλασεν,
3341 3670 3481 3724 ἀλλά
3512 3671 3606 3725 καὶ
3640 3672 3764 3724 ἐπιο

2081 3765 2285 3836 θυμίαν
2339 3766 2743 3833 ἐτιμωρήσατο.
2780 3760 2925 3826 Ἤδη
2952 3760 3310 3828 ἐμοίχευσεν
3346 3758 3541 3827 αὐτὴν
3586 3760 3657 3813 ἐν
3688 3759 3765 3829 τῇ

2080 3852 2297 3921 καρδίῃ
2323 3852 2509 3905 αὑτοῦ
2532 3867 2545 3880 ·
2596 3851 2695 3919 τῆς
2727 3848 2785 3900 δὲ
2824 3848 3054 3917 καρδίας
3095 3846 3501 3917 διεφθαρμένης
3523 3887 3536 3911 ,
3570 3848 3625 3900 τί
3655 3846 3766 3901 λοι-

2083 3939 2184 3992 πδν
2217 3938 2407 4005 ὄφελος
2438 3937 2534 3989 τοῦ
2559 3935 2748 3988 λοιποῦ
2781 3934 3068 4004 σώματος;
3095 3934 3306 4004 Ὥσπερ
3328 3935 3437 4005 γάρ
3459 3936 3552 3987 ἐπὶ
3578 3935 3764 4002 φυτῶν

2085 4027 2180 4081 καὶ
2215 4024 2417 4091 ξύλων,
2447 4026 2578 4078 ὅταν
2611 4024 2811 4093 ἴδωμεν
2855 4022 2954 4092 τὴν
2983 4022 3213 4094 καρδίαν
3246 4021 3666 4093 διαϐρωθείσαν,
3702 4024 3765 4076 τὸ

2084 4115 2269 4168 λοιπὸν
2292 4111 2774 4182 ἀποδοκιμάζομεν
2800 4110 2968 4182 μέρος
2987 4127 3000 4140 ·
3020 4108 3163 4163 οὕτω
3181 4108 3278 4162 καὶ
3309 4111 3402 4163 ἐπὶ
3429 4108 3523 4162 τοῦ
3552 4110 3764 4183 ἀνθρώ-

2087 4221 2189 4258 που
2225 4204 2353 4256 ὅταν
2396 4202 2581 4272 ἐκείνη
2617 4199 2887 4267 ἀπόληται
2907 4239 2922 4263 ,
2954 4198 3075 4268 εἰκῆ
3104 4197 3293 4253 λοιπὸν
3323 4199 3356 4269 ἡ
3391 4197 3486 4251 τοῦ
3510 4197 3764 4269 σώματος

2087 4292 2285 4361 ὑγίεια.
2331 4291 2389 4345 '0
2415 4290 2621 4362 ἡνίοχος
2646 4287 2914 4352 ἀπόλωλε,
2946 4286 3267 4358 διέφθαρται
3300 4288 3394 4340 καὶ
3422 4287 3764 4359 καταϐέϐλη-

2084 4396 2203 4443 ται,
2241 4378 2415 4449 μάτην
2453 4378 2737 4449 τρέχουσιν
2763 4378 2811 4429 οἰ
2845 4376 3000 4429 ἵπποι
3026 4374 3210 4427 λοιπόν
3231 4392 3244 4405 ο
3270 4374 3528 4438 ἐπίπονος
3551 4376 3579 4427 6
3602 4376 3767 4447 νόμος

2087 4471 2182 4522 καὶ
2203 4468 2335 4521 πολὺ
2376 4467 2439 4520 τὸ
2455 4466 2711 4538 φορτικὸν
2741 4465 2876 4536 ἔχει,
2901 4464 3090 4536 ὥσπερ
3111 4458 3205 4518 οὖν
3227 4463 3322 4535 καὶ
3348 4462 3521 4534 μέγαν
3543 4463 3654 4535 ἔχει
3676 4464 3767 4518 τὴν

2093 4557 2378 4625 στέφανον.
2412 4553 2650 4608 Τοιαῦτα
2678 4553 2788 4623 γὰρ
2834 4550 2904 4606 τὰ
2931 4552 3162 4604 ἐπίπονα
3184 4590 3198 4615 ,
3251 4550 3494 4621 μεγάλας
3526 4550 3640 4622 ἔχει
3667 4553 3768 4616 τὰς

2091 4643 2346 4714 ἀμοιϐάς.
2373 4644 2445 4696 Σὺ
2466 4642 2522 4695 δὲ
2550 4641 2622 4712 μὴ
2650 4640 2728 4711 τῷ
2759 4640 2906 4710 πόνῳ
2932 4639 3170 4710 πρόσεχε
3188 4678 3202 4702 ,
3241 4637 3378 4693 ἀλλά
3406 4638 3503 4709 τὴν
3534 4638 3769 4711 ἀμοιϐὴν

2092 4732 2262 4787 ἐννόει
2283 4749 2295 4761 ⁸
2324 4729 2466 4783 οὕτω
2490 4729 2600 4801 γὰρ
2623 4730 2717 4783 καὶ
2736 4728 2957 4781 ἐπὶτῶν
2983 4727 3253 4798 βιωτικῶν
3275 4726 3486 4794 γίνεται
3508 4727 3770 4798 πραγμά-

2089 4837 2221 4874 των.
2259 4820 2358 4872 Ἂν
2392 4817 2491 4889 μὲν
2531 4817 2640 4888 γάρ
2672 4817 2762 4869 τὸν
2791 4816 2952 4869 πόνον
2995 4815 3110 4887 ἴδῃς
3151 4814 3259 4868 τῶν
3292 4813 3767 4885 κατορθωμάτων,

2094 4908 2234 4980 βαρὺ
2260 4908 2354 4961 καὶ
2385 4906 2643 4978 φορτικόν
2662 4922 2677 4937 ο
2705 4903 2773 4959 ἂν
2800 4903 2979 4975 δὲτὴν
3001 4901 3236 4975 ἀμοιϐὴν
3273 4901 3412 4974 ίδῃς,
3440 4900 3643 4972 κοῦφον
3672 4904 3770 4956 καὶ

2094 4999 2291 5069 ῥᾷστον
2327 4995 2390 5048 τὸ
2437 4994 2817 5067 προκείμενον.
2874 4990 3031 5045 Οὕτω
3075 4991 3171 5045 καὶ
3213 4989 3557 5062 κυϐερνήτης
3588 4990 3655 5044 ἂν
3697 4992 3769 5046 τά

2090 5086 2315 5157 κύματα
2353 5083 2527 5154 βλέπῃ
2570 5082 2727 5153 μόνον
2748 5122 2761 5146 ,
2789 5078 3046 5134 οὐδέποτε
3088 5077 3298 5146 ἐξέλκει
3335 5077 3429 5131 τοῦ
3462 5077 3685 5150 λιμένος
3708 5078 3773 5133 τὸ

2095 5174 2337 5243 σκάφος,
2387 5170 2523 5225 ἀλλὰ
2565 5169 2672 5243 πρὸ
2701 5169 2815 5223 τῶν
2870 5167 3129 5237 κυμάτων
3177 5166 3278 5236 τὴν
3310 5163 3460 5238 [520]
3497 5165 3772 5237 ἐμπορίαν

2091 5262 2258 5334 ὁρῶν,
2291 5259 2433 5314 οὕτω
2475 5259 2571 5312 καὶ
2618 5256 2854 5313 ἀπλέτου
2904 5254 3224 5327 κατατολμᾷ
3267 5254 3561 5323 πελάγους.
3611 5253 3771 5308 Οὕτω

2092 5351 2188 5403 καὶ
2216 5346 2558 5421 στρατιώτης
2586 5346 2652 5401 ἂν
2672 5346 2741 5399 τά
2760 5343 3051 5418 τραύματα
3069 5341 3262 5415 βλέπῃ,
3291 5342 3387 5396 καὶ
3407 5340 3508 5405 τάς
3531 5341 3768 5411 σφαγὰς,

2094 5437 2351 5492 οὐδέποτε
2386 5434 2670 5489 ἐνδύσεται
2698 5432 2925 5506 θώρακα
2946 5448 2960 5461 ·
2990 5430 3057 5485 ἂν
3085 5430 3143 5484 δὲ
3172 5430 3279 5500 πρὸ
3307 5428 3417 5483 τῶν
3435 5431 3770 5500 τραυμάτων

2091 5526 2162 5580 τά
2193 5525 2431 5595 τρόπαια
2480 5524 2656 5594 σκοπῇ
2704 5522 2799 5575 καὶ
2842 5520 2944 5584 τάς
2972 5519 3159 5582 νίκας,
3200 5517 3390 5588 ὥσπερ
3416 5519 3498 5582 εἰς
3526 5516 3772 5587 λειμῶνα

2092 5613 2384 5687 δραμεῖται
2418 5609 2516 5682 τὴν
2565 5608 2894 5681 παράταξιν.
2948 5606 3031 5661 Τά
3052 5606 3162 5678 γάρ
3195 5604 3355 5676 φύσει
3389 5603 3587 5676 βαρέα,
3625 5603 3773 5659 οὕτω

2095 5700 2277 5771 κοῦφα
2305 5700 2538 5769 γίνεται,
2571 5697 2700 5752 ὅταν
2733 5697 2809 5769 μὴ
2840 5696 2967 5759 τοὺς
3005 5694 3203 5759 πόνους
3234 5692 3602 5764 λογιζώμεθα,
3635 5691 3773 5748 άλλά

2094 5788 2316 5852 καὶτὰς
2356 5786 2594 5859 ἀμοιϐὰς
2630 5785 2809 5839 αὐτῶν
2842 5781 3155 5854 σκοπῶμεν,
3196 5781 3385 5835 Βούλει
3427 5782 3620 5853 μαθεῖν
3649 5780 3772 5845 πῶς

2097 5876 2169 5934 τά
2206 5875 2368 5949 φύσει
2415 5873 2588 5947 βαρέα
2616 5873 2801 5944 κοῦφα
2836 5872 3086 5943 γίνεται;
3138 5870 3371 5926 ἄκουσον
3418 5870 3512 5925 τοῦ
3555 5867 3769 5925 Παύλοῦ

2157 6014 2180 6058 ί
2205 6014 2363 6071 Ambo
2395 6027 2509 6068 mss.
2539 6014 2825 6073 ἀνέστειλεν,
