4100 6428
393 385 494 438 317

392 503 558 567 ipsum
585 500 987 548 momentaneum
1015 494 1062 539 et
1087 485 1192 539 leve
1216 479 1550 536 tribulationis
1579 487 1766 532 nostra:
1813 493 1968 546 supra

393 593 598 646 modum
621 590 674 641 in
699 583 1023 644 sublimitate,
1046 587 1287 632 retentum
1316 573 1493 644 gloria)
1519 571 1716 638 pondus
1736 579 1973 639 operatur

390 690 444 740 iu
465 685 604 739 nobis
627 678 704 750 (2.
731 679 852 735 Cor.
877 677 931 730 4.
965 675 1070 744 1⁸7).
1105 669 1350 739 Enigma
1378 676 1461 721 est
1485 663 1629 734 quod
1655 662 1848 717 dicitur
1883 679 1895 714 :
1927 675 1970 714 SI

393 773 764 836 tribulationis,
796 767 1061 838 quomodo
1092 765 1208 818 leve
1233 763 1256 815 ?
1277 761 1321 816 si
1352 759 1485 822 leve,
1517 754 1783 826 quomodo
1800 752 1961 807 tribu-

394 865 648 922 lationis?
689 865 804 918 haec
840 859 981 914 enim
1008 860 1324 925 repugnant.
1385 848 1492 904 Sed
1522 846 1681 901 solvit
1719 844 1970 913 aenigma,

389 975 511 1016 cum
551 973 643 1026 per
677 951 998 1007 additionem
1038 944 1273 1001 ostendit
1301 941 1587 996 levitatem.
1613 934 1890 1002 Quomodo
1914 932 1971 986 ‘?

393 1051 516 1106 Non
541 1053 646 1103 hinc
673 1061 785 1117 qua:
817 1044 1046 1099 uidentur
1067 1040 1208 1094 nobis
1233 1038 1496 1091 dumtaxat
1515 1030 1968 1086 considerantibus.

391 1145 653 1199 Coronam
705 1135 1017 1206 proposuit.
1068 1146 1134 1186 ac
1191 1138 1461 1186 certamen
1518 1124 1635 1180 leve
1676 1121 1908 1176 reddidit
1952 1136 1966 1172 :

391 1233 624 1291 ostendit
647 1230 906 1293 bravium,
925 1235 978 1280 et
999 1221 1346 1278 desudantem
1373 1217 1574 1273 solatus
1593 1223 1692 1268 est.
1712 1211 1790 1265 Tu
1816 1223 1966 1280 ergo,

388 1341 512 1382 cum
541 1324 812 1378 mulierem
842 1317 1039 1373 videris
1065 1313 1374 1375 formosam,
1407 1307 1555 1361 vultu
1576 1303 1965 1374 splendentem,

391 1425 634 1471 ornatam
681 1411 838 1474 stola,
869 1422 990 1462 cum
1023 1403 1222 1459 videris
1249 1399 1519 1454 libidinem
1566 1394 1886 1456 titillantem,
1915 1397 1969 1445 et

389 1515 606 1576 aspectu
650 1500 1114 1570 concupiscentem
1165 1492 1398 1548 animam
1445 1504 1460 1541 :
1501 1485 1708 1556 respice
1737 1483 1969 1552 desuper

388 1607 615 1651 stantem
651 1606 925 1656 coronam,
959 1602 1064 1658 quo
1092 1586 1195 1640 tale
1246 1579 1605 1653 Spectaculum
1655 1585 1965 1646 praetereas.

394 1690 576 1745 Vidisti
601 1684 936 1742 conservam?
955 1682 1235 1735 Dominum
1248 1673 1546 1738 considera,
1567 1678 1724 1738 atque
1748 1665 1968 1722 omnino

396 1783 640 1835 morbum
670 1775 904 1832 curabis.
949 1771 1004 1826 Si
1053 1769 1192 1824 enirn
1225 1766 1314 1836 qui
1355 1761 1600 1833 discipuli
1627 1760 1966 1831 paedagogum

385 1879 698 1941 sequuntur,
725 1881 832 1921 non
856 1872 1131 1933 vagantur,
1146 1874 1251 1913 non
1277 1857 1386 1910 otio
1407 1861 1638 1923 torpent,
1666 1868 1772 1905 non
1790 1848 1966 1904 studio

386 1964 684 2017 desistunt:
718 1957 884 2010 multo
936 1953 1104 2023 magis
1135 1959 1210 2014 tu,
1251 1949 1298 2003 si
1327 1945 1602 2001 Christum
1647 1941 1795 2012 quasi
1824 1954 1965 2011 prae-

391 2063 597 2109 sentem
621 2047 1032 2119 cogitationibus
1057 2041 1330 2106 intuearis,
1356 2037 1487 2092 nihil
1511 2036 1702 2091 horum
1727 2032 1962 2103 patieris.

397 2146 496 2210 Qui
512 2144 767 2198 mulierem
793 2139 968 2194 viderit
992 2137 1061 2190 ad
1077 2129 1530 2204 concupiscendum
1555 2143 1686 2192 eam,
1708 2126 1822 2195 jam
1844 2139 1967 2176 mae-

384 2240 563 2293 ehatus
592 2247 662 2290 est
691 2251 800 2288 eam
823 2233 875 2285 in
899 2230 1049 2285 corde
1073 2244 1163 2280 suo
1183 2225 1394 2299 (Matth.
1413 2224 1468 2278 5.
1493 2221 1608 2291 28).
1634 2217 1874 2274 iucunde
1901 2231 1966 2271 ac

390 2331 586 2398 sacpius
614 2327 744 2396 legis
777 2325 973 2392 scripta
1011 2322 1128 2390 lego
1153 2335 1168 2372 :
1201 2317 1400 2372 utinam
1431 2323 1486 2370 et
1514 2327 1609 2384 per
1634 2321 1800 2366 totum
1820 2311 1964 2365 diem

387 2423 454 2476 ad
479 2435 572 2474 vos
600 2418 790 2473 eadem
830 2414 989 2469 verba
1019 2411 1196 2466 facere
1219 2422 1464 2478 possem:
1495 2406 1603 2459 imo
1629 2418 1734 2458 non
1761 2402 1826 2456 ad
1847 2415 1962 2464 vos,

385 2513 481 2569 sed
533 2510 601 2566 ad
628 2523 722 2564 eos
746 2507 837 2578 qui
885 2504 1117 2576 peccatis
1165 2508 1293 2556 sunt
1322 2497 1539 2554 obnoxii
1567 2515 1582 2562 ;
1614 2497 1722 2550 imo
1774 2494 1843 2548 ad
1871 2507 1966 2548 vos

386 2616 632 2674 quoque:
659 2614 780 2653 nam
802 2612 898 2652 vos
923 2595 1184 2649 ﬁrmiores
1211 2591 1423 2656 essetis,
1456 2597 1512 2644 et
1538 2587 1627 2658 qui
1656 2585 1848 2640 morbo
1889 2585 1970 2638 la-

389 2697 599 2760 borant,
630 2691 698 2746 ad
725 2694 1006 2744 sanitatem
1037 2686 1194 2740 citius
1233 2683 1490 2738 redirent.
1524 2680 1624 2747 Qui
1647 2677 1825 2733 viderit
1852 2691 1967 2729 ntu-

389 2787 558 2841 lierem
585 2784 650 2836 ad
671 2781 1119 2850 concupiscendum
1139 2793 1270 2842 eam,
1307 2775 1424 2845 jam
1462 2773 1737 2826 moechatus
1759 2777 1832 2823 est
1859 2783 1968 2821 eam

388 2881 440 2934 in
460 2878 610 2932 corde
635 2892 746 2930 suo.

461 2972 516 3025 5.
558 2968 838 3024 Sufficiunt
870 2964 938 3020 ad
972 2976 1184 3017 omnem
1215 2958 1416 3030 peccati
1445 2957 1689 3013 morbum
1733 2970 1967 3026 purgan-

389 3065 515 3120 dum
546 3061 686 3116 nuda
711 3059 826 3112 hare
844 3057 1002 3111 verba
1031 3055 1272 3109 recitata.
1299 3051 1404 3106 Sed
1430 3048 1687 3119 ignoscite
1713 3063 1729 3101 :
1752 3047 1970 3101 vulnera

393 3171 699 3229 purgamus,
729 3152 949 3207 vulnera
980 3162 1102 3203 vero
1130 3153 1437 3216 purgantem
1468 3155 1690 3196 necesse
1717 3149 1800 3196 est
1823 3154 1969 3194 ama-

391 3266 480 3307 ras
515 3248 807 3304 medicinas
850 3245 1144 3312 imponere.
1189 3240 1397 3306 Quanto
1425 3249 1552 3290 vero
1579 3234 1746 3303 magis
1789 3241 1969 3302 porta-

391 3343 514 3397 hitis
541 3339 703 3395 verba
727 3378 743 3404 ,
775 3343 923 3391 tanto
966 3332 1132 3402 magis
1159 3328 1467 3400 purgabitur
1495 3327 1660 3380 virus.
1704 3322 1969 3391 Quemad-

392 3432 610 3487 modum
637 3430 778 3484 enim
810 3426 944 3496 ignis
973 3434 1160 3478 natura
1190 3429 1386 3491 quanto
1425 3418 1592 3488 magis
1620 3417 1734 3471 auri
1770 3425 1973 3468 natura:

391 3521 703 3580 coluercbit,
753 3525 900 3572 tanto
933 3516 1101 3585 magis
1147 3513 1441 3582 rubiginem
1481 3512 1744 3565 consumit
1774 3526 1789 3562 :
1817 3509 1894 3564 sic
1919 3517 1976 3563 et

393 3613 650 3667 horumce
677 3608 957 3664 verborum
989 3607 1148 3659 timor
1177 3611 1372 3673 quanto
1402 3602 1568 3671 magis
1593 3611 1784 3655 vestra:
1809 3597 1974 3653 menti

393 3704 747 3772 imprimetur,
782 3706 928 3753 tanto
967 3696 1134 3765 magis
1176 3702 1448 3765 peccatum
1483 3691 1824 3762 impudicitia:
1850 3706 1976 3761 pur—

392 3794 556 3865 gabit.
590 3793 686 3847 Hic
715 3792 835 3860 igne
861 3790 1247 3850 examinemus,
1278 3785 1441 3840 verbo
1467 3785 1669 3839 scilicet
1693 3783 1971 3850 doctrinae,

392 3899 501 3956 quo
529 3884 704 3938 minus
744 3883 914 3951 ipsum
939 3894 1191 3950 cogamur
1217 3875 1521 3932 examinare
1546 3875 1803 3945 geltennte
1834 3875 1970 3944 igne.

393 3980 527 4034 Nam
555 3988 826 4048 purgatam
850 3976 1080 4029 animam
1107 3972 1230 4027 hinc
1255 3971 1539 4026 abeuntem
1569 3970 1657 4024 ille
1682 3983 1788 4024 non
1819 3969 1976 4023 laedet

395 4072 533 4142 ignis
557 4087 571 4137 ;
599 4085 716 4124 eam
747 4080 921 4122 autem
950 4082 1068 4137 quae
1091 4082 1211 4120 cum
1241 4065 1473 4134 peccatis
1499 4063 1622 4118 hinc
1646 4063 1856 4126 abierit,
1890 4062 1976 4118 ille

397 4164 534 4234 ignis
563 4163 813 4231 excipiet.
849 4159 1252 4226 Uniuscujusque
1278 4156 1409 4208 enim
1434 4172 1560 4226 opus
1588 4156 1756 4225 quale,
1784 4155 1972 4224 inquit,

395 4255 496 4318 sit,
528 4253 659 4323 ignis
688 4251 914 4321 probabit
941 4250 1017 4321 (1.
1043 4248 1160 4301 Cor.
1184 4247 1238 4300 ὅ.
1265 4248 1331 4301 15
1349 4249 1391 4316 ).
1425 4246 1716 4301 Prohemus
1742 4255 1978 4300 nasmct-

397 4349 542 4419 ipsos
585 4359 725 4398 nunc
753 4343 883 4396 sine
928 4341 1144 4404 dolore,
1175 4354 1279 4408 quo
1327 4352 1425 4392 nec
1467 4353 1587 4392 cum
1624 4337 1808 4392 dolore
1851 4347 1978 4391 tunc

399 4437 704 4506 probemur.
729 4431 991 4502 Quidquid
1011 4429 1234 4493 dixeris,
1259 4429 1444 4498 inquit,
1469 4427 1730 4482 laboriosa
1756 4436 1840 4482 est
1865 4428 1975 4482 lex.

395 4527 533 4596 Quid
573 4526 773 4597 igitur?
820 4523 1163 4594 impossibilia
1205 4523 1416 4576 mandat
1454 4522 1606 4576 nobis
1635 4521 1771 4575 Deus
1791 4521 1815 4574 Ἰ
1837 4520 1977 4588 Non,

395 4623 610 4689 inquam
635 4618 974 4684 ;obmutesce
997 4618 1040 4680 ³,
1074 4628 1245 4685 neque
1273 4613 1549 4667 Dominum
1578 4627 1794 4667 accuses
1824 4630 1838 4664 :
1871 4628 1976 4668 non

396 4713 541 4768 enim
568 4710 654 4764 hic
677 4707 1034 4763 excusationis
1063 4705 1270 4772 modus,
1296 4704 1389 4759 sed
1420 4704 1621 4774 peccati
1647 4703 1980 4758 additamen-

401 4813 512 4857 tum
557 4801 719 4871 priori
766 4797 934 4868 pejus.
979 4796 1131 4862 Quod
1178 4804 1354 4850 autem
1387 4805 1722 4864 peccatorum
1768 4794 1979 4865 plurimi

397 4891 778 4948 consueverint
819 4889 871 4943 in
903 4888 1182 4942 Dominum
1230 4901 1354 4940 suas
1400 4887 1765 4942 accusationes
1803 4896 1978 4943 retor-

396 4999 580 5054 quere,
613 4982 757 5037 audi.
804 4979 1041 5035 Accessit
1067 4977 1158 5032 ille
1197 4978 1280 5032 cui
1311 4977 1506 5032 talenta
1533 4981 1762 5048 quinque
1790 4979 1978 5033 tradita

401 5077 640 5141 fuerant,
667 5085 722 5130 et
745 5074 847 5129 alia
885 5074 1116 5143 quinque
1141 5069 1318 5124 attulit
1346 5087 1360 5123 :
1386 5070 1612 5125 accessit
1637 5071 1720 5125 cui
1758 5071 1896 5136 duo,
1925 5079 1981 5126 et

401 5168 503 5221 alia
526 5167 633 5222 duo
657 5166 834 5220 attulit
863 5181 876 5218 :
909 5163 1134 5218 accessit
1158 5162 1242 5216 cui
1273 5176 1434 5216 unum
1463 5160 1560 5216 fuit
1587 5163 1848 5218 creditum
1871 5203 1884 5228 ,
1925 5171 1981 5218 ct

400 5257 653 5326 quoniam
684 5271 791 5311 non
821 5255 1005 5309 habuit
1031 5252 1286 5308 talentum
1312 5251 1453 5306 aliud
1478 5253 1617 5322 quod
1646 5254 1839 5319 ferret,
1881 5269 1981 5323 pro

403 5349 602 5403 talento
626 5347 1016 5403 accusationem
1037 5343 1233 5398 attulit.
1261 5342 1576 5409 Quomodo?
1601 5341 1654 5396 Ν
1660 5345 1760 5410 ovi,
1787 5344 1977 5414 inquit,

399 5439 534 5508 quod
558 5449 786 5490 austeras
812 5438 881 5490 sis
904 5434 1113 5502 (Matth.
1134 5434 1224 5490 25.
1245 5433 1360 5505 24).
1388 5433 1433 5488 0
1457 5433 1596 5488 servi
1623 5435 1975 5502 proterviaml

465 5612 483 5642 ¹
518 5618 620 5661 Duo
636 5617 740 5660 Mss.
758 5609 828 5659 Sic
847 5608 1020 5670 legunt
1041 5607 1170 5656 hunc
1188 5605 1345 5670 locum
1371 5604 1614 5670 :ostendit
1637 5603 1886 5670 levitatem,
1912 5607 1980 5656 le-

402 5679 604 5781 21113301;
607 5666 944 5781 (tribulationis.
962 5669 1198 5730 Quomodo
1213 5667 1358 5730 igitur
1377 5674 1445 5717 est
1461 5666 1776 5717 tribulationis
1797 5667 1978 5728 levitas,

405 5746 636 5792 quomoao
651 5746 675 5782 ς’

467 5797 488 5827 ⁸
520 5797 696 5852 attain,
717 5791 857 5841 obedi
877 5798 921 5841 et
943 5790 1234 5851 obmutesce;
1250 5803 1346 5839 non
1369 5789 1514 5840 male.

729 5876 996 5937 PATROL.
1046 5879 1161 5938 Gn.
1210 5880 1425 5942 XLIX.

1527 364 1613 418 DE
1650 362 2113 419 ΡῐΕΝΙΤΕΝΤΙΑ.
2156 364 2381 422 HOMlL.
2431 365 2517 422 Vl.

2082 492 2186 532 non
2213 487 2492 534 contentus
2523 487 2740 548 peccato
2763 479 2922 535 etiam
2950 487 3135 535 contra
3163 476 3438 535 dominum
3476 481 3660 536 statuit

2079 574 2468 627 accusationem
2500 592 2514 627 :
2543 573 2740 628 Metens
2779 574 2866 627 ubi
2908 589 3010 627 non
3055 573 3348 640 seminasti,
3387 583 3434 627 et
3479 572 3658 627 tollens

2078 663 2212 730 quod
2237 679 2334 716 non
2364 664 2640 732 dispersisti
2664 663 2814 734 (Luc.
2838 665 2926 719 19.
2947 661 3062 734 21).
3104 662 3192 718 Sic
3229 671 3286 718 et
3327 663 3379 716 in
3411 663 3657 733 praesenti

2079 753 2184 807 vita
2231 763 2488 824 quotquot
2534 754 2665 809 nihil
2710 765 3000 824 operantur
3042 755 3188 817 boni,
3237 753 3655 808 additamentum

2078 844 2336 898 malorum
2388 859 2605 900 suorum
2660 842 2860 900 faciunt
2889 887 2904 912 ,
2953 845 3348 900 accusationem
3398 843 3659 900 adversus

2077 934 2381 992 Dominum.

2145 1025 2288 1082 Deus
2315 1028 2515 1082 nonnisi
2550 1027 2808 1099 possibilia
2833 1027 3060 1082 mandat.
3082 1055 3154 1068 -
3177 1025 3522 1097 Nequaquam
3557 1025 3657 1096 igi-

2075 1124 2162 1170 tur
2201 1115 2484 1172 Dominum
2537 1117 2746 1173 incuses
2782 1134 2796 1172 :
2833 1117 2974 1173 haud
3020 1117 3238 1172 mandat
3287 1115 3652 1185 impossibilia.

2077 1206 2169 1262 Vis
2202 1207 2412 1263 discere
2441 1208 2614 1279 ipsum
2652 1223 2758 1263 non
2787 1208 3042 1264 mandare
3081 1207 3472 1278 impossibilia?
3507 1207 3654 1262 Multi

2071 1307 2126 1354 et
2153 1299 2264 1370 ipsa
2290 1309 2543 1370 superant
2566 1301 2850 1367 mandata;
2880 1309 2936 1356 at
2959 1301 3003 1356 si
3031 1300 3378 1370 impossibilia
3405 1300 3652 1363 fuissent,

2072 1407 2178 1448 non
2222 1407 2319 1448 sua
2359 1401 2552 1464 sponte
2589 1400 2949 1463 superassent.
2979 1392 3349 1462 Virginitatem
3391 1405 3653 1462 nusquam

2072 1483 2310 1553 mandat,
2342 1493 2398 1540 et
2422 1485 2564 1540 illam
2594 1485 2744 1540 multi
2772 1494 2987 1541 servant
3018 1504 3033 1541 :
3068 1486 3120 1540 in
3151 1483 3306 1539 bonis
3330 1483 3458 1539 nihil
3485 1483 3656 1553 possi-

2069 1575 2198 1630 dere
2225 1590 2485 1644 nusquam
2513 1575 2762 1643 mandat,
2792 1585 2848 1631 et
2869 1591 2899 1630 a
2927 1589 2987 1631 se
3011 1575 3279 1646 propriam
3307 1573 3653 1629 substantiam

2072 1665 2223 1719 multi
2249 1665 2522 1734 abjiciunt,
2551 1666 2682 1735 ipsis
2705 1665 2956 1736 cperibus
2979 1665 3263 1721 reddentes
3291 1663 3656 1719 testimonium

2069 1755 2272 1826 legibus
2292 1756 2660 1811 mandatorum
2683 1757 2860 1812 inesse
2880 1756 3102 1811 multum
3125 1755 3428 1811 facilitatis:
3453 1770 3655 1826 nequa-

2069 1861 2224 1916 quam
2253 1847 2394 1901 enim
2423 1858 2764 1916 superassent
2793 1861 2876 1913 ea,
2906 1847 3006 1902 nisi
3030 1846 3222 1913 facilia,
3251 1861 3372 1917 qua:
3399 1847 3651 1900 mandata

2069 1946 2215 2004 sunt,
2241 1946 2443 1993 essent.
2472 1937 2590 1992 Non
2615 1938 2884 1992 mandavit
2906 1937 3263 2008 virginitatem
3297 1954 3312 1990 :
3341 1951 3463 1990 nam
3493 1935 3653 2006 virgi-

2068 2029 2292 2083 nitatem
2335 2028 2424 2098 qui
2467 2029 2703 2096 mandat,
2736 2029 3038 2084 necessitati
3080 2028 3212 2099 legis
3251 2027 3464 2096 subjicit
3486 2027 3650 2082 etiam

2069 2133 2175 2174 non
2205 2119 2510 2185 volentem;
2550 2119 2640 2189 qui
2670 2133 2798 2175 vero
2838 2118 3123 2184 admonet,
3154 2117 3448 2173 auditorem
3485 2116 3649 2171 relin-

2070 2212 2185 2283 quit
2221 2211 2492 2267 dominum
2529 2212 2759 2283 propriae
2784 2211 3089 2266 voluntatis.
3130 2209 3417 2280 Propterea
3453 2207 3650 2264 Paulus

2069 2303 2238 2373 inquit
2270 2321 2283 2357 :
2316 2303 2396 2358 De
2437 2304 2711 2375 virginibus
2755 2312 2921 2356 autem
2959 2311 3262 2373 praeceptum
3305 2299 3514 2354 Domini
3547 2315 3650 2353 non

2069 2395 2263 2461 habeo;
2288 2395 2554 2449 consilium
2582 2403 2748 2448 autem
2773 2395 2838 2448 do
2863 2394 2941 2465 (1.
2965 2392 3084 2450 Cor.
3107 2395 3160 2448 7.
3181 2391 3297 2464 25).
3328 2392 3518 2448 Cernis
3542 2406 3650 2446 non

2069 2485 2398 2551 mandatum,
2444 2484 2539 2541 sed
2580 2486 2906 2541 consilium?
2953 2485 3130 2542 cernis
3167 2501 3272 2540 non
3302 2493 3646 2555 praeceptum,

2070 2575 2166 2632 sed
2196 2575 2650 2632 admonitionem?
2688 2577 2904 2632 Multum
2948 2586 3031 2634 est
3073 2576 3448 2633 intermedium
3478 2592 3492 2629 :
3520 2576 3650 2630 alte-

2069 2683 2187 2722 rum
2213 2669 2547 2724 necessitatis
2571 2679 2686 2735 est,
2727 2671 2951 2726 alterum
2984 2674 3291 2730 voluntatis.
3320 2677 3440 2732 Non
3467 2683 3652 2749 pracci—

2071 2759 2184 2830 pio,
2214 2759 2415 2830 inquit,
2450 2769 2508 2815 ut
2535 2775 2642 2816 non
2667 2776 2882 2817 onerem
2913 2780 2928 2817 :
2956 2778 3152 2820 moneo
3178 2775 3232 2820 et
3253 2768 3535 2824 consilium
3559 2770 3652 2839 do,

2070 2859 2132 2905 ut
2166 2851 2416 2910 alliciam.
2457 2851 2547 2908 Sic
2573 2859 2628 2907 et
2653 2852 2896 2908 Christus
2928 2871 2942 2908 :
2974 2870 3080 2910 non
3109 2856 3241 2912 dixit
3271 2876 3286 2912 :
3319 2859 3517 2915 Omnes
3542 2861 3654 2916 vir-

2070 2939 2342 3011 ginitatem
2369 2951 2605 2998 servate.
2635 2942 2767 2998 Nam
2794 2944 2840 2998 si
2881 2945 3188 3002 mandasset
3213 2961 3406 3005 omnes
3434 2951 3654 3022 virgini-

2073 3043 2235 3088 tatem
2285 3045 2488 3100 tenere,
2535 3042 2590 3090 et
2633 3035 2802 3105 legem
2847 3037 3102 3093 voluisset
3145 3054 3266 3096 esse
3309 3054 3652 3114 praeceptum.

2072 3127 2156 3182 his
2194 3127 2452 3182 obediens
2490 3128 2599 3198 jam
2647 3143 2751 3183 non
2793 3128 2997 3186 honore
3040 3140 3186 3186 tanto
3214 3132 3557 3203 dignaretur,
3603 3147 3656 3190 et

2075 3219 2389 3274 inobediens
2419 3234 2602 3289 pennas
2630 3221 2864 3276 dedisset
2889 3222 3148 3292 ingentes.
3181 3225 3368 3281 Vidisti
3397 3228 3654 3297 quemad-

2074 3311 2289 3365 modum
2316 3311 2468 3365 nobis
2495 3314 2663 3382 parcit
2690 3313 3003 3383 legislator?
3031 3317 3296 3385 quomodo
3337 3330 3516 3374 nostra
3549 3322 3657 3375 sol-

2075 3404 2249 3460 licitus
2272 3415 2352 3460 est
2379 3421 2477 3475 pro
2503 3406 2715 3460 salute?
2753 3406 3019 3477 Numquid
3049 3424 3156 3462 non
3188 3420 3396 3478 pateret
3423 3421 3479 3466 et
3519 3429 3657 3484 pric-

2076 3505 2287 3565 ceptum
2334 3499 2435 3552 hoc
2487 3513 2721 3567 ponere,
2769 3512 2832 3553 ac
2878 3500 3058 3554 dicere
3100 3518 3113 3555 :
3159 3501 3259 3569 Qui
3302 3503 3658 3574 virginitatem

2077 3595 2368 3656 sequentur
2386 3628 2400 3652 ,
2451 3587 2782 3642 honorentur
2811 3605 2823 3642 :
2852 3590 2942 3658 qui
2973 3604 3100 3645 vero
3143 3606 3249 3646 non
3271 3635 3286 3660 ,
3331 3595 3660 3666 puniantur?

2077 3676 2182 3733 Sed
2207 3689 2486 3733 onerasset
2530 3687 2773 3734 naturam
2805 3698 2817 3733 :
2846 3681 3015 3749 parcit
3056 3696 3185 3752 ergo
3213 3693 3417 3741 naturae
3442 3698 3660 3744 nostrae.

2079 3767 2290 3822 Dimisit
2326 3780 2472 3823 extra
2497 3771 2747 3837 stadium,
2775 3770 2975 3825 dimisit
3000 3773 3332 3842 superiorem
3357 3779 3663 3834 certamini-

2077 3860 2177 3916 bus
2223 3861 2618 3931 virginitatem,
2664 3878 2769 3932 quo
2819 3872 2873 3917 et
2918 3878 3035 3918 eam
3087 3867 3340 3934 praeclare
3387 3879 3661 3929 servantes

2077 3969 2229 4009 suam
2255 3954 2742 4022 magnanimitatem
2773 3955 3057 4010 ostendant
3085 3973 3099 4010 :
3127 3972 3232 4011 non
3261 3970 3541 4017 servantes
3571 3977 3660 4019 ve~

2077 4061 2139 4103 ro
2158 4087 2174 4114 ,
2207 4047 2418 4102 Domini
2463 4045 2788 4116 indulgentia
2813 4046 2956 4117 digni
2987 4046 3300 4103 habeantur.
3337 4049 3428 4105 Sic
3451 4061 3506 4107 et
3529 4067 3665 4123 pan.

2079 4148 2341 4209 pertatem
2370 4154 2478 4193 non
2523 4139 2700 4209 posuit
2729 4139 2782 4192 in
2813 4148 3113 4209 praecepto,
3141 4153 3316 4210 neque
3355 4141 3665 4211 simpliciter

2079 4230 2214 4286 dixit
2242 4249 2256 4286 :
2286 4231 2469 4287 Vende
2506 4248 2625 4302 qua!
2651 4231 2816 4288 habes
2849 4250 2861 4286 :
2892 4232 2984 4287 sed
3007 4273 3022 4296 ,
3055 4233 3116 4288 Si
3145 4233 3218 4287 vis
3255 4237 3504 4305 perfectus
3537 4252 3663 4302 esse,

2079 4323 2225 4387 vade,
2243 4333 2290 4376 et
2334 4323 2490 4376 vende
2525 4339 2636 4394 quia
2671 4323 2822 4378 habes
2861 4323 3087 4393 (Matth.
3113 4323 3200 4379 19.
3224 4324 3346 4394 21).
3391 4327 3446 4380 In
3477 4336 3566 4382 tua
3595 4328 3664 4383 sit

2082 4415 2354 4469 voluntate
2378 4414 2562 4479 situm,
2585 4414 2834 4470 dominus
2858 4423 2973 4470 esto
2996 4416 3204 4471 consilii
3234 4417 3308 4472 tui
3334 4433 3347 4470 :
3376 4432 3481 4472 non
3508 4432 3663 4489 cogo,

2080 4520 2190 4559 non
2231 4519 2393 4574 gravo
2416 4545 2432 4573 ,
2479 4505 2572 4560 sed
2613 4506 3002 4560 custodientem
3043 4507 3255 4576 quidem
3285 4522 3486 4563 corono
3508 4548 3524 4575 ,
3557 4525 3665 4565 non

2081 4597 2464 4652 custodientem
2487 4605 2665 4652 autem
2687 4612 2792 4651 non
2819 4598 3002 4667 punio.
3034 4598 3166 4653 Nam
3191 4613 3254 4653 ea
3279 4615 3399 4671 quae
3423 4615 3489 4655 ex
3516 4616 3668 4656 mane

2082 4688 2239 4755 dato,
2268 4703 2453 4758 quteve
2477 4705 2544 4744 ex
2580 4689 2760 4745 debito
2793 4690 2922 4744 fiunt
2945 4731 2958 4754 ,
2991 4694 3266 4759 premium
3292 4693 3399 4763 jam
3431 4709 3536 4749 non
3563 4695 3667 4750 tale

2081 4789 2480 4849 consequuntur
2511 4798 2526 4836 :
2552 4797 2672 4851 qua:
2699 4797 2765 4838 ex
2786 4783 3060 4838 voluntate
3089 4793 3144 4839 et
3169 4786 3460 4855 proposito,
3488 4786 3669 4857 splen-

2081 4870 2235 4925 didas
2262 4886 2489 4927 coronas
2535 4873 2850 4943 suscipiunt.
2898 4875 3070 4943 Atque
3101 4874 3288 4929 horum
3329 4875 3550 4930 Paulum
3581 4878 3667 4932 in-
3744 4892 3746 4895 '

2082 4962 2274 5017 ducam
2305 4972 2494 5018 testem
2529 4980 2543 5017 :
2572 4963 2635 5019 Si
2657 4965 3079 5036 euangelizavero,
3109 4965 3296 5033 inquit,
3320 4983 3419 5020 non
3445 4976 3520 5020 est
3545 4970 3669 5025 mihi

2083 5054 2338 5124 gloriatio.
2383 5053 2603 5122 Quare?
2639 5054 2928 5108 Necessitas
2957 5056 3088 5108 enim
3129 5055 3251 5108 mihi
3293 5056 3531 5128 imposita
3573 5069 3666 5115 est.

2094 5143 2183 5198 γω
2205 5153 2371 5198 autem
2397 5145 2522 5198 mihi
2547 5153 2646 5209 est,
2675 5145 2772 5199 nisi
2800 5146 3201 5215 esangelizauero
3226 5147 3302 5217 (1.
3324 5148 3445 5203 Cor.
3469 5149 3526 5205 9.
3555 5151 3666 5221 16).

2083 5235 2271 5290 Cernis
2296 5236 2346 5290 in
2375 5234 2578 5304 legibus
2603 5235 2747 5290 httnc
2765 5235 2980 5306 quidem
3009 5237 3380 5294 observantem
3407 5254 3511 5294 non
3533 5242 3669 5295 mul-

2085 5334 2196 5381 tum
2218 5325 2417 5380 habere
2443 5326 2645 5395 prtemii
2670 5344 2684 5379 :
2709 5327 3002 5382 necessitas
3023 5328 3166 5383 enim
3193 5339 3310 5396 est;
3343 5345 3463 5384 eum
3490 5341 3665 5387 autem

2085 5419 2175 5488 qui
2208 5435 2314 5474 non
2358 5419 2641 5485 observat,
2672 5435 2821 5475 reum
2859 5436 2981 5476 esse
3025 5422 3286 5492 supplicio
3313 5431 3368 5478 et
3391 5423 3620 5478 vindicta
3650 5441 3665 5478 :

2094 5507 2184 5564 Vm
2207 5509 2339 5563 enim
2365 5519 2437 5562 est
2465 5510 2589 5562 mihi
2616 5511 2713 5563 nisi
2742 5512 3164 5580 euangelizavero.
3201 5513 3254 5565 In
3283 5513 3490 5567 caeteris
3515 5528 3664 5579 vero,

2086 5615 2204 5669 qua:
2229 5616 2294 5655 ex
2323 5602 2593 5668 preposito
2613 5643 2628 5667 ,
2671 5618 2776 5656 non
2806 5604 2883 5656 sic
2901 5642 2917 5666 ,
2957 5602 3050 5656 sed
3091 5602 3260 5671 quid?
3299 5602 3426 5668 Qua:
3453 5615 3524 5658 est
3549 5622 3668 5677 ergo

2086 5707 2272 5745 merces
2310 5708 2420 5746 mea
2441 5691 2468 5745 .9
2515 5691 2582 5745 Ut
2624 5694 2933 5763 evangelium
2963 5694 3244 5762 pra'dicans
3267 5736 3283 5761 ,
3323 5697 3432 5750 sine
3468 5711 3668 5768 sumptu

2093 5799 2275 5850 ponam
2306 5784 2612 5854 evangelium
2646 5783 2775 5851 Dei,
2824 5793 3004 5838 utnon
3051 5784 3230 5838 abutar
3277 5797 3517 5851 potestate
3559 5807 3667 5844 mea

3222 5884 3301 5946 20
