4100 6440
456 356 562 410 319

459 474 534 543 (t.
559 468 676 523 Cor.
698 467 755 524 9.
781 466 906 535 18).
927 465 1002 521 lbi
1032 465 1117 520 lex
1140 474 1277 530 erat,
1302 472 1582 534 propterea
1607 461 1870 518 mercedis
1898 456 2037 513 mul-

458 573 570 616 tum
619 576 726 616 non
775 559 959 612 habuit
997 575 1010 612 :
1053 557 1139 611 hic
1179 557 1531 626 pr0positum,
1575 568 1741 625 quare
1782 550 2043 606 mercedis

459 655 684 709 multum
721 651 922 706 habuit.

531 746 585 798 4.
619 743 724 797 Lex
750 741 847 794 Dei
877 751 1039 810 potest
1079 740 1287 795 servari.
1314 769 1386 780 —
1414 739 1538 792 llaec
1565 753 1595 792 a
1624 752 1708 792 me
1735 736 1910 790 omnia
1940 749 2044 788 non

461 839 514 892 in
555 851 777 891 vacuum
823 834 962 888 dicta
1009 842 1156 897 sunt,
1205 832 1299 887 sed
1345 831 1538 886 divinae
1587 830 1718 898 legis
1760 828 1949 898 gratia,
1993 835 2048 880 nt

461 926 739 982 ostendam
768 941 982 996 gravem
1011 942 1114 978 11011
1143 939 1282 989 esse,
1311 938 1418 976 non
1460 937 1579 976 esse
1605 935 1908 984 onerosam,
1942 935 2049 973 non

464 1020 783 1075 laboriosam
805 1059 819 1083 ,
864 1032 1036 1086 neque
1075 1015 1477 1084 impossibilem.
1509 1014 1622 1082 Age
1650 1027 1774 1065 vero
1819 1027 1884 1065 ex
1921 1009 2050 1078 ipsis

463 1111 659 1168 Christi
686 1110 865 1165 verbis
910 1108 1012 1162 hoc
1055 1109 1226 1176 ipsum
1254 1105 1700 1160 demonstremus.
1751 1101 1850 1169 Qui
1877 1100 2052 1154 viderit

466 1200 727 1254 mulierem
765 1199 833 1251 ad
871 1197 1327 1266 concupiscendum
1355 1211 1497 1258 eam,
1529 1194 1644 1263 jam
1679 1193 1953 1246 moechatus
1981 1199 2054 1243 est

466 1310 578 1348 eam
619 1293 674 1346 in
713 1292 862 1346 corde
903 1308 996 1345 suo
1041 1289 1260 1359 (Matth.
1284 1290 1340 1343 5.
1361 1287 1493 1357 28).
1537 1287 1677 1340 Vidit
1719 1285 1874 1340 simul
1918 1294 1972 1339 et
2001 1283 2053 1338 id

467 1386 642 1453 ipsum
668 1382 916 1438 Christus
939 1423 953 1446 ,
985 1382 1183 1436 multos
1226 1379 1355 1449 legis
1382 1378 1748 1434 difﬁcultatem
1778 1384 2056 1430 accusatu-

469 1491 558 1531 ros
584 1494 597 1529 :
631 1484 951 1545 quapropter
967 1489 1095 1528 eam
1123 1472 1261 1528 haud
1289 1471 1518 1533 nudam,
1561 1484 1736 1539 neque
1759 1469 2053 1538 simplicem

471 1564 708 1628 induxit,
741 1580 915 1634 neque
953 1565 1118 1617 solam
1153 1582 1166 1617 :
1206 1563 1299 1617 sed
1323 1562 1559 1631 antiqua:
1586 1561 1718 1630 legis
1745 1559 2055 1614 memoriam

472 1656 707 1720 reduxit,
730 1671 759 1708 a
781 1654 1176 1724 comparatione
1198 1653 1504 1708 facilitatem
1531 1652 1673 1707 illius
1696 1660 1854 1720 atque
1881 1651 2060 1703 buma-

473 1746 694 1800 nitatem
721 1761 870 1800 suam
917 1745 1166 1799 ostendit.
1217 1745 1496 1811 Quomodo
1523 1751 1736 1810 autem,
1779 1741 2055 1797 attendite.

471 1835 588 1890 Non
620 1838 760 1892 enim
801 1836 1113 1906 simpliciter
1153 1836 1316 1898 dixit,
1350 1836 1450 1902 Qui
1489 1835 1668 1888 uiderit
1707 1833 1966 1887 mulierem
1992 1833 2060 1886 ad

473 1927 929 1994 concupiscendum
959 1943 1070 1979 eam
1089 1968 1103 1991 ,
1139 1927 1255 1996 jam
1282 1927 1555 1980 mite/tatus
1583 1934 1656 1978 est
1692 1941 1802 1978 eam
1830 1926 1883 1978 in
1909 1928 2060 1978 corde

472 2036 565 2074 suo
593 2019 702 2091 (hic
726 2019 1011 2089 diligenter
1037 2017 1314 2090 attendite)
1341 2035 1356 2084 ;
1385 2017 1479 2072 sed
1506 2017 1651 2086 prius
1675 2017 1906 2086 antiqua:
1931 2015 2061 2085 legis

473 2111 852 2174 reminiscitur,
880 2111 1062 2165 dicens
1087 2126 1100 2161 :
1125 2110 1351 2163 Audistis
1375 2111 1493 2178 quia
1518 2109 1707 2161 dictant
1725 2117 1796 2161 est
1820 2107 2058 2178 antiquis,

475 2199 599 2254 Non
625 2201 950 2255 maecliaberis
979 2199 1172 2272 (Exod.
1189 2201 1279 2254 20.
1305 2200 1429 2271 id);
1456 2216 1546 2271 ego
1571 2210 1738 2252 autem
1754 2199 1868 2252 dico
1896 2199 2059 2251 vobis:

477 2293 655 2347 Omnis
684 2294 782 2364 qui
832 2294 1005 2347 viderit
1039 2294 1298 2346 mulierem
1339 2295 1405 2345 ml
1448 2291 1901 2362 concupiscendum
1925 2306 2059 2356 eam,

469 2385 581 2453 iam
607 2385 879 2438 moechatus
907 2393 980 2438 est
1002 2400 1119 2438 eam
1153 2384 1217 2438 ~in
1258 2384 1408 2437 corde
1454 2400 1546 2437 suo
1572 2382 1795 2453 (Matth.
1838 2381 1891 2434 5.
1932 2379 2060 2450 28).

473 2474 668 2531 Vidisti
695 2478 937 2546 geminas
955 2477 1130 2546 leges,
1164 2487 1396 2531 veterem
1434 2485 1491 2531 et
1515 2491 1727 2541 novam,
1763 2489 1924 2544 quam
1964 2489 2062 2543 po-

473 2569 584 2623 suit
623 2567 831 2635 Moses,
871 2579 926 2623 et
970 2584 1130 2638 quam
1177 2572 1288 2637 ipse
1331 2567 1668 2622 introduxit?
1713 2569 1822 2622 imo
1847 2581 1974 2620 vero
2012 2573 2067 2618 et

475 2660 618 2714 illam
649 2662 862 2731 posuit;
905 2663 1106 2716 etenim
1148 2676 1242 2730 per
1270 2661 1472 2716 Moscm
1517 2662 1630 2730 ipse
1672 2660 1922 2729 loquutus
1961 2667 2062 2713 est.

482 2754 632 2809 Unde
658 2770 786 2809 vero
814 2755 1154 2824 perspicuum
1178 2764 1260 2808 est
1287 2769 1406 2808 eam
1445 2755 1512 2808 ab
1553 2754 1670 2822 ipso
1718 2753 1881 2808 fuisse
1927 2752 2069 2821 posi-

476 2846 638 2900 tam?
685 2846 802 2900 Non
845 2862 912 2901 ex
958 2845 1199 2908 Joanne,
1246 2855 1341 2900 aut
1393 2845 1758 2913 apostolorum
1788 2857 2066 2912 quoquam

479 2938 843 2992 testimonium
875 2937 1148 3006 usurpabo
1176 2955 1188 2990 :
1223 2952 1344 2991 nam
1375 2951 1497 2990 cum
1522 2935 1721 2990 Judaeis
1751 2935 1890 2989 mihi
1926 2949 2067 2988 nunc

476 3030 807 3084 concertatio
827 3038 912 3082 est
937 3045 952 3094 ;
983 3028 1077 3082 sed
1107 3043 1137 3082 a
1170 3027 1440 3097 prophetis
1464 3027 1656 3097 quibus
1684 3025 1929 3080 videntur
1948 3039 2068 3080 cre-

476 3122 604 3176 dere
635 3140 648 3175 :
677 3121 746 3175 ab
785 3121 913 3190 ipsis
937 3120 1218 3175 ostendam
1244 3129 1301 3175 et
1324 3120 1570 3175 Veterem
1597 3129 1651 3175 et
1673 3117 1874 3174 Novam
1904 3132 2066 3172 unum

477 3214 674 3268 habere
715 3214 1096 3284 lcgislatorem.
1141 3213 1277 3280 Quid
1326 3213 1488 3283 igitur
1541 3211 1800 3268 Jeremias
1856 3211 2068 3280 inquit?

477 3306 760 3377 Disponam
805 3305 942 3360 vobis
983 3315 1330 3361 testamentum
1377 3321 1559 3358 nouum
1608 3303 1764 3375 (Jer.
1805 3305 1893 3358 51.
1932 3303 2064 3371 51).

484 3397 644 3454 Vides
669 3405 723 3452 et
749 3397 870 3451 novi
899 3411 1094 3451 nomen
1123 3397 1177 3449 in
1200 3395 1362 3451 veteri
1386 3396 1410 3448 ?
1441 3395 1587 3448 vides
1611 3407 1665 3448 et
1699 3396 1864 3464 ipsam
1886 3393 2068 3462 appel-

478 3488 732 3542 lationem
777 3496 854 3541 tot
897 3499 1024 3541 ante
1070 3488 1224 3540 annis
1265 3485 1569 3540 ell'ulsisse?
1611 3484 1892 3552 Disponam
1930 3485 2068 3538 vobis

481 3587 829 3634 testamentum
857 3595 1061 3631 norum.
1092 3577 1198 3632 Sed
1225 3577 1367 3632 unde
1387 3575 1630 3630 videmus
1655 3574 1798 3644 quod
1835 3585 1891 3631 et
1914 3583 2068 3630 vetus

481 3671 596 3740 ipse
620 3670 871 3724 dederit?
899 3669 1030 3724 Cum
1057 3669 1297 3733 dixisset,
1333 3667 1614 3738 Disponam
1642 3667 1777 3720 vobis
1801 3675 2068 3720 testamen—

481 3778 587 3818 tum
633 3781 854 3826 novum,
903 3764 1135 3834 adjecit,
1189 3762 1308 3817 Non
1345 3765 1498 3833 juxta
1545 3771 1893 3816 testamentum
1933 3762 2066 3830 quod

478 3855 707 3924 disposui
734 3854 960 3924 patribus
1005 3855 1178 3908 uestris
1211 3851 1380 3923 (Ibid.
1407 3870 1456 3908 υ.
1479 3853 1592 3923 52).
1636 3853 1748 3917 Ita;
1798 3851 1892 3907 sed
1934 3867 2066 3905 non‘

478 3948 604 4000 dum
646 3963 756 4000 rem
800 3945 1175 4002 ostendimus:
1205 3955 1416 4015 oportet
1455 3946 1597 4000 enim
1640 3946 1886 4000 universa
1924 3944 2067 4013 ejus-

483 4036 620 4090 modi
655 4035 972 4107 rel'ragantia
998 4036 1266 4091 adducere
1294 4037 1345 4090 in
1372 4036 1604 4090 medium
1626 4078 1640 4101 ,
1682 4034 2065 4106 manifestaque

479 4129 690 4196 facere,
722 4146 826 4199 quo
865 4144 1044 4184 sermo
1069 4130 1298 4200 undique
1340 4144 1502 4198 purus
1542 4129 1696 4184 nobis
1721 4130 1809 4190 sit,
1838 4129 2067 4182 nullam-

477 4235 581 4288 que
639 4219 1035 4289 impudentibus
1095 4220 1455 4289 relinquamus
1517 4234 1720 4273 ansam.
1780 4217 2066 4288 Disponam

479 4310 612 4365 uobis
629 4321 990 4365 testamentum
1017 4326 1198 4364 novum
1218 4313 1394 4379 ,juxta
1423 4319 1768 4365 testamentum
1795 4309 1928 4380 quod
1955 4310 2065 4363 dis-

479 4405 623 4475 posui
683 4405 907 4474 patribus
951 4405 1145 4458 vestris.
1203 4403 1474 4473 Disposuit
1517 4411 1891 4458 testamentum
1931 4401 2062 4467 Noe,

478 4513 602 4552 cum
634 4496 888 4550 diluvium
921 4494 1048 4560 fuit,
1081 4495 1265 4550 volens
1294 4510 1392 4548 nos
1419 4511 1448 4546 a
1479 4495 1667 4548 timore
1708 4494 1965 4559 liberare,
1999 4509 2068 4548 ne

481 4589 738 4642 diluvium
785 4589 1120 4658 cogitantes,
1171 4598 1224 4642 et
1270 4587 1496 4641 imbrem
1545 4587 1757 4650 assidue
1803 4586 2062 4651 videntes,

479 4695 768 4735 commune
811 4679 942 4734 illud
985 4680 1207 4732 exitium
1240 4679 1565 4733 timeremus
1608 4695 1620 4731 :
1667 4685 1946 4747 propterea
1991 4677 2072 4730 in-

480 4773 596 4842 quit
623 4790 637 4825 :
671 4771 948 4841 Disponam
979 4780 1327 4823 testamentum
1373 4778 1566 4832 tecum,
1610 4779 1801 4822 etcum
1837 4769 2070 4822 universa

480 4879 634 4916 carne
663 4861 826 4934 (Gen.
852 4861 906 4916 9.
931 4861 1025 4930 9).
1055 4861 1251 4915 lterum
1289 4859 1357 4915 ad
1385 4859 1653 4914 Abraham
1692 4867 2069 4914 testamentum

479 4953 903 5008 circumcisionis
948 4952 1212 5023 disposuit
1243 4969 1256 5007 :
1284 4951 1547 5022 disposuit
1591 4961 1646 5006 et
1691 4959 2069 5005 testamentum

483 5061 578 5116 per
607 5045 831 5112 Mosam,
859 5046 1106 5100 omnibus
1135 5054 1343 5102 notum.
1387 5045 1529 5099 Dixit
1552 5043 1810 5098 Jeremias
1838 5060 1852 5098 :
1881 5041 2070 5114 Dispo-

482 5155 601 5192 nam
629 5135 767 5192 nobis
812 5147 1159 5192 testamentum
1199 5153 1419 5203 novum,
1465 5153 1567 5190 non
1611 5135 1886 5189 secundum
1916 5144 2070 5188 testa-

481 5240 707 5286 mentum
754 5230 892 5301 quod
935 5231 1164 5298 disposui
1211 5231 1438 5300 patribus
1484 5228 1680 5284 vestris.
1725 5228 1838 5295 Dic,
1878 5228 2071 5299 quibus

485 5324 766 5394 patribus?
810 5338 932 5378 nam
962 5331 1016 5378 et
1045 5323 1158 5378 Noe
1184 5332 1335 5392 pater
1361 5321 1489 5388 fuit,
1533 5332 1587 5375 et
1613 5321 1881 5376 Abraham
1922 5330 2072 5390 pater

484 5417 586 5472 iuit
613 5434 629 5472 :
660 5415 976 5487 quibusnam
1008 5415 1166 5486 igitur
1193 5413 1471 5484 patribus?
1499 5415 1695 5470 etenim
1723 5426 2071 5483 personarum

484 5506 920 5562 indetcrminatio
966 5507 1330 5560 confusionem
1395 5505 1549 5574 parit.
1614 5504 1708 5558 llic
1769 5503 2070 5559 advertite:

489 5598 610 5653 Non
629 5603 783 5670 juxta
809 5608 1156 5653 testamentum
1192 5597 1327 5667 quod
1355 5598 1580 5668 disposui
1611 5597 1836 5666 patribus
1873 5599 2071 5652 vestris.

491 5693 567 5744 Ne
596 5692 752 5759 igitur
776 5693 985 5748 diceres
1013 5691 1139 5745 illud
1183 5690 1297 5744 Noe
1337 5690 1664 5758 temporibus
1695 5691 1898 5756 datum,
1941 5705 2074 5744 neve

495 5781 819 5850 temporibus
844 5782 1112 5838 Abraham
1144 5781 1326 5838 datum
1353 5781 1711 5853 intelligeres,
1748 5781 1914 5852 ipsius
1943 5791 2074 5837 tem-

1180 353 1236 407 S.
1277 347 1556 407 JOANNIS
1594 341 2072 405 CHRYSOSTOMI
2111 341 2429 398 ARClllEl‘.
2468 343 3000 404 CONSTANTINOP.

3624 356 3729 412 τμὶῦ

2153 456 2300 526 peris
2345 465 2784 514 testamentorum
2826 461 3110 516 meminit:
3143 477 3262 518 cum
3303 463 3446 519 enim
3490 465 3729 532 dixiSsct,

2151 545 2435 616 Disponam
2460 549 2595 602 vobis
2625 558 2971 605 testamentum
2998 570 3179 607 novum
3198 595 3212 618 ,
3258 572 3358 609 non
3391 557 3544 626 juxta
3584 569 3736 612 testa-

2154 649 2376 692 mentum
2419 642 2554 708 quod
2593 642 2821 707 disposui
2866 645 3090 712 patribus
3127 647 3338 712 vestris,
3383 649 3654 718 subjunxit
3678 660 3736 706 et

2156 735 2365 796 tempus
2383 771 2398 793 ,
2431 727 2496 783 In
2523 731 2607 785 die
2628 749 2729 800 qua
2751 734 2889 787 tenui
2930 751 3136 789 manum
3159 753 3331 790 eorum
3351 780 3364 801 ,
3396 749 3451 792 ut
3479 740 3738 795 educerem

2154 837 2240 874 eos
2278 822 2339 875 de
2384 831 2517 876 terra
2543 823 2783 895 Egypti.
2835 826 2992 882 Vides
3033 837 3282 898 quantam
3310 833 3738 900 perspicuitatem

2156 911 2392 966 attulerit
2438 915 2696 983 temporis
2735 916 3152 972 determinatio?
3196 919 3312 974 Jam
3360 937 3463 976 non
3512 924 3740 992 amplius

2157 1018 2226 1057 nc
2249 1003 2467 1058 Judazus
2504 1007 2716 1074 quidem
2747 1011 3064 1065 contradicit
3092 1029 3106 1066 :
3139 1013 3418 1068 recordare
3458 1017 3738 1084 temporis,

2158 1104 2212 1149 et
2252 1095 2639 1165 legislationem
2665 1100 2845 1169 accipe
2873 1117 2887 1154 :
2925 1099 2990 1154 In
3018 1103 3098 1157 die
3126 1120 3225 1172 qua
3262 1106 3394 1158 tenui
3424 1123 3628 1160 manum
3650 1123 3742 1160 eo-

2158 1204 2288 1240 rum.
2341 1189 2446 1241 Cur
2485 1199 2662 1244 autem
2715 1193 2874 1245 etiam
2924 1193 3138 1247 modum
3189 1195 3318 1250 dicit
3356 1197 3569 1251 exitus?
3615 1197 3746 1253 Cum

2160 1281 2427 1333 tenuissent
2453 1298 2659 1336 manum
2683 1301 2856 1338 eorum
2875 1327 2892 1352 ,
2925 1296 2980 1340 ut
3017 1288 3274 1342 educerem
3295 1306 3380 1343 eos
3405 1307 3466 1344 ea:
3487 1291 3746 1362 AEgypto.

2163 1367 2278 1436 Quo
2308 1382 2584 1439 patermnn
2611 1375 2919 1431 ostenderet
2944 1393 3206 1446 amorem,
3245 1396 3352 1434 non
3377 1383 3528 1451 quasi
3559 1399 3746 1438 servos

2164 1464 2363 1529 eduxit,
2411 1465 2504 1520 sed
2533 1467 2694 1522 veluti
2742 1470 3019 1538 parvulum
3064 1471 3229 1526 lilium
3273 1489 3430 1528 manu
3475 1476 3747 1544 accipiens

2164 1566 2333 1624 pater,
2366 1557 2444 1612 sic
2471 1558 2715 1615 liberavit
2743 1579 2756 1614 :
2785 1577 2891 1615 non
2922 1573 3039 1632 post
3067 1572 3270 1635 tergum
3297 1567 3448 1636 sequi
3477 1568 3748 1622 mandavit

2163 1647 2312 1714 quasi
2356 1661 2592 1714 servum,
2635 1650 2731 1704 sed
2758 1652 2917 1706 veluti
2951 1653 3116 1708 ﬁlium
3155 1655 3383 1710 nobilem
3424 1667 3478 1711 et
3519 1657 3745 1712 liberum

2164 1759 2324 1798 manu
2353 1753 2560 1804 tenens,
2593 1745 2672 1799 sic
2695 1744 2897 1799 eduxit.
2928 1745 3116 1802 Vidisti
3145 1758 3582 1803 testamentorum
3612 1751 3750 1805 duo-

2163 1854 2282 1893 rum
2309 1838 2664 1909 legislatorem
2695 1840 2952 1893 unicum?
2979 1841 3239 1906 Quoniam
3277 1842 3434 1908 igitur
3455 1845 3750 1900 certamine

2167 1929 2378 1984 liberati
2405 1945 2611 1996 summ,
2634 1939 2690 1986 et
2714 1947 2778 1985 ex
2807 1945 2945 1984 novo
2972 1932 3023 1986 id
3054 1933 3144 1986 tibi
3172 1934 3472 1998 ostendam,
3503 1943 3558 1988 ut
3587 1945 3752 1992 testa-

2169 2035 2469 2078 mentorum
2499 2025 2904 2078 consonantiam
2940 2039 3149 2079 noscas.
3184 2025 3369 2081 Vidisti
3415 2028 3750 2096 prophetiam

2165 2132 2284 2185 qua:
2309 2131 2374 2169 ex
2403 2116 2580 2170 verbis
2606 2117 2724 2170 est?
2751 2116 2896 2170 disce
2923 2117 3005 2170 vel
3031 2132 3146 2170 eam
3172 2132 3291 2185 qua:
3315 2119 3494 2187 ﬁguris
3515 2129 3749 2182 constat,

2167 2211 2410 2281 quamvis
2440 2211 2491 2265 id
2521 2212 2690 2280 ipsum
2720 2210 2842 2265 ideo
2875 2212 3210 2281 perspicuum
3237 2227 3340 2264 non
3368 2213 3466 2273 sit,
3497 2213 3752 2282 quidnam

2169 2305 2235 2358 sit
2264 2302 2541 2374 prordietia
2577 2318 2678 2372 per
2705 2304 2948 2372 ﬁguram,
2972 2303 3170 2372 quidve
3201 2303 3470 2371 prophetia
3513 2319 3606 2373 per
3639 2319 3757 2357 ser-

2169 2409 2382 2448 monem
2411 2410 2426 2446 :
2459 2394 2640 2461 paucis
2669 2407 2797 2462 ergo
2835 2393 3060 2461 idipsum
3097 2393 3432 2447 manifestum
3475 2394 3754 2448 faciemus.

2172 2486 2452 2553 Prophctia
2485 2501 2579 2555 per
2609 2485 2827 2553 ﬁguram
2857 2495 2939 2538 est
2963 2501 3025 2538 ea
3050 2500 3167 2553 qua:
3193 2500 3292 2554 per
3326 2501 3413 2538 res
3441 2485 3550 2538 ﬁeri
3579 2486 3754 2549 solet;

2126 2597 2133 2614 ··
2169 2578 2334 2632 altera
2357 2592 2485 2630 vero
2511 2586 2624 2640 est,
2653 2591 2772 2644 qua:
2797 2591 2896 2645 per
2922 2575 3080 2628 verba
3114 2576 3171 2629 ﬁt
3202 2593 3214 2629 :
3249 2592 3370 2629 nam
3398 2576 3751 2644 prudentiori-

2171 2667 2272 2722 bus
2311 2667 2616 2738 quibusque
2657 2667 2836 2720 verbis
2880 2667 3163 2735 persuasit,
3211 2667 3453 2722 rudtores
3493 2683 3619 2722 vero
3663 2683 3758 2736 per

2171 2775 2349 2814 rerum
2378 2759 2636 2815 visionem
2665 2759 2975 2813 cohortatus
3002 2768 3102 2813 est.
3145 2759 3404 2826 Quoaiam
3443 2760 3582 2814 enim
3614 2759 3759 2815 l'utu-

2170 2868 2290 2907 rum
2331 2862 2443 2906 erat
2482 2867 2594 2906 rem
2640 2867 2883 2922 magnam
2933 2853 2984 2905 in
3029 2853 3200 2905 lucem
3241 2853 3486 2922 prodire,
3526 2863 3581 2907 et
3613 2853 3760 2908 Deus

2170 2959 2387 2998 carnem
2429 2953 2774 3012 suscepturus
2812 2953 2968 2998 erat:
3004 2943 3428 3014 quandoquidem
3468 2954 3607 2999 terra
3650 2961 3760 3000 cze-

2171 3035 2280 3089 lum
2309 3035 2326 3066 ¹
2357 3035 2471 3089 ﬁeri
2498 3033 2748 3098 debebat,
2792 3043 3079 3102 nostraque
3106 3043 3294 3088 natura
3337 3035 3402 3088 ad
3442 3038 3758 3104 angelorum

2172 3126 2502 3183 nobilitatem
2543 3127 2835 3180 ascendere
2866 3141 2878 3183 :
2909 3125 3029 3194 quia
3077 3140 3224 3194 spem
3270 3126 3437 3196 ipsam
3487 3129 3760 3195 superavit

2171 3227 2226 3273 et
2271 3219 2722 3286 exspectationem
2773 3231 2950 3270 sermo
2999 3216 3294 3270 futurorum
3343 3218 3646 3279 bonorum,
3694 3235 3759 3273 ne

2172 3325 2365 3364 novum
2391 3319 2446 3364 et
2469 3309 2761 3363 inauditum
2785 3308 2932 3373 illud,
2953 3321 3169 3376 repente
3189 3324 3527 3377 comparens,
3542 3311 3759 3364 audien-

2171 3409 2252 3454 tes
2280 3399 2628 3468 videntesque
2661 3398 2916 3460 turbaret,
2948 3399 3192 3466 ﬁguravit
3219 3398 3345 3450 olim
3374 3415 3466 3466 per
3491 3415 3600 3463 res,
3631 3415 3757 3466 per-

2169 3505 2271 3560 que
2293 3490 2451 3544 verba
2484 3498 2726 3543 nostrum
2763 3487 3125 3544 assuefaeiens
3149 3499 3202 3543 et
3223 3490 3460 3544 auditum
3482 3499 3537 3546 et
3557 3491 3755 3556 visum,

2168 3581 2418 3650 quodque
2457 3581 2509 3634 in
2545 3580 2717 3634 lucem
2762 3579 3096 3649 proditurum
3135 3588 3252 3634 erat
3289 3596 3610 3650 praeparans.
3640 3581 3758 3637 Hoc

2167 3684 2346 3730 autem
2377 3683 2493 3729 erat
2521 3671 2662 3743 quod
2689 3673 2942 3737 diximus,
2986 3671 3114 3742 quid
3150 3674 3220 3726 sit
3258 3689 3352 3742 per
3379 3673 3598 3744 ﬁguram
3626 3690 3754 3743 pro-

2169 3765 2379 3836 phetia,
2407 3774 2462 3821 et
2506 3765 2631 3835 quid
2660 3765 2729 3820 sit
2760 3781 2853 3833 per
2889 3781 3191 3820 sermonem
3236 3765 3506 3834 prophetia
3540 3784 3554 3818 :
3585 3768 3754 3822 altera

2167 3856 2381 3927 quidem
2425 3871 2631 3922 rerum,
2672 3858 2837 3909 altera
2878 3871 3205 3910 sermonum.
3242 3857 3419 3910 Dicam
3452 3858 3541 3912 tibi
3575 3874 3754 3912 rerum

2169 3947 2504 4018 prophetiam
2545 3958 2598 4001 et
2627 3948 2911 4002 verborum
2951 3949 3091 4002 circa
3135 3962 3247 4002 rem
3291 3948 3578 4003 eamdem?
3607 3949 3756 4004 Sicut

2168 4040 2273 4091 ovis
2302 4038 2370 4090 ad
2413 4038 2708 4091 occisionem
2755 4039 2932 4091 ductus
2976 4049 3083 4104 est,
3129 4051 3174 4092 et
3223 4043 3352 4093 sicut
3396 4057 3555 4110 agnus
3581 4058 3755 4093 corum

2168 4131 2401 4182 tondente
2439 4145 2493 4182 se
2523 4126 2671 4198 (Isai.
2701 4130 2791 4184 53.
2823 4130 2898 4199 7).
2950 4128 3075 4182 Haec
3114 4139 3194 4184 est
3240 4147 3335 4199 per
3379 4133 3596 4185 verbum
3632 4149 3757 4201 pro-

2168 4225 2368 4296 phetia.
2401 4224 2532 4280 Cum
2560 4224 2702 4279 enim
2729 4225 2996 4278 Abraham
3029 4225 3145 4279 tulit
3173 4223 3336 4287 Isaac,
3381 4236 3504 4282 tunc
3529 4228 3752 4282 arietem

2169 4318 2356 4373 videns
2421 4317 2715 4370 haerentem
2778 4315 3070 4378 cornibus,
3121 4315 3188 4370 ad
3237 4316 3552 4370 sacrificium
3604 4319 3757 4372 duxit

2169 4427 2368 4482 opere,
2401 4411 2567 4466 veluti
2609 4425 2704 4478 per
2731 4410 2948 4479 ﬁguram
2979 4409 3313 4478 proclamans
3352 4410 3505 4464 nobis
3548 4411 3752 4464 saluta-

2169 4519 2286 4560 rem
2327 4502 2650 4573 passionem.

2243 4596 2296 4651 5.
2315 4594 2462 4649 Unus
2483 4594 2741 4664 legislator
2761 4592 3019 4656 utriusque
3041 4594 3318 4646 testamenti
3325 4622 3413 4643 .—
3431 4593 3581 4658 Quod
3597 4594 3754 4663 igitur

2173 4688 2304 4754 dixi,
2332 4687 2414 4741 vis
2441 4687 2533 4739 tibi
2553 4685 2658 4739 duo
2682 4683 2793 4737 lucc
2807 4693 3120 4737 testamenta
3144 4699 3240 4752 per
3259 4699 3418 4752 opera
3437 4685 3754 4738 ostendam?

2173 4776 2632 4843 Quemadmodum
2661 4775 2834 4829 vidisti
2861 4791 3014 4828 ovem
3042 4774 3095 4827 in
3129 4775 3310 4839 verbo,
3339 4775 3484 4830 disce
3513 4784 3567 4828 et
3593 4775 3644 4828 in
3675 4792 3750 4828 re.

2173 4870 2336 4924 Dicite
2361 4869 2512 4933 mihi,
2545 4868 2629 4938 qui
2659 4866 2749 4920 sub
2774 4867 2880 4936 lege
2902 4866 3055 4920 vultis
3081 4883 3185 4920 esse
3213 4865 3353 4938 (Gal.
3377 4867 3430 4920 4.
3465 4866 3582 4935 21).
3617 4865 3755 4918 Bene

2172 4963 2340 5028 dixit,
2363 4962 2530 5025 uultis,
2562 4975 2666 5014 non
2691 4958 2833 5013 enim
2879 4968 3032 5012 erant
3077 4959 3176 5011 sub
3204 4958 3320 5027 lege
3350 4975 3362 5010 :
3393 4958 3436 5010 si
3464 4959 3604 5010 enim
3632 4958 3757 5010 luis—

2175 5067 2294 5110 sent
2319 5055 2419 5110 sub
2441 5054 2578 5123 lege,
2604 5068 2708 5107 non
2738 5051 2964 5106 fuissent
2985 5050 3084 5105 sub
3101 5051 3234 5120 lege.
3257 5049 3506 5104 Fortasse
3531 5051 3753 5119 arnigma

2176 5159 2258 5206 est
2283 5149 2424 5220 quod
2452 5147 2644 5201 dicitur
2669 5163 2685 5200 :
2715 5161 2837 5200 nam
2862 5145 2949 5200 lex
2976 5143 3247 5199 auditores
3275 5142 3487 5198 Christo
3511 5153 3756 5196 transuit.

2176 5243 2247 5296 sit
2277 5257 2288 5293 :
2322 5241 2412 5311 qui
2451 5239 2762 5309 magistrum
2793 5247 3124 5307 aspernatur,
3179 5235 3388 5304 ignorat
3421 5244 3475 5287 et
3515 5233 3753 5302 paedago-

2176 5349 2320 5404 gum.
2349 5332 2547 5398 Quare,
2576 5331 2776 5401 inquit,
2807 5327 2969 5382 Dicite
3015 5326 3172 5394 mihi,
3202 5327 3289 5396 qui
3327 5327 3419 5380 sub
3461 5326 3570 5396 lege
3609 5323 3754 5380 vultis

2176 5443 2302 5493 esse,
2332 5427 2489 5496 legem
2513 5440 2614 5478 non
2642 5422 2857 5476 audistis
2879 5421 2907 5475 .9
2932 5419 3168 5490 quoniam
3195 5418 3453 5472 Abraham
3478 5419 3605 5471 duos
3628 5415 3754 5485 ﬁlios

2180 5519 2383 5584 habuit,
2412 5533 2569 5571 unum
2596 5514 2658 5568 de
2701 5514 2906 5576 ancilla,
2935 5511 3150 5564 alterum
3179 5509 3242 5563 de
3279 5508 3432 5563 libera
3462 5525 3480 5571 ;
3506 5523 3620 5576 qua
3645 5514 3755 5559 sunt

2179 5627 2268 5682 per
2291 5607 2585 5680 allegoriam
2615 5606 2747 5659 dicta
2777 5602 2937 5676 (Ibid.
2964 5619 3012 5656 υ.
3043 5601 3134 5655 22.
3164 5600 3274 5668 25).
3309 5597 3494 5654 Vidisti
3524 5613 3621 5668 per
3647 5610 3754 5650 rent

2245 5728 2262 5756 ⁸
2297 5724 2370 5772 sic
2393 5719 2613 5783 plerique
2639 5718 2757 5783 editi
2782 5725 2831 5783 et
2871 5719 2976 5779 ipse
2998 5711 3405 5783 Montefaleonius.
3432 5721 3480 5783 In
3500 5707 3751 5764 recentiori

2185 5776 2404 5838 editione
2420 5776 2674 5836 rarisiensi
2696 5776 2903 5845 legitur,
2916 5785 3049 5830 terra
3068 5785 3114 5829 et
3136 5776 3308 5828 uelum
3336 5791 3354 5827 :
3377 5779 3520 5828 male.
