4100 6426
335 380 436 438 319

335 492 825 565 καταχρήσασθαι
861 487 934 557 τῇ
955 486 1209 554 ἐξουσίᾳ
1226 502 1367 556 μου.
1411 483 1560 536 Ἐκεῖ
1599 479 1762 550 νόμος
1789 471 1878 547 ἦν,
1906 472 1996 565 διὰ

335 584 490 638 τοῦτο
516 581 706 653 μισθὸν
737 580 838 632 οὐκ
861 574 974 648 εἶχε
1006 575 1170 630 πολύν
1188 590 1199 604 ·
1229 573 1389 628 τοῦτο
1413 573 1470 626 δὲ
1494 568 1866 642 προαιρέσεως
1902 557 1994 633 ἦν,

333 669 414 726 διδ
431 669 602 722 πολὺν
630 666 754 738 ἔσχε
782 665 873 718 τὸν
901 661 1111 734 μισθόν.

407 808 474 863 δ’.
507 805 696 860 Ταῦτά
719 822 809 877 μοι
831 804 1007 858 πάντα
1030 803 1129 874 οὐχ
1154 800 1338 865 ἁπλῶς
1367 800 1603 871 εἴρηται,
1627 792 1761 849 άλλά
1795 789 1998 877 διᾷ-τὸν

338 889 496 963 νόμον
525 890 616 943 τὸν
659 874 821 955 θεῖον,
873 887 961 941 ῖνα
990 887 1148 952 δείξω
1188 887 1289 938 οὐκ
1334 883 1462 937 ὄντα
1497 881 1689 952 βαρὺν,
1728 877 1828 929 οὐκ
1868 874 1999 963 ὄντα

333 960 625 1051 φορτικὸν,
669 976 771 1030 οὐκ
814 975 944 1028 ὄντα
973 974 1228 1027 ἐπίπονον
1270 971 1390 1024 οὐδὲ
1433 968 1714 1022 ἀδύνατον.
1750 963 1886 1033 Φέρε
1932 960 1995 1029 δὴ

337 1066 430 1119 καὶ
456 1066 553 1118 ἀπ’
591 1063 769 1117 αὐτῶν
799 1062 907 1116 τῶν
952 1061 1046 1114 τοῦ
1081 1059 1318 1131 Χριστοῦ
1364 1056 1623 1129 ῥημάτων
1663 1051 1794 1106 αὐτὸ
1838 1047 1997 1102 τοῦτο

334 1150 569 1222 φανερὸν
603 1151 951 1221 ποιήσωμεν·
1005 1147 1059 1199 '0
1093 1145 1399 1216 ἐμϐλέψας
1450 1140 1707 1214 γυναῖκα
1744 1137 1893 1206 πρὸς
1931 1136 1996 1189 τὸ

332 1237 701 1307 ἐπιθυμῆσαι
748 1236 967 1305 αὐτῆς,
1012 1235 1127 1303 ἤδη
1172 1233 1530 1303 ἐμοίχευσεν
1573 1227 1769 1296 αὐτὴν
1811 1227 1881 1280 ἐν
1920 1224 1997 1293 τῇ

331 1325 549 1394 καρδίᾳ
575 1323 782 1378 αὐτοῦ.
821 1321 1033 1376 Συνεῖδε
1063 1322 1156 1374 καὶ
1192 1322 1220 1373 6
1263 1318 1497 1390 Χριστὸς
1524 1316 1656 1370 αὐτὸ
1704 1315 1883 1379 τοῦτο,
1916 1314 1996 1366 ὅτι

335 1411 591 1483 μέλλουσι
625 1411 813 1464 πολλοὶ
837 1408 933 1465 τοῦ
970 1409 1138 1480 νόμου
1179 1407 1506 1477 κατηγορεῖν
1534 1403 1634 1473 τὴν
1673 1400 1957 1454 δυσκολίαν
1977 1414 1991 1428 ο

328 1499 420 1554 διὰ
440 1498 599 1553 τοῦτο
627 1499 789 1553 αὐτὸν
819 1499 880 1551 οὐ
906 1496 1112 1567 γυμνὸν
1138 1490 1477 1566 εἰσήνεγκεν,
1512 1490 1635 1544 οὐδὲ
1663 1488 1840 1559 ψιλὸν,
1876 1487 1997 1541 οὐδὲ

330 1587 456 1642 καθ’
483 1586 698 1650 ἑαυτὸν,
730 1584 868 1640 ἀλλά
882 1585 977 1678 κριῖ
993 1583 1087 1638 τοῦ
1112 1581 1343 1637 παλαιοῦ
1374 1579 1781 1650 ἀναμιμνήσκει
1804 1576 1994 1674 νόμου,

328 1676 439 1731 ἀπὸ
463 1676 561 1746 τῆς
590 1662 935 1746 συγκρίσεως
980 1673 1076 1727 καὶ
1119 1671 1217 1742 τὴν
1263 1669 1514 1723 εὐκολίαν
1551 1669 1646 1721 καὶ
1687 1666 1784 1737 τὴν
1825 1662 1992 1718 αὐτοῦ

327 1763 740 1835 φιλανθρωπίαν
766 1759 1196 1831 ἐνδεικνύμενος.
1238 1759 1358 1821 Πῶς
1387 1757 1463 1821 δὲ,
1517 1753 1835 1825 προσέχετε.
1882 1753 1998 1806 Οὐκ

325 1849 451 1907 εἶπε
480 1853 589 1923 γὰρ
620 1851 830 1915 ἁπλῶς,
878 1851 942 1903 '0
963 1848 1272 1918 ἐμϐλέψας
1302 1846 1560 1917 γυναῖκα
1590 1844 1741 1912 πρὸς
1769 1841 1837 1896 τὸ
1871 1842 1999 1895 ἐπι-

324 1940 593 2009 θυμῆσαι
624 1937 834 2005 αὐτῆς,
862 1937 979 2005 ἤδη
1002 1936 1360 2005 ἐμοίχευσεν
1382 1932 1578 2000 αὐτὴν
1594 1932 1665 1985 έν
1686 1930 1762 2000 τῇ
1785 1929 1999 1999 καρδίᾳ

323 2025 513 2080 αὐτοῦ
563 2024 844 2096 (ἐνταῦθα
899 2024 1196 2095 προσέχετε
1247 2020 1386 2093 μετά
1424 2019 1708 2091 ἀκριϐείας
1743 2020 1760 2088 )
1790 2034 1804 2048 ·
1860 2016 1998 2071 ἀλλά

324 2116 592 2185 πρότερον
630 2114 905 2183 ἀνέμνησε
953 2112 1047 2165 τοῦ
1089 2111 1320 2167 παλαιοῦ
1374 2109 1540 2180 νόμου
1587 2107 1731 2162 οὕτω
1783 2105 1992 2174 λέγων·

338 2204 662 2260 Ἠκούσατε
692 2203 782 2256 ὅτι
811 2202 1021 2270 ἐρῤέθη
1046 2201 1171 2265 τοῖς
1193 2200 1483 2268 ἀρχαίοις,
1515 2200 1597 2251 Οὐ
1624 2197 1993 2267 μοιχεύσεις-ο

323 2290 444 2360 ἐγὼ
460 2290 530 2344 δὲ
549 2292 706 2359 λέγω
730 2290 888 2359 ὑμῖν,
919 2287 1039 2354 πᾶς
1067 2291 1100 2341 ό
1122 2286 1428 2356 ἐμϐλέψας
1454 2285 1709 2355 γυναῖκα
1745 2284 1894 2352 πρὸς
1929 2283 1996 2337 τὸ

323 2377 692 2447 ἐπιθυμῆσαι
739 2375 951 2444 αὐτῆς,
1007 2376 1123 2444 ἤδη
1162 2375 1522 2444 ἐμοίχευσεν
1567 2372 1763 2440 αὐτὴν
1810 2373 1880 2426 έν
1921 2371 1999 2442 τῇ

325 2464 545 2535 καρδίᾳ
593 2464 800 2518 αὐτοῦ.
847 2461 1001 2527 Εἶδες
1044 2463 1171 2526 τοὺς
1216 2461 1310 2516 δύο
1347 2462 1573 2533 νόμους,
1625 2462 1717 2514 τὸν
1770 2461 1998 2515 παλαιὸν

325 2552 543 2605 καὶτὸν
575 2551 783 2611 καινὸν,
818 2551 878 2605 δν
924 2550 1089 2620 ἔθηκε
1130 2548 1391 2620 Μωῦσῆς,
1433 2549 1526 2602 καὶ
1560 2548 1618 2601 δν
1658 2550 1869 2618 εἰσάγει
1902 2549 2002 2603 αύ-

325 2638 456 2703 τόςς
497 2637 699 2708 μᾶλλον
733 2637 792 2691 δὲ
839 2637 932 2690 καὶ
974 2637 1164 2690 τοῦτον
1198 2636 1363 2699 αὐτὸς
1397 2635 1595 2707 ἔθηκε*
1631 2636 1727 2690 καὶ
1773 2636 1878 2707 γὰρ
1912 2635 2000 2690 διά

325 2725 610 2785 Μωῦσέως
635 2723 798 2786 αὐτὸς
828 2722 1078 2794 ἐλάλησε.
1121 2724 1227 2776 Καὶ
1261 2721 1423 2776 πόθεν
1446 2722 1605 2795 δῆλον
1632 2724 1713 2776 ὅτι.
1748 2723 2000 2775 κάκεῖνον

329 2812 495 2876 αὐτὸς
540 2810 768 2882 έθηκενς
814 2813 929 2864 Οὐκ
956 2811 1065 2864 ἀπὸ
1097 2811 1369 2873 Ἰωάννου,
1402 2812 1523 2864 οὐδὲ
1563 2812 1672 2865 ἀπὸ
1713 2812 1822 2864 τῶν
1864 2812 2003 2864 ἀπο-

329 2900 534 2954 στόλων
562 2899 663 2969 τὴν
701 2899 1006 2972 μαρτυρίαν
1030 2898 1369 2970 παρέξομαι·
1406 2900 1542 2971 πρὸς
1563 2899 1673 2970 γὰρ
1710 2897 2001 2962 Ἰουδαίους

335 3003 429 3058 μοι
477 2986 575 3040 νῦν
612 2989 641 3039 6
675 2987 825 3054 ἀγών
844 3002 858 3017 ·
904 2985 1022 3038 ἀλλ’
1054 2986 1164 3038 ἀπὸ
1188 2985 1297 3038 τῶν
1328 2986 1626 3056 προφητῶν
1653 2980 1736 3050 οἷς
1783 2986 2001 3040 δοκοῦσι

290 3081 304 3092 '
331 3075 637 3139 πιστεύειν,
685 3074 779 3127 ἀπ’
811 3072 990 3127 αὐτῶν
1024 3070 1312 3140 ἀποδείξω,
1365 3074 1449 3126 ὅτι
1503 3073 1598 3126 καὶ
1648 3073 1862 3127 Παλαιά
1909 3075 2004 3129 καὶ

331 3161 513 3232 Καινὴ
556 3161 855 3233 νομοθέτην
895 3161 991 3215 ἕνα
1024 3160 1161 3232 ἔχει.
1205 3160 1271 3213 Τί
1305 3155 1399 3215 οὖν
1431 3163 1460 3215 6
1506 3160 1777 3233 Ἱερεμίας
1825 3162 1999 3232 φησίς

330 3251 699 3319 Διαθήσομαι
752 3249 894 3319 ὑμῖν
937 3249 1235 3318 διαθήκην
1281 3248 1518 3315 καινήν.
1572 3246 1727 3314 Εἶδες
1780 3250 2003 3321 καὶτῆς

335 3337 548 3406 Καινῆς
586 3337 646 3390 τὸ
671 3337 842 3407 δνομα
871 3338 929 3389 ὲν
953 3339 1019 3408 τῇ
1055 3337 1297 3407 Παλαιᾷς
1326 3332 1466 3400 εἶδες
1501 3337 1596 3390 καὶ
1614 3336 1712 3407 τὴν
1731 3354 2005 3408 προσηγο-

340 3425 464 3496 ρίαν
493 3424 600 3494 πρδ
631 3423 907 3477 τοσούτων
923 3424 1336 3494 διαλάμπουσαν
1371 3425 1614 3497 χρόνωνς
1643 3425 2006 3494 Διαθήσομαι

333 3511 481 3581 ὑμῖν
504 3511 799 3580 διαθήκην
822 3512 1061 3578 καινήν.
1106 3511 1267 3565 Ἀλλά
1303 3513 1467 3565 πόθεν
1496 3513 1655 3583 δῆλον
1683 3514 1765 3567 ὅτι
1794 3514 1889 3567 καὶ
1909 3514 2008 3585 τὴν

338 3599 584 3655 Παλαιὰν
628 3601 792 3662 αὐτὸς
837 3599 1074 3663 ἐδωκενς
1123 3599 1330 3665 Εἰπὼν,
1363 3602 1447 3654 ὅτι
1476 3600 1838 3670 Διαθήσομαι
1866 3601 2010 3671 ὑμῖν

338 3686 637 3755 διαθήκην
673 3687 912 3755 καινὴν,
936 3688 1241 3757 ἐπήγαγεν,
1267 3690 1350 3741 Οὐ
1371 3688 1522 3741 κατὰ
1567 3688 1679 3757 τὴν
1710 3688 2010 3757 διαθήκην

340 3774 423 3843 ἦν
449 3775 727 3845 διεθέμην
757 3774 881 3842 τοῖς
905 3774 1204 3843 πατράσιν
1231 3774 1416 3844 ὑμῶν.
1457 3776 1566 3828 Ναί
1582 3791 1597 3805 ·
1633 3775 1748 3828 ἀλλ’
1775 3774 1929 3830 οὔπω
1949 3775 2010 3828 τὸ

341 3866 575 3934 πρᾶγμα
609 3864 972 3934 ἀπεδείξαμεν
994 3879 1009 3894 ο
1041 3863 1122 3917 δεῖ
1144 3863 1252 3935 7&9
1282 3864 1499 3917 ἅπαντα
1525 3864 1595 3917 τά
1622 3863 2010 3935 ἀντικρούοντα

340 3954 684 4021 παραγαγεῖν
716 3952 796 4014 είς
844 3951 1008 4019 μέσον
1041 3952 1137 4005 καὶ
1181 3950 1318 4021 δῆλα
1347 3953 1544 4014 ποιεῖν,
1581 3953 1667 4005 ἵνα
1694 3950 1957 4006 πάντοθεν
1981 3952 2011 4005 6

339 4040 501 4109 λόγος
537 4043 669 4112 ἡμῖν
701 4040 1122 4113 ἐκκαθαίρηται,
1153 4042 1248 4097 καὶ
1276 4042 1410 4115 μηδὲ
1436 4045 1549 4107 τοῖς
1592 4042 2011 4113 ἀναισχυντοῦσι

342 4129 740 4199 καταλείπηται
791 4130 1085 4202 πρόφασις.
1148 4130 1515 4198 Διαθήσομαι
1537 4130 1679 4199 ὑμῖν
1715 4130 2013 4199 διαθήκην

343 4217 595 4287 καινὴν,
644 4220 718 4272 οὐ
764 4216 912 4271 κατά
944 4216 1062 4285 τὴν
1103 4217 1398 4287 διαθήκην
1443 4218 1523 4287 ἣν
1570 4219 1850 4290 διεθέμην
1887 4220 2013 4287 τοῖς

342 4303 644 4374 πατράσιν
663 4302 849 4373 ὑμῶν.
879 4303 1095 4357 Διέθετο
1124 4303 1389 4377 διαθήκην
1412 4305 1564 4379 [525]
1589 4307 1726 4379 πρὸς
1745 4307 1836 4362 τὸν
1862 4306 2010 4371 Νῶε,

341 4393 508 4457 ἡνίκα
528 4394 558 4445 6
596 4390 979 4462 κατακλυσμὸς
1009 4391 1246 4460 ἐγένετο,
1306 4392 1628 4466 βουλόμενος
1661 4396 1809 4466 ἡμᾶς
1837 4394 2013 4450 ἀπαλ-

342 4478 506 4546 λάξαι
555 4479 665 4534 τῶν
690 4480 893 4547 φόϐων,
932 4482 1019 4534 ἵνα
1065 4481 1139 4552 μὴ
1179 4480 1243 4552 δὴ
1281 4482 1668 4554 κατακλυσμὸν
1698 4482 2010 4554 βλέποντες,

343 4569 440 4622 καὶ
473 4569 675 4643 ὄμϐρον
704 4573 939 4645 ὁρῶντες
971 4573 1088 4639 ἀεὶ,
1124 4573 1218 4626 καὶ
1257 4571 1358 4644 τὴν
1395 4570 1774 4642 πανωλεθρίαν
1797 4571 2014 4640 ἐκείνην

341 4657 735 4730 προσδοκῶμεν
792 4660 1047 4715 ἔσεσθαι·
1099 4660 1190 4714 διά
1226 4659 1409 4723 τοῦτο,
1461 4658 1619 4729 φησὶ,
1647 4658 2015 4727 Διαθήσομαι

342 4745 643 4816 διαθήκην
664 4749 818 4818 μετὰ
841 4749 980 4812 σοῦ,
1002 4748 1103 4803 καί
1127 4749 1277 4819 μετὰ
1302 4748 1507 4815 πάσης
1529 4749 1777 4816 σαρκός.
1795 4747 2016 4801 Διέθετο

345 4835 510 4889 πάλιν
548 4835 685 4906 πρὸς
714 4835 806 4889 τὸν
850 4835 1100 4907 Ἀϐραάμ
1120 4836 1389 4907 διαθήκην
1420 4836 1520 4908 τὴν
1545 4836 1644 4906 τῆς
1672 4836 1978 4907 περιτομῆς
1996 4852 2010 4867 ·

346 4923 552 4976 διέθετο
572 4922 837 4995 διαθήκην
868 4923 957 4976 διὰ
978 4923 1257 4987 Μωῦσέως
1287 4924 1387 4993 τὴν
1409 4923 1505 4978 καὶ
1540 4925 1675 4977 πᾶσι
1715 4923 2013 4995 γνώριμον.

349 5007 518 5065 Εἶπεν
542 5012 570 5064 6
599 5010 865 5082 Ἱερεμίας
879 5029 890 5040 ·
911 5010 1274 5081 Διαθήσομαι
1301 5012 1444 5081 ὑμῖν
1460 5011 1756 5078 διαθήκην
1774 5010 2014 5078 καινὴν,

348 5103 422 5157 οὐ
466 5103 618 5157 κατά
658 5103 775 5169 τὴν
813 5101 1108 5169 διαθήκην
1137 5098 1220 5168 ἣν
1245 5099 1526 5170 διεθέμην
1557 5101 1677 5167 τοῖς
1719 5099 2019 5168 πατράσιν

348 5187 537 5258 ὑμῶν.
568 5190 728 5254 Είπὲ,
762 5193 934 5253 ποίοις
960 5189 1199 5259 πατράσι
1231 5205 1246 5255 ;
1290 5190 1385 5241 καὶ
1416 5188 1527 5259 7&9
1584 5191 1616 5243 6
1674 5189 1798 5243 Νῶε
1837 5189 2018 5258 πατὴρ

351 5274 440 5352 ἦν,
469 5276 563 5330 καὶ
586 5276 615 5328 6
639 5275 890 5350 Ἀϐραὰμ
918 5274 1099 5347 πατὴρ
1123 5272 1191 5347 ἦν
1207 5293 1222 5306 ·
1247 5276 1423 5340 ποίοις
1441 5271 1536 5329 οὖν
1566 5275 1715 5343 λέγει
1739 5277 1978 5346 πατράσι
2000 5293 2015 5341 ;

351 5364 416 5416 τὸ
446 5363 557 5434 γὰρ
582 5362 885 5434 ἀδιόριστον
931 5364 1026 5418 τοῦ
1061 5362 1354 5436 προσώπου
1388 5362 1650 5434 σύγχυσιν
1695 5366 1859 5417 ποιεῖ.
1898 5364 2017 5418 Ἐν-

352 5450 528 5506 ταῦθα
559 5452 852 5523 προσέχετε
873 5468 890 5483 ·
914 5454 996 5507 Οὐ
1017 5451 1169 5506 κατὰ
1187 5450 1303 5520 τὴν
1326 5450 1625 5519 διαθήκην
1638 5449 1719 5518 ἢν
1741 5450 2020 5521 διεθέμην

353 5539 481 5606 τοῖς
508 5538 809 5609 πατράσιν
836 5538 1019 5608 ὑμῶν.
1064 5540 1184 5593 Ἵνα
1205 5538 1316 5611 7&9
1364 5539 1439 5611 μὴ
1489 5537 1655 5613 λέγῃς
1681 5539 1763 5593 ὃτι
1790 5538 1890 5611 τήν
1928 5542 2021 5596 ἐπὶ

357 5626 484 5681 Νῶε
520 5627 689 5696 λέγει,
737 5627 824 5680 ἵνα
876 5627 951 5700 μὴ
987 5627 1154 5702 λέγῃς
1208 5628 1290 5682 ὅτι
1336 5628 1438 5700 τὴν
1484 5628 1576 5681 ἐπὶ
1614 5627 1709 5682 τοῦ
1769 5628 2021 5700 Ἀϐραάμ

360 5713 534 5785 λέγει,
567 5714 729 5771 αὐτοῦ
754 5714 848 5769 τοῦ
880 5715 1078 5786 χρόνου
1109 5715 1299 5770 λοιπὸν
1322 5715 1433 5770 τῶν
1468 5714 1745 5786 διαθηκῶν
1777 5717 2023 5789 ὲμνημόυ

357 5820 547 5861 νευσεν
582 5804 787 5870 οὕτως’
827 5803 998 5862 εἰπὼν
1021 5804 1149 5879 7&9,
1180 5806 1265 5861 ὅτι
1307 5803 1676 5875 Διαθήσομαι
1705 5802 1849 5874 ὑμῖν
1892 5804 2020 5859 δια-

1566 364 1654 419 DE
1693 354 2161 417 PCENITENTIA.
2209 352 2441 411 IIOMIL.
2486 354 2568 408 Ἠ.

3660 337 3762 391 520

2100 470 2315 539 θήκην,
2345 473 2418 525 οὺ
2455 468 2607 526 κατὰ
2632 467 2748 536 τὴν
2767 465 3060 534 διαθήκην
3088 459 3167 529 ἣν
3196 458 3473 528 διεθέμην
3506 451 3627 519 τοῖς
3654 467 3763 504 παρ

2099 558 2312 627 τράσιν
2340 558 2525 627 ὑμῶν,
2558 558 2809 628 ἐπήγαγε
2858 553 2950 608 καὶ
2999 552 3089 604 τὸν
3140 547 3366 620 χρόνον·
3415 545 3518 597 Ἐν
3572 541 3762 610 ἡμέρα

2099 643 2535 713 ἐπιλαϐομένου
2562 661 2681 713 μου
2709 640 2820 710 τῆς
2862 638 3060 710 χειρὸς
3095 634 3294 691 αὐτῶν
3317 628 3632 701 ἐξαγαγεῖν
3657 628 3762 680 αὑ-

2097 730 2241 797 τοὺς
2264 731 2333 785 ἐκ
2362 730 2478 800 γῆς
2503 731 2823 800 Αἰγύπτου.
2854 725 3005 791 Εἶδες
3057 727 3086 778 6
3134 721 3229 776 τοῦ
3262 717 3456 791 καιροῦ
3484 714 3762 787 διορισμὸς

2099 820 2273 890 πόσην
2292 820 2516 890 ἐποίησε
2547 819 2647 890 τὴν
2678 818 3005 889 σαφήνειαν;
3036 811 3232 866 Οὐκέτι
3251 807 3436 863 λοιπὸν
3462 804 3587 859 οὐδὲ
3626 803 3760 856 Ἰου-

2099 889 2245 969 δαῖος
2274 889 2574 974 ἀντιλέγει·
2606 889 2982 975 ἀναμνήσθητι
3009 900 3104 955 τοῦ
3135 898 3353 971 χρόνον,
3389 895 3484 950 καὶ
3503 891 3638 949 λάϐε
3660 889 3760 960 τὴν

2099 993 2420 1064 νομοθεσίαν
2439 1011 2453 1024 ·
2501 995 2604 1048 Ἐν
2633 993 2821 1063 ἡμέρᾳ
2850 987 3282 1058 ἐπιλαϐομένου
3293 1002 3412 1055 μου
3435 981 3543 1051 τῆς
3563 977 3761 1048 χειρὸς

2097 1080 2317 1135 αὐτῶν.
2364 1082 2465 1136 Διά
2506 1081 2559 1135 τί
2603 1081 2661 1135 δὲ
2711 1082 2805 1135 καὶ
2852 1080 2943 1133 τὸν
2970 1077 3177 1153 τρόπον
3212 1074 3362 1142 λέγει
3392 1071 3493 1141 τῆς
3531 1065 3758 1132 ὲξόδου;
3867 1125 3876 1151 ι

2109 1169 2576 1232 Ἐπιλαϐοιιένου
2592 1187 2712 1239 μου
2735 1168 2845 1237 τῆς
2879 1166 3077 1237 χειρὸς
3100 1162 3296 1218 αὐτῶν
3316 1157 3630 1230 ἐξαγαγεῖν
3654 1156 3760 1208 αὐ-

2094 1260 2235 1326 τοὺς
2258 1260 2326 1313 ἐκ
2360 1260 2475 1329 γῆς
2503 1261 2827 1330 Αἰγύπτου.
2860 1257 2978 1312 ’Ὶνα
3007 1253 3278 1324 πατρικὴν
3301 1250 3449 1321 δείξῃ
3479 1246 3762 1317 φιλοστορ-

2096 1349 2244 1417 γίαν,
2275 1350 2374 1420 ούχ
2404 1349 2479 1413 ὡς
2510 1348 2731 1411 δούλους
2771 1346 3060 1418 ἐξήγαγεν,
3092 1343 3204 1398 ἀλλ’
3235 1343 3309 1408 ὡς
3340 1338 3549 1396 παιδίον
3580 1332 3761 1390 λαϐὼν

2096 1437 2298 1509 πατὴρ,
2323 1436 2494 1502 οὕτως
2522 1436 2854 1508 ἀπήλλαξεν,
2880 1437 2980 1490 οὐκ
3006 1432 3228 1488 ὄπισθεν
3260 1430 3498 1501 βαδίζειν
3526 1423 3763 1479 κελεύων

2095 1524 2287 1596 ὥσπερ
2304 1525 2545 1597 οἰκέτην,
2584 1526 2700 1579 ἀλλ’
2723 1525 2798 1588 ὡς
2832 1523 2947 1577 υἱὸν
2977 1521 3171 1592 εὐγενῆ
3198 1520 3294 1574 καὶ
3331 1516 3636 1587 ἐλεύθερον,
3664 1513 3762 1583 τῆς

2095 1614 2275 1679 δεξιᾶς
2298 1613 2618 1685 λαϐόμενος,
2657 1612 2835 1676 οὔτως
2862 1612 3153 1683 ἐξήγαγεν.
3191 1604 3346 1673 Εἶδες
3371 1606 3464 1661 δύο
3488 1603 3762 1669 διαθηκῶν

2095 1700 2192 1755 ἕνα
2241 1700 2567 1771 νομοθέτην;
2617 1700 2831 1754 Οὐκοῦν
2887 1700 3073 1753 λοιπὸν
3124 1698 3312 1768 ἐπειδὴ
3366 1695 3473 1750 τῶν
3536 1690 3763 1762 ἀγώνων

2096 1788 2520 1858 ἀπηλλάγημεν,
2543 1788 2639 1842 καὶ
2671 1788 2781 1841 ἀπὸ
2797 1788 2898 1858 τῆς
2922 1786 3134 1856 Καινῆς
3161 1785 3320 1849 δείξω
3343 1800 3425 1837 σοι
3462 1781 3639 1844 τοῦτο,
3675 1779 3765 1832 ἴνα

2096 1877 2245 1948 εἰδῇς
2291 1877 2390 1947 τὴν
2427 1876 2748 1947 συμφωνίαν
2775 1875 2884 1928 τῶν
2919 1872 3217 1944 διαθηκῶν.
3246 1868 3399 1935 Εἶδες
3423 1870 3522 1940 τὴν
3548 1884 3764 1938 προφη-

2095 1967 2247 2019 τείαν
2270 1964 2358 2018 διά
2381 1964 2491 2018 τῶν
2522 1964 2813 2036 ρημάτων;
2845 1961 2985 2033 μάθε
3027 1960 3124 2033 τὴν
3158 1957 3495 2031 προφητείαν
3536 1957 3631 2010 καὶ
3676 1951 3767 2009 διὰ

2096 2050 2205 2105 τῶν
2244 2050 2448 2113 τύπων,
2497 2052 2546 2103 εἰ
2576 2050 2670 2103 καὶ
2712 2048 2800 2103 διά
2830 2060 2855 2088 ι
2880 2045 3040 2102 τοῦτο
3078 2045 3242 2100 πάλιν
3270 2044 3480 2112 ἀσαφές
3506 2044 3677 2105 ἐστιν,
3712 2039 3765 2093 τί

2097 2138 2228 2191 ποτέ
2255 2139 2370 2190 ἐστι
2405 2136 2497 2191 διὰ
2536 2135 2708 2190 τύπου
2742 2134 3072 2206 προφητεία,
3104 2133 3200 2187 καὶ
3253 2132 3307 2186 τί
3359 2129 3490 2186 ποτέ
3518 2130 3636 2181 ἐστι
3676 2128 3766 2181 διὰ

2095 2225 2254 2294 λόγου
2290 2224 2627 2296 προφητεία’
2677 2223 2873 2277 οὐκοῦν
2900 2224 2955 2275 ἐν
2990 2220 3182 2293 βραχεί
3210 2220 3306 2274 καὶ
3350 2218 3508 2272 τοῦτο
3557 2217 3767 2287 ποιήσω

2100 2313 2289 2382 σαφές.
2337 2313 2403 2365 Ἢ
2428 2311 2735 2382 προφητεία
2756 2310 2898 2381 ήδιά
2917 2309 3013 2363 τοῦ
3044 2308 3217 2362 τύπου
3252 2309 3287 2378 ἠ
3308 2307 3397 2361 διά
3421 2304 3766 2376 πραγμάτων

2099 2400 2215 2452 ἐστὶ
2242 2398 2569 2470 προφητεία,
2596 2398 2628 2467 ή
2662 2397 2720 2449 δὲ
2750 2396 2884 2466 ἀλλη
2916 2393 3227 2468 προφητεία
3249 2395 3283 2464 ή
3329 2391 3419 2446 διά
3444 2391 3553 2445 τῶν
3587 2390 3768 2461 ῥημά-

2096 2503 2207 2539 των
2234 2486 2350 2539 ὲστὶ
2384 2483 2723 2555 προφητεία·
2774 2484 2902 2546 τοὺς
2952 2483 3050 2552 μὲν
3091 2480 3200 2552 7&9
3233 2478 3638 2548 συνετωτέρους
3675 2477 3765 2530 διὰ

2097 2573 2207 2627 τῶν
2229 2573 2403 2641 λόγων
2431 2572 2638 2635 ἔπειθε,
2664 2572 2791 2635 τοὺς
2817 2570 2875 2624 δὲ
2902 2568 3391 2641 ἀναισθητοτέρους
3426 2566 3523 2621 καὶ
3546 2565 3634 2619 διά
3668 2566 3769 2635 τῆς

2099 2661 2208 2715 τῶν
2268 2662 2612 2733 πραγμάτων
2665 2659 2841 2728 ὅψεως
2912 2657 3300 2729 ὲπληροφόρει.
3336 2726 3347 2733 Α
3378 2653 3598 2724 Ἐπειδὴ
3659 2651 3769 2722 7&9

2102 2726 2335 2821 πρᾶγμά
2364 2726 2590 2821 ἔμελλεν
2619 2726 2952 2818 ὲκϐήσεσθαι
2995 2726 3160 2816 μέγα,
3197 2726 3297 2799 καὶ
3330 2726 3377 2797 ’ό
3410 2742 3542 2806 Θεὸς
3591 2742 3772 2811 σάρκα

2100 2837 2325 2909 ἔμελλεν
2368 2837 2809 2908 ἀναλαμϐάνειν·
2848 2833 3035 2905 ἐπειδὴ
3075 2837 3109 2904 ἡ
3162 2833 3232 2903 γῆ
3277 2831 3505 2902 οὐρανὸς
3546 2828 3772 2901 ἔμελλεν

2103 2925 2345 2990 ἔσεσθαι,
2396 2925 2489 2980 καὶ
2522 2926 2554 2995 ή
2583 2924 2830 2996 ἡμετέρα
2882 2921 3044 2992 φύσις
3079 2922 3214 2992 πρὸς
3251 2920 3348 2990 τὴν
3379 2918 3488 2974 τῶν
3527 2916 3774 2986 ἀγγέλων

2103 3014 2381 3084 εὐγένειαν
2413 3013 2746 3082 ἀνάγεσθαι*
2797 3011 2985 3082 ἐπειδὴ
3043 3009 3402 3079 ὑπερέϐαινεν
3453 3006 3645 3061 ἐλπίδα
3679 3005 3778 3058 καὶ

2104 3101 2429 3174 προσδοκίαν
2454 3103 2482 3154 6
2505 3101 2662 3170 λόγος
2700 3100 2807 3153 τῶν
2832 3097 3131 3170 μελλόντων
3170 3095 3502 3167 ὲκϐήσεσθαι
3530 3093 3773 3164 ἀγαθῶν,

2107 3194 2196 3247 ἵνα
2223 3192 2297 3264 μὴ
2328 3191 2389 3245 τὸ
2417 3190 2599 3244 καινὸν
2630 3187 2725 3241 καὶ
2745 3184 3045 3258 παράδοξον
3075 3182 3139 3237 ἀθ
3150 3183 3287 3254 ρόως
3304 3182 3470 3253 φανὲν
3501 3181 3775 3252 θορυϐήσῃ

2107 3281 2235 3344 τοὺς
2262 3280 2382 3333 τότε
2414 3276 2677 3350 ὁρῶντας,
2705 3276 2802 3329 καὶ
2826 3272 3144 3335 ἀκούοντας,
3176 3268 3384 3324 ἄνωθεν
3422 3267 3777 3340 προετύπωσε

2109 3368 2138 3407 δ
2175 3367 2264 3421 διά
2294 3367 2634 3439 πραγμάτων
2672 3365 2767 3418 καὶ
2809 3362 2898 3416 διά
2936 3362 3211 3435 ῥημάτων
3248 3358 3444 3423 ἐθίζων
3486 3356 3647 3429 ἡμῶν
3678 3355 3779 3426 τὴν

2108 3456 2277 3528 ἀκοὴν
2312 3456 2407 3510 καὶ
2444 3456 2542 3525 τὴν
2575 3453 2720 3523 ὄψιν,
2750 3453 2845 3506 καὶ¹
2874 3450 2934 3504 τὸ
2986 3449 3177 3522 μέλλον
3222 3444 3551 3520 ὲκϐήσεσθαι
3601 3461 3783 3514 παρα-

2112 3545 2412 3608 σκευάζων.
2453 3541 2624 3596 Τοῦτο
2654 3541 2712 3594 δὲ
2742 3536 2810 3611 ἦν
2861 3540 2997 3610 ὅπερ
3026 3538 3288 3608 ἐλέγομεν
3309 3576 3323 3600 ,
3358 3535 3411 3588 τί
3447 3536 3594 3588 ἐστιν
3627 3534 3660 3605 ή
3692 3533 3782 3586 διὰ

2108 3633 2281 3685 τύπου
2314 3632 2642 3704 προφητεία,
2676 3629 2770 3683 καὶ
2804 3630 2857 3682 τί
2886 3631 3033 3682 ἐστιν
3065 3628 3098 3698 ἡ
3127 3627 3215 3680 διὰ
3242 3625 3403 3694 λόγου
3439 3621 3778 3694 προφητείαο

2110 3722 2143 3792 ἡ
2184 3722 2282 3791 μὲν
2313 3721 2401 3773 διὰ
2436 3720 2799 3792 πραγμάτων,
2828 3720 2861 3789 ή
2889 3717 2946 3770 δὲ
2968 3717 3058 3770 διὰ
3089 3715 3371 3786 ῥημάτων.
3401 3712 3556 3766 Εῐπω
3590 3727 3670 3763 σοι
3696 3710 3785 3762 διὰ

2112 3808 2441 3879 πράγματος
2471 3806 2810 3878 προφητείαν
2829 3805 2921 3857 καὶ
2950 3803 3039 3857 διά
3064 3804 3309 3873 ῥήματος
3338 3800 3419 3862 εἰς
3449 3798 3644 3862 αύτόν;
3686 3797 3784 3862 Ὠς

2112 3898 2411 3966 πρόϐατον
2439 3895 2538 3948 ἐπὶ
2571 3893 2821 3963 σφαγὴν
2853 3892 3033 3961 ἤχθη,
3068 3889 3166 3943 καὶ
3200 3886 3488 3956 ὠςάμνὸς
3506 3884 3788 3939 ἐναντίον

2112 3985 2219 4039 τοῦ
2261 3984 2412 4057 [524]
2446 3984 2754 4053 κείροντος
2787 3983 2992 4037 αὐτόν.
3025 3977 3197 4032 Τοῦτο
3224 3976 3315 4030 διὰ
3350 3977 3596 4047 ῥήματος
3646 3992 3785 4045 προ-

2115 4072 2335 4143 φητεία.
2378 4071 2508 4124 Ὅτε
2551 4069 2662 4140 γάρ
2695 4070 2789 4123 τὸν
2842 4067 3032 4121 Ἰσαὰκ
3075 4066 3376 4136 ἀνήνεγκεν
3420 4065 3449 4116 6
3497 4062 3782 4132 ’Δϐραάμ,

2112 4160 2235 4213 τότε
2274 4158 2550 4229 πρόϐατον
2591 4155 2713 4211 ἰδὼν
2747 4156 3169 4228 ἐκκρεμάμενον
3222 4154 3287 4205 ὲκ
3340 4150 3451 4205 τῶν
3511 4150 3782 4220 κεράτων,

2115 4247 2255 4317 πρὸς
2308 4245 2408 4317 τὴν
2465 4244 2657 4299 θυσίαν
2711 4244 2917 4314 ἤγαγεν
2974 4242 3152 4313 ἔργῳ,
3212 4239 3462 4309 καθάπερ
3519 4238 3578 4290 ὲν
3627 4235 3787 4307 τύπῳ

2118 4332 2530 4408 προαναφωνῶν
2558 4333 2692 4403 ἡμῖν
2724 4332 2786 4384 τὸ
2811 4331 3084 4402 σωτήριον
3114 4328 3305 4392 πάθος.

2184 4429 2247 4477 ε’.
2269 4423 2449 4493 Ὅπερ
2476 4417 2569 4475 οὖν
2586 4420 2789 4489 ἔλεγον,
2813 4418 2991 4489 βούλει
3014 4434 3098 4470 σοι
3117 4416 3276 4483 δείξω
3291 4416 3388 4478 τάς
3403 4412 3496 4467 δύο
3517 4411 3782 4483 διαθήκας

2116 4512 2319 4577 ταύτας
2344 4511 2435 4567 διά
2453 4511 2564 4565 τῶν
2586 4511 2800 4582 έργων;
2827 4510 3040 4583 ’Ὥσπερ
3067 4502 3208 4569 εἶδες
3228 4505 3290 4558 τὸ
3316 4503 3586 4575 πρόϐατον
3619 4503 3678 4556 ὲν
3707 4501 3785 4572 τῷ

2117 4604 2345 4676 ῥήματι,
2377 4600 2616 4672 μάνθανε
2648 4599 2744 4654 καὶ
2770 4601 2829 4653 ὲν
2868 4597 2948 4668 τῷ
2966 4596 3287 4669 πράγματι.
3316 4590 3533 4662 Λέγετέ
3571 4608 3676 4660 μοι
3730 4594 3785 4643 οὶ

2118 4689 2234 4744 ὑπὸ
2294 4690 2484 4759 νόμον
2521 4686 2801 4753 θέλοντες
2847 4682 3021 4740 εἶναι.
3072 4681 3271 4745 Καλῶς
3306 4677 3451 4744 εἶπε,
3497 4678 3787 4745 Θέλοντες

2114 4774 2300 4832 εἶναι’
2352 4779 2412 4831 οὐ
2451 4777 2563 4847 7&9
2600 4772 2769 4847 ἦσαν·
2821 4776 2870 4828 εί
2910 4773 3021 4844 7&9
3048 4768 3190 4843 ἦσαν
3219 4769 3327 4823 ὑπὸ
3352 4768 3540 4838 νόμον,
3579 4766 3683 4820 οὐκ
3719 4765 3787 4819 ἀν

2115 4862 2257 4939 ἦσαν
2304 4867 2411 4922 ὑπὸ
2435 4866 2620 4936 νόμον.
2670 4864 2826 4934 Τάχα
2858 4860 3090 4932 ατνιγμά
3128 4861 3244 4912 ἐστι
3275 4858 3337 4911 τὸ
3367 4856 3681 4925 λεγόμενον.
3729 4854 3787 4906 '0

2117 4956 2228 5030 7&9
2250 4956 2414 5027 νόμος
2440 4953 2520 5026 τῷ
2552 4950 2774 5022 Χριστῷ
2810 4948 3145 5021 παρέπεμπε
3174 4948 3301 5009 τοὺς
3323 4944 3691 5016 προσέχοντας
3711 4959 3725 4973 ο
3757 4944 3788 4995 6

2116 5045 2208 5098 τὸν
2238 5043 2558 5099 διδάσκαλον
2595 5039 2902 5110 ἀτιμάζων,
2945 5037 3135 5105 ἀγνοεῖ
3158 5035 3252 5088 καὶ
3289 5032 3380 5088 τὸν
3412 5030 3784 5101 παιδαγωγόν.

2119 5133 2231 5191 Διὸ.
2258 5133 2411 5203 φησὶ,
2445 5127 2660 5198 Λέγετέ
2693 5144 2797 5196 μοι
2828 5129 2882 5180 οἱ
2913 5124 3034 5180 ὑπὸ
3064 5123 3253 5193 νόμον
3286 5121 3566 5186 θέλοντες
3609 5116 3784 5183 εἶναι,

2098 5224 2224 5277 ’τὸν
2275 5208 2462 5289 νόμον
2496 5220 2607 5272 οὐκ
2639 5216 2889 5270 ἀκούετε
2909 5253 2924 5278 ,
2979 5212 3070 5266 ὅτι
3111 5216 3146 5268 ό
3188 5208 3444 5280 Ἀϐραὰμ
3475 5209 3586 5263 δύο
3616 5207 3788 5273 υίοὺς

2118 5312 2324 5379 ἔσχεν,
2351 5308 2460 5361 ἕνα
2495 5307 2564 5359 ἐκ
2593 5303 2704 5373 τῆς
2737 5301 3085 5370 παιδίσκης,
3118 5301 3215 5355 καὶ
3239 5300 3346 5354 ἕνα
3366 5299 3436 5352 ἐκ
3467 5296 3577 5364 τῆς
3617 5296 3787 5349 ἐλευ-

2118 5397 2315 5467 θέρας,
2369 5393 2545 5450 ἅτινά
2587 5394 2759 5446 ἐστιν
2789 5391 3310 5461 ἀλληγορούμενα.
3358 5382 3512 5448 Εἶδες
3553 5385 3641 5437 διὰ
3688 5383 3785 5435 τοῦ

2182 5629 2209 5658 ⁸
2236 5624 2547 5688 [ριζεηᾶιιιο
2569 5624 2727 5688 forsan
2763 5623 2932 5688 gul
2973 5622 3047 5679 δή·
3083 5617 3304 5681 quamvis
3337 5616 3376 5665 si
3425 5613 3520 5688 cui.
3542 5611 3789 5688 ριροερτίι

2120 5672 2514 5755 ρτιεροεῖἷίοηειη
2533 5686 2611 5735 διά
2634 5684 2925 5758 ειτηριίείιει·
2947 5672 3258 5744 εχρυιίεεςο,
3270 5690 3369 5789 ἔξει·
3387 5688 3465 5725 me
3489 5672 3622 5757 Ιὶόει.
3651 5672 3782 5755 Ruf-1'.

2183 5752 2212 5792 ιι
2237 5749 2400 5811 Oltob.
2434 5762 2844 5811 προανετυπωσεν.
2892 5744 3004 5795 Mox
3031 5743 3200 5794 Morel.
3247 5741 3269 5788 ἐ
3297 5743 3425 5800 ιζων,
3464 5736 3614 5786 Sani.
3640 5733 3786 5795 ἐρίοιο

2185 5775 2211 5792 υ
2237 5775 2400 5801 υιιυυ.
2434 5775 2844 5811 Ὶιρυιινιτυῖιωυινο
2893 5775 3004 5795 “IUL
3031 5775 3200 5794 ιυυιυι-
3247 5775 3425 5800 ινδ-,νυνι

2124 5820 2232 5874 ζων.
2256 5810 2421 5864 Ollob.
2446 5809 2672 5866 ἐνεθίζωνο
