  <div class='ocr_page' id='page_1' title='image "/cluster/home/n/w/nwhite01/storage/ocr_20150623/49:no.2:pt.1/coo.31924054869486/319.png"; bbox 0 0 4100 6434; ppageno 0'>
   <div class='ocr_carea' id='block_1_1' title="bbox 355 354 451 410">
    <p class='ocr_par' dir='ltr' id='par_1_1' title="bbox 355 354 451 410">
     <span class='ocr_line' id='line_1_1' title="bbox 355 354 451 410; baseline -0.021 0"><span class='ocrx_word' id='word_1_1' title='bbox 355 354 451 410; x_wconf 76' lang='lat'>521</span> 
     </span>
    </p>
   </div>
   <div class='ocr_carea' id='block_1_2' title="bbox 355 470 2017 544">
    <p class='ocr_par' dir='ltr' id='par_1_2' title="bbox 355 470 2017 544">
     <span class='ocr_line' id='line_1_2' title="bbox 355 470 2017 544; baseline 0.006 -25"><span class='ocrx_word' id='word_1_2' title='bbox 355 470 680 538; x_wconf 69' lang='grc' dir='ltr'>πράγματος</span> <span class='ocrx_word' id='word_1_3' title='bbox 704 470 1038 542; x_wconf 78' lang='grc' dir='ltr'>προφητείαν</span> <span class='ocrx_word' id='word_1_4' title='bbox 1059 489 1073 536; x_wconf 86' lang='grc'>;</span> <span class='ocrx_word' id='word_1_5' title='bbox 1101 472 1172 523; x_wconf 87' lang='grc' dir='ltr'>Τὸ</span> <span class='ocrx_word' id='word_1_6' title='bbox 1185 472 1580 543; x_wconf 79' lang='grc' dir='ltr'>γάργυναῖκας</span> <span class='ocrx_word' id='word_1_7' title='bbox 1597 472 1744 544; x_wconf 76' lang='grc' dir='ltr'>ἔχειν</span> <span class='ocrx_word' id='word_1_8' title='bbox 1757 472 1819 525; x_wconf 87' lang='grc' dir='ltr'>οὐ</span> <span class='ocrx_word' id='word_1_9' title='bbox 1844 471 2017 543; x_wconf 78' lang='grc' dir='ltr'>ῥῆμα.</span> 
     </span>
    </p>
   </div>
   <div class='ocr_carea' id='block_1_3' title="bbox 356 557 2022 632">
    <p class='ocr_par' dir='ltr' id='par_1_3' title="bbox 356 557 2022 632">
     <span class='ocr_line' id='line_1_3' title="bbox 356 557 2022 632; baseline 0.001 -23"><span class='ocrx_word' id='word_1_10' title='bbox 356 557 493 610; x_wconf 84' lang='grc' dir='ltr'>ἀλλά</span> <span class='ocrx_word' id='word_1_11' title='bbox 520 558 753 629; x_wconf 85' lang='grc' dir='ltr'>πρᾶγμα</span> <span class='ocrx_word' id='word_1_12' title='bbox 777 572 791 587; x_wconf 92' lang='grc'>·</span> <span class='ocrx_word' id='word_1_13' title='bbox 832 558 928 610; x_wconf 78' lang='grc' dir='ltr'>καὶ</span> <span class='ocrx_word' id='word_1_14' title='bbox 954 558 1147 628; x_wconf 86' lang='grc' dir='ltr'>δούλην</span> <span class='ocrx_word' id='word_1_15' title='bbox 1177 559 1274 613; x_wconf 74' lang='grc' dir='ltr'>καὶ</span> <span class='ocrx_word' id='word_1_16' title='bbox 1298 560 1591 632; x_wconf 87' lang='grc' dir='ltr'>ἐλευθέραν</span> <span class='ocrx_word' id='word_1_17' title='bbox 1618 559 1798 627; x_wconf 78' lang='grc' dir='ltr'>ἐδειξά</span> <span class='ocrx_word' id='word_1_18' title='bbox 1826 576 1909 612; x_wconf 94' lang='grc' dir='ltr'>σοι</span> <span class='ocrx_word' id='word_1_19' title='bbox 1931 558 2022 611; x_wconf 83' lang='grc' dir='ltr'>διὰ</span> 
     </span>
    </p>
   </div>
   <div class='ocr_carea' id='block_1_4' title="bbox 354 643 2023 719">
    <p class='ocr_par' dir='ltr' id='par_1_4' title="bbox 354 643 2023 719">
     <span class='ocr_line' id='line_1_4' title="bbox 354 643 2023 719; baseline 0.002 -23"><span class='ocrx_word' id='word_1_20' title='bbox 354 644 465 697; x_wconf 86' lang='grc' dir='ltr'>τῶν</span> <span class='ocrx_word' id='word_1_21' title='bbox 519 644 799 715; x_wconf 78' lang='grc' dir='ltr'>ῥημάτων,</span> <span class='ocrx_word' id='word_1_22' title='bbox 850 645 931 697; x_wconf 86' lang='grc' dir='ltr'>ὅτι</span> <span class='ocrx_word' id='word_1_23' title='bbox 965 645 1059 697; x_wconf 90' lang='grc' dir='ltr'>δύο</span> <span class='ocrx_word' id='word_1_24' title='bbox 1091 646 1367 717; x_wconf 77' lang='grc' dir='ltr'>διαθηκῶν</span> <span class='ocrx_word' id='word_1_25' title='bbox 1396 643 1479 712; x_wconf 75' lang='grc' dir='ltr'>εἷς</span> <span class='ocrx_word' id='word_1_26' title='bbox 1520 650 1639 702; x_wconf 87' lang='grc' dir='ltr'>ἐστι</span> <span class='ocrx_word' id='word_1_27' title='bbox 1675 647 1975 719; x_wconf 82' lang='grc' dir='ltr'>νομοθέτης</span> <span class='ocrx_word' id='word_1_28' title='bbox 2007 660 2023 679; x_wconf 87' lang='grc'>·</span> 
     </span>
    </p>
   </div>
   <div class='ocr_carea' id='block_1_5' title="bbox 360 731 2024 809">
    <p class='ocr_par' dir='ltr' id='par_1_5' title="bbox 360 731 2024 809">
     <span class='ocr_line' id='line_1_5' title="bbox 360 731 2024 809; baseline 0.002 -24"><span class='ocrx_word' id='word_1_29' title='bbox 360 732 599 803; x_wconf 86' lang='grc' dir='ltr'>μάνθανε</span> <span class='ocrx_word' id='word_1_30' title='bbox 619 732 712 785; x_wconf 77' lang='grc' dir='ltr'>καὶ</span> <span class='ocrx_word' id='word_1_31' title='bbox 739 731 828 786; x_wconf 91' lang='grc' dir='ltr'>διά</span> <span class='ocrx_word' id='word_1_32' title='bbox 852 732 961 785; x_wconf 90' lang='grc' dir='ltr'>τῶν</span> <span class='ocrx_word' id='word_1_33' title='bbox 984 732 1045 786; x_wconf 91' lang='grc' dir='ltr'>τύ</span> <span class='ocrx_word' id='word_1_34' title='bbox 1055 750 1169 787; x_wconf 90' lang='grc' dir='ltr'>πων</span> <span class='ocrx_word' id='word_1_35' title='bbox 1198 736 1258 788; x_wconf 82' lang='grc' dir='ltr'>τὸ</span> <span class='ocrx_word' id='word_1_36' title='bbox 1288 734 1420 789; x_wconf 82' lang='grc' dir='ltr'>αὐτὸ</span> <span class='ocrx_word' id='word_1_37' title='bbox 1440 736 1619 791; x_wconf 88' lang='grc' dir='ltr'>τοῦτο.</span> <span class='ocrx_word' id='word_1_38' title='bbox 1662 735 1912 809; x_wconf 81' lang='grc' dir='ltr'>Ἀϐραὰμ</span> <span class='ocrx_word' id='word_1_39' title='bbox 1928 735 2024 789; x_wconf 86' lang='grc' dir='ltr'>δύο</span> 
     </span>
    </p>
   </div>
   <div class='ocr_carea' id='block_1_6' title="bbox 355 814 2023 893">
    <p class='ocr_par' dir='ltr' id='par_1_6' title="bbox 355 814 2023 893">
     <span class='ocr_line' id='line_1_6' title="bbox 355 814 2023 893; baseline 0.001 -21"><span class='ocrx_word' id='word_1_40' title='bbox 355 821 623 886; x_wconf 88' lang='grc' dir='ltr'>γυναῖκας</span> <span class='ocrx_word' id='word_1_41' title='bbox 671 819 857 889; x_wconf 74' lang='grc' dir='ltr'>ἔσχεν·</span> <span class='ocrx_word' id='word_1_42' title='bbox 914 814 1077 875; x_wconf 80' lang='grc' dir='ltr'>αὗται</span> <span class='ocrx_word' id='word_1_43' title='bbox 1134 821 1191 874; x_wconf 88' lang='grc' dir='ltr'>δέ</span> <span class='ocrx_word' id='word_1_44' title='bbox 1240 823 1347 875; x_wconf 91' lang='grc' dir='ltr'>είσι</span> <span class='ocrx_word' id='word_1_45' title='bbox 1383 822 1477 876; x_wconf 90' lang='grc' dir='ltr'>δύο</span> <span class='ocrx_word' id='word_1_46' title='bbox 1512 823 1789 893; x_wconf 79' lang='grc' dir='ltr'>διαθῆκαι,</span> <span class='ocrx_word' id='word_1_47' title='bbox 1825 823 1920 876; x_wconf 74' lang='grc' dir='ltr'>καὶ</span> <span class='ocrx_word' id='word_1_48' title='bbox 1942 817 2023 886; x_wconf 80' lang='grc' dir='ltr'>εἷς</span> 
     </span>
    </p>
   </div>
   <div class='ocr_carea' id='block_1_7' title="bbox 355 904 2024 981">
    <p class='ocr_par' dir='ltr' id='par_1_7' title="bbox 355 904 2024 981">
     <span class='ocr_line' id='line_1_7' title="bbox 355 904 2024 981; baseline 0.003 -23"><span class='ocrx_word' id='word_1_49' title='bbox 355 904 680 975; x_wconf 80' lang='grc' dir='ltr'>νομοθέτης·</span> <span class='ocrx_word' id='word_1_50' title='bbox 713 905 901 980; x_wconf 85' lang='grc' dir='ltr'>ῶσπερ</span> <span class='ocrx_word' id='word_1_51' title='bbox 924 908 1042 961; x_wconf 83' lang='grc' dir='ltr'>ἐκεῖ</span> <span class='ocrx_word' id='word_1_52' title='bbox 1064 908 1337 980; x_wconf 79' lang='grc' dir='ltr'>πρόϐατον</span> <span class='ocrx_word' id='word_1_53' title='bbox 1372 910 1467 963; x_wconf 79' lang='grc' dir='ltr'>καὶ</span> <span class='ocrx_word' id='word_1_54' title='bbox 1500 910 1791 981; x_wconf 77' lang='grc' dir='ltr'>πρόϐατον,</span> <span class='ocrx_word' id='word_1_55' title='bbox 1829 910 1890 963; x_wconf 80' lang='grc' dir='ltr'>τὸ</span> <span class='ocrx_word' id='word_1_56' title='bbox 1925 909 2024 980; x_wconf 83' lang='grc' dir='ltr'>μὲν</span> 
     </span>
    </p>
   </div>
   <div class='ocr_carea' id='block_1_8' title="bbox 354 992 2025 1069">
    <p class='ocr_par' dir='ltr' id='par_1_8' title="bbox 354 992 2025 1069">
     <span class='ocr_line' id='line_1_8' title="bbox 354 992 2025 1069; baseline 0.005 -25"><span class='ocrx_word' id='word_1_57' title='bbox 354 992 413 1045; x_wconf 88' lang='grc' dir='ltr'>ἐν</span> <span class='ocrx_word' id='word_1_58' title='bbox 440 993 663 1063; x_wconf 74' lang='grc' dir='ltr'>ῥήματι,</span> <span class='ocrx_word' id='word_1_59' title='bbox 691 994 753 1048; x_wconf 84' lang='grc' dir='ltr'>τὸ</span> <span class='ocrx_word' id='word_1_60' title='bbox 790 995 847 1049; x_wconf 86' lang='grc' dir='ltr'>δέ</span> <span class='ocrx_word' id='word_1_61' title='bbox 879 998 938 1049; x_wconf 86' lang='grc' dir='ltr'>ἐν</span> <span class='ocrx_word' id='word_1_62' title='bbox 969 998 1275 1068; x_wconf 80' lang='grc' dir='ltr'>πράγματι,</span> <span class='ocrx_word' id='word_1_63' title='bbox 1309 997 1479 1069; x_wconf 80' lang='grc' dir='ltr'>πολλὴ</span> <span class='ocrx_word' id='word_1_64' title='bbox 1512 998 1690 1051; x_wconf 74' lang='grc' dir='ltr'>δὲκαὶ</span> <span class='ocrx_word' id='word_1_65' title='bbox 1711 998 1822 1052; x_wconf 90' lang='grc' dir='ltr'>τῶν</span> <span class='ocrx_word' id='word_1_66' title='bbox 1848 998 2025 1069; x_wconf 77' lang='grc' dir='ltr'>ἔργων</span> 
     </span>
    </p>
   </div>
   <div class='ocr_carea' id='block_1_9' title="bbox 354 1079 2025 1156">
    <p class='ocr_par' dir='ltr' id='par_1_9' title="bbox 354 1079 2025 1156">
     <span class='ocr_line' id='line_1_9' title="bbox 354 1079 2025 1156; baseline 0.005 -26"><span class='ocrx_word' id='word_1_67' title='bbox 354 1079 448 1131; x_wconf 80' lang='grc' dir='ltr'>καὶ</span> <span class='ocrx_word' id='word_1_68' title='bbox 478 1080 585 1131; x_wconf 85' lang='grc' dir='ltr'>τῶν</span> <span class='ocrx_word' id='word_1_69' title='bbox 614 1080 785 1149; x_wconf 87' lang='grc' dir='ltr'>λόγων</span> <span class='ocrx_word' id='word_1_70' title='bbox 817 1084 850 1153; x_wconf 90' lang='grc' dir='ltr'>ή</span> <span class='ocrx_word' id='word_1_71' title='bbox 886 1084 1173 1153; x_wconf 76' lang='grc' dir='ltr'>συμφωνία</span> <span class='ocrx_word' id='word_1_72' title='bbox 1193 1101 1207 1115; x_wconf 94' lang='grc'>·</span> <span class='ocrx_word' id='word_1_73' title='bbox 1232 1085 1376 1139; x_wconf 82' lang='grc' dir='ltr'>οὕτω</span> <span class='ocrx_word' id='word_1_74' title='bbox 1394 1085 1489 1139; x_wconf 75' lang='grc' dir='ltr'>καὶ</span> <span class='ocrx_word' id='word_1_75' title='bbox 1522 1085 1755 1140; x_wconf 89' lang='grc' dir='ltr'>ἐνταῦθα</span> <span class='ocrx_word' id='word_1_76' title='bbox 1773 1086 2025 1156; x_wconf 84' lang='grc' dir='ltr'>διαθῆκαι</span> 
     </span>
    </p>
   </div>
   <div class='ocr_carea' id='block_1_10' title="bbox 351 1165 2021 1245">
    <p class='ocr_par' dir='ltr' id='par_1_10' title="bbox 351 1165 2021 1245">
     <span class='ocr_line' id='line_1_10' title="bbox 351 1165 2021 1245; baseline 0.005 -27"><span class='ocrx_word' id='word_1_77' title='bbox 351 1165 464 1229; x_wconf 88' lang='grc' dir='ltr'>δύο,</span> <span class='ocrx_word' id='word_1_78' title='bbox 496 1168 589 1221; x_wconf 73' lang='grc' dir='ltr'>καὶ</span> <span class='ocrx_word' id='word_1_79' title='bbox 615 1168 820 1234; x_wconf 87' lang='grc' dir='ltr'>ταύτας</span> <span class='ocrx_word' id='word_1_80' title='bbox 851 1172 880 1224; x_wconf 92' lang='grc' dir='ltr'>ό</span> <span class='ocrx_word' id='word_1_81' title='bbox 911 1171 1012 1242; x_wconf 89' lang='grc' dir='ltr'>μὲν</span> <span class='ocrx_word' id='word_1_82' title='bbox 1056 1172 1324 1243; x_wconf 79' lang='grc' dir='ltr'>Ἱερεμίας</span> <span class='ocrx_word' id='word_1_83' title='bbox 1356 1172 1444 1226; x_wconf 91' lang='grc' dir='ltr'>διά</span> <span class='ocrx_word' id='word_1_84' title='bbox 1469 1174 1710 1244; x_wconf 78' lang='grc' dir='ltr'>ῥήματος</span> <span class='ocrx_word' id='word_1_85' title='bbox 1741 1176 2021 1245; x_wconf 79' lang='grc' dir='ltr'>προεῖπεν,</span> 
     </span>
    </p>
   </div>
   <div class='ocr_carea' id='block_1_11' title="bbox 351 1253 2024 1330">
    <p class='ocr_par' dir='ltr' id='par_1_11' title="bbox 351 1253 2024 1330">
     <span class='ocr_line' id='line_1_11' title="bbox 351 1253 2024 1330; baseline 0.006 -25"><span class='ocrx_word' id='word_1_86' title='bbox 351 1254 380 1305; x_wconf 87' lang='grc' dir='ltr'>ὁ</span> <span class='ocrx_word' id='word_1_87' title='bbox 404 1253 461 1306; x_wconf 82' lang='grc' dir='ltr'>δὲ</span> <span class='ocrx_word' id='word_1_88' title='bbox 496 1254 744 1327; x_wconf 80' lang='grc' dir='ltr'>’Λὸραάμ</span> <span class='ocrx_word' id='word_1_89' title='bbox 768 1257 858 1311; x_wconf 88' lang='grc' dir='ltr'>διὰ</span> <span class='ocrx_word' id='word_1_90' title='bbox 891 1257 997 1310; x_wconf 79' lang='grc' dir='ltr'>τῶν</span> <span class='ocrx_word' id='word_1_91' title='bbox 1025 1258 1201 1328; x_wconf 77' lang='grc' dir='ltr'>ἔργων</span> <span class='ocrx_word' id='word_1_92' title='bbox 1227 1258 1508 1314; x_wconf 87' lang='grc' dir='ltr'>ἐτύπωσεν</span> <span class='ocrx_word' id='word_1_93' title='bbox 1530 1261 1587 1313; x_wconf 86' lang='grc' dir='ltr'>ἐν</span> <span class='ocrx_word' id='word_1_94' title='bbox 1609 1260 1687 1330; x_wconf 83' lang='grc' dir='ltr'>τῷ</span> <span class='ocrx_word' id='word_1_95' title='bbox 1714 1260 1808 1315; x_wconf 86' lang='grc' dir='ltr'>δύο</span> <span class='ocrx_word' id='word_1_96' title='bbox 1832 1264 2024 1329; x_wconf 77' lang='grc' dir='ltr'>γυναῖ-</span> 
     </span>
    </p>
   </div>
   <div class='ocr_carea' id='block_1_12' title="bbox 353 1339 2023 1416">
    <p class='ocr_par' dir='ltr' id='par_1_12' title="bbox 353 1339 2023 1416">
     <span class='ocr_line' id='line_1_12' title="bbox 353 1339 2023 1416; baseline 0.006 -25"><span class='ocrx_word' id='word_1_97' title='bbox 353 1355 455 1401; x_wconf 90' lang='grc' dir='ltr'>κας</span> <span class='ocrx_word' id='word_1_98' title='bbox 485 1339 645 1410; x_wconf 76' lang='grc' dir='ltr'>ἔχειν.</span> <span class='ocrx_word' id='word_1_99' title='bbox 665 1343 875 1414; x_wconf 80' lang='grc' dir='ltr'>’Ὠσπερ</span> <span class='ocrx_word' id='word_1_100' title='bbox 902 1344 1010 1416; x_wconf 80' lang='grc' dir='ltr'>γὰρ</span> <span class='ocrx_word' id='word_1_101' title='bbox 1032 1340 1112 1408; x_wconf 72' lang='grc' dir='ltr'>εἷς</span> <span class='ocrx_word' id='word_1_102' title='bbox 1132 1345 1273 1415; x_wconf 85' lang='grc' dir='ltr'>ἀνηρ</span> <span class='ocrx_word' id='word_1_103' title='bbox 1308 1346 1401 1399; x_wconf 73' lang='grc' dir='ltr'>καὶ</span> <span class='ocrx_word' id='word_1_104' title='bbox 1432 1344 1525 1399; x_wconf 86' lang='grc' dir='ltr'>δύο</span> <span class='ocrx_word' id='word_1_105' title='bbox 1548 1348 1827 1416; x_wconf 85' lang='grc' dir='ltr'>γυναῖκες,</span> <span class='ocrx_word' id='word_1_106' title='bbox 1850 1346 2023 1412; x_wconf 76' lang='grc' dir='ltr'>οὕτως</span> 
     </span>
    </p>
   </div>
   <div class='ocr_carea' id='block_1_13' title="bbox 353 1424 2023 1507">
    <p class='ocr_par' dir='ltr' id='par_1_13' title="bbox 353 1424 2023 1507">
     <span class='ocr_line' id='line_1_13' title="bbox 353 1424 2023 1507; baseline 0.004 -25"><span class='ocrx_word' id='word_1_107' title='bbox 353 1424 434 1492; x_wconf 75' lang='grc' dir='ltr'>εἷς</span> <span class='ocrx_word' id='word_1_108' title='bbox 462 1430 757 1503; x_wconf 80' lang='grc' dir='ltr'>νομοθέτης</span> <span class='ocrx_word' id='word_1_109' title='bbox 782 1433 876 1486; x_wconf 64' lang='grc' dir='ltr'>καὶ</span> <span class='ocrx_word' id='word_1_110' title='bbox 896 1432 996 1486; x_wconf 86' lang='grc' dir='ltr'>δύο</span> <span class='ocrx_word' id='word_1_111' title='bbox 1026 1432 1302 1503; x_wconf 81' lang='grc' dir='ltr'>διαθῆκαι.</span> <span class='ocrx_word' id='word_1_112' title='bbox 1342 1433 1482 1486; x_wconf 78' lang='grc' dir='ltr'>Ἀλλ’</span> <span class='ocrx_word' id='word_1_113' title='bbox 1514 1436 1649 1507; x_wconf 84' lang='grc' dir='ltr'>ὅπερ</span> <span class='ocrx_word' id='word_1_114' title='bbox 1691 1435 1894 1505; x_wconf 80' lang='grc' dir='ltr'>ἔλεγον,</span> <span class='ocrx_word' id='word_1_115' title='bbox 1928 1438 2023 1490; x_wconf 78' lang='grc' dir='ltr'>καὶ</span> 
     </span>
    </p>
   </div>
   <div class='ocr_carea' id='block_1_14' title="bbox 351 1519 2020 1595">
    <p class='ocr_par' dir='ltr' id='par_1_14' title="bbox 351 1519 2020 1595">
     <span class='ocr_line' id='line_1_14' title="bbox 351 1519 2020 1595; baseline 0.003 -22"><span class='ocrx_word' id='word_1_116' title='bbox 351 1520 419 1574; x_wconf 83' lang='grc' dir='ltr'>δι’</span> <span class='ocrx_word' id='word_1_117' title='bbox 435 1519 464 1573; x_wconf 90' lang='lat'>6</span> <span class='ocrx_word' id='word_1_118' title='bbox 490 1522 668 1575; x_wconf 86' lang='grc' dir='ltr'>πάντα</span> <span class='ocrx_word' id='word_1_119' title='bbox 688 1521 860 1575; x_wconf 79' lang='grc' dir='ltr'>ταῦτα</span> <span class='ocrx_word' id='word_1_120' title='bbox 882 1523 1181 1593; x_wconf 83' lang='grc' dir='ltr'>κεκίνηται·</span> <span class='ocrx_word' id='word_1_121' title='bbox 1204 1523 1324 1577; x_wconf 82' lang='grc' dir='ltr'>οὐδὲ</span> <span class='ocrx_word' id='word_1_122' title='bbox 1343 1522 1448 1594; x_wconf 86' lang='grc' dir='ltr'>γὰρ</span> <span class='ocrx_word' id='word_1_123' title='bbox 1465 1524 1569 1594; x_wconf 81' lang='grc' dir='ltr'>χρὴ</span> <span class='ocrx_word' id='word_1_124' title='bbox 1596 1525 1695 1595; x_wconf 84' lang='grc' dir='ltr'>τῆς</span> <span class='ocrx_word' id='word_1_125' title='bbox 1712 1523 2020 1590; x_wconf 77' lang='grc' dir='ltr'>ὑποθέσεως</span> 
     </span>
    </p>
   </div>
   <div class='ocr_carea' id='block_1_15' title="bbox 351 1608 2018 1682">
    <p class='ocr_par' dir='ltr' id='par_1_15' title="bbox 351 1608 2018 1682">
     <span class='ocr_line' id='line_1_15' title="bbox 351 1608 2018 1682; baseline 0.003 -22"><span class='ocrx_word' id='word_1_126' title='bbox 351 1608 607 1661; x_wconf 78' lang='grc' dir='ltr'>ἐκπεσεῖν</span> <span class='ocrx_word' id='word_1_127' title='bbox 626 1625 642 1641; x_wconf 91' lang='grc'>·</span> <span class='ocrx_word' id='word_1_128' title='bbox 674 1609 737 1663; x_wconf 90' lang='lat'>&#39;0</span> <span class='ocrx_word' id='word_1_129' title='bbox 768 1609 1075 1678; x_wconf 62' lang='grc' dir='ltr'>ἐμϐλέψας</span> <span class='ocrx_word' id='word_1_130' title='bbox 1103 1610 1359 1680; x_wconf 77' lang='grc' dir='ltr'>γυναῖκα</span> <span class='ocrx_word' id='word_1_131' title='bbox 1387 1612 1537 1677; x_wconf 82' lang='grc' dir='ltr'>πρὸς</span> <span class='ocrx_word' id='word_1_132' title='bbox 1556 1613 1622 1664; x_wconf 83' lang='grc' dir='ltr'>τὸ</span> <span class='ocrx_word' id='word_1_133' title='bbox 1653 1611 2018 1682; x_wconf 80' lang='grc' dir='ltr'>ἐπιθυμῆσαι</span> 
     </span>
    </p>
   </div>
   <div class='ocr_carea' id='block_1_16' title="bbox 351 1694 2015 1768">
    <p class='ocr_par' dir='ltr' id='par_1_16' title="bbox 351 1694 2015 1768">
     <span class='ocr_line' id='line_1_16' title="bbox 351 1694 2015 1768; baseline 0.004 -20"><span class='ocrx_word' id='word_1_134' title='bbox 351 1694 563 1765; x_wconf 79' lang='grc' dir='ltr'>αὐτῆς,</span> <span class='ocrx_word' id='word_1_135' title='bbox 593 1695 709 1764; x_wconf 77' lang='grc' dir='ltr'>ἤδη</span> <span class='ocrx_word' id='word_1_136' title='bbox 745 1697 1102 1766; x_wconf 76' lang='grc' dir='ltr'>ἐμοίχευσεν</span> <span class='ocrx_word' id='word_1_137' title='bbox 1128 1698 1323 1766; x_wconf 78' lang='grc' dir='ltr'>αὐτὴν</span> <span class='ocrx_word' id='word_1_138' title='bbox 1353 1698 1424 1751; x_wconf 81' lang='grc' dir='ltr'>έν</span> <span class='ocrx_word' id='word_1_139' title='bbox 1462 1697 1537 1766; x_wconf 80' lang='grc' dir='ltr'>τῇ</span> <span class='ocrx_word' id='word_1_140' title='bbox 1571 1699 1786 1768; x_wconf 77' lang='grc' dir='ltr'>καρδίᾳ</span> <span class='ocrx_word' id='word_1_141' title='bbox 1807 1700 2015 1754; x_wconf 83' lang='grc' dir='ltr'>αὐτοῦ.</span> 
     </span>
    </p>
   </div>
   <div class='ocr_carea' id='block_1_17' title="bbox 350 1781 2019 1857">
    <p class='ocr_par' dir='ltr' id='par_1_17' title="bbox 350 1781 2019 1857">
     <span class='ocr_line' id='line_1_17' title="bbox 350 1781 2019 1857; baseline 0.002 -21"><span class='ocrx_word' id='word_1_142' title='bbox 350 1782 494 1836; x_wconf 85' lang='grc' dir='ltr'>Ναί·</span> <span class='ocrx_word' id='word_1_143' title='bbox 520 1781 677 1848; x_wconf 88' lang='grc' dir='ltr'>ἀλλά,</span> <span class='ocrx_word' id='word_1_144' title='bbox 706 1783 772 1836; x_wconf 83' lang='grc' dir='ltr'>δι’</span> <span class='ocrx_word' id='word_1_145' title='bbox 808 1782 837 1835; x_wconf 86' lang='lat'>6</span> <span class='ocrx_word' id='word_1_146' title='bbox 862 1781 1035 1837; x_wconf 89' lang='grc' dir='ltr'>ταῦτα</span> <span class='ocrx_word' id='word_1_147' title='bbox 1076 1784 1255 1838; x_wconf 86' lang='grc' dir='ltr'>πάντα</span> <span class='ocrx_word' id='word_1_148' title='bbox 1282 1786 1639 1857; x_wconf 86' lang='grc' dir='ltr'>ἐκινήσαμεν,</span> <span class='ocrx_word' id='word_1_149' title='bbox 1665 1788 1810 1851; x_wconf 73' lang='grc' dir='ltr'>τίνος</span> <span class='ocrx_word' id='word_1_150' title='bbox 1836 1788 2019 1841; x_wconf 73' lang='grc' dir='ltr'>ἕνεκεν</span> 
     </span>
    </p>
   </div>
   <div class='ocr_carea' id='block_1_18' title="bbox 351 1868 2016 1945">
    <p class='ocr_par' dir='ltr' id='par_1_18' title="bbox 351 1868 2016 1945">
     <span class='ocr_line' id='line_1_18' title="bbox 351 1868 2016 1945; baseline 0.004 -24"><span class='ocrx_word' id='word_1_151' title='bbox 351 1868 535 1933; x_wconf 81' lang='grc' dir='ltr'>αὐτοῖς</span> <span class='ocrx_word' id='word_1_152' title='bbox 572 1868 799 1922; x_wconf 81' lang='grc' dir='ltr'>παλαιὸν</span> <span class='ocrx_word' id='word_1_153' title='bbox 830 1869 1197 1938; x_wconf 73' lang='grc' dir='ltr'>ἀναγινώσκει</span> <span class='ocrx_word' id='word_1_154' title='bbox 1220 1871 1412 1942; x_wconf 85' lang='grc' dir='ltr'>νόμον;</span> <span class='ocrx_word' id='word_1_155' title='bbox 1468 1873 1615 1941; x_wconf 83' lang='grc' dir='ltr'>λέγει</span> <span class='ocrx_word' id='word_1_156' title='bbox 1660 1873 1769 1945; x_wconf 83' lang='grc' dir='ltr'>γὰρ</span> <span class='ocrx_word' id='word_1_157' title='bbox 1797 1874 1979 1937; x_wconf 85' lang='grc' dir='ltr'>αὐτοῖς</span> <span class='ocrx_word' id='word_1_158' title='bbox 2002 1890 2016 1905; x_wconf 95' lang='grc'>·</span> 
     </span>
    </p>
   </div>
   <div class='ocr_carea' id='block_1_19' title="bbox 362 1956 2017 2029">
    <p class='ocr_par' dir='ltr' id='par_1_19' title="bbox 362 1956 2017 2029">
     <span class='ocr_line' id='line_1_19' title="bbox 362 1956 2017 2029; baseline 0.002 -17"><span class='ocrx_word' id='word_1_159' title='bbox 362 1957 690 2012; x_wconf 77' lang='grc' dir='ltr'>Ἠκούσατε</span> <span class='ocrx_word' id='word_1_160' title='bbox 716 1956 807 2011; x_wconf 84' lang='grc' dir='ltr'>ὅτι</span> <span class='ocrx_word' id='word_1_161' title='bbox 832 1957 1040 2025; x_wconf 76' lang='grc' dir='ltr'>ἐρρέθη</span> <span class='ocrx_word' id='word_1_162' title='bbox 1065 1957 1189 2023; x_wconf 80' lang='grc' dir='ltr'>τοῖς</span> <span class='ocrx_word' id='word_1_163' title='bbox 1224 1958 1515 2027; x_wconf 82' lang='grc' dir='ltr'>ἀρχαίοις,</span> <span class='ocrx_word' id='word_1_164' title='bbox 1541 1962 1623 2014; x_wconf 83' lang='grc' dir='ltr'>Οὐ</span> <span class='ocrx_word' id='word_1_165' title='bbox 1647 1960 2017 2029; x_wconf 82' lang='grc' dir='ltr'>μοιχεύσεις.</span> 
     </span>
    </p>
   </div>
   <div class='ocr_carea' id='block_1_20' title="bbox 350 2044 2019 2119">
    <p class='ocr_par' dir='ltr' id='par_1_20' title="bbox 350 2044 2019 2119">
     <span class='ocr_line' id='line_1_20' title="bbox 350 2044 2019 2119; baseline 0.003 -22"><span class='ocrx_word' id='word_1_166' title='bbox 350 2045 593 2098; x_wconf 83' lang='grc' dir='ltr'>Συνεῖδεν</span> <span class='ocrx_word' id='word_1_167' title='bbox 621 2046 702 2100; x_wconf 80' lang='grc' dir='ltr'>ὅτι</span> <span class='ocrx_word' id='word_1_168' title='bbox 729 2044 983 2099; x_wconf 88' lang='grc' dir='ltr'>δύσκολόν</span> <span class='ocrx_word' id='word_1_169' title='bbox 1031 2047 1148 2100; x_wconf 82' lang='grc' dir='ltr'>ἐστι</span> <span class='ocrx_word' id='word_1_170' title='bbox 1195 2047 1257 2100; x_wconf 80' lang='grc' dir='ltr'>τὸ</span> <span class='ocrx_word' id='word_1_171' title='bbox 1287 2047 1597 2118; x_wconf 88' lang='grc' dir='ltr'>ἐπίταγμα,</span> <span class='ocrx_word' id='word_1_172' title='bbox 1645 2047 1707 2101; x_wconf 89' lang='grc' dir='ltr'>οὐ</span> <span class='ocrx_word' id='word_1_173' title='bbox 1741 2047 1892 2119; x_wconf 89' lang='grc' dir='ltr'>παρά</span> <span class='ocrx_word' id='word_1_174' title='bbox 1919 2048 2019 2119; x_wconf 82' lang='grc' dir='ltr'>τὴν</span> 
     </span>
    </p>
   </div>
   <div class='ocr_carea' id='block_1_21' title="bbox 348 2134 2015 2211">
    <p class='ocr_par' dir='ltr' id='par_1_21' title="bbox 348 2134 2015 2211">
     <span class='ocr_line' id='line_1_21' title="bbox 348 2134 2015 2211; baseline 0.003 -23"><span class='ocrx_word' id='word_1_175' title='bbox 348 2136 557 2189; x_wconf 78' lang='grc' dir='ltr'>οἰκείαν</span> <span class='ocrx_word' id='word_1_176' title='bbox 586 2134 767 2206; x_wconf 86' lang='grc' dir='ltr'>φύσιν,</span> <span class='ocrx_word' id='word_1_177' title='bbox 796 2135 931 2189; x_wconf 83' lang='grc' dir='ltr'>ἀλλά</span> <span class='ocrx_word' id='word_1_178' title='bbox 959 2137 1112 2209; x_wconf 87' lang='grc' dir='ltr'>παρά</span> <span class='ocrx_word' id='word_1_179' title='bbox 1130 2137 1227 2209; x_wconf 84' lang='grc' dir='ltr'>τὴν</span> <span class='ocrx_word' id='word_1_180' title='bbox 1249 2137 1524 2211; x_wconf 71' lang='grc' dir='ltr'>ρᾳθυμίαν</span> <span class='ocrx_word' id='word_1_181' title='bbox 1548 2138 1657 2193; x_wconf 89' lang='grc' dir='ltr'>τῶν</span> <span class='ocrx_word' id='word_1_182' title='bbox 1686 2138 2015 2193; x_wconf 82' lang='grc' dir='ltr'>ἀκουόντων.</span> 
     </span>
    </p>
   </div>
   <div class='ocr_carea' id='block_1_22' title="bbox 350 2221 2017 2297">
    <p class='ocr_par' dir='ltr' id='par_1_22' title="bbox 350 2221 2017 2297">
     <span class='ocr_line' id='line_1_22' title="bbox 350 2221 2017 2297; baseline 0.002 -20"><span class='ocrx_word' id='word_1_183' title='bbox 350 2221 529 2277; x_wconf 84' lang='grc' dir='ltr'>Πολλά</span> <span class='ocrx_word' id='word_1_184' title='bbox 555 2222 668 2294; x_wconf 79' lang='grc' dir='ltr'>γὰρ</span> <span class='ocrx_word' id='word_1_185' title='bbox 699 2223 794 2277; x_wconf 79' lang='grc' dir='ltr'>καὶ</span> <span class='ocrx_word' id='word_1_186' title='bbox 830 2223 992 2294; x_wconf 81' lang='grc' dir='ltr'>φύσει</span> <span class='ocrx_word' id='word_1_187' title='bbox 1022 2223 1223 2279; x_wconf 77' lang='grc' dir='ltr'>εὔκολα</span> <span class='ocrx_word' id='word_1_188' title='bbox 1248 2225 1377 2279; x_wconf 73' lang='grc' dir='ltr'>ὄντα</span> <span class='ocrx_word' id='word_1_189' title='bbox 1406 2224 1829 2297; x_wconf 82' lang='grc' dir='ltr'>δυσκατόρθωτα</span> <span class='ocrx_word' id='word_1_190' title='bbox 1867 2228 2017 2297; x_wconf 85' lang='grc' dir='ltr'>γίνε-</span> 
     </span>
    </p>
   </div>
   <div class='ocr_carea' id='block_1_23' title="bbox 347 2308 2015 2383">
    <p class='ocr_par' dir='ltr' id='par_1_23' title="bbox 347 2308 2015 2383">
     <span class='ocr_line' id='line_1_23' title="bbox 347 2308 2015 2383; baseline 0.003 -21"><span class='ocrx_word' id='word_1_191' title='bbox 347 2326 458 2376; x_wconf 91' lang='grc' dir='ltr'>ται,</span> <span class='ocrx_word' id='word_1_192' title='bbox 505 2311 635 2364; x_wconf 82' lang='grc' dir='ltr'>ὃταν</span> <span class='ocrx_word' id='word_1_193' title='bbox 691 2309 1054 2382; x_wconf 76' lang='grc' dir='ltr'>ρᾳθυμῶμεν·</span> <span class='ocrx_word' id='word_1_194' title='bbox 1099 2310 1289 2383; x_wconf 81' lang='grc' dir='ltr'>ὥσπερ</span> <span class='ocrx_word' id='word_1_195' title='bbox 1320 2308 1413 2367; x_wconf 81' lang='grc' dir='ltr'>οῦν</span> <span class='ocrx_word' id='word_1_196' title='bbox 1459 2313 1553 2366; x_wconf 75' lang='grc' dir='ltr'>καὶ</span> <span class='ocrx_word' id='word_1_197' title='bbox 1602 2313 1835 2367; x_wconf 82' lang='grc' dir='ltr'>δύσκολα</span> <span class='ocrx_word' id='word_1_198' title='bbox 1867 2315 2015 2379; x_wconf 75' lang='grc' dir='ltr'>ὄντα,</span> 
     </span>
    </p>
   </div>
   <div class='ocr_carea' id='block_1_24' title="bbox 349 2395 2017 2474">
    <p class='ocr_par' dir='ltr' id='par_1_24' title="bbox 349 2395 2017 2474">
     <span class='ocr_line' id='line_1_24' title="bbox 349 2395 2017 2474; baseline 0.004 -24"><span class='ocrx_word' id='word_1_199' title='bbox 349 2395 530 2468; x_wconf 83' lang='grc' dir='ltr'>κοῦφα</span> <span class='ocrx_word' id='word_1_200' title='bbox 557 2398 653 2452; x_wconf 79' lang='grc' dir='ltr'>καὶ</span> <span class='ocrx_word' id='word_1_201' title='bbox 683 2400 859 2471; x_wconf 77' lang='grc' dir='ltr'>ῥᾷστα</span> <span class='ocrx_word' id='word_1_202' title='bbox 887 2400 1098 2469; x_wconf 87' lang='grc' dir='ltr'>γίνεται</span> <span class='ocrx_word' id='word_1_203' title='bbox 1149 2399 1558 2464; x_wconf 79' lang='grc' dir='ltr'>σπουδαζόντων</span> <span class='ocrx_word' id='word_1_204' title='bbox 1592 2400 1772 2471; x_wconf 87' lang='grc' dir='ltr'>ήμῶν.</span> <span class='ocrx_word' id='word_1_205' title='bbox 1806 2402 1882 2454; x_wconf 89' lang='grc' dir='ltr'>Οὐ</span> <span class='ocrx_word' id='word_1_206' title='bbox 1908 2401 2017 2474; x_wconf 83' lang='grc' dir='ltr'>γὰρ</span> 
     </span>
    </p>
   </div>
   <div class='ocr_carea' id='block_1_25' title="bbox 348 2484 2015 2561">
    <p class='ocr_par' dir='ltr' id='par_1_25' title="bbox 348 2484 2015 2561">
     <span class='ocr_line' id='line_1_25' title="bbox 348 2484 2015 2561; baseline 0.003 -23"><span class='ocrx_word' id='word_1_207' title='bbox 348 2486 408 2539; x_wconf 89' lang='grc' dir='ltr'>ἐν</span> <span class='ocrx_word' id='word_1_208' title='bbox 452 2487 518 2556; x_wconf 78' lang='grc' dir='ltr'>τῇ</span> <span class='ocrx_word' id='word_1_209' title='bbox 566 2484 727 2555; x_wconf 87' lang='grc' dir='ltr'>φύσει</span> <span class='ocrx_word' id='word_1_210' title='bbox 752 2486 863 2540; x_wconf 92' lang='grc' dir='ltr'>τῶν</span> <span class='ocrx_word' id='word_1_211' title='bbox 913 2487 1259 2559; x_wconf 82' lang='grc' dir='ltr'>πραγμάτων</span> <span class='ocrx_word' id='word_1_212' title='bbox 1307 2490 1341 2559; x_wconf 86' lang='grc' dir='ltr'>ή</span> <span class='ocrx_word' id='word_1_213' title='bbox 1390 2487 1671 2555; x_wconf 81' lang='grc' dir='ltr'>δυσκολία,</span> <span class='ocrx_word' id='word_1_214' title='bbox 1718 2489 1833 2543; x_wconf 86' lang='grc' dir='ltr'>ἀλλ’</span> <span class='ocrx_word' id='word_1_215' title='bbox 1865 2492 1924 2543; x_wconf 86' lang='grc' dir='ltr'>ἐν</span> <span class='ocrx_word' id='word_1_216' title='bbox 1942 2493 2015 2561; x_wconf 78' lang='grc' dir='ltr'>τῇ</span> 
     </span>
    </p>
   </div>
   <div class='ocr_carea' id='block_1_26' title="bbox 347 2572 2017 2650">
    <p class='ocr_par' dir='ltr' id='par_1_26' title="bbox 347 2572 2017 2650">
     <span class='ocr_line' id='line_1_26' title="bbox 347 2572 2017 2650; baseline 0.004 -25"><span class='ocrx_word' id='word_1_217' title='bbox 347 2575 666 2644; x_wconf 76' lang='grc' dir='ltr'>προαιρέσει</span> <span class='ocrx_word' id='word_1_218' title='bbox 696 2572 804 2628; x_wconf 89' lang='grc' dir='ltr'>τῶν</span> <span class='ocrx_word' id='word_1_219' title='bbox 845 2574 1157 2645; x_wconf 86' lang='grc' dir='ltr'>μετιόντων.</span> <span class='ocrx_word' id='word_1_220' title='bbox 1201 2575 1311 2628; x_wconf 82' lang='lat' dir='ltr'><strong><em>Kal</em></strong></span> <span class='ocrx_word' id='word_1_221' title='bbox 1343 2575 1427 2629; x_wconf 84' lang='grc' dir='ltr'>ὅτι</span> <span class='ocrx_word' id='word_1_222' title='bbox 1454 2574 1612 2629; x_wconf 86' lang='grc' dir='ltr'>τοῦτό</span> <span class='ocrx_word' id='word_1_223' title='bbox 1642 2578 1789 2629; x_wconf 81' lang='grc' dir='ltr'>ἐστιν</span> <span class='ocrx_word' id='word_1_224' title='bbox 1819 2577 2017 2650; x_wconf 78' lang='grc' dir='ltr'>ἀληθὲς</span> 
     </span>
    </p>
   </div>
   <div class='ocr_carea' id='block_1_27' title="bbox 348 2661 2014 2740">
    <p class='ocr_par' dir='ltr' id='par_1_27' title="bbox 348 2661 2014 2740">
     <span class='ocr_line' id='line_1_27' title="bbox 348 2661 2014 2740; baseline 0.005 -26"><span class='ocrx_word' id='word_1_225' title='bbox 348 2661 507 2732; x_wconf 79' lang='grc' dir='ltr'>δῆλον</span> <span class='ocrx_word' id='word_1_226' title='bbox 528 2661 776 2716; x_wconf 78' lang='grc' dir='ltr'>ἐντεῦθεν</span> <span class='ocrx_word' id='word_1_227' title='bbox 791 2680 807 2694; x_wconf 87' lang='grc'>·</span> <span class='ocrx_word' id='word_1_228' title='bbox 831 2662 893 2716; x_wconf 78' lang='grc' dir='ltr'>τὸ</span> <span class='ocrx_word' id='word_1_229' title='bbox 917 2662 1041 2733; x_wconf 88' lang='grc' dir='ltr'>μέλι</span> <span class='ocrx_word' id='word_1_230' title='bbox 1065 2661 1227 2732; x_wconf 87' lang='grc' dir='ltr'>φύσιν</span> <span class='ocrx_word' id='word_1_231' title='bbox 1242 2662 1356 2735; x_wconf 83' lang='grc' dir='ltr'>έχει</span> <span class='ocrx_word' id='word_1_232' title='bbox 1371 2665 1629 2733; x_wconf 88' lang='grc' dir='ltr'>γλυκεῖαν</span> <span class='ocrx_word' id='word_1_233' title='bbox 1656 2667 1752 2720; x_wconf 74' lang='grc' dir='ltr'>καὶ</span> <span class='ocrx_word' id='word_1_234' title='bbox 1771 2668 2014 2740; x_wconf 86' lang='grc' dir='ltr'>ήδίστην,</span> 
     </span>
    </p>
   </div>
   <div class='ocr_carea' id='block_1_28' title="bbox 349 2746 2015 2824">
    <p class='ocr_par' dir='ltr' id='par_1_28' title="bbox 349 2746 2015 2824">
     <span class='ocr_line' id='line_1_28' title="bbox 349 2746 2015 2824; baseline 0.006 -24"><span class='ocrx_word' id='word_1_235' title='bbox 349 2746 488 2801; x_wconf 88' lang='grc' dir='ltr'>ἀλλά</span> <span class='ocrx_word' id='word_1_236' title='bbox 516 2750 629 2811; x_wconf 78' lang='grc' dir='ltr'>τοῖς</span> <span class='ocrx_word' id='word_1_237' title='bbox 665 2748 881 2802; x_wconf 88' lang='grc' dir='ltr'>νοσοῦσι</span> <span class='ocrx_word' id='word_1_238' title='bbox 931 2750 1028 2803; x_wconf 76' lang='grc' dir='ltr'>καὶ</span> <span class='ocrx_word' id='word_1_239' title='bbox 1075 2750 1269 2822; x_wconf 79' lang='grc' dir='ltr'>πικρόν</span> <span class='ocrx_word' id='word_1_240' title='bbox 1316 2751 1433 2805; x_wconf 85' lang='grc' dir='ltr'>ἐστι</span> <span class='ocrx_word' id='word_1_241' title='bbox 1462 2753 1555 2806; x_wconf 77' lang='grc' dir='ltr'>καὶ</span> <span class='ocrx_word' id='word_1_242' title='bbox 1584 2753 1768 2824; x_wconf 77' lang='grc' dir='ltr'>ἀηδὲς,</span> <span class='ocrx_word' id='word_1_243' title='bbox 1804 2755 1920 2809; x_wconf 86' lang='grc' dir='ltr'>ἀλλ’</span> <span class='ocrx_word' id='word_1_244' title='bbox 1954 2756 2015 2809; x_wconf 90' lang='grc' dir='ltr'>οὐ</span> 
     </span>
    </p>
   </div>
   <div class='ocr_carea' id='block_1_29' title="bbox 350 2834 2017 2913">
    <p class='ocr_par' dir='ltr' id='par_1_29' title="bbox 350 2834 2017 2913">
     <span class='ocr_line' id='line_1_29' title="bbox 350 2834 2017 2913; baseline 0.007 -27"><span class='ocrx_word' id='word_1_245' title='bbox 350 2834 503 2905; x_wconf 84' lang='grc' dir='ltr'>παρά</span> <span class='ocrx_word' id='word_1_246' title='bbox 551 2834 649 2906; x_wconf 86' lang='grc' dir='ltr'>τὴν</span> <span class='ocrx_word' id='word_1_247' title='bbox 689 2835 898 2889; x_wconf 85' lang='grc' dir='ltr'>οίκείαν</span> <span class='ocrx_word' id='word_1_248' title='bbox 938 2834 1128 2905; x_wconf 89' lang='grc' dir='ltr'>φύσιν,</span> <span class='ocrx_word' id='word_1_249' title='bbox 1176 2836 1316 2890; x_wconf 89' lang='grc' dir='ltr'>ἀλλά</span> <span class='ocrx_word' id='word_1_250' title='bbox 1369 2839 1521 2910; x_wconf 90' lang='grc' dir='ltr'>παρά</span> <span class='ocrx_word' id='word_1_251' title='bbox 1559 2840 1657 2911; x_wconf 82' lang='grc' dir='ltr'>τὴν</span> <span class='ocrx_word' id='word_1_252' title='bbox 1705 2842 2017 2913; x_wconf 78' lang='grc' dir='ltr'>ἀρρωστίαν</span> 
     </span>
    </p>
   </div>
   <div class='ocr_carea' id='block_1_30' title="bbox 351 2921 2016 2999">
    <p class='ocr_par' dir='ltr' id='par_1_30' title="bbox 351 2921 2016 2999">
     <span class='ocr_line' id='line_1_30' title="bbox 351 2921 2016 2999; baseline 0.007 -26"><span class='ocrx_word' id='word_1_253' title='bbox 351 2922 605 2977; x_wconf 86' lang='grc' dir='ltr'>ἐκείνων·</span> <span class='ocrx_word' id='word_1_254' title='bbox 646 2921 791 2976; x_wconf 74' lang='grc' dir='ltr'>οὕτω</span> <span class='ocrx_word' id='word_1_255' title='bbox 829 2925 925 2977; x_wconf 78' lang='grc' dir='ltr'>καὶ</span> <span class='ocrx_word' id='word_1_256' title='bbox 963 2926 993 2977; x_wconf 85' lang='grc' dir='ltr'><strong>ὁ</strong></span> <span class='ocrx_word' id='word_1_257' title='bbox 1025 2925 1188 2995; x_wconf 84' lang='grc' dir='ltr'>νόμος</span> <span class='ocrx_word' id='word_1_258' title='bbox 1219 2925 1284 2980; x_wconf 87' lang='grc' dir='ltr'>ἀν</span> <span class='ocrx_word' id='word_1_259' title='bbox 1313 2925 1445 2997; x_wconf 81' lang='grc' dir='ltr'>δοκῇ</span> <span class='ocrx_word' id='word_1_260' title='bbox 1478 2928 1732 2999; x_wconf 77' lang='grc' dir='ltr'>φορτικὸς</span> <span class='ocrx_word' id='word_1_261' title='bbox 1763 2926 1922 2997; x_wconf 82' lang='grc' dir='ltr'>εἶναι,</span> <span class='ocrx_word' id='word_1_262' title='bbox 1953 2933 2016 2985; x_wconf 89' lang='grc' dir='ltr'>οὐ</span> 
     </span>
    </p>
   </div>
   <div class='ocr_carea' id='block_1_31' title="bbox 349 3010 2019 3090">
    <p class='ocr_par' dir='ltr' id='par_1_31' title="bbox 349 3010 2019 3090">
     <span class='ocr_line' id='line_1_31' title="bbox 349 3010 2019 3090; baseline 0.005 -28"><span class='ocrx_word' id='word_1_263' title='bbox 349 3010 503 3082; x_wconf 84' lang='grc' dir='ltr'>παρά</span> <span class='ocrx_word' id='word_1_264' title='bbox 523 3011 623 3082; x_wconf 84' lang='grc' dir='ltr'>τὴν</span> <span class='ocrx_word' id='word_1_265' title='bbox 646 3012 853 3065; x_wconf 87' lang='grc' dir='ltr'>οἰκείαν</span> <span class='ocrx_word' id='word_1_266' title='bbox 879 3010 1062 3081; x_wconf 90' lang='grc' dir='ltr'>φύσιν,</span> <span class='ocrx_word' id='word_1_267' title='bbox 1091 3012 1229 3067; x_wconf 88' lang='grc' dir='ltr'>ἀλλά</span> <span class='ocrx_word' id='word_1_268' title='bbox 1250 3014 1405 3085; x_wconf 84' lang='grc' dir='ltr'>παρά</span> <span class='ocrx_word' id='word_1_269' title='bbox 1435 3015 1533 3085; x_wconf 83' lang='grc' dir='ltr'>τὴν</span> <span class='ocrx_word' id='word_1_270' title='bbox 1555 3016 1831 3090; x_wconf 72' lang='grc' dir='ltr'>ἡμετέραν</span> <span class='ocrx_word' id='word_1_271' title='bbox 1853 3017 2019 3089; x_wconf 80' lang='grc' dir='ltr'>ρᾳθυ-</span> 
     </span>
    </p>
   </div>
   <div class='ocr_carea' id='block_1_32' title="bbox 353 3099 2020 3172">
    <p class='ocr_par' dir='ltr' id='par_1_32' title="bbox 353 3099 2020 3172">
     <span class='ocr_line' id='line_1_32' title="bbox 353 3099 2020 3172; baseline 0.005 -20"><span class='ocrx_word' id='word_1_272' title='bbox 353 3099 501 3168; x_wconf 89' lang='grc' dir='ltr'>μίαν.</span> <span class='ocrx_word' id='word_1_273' title='bbox 554 3100 628 3153; x_wconf 91' lang='grc' dir='ltr'>Οὐ</span> <span class='ocrx_word' id='word_1_274' title='bbox 673 3099 840 3164; x_wconf 89' lang='grc' dir='ltr'>πολύς</span> <span class='ocrx_word' id='word_1_275' title='bbox 893 3118 982 3172; x_wconf 82' lang='grc' dir='ltr'>μοι</span> <span class='ocrx_word' id='word_1_276' title='bbox 1029 3101 1192 3164; x_wconf 82' lang='grc' dir='ltr'>πόνος</span> <span class='ocrx_word' id='word_1_277' title='bbox 1238 3101 1410 3168; x_wconf 77' lang='grc' dir='ltr'>δεῖξαι</span> <span class='ocrx_word' id='word_1_278' title='bbox 1459 3101 1681 3157; x_wconf 76' lang='grc' dir='ltr'>εὔκολον</span> <span class='ocrx_word' id='word_1_279' title='bbox 1727 3105 1878 3171; x_wconf 75' lang='grc' dir='ltr'>ὄντα,</span> <span class='ocrx_word' id='word_1_280' title='bbox 1930 3106 2020 3161; x_wconf 72' lang='grc' dir='ltr'>ἵνα</span> 
     </span>
    </p>
   </div>
   <div class='ocr_carea' id='block_1_33' title="bbox 349 3185 2018 3267">
    <p class='ocr_par' dir='ltr' id='par_1_33' title="bbox 349 3185 2018 3267">
     <span class='ocr_line' id='line_1_33' title="bbox 349 3185 2018 3267; baseline 0.005 -27"><span class='ocrx_word' id='word_1_281' title='bbox 349 3185 669 3259; x_wconf 81' lang='grc' dir='ltr'>κατορθωθῇ</span> <span class='ocrx_word' id='word_1_282' title='bbox 687 3205 700 3219; x_wconf 90' lang='grc'>·</span> <span class='ocrx_word' id='word_1_283' title='bbox 735 3187 796 3241; x_wconf 83' lang='grc' dir='ltr'>τὸ</span> <span class='ocrx_word' id='word_1_284' title='bbox 823 3188 932 3261; x_wconf 85' lang='lat'>7&amp;9</span> <span class='ocrx_word' id='word_1_285' title='bbox 955 3186 1212 3243; x_wconf 87' lang='grc' dir='ltr'>δύσκολον</span> <span class='ocrx_word' id='word_1_286' title='bbox 1235 3190 1397 3243; x_wconf 80' lang='grc' dir='ltr'>αὐτὸν</span> <span class='ocrx_word' id='word_1_287' title='bbox 1438 3191 1625 3245; x_wconf 90' lang='grc' dir='ltr'>ποιοῦν</span> <span class='ocrx_word' id='word_1_288' title='bbox 1651 3191 1715 3246; x_wconf 83' lang='grc' dir='ltr'>τὸ</span> <span class='ocrx_word' id='word_1_289' title='bbox 1741 3193 1927 3265; x_wconf 70' lang='grc' dir='ltr'>ἕτερον</span> <span class='ocrx_word' id='word_1_290' title='bbox 1950 3190 2018 3267; x_wconf 82' lang='grc' dir='ltr'>ἦν</span> 
     </span>
    </p>
   </div>
   <div class='ocr_carea' id='block_1_34' title="bbox 348 3275 2016 3350">
    <p class='ocr_par' dir='ltr' id='par_1_34' title="bbox 348 3275 2016 3350">
     <span class='ocr_line' id='line_1_34' title="bbox 348 3275 2016 3350; baseline 0.005 -24"><span class='ocrx_word' id='word_1_291' title='bbox 348 3276 542 3329; x_wconf 77' lang='grc' dir='ltr'>εἰπεῖν.</span> <span class='ocrx_word' id='word_1_292' title='bbox 570 3275 685 3328; x_wconf 82' lang='grc' dir='ltr'>Νῦν</span> <span class='ocrx_word' id='word_1_293' title='bbox 718 3276 814 3347; x_wconf 87' lang='grc' dir='ltr'>μὲν</span> <span class='ocrx_word' id='word_1_294' title='bbox 835 3276 942 3347; x_wconf 88' lang='lat'>7&amp;9</span> <span class='ocrx_word' id='word_1_295' title='bbox 965 3275 1132 3345; x_wconf 83' lang='grc' dir='ltr'>λέγει,</span> <span class='ocrx_word' id='word_1_296' title='bbox 1164 3276 1307 3344; x_wconf 74' lang='grc' dir='ltr'>Φύγε</span> <span class='ocrx_word' id='word_1_297' title='bbox 1336 3276 1436 3348; x_wconf 78' lang='grc' dir='ltr'>τὴν</span> <span class='ocrx_word' id='word_1_298' title='bbox 1463 3277 1584 3347; x_wconf 74' lang='grc' dir='ltr'>ὄψιν</span> <span class='ocrx_word' id='word_1_299' title='bbox 1607 3279 1707 3350; x_wconf 80' lang='grc' dir='ltr'>τῆς</span> <span class='ocrx_word' id='word_1_300' title='bbox 1739 3280 2016 3349; x_wconf 81' lang='grc' dir='ltr'>γυναικὸς,</span> 
     </span>
    </p>
   </div>
   <div class='ocr_carea' id='block_1_35' title="bbox 348 3361 2018 3440">
    <p class='ocr_par' dir='ltr' id='par_1_35' title="bbox 348 3361 2018 3440">
     <span class='ocr_line' id='line_1_35' title="bbox 348 3361 2018 3440; baseline 0.004 -25"><span class='ocrx_word' id='word_1_301' title='bbox 348 3361 621 3434; x_wconf 89' lang='grc' dir='ltr'>ἀπόστηθι</span> <span class='ocrx_word' id='word_1_302' title='bbox 652 3366 752 3434; x_wconf 82' lang='grc' dir='ltr'>τῆς</span> <span class='ocrx_word' id='word_1_303' title='bbox 783 3363 1103 3431; x_wconf 86' lang='grc' dir='ltr'>ἀσελγείας·</span> <span class='ocrx_word' id='word_1_304' title='bbox 1140 3364 1201 3417; x_wconf 81' lang='grc' dir='ltr'>τὸ</span> <span class='ocrx_word' id='word_1_305' title='bbox 1235 3364 1291 3417; x_wconf 85' lang='grc' dir='ltr'>δὲ</span> <span class='ocrx_word' id='word_1_306' title='bbox 1318 3364 1557 3435; x_wconf 83' lang='grc' dir='ltr'>χαλεπὸν</span> <span class='ocrx_word' id='word_1_307' title='bbox 1585 3366 1648 3421; x_wconf 79' lang='grc' dir='ltr'>τὸ</span> <span class='ocrx_word' id='word_1_308' title='bbox 1679 3367 1923 3421; x_wconf 87' lang='grc' dir='ltr'>ἐναντίον</span> <span class='ocrx_word' id='word_1_309' title='bbox 1949 3364 2018 3440; x_wconf 80' lang='grc' dir='ltr'>ἦν</span> 
     </span>
    </p>
   </div>
   <div class='ocr_carea' id='block_1_36' title="bbox 351 3449 2021 3525">
    <p class='ocr_par' dir='ltr' id='par_1_36' title="bbox 351 3449 2021 3525">
     <span class='ocr_line' id='line_1_36' title="bbox 351 3449 2021 3525; baseline 0.004 -23"><span class='ocrx_word' id='word_1_310' title='bbox 351 3452 554 3504; x_wconf 84' lang='grc' dir='ltr'>εἰπεῖν·</span> <span class='ocrx_word' id='word_1_311' title='bbox 586 3449 986 3521; x_wconf 85' lang='grc' dir='ltr'>Καταμάνθανε</span> <span class='ocrx_word' id='word_1_312' title='bbox 1030 3451 1130 3514; x_wconf 83' lang='grc' dir='ltr'>τὰς</span> <span class='ocrx_word' id='word_1_313' title='bbox 1184 3455 1480 3519; x_wconf 88' lang='grc' dir='ltr'>γυναῖκας,</span> <span class='ocrx_word' id='word_1_314' title='bbox 1534 3455 1900 3525; x_wconf 83' lang='grc' dir='ltr'>περιεργάζου</span> <span class='ocrx_word' id='word_1_315' title='bbox 1951 3456 2021 3509; x_wconf 86' lang='grc' dir='ltr'>τά</span> 
     </span>
    </p>
   </div>
   <div class='ocr_carea' id='block_1_37' title="bbox 356 3535 2015 3611">
    <p class='ocr_par' dir='ltr' id='par_1_37' title="bbox 356 3535 2015 3611">
     <span class='ocr_line' id='line_1_37' title="bbox 356 3535 2015 3611; baseline 0.003 -22"><span class='ocrx_word' id='word_1_316' title='bbox 356 3535 529 3607; x_wconf 82' lang='grc' dir='ltr'>κάλλη</span> <span class='ocrx_word' id='word_1_317' title='bbox 575 3535 644 3588; x_wconf 86' lang='grc' dir='ltr'>τὰ</span> <span class='ocrx_word' id='word_1_318' title='bbox 694 3535 975 3606; x_wconf 78' lang='grc' dir='ltr'>ἀλλότρια,</span> <span class='ocrx_word' id='word_1_319' title='bbox 1003 3536 1099 3589; x_wconf 70' lang='grc' dir='ltr'>καὶ</span> <span class='ocrx_word' id='word_1_320' title='bbox 1144 3535 1287 3589; x_wconf 74' lang='grc' dir='ltr'>οὕτω</span> <span class='ocrx_word' id='word_1_321' title='bbox 1331 3538 1429 3607; x_wconf 80' lang='grc' dir='ltr'>τῆς</span> <span class='ocrx_word' id='word_1_322' title='bbox 1472 3537 1771 3608; x_wconf 73' lang='grc' dir='ltr'>ἐπιθυμίας</span> <span class='ocrx_word' id='word_1_323' title='bbox 1802 3540 2015 3611; x_wconf 88' lang='grc' dir='ltr'>κράτει.</span> 
     </span>
    </p>
   </div>
   <div class='ocr_carea' id='block_1_38' title="bbox 356 3620 2022 3700">
    <p class='ocr_par' dir='ltr' id='par_1_38' title="bbox 356 3620 2022 3700">
     <span class='ocr_line' id='line_1_38' title="bbox 356 3620 2022 3700; baseline 0.001 -21"><span class='ocrx_word' id='word_1_324' title='bbox 356 3625 529 3679; x_wconf 90' lang='grc' dir='ltr'>Τοῦτο</span> <span class='ocrx_word' id='word_1_325' title='bbox 546 3624 611 3695; x_wconf 84' lang='grc' dir='ltr'>δὴ</span> <span class='ocrx_word' id='word_1_326' title='bbox 629 3624 884 3678; x_wconf 87' lang='grc' dir='ltr'>δύσκολον</span> <span class='ocrx_word' id='word_1_327' title='bbox 902 3620 971 3695; x_wconf 85' lang='grc' dir='ltr'>ἦν</span> <span class='ocrx_word' id='word_1_328' title='bbox 987 3640 1000 3653; x_wconf 91' lang='grc'>·</span> <span class='ocrx_word' id='word_1_329' title='bbox 1022 3624 1085 3678; x_wconf 80' lang='grc' dir='ltr'>τὸ</span> <span class='ocrx_word' id='word_1_330' title='bbox 1103 3626 1160 3679; x_wconf 84' lang='grc' dir='ltr'>δὲ</span> <span class='ocrx_word' id='word_1_331' title='bbox 1181 3626 1352 3679; x_wconf 75' lang='grc' dir='ltr'>εἰπεῖν</span> <span class='ocrx_word' id='word_1_332' title='bbox 1372 3625 1552 3692; x_wconf 85' lang='grc' dir='ltr'>αὐτὸν,</span> <span class='ocrx_word' id='word_1_333' title='bbox 1574 3626 1716 3695; x_wconf 82' lang='grc' dir='ltr'>Φύγε</span> <span class='ocrx_word' id='word_1_334' title='bbox 1737 3626 1835 3698; x_wconf 85' lang='grc' dir='ltr'>τὴν</span> <span class='ocrx_word' id='word_1_335' title='bbox 1857 3628 2022 3700; x_wconf 88' lang='grc' dir='ltr'>κάμι-</span> 
     </span>
    </p>
   </div>
   <div class='ocr_carea' id='block_1_39' title="bbox 350 3709 2015 3786">
    <p class='ocr_par' dir='ltr' id='par_1_39' title="bbox 350 3709 2015 3786">
     <span class='ocr_line' id='line_1_39' title="bbox 350 3709 2015 3786; baseline 0.002 -21"><span class='ocrx_word' id='word_1_336' title='bbox 350 3730 461 3778; x_wconf 86' lang='grc' dir='ltr'>νον,</span> <span class='ocrx_word' id='word_1_337' title='bbox 496 3709 766 3782; x_wconf 85' lang='grc' dir='ltr'>ἀπόστηθι</span> <span class='ocrx_word' id='word_1_338' title='bbox 804 3710 898 3765; x_wconf 90' lang='grc' dir='ltr'>τοῦ</span> <span class='ocrx_word' id='word_1_339' title='bbox 928 3712 1129 3784; x_wconf 81' lang='grc' dir='ltr'>πυρὸς,</span> <span class='ocrx_word' id='word_1_340' title='bbox 1178 3712 1252 3783; x_wconf 75' lang='grc' dir='ltr'>μὴ</span> <span class='ocrx_word' id='word_1_341' title='bbox 1302 3712 1670 3786; x_wconf 80' lang='grc' dir='ltr'>προσεγγίσῃς</span> <span class='ocrx_word' id='word_1_342' title='bbox 1711 3716 1778 3785; x_wconf 84' lang='grc' dir='ltr'>τῇ</span> <span class='ocrx_word' id='word_1_343' title='bbox 1830 3714 2015 3785; x_wconf 82' lang='grc' dir='ltr'>φλογὶ,</span> 
     </span>
    </p>
   </div>
   <div class='ocr_carea' id='block_1_40' title="bbox 352 3798 2016 3873">
    <p class='ocr_par' dir='ltr' id='par_1_40' title="bbox 352 3798 2016 3873">
     <span class='ocr_line' id='line_1_40' title="bbox 352 3798 2016 3873; baseline 0 -19"><span class='ocrx_word' id='word_1_344' title='bbox 352 3800 441 3854; x_wconf 79' lang='grc' dir='ltr'>ἴνα</span> <span class='ocrx_word' id='word_1_345' title='bbox 464 3798 654 3872; x_wconf 82' lang='grc' dir='ltr'>μείνῃς</span> <span class='ocrx_word' id='word_1_346' title='bbox 688 3798 906 3869; x_wconf 82' lang='grc' dir='ltr'>ἀσινὴς,</span> <span class='ocrx_word' id='word_1_347' title='bbox 930 3798 1130 3870; x_wconf 86' lang='grc' dir='ltr'>πολλὴν</span> <span class='ocrx_word' id='word_1_348' title='bbox 1157 3798 1386 3871; x_wconf 82' lang='grc' dir='ltr'>έχειτὴν</span> <span class='ocrx_word' id='word_1_349' title='bbox 1413 3798 1683 3852; x_wconf 87' lang='grc' dir='ltr'>εὐκολίαν·</span> <span class='ocrx_word' id='word_1_350' title='bbox 1704 3800 1848 3853; x_wconf 91' lang='grc' dir='ltr'>κατά</span> <span class='ocrx_word' id='word_1_351' title='bbox 1868 3798 2016 3873; x_wconf 77' lang='grc'>[525]</span> 
     </span>
    </p>
   </div>
   <div class='ocr_carea' id='block_1_41' title="bbox 352 3885 2016 3958">
    <p class='ocr_par' dir='ltr' id='par_1_41' title="bbox 352 3885 2016 3958">
     <span class='ocr_line' id='line_1_41' title="bbox 352 3885 2016 3958; baseline 0.002 -19"><span class='ocrx_word' id='word_1_352' title='bbox 352 3886 517 3955; x_wconf 91' lang='grc' dir='ltr'>φύσιν</span> <span class='ocrx_word' id='word_1_353' title='bbox 553 3888 663 3956; x_wconf 86' lang='grc' dir='ltr'>γάρ</span> <span class='ocrx_word' id='word_1_354' title='bbox 699 3886 815 3939; x_wconf 85' lang='grc' dir='ltr'>ἐστι</span> <span class='ocrx_word' id='word_1_355' title='bbox 854 3885 917 3939; x_wconf 87' lang='grc' dir='ltr'>τὸ</span> <span class='ocrx_word' id='word_1_356' title='bbox 970 3886 1274 3956; x_wconf 78' lang='grc' dir='ltr'>ἐπίταγμα.</span> <span class='ocrx_word' id='word_1_357' title='bbox 1322 3886 1652 3941; x_wconf 81' lang='grc' dir='ltr'>Ἠκούσατε</span> <span class='ocrx_word' id='word_1_358' title='bbox 1680 3886 1770 3941; x_wconf 88' lang='grc' dir='ltr'>ὅτι</span> <span class='ocrx_word' id='word_1_359' title='bbox 1805 3887 2016 3958; x_wconf 77' lang='grc' dir='ltr'>ἐρρέθη</span> 
     </span>
    </p>
   </div>
   <div class='ocr_carea' id='block_1_42' title="bbox 348 3969 2020 4046">
    <p class='ocr_par' dir='ltr' id='par_1_42' title="bbox 348 3969 2020 4046">
     <span class='ocr_line' id='line_1_42' title="bbox 348 3969 2020 4046; baseline 0.001 -20"><span class='ocrx_word' id='word_1_360' title='bbox 348 3972 477 4040; x_wconf 83' lang='grc' dir='ltr'>τοῖς</span> <span class='ocrx_word' id='word_1_361' title='bbox 506 3972 797 4041; x_wconf 81' lang='grc' dir='ltr'>ἀρχαίοις,</span> <span class='ocrx_word' id='word_1_362' title='bbox 828 3974 909 4026; x_wconf 76' lang='grc' dir='ltr'>Οὐ</span> <span class='ocrx_word' id='word_1_363' title='bbox 929 3973 1295 4042; x_wconf 83' lang='grc' dir='ltr'>μοιχεύσεις.</span> <span class='ocrx_word' id='word_1_364' title='bbox 1335 3972 1495 4037; x_wconf 88' lang='grc' dir='ltr'>Τίνος</span> <span class='ocrx_word' id='word_1_365' title='bbox 1519 3969 1614 4027; x_wconf 84' lang='grc' dir='ltr'>οὖν</span> <span class='ocrx_word' id='word_1_366' title='bbox 1642 3973 1829 4028; x_wconf 75' lang='grc' dir='ltr'>ἕνεκεν</span> <span class='ocrx_word' id='word_1_367' title='bbox 1872 3976 2020 4046; x_wconf 76' lang='grc' dir='ltr'>ἡμᾶς</span> 
     </span>
    </p>
   </div>
   <div class='ocr_carea' id='block_1_43' title="bbox 350 4059 2013 4133">
    <p class='ocr_par' dir='ltr' id='par_1_43' title="bbox 350 4059 2013 4133">
     <span class='ocr_line' id='line_1_43' title="bbox 350 4059 2013 4133; baseline 0.001 -18"><span class='ocrx_word' id='word_1_368' title='bbox 350 4061 765 4132; x_wconf 79' lang='grc' dir='ltr'>ὑπομιμνήσκει</span> <span class='ocrx_word' id='word_1_369' title='bbox 814 4059 911 4113; x_wconf 87' lang='grc' dir='ltr'>τοῦ</span> <span class='ocrx_word' id='word_1_370' title='bbox 963 4059 1196 4113; x_wconf 87' lang='grc' dir='ltr'>παλαιοῦ</span> <span class='ocrx_word' id='word_1_371' title='bbox 1226 4061 1415 4131; x_wconf 86' lang='grc' dir='ltr'>νόμου,</span> <span class='ocrx_word' id='word_1_372' title='bbox 1439 4060 1627 4132; x_wconf 76' lang='grc' dir='ltr'>ἓτερον</span> <span class='ocrx_word' id='word_1_373' title='bbox 1660 4061 1871 4133; x_wconf 83' lang='grc' dir='ltr'>μέλλων</span> <span class='ocrx_word' id='word_1_374' title='bbox 1901 4066 2013 4117; x_wconf 84' lang='grc' dir='ltr'>είσ-</span> 
     </span>
    </p>
   </div>
   <div class='ocr_carea' id='block_1_44' title="bbox 351 4146 2019 4222">
    <p class='ocr_par' dir='ltr' id='par_1_44' title="bbox 351 4146 2019 4222">
     <span class='ocr_line' id='line_1_44' title="bbox 351 4146 2019 4222; baseline 0.001 -19"><span class='ocrx_word' id='word_1_375' title='bbox 351 4149 535 4217; x_wconf 83' lang='grc' dir='ltr'>ἀγειν;</span> <span class='ocrx_word' id='word_1_376' title='bbox 572 4150 691 4201; x_wconf 83' lang='grc' dir='ltr'>Ἵνα</span> <span class='ocrx_word' id='word_1_377' title='bbox 731 4147 841 4201; x_wconf 70' lang='grc' dir='ltr'>ἀπὸ</span> <span class='ocrx_word' id='word_1_378' title='bbox 865 4146 969 4217; x_wconf 82' lang='grc' dir='ltr'>τῆς</span> <span class='ocrx_word' id='word_1_379' title='bbox 1004 4148 1349 4218; x_wconf 84' lang='grc' dir='ltr'>συγκρίσεως</span> <span class='ocrx_word' id='word_1_380' title='bbox 1395 4148 1593 4222; x_wconf 80' lang='grc' dir='ltr'>μάθῃς,</span> <span class='ocrx_word' id='word_1_381' title='bbox 1627 4151 1712 4203; x_wconf 87' lang='grc' dir='ltr'>ὄτι</span> <span class='ocrx_word' id='word_1_382' title='bbox 1753 4150 1856 4204; x_wconf 88' lang='grc' dir='ltr'>οὐκ</span> <span class='ocrx_word' id='word_1_383' title='bbox 1902 4149 2019 4206; x_wconf 75' lang='grc' dir='ltr'>ἔστι</span> 
     </span>
    </p>
   </div>
   <div class='ocr_carea' id='block_1_45' title="bbox 355 4232 2020 4308">
    <p class='ocr_par' dir='ltr' id='par_1_45' title="bbox 355 4232 2020 4308">
     <span class='ocr_line' id='line_1_45' title="bbox 355 4232 2020 4308; baseline -0.001 -17"><span class='ocrx_word' id='word_1_384' title='bbox 355 4236 503 4307; x_wconf 85' lang='grc' dir='ltr'>μάχη</span> <span class='ocrx_word' id='word_1_385' title='bbox 550 4235 742 4289; x_wconf 88' lang='grc' dir='ltr'>τούτου</span> <span class='ocrx_word' id='word_1_386' title='bbox 791 4235 1086 4290; x_wconf 88' lang='grc' dir='ltr'>κάκείνου·</span> <span class='ocrx_word' id='word_1_387' title='bbox 1125 4236 1256 4288; x_wconf 84' lang='grc' dir='ltr'>ὅταν</span> <span class='ocrx_word' id='word_1_388' title='bbox 1304 4235 1413 4307; x_wconf 86' lang='lat'>7&amp;9</span> <span class='ocrx_word' id='word_1_389' title='bbox 1450 4236 1739 4308; x_wconf 84' lang='grc' dir='ltr'>σύγκρισις</span> <span class='ocrx_word' id='word_1_390' title='bbox 1787 4232 1845 4308; x_wconf 78' lang='grc' dir='ltr'>ᾗ,</span> <span class='ocrx_word' id='word_1_391' title='bbox 1898 4238 2020 4290; x_wconf 77' lang='grc' dir='ltr'>τότε</span> 
     </span>
    </p>
   </div>
   <div class='ocr_carea' id='block_1_46' title="bbox 352 4324 2022 4396">
    <p class='ocr_par' dir='ltr' id='par_1_46' title="bbox 352 4324 2022 4396">
     <span class='ocr_line' id='line_1_46' title="bbox 352 4324 2022 4396; baseline 0.001 -19"><span class='ocrx_word' id='word_1_392' title='bbox 352 4324 709 4396; x_wconf 82' lang='grc' dir='ltr'>φανερωτέρα</span> <span class='ocrx_word' id='word_1_393' title='bbox 753 4326 786 4395; x_wconf 88' lang='grc' dir='ltr'>ή</span> <span class='ocrx_word' id='word_1_394' title='bbox 835 4324 1018 4394; x_wconf 83' lang='grc' dir='ltr'>κρίσις</span> <span class='ocrx_word' id='word_1_395' title='bbox 1074 4325 1308 4393; x_wconf 81' lang='grc' dir='ltr'>γίνεται.</span> <span class='ocrx_word' id='word_1_396' title='bbox 1362 4324 1580 4396; x_wconf 80' lang='grc' dir='ltr'>Ἐπειδὴ</span> <span class='ocrx_word' id='word_1_397' title='bbox 1634 4325 1744 4396; x_wconf 82' lang='lat'>7&amp;9</span> <span class='ocrx_word' id='word_1_398' title='bbox 1794 4324 2022 4396; x_wconf 80' lang='grc' dir='ltr'>έμελλον</span> 
     </span>
    </p>
   </div>
   <div class='ocr_carea' id='block_1_47' title="bbox 352 4411 2019 4482">
    <p class='ocr_par' dir='ltr' id='par_1_47' title="bbox 352 4411 2019 4482">
     <span class='ocr_line' id='line_1_47' title="bbox 352 4411 2019 4482; baseline 0.002 -19"><span class='ocrx_word' id='word_1_399' title='bbox 352 4411 608 4480; x_wconf 83' lang='grc' dir='ltr'>ἐγκαλεῖν</span> <span class='ocrx_word' id='word_1_400' title='bbox 634 4427 800 4475; x_wconf 89' lang='grc' dir='ltr'>τινες,</span> <span class='ocrx_word' id='word_1_401' title='bbox 849 4412 934 4464; x_wconf 82' lang='grc' dir='ltr'>ὅτι</span> <span class='ocrx_word' id='word_1_402' title='bbox 963 4411 1398 4482; x_wconf 81' lang='grc' dir='ltr'>ἀντινομοθετῶν</span> <span class='ocrx_word' id='word_1_403' title='bbox 1433 4412 1606 4466; x_wconf 85' lang='grc' dir='ltr'>ταῦτα</span> <span class='ocrx_word' id='word_1_404' title='bbox 1633 4412 1818 4482; x_wconf 85' lang='grc' dir='ltr'>λέγει·</span> <span class='ocrx_word' id='word_1_405' title='bbox 1863 4414 2019 4479; x_wconf 78' lang='grc' dir='ltr'>Ἰδοὺ,</span> 
     </span>
    </p>
   </div>
   <div class='ocr_carea' id='block_1_48' title="bbox 353 4498 2018 4573">
    <p class='ocr_par' dir='ltr' id='par_1_48' title="bbox 353 4498 2018 4573">
     <span class='ocr_line' id='line_1_48' title="bbox 353 4498 2018 4573; baseline 0.003 -22"><span class='ocrx_word' id='word_1_406' title='bbox 353 4498 541 4569; x_wconf 81' lang='grc' dir='ltr'>φησὶν,</span> <span class='ocrx_word' id='word_1_407' title='bbox 589 4499 888 4570; x_wconf 73' lang='grc' dir='ltr'>ἑκατέρους</span> <span class='ocrx_word' id='word_1_408' title='bbox 945 4499 1267 4570; x_wconf 82' lang='grc' dir='ltr'>παράλληλα</span> <span class='ocrx_word' id='word_1_409' title='bbox 1317 4498 1539 4571; x_wconf 87' lang='grc' dir='ltr'>τίθεμαι</span> <span class='ocrx_word' id='word_1_410' title='bbox 1599 4502 1729 4564; x_wconf 86' lang='grc' dir='ltr'>τοὺς</span> <span class='ocrx_word' id='word_1_411' title='bbox 1778 4502 2018 4573; x_wconf 90' lang='grc' dir='ltr'>νόμους·</span> 
     </span>
    </p>
   </div>
   <div class='ocr_carea' id='block_1_49' title="bbox 352 4584 2020 4656">
    <p class='ocr_par' dir='ltr' id='par_1_49' title="bbox 352 4584 2020 4656">
     <span class='ocr_line' id='line_1_49' title="bbox 352 4584 2020 4656; baseline 0.002 -17"><span class='ocrx_word' id='word_1_412' title='bbox 352 4584 648 4656; x_wconf 88' lang='grc' dir='ltr'>δοκίμασον</span> <span class='ocrx_word' id='word_1_413' title='bbox 686 4586 780 4638; x_wconf 77' lang='grc' dir='ltr'>καὶ</span> <span class='ocrx_word' id='word_1_414' title='bbox 823 4584 962 4655; x_wconf 86' lang='grc' dir='ltr'>μάθε</span> <span class='ocrx_word' id='word_1_415' title='bbox 1004 4585 1102 4656; x_wconf 81' lang='grc' dir='ltr'>τὴν</span> <span class='ocrx_word' id='word_1_416' title='bbox 1156 4586 1478 4655; x_wconf 83' lang='grc' dir='ltr'>συμφωνίαν</span> <span class='ocrx_word' id='word_1_417' title='bbox 1503 4603 1516 4615; x_wconf 87' lang='grc'>·</span> <span class='ocrx_word' id='word_1_418' title='bbox 1564 4588 1627 4641; x_wconf 87' lang='grc' dir='ltr'>οὐ</span> <span class='ocrx_word' id='word_1_419' title='bbox 1677 4588 1870 4642; x_wconf 86' lang='grc' dir='ltr'>τούτου</span> <span class='ocrx_word' id='word_1_420' title='bbox 1909 4588 1968 4642; x_wconf 79' lang='grc' dir='ltr'>δὲ</span> <span class='ocrx_word' id='word_1_421' title='bbox 1994 4602 2020 4632; x_wconf 79' lang='grc' dir='ltr'>ι</span> 
     </span>
    </p>
   </div>
   <div class='ocr_carea' id='block_1_50' title="bbox 358 4670 2024 4747">
    <p class='ocr_par' dir='ltr' id='par_1_50' title="bbox 358 4670 2024 4747">
     <span class='ocr_line' id='line_1_50' title="bbox 358 4670 2024 4747; baseline 0.002 -21"><span class='ocrx_word' id='word_1_422' title='bbox 358 4673 542 4742; x_wconf 87' lang='grc' dir='ltr'>μόνον,</span> <span class='ocrx_word' id='word_1_423' title='bbox 593 4671 709 4726; x_wconf 84' lang='grc' dir='ltr'>ἀλλ’</span> <span class='ocrx_word' id='word_1_424' title='bbox 742 4672 832 4726; x_wconf 81' lang='grc' dir='ltr'>ἴνα</span> <span class='ocrx_word' id='word_1_425' title='bbox 860 4671 1009 4745; x_wconf 79' lang='grc' dir='ltr'>δείξῃ</span> <span class='ocrx_word' id='word_1_426' title='bbox 1041 4672 1138 4726; x_wconf 75' lang='grc' dir='ltr'>καὶ</span> <span class='ocrx_word' id='word_1_427' title='bbox 1185 4670 1409 4727; x_wconf 77' lang='grc' dir='ltr'>εὔκολον</span> <span class='ocrx_word' id='word_1_428' title='bbox 1437 4673 1589 4737; x_wconf 74' lang='grc' dir='ltr'>ὄντα,</span> <span class='ocrx_word' id='word_1_429' title='bbox 1622 4676 1717 4729; x_wconf 77' lang='grc' dir='ltr'>καὶ</span> <span class='ocrx_word' id='word_1_430' title='bbox 1748 4676 2024 4747; x_wconf 81' lang='grc' dir='ltr'>εὐκαίρως</span> 
     </span>
    </p>
   </div>
   <div class='ocr_carea' id='block_1_51' title="bbox 354 4759 2021 4832">
    <p class='ocr_par' dir='ltr' id='par_1_51' title="bbox 354 4759 2021 4832">
     <span class='ocr_line' id='line_1_51' title="bbox 354 4759 2021 4832; baseline 0.001 -18"><span class='ocrx_word' id='word_1_431' title='bbox 354 4760 732 4832; x_wconf 80' lang='grc' dir='ltr'>εἰσαγόμενον.</span> <span class='ocrx_word' id='word_1_432' title='bbox 765 4759 867 4815; x_wconf 87' lang='grc' dir='ltr'>Διά</span> <span class='ocrx_word' id='word_1_433' title='bbox 886 4760 1047 4815; x_wconf 88' lang='grc' dir='ltr'>τοῦτό</span> <span class='ocrx_word' id='word_1_434' title='bbox 1101 4777 1284 4831; x_wconf 83' lang='grc' dir='ltr'>φησιν.</span> <span class='ocrx_word' id='word_1_435' title='bbox 1326 4761 1667 4822; x_wconf 78' lang='grc' dir='ltr'>Ἠκούσατε,</span> <span class='ocrx_word' id='word_1_436' title='bbox 1694 4762 1785 4816; x_wconf 79' lang='grc' dir='ltr'>ὅτι</span> <span class='ocrx_word' id='word_1_437' title='bbox 1812 4762 2021 4831; x_wconf 75' lang='grc' dir='ltr'>ἐρρέθη</span> 
     </span>
    </p>
   </div>
   <div class='ocr_carea' id='block_1_52' title="bbox 352 4848 2023 4921">
    <p class='ocr_par' dir='ltr' id='par_1_52' title="bbox 352 4848 2023 4921">
     <span class='ocr_line' id='line_1_52' title="bbox 352 4848 2023 4921; baseline 0 -18"><span class='ocrx_word' id='word_1_438' title='bbox 352 4849 479 4915; x_wconf 85' lang='grc' dir='ltr'>τοῖς</span> <span class='ocrx_word' id='word_1_439' title='bbox 518 4849 812 4918; x_wconf 81' lang='grc' dir='ltr'>ἀρχαίοις,</span> <span class='ocrx_word' id='word_1_440' title='bbox 846 4850 932 4902; x_wconf 84' lang='grc' dir='ltr'>Οὐ</span> <span class='ocrx_word' id='word_1_441' title='bbox 956 4849 1336 4917; x_wconf 82' lang='grc' dir='ltr'>μοιχεύσεις·</span> <span class='ocrx_word' id='word_1_442' title='bbox 1365 4848 1620 4903; x_wconf 86' lang='grc' dir='ltr'>τοσοῦτον</span> <span class='ocrx_word' id='word_1_443' title='bbox 1654 4848 1845 4920; x_wconf 85' lang='grc' dir='ltr'>χρόνον</span> <span class='ocrx_word' id='word_1_444' title='bbox 1891 4854 2023 4921; x_wconf 86' lang='grc' dir='ltr'>ἐμε-</span> 
     </span>
    </p>
   </div>
   <div class='ocr_carea' id='block_1_53' title="bbox 355 4935 2024 5009">
    <p class='ocr_par' dir='ltr' id='par_1_53' title="bbox 355 4935 2024 5009">
     <span class='ocr_line' id='line_1_53' title="bbox 355 4935 2024 5009; baseline 0 -19"><span class='ocrx_word' id='word_1_445' title='bbox 355 4935 619 5008; x_wconf 81' lang='grc' dir='ltr'>λετήσατε</span> <span class='ocrx_word' id='word_1_446' title='bbox 669 4936 760 4990; x_wconf 83' lang='grc' dir='ltr'>τὸν</span> <span class='ocrx_word' id='word_1_447' title='bbox 796 4936 1030 4990; x_wconf 84' lang='grc' dir='ltr'>παλαιὸν</span> <span class='ocrx_word' id='word_1_448' title='bbox 1063 4936 1248 5007; x_wconf 91' lang='grc' dir='ltr'>νόμον.</span> <span class='ocrx_word' id='word_1_449' title='bbox 1283 4936 1494 5007; x_wconf 83' lang='grc' dir='ltr'>Ὥσπερ</span> <span class='ocrx_word' id='word_1_450' title='bbox 1524 4935 1842 5001; x_wconf 88' lang='grc' dir='ltr'>διδάσκαλος</span> <span class='ocrx_word' id='word_1_451' title='bbox 1886 4937 2024 5009; x_wconf 81' lang='grc' dir='ltr'>πρὸς</span> 
     </span>
    </p>
   </div>
   <div class='ocr_carea' id='block_1_54' title="bbox 353 5016 2025 5091">
    <p class='ocr_par' dir='ltr' id='par_1_54' title="bbox 353 5016 2025 5091">
     <span class='ocr_line' id='line_1_54' title="bbox 353 5016 2025 5091; baseline 0.001 -18"><span class='ocrx_word' id='word_1_452' title='bbox 353 5019 569 5073; x_wconf 85' lang='grc' dir='ltr'>παιδίον</span> <span class='ocrx_word' id='word_1_453' title='bbox 593 5017 767 5088; x_wconf 87' lang='grc' dir='ltr'>λέγων</span> <span class='ocrx_word' id='word_1_454' title='bbox 812 5018 1044 5091; x_wconf 81' lang='grc' dir='ltr'>ὀκνηρὸν</span> <span class='ocrx_word' id='word_1_455' title='bbox 1087 5021 1201 5082; x_wconf 88' lang='grc' dir='ltr'>τοῖς</span> <span class='ocrx_word' id='word_1_456' title='bbox 1238 5016 1417 5073; x_wconf 72' lang='grc' dir='ltr'>πάλαι</span> <span class='ocrx_word' id='word_1_457' title='bbox 1442 5018 1470 5058; x_wconf 73' lang='lat' dir='ltr'><strong>b</strong></span> <span class='ocrx_word' id='word_1_458' title='bbox 1503 5018 1824 5091; x_wconf 85' lang='grc' dir='ltr'>βουλόμενον</span> <span class='ocrx_word' id='word_1_459' title='bbox 1851 5020 2025 5075; x_wconf 84' lang='grc' dir='ltr'>ἐνδια-</span> 
     </span>
    </p>
   </div>
   <div class='ocr_carea' id='block_1_55' title="bbox 353 5105 2024 5179">
    <p class='ocr_par' dir='ltr' id='par_1_55' title="bbox 353 5105 2024 5179">
     <span class='ocr_line' id='line_1_55' title="bbox 353 5105 2024 5179; baseline 0 -20"><span class='ocrx_word' id='word_1_460' title='bbox 353 5106 564 5179; x_wconf 78' lang='grc' dir='ltr'>τρίϐειν</span> <span class='ocrx_word' id='word_1_461' title='bbox 618 5105 699 5159; x_wconf 76' lang='grc' dir='ltr'>ἐτι</span> <span class='ocrx_word' id='word_1_462' title='bbox 745 5107 1083 5178; x_wconf 87' lang='grc' dir='ltr'>μαθήμασιν,</span> <span class='ocrx_word' id='word_1_463' title='bbox 1132 5108 1226 5161; x_wconf 79' lang='grc' dir='ltr'>ἐπὶ</span> <span class='ocrx_word' id='word_1_464' title='bbox 1274 5106 1346 5160; x_wconf 73' lang='grc' dir='ltr'>τὰ</span> <span class='ocrx_word' id='word_1_465' title='bbox 1379 5106 1688 5179; x_wconf 72' lang='grc' dir='ltr'>ὑψηλότερα</span> <span class='ocrx_word' id='word_1_466' title='bbox 1727 5108 2024 5178; x_wconf 83' lang='grc' dir='ltr'>ἀναγαγεῖν</span> 
     </span>
    </p>
   </div>
   <div class='ocr_carea' id='block_1_56' title="bbox 358 5194 2025 5269">
    <p class='ocr_par' dir='ltr' id='par_1_56' title="bbox 358 5194 2025 5269">
     <span class='ocr_line' id='line_1_56' title="bbox 358 5194 2025 5269; baseline 0.001 -21"><span class='ocrx_word' id='word_1_467' title='bbox 358 5196 529 5250; x_wconf 83' lang='grc' dir='ltr'>θέλων</span> <span class='ocrx_word' id='word_1_468' title='bbox 554 5195 722 5265; x_wconf 82' lang='grc' dir='ltr'>λέγει,</span> <span class='ocrx_word' id='word_1_469' title='bbox 756 5196 1038 5268; x_wconf 88' lang='grc' dir='ltr'>Ἐννόησον</span> <span class='ocrx_word' id='word_1_470' title='bbox 1070 5194 1235 5250; x_wconf 89' lang='grc' dir='ltr'>πόσον</span> <span class='ocrx_word' id='word_1_471' title='bbox 1267 5195 1458 5269; x_wconf 83' lang='grc' dir='ltr'>χρόνον</span> <span class='ocrx_word' id='word_1_472' title='bbox 1485 5195 1548 5249; x_wconf 84' lang='grc' dir='ltr'>τὸ</span> <span class='ocrx_word' id='word_1_473' title='bbox 1593 5196 1827 5267; x_wconf 89' lang='grc' dir='ltr'>μάθημα</span> <span class='ocrx_word' id='word_1_474' title='bbox 1867 5195 2025 5250; x_wconf 88' lang='grc' dir='ltr'>τοῦτο</span> 
     </span>
    </p>
   </div>
   <div class='ocr_carea' id='block_1_57' title="bbox 355 5283 2025 5357">
    <p class='ocr_par' dir='ltr' id='par_1_57' title="bbox 355 5283 2025 5357">
     <span class='ocr_line' id='line_1_57' title="bbox 355 5283 2025 5357; baseline 0.002 -19"><span class='ocrx_word' id='word_1_475' title='bbox 355 5284 625 5357; x_wconf 75' lang='grc' dir='ltr'>κατέσχες</span> <span class='ocrx_word' id='word_1_476' title='bbox 644 5302 657 5316; x_wconf 87' lang='grc'>·</span> <span class='ocrx_word' id='word_1_477' title='bbox 678 5283 821 5338; x_wconf 76' lang='grc' dir='ltr'>οὕτω</span> <span class='ocrx_word' id='word_1_478' title='bbox 849 5283 943 5337; x_wconf 74' lang='grc' dir='ltr'>καὶ</span> <span class='ocrx_word' id='word_1_479' title='bbox 963 5285 994 5338; x_wconf 84' lang='grc' dir='ltr'>ὁ</span> <span class='ocrx_word' id='word_1_480' title='bbox 1021 5283 1254 5355; x_wconf 83' lang='grc' dir='ltr'>Χριστὸς</span> <span class='ocrx_word' id='word_1_481' title='bbox 1272 5284 1727 5354; x_wconf 86' lang='grc' dir='ltr'>ἀναμιμνήσκων.</span> <span class='ocrx_word' id='word_1_482' title='bbox 1745 5284 1827 5337; x_wconf 88' lang='grc' dir='ltr'>ὃτι</span> <span class='ocrx_word' id='word_1_483' title='bbox 1859 5285 2025 5341; x_wconf 78' lang='grc' dir='ltr'>πολὺν</span> 
     </span>
    </p>
   </div>
   <div class='ocr_carea' id='block_1_58' title="bbox 356 5370 2023 5446">
    <p class='ocr_par' dir='ltr' id='par_1_58' title="bbox 356 5370 2023 5446">
     <span class='ocr_line' id='line_1_58' title="bbox 356 5370 2023 5446; baseline 0.002 -19"><span class='ocrx_word' id='word_1_484' title='bbox 356 5373 549 5445; x_wconf 82' lang='grc' dir='ltr'>χρόνον</span> <span class='ocrx_word' id='word_1_485' title='bbox 582 5372 940 5445; x_wconf 73' lang='grc' dir='ltr'>ἐμελέτησαν,</span> <span class='ocrx_word' id='word_1_486' title='bbox 992 5373 1087 5426; x_wconf 69' lang='grc' dir='ltr'>καὶ</span> <span class='ocrx_word' id='word_1_487' title='bbox 1131 5372 1397 5443; x_wconf 83' lang='grc' dir='ltr'>κατέσχον</span> <span class='ocrx_word' id='word_1_488' title='bbox 1434 5370 1525 5426; x_wconf 76' lang='grc' dir='ltr'>τὸν</span> <span class='ocrx_word' id='word_1_489' title='bbox 1566 5372 1794 5427; x_wconf 71' lang='grc' dir='ltr'>παλαιὸν</span> <span class='ocrx_word' id='word_1_490' title='bbox 1836 5374 2023 5446; x_wconf 90' lang='grc' dir='ltr'>νόμον,</span> 
     </span>
    </p>
   </div>
   <div class='ocr_carea' id='block_1_59' title="bbox 357 5459 2025 5533">
    <p class='ocr_par' dir='ltr' id='par_1_59' title="bbox 357 5459 2025 5533">
     <span class='ocr_line' id='line_1_59' title="bbox 357 5459 2025 5533; baseline 0.001 -19"><span class='ocrx_word' id='word_1_491' title='bbox 357 5462 453 5514; x_wconf 76' lang='grc' dir='ltr'>καὶ</span> <span class='ocrx_word' id='word_1_492' title='bbox 481 5461 671 5533; x_wconf 79' lang='grc' dir='ltr'>καιρὸς</span> <span class='ocrx_word' id='word_1_493' title='bbox 718 5459 903 5514; x_wconf 75' lang='grc' dir='ltr'>λοιπὸν</span> <span class='ocrx_word' id='word_1_494' title='bbox 935 5460 1073 5531; x_wconf 83' lang='grc' dir='ltr'>πρὸς</span> <span class='ocrx_word' id='word_1_495' title='bbox 1116 5459 1209 5516; x_wconf 86' lang='grc' dir='ltr'>τὸν</span> <span class='ocrx_word' id='word_1_496' title='bbox 1246 5459 1582 5532; x_wconf 77' lang='grc' dir='ltr'>ὑψηλότερον</span> <span class='ocrx_word' id='word_1_497' title='bbox 1614 5460 1892 5529; x_wconf 83' lang='grc' dir='ltr'>ἀνελθεῖν,</span> <span class='ocrx_word' id='word_1_498' title='bbox 1943 5464 2025 5528; x_wconf 92' lang='grc' dir='ltr'>είς</span> 
     </span>
    </p>
   </div>
   <div class='ocr_carea' id='block_1_60' title="bbox 426 5716 2021 5781">
    <p class='ocr_par' dir='ltr' id='par_1_60' title="bbox 426 5716 2021 5781">
     <span class='ocr_line' id='line_1_60' title="bbox 426 5716 2021 5781; baseline 0.006 -18"><span class='ocrx_word' id='word_1_499' title='bbox 426 5718 454 5781; x_wconf 63' lang='grc' dir='ltr'><strong><em>ξ</em></strong></span> <span class='ocrx_word' id='word_1_500' title='bbox 485 5716 671 5781; x_wconf 66' lang='grc' dir='ltr'>ξυρρῖε</span> <span class='ocrx_word' id='word_1_501' title='bbox 694 5719 867 5781; x_wconf 65' lang='grc' dir='ltr'>ἕνεκεν,</span> <span class='ocrx_word' id='word_1_502' title='bbox 889 5720 984 5767; x_wconf 74' lang='lat' dir='ltr'>nisi</span> <span class='ocrx_word' id='word_1_503' title='bbox 1022 5719 1163 5781; x_wconf 76' lang='lat' dir='ltr'><strong><em>malis</em></strong></span> <span class='ocrx_word' id='word_1_504' title='bbox 1182 5720 1357 5781; x_wconf 79' lang='lat' dir='ltr'>legere</span> <span class='ocrx_word' id='word_1_505' title='bbox 1380 5717 1524 5769; x_wconf 86' lang='grc' dir='ltr'>τοῦτο</span> <span class='ocrx_word' id='word_1_506' title='bbox 1545 5719 1655 5771; x_wconf 85' lang='lat' dir='ltr'>loco</span> <span class='ocrx_word' id='word_1_507' title='bbox 1672 5719 1860 5772; x_wconf 84' lang='grc' dir='ltr'>τούτου.</span> <span class='ocrx_word' id='word_1_508' title='bbox 1885 5724 2021 5775; x_wconf 76' lang='lat' dir='ltr'>Enn.</span> 
     </span>
    </p>
   </div>
   <div class='ocr_carea' id='block_1_61' title="bbox 427 5773 1312 5839">
    <p class='ocr_par' dir='ltr' id='par_1_61' title="bbox 427 5773 1312 5839">
     <span class='ocr_line' id='line_1_61' title="bbox 427 5773 1312 5839; baseline 0.006 -14"><span class='ocrx_word' id='word_1_509' title='bbox 427 5773 457 5815; x_wconf 70' lang='grc' dir='ltr'>δ</span> <span class='ocrx_word' id='word_1_510' title='bbox 479 5773 647 5825; x_wconf 74' lang='grc' dir='ltr'>οιιοὶ).</span> <span class='ocrx_word' id='word_1_511' title='bbox 668 5783 723 5826; x_wconf 74' lang='lat' dir='ltr'><strong>et</strong></span> <span class='ocrx_word' id='word_1_512' title='bbox 747 5773 941 5830; x_wconf 72' lang='lat' dir='ltr'>Bardcc.</span> <span class='ocrx_word' id='word_1_513' title='bbox 963 5780 1063 5838; x_wconf 80' lang='grc' dir='ltr'>τοῖς</span> <span class='ocrx_word' id='word_1_514' title='bbox 1079 5773 1312 5839; x_wconf 54' lang='lat' dir='ltr'>«mnarg.</span> 
     </span>
    </p>
   </div>
   <div class='ocr_carea' id='block_1_62' title="bbox 1122 352 2956 415">
    <p class='ocr_par' dir='ltr' id='par_1_62' title="bbox 1122 352 2956 415">
     <span class='ocr_line' id='line_1_62' title="bbox 1122 352 2956 415; baseline -0.002 -4"><span class='ocrx_word' id='word_1_515' title='bbox 1122 357 1184 411; x_wconf 85' lang='lat' dir='ltr'>S.</span> <span class='ocrx_word' id='word_1_516' title='bbox 1216 357 1502 415; x_wconf 80' lang='lat' dir='ltr'>JOANNIS</span> <span class='ocrx_word' id='word_1_517' title='bbox 1535 352 2028 414; x_wconf 73' lang='lat' dir='ltr'>CHRYSOSTOMI</span> <span class='ocrx_word' id='word_1_518' title='bbox 2067 353 2383 411; x_wconf 76' lang='lat' dir='ltr'>ARCHIEP.</span> <span class='ocrx_word' id='word_1_519' title='bbox 2412 354 2956 415; x_wconf 80' lang='lat' dir='ltr'>CONS’I‘ANTINOP.</span> 
     </span>
    </p>
   </div>
   <div class='ocr_carea' id='block_1_63' title="bbox 3682 354 3785 410">
    <p class='ocr_par' dir='ltr' id='par_1_63' title="bbox 3682 354 3785 410">
     <span class='ocr_line' id='line_1_63' title="bbox 3682 354 3785 410; baseline -0.019 0"><span class='ocrx_word' id='word_1_520' title='bbox 3682 354 3785 410; x_wconf 72' lang='lat'>329.</span> 
     </span>
    </p>
   </div>
   <div class='ocr_carea' id='block_1_64' title="bbox 2124 469 3779 542">
    <p class='ocr_par' dir='ltr' id='par_1_64' title="bbox 2124 469 3779 542">
     <span class='ocr_line' id='line_1_64' title="bbox 2124 469 3779 542; baseline 0.01 -21"><span class='ocrx_word' id='word_1_521' title='bbox 2124 469 2225 539; x_wconf 88' lang='grc' dir='ltr'>τήν</span> <span class='ocrx_word' id='word_1_522' title='bbox 2284 486 2416 524; x_wconf 90' lang='grc' dir='ltr'>ποτε</span> <span class='ocrx_word' id='word_1_523' title='bbox 2465 471 2665 536; x_wconf 82' lang='grc' dir='ltr'>αὐτοὺς</span> <span class='ocrx_word' id='word_1_524' title='bbox 2716 471 3038 542; x_wconf 86' lang='grc' dir='ltr'>νομοθεσίαν</span> <span class='ocrx_word' id='word_1_525' title='bbox 3084 469 3195 525; x_wconf 89' lang='grc' dir='ltr'>τῶν</span> <span class='ocrx_word' id='word_1_526' title='bbox 3233 474 3482 542; x_wconf 81' lang='grc' dir='ltr'>πατέρων</span> <span class='ocrx_word' id='word_1_527' title='bbox 3535 470 3779 542; x_wconf 72' lang='grc' dir='ltr'>ἀνήγαγε</span> 
     </span>
    </p>
   </div>
   <div class='ocr_carea' id='block_1_65' title="bbox 2122 559 3782 630">
    <p class='ocr_par' dir='ltr' id='par_1_65' title="bbox 2122 559 3782 630">
     <span class='ocr_line' id='line_1_65' title="bbox 2122 559 3782 630; baseline -0.001 -18"><span class='ocrx_word' id='word_1_528' title='bbox 2122 559 2330 629; x_wconf 86' lang='grc' dir='ltr'>λέγων,</span> <span class='ocrx_word' id='word_1_529' title='bbox 2385 562 2717 616; x_wconf 83' lang='grc' dir='ltr'>Ἠκούσατε</span> <span class='ocrx_word' id='word_1_530' title='bbox 2767 562 2858 616; x_wconf 83' lang='grc' dir='ltr'>ὅτι</span> <span class='ocrx_word' id='word_1_531' title='bbox 2908 560 3116 630; x_wconf 81' lang='grc' dir='ltr'>έῤῥέθη</span> <span class='ocrx_word' id='word_1_532' title='bbox 3173 559 3297 626; x_wconf 79' lang='grc' dir='ltr'>τοῖς</span> <span class='ocrx_word' id='word_1_533' title='bbox 3347 560 3654 629; x_wconf 79' lang='grc' dir='ltr'>ἀρχαίοις,</span> <span class='ocrx_word' id='word_1_534' title='bbox 3704 561 3782 612; x_wconf 82' lang='grc' dir='ltr'>Οὐ</span> 
     </span>
    </p>
   </div>
   <div class='ocr_carea' id='block_1_66' title="bbox 2115 643 3786 719">
    <p class='ocr_par' dir='ltr' id='par_1_66' title="bbox 2115 643 3786 719">
     <span class='ocr_line' id='line_1_66' title="bbox 2115 643 3786 719; baseline -0.001 -19"><span class='ocrx_word' id='word_1_535' title='bbox 2115 651 2485 717; x_wconf 83' lang='grc' dir='ltr'>μοιχεύσεις.</span> <span class='ocrx_word' id='word_1_536' title='bbox 2539 650 2746 702; x_wconf 88' lang='grc' dir='ltr'>Ἐκεῖνο</span> <span class='ocrx_word' id='word_1_537' title='bbox 2787 651 2901 712; x_wconf 91' lang='grc' dir='ltr'>τοῖς</span> <span class='ocrx_word' id='word_1_538' title='bbox 2951 648 3199 719; x_wconf 80' lang='grc' dir='ltr'>ἀρχαίοις</span> <span class='ocrx_word' id='word_1_539' title='bbox 3248 645 3467 717; x_wconf 82' lang='grc' dir='ltr'>ἐρρέθη,</span> <span class='ocrx_word' id='word_1_540' title='bbox 3519 644 3668 715; x_wconf 81' lang='grc' dir='ltr'>Ἐγὼ</span> <span class='ocrx_word' id='word_1_541' title='bbox 3717 643 3786 699; x_wconf 69' lang='grc' dir='ltr'>δὲ</span> 
     </span>
    </p>
   </div>
   <div class='ocr_carea' id='block_1_67' title="bbox 2123 732 3783 807">
    <p class='ocr_par' dir='ltr' id='par_1_67' title="bbox 2123 732 3783 807">
     <span class='ocr_line' id='line_1_67' title="bbox 2123 732 3783 807; baseline -0.001 -20"><span class='ocrx_word' id='word_1_542' title='bbox 2123 734 2279 804; x_wconf 74' lang='grc' dir='ltr'>λέγω</span> <span class='ocrx_word' id='word_1_543' title='bbox 2308 734 2479 803; x_wconf 66' lang='grc' dir='ltr'>ὑμῖν.</span> <span class='ocrx_word' id='word_1_544' title='bbox 2514 735 2578 788; x_wconf 89' lang='grc' dir='ltr'>Εί</span> <span class='ocrx_word' id='word_1_545' title='bbox 2613 735 2712 806; x_wconf 78' lang='grc' dir='ltr'>μὲν</span> <span class='ocrx_word' id='word_1_546' title='bbox 2742 734 2850 807; x_wconf 84' lang='grc' dir='ltr'>γὰρ</span> <span class='ocrx_word' id='word_1_547' title='bbox 2880 737 2992 798; x_wconf 88' lang='grc' dir='ltr'>τοῖς</span> <span class='ocrx_word' id='word_1_548' title='bbox 3020 733 3268 806; x_wconf 85' lang='grc' dir='ltr'>ἀρχαίοις</span> <span class='ocrx_word' id='word_1_549' title='bbox 3312 732 3516 801; x_wconf 77' lang='grc' dir='ltr'>ἔλεγεν,</span> <span class='ocrx_word' id='word_1_550' title='bbox 3559 732 3783 797; x_wconf 75' lang='grc' dir='ltr'>εἰκότως</span> 
     </span>
    </p>
   </div>
   <div class='ocr_carea' id='block_1_68' title="bbox 2123 818 3781 892">
    <p class='ocr_par' dir='ltr' id='par_1_68' title="bbox 2123 818 3781 892">
     <span class='ocr_line' id='line_1_68' title="bbox 2123 818 3781 892; baseline -0.001 -20"><span class='ocrx_word' id='word_1_551' title='bbox 2123 820 2411 891; x_wconf 79' lang='grc' dir='ltr'>ήσχαλλες,</span> <span class='ocrx_word' id='word_1_552' title='bbox 2456 820 2547 874; x_wconf 87' lang='grc' dir='ltr'>δτε</span> <span class='ocrx_word' id='word_1_553' title='bbox 2592 822 2944 892; x_wconf 83' lang='grc' dir='ltr'>ἀτελέστερον</span> <span class='ocrx_word' id='word_1_554' title='bbox 2969 819 3124 892; x_wconf 87' lang='grc' dir='ltr'>ὐμῶν</span> <span class='ocrx_word' id='word_1_555' title='bbox 3145 822 3178 889; x_wconf 90' lang='grc' dir='ltr'>ή</span> <span class='ocrx_word' id='word_1_556' title='bbox 3206 818 3368 889; x_wconf 81' lang='grc' dir='ltr'>φύσις</span> <span class='ocrx_word' id='word_1_557' title='bbox 3394 818 3630 872; x_wconf 86' lang='grc' dir='ltr'>διέκειτο</span> <span class='ocrx_word' id='word_1_558' title='bbox 3648 836 3662 850; x_wconf 89' lang='grc'>·</span> <span class='ocrx_word' id='word_1_559' title='bbox 3696 819 3781 871; x_wconf 83' lang='grc' dir='ltr'>ὅτε</span> 
     </span>
    </p>
   </div>
   <div class='ocr_carea' id='block_1_69' title="bbox 2122 904 3785 979">
    <p class='ocr_par' dir='ltr' id='par_1_69' title="bbox 2122 904 3785 979">
     <span class='ocr_line' id='line_1_69' title="bbox 2122 904 3785 979; baseline 0 -20"><span class='ocrx_word' id='word_1_560' title='bbox 2122 906 2179 959; x_wconf 83' lang='grc' dir='ltr'>δέ</span> <span class='ocrx_word' id='word_1_561' title='bbox 2230 907 2503 961; x_wconf 80' lang='grc' dir='ltr'>ἐπέδωκεν</span> <span class='ocrx_word' id='word_1_562' title='bbox 2555 909 2591 979; x_wconf 86' lang='grc' dir='ltr'>ή</span> <span class='ocrx_word' id='word_1_563' title='bbox 2646 909 2807 977; x_wconf 81' lang='grc' dir='ltr'>φύσις</span> <span class='ocrx_word' id='word_1_564' title='bbox 2831 948 2847 975; x_wconf 93' lang='grc'>,</span> <span class='ocrx_word' id='word_1_565' title='bbox 2899 909 2990 962; x_wconf 87' lang='grc' dir='ltr'>ὅτε</span> <span class='ocrx_word' id='word_1_566' title='bbox 3043 906 3352 978; x_wconf 84' lang='grc' dir='ltr'>τελειοτέρα</span> <span class='ocrx_word' id='word_1_567' title='bbox 3424 904 3639 974; x_wconf 87' lang='grc' dir='ltr'>γέγονε,</span> <span class='ocrx_word' id='word_1_568' title='bbox 3690 905 3785 959; x_wconf 73' lang='grc' dir='ltr'>καὶ</span> 
     </span>
    </p>
   </div>
   <div class='ocr_carea' id='block_1_70' title="bbox 2121 990 3785 1066">
    <p class='ocr_par' dir='ltr' id='par_1_70' title="bbox 2121 990 3785 1066">
     <span class='ocr_line' id='line_1_70' title="bbox 2121 990 3785 1066; baseline -0.001 -20"><span class='ocrx_word' id='word_1_569' title='bbox 2121 992 2467 1065; x_wconf 87' lang='grc' dir='ltr'>διδαγμάτων</span> <span class='ocrx_word' id='word_1_570' title='bbox 2500 994 2849 1066; x_wconf 83' lang='grc' dir='ltr'>τελειοτέρων</span> <span class='ocrx_word' id='word_1_571' title='bbox 2893 994 3077 1047; x_wconf 75' lang='grc' dir='ltr'>λοιπὸν</span> <span class='ocrx_word' id='word_1_572' title='bbox 3107 994 3320 1065; x_wconf 87' lang='grc' dir='ltr'>καιρός.</span> <span class='ocrx_word' id='word_1_573' title='bbox 3366 990 3466 1045; x_wconf 79' lang='grc' dir='ltr'>Διὰ</span> <span class='ocrx_word' id='word_1_574' title='bbox 3494 991 3655 1045; x_wconf 90' lang='grc' dir='ltr'>τοῦτο</span> <span class='ocrx_word' id='word_1_575' title='bbox 3694 992 3785 1045; x_wconf 71' lang='grc' dir='ltr'>καὶ</span> 
     </span>
    </p>
   </div>
   <div class='ocr_carea' id='block_1_71' title="bbox 2122 1078 3784 1154">
    <p class='ocr_par' dir='ltr' id='par_1_71' title="bbox 2122 1078 3784 1154">
     <span class='ocr_line' id='line_1_71' title="bbox 2122 1078 3784 1154; baseline -0.002 -20"><span class='ocrx_word' id='word_1_576' title='bbox 2122 1082 2425 1152; x_wconf 85' lang='grc' dir='ltr'>ἀρχόμενος</span> <span class='ocrx_word' id='word_1_577' title='bbox 2442 1082 2541 1152; x_wconf 82' lang='grc' dir='ltr'>τῆς</span> <span class='ocrx_word' id='word_1_578' title='bbox 2567 1083 2907 1153; x_wconf 82' lang='grc' dir='ltr'>νομοθεσίας,</span> <span class='ocrx_word' id='word_1_579' title='bbox 2940 1084 3025 1136; x_wconf 79' lang='grc' dir='ltr'>ἵνα</span> <span class='ocrx_word' id='word_1_580' title='bbox 3044 1084 3117 1154; x_wconf 85' lang='grc' dir='ltr'>μή</span> <span class='ocrx_word' id='word_1_581' title='bbox 3142 1098 3227 1145; x_wconf 90' lang='grc' dir='ltr'>τις</span> <span class='ocrx_word' id='word_1_582' title='bbox 3251 1081 3352 1151; x_wconf 80' lang='grc' dir='ltr'>τὴν</span> <span class='ocrx_word' id='word_1_583' title='bbox 3374 1079 3624 1134; x_wconf 86' lang='grc' dir='ltr'>ἐπίτασιν</span> <span class='ocrx_word' id='word_1_584' title='bbox 3647 1078 3784 1150; x_wconf 87' lang='grc' dir='ltr'>ὁρῶν</span> 
     </span>
    </p>
   </div>
   <div class='ocr_carea' id='block_1_72' title="bbox 2122 1166 3784 1241">
    <p class='ocr_par' dir='ltr' id='par_1_72' title="bbox 2122 1166 3784 1241">
     <span class='ocr_line' id='line_1_72' title="bbox 2122 1166 3784 1241; baseline -0.001 -19"><span class='ocrx_word' id='word_1_585' title='bbox 2122 1172 2221 1240; x_wconf 82' lang='grc' dir='ltr'>τῆς</span> <span class='ocrx_word' id='word_1_586' title='bbox 2256 1169 2575 1240; x_wconf 82' lang='grc' dir='ltr'>φιλοσοφίας</span> <span class='ocrx_word' id='word_1_587' title='bbox 2606 1171 2738 1241; x_wconf 77' lang='grc' dir='ltr'>ὀκνῇ</span> <span class='ocrx_word' id='word_1_588' title='bbox 2770 1171 2868 1223; x_wconf 79' lang='grc' dir='ltr'>καὶ</span> <span class='ocrx_word' id='word_1_589' title='bbox 2914 1168 3230 1236; x_wconf 88' lang='grc' dir='ltr'>ἀναδύηται,</span> <span class='ocrx_word' id='word_1_590' title='bbox 3253 1167 3437 1239; x_wconf 78' lang='grc' dir='ltr'>-φησὶν</span> <span class='ocrx_word' id='word_1_591' title='bbox 3461 1209 3477 1233; x_wconf 94' lang='grc'>,</span> <span class='ocrx_word' id='word_1_592' title='bbox 3530 1166 3677 1221; x_wconf 80' lang='grc' dir='ltr'>Ἐὰν</span> <span class='ocrx_word' id='word_1_593' title='bbox 3698 1166 3784 1236; x_wconf 80' lang='grc' dir='ltr'>μὴ</span> 
     </span>
    </p>
   </div>
   <div class='ocr_carea' id='block_1_73' title="bbox 2122 1253 3784 1327">
    <p class='ocr_par' dir='ltr' id='par_1_73' title="bbox 2122 1253 3784 1327">
     <span class='ocr_line' id='line_1_73' title="bbox 2122 1253 3784 1327; baseline -0.001 -19"><span class='ocrx_word' id='word_1_594' title='bbox 2122 1258 2498 1327; x_wconf 81' lang='grc' dir='ltr'>περισσεύσῃ</span> <span class='ocrx_word' id='word_1_595' title='bbox 2528 1258 2567 1326; x_wconf 86' lang='grc' dir='ltr'>ή</span> <span class='ocrx_word' id='word_1_596' title='bbox 2595 1256 2947 1325; x_wconf 82' lang='grc' dir='ltr'>δικαιοσύνη</span> <span class='ocrx_word' id='word_1_597' title='bbox 2971 1255 3138 1326; x_wconf 85' lang='grc' dir='ltr'>ὑμῶν</span> <span class='ocrx_word' id='word_1_598' title='bbox 3168 1254 3360 1309; x_wconf 77' lang='grc' dir='ltr'>πλέον</span> <span class='ocrx_word' id='word_1_599' title='bbox 3382 1253 3495 1307; x_wconf 71' lang='grc' dir='ltr'>τῶν</span> <span class='ocrx_word' id='word_1_600' title='bbox 3523 1269 3784 1323; x_wconf 64' lang='grc' dir='ltr'>γραμμα-</span> 
     </span>
    </p>
   </div>
   <div class='ocr_carea' id='block_1_74' title="bbox 2120 1341 3783 1412">
    <p class='ocr_par' dir='ltr' id='par_1_74' title="bbox 2120 1341 3783 1412">
     <span class='ocr_line' id='line_1_74' title="bbox 2120 1341 3783 1412; baseline -0.001 -17"><span class='ocrx_word' id='word_1_601' title='bbox 2120 1342 2272 1396; x_wconf 82' lang='grc' dir='ltr'>τέων</span> <span class='ocrx_word' id='word_1_602' title='bbox 2297 1343 2397 1396; x_wconf 80' lang='grc' dir='ltr'>καί</span> <span class='ocrx_word' id='word_1_603' title='bbox 2422 1344 2781 1412; x_wconf 81' lang='grc' dir='ltr'>Φαρισαίων,</span> <span class='ocrx_word' id='word_1_604' title='bbox 2809 1346 2880 1398; x_wconf 87' lang='grc' dir='ltr'>οὐ</span> <span class='ocrx_word' id='word_1_605' title='bbox 2896 1343 2983 1412; x_wconf 83' lang='grc' dir='ltr'>μὴ</span> <span class='ocrx_word' id='word_1_606' title='bbox 3019 1341 3331 1410; x_wconf 75' lang='grc' dir='ltr'>εἰσέλθητε</span> <span class='ocrx_word' id='word_1_607' title='bbox 3354 1344 3443 1407; x_wconf 85' lang='grc' dir='ltr'>είς</span> <span class='ocrx_word' id='word_1_608' title='bbox 3468 1341 3586 1409; x_wconf 81' lang='grc' dir='ltr'>τὴν</span> <span class='ocrx_word' id='word_1_609' title='bbox 3606 1341 3783 1405; x_wconf 78' lang='grc' dir='ltr'>,βασι-</span> 
     </span>
    </p>
   </div>
   <div class='ocr_carea' id='block_1_75' title="bbox 2119 1429 3779 1501">
    <p class='ocr_par' dir='ltr' id='par_1_75' title="bbox 2119 1429 3779 1501">
     <span class='ocr_line' id='line_1_75' title="bbox 2119 1429 3779 1501; baseline -0.002 -17"><span class='ocrx_word' id='word_1_610' title='bbox 2119 1432 2294 1484; x_wconf 64' lang='grc' dir='ltr'>λείαν</span> <span class='ocrx_word' id='word_1_611' title='bbox 2319 1431 2437 1486; x_wconf 87' lang='grc' dir='ltr'>τῶν</span> <span class='ocrx_word' id='word_1_612' title='bbox 2471 1431 2759 1500; x_wconf 77' lang='grc' dir='ltr'>οὐρανῶν.</span> <span class='ocrx_word' id='word_1_613' title='bbox 2812 1431 3043 1485; x_wconf 90' lang='grc' dir='ltr'>Πλείονά</span> <span class='ocrx_word' id='word_1_614' title='bbox 3083 1449 3151 1501; x_wconf 91' lang='grc' dir='ltr'>με</span> <span class='ocrx_word' id='word_1_615' title='bbox 3181 1432 3433 1493; x_wconf 87' lang='grc' dir='ltr'>ἀπαιτεῖς</span> <span class='ocrx_word' id='word_1_616' title='bbox 3463 1429 3556 1483; x_wconf 85' lang='grc' dir='ltr'>τδν</span> <span class='ocrx_word' id='word_1_617' title='bbox 3591 1429 3779 1490; x_wconf 75' lang='grc' dir='ltr'>πόνονς</span> 
     </span>
    </p>
   </div>
   <div class='ocr_carea' id='block_1_76' title="bbox 2119 1515 3781 1590">
    <p class='ocr_par' dir='ltr' id='par_1_76' title="bbox 2119 1515 3781 1590">
     <span class='ocr_line' id='line_1_76' title="bbox 2119 1515 3781 1590; baseline -0.004 -18"><span class='ocrx_word' id='word_1_618' title='bbox 2119 1518 2207 1572; x_wconf 83' lang='grc' dir='ltr'>διά</span> <span class='ocrx_word' id='word_1_619' title='bbox 2254 1518 2341 1585; x_wconf 77' lang='grc' dir='ltr'>τίς</span> <span class='ocrx_word' id='word_1_620' title='bbox 2388 1519 2509 1590; x_wconf 75' lang='grc' dir='ltr'>οὐχὶ</span> <span class='ocrx_word' id='word_1_621' title='bbox 2530 1520 2631 1588; x_wconf 84' lang='grc' dir='ltr'>τῆς</span> <span class='ocrx_word' id='word_1_622' title='bbox 2658 1520 2831 1590; x_wconf 76' lang='grc' dir='ltr'>αὐτῆς</span> <span class='ocrx_word' id='word_1_623' title='bbox 2874 1517 3118 1572; x_wconf 88' lang='grc' dir='ltr'>κοινωνῶ</span> <span class='ocrx_word' id='word_1_624' title='bbox 3143 1516 3359 1586; x_wconf 81' lang='grc' dir='ltr'>φύσεως</span> <span class='ocrx_word' id='word_1_625' title='bbox 3390 1515 3645 1581; x_wconf 85' lang='grc' dir='ltr'>ἐκείνοις,</span> <span class='ocrx_word' id='word_1_626' title='bbox 3658 1515 3781 1585; x_wconf 61' lang='grc' dir='ltr'>κούχὶ</span> 
     </span>
    </p>
   </div>
   <div class='ocr_carea' id='block_1_77' title="bbox 2122 1601 3780 1677">
    <p class='ocr_par' dir='ltr' id='par_1_77' title="bbox 2122 1601 3780 1677">
     <span class='ocr_line' id='line_1_77' title="bbox 2122 1601 3780 1677; baseline -0.003 -19"><span class='ocrx_word' id='word_1_627' title='bbox 2122 1604 2407 1675; x_wconf 82' lang='grc' dir='ltr'>ἄνθρωπός</span> <span class='ocrx_word' id='word_1_628' title='bbox 2434 1608 2549 1677; x_wconf 91' lang='grc' dir='ltr'>είμι</span> <span class='ocrx_word' id='word_1_629' title='bbox 2574 1604 2825 1677; x_wconf 86' lang='grc' dir='ltr'>καθάπερ</span> <span class='ocrx_word' id='word_1_630' title='bbox 2859 1607 3090 1670; x_wconf 84' lang='grc' dir='ltr'>ἐκεῖνοι;</span> <span class='ocrx_word' id='word_1_631' title='bbox 3116 1605 3235 1658; x_wconf 84' lang='grc' dir='ltr'>Ἵνα</span> <span class='ocrx_word' id='word_1_632' title='bbox 3264 1604 3337 1676; x_wconf 81' lang='grc' dir='ltr'>μὴ</span> <span class='ocrx_word' id='word_1_633' title='bbox 3363 1604 3538 1657; x_wconf 89' lang='grc' dir='ltr'>ταῦτα</span> <span class='ocrx_word' id='word_1_634' title='bbox 3564 1601 3780 1670; x_wconf 83' lang='grc' dir='ltr'>λέγωσι,</span> 
     </span>
    </p>
   </div>
   <div class='ocr_carea' id='block_1_78' title="bbox 2120 1689 3779 1763">
    <p class='ocr_par' dir='ltr' id='par_1_78' title="bbox 2120 1689 3779 1763">
     <span class='ocr_line' id='line_1_78' title="bbox 2120 1689 3779 1763; baseline -0.003 -18"><span class='ocrx_word' id='word_1_635' title='bbox 2120 1692 2264 1756; x_wconf 90' lang='grc' dir='ltr'>τίνος</span> <span class='ocrx_word' id='word_1_636' title='bbox 2294 1691 2479 1745; x_wconf 74' lang='grc' dir='ltr'>ἕνεκεν</span> <span class='ocrx_word' id='word_1_637' title='bbox 2543 1691 2819 1745; x_wconf 82' lang='grc' dir='ltr'>ἐπέτεινεν</span> <span class='ocrx_word' id='word_1_638' title='bbox 2855 1693 2987 1763; x_wconf 79' lang='grc' dir='ltr'>ἡμῖν</span> <span class='ocrx_word' id='word_1_639' title='bbox 3027 1691 3152 1754; x_wconf 77' lang='grc' dir='ltr'>τοὺς</span> <span class='ocrx_word' id='word_1_640' title='bbox 3172 1691 3400 1756; x_wconf 77' lang='grc' dir='ltr'>πόνουςς</span> <span class='ocrx_word' id='word_1_641' title='bbox 3430 1691 3580 1753; x_wconf 79' lang='grc' dir='ltr'>τίνος</span> <span class='ocrx_word' id='word_1_642' title='bbox 3601 1689 3779 1742; x_wconf 72' lang='grc' dir='ltr'>ἕνεκεν</span> 
     </span>
    </p>
   </div>
   <div class='ocr_carea' id='block_1_79' title="bbox 2123 1773 3781 1849">
    <p class='ocr_par' dir='ltr' id='par_1_79' title="bbox 2123 1773 3781 1849">
     <span class='ocr_line' id='line_1_79' title="bbox 2123 1773 3781 1849; baseline -0.002 -20"><span class='ocrx_word' id='word_1_643' title='bbox 2123 1778 2341 1848; x_wconf 77' lang='grc' dir='ltr'>μείζονα</span> <span class='ocrx_word' id='word_1_644' title='bbox 2372 1778 2535 1846; x_wconf 74' lang='grc' dir='ltr'>ἔθηκε</span> <span class='ocrx_word' id='word_1_645' title='bbox 2566 1778 2636 1831; x_wconf 86' lang='grc' dir='ltr'>τά</span> <span class='ocrx_word' id='word_1_646' title='bbox 2688 1778 3018 1849; x_wconf 87' lang='grc' dir='ltr'>σκάμμο.τα;</span> <span class='ocrx_word' id='word_1_647' title='bbox 3070 1776 3356 1849; x_wconf 84' lang='grc' dir='ltr'>προανεῖλε</span> <span class='ocrx_word' id='word_1_648' title='bbox 3387 1775 3483 1846; x_wconf 79' lang='grc' dir='ltr'>τὴν</span> <span class='ocrx_word' id='word_1_649' title='bbox 3514 1773 3781 1828; x_wconf 82' lang='grc' dir='ltr'>ἀντίθεσιν</span> 
     </span>
    </p>
   </div>
   <div class='ocr_carea' id='block_1_80' title="bbox 2119 1863 3780 1938">
    <p class='ocr_par' dir='ltr' id='par_1_80' title="bbox 2119 1863 3780 1938">
     <span class='ocr_line' id='line_1_80' title="bbox 2119 1863 3780 1938; baseline -0.002 -19"><span class='ocrx_word' id='word_1_650' title='bbox 2119 1865 2289 1920; x_wconf 87' lang='grc' dir='ltr'>εἰπὼν</span> <span class='ocrx_word' id='word_1_651' title='bbox 2325 1867 2425 1938; x_wconf 84' lang='grc' dir='ltr'>τὴν</span> <span class='ocrx_word' id='word_1_652' title='bbox 2452 1865 2726 1937; x_wconf 87' lang='grc' dir='ltr'>βασιλείαν</span> <span class='ocrx_word' id='word_1_653' title='bbox 2749 1865 2858 1919; x_wconf 88' lang='grc' dir='ltr'>τῶν</span> <span class='ocrx_word' id='word_1_654' title='bbox 2886 1865 3132 1937; x_wconf 79' lang='grc' dir='ltr'>οὐρανῶν</span> <span class='ocrx_word' id='word_1_655' title='bbox 3149 1881 3163 1895; x_wconf 75' lang='grc'><strong><em>⁸</em></strong></span> <span class='ocrx_word' id='word_1_656' title='bbox 3182 1863 3442 1928; x_wconf 75' lang='grc' dir='ltr'>Μείζονα,</span> <span class='ocrx_word' id='word_1_657' title='bbox 3459 1866 3616 1934; x_wconf 78' lang='grc' dir='ltr'>φησὶ,</span> <span class='ocrx_word' id='word_1_658' title='bbox 3637 1863 3780 1934; x_wconf 87' lang='grc' dir='ltr'>φέρω</span> 
     </span>
    </p>
   </div>
   <div class='ocr_carea' id='block_1_81' title="bbox 2118 1950 3779 2019">
    <p class='ocr_par' dir='ltr' id='par_1_81' title="bbox 2118 1950 3779 2019">
     <span class='ocr_line' id='line_1_81' title="bbox 2118 1950 3779 2019; baseline -0.002 -13"><span class='ocrx_word' id='word_1_659' title='bbox 2118 1954 2185 2007; x_wconf 74' lang='grc' dir='ltr'>τά</span> <span class='ocrx_word' id='word_1_660' title='bbox 2217 1954 2460 2008; x_wconf 81' lang='grc' dir='ltr'>ἔπαθλα·</span> <span class='ocrx_word' id='word_1_661' title='bbox 2509 1951 2678 2006; x_wconf 80' lang='grc' dir='ltr'>εἰπὼν</span> <span class='ocrx_word' id='word_1_662' title='bbox 2712 1953 2843 2016; x_wconf 80' lang='grc' dir='ltr'>τοὺς</span> <span class='ocrx_word' id='word_1_663' title='bbox 2874 1952 3092 2018; x_wconf 86' lang='grc' dir='ltr'>πόνους,</span> <span class='ocrx_word' id='word_1_664' title='bbox 3143 1950 3312 2004; x_wconf 79' lang='grc' dir='ltr'>εἰπὼν</span> <span class='ocrx_word' id='word_1_665' title='bbox 3355 1952 3483 2012; x_wconf 81' lang='grc' dir='ltr'>τοὺς</span> <span class='ocrx_word' id='word_1_666' title='bbox 3530 1950 3779 2019; x_wconf 83' lang='grc' dir='ltr'>ἀγῶνας,</span> 
     </span>
    </p>
   </div>
   <div class='ocr_carea' id='block_1_82' title="bbox 2117 2037 3783 2112">
    <p class='ocr_par' dir='ltr' id='par_1_82' title="bbox 2117 2037 3783 2112">
     <span class='ocr_line' id='line_1_82' title="bbox 2117 2037 3783 2112; baseline -0.003 -18"><span class='ocrx_word' id='word_1_667' title='bbox 2117 2040 2287 2094; x_wconf 89' lang='grc' dir='ltr'>είπὼν</span> <span class='ocrx_word' id='word_1_668' title='bbox 2334 2041 2432 2112; x_wconf 81' lang='grc' dir='ltr'>τὴν</span> <span class='ocrx_word' id='word_1_669' title='bbox 2462 2040 2712 2094; x_wconf 88' lang='grc' dir='ltr'>ἐπίτασιν</span> <span class='ocrx_word' id='word_1_670' title='bbox 2742 2041 2842 2111; x_wconf 85' lang='grc' dir='ltr'>τῆς</span> <span class='ocrx_word' id='word_1_671' title='bbox 2870 2039 3213 2111; x_wconf 88' lang='grc' dir='ltr'>νομοθεσίας,</span> <span class='ocrx_word' id='word_1_672' title='bbox 3262 2038 3641 2109; x_wconf 84' lang='grc' dir='ltr'>ἐμνημόνευσε</span> <span class='ocrx_word' id='word_1_673' title='bbox 3691 2037 3783 2090; x_wconf 76' lang='grc' dir='ltr'>καὶ</span> 
     </span>
    </p>
   </div>
   <div class='ocr_carea' id='block_1_83' title="bbox 2115 2118 3776 2197">
    <p class='ocr_par' dir='ltr' id='par_1_83' title="bbox 2115 2118 3776 2197">
     <span class='ocr_line' id='line_1_83' title="bbox 2115 2118 3776 2197; baseline -0.003 -16"><span class='ocrx_word' id='word_1_674' title='bbox 2115 2127 2227 2182; x_wconf 80' lang='grc' dir='ltr'>τῶν</span> <span class='ocrx_word' id='word_1_675' title='bbox 2263 2127 2534 2183; x_wconf 79' lang='grc' dir='ltr'>ἐπάθλων.</span> <span class='ocrx_word' id='word_1_676' title='bbox 2579 2128 2654 2180; x_wconf 84' lang='grc' dir='ltr'>Οὐ</span> <span class='ocrx_word' id='word_1_677' title='bbox 2695 2126 2803 2197; x_wconf 85' lang='lat'>7&amp;9</span> <span class='ocrx_word' id='word_1_678' title='bbox 2849 2126 2951 2197; x_wconf 81' lang='grc' dir='ltr'>τὴν</span> <span class='ocrx_word' id='word_1_679' title='bbox 2983 2125 3348 2195; x_wconf 83' lang='grc' dir='ltr'>Παλαιστίνην</span> <span class='ocrx_word' id='word_1_680' title='bbox 3376 2118 3507 2195; x_wconf 77' lang='grc' dir='ltr'>ὑμῖν</span> <span class='ocrx_word' id='word_1_681' title='bbox 3542 2123 3776 2188; x_wconf 78' lang='grc' dir='ltr'>δέδωκα,</span> 
     </span>
    </p>
   </div>
   <div class='ocr_carea' id='block_1_84' title="bbox 2118 2209 3779 2286">
    <p class='ocr_par' dir='ltr' id='par_1_84' title="bbox 2118 2209 3779 2286">
     <span class='ocr_line' id='line_1_84' title="bbox 2118 2209 3779 2286; baseline -0.003 -18"><span class='ocrx_word' id='word_1_682' title='bbox 2118 2215 2303 2286; x_wconf 78' lang='grc' dir='ltr'>φησὶν,</span> <span class='ocrx_word' id='word_1_683' title='bbox 2334 2215 2456 2268; x_wconf 89' lang='grc' dir='ltr'>οὐδέ</span> <span class='ocrx_word' id='word_1_684' title='bbox 2482 2214 2586 2285; x_wconf 82' lang='grc' dir='ltr'>τὴν</span> <span class='ocrx_word' id='word_1_685' title='bbox 2610 2214 2715 2285; x_wconf 86' lang='grc' dir='ltr'>γῆν</span> <span class='ocrx_word' id='word_1_686' title='bbox 2744 2213 2974 2284; x_wconf 78' lang='grc' dir='ltr'>ῥέουσαν</span> <span class='ocrx_word' id='word_1_687' title='bbox 2998 2212 3141 2281; x_wconf 82' lang='grc' dir='ltr'>γάλα</span> <span class='ocrx_word' id='word_1_688' title='bbox 3174 2213 3269 2266; x_wconf 80' lang='grc' dir='ltr'>καὶ</span> <span class='ocrx_word' id='word_1_689' title='bbox 3299 2212 3442 2283; x_wconf 86' lang='grc' dir='ltr'>μέλι,</span> <span class='ocrx_word' id='word_1_690' title='bbox 3483 2210 3604 2264; x_wconf 85' lang='grc' dir='ltr'>ἀλλ’</span> <span class='ocrx_word' id='word_1_691' title='bbox 3626 2209 3779 2264; x_wconf 78' lang='grc' dir='ltr'>αὐτὸν</span> 
     </span>
    </p>
   </div>
   <div class='ocr_carea' id='block_1_85' title="bbox 2116 2297 3780 2373">
    <p class='ocr_par' dir='ltr' id='par_1_85' title="bbox 2116 2297 3780 2373">
     <span class='ocr_line' id='line_1_85' title="bbox 2116 2297 3780 2373; baseline -0.001 -18"><span class='ocrx_word' id='word_1_692' title='bbox 2116 2303 2247 2373; x_wconf 77' lang='grc' dir='ltr'>ὖμῖν</span> <span class='ocrx_word' id='word_1_693' title='bbox 2278 2302 2489 2373; x_wconf 85' lang='grc' dir='ltr'>κομίζω</span> <span class='ocrx_word' id='word_1_694' title='bbox 2534 2301 2627 2355; x_wconf 79' lang='grc' dir='ltr'>τὸν</span> <span class='ocrx_word' id='word_1_695' title='bbox 2668 2301 2917 2372; x_wconf 90' lang='grc' dir='ltr'>οὐρανόν.</span> <span class='ocrx_word' id='word_1_696' title='bbox 2946 2302 3064 2355; x_wconf 88' lang='grc' dir='ltr'>Οὐκ</span> <span class='ocrx_word' id='word_1_697' title='bbox 3101 2301 3185 2354; x_wconf 69' lang='grc' dir='ltr'>ἐν’</span> <span class='ocrx_word' id='word_1_698' title='bbox 3207 2299 3287 2369; x_wconf 84' lang='grc' dir='ltr'>τῷ</span> <span class='ocrx_word' id='word_1_699' title='bbox 3335 2298 3514 2369; x_wconf 85' lang='grc' dir='ltr'>μισθῷ</span> <span class='ocrx_word' id='word_1_700' title='bbox 3560 2298 3623 2352; x_wconf 80' lang='grc' dir='ltr'>δὲ</span> <span class='ocrx_word' id='word_1_701' title='bbox 3676 2297 3780 2353; x_wconf 86' lang='grc' dir='ltr'>τῶν</span> 
     </span>
    </p>
   </div>
   <div class='ocr_carea' id='block_1_86' title="bbox 2118 2385 3784 2461">
    <p class='ocr_par' dir='ltr' id='par_1_86' title="bbox 2118 2385 3784 2461">
     <span class='ocr_line' id='line_1_86' title="bbox 2118 2385 3784 2461; baseline -0.002 -19"><span class='ocrx_word' id='word_1_702' title='bbox 2118 2388 2558 2461; x_wconf 85' lang='grc' dir='ltr'>κατορθωμάτων</span> <span class='ocrx_word' id='word_1_703' title='bbox 2579 2386 3007 2458; x_wconf 82' lang='grc' dir='ltr'>πλεονεκτοῦμεν</span> <span class='ocrx_word' id='word_1_704' title='bbox 3027 2387 3207 2459; x_wconf 83' lang='grc' dir='ltr'>μόνον,</span> <span class='ocrx_word' id='word_1_705' title='bbox 3235 2385 3374 2439; x_wconf 83' lang='grc' dir='ltr'>ἀλλὰ</span> <span class='ocrx_word' id='word_1_706' title='bbox 3399 2386 3496 2440; x_wconf 74' lang='grc' dir='ltr'>καὶ</span> <span class='ocrx_word' id='word_1_707' title='bbox 3524 2388 3585 2439; x_wconf 87' lang='grc' dir='ltr'>ἐν</span> <span class='ocrx_word' id='word_1_708' title='bbox 3609 2401 3784 2457; x_wconf 83' lang='grc' dir='ltr'>παρα-</span> 
     </span>
    </p>
   </div>
   <div class='ocr_carea' id='block_1_87' title="bbox 2117 2472 3778 2546">
    <p class='ocr_par' dir='ltr' id='par_1_87' title="bbox 2117 2472 3778 2546">
     <span class='ocr_line' id='line_1_87' title="bbox 2117 2472 3778 2546; baseline -0.002 -17"><span class='ocrx_word' id='word_1_709' title='bbox 2117 2476 2272 2530; x_wconf 71' lang='grc' dir='ltr'>ϐάσει</span> <span class='ocrx_word' id='word_1_710' title='bbox 2301 2475 2411 2528; x_wconf 92' lang='grc' dir='ltr'>τῶν</span> <span class='ocrx_word' id='word_1_711' title='bbox 2434 2474 2844 2546; x_wconf 82' lang='grc' dir='ltr'>ἁμαρτημάτων</span> <span class='ocrx_word' id='word_1_712' title='bbox 2870 2473 3093 2545; x_wconf 81' lang='grc' dir='ltr'>μείζονα</span> <span class='ocrx_word' id='word_1_713' title='bbox 3121 2473 3216 2544; x_wconf 83' lang='grc' dir='ltr'>τὴν</span> <span class='ocrx_word' id='word_1_714' title='bbox 3257 2473 3479 2527; x_wconf 87' lang='grc' dir='ltr'>κόλασιν</span> <span class='ocrx_word' id='word_1_715' title='bbox 3514 2472 3778 2543; x_wconf 81' lang='grc' dir='ltr'>ὑπομένο-</span> 
     </span>
    </p>
   </div>
   <div class='ocr_carea' id='block_1_88' title="bbox 2121 2558 3779 2635">
    <p class='ocr_par' dir='ltr' id='par_1_88' title="bbox 2121 2558 3779 2635">
     <span class='ocr_line' id='line_1_88' title="bbox 2121 2558 3779 2635; baseline -0.001 -20"><span class='ocrx_word' id='word_1_716' title='bbox 2121 2577 2241 2635; x_wconf 86' lang='grc' dir='ltr'>μεν.</span> <span class='ocrx_word' id='word_1_717' title='bbox 2275 2562 2485 2633; x_wconf 84' lang='grc' dir='ltr'>Ὥσπερ</span> <span class='ocrx_word' id='word_1_718' title='bbox 2530 2560 2640 2633; x_wconf 86' lang='lat'>7&amp;9</span> <span class='ocrx_word' id='word_1_719' title='bbox 2663 2562 2714 2615; x_wconf 78' lang='grc' dir='ltr'>οἱ</span> <span class='ocrx_word' id='word_1_720' title='bbox 2746 2561 2851 2630; x_wconf 74' lang='grc' dir='ltr'>πρὸ</span> <span class='ocrx_word' id='word_1_721' title='bbox 2886 2560 2982 2615; x_wconf 89' lang='grc' dir='ltr'>τοῦ</span> <span class='ocrx_word' id='word_1_722' title='bbox 3022 2561 3189 2632; x_wconf 90' lang='grc' dir='ltr'>νόμου</span> <span class='ocrx_word' id='word_1_723' title='bbox 3223 2560 3542 2633; x_wconf 82' lang='grc' dir='ltr'>πραοτέραν</span> <span class='ocrx_word' id='word_1_724' title='bbox 3582 2558 3779 2613; x_wconf 85' lang='grc' dir='ltr'>διδόασι</span> 
     </span>
    </p>
   </div>
   <div class='ocr_carea' id='block_1_89' title="bbox 2115 2647 3781 2721">
    <p class='ocr_par' dir='ltr' id='par_1_89' title="bbox 2115 2647 3781 2721">
     <span class='ocr_line' id='line_1_89' title="bbox 2115 2647 3781 2721; baseline -0.002 -17"><span class='ocrx_word' id='word_1_725' title='bbox 2115 2648 2385 2721; x_wconf 89' lang='grc' dir='ltr'>τιμωρίαν</span> <span class='ocrx_word' id='word_1_726' title='bbox 2412 2648 2522 2703; x_wconf 90' lang='grc' dir='ltr'>τῶν</span> <span class='ocrx_word' id='word_1_727' title='bbox 2553 2651 2611 2702; x_wconf 87' lang='grc' dir='ltr'>ἐν</span> <span class='ocrx_word' id='word_1_728' title='bbox 2638 2648 2716 2719; x_wconf 82' lang='grc' dir='ltr'>τῷ</span> <span class='ocrx_word' id='word_1_729' title='bbox 2739 2649 2918 2719; x_wconf 87' lang='grc' dir='ltr'>νόμῳ·</span> <span class='ocrx_word' id='word_1_730' title='bbox 2944 2650 3119 2703; x_wconf 88' lang='grc' dir='ltr'>Ὅσοι</span> <span class='ocrx_word' id='word_1_731' title='bbox 3148 2649 3277 2719; x_wconf 84' lang='grc' dir='ltr'>γὰρ,</span> <span class='ocrx_word' id='word_1_732' title='bbox 3298 2649 3464 2719; x_wconf 71' lang='grc' dir='ltr'>φησιν</span> <span class='ocrx_word' id='word_1_733' title='bbox 3484 2687 3500 2712; x_wconf 96' lang='grc'>,</span> <span class='ocrx_word' id='word_1_734' title='bbox 3551 2647 3781 2717; x_wconf 77' lang='grc' dir='ltr'>ἀνόμως</span> 
     </span>
    </p>
   </div>
   <div class='ocr_carea' id='block_1_90' title="bbox 2118 2730 3780 2806">
    <p class='ocr_par' dir='ltr' id='par_1_90' title="bbox 2118 2730 3780 2806">
     <span class='ocr_line' id='line_1_90' title="bbox 2118 2730 3780 2806; baseline -0.003 -14"><span class='ocrx_word' id='word_1_735' title='bbox 2118 2736 2404 2805; x_wconf 77' lang='grc' dir='ltr'>ἥμαρτον,</span> <span class='ocrx_word' id='word_1_736' title='bbox 2452 2737 2688 2806; x_wconf 79' lang='grc' dir='ltr'>ἀνόμως</span> <span class='ocrx_word' id='word_1_737' title='bbox 2727 2735 2829 2789; x_wconf 80' lang='grc' dir='ltr'>καὶ</span> <span class='ocrx_word' id='word_1_738' title='bbox 2866 2730 3260 2798; x_wconf 72' lang='grc' dir='ltr'>ἀπολοῦνται,</span> <span class='ocrx_word' id='word_1_739' title='bbox 3316 2734 3629 2797; x_wconf 79' lang='grc' dir='ltr'>τουτέστιν,</span> <span class='ocrx_word' id='word_1_740' title='bbox 3682 2733 3780 2787; x_wconf 85' lang='grc' dir='ltr'>οὐκ</span> 
     </span>
    </p>
   </div>
   <div class='ocr_carea' id='block_1_91' title="bbox 2116 2818 3782 2894">
    <p class='ocr_par' dir='ltr' id='par_1_91' title="bbox 2116 2818 3782 2894">
     <span class='ocr_line' id='line_1_91' title="bbox 2116 2818 3782 2894; baseline -0.001 -19"><span class='ocrx_word' id='word_1_741' title='bbox 2116 2822 2300 2894; x_wconf 76' lang='grc' dir='ltr'>ἔχουσι</span> <span class='ocrx_word' id='word_1_742' title='bbox 2322 2823 2413 2875; x_wconf 79' lang='grc' dir='ltr'>τὸν</span> <span class='ocrx_word' id='word_1_743' title='bbox 2433 2822 2598 2892; x_wconf 90' lang='grc' dir='ltr'>νόμον</span> <span class='ocrx_word' id='word_1_744' title='bbox 2624 2822 2953 2893; x_wconf 82' lang='grc' dir='ltr'>κατήγορον,</span> <span class='ocrx_word' id='word_1_745' title='bbox 2983 2822 3096 2876; x_wconf 85' lang='grc' dir='ltr'>ἀλλ’</span> <span class='ocrx_word' id='word_1_746' title='bbox 3129 2822 3238 2875; x_wconf 82' lang='grc' dir='ltr'>ἀπὸ</span> <span class='ocrx_word' id='word_1_747' title='bbox 3255 2822 3354 2892; x_wconf 86' lang='grc' dir='ltr'>τῆς</span> <span class='ocrx_word' id='word_1_748' title='bbox 3373 2820 3591 2890; x_wconf 86' lang='grc' dir='ltr'>φύσεως</span> <span class='ocrx_word' id='word_1_749' title='bbox 3615 2818 3782 2889; x_wconf 81' lang='grc' dir='ltr'>αὐτῆς</span> 
     </span>
    </p>
   </div>
   <div class='ocr_carea' id='block_1_92' title="bbox 2116 2905 3779 2980">
    <p class='ocr_par' dir='ltr' id='par_1_92' title="bbox 2116 2905 3779 2980">
     <span class='ocr_line' id='line_1_92' title="bbox 2116 2905 3779 2980; baseline -0.002 -18"><span class='ocrx_word' id='word_1_750' title='bbox 2116 2909 2249 2962; x_wconf 76' lang='grc' dir='ltr'>οἴσω</span> <span class='ocrx_word' id='word_1_751' title='bbox 2273 2908 2372 2980; x_wconf 75' lang='grc' dir='ltr'>τὴν</span> <span class='ocrx_word' id='word_1_752' title='bbox 2416 2908 2619 2979; x_wconf 78' lang='grc' dir='ltr'>ψῆφον,</span> <span class='ocrx_word' id='word_1_753' title='bbox 2652 2907 2807 2978; x_wconf 75' lang='grc' dir='ltr'>φησὶ,</span> <span class='ocrx_word' id='word_1_754' title='bbox 2842 2907 3047 2979; x_wconf 78' lang='grc' dir='ltr'>μεταξὺ</span> <span class='ocrx_word' id='word_1_755' title='bbox 3075 2908 3185 2961; x_wconf 91' lang='grc' dir='ltr'>τῶν</span> <span class='ocrx_word' id='word_1_756' title='bbox 3238 2905 3517 2978; x_wconf 84' lang='grc' dir='ltr'>λογισμῶν</span> <span class='ocrx_word' id='word_1_757' title='bbox 3552 2921 3779 2976; x_wconf 89' lang='grc' dir='ltr'>κατηγο-</span> 
     </span>
    </p>
   </div>
   <div class='ocr_carea' id='block_1_93' title="bbox 2108 2992 3778 3067">
    <p class='ocr_par' dir='ltr' id='par_1_93' title="bbox 2108 2992 3778 3067">
     <span class='ocr_line' id='line_1_93' title="bbox 2108 2992 3778 3067; baseline -0.002 -18"><span class='ocrx_word' id='word_1_758' title='bbox 2108 2994 2379 3067; x_wconf 88' lang='grc' dir='ltr'>ρούντων,</span> <span class='ocrx_word' id='word_1_759' title='bbox 2413 2998 2447 3067; x_wconf 76' lang='grc' dir='ltr'><strong>ἢ</strong></span> <span class='ocrx_word' id='word_1_760' title='bbox 2477 2996 2571 3049; x_wconf 77' lang='grc' dir='ltr'>καὶ</span> <span class='ocrx_word' id='word_1_761' title='bbox 2608 2994 3090 3065; x_wconf 84' lang='grc' dir='ltr'>ἀπολογουμένων·</span> <span class='ocrx_word' id='word_1_762' title='bbox 3123 2994 3267 3048; x_wconf 77' lang='grc' dir='ltr'>οὕτω</span> <span class='ocrx_word' id='word_1_763' title='bbox 3299 2994 3407 3047; x_wconf 91' lang='grc' dir='ltr'>τῶν</span> <span class='ocrx_word' id='word_1_764' title='bbox 3432 2993 3494 3047; x_wconf 83' lang='grc' dir='ltr'>ἐν</span> <span class='ocrx_word' id='word_1_765' title='bbox 3530 2993 3612 3064; x_wconf 77' lang='grc' dir='ltr'>τῷ</span> <span class='ocrx_word' id='word_1_766' title='bbox 3635 2992 3778 3063; x_wconf 84' lang='grc' dir='ltr'>νόμῳ</span> 
     </span>
    </p>
   </div>
   <div class='ocr_carea' id='block_1_94' title="bbox 2119 3081 3779 3153">
    <p class='ocr_par' dir='ltr' id='par_1_94' title="bbox 2119 3081 3779 3153">
     <span class='ocr_line' id='line_1_94' title="bbox 2119 3081 3779 3153; baseline -0.002 -18"><span class='ocrx_word' id='word_1_767' title='bbox 2119 3082 2462 3137; x_wconf 86' lang='grc' dir='ltr'>πταισάντων</span> <span class='ocrx_word' id='word_1_768' title='bbox 2494 3083 2543 3136; x_wconf 82' lang='grc' dir='ltr'>οἱ</span> <span class='ocrx_word' id='word_1_769' title='bbox 2572 3081 2664 3135; x_wconf 70' lang='grc' dir='ltr'>ἐπὶ</span> <span class='ocrx_word' id='word_1_770' title='bbox 2695 3082 2794 3153; x_wconf 83' lang='grc' dir='ltr'>τῆς</span> <span class='ocrx_word' id='word_1_771' title='bbox 2820 3082 3047 3153; x_wconf 75' lang='grc' dir='ltr'>χάριτος</span> <span class='ocrx_word' id='word_1_772' title='bbox 3076 3081 3486 3153; x_wconf 80' lang='grc' dir='ltr'>ἁμαρτάνοντες</span> <span class='ocrx_word' id='word_1_773' title='bbox 3516 3081 3779 3151; x_wconf 83' lang='grc' dir='ltr'>ἀφορήτο-</span> 
     </span>
    </p>
   </div>
   <div class='ocr_carea' id='block_1_95' title="bbox 2118 3167 3778 3244">
    <p class='ocr_par' dir='ltr' id='par_1_95' title="bbox 2118 3167 3778 3244">
     <span class='ocr_line' id='line_1_95' title="bbox 2118 3167 3778 3244; baseline -0.004 -19"><span class='ocrx_word' id='word_1_774' title='bbox 2118 3172 2285 3244; x_wconf 88' lang='grc' dir='ltr'>τέραν</span> <span class='ocrx_word' id='word_1_775' title='bbox 2319 3171 2712 3240; x_wconf 85' lang='grc' dir='ltr'>ὑποστήσονται</span> <span class='ocrx_word' id='word_1_776' title='bbox 2746 3170 2847 3241; x_wconf 82' lang='grc' dir='ltr'>τὴν</span> <span class='ocrx_word' id='word_1_777' title='bbox 2882 3169 3120 3223; x_wconf 87' lang='grc' dir='ltr'>κόλασιν.</span> <span class='ocrx_word' id='word_1_778' title='bbox 3153 3170 3264 3223; x_wconf 83' lang='lat' dir='ltr'><strong><em>Kal</em></strong></span> <span class='ocrx_word' id='word_1_779' title='bbox 3294 3170 3499 3224; x_wconf 91' lang='grc' dir='ltr'>τούτων</span> <span class='ocrx_word' id='word_1_780' title='bbox 3529 3169 3629 3240; x_wconf 75' lang='grc' dir='ltr'>τὴν</span> <span class='ocrx_word' id='word_1_781' title='bbox 3664 3167 3778 3220; x_wconf 84' lang='grc' dir='ltr'>δια-</span> 
     </span>
    </p>
   </div>
   <div class='ocr_carea' id='block_1_96' title="bbox 2119 3256 3779 3329">
    <p class='ocr_par' dir='ltr' id='par_1_96' title="bbox 2119 3256 3779 3329">
     <span class='ocr_line' id='line_1_96' title="bbox 2119 3256 3779 3329; baseline -0.005 -16"><span class='ocrx_word' id='word_1_782' title='bbox 2119 3258 2291 3329; x_wconf 87' lang='grc' dir='ltr'>φορὰν</span> <span class='ocrx_word' id='word_1_783' title='bbox 2322 3257 2492 3321; x_wconf 79' lang='grc' dir='ltr'>οὓτως</span> <span class='ocrx_word' id='word_1_784' title='bbox 2518 3256 2718 3320; x_wconf 73' lang='grc' dir='ltr'>ἔδειξεν</span> <span class='ocrx_word' id='word_1_785' title='bbox 2764 3259 2794 3310; x_wconf 87' lang='grc' dir='ltr'><strong>ὁ</strong></span> <span class='ocrx_word' id='word_1_786' title='bbox 2842 3256 3052 3320; x_wconf 81' lang='grc' dir='ltr'>Παῦλος</span> <span class='ocrx_word' id='word_1_787' title='bbox 3089 3256 3289 3320; x_wconf 87' lang='grc' dir='ltr'>είπὼν,</span> <span class='ocrx_word' id='word_1_788' title='bbox 3342 3256 3660 3321; x_wconf 80' lang='grc' dir='ltr'>Ἀθετήσας</span> <span class='ocrx_word' id='word_1_789' title='bbox 3694 3270 3779 3318; x_wconf 84' lang='grc' dir='ltr'>τις</span> 
     </span>
    </p>
   </div>
   <div class='ocr_carea' id='block_1_97' title="bbox 2116 3339 3779 3415">
    <p class='ocr_par' dir='ltr' id='par_1_97' title="bbox 2116 3339 3779 3415">
     <span class='ocr_line' id='line_1_97' title="bbox 2116 3339 3779 3415; baseline -0.001 -17"><span class='ocrx_word' id='word_1_790' title='bbox 2116 3346 2307 3415; x_wconf 86' lang='grc' dir='ltr'>νόμον</span> <span class='ocrx_word' id='word_1_791' title='bbox 2336 3342 2614 3407; x_wconf 78' lang='grc' dir='ltr'>Μωσέως,</span> <span class='ocrx_word' id='word_1_792' title='bbox 2644 3343 2825 3411; x_wconf 81' lang='grc' dir='ltr'>χωρίς</span> <span class='ocrx_word' id='word_1_793' title='bbox 2864 3342 3180 3413; x_wconf 73' lang='grc' dir='ltr'>οἰκτιρμῶν</span> <span class='ocrx_word' id='word_1_794' title='bbox 3208 3343 3309 3396; x_wconf 77' lang='grc' dir='ltr'>ἐπὶ</span> <span class='ocrx_word' id='word_1_795' title='bbox 3348 3343 3589 3412; x_wconf 77' lang='grc' dir='ltr'>δυσίνῆ</span> <span class='ocrx_word' id='word_1_796' title='bbox 3628 3339 3779 3411; x_wconf 78' lang='grc' dir='ltr'>τρισί</span> 
     </span>
    </p>
   </div>
   <div class='ocr_carea' id='block_1_98' title="bbox 2112 3430 3778 3503">
    <p class='ocr_par' dir='ltr' id='par_1_98' title="bbox 2112 3430 3778 3503">
     <span class='ocr_line' id='line_1_98' title="bbox 2112 3430 3778 3503; baseline -0.003 -15"><span class='ocrx_word' id='word_1_797' title='bbox 2112 3434 2416 3503; x_wconf 82' lang='grc' dir='ltr'>μάρτυσιν</span> <span class='ocrx_word' id='word_1_798' title='bbox 2442 3431 2847 3500; x_wconf 82' lang='grc' dir='ltr'>ἀποθνήσκει·</span> <span class='ocrx_word' id='word_1_799' title='bbox 2868 3434 3039 3499; x_wconf 82' lang='grc' dir='ltr'>πόσῳ</span> <span class='ocrx_word' id='word_1_800' title='bbox 3067 3432 3295 3486; x_wconf 85' lang='grc' dir='ltr'>δοκεῖτε</span> <span class='ocrx_word' id='word_1_801' title='bbox 3321 3433 3599 3502; x_wconf 78' lang='grc' dir='ltr'>χείρονος</span> <span class='ocrx_word' id='word_1_802' title='bbox 3610 3430 3778 3495; x_wconf 80' lang='grc' dir='ltr'>ἀξιω-</span> 
     </span>
    </p>
   </div>
   <div class='ocr_carea' id='block_1_99' title="bbox 2117 3518 3777 3590">
    <p class='ocr_par' dir='ltr' id='par_1_99' title="bbox 2117 3518 3777 3590">
     <span class='ocr_line' id='line_1_99' title="bbox 2117 3518 3777 3590; baseline -0.002 -14"><span class='ocrx_word' id='word_1_803' title='bbox 2117 3521 2365 3590; x_wconf 85' lang='grc' dir='ltr'>θήσεται</span> <span class='ocrx_word' id='word_1_804' title='bbox 2394 3518 2669 3587; x_wconf 80' lang='grc' dir='ltr'>τιμωρίας</span> <span class='ocrx_word' id='word_1_805' title='bbox 2684 3520 2717 3571; x_wconf 86' lang='grc' dir='ltr'>ό</span> <span class='ocrx_word' id='word_1_806' title='bbox 2732 3518 2841 3572; x_wconf 87' lang='grc' dir='ltr'>τὸν</span> <span class='ocrx_word' id='word_1_807' title='bbox 2859 3519 2992 3573; x_wconf 81' lang='grc' dir='ltr'>Υίὸν</span> <span class='ocrx_word' id='word_1_808' title='bbox 3020 3519 3125 3573; x_wconf 87' lang='grc' dir='ltr'>τοῦ</span> <span class='ocrx_word' id='word_1_809' title='bbox 3147 3518 3296 3574; x_wconf 78' lang='grc' dir='ltr'>Θεοῦ</span> <span class='ocrx_word' id='word_1_810' title='bbox 3328 3520 3777 3587; x_wconf 79' lang='grc' dir='ltr'>καταπατήσας,</span> 
     </span>
    </p>
   </div>
   <div class='ocr_carea' id='block_1_100' title="bbox 2118 3602 3775 3685">
    <p class='ocr_par' dir='ltr' id='par_1_100' title="bbox 2118 3602 3775 3685">
     <span class='ocr_line' id='line_1_100' title="bbox 2118 3602 3775 3685; baseline -0.001 -24"><span class='ocrx_word' id='word_1_811' title='bbox 2118 3608 2215 3661; x_wconf 83' lang='grc' dir='ltr'>καί</span> <span class='ocrx_word' id='word_1_812' title='bbox 2248 3608 2312 3661; x_wconf 85' lang='grc' dir='ltr'>τὸ</span> <span class='ocrx_word' id='word_1_813' title='bbox 2335 3602 2479 3675; x_wconf 81' lang='grc' dir='ltr'>αἷμα</span> <span class='ocrx_word' id='word_1_814' title='bbox 2506 3603 2653 3677; x_wconf 72' lang='lat'>[526.]</span> <span class='ocrx_word' id='word_1_815' title='bbox 2683 3603 2795 3673; x_wconf 87' lang='grc' dir='ltr'>τῆς</span> <span class='ocrx_word' id='word_1_816' title='bbox 2821 3604 3112 3673; x_wconf 81' lang='grc' dir='ltr'>διαθήκης</span> <span class='ocrx_word' id='word_1_817' title='bbox 3143 3604 3353 3685; x_wconf 75' lang='grc' dir='ltr'>κοινὸν</span> <span class='ocrx_word' id='word_1_818' title='bbox 3379 3604 3775 3675; x_wconf 76' lang='grc' dir='ltr'>ἡγησάμενος,</span> 
     </span>
    </p>
   </div>
   <div class='ocr_carea' id='block_1_101' title="bbox 2118 3689 3779 3762">
    <p class='ocr_par' dir='ltr' id='par_1_101' title="bbox 2118 3689 3779 3762">
     <span class='ocr_line' id='line_1_101' title="bbox 2118 3689 3779 3762; baseline -0.002 -15"><span class='ocrx_word' id='word_1_819' title='bbox 2118 3693 2218 3747; x_wconf 80' lang='grc' dir='ltr'>καί</span> <span class='ocrx_word' id='word_1_820' title='bbox 2248 3691 2315 3748; x_wconf 90' lang='grc' dir='ltr'>τὸ</span> <span class='ocrx_word' id='word_1_821' title='bbox 2341 3692 2586 3761; x_wconf 86' lang='grc' dir='ltr'>Πνεῦμα</span> <span class='ocrx_word' id='word_1_822' title='bbox 2610 3689 2725 3759; x_wconf 79' lang='grc' dir='ltr'>τῆς</span> <span class='ocrx_word' id='word_1_823' title='bbox 2742 3690 2980 3760; x_wconf 81' lang='grc' dir='ltr'>χάριτος</span> <span class='ocrx_word' id='word_1_824' title='bbox 2997 3692 3358 3760; x_wconf 56' lang='grc' dir='ltr'>ένυϐρίσασ</span> <span class='ocrx_word' id='word_1_825' title='bbox 3390 3692 3558 3762; x_wconf 72' lang='grc' dir='ltr'>Ὁρᾷς</span> <span class='ocrx_word' id='word_1_826' title='bbox 3574 3691 3668 3747; x_wconf 70' lang='grc' dir='ltr'>ἐπὶ</span> <span class='ocrx_word' id='word_1_827' title='bbox 3687 3690 3779 3760; x_wconf 82' lang='grc' dir='ltr'>τῆς</span> 
     </span>
    </p>
   </div>
   <div class='ocr_carea' id='block_1_102' title="bbox 2118 3772 3781 3852">
    <p class='ocr_par' dir='ltr' id='par_1_102' title="bbox 2118 3772 3781 3852">
     <span class='ocr_line' id='line_1_102' title="bbox 2118 3772 3781 3852; baseline -0.002 -19"><span class='ocrx_word' id='word_1_828' title='bbox 2118 3779 2340 3852; x_wconf 85' lang='grc' dir='ltr'>χάριτος</span> <span class='ocrx_word' id='word_1_829' title='bbox 2362 3777 2584 3850; x_wconf 86' lang='grc' dir='ltr'>μείζονα</span> <span class='ocrx_word' id='word_1_830' title='bbox 2605 3775 2702 3846; x_wconf 80' lang='grc' dir='ltr'>τὴν</span> <span class='ocrx_word' id='word_1_831' title='bbox 2718 3778 3009 3849; x_wconf 88' lang='grc' dir='ltr'>τιμωρίαν,</span> <span class='ocrx_word' id='word_1_832' title='bbox 3033 3776 3221 3849; x_wconf 81' lang='grc' dir='ltr'>ὥσπερ</span> <span class='ocrx_word' id='word_1_833' title='bbox 3246 3772 3339 3831; x_wconf 84' lang='grc' dir='ltr'>οῦν</span> <span class='ocrx_word' id='word_1_834' title='bbox 3367 3778 3462 3831; x_wconf 70' lang='grc' dir='ltr'>καὶ</span> <span class='ocrx_word' id='word_1_835' title='bbox 3489 3777 3563 3831; x_wconf 84' lang='grc' dir='ltr'>τὰ</span> <span class='ocrx_word' id='word_1_836' title='bbox 3578 3775 3781 3830; x_wconf 78' lang='grc' dir='ltr'>ἔπαθλα</span> 
     </span>
    </p>
   </div>
   <div class='ocr_carea' id='block_1_103' title="bbox 2122 3864 3781 3939">
    <p class='ocr_par' dir='ltr' id='par_1_103' title="bbox 2122 3864 3781 3939">
     <span class='ocr_line' id='line_1_103' title="bbox 2122 3864 3781 3939; baseline -0.003 -19"><span class='ocrx_word' id='word_1_837' title='bbox 2122 3867 2375 3939; x_wconf 75' lang='grc' dir='ltr'>μείζονας</span> <span class='ocrx_word' id='word_1_838' title='bbox 2425 3867 2563 3921; x_wconf 77' lang='grc' dir='ltr'>Ἀλλ’</span> <span class='ocrx_word' id='word_1_839' title='bbox 2598 3867 2785 3939; x_wconf 82' lang='grc' dir='ltr'>ἐπειδὴ</span> <span class='ocrx_word' id='word_1_840' title='bbox 2818 3865 2929 3919; x_wconf 89' lang='grc' dir='ltr'>τῶν</span> <span class='ocrx_word' id='word_1_841' title='bbox 2963 3866 3279 3936; x_wconf 86' lang='grc' dir='ltr'>μυστηρίων</span> <span class='ocrx_word' id='word_1_842' title='bbox 3327 3866 3472 3936; x_wconf 77' lang='grc' dir='ltr'>ὑμᾶς</span> <span class='ocrx_word' id='word_1_843' title='bbox 3503 3864 3781 3935; x_wconf 86' lang='grc' dir='ltr'>ἀνέμνησα</span> 
     </span>
    </p>
   </div>
   <div class='ocr_carea' id='block_1_104' title="bbox 2117 3949 3780 4026">
    <p class='ocr_par' dir='ltr' id='par_1_104' title="bbox 2117 3949 3780 4026">
     <span class='ocr_line' id='line_1_104' title="bbox 2117 3949 3780 4026; baseline -0.005 -17"><span class='ocrx_word' id='word_1_844' title='bbox 2117 3955 2225 4009; x_wconf 88' lang='grc' dir='ltr'>τῶν</span> <span class='ocrx_word' id='word_1_845' title='bbox 2253 3954 2706 4026; x_wconf 81' lang='grc' dir='ltr'>φρικωδεστάτων</span> <span class='ocrx_word' id='word_1_846' title='bbox 2740 3954 2836 4007; x_wconf 77' lang='grc' dir='ltr'>καὶ</span> <span class='ocrx_word' id='word_1_847' title='bbox 2893 3951 3302 4024; x_wconf 86' lang='grc' dir='ltr'>πνευματικῶν,</span> <span class='ocrx_word' id='word_1_848' title='bbox 3354 3950 3663 4023; x_wconf 81' lang='grc' dir='ltr'>παρακαλῶ</span> <span class='ocrx_word' id='word_1_849' title='bbox 3690 3949 3780 4002; x_wconf 84' lang='grc' dir='ltr'>καὶ</span> 
     </span>
    </p>
   </div>
   <div class='ocr_carea' id='block_1_105' title="bbox 2117 4040 3781 4116">
    <p class='ocr_par' dir='ltr' id='par_1_105' title="bbox 2117 4040 3781 4116">
     <span class='ocr_line' id='line_1_105' title="bbox 2117 4040 3781 4116; baseline -0.005 -16"><span class='ocrx_word' id='word_1_850' title='bbox 2117 4045 2380 4101; x_wconf 84' lang='grc' dir='ltr'>ἀντιϐολῶ</span> <span class='ocrx_word' id='word_1_851' title='bbox 2404 4046 2500 4099; x_wconf 65' lang='lat' dir='ltr'><strong><em>zeal</em></strong></span> <span class='ocrx_word' id='word_1_852' title='bbox 2520 4044 2711 4116; x_wconf 87' lang='grc' dir='ltr'>δέομαι</span> <span class='ocrx_word' id='word_1_853' title='bbox 2731 4045 2829 4099; x_wconf 72' lang='grc' dir='ltr'>καὶ</span> <span class='ocrx_word' id='word_1_854' title='bbox 2851 4045 2990 4116; x_wconf 86' lang='grc' dir='ltr'>μετά</span> <span class='ocrx_word' id='word_1_855' title='bbox 3006 4043 3190 4112; x_wconf 87' lang='grc' dir='ltr'>πάσης</span> <span class='ocrx_word' id='word_1_856' title='bbox 3213 4042 3349 4106; x_wconf 79' lang='grc' dir='ltr'>ἀξιῶ</span> <span class='ocrx_word' id='word_1_857' title='bbox 3370 4041 3633 4112; x_wconf 80' lang='grc' dir='ltr'>σπουδῆς,</span> <span class='ocrx_word' id='word_1_858' title='bbox 3646 4040 3781 4094; x_wconf 85' lang='grc' dir='ltr'>ὥστε</span> 
     </span>
    </p>
   </div>
   <div class='ocr_carea' id='block_1_106' title="bbox 2115 4127 3778 4204">
    <p class='ocr_par' dir='ltr' id='par_1_106' title="bbox 2115 4127 3778 4204">
     <span class='ocr_line' id='line_1_106' title="bbox 2115 4127 3778 4204; baseline -0.004 -19"><span class='ocrx_word' id='word_1_859' title='bbox 2115 4134 2299 4186; x_wconf 79' lang='grc' dir='ltr'>πᾶσαν</span> <span class='ocrx_word' id='word_1_860' title='bbox 2321 4131 2597 4204; x_wconf 81' lang='grc' dir='ltr'>ἁμαρτίαν</span> <span class='ocrx_word' id='word_1_861' title='bbox 2616 4130 2985 4202; x_wconf 84' lang='grc' dir='ltr'>ἀποθεμένους</span> <span class='ocrx_word' id='word_1_862' title='bbox 3015 4128 3157 4182; x_wconf 75' lang='grc' dir='ltr'>οὕτω</span> <span class='ocrx_word' id='word_1_863' title='bbox 3172 4128 3457 4200; x_wconf 89' lang='grc' dir='ltr'>προσιέναι</span> <span class='ocrx_word' id='word_1_864' title='bbox 3483 4130 3552 4198; x_wconf 77' lang='grc' dir='ltr'>τῇ</span> <span class='ocrx_word' id='word_1_865' title='bbox 3586 4127 3778 4199; x_wconf 79' lang='grc' dir='ltr'>φρικτῇ</span> 
     </span>
    </p>
   </div>
   <div class='ocr_carea' id='block_1_107' title="bbox 2117 4211 3782 4292">
    <p class='ocr_par' dir='ltr' id='par_1_107' title="bbox 2117 4211 3782 4292">
     <span class='ocr_line' id='line_1_107' title="bbox 2117 4211 3782 4292; baseline -0.005 -19"><span class='ocrx_word' id='word_1_866' title='bbox 2117 4218 2291 4291; x_wconf 74' lang='grc' dir='ltr'>ταύτῃ</span> <span class='ocrx_word' id='word_1_867' title='bbox 2333 4216 2602 4292; x_wconf 80' lang='grc' dir='ltr'>τραπέζῃ.</span> <span class='ocrx_word' id='word_1_868' title='bbox 2655 4216 2923 4287; x_wconf 73' lang='grc' dir='ltr'>Εἰρήνην</span> <span class='ocrx_word' id='word_1_869' title='bbox 2954 4216 3085 4287; x_wconf 82' lang='grc' dir='ltr'>γὰρ,</span> <span class='ocrx_word' id='word_1_870' title='bbox 3138 4217 3292 4286; x_wconf 77' lang='grc' dir='ltr'>φησὶ,</span> <span class='ocrx_word' id='word_1_871' title='bbox 3342 4213 3585 4275; x_wconf 75' lang='grc' dir='ltr'>διώκετε</span> <span class='ocrx_word' id='word_1_872' title='bbox 3637 4211 3782 4282; x_wconf 86' lang='grc' dir='ltr'>μετά</span> 
     </span>
    </p>
   </div>
   <div class='ocr_carea' id='block_1_108' title="bbox 2120 4299 3783 4374">
    <p class='ocr_par' dir='ltr' id='par_1_108' title="bbox 2120 4299 3783 4374">
     <span class='ocr_line' id='line_1_108' title="bbox 2120 4299 3783 4374; baseline -0.006 -13"><span class='ocrx_word' id='word_1_873' title='bbox 2120 4306 2382 4374; x_wconf 77' lang='grc' dir='ltr'>πάντων,</span> <span class='ocrx_word' id='word_1_874' title='bbox 2420 4306 2521 4360; x_wconf 82' lang='grc' dir='ltr'>καί</span> <span class='ocrx_word' id='word_1_875' title='bbox 2546 4306 2654 4360; x_wconf 84' lang='grc' dir='ltr'>τὸν</span> <span class='ocrx_word' id='word_1_876' title='bbox 2680 4303 2997 4374; x_wconf 74' lang='grc' dir='ltr'>ἁγιασμόν,</span> <span class='ocrx_word' id='word_1_877' title='bbox 3019 4299 3092 4360; x_wconf 86' lang='grc' dir='ltr'>οὗ</span> <span class='ocrx_word' id='word_1_878' title='bbox 3126 4302 3304 4372; x_wconf 82' lang='grc' dir='ltr'>χωρὶς</span> <span class='ocrx_word' id='word_1_879' title='bbox 3341 4300 3544 4367; x_wconf 75' lang='grc' dir='ltr'>οὐδεὶς</span> <span class='ocrx_word' id='word_1_880' title='bbox 3578 4300 3783 4370; x_wconf 69' lang='grc' dir='ltr'>ὄψεται</span> 
     </span>
    </p>
   </div>
   <div class='ocr_carea' id='block_1_109' title="bbox 2119 4384 3782 4463">
    <p class='ocr_par' dir='ltr' id='par_1_109' title="bbox 2119 4384 3782 4463">
     <span class='ocr_line' id='line_1_109' title="bbox 2119 4384 3782 4463; baseline -0.007 -15"><span class='ocrx_word' id='word_1_881' title='bbox 2119 4394 2230 4448; x_wconf 85' lang='grc' dir='ltr'>τὸν</span> <span class='ocrx_word' id='word_1_882' title='bbox 2252 4395 2492 4463; x_wconf 84' lang='grc' dir='ltr'>Κύριον.</span> <span class='ocrx_word' id='word_1_883' title='bbox 2533 4394 2591 4447; x_wconf 84' lang='lat'>&#39;0</span> <span class='ocrx_word' id='word_1_884' title='bbox 2621 4393 2678 4447; x_wconf 74' lang='grc' dir='ltr'>δὲ</span> <span class='ocrx_word' id='word_1_885' title='bbox 2712 4393 2802 4447; x_wconf 80' lang='grc' dir='ltr'>τὸν</span> <span class='ocrx_word' id='word_1_886' title='bbox 2834 4391 3037 4463; x_wconf 86' lang='grc' dir='ltr'>Κύριον</span> <span class='ocrx_word' id='word_1_887' title='bbox 3070 4392 3173 4444; x_wconf 87' lang='grc' dir='ltr'>οὐκ</span> <span class='ocrx_word' id='word_1_888' title='bbox 3194 4390 3272 4445; x_wconf 84' lang='grc' dir='ltr'>ὢν</span> <span class='ocrx_word' id='word_1_889' title='bbox 3297 4387 3444 4454; x_wconf 77' lang='grc' dir='ltr'>ἄξιος</span> <span class='ocrx_word' id='word_1_890' title='bbox 3489 4388 3640 4455; x_wconf 85' lang='grc' dir='ltr'>ίδείν,</span> <span class='ocrx_word' id='word_1_891' title='bbox 3667 4384 3782 4439; x_wconf 64' lang='grc' dir='ltr'>οὐδὲ</span> 
     </span>
    </p>
   </div>
   <div class='ocr_carea' id='block_1_110' title="bbox 2119 4471 3780 4552">
    <p class='ocr_par' dir='ltr' id='par_1_110' title="bbox 2119 4471 3780 4552">
     <span class='ocr_line' id='line_1_110' title="bbox 2119 4471 3780 4552; baseline -0.007 -14"><span class='ocrx_word' id='word_1_892' title='bbox 2119 4482 2223 4552; x_wconf 80' lang='grc' dir='ltr'>τῆς</span> <span class='ocrx_word' id='word_1_893' title='bbox 2269 4481 2554 4546; x_wconf 84' lang='grc' dir='ltr'>κοινωνίας</span> <span class='ocrx_word' id='word_1_894' title='bbox 2586 4479 2736 4545; x_wconf 77' lang='grc' dir='ltr'>ἀξιός</span> <span class='ocrx_word' id='word_1_895' title='bbox 2761 4483 2877 4534; x_wconf 86' lang='grc' dir='ltr'>ἐστι</span> <span class='ocrx_word' id='word_1_896' title='bbox 2904 4479 2999 4533; x_wconf 89' lang='grc' dir='ltr'>τοῦ</span> <span class='ocrx_word' id='word_1_897' title='bbox 3031 4478 3282 4550; x_wconf 86' lang='grc' dir='ltr'>σώματος</span> <span class='ocrx_word' id='word_1_898' title='bbox 3304 4476 3400 4530; x_wconf 89' lang='grc' dir='ltr'>τοῦ</span> <span class='ocrx_word' id='word_1_899' title='bbox 3437 4471 3780 4528; x_wconf 81' lang='grc' dir='ltr'>δεσποτικοῦ.</span> 
     </span>
    </p>
   </div>
   <div class='ocr_carea' id='block_1_111' title="bbox 2120 4561 3777 4640">
    <p class='ocr_par' dir='ltr' id='par_1_111' title="bbox 2120 4561 3777 4640">
     <span class='ocr_line' id='line_1_111' title="bbox 2120 4561 3777 4640; baseline -0.006 -16"><span class='ocrx_word' id='word_1_900' title='bbox 2120 4570 2219 4624; x_wconf 86' lang='grc' dir='ltr'>Διά</span> <span class='ocrx_word' id='word_1_901' title='bbox 2244 4569 2399 4623; x_wconf 86' lang='grc' dir='ltr'>τοῦτό</span> <span class='ocrx_word' id='word_1_902' title='bbox 2428 4586 2592 4640; x_wconf 88' lang='grc' dir='ltr'>φησιν</span> <span class='ocrx_word' id='word_1_903' title='bbox 2622 4570 2652 4621; x_wconf 87' lang='grc' dir='ltr'>ὁ</span> <span class='ocrx_word' id='word_1_904' title='bbox 2682 4568 2911 4631; x_wconf 87' lang='grc' dir='ltr'>Παῦλος,</span> <span class='ocrx_word' id='word_1_905' title='bbox 2948 4568 3252 4631; x_wconf 84' lang='grc' dir='ltr'>Ἕκαστος</span> <span class='ocrx_word' id='word_1_906' title='bbox 3269 4565 3335 4622; x_wconf 82' lang='grc' dir='ltr'>δὲ</span> <span class='ocrx_word' id='word_1_907' title='bbox 3370 4561 3721 4633; x_wconf 74' lang='grc' dir='ltr'>δοκιμαζέτω</span> <span class='ocrx_word' id='word_1_908' title='bbox 3753 4569 3777 4598; x_wconf 76' lang='grc' dir='ltr'><strong>ο</strong></span> 
     </span>
    </p>
   </div>
   <div class='ocr_carea' id='block_1_112' title="bbox 2121 4644 3778 4721">
    <p class='ocr_par' dir='ltr' id='par_1_112' title="bbox 2121 4644 3778 4721">
     <span class='ocr_line' id='line_1_112' title="bbox 2121 4644 3778 4721; baseline -0.007 -11"><span class='ocrx_word' id='word_1_909' title='bbox 2121 4656 2357 4719; x_wconf 74' lang='grc' dir='ltr'>ἑαυτὸν,</span> <span class='ocrx_word' id='word_1_910' title='bbox 2396 4655 2493 4709; x_wconf 80' lang='grc' dir='ltr'>καί</span> <span class='ocrx_word' id='word_1_911' title='bbox 2530 4655 2719 4719; x_wconf 85' lang='grc' dir='ltr'>οὕτως</span> <span class='ocrx_word' id='word_1_912' title='bbox 2744 4655 2812 4709; x_wconf 79' lang='grc' dir='ltr'>ἐκ</span> <span class='ocrx_word' id='word_1_913' title='bbox 2835 4653 2941 4709; x_wconf 87' lang='grc' dir='ltr'>τοῦ</span> <span class='ocrx_word' id='word_1_914' title='bbox 2969 4653 3155 4721; x_wconf 76' lang='grc' dir='ltr'>ἄρτου</span> <span class='ocrx_word' id='word_1_915' title='bbox 3186 4649 3429 4706; x_wconf 79' lang='grc' dir='ltr'>ἐσθιέτω</span> <span class='ocrx_word' id='word_1_916' title='bbox 3463 4650 3563 4704; x_wconf 77' lang='grc' dir='ltr'>καὶ</span> <span class='ocrx_word' id='word_1_917' title='bbox 3589 4650 3658 4703; x_wconf 81' lang='grc' dir='ltr'>ἐκ</span> <span class='ocrx_word' id='word_1_918' title='bbox 3679 4644 3778 4700; x_wconf 86' lang='grc' dir='ltr'>τοῦ</span> 
     </span>
    </p>
   </div>
   <div class='ocr_carea' id='block_1_113' title="bbox 2120 4733 3780 4811">
    <p class='ocr_par' dir='ltr' id='par_1_113' title="bbox 2120 4733 3780 4811">
     <span class='ocr_line' id='line_1_113' title="bbox 2120 4733 3780 4811; baseline -0.007 -15"><span class='ocrx_word' id='word_1_919' title='bbox 2120 4742 2411 4811; x_wconf 71' lang='grc' dir='ltr'>ποτηρίου</span> <span class='ocrx_word' id='word_1_920' title='bbox 2456 4740 2674 4794; x_wconf 82' lang='grc' dir='ltr'>πινέτω</span> <span class='ocrx_word' id='word_1_921' title='bbox 2696 4781 2711 4793; x_wconf 86' lang='grc'>.</span> <span class='ocrx_word' id='word_1_922' title='bbox 2755 4741 2870 4794; x_wconf 85' lang='grc' dir='ltr'>Οὐκ</span> <span class='ocrx_word' id='word_1_923' title='bbox 2918 4738 3236 4808; x_wconf 68' lang='grc' dir='ltr'>ἀπεκάλυψε</span> <span class='ocrx_word' id='word_1_924' title='bbox 3275 4737 3337 4791; x_wconf 81' lang='grc' dir='ltr'>τὸ</span> <span class='ocrx_word' id='word_1_925' title='bbox 3367 4736 3544 4801; x_wconf 84' lang='grc' dir='ltr'>ἐλκος,</span> <span class='ocrx_word' id='word_1_926' title='bbox 3574 4735 3673 4788; x_wconf 90' lang='grc' dir='ltr'>οὐκ</span> <span class='ocrx_word' id='word_1_927' title='bbox 3703 4733 3780 4794; x_wconf 87' lang='grc' dir='ltr'>είς</span> 
     </span>
    </p>
   </div>
   <div class='ocr_carea' id='block_1_114' title="bbox 2121 4821 3780 4898">
    <p class='ocr_par' dir='ltr' id='par_1_114' title="bbox 2121 4821 3780 4898">
     <span class='ocr_line' id='line_1_114' title="bbox 2121 4821 3780 4898; baseline -0.007 -16"><span class='ocrx_word' id='word_1_928' title='bbox 2121 4828 2300 4882; x_wconf 79' lang='grc' dir='ltr'>κοινὸν</span> <span class='ocrx_word' id='word_1_929' title='bbox 2341 4826 2570 4898; x_wconf 88' lang='grc' dir='ltr'>θέατρον</span> <span class='ocrx_word' id='word_1_930' title='bbox 2617 4827 2793 4897; x_wconf 76' lang='grc' dir='ltr'>ήγαγε</span> <span class='ocrx_word' id='word_1_931' title='bbox 2827 4827 2926 4897; x_wconf 79' lang='grc' dir='ltr'>τὴν</span> <span class='ocrx_word' id='word_1_932' title='bbox 2957 4825 3315 4896; x_wconf 89' lang='grc' dir='ltr'>κατηγορίαν,</span> <span class='ocrx_word' id='word_1_933' title='bbox 3368 4823 3429 4875; x_wconf 88' lang='grc' dir='ltr'>οὐ</span> <span class='ocrx_word' id='word_1_934' title='bbox 3459 4821 3780 4893; x_wconf 76' lang='grc' dir='ltr'>περιέστησε</span> 
     </span>
    </p>
   </div>
   <div class='ocr_carea' id='block_1_115' title="bbox 2125 4906 3776 4987">
    <p class='ocr_par' dir='ltr' id='par_1_115' title="bbox 2125 4906 3776 4987">
     <span class='ocr_line' id='line_1_115' title="bbox 2125 4906 3776 4987; baseline -0.008 -16"><span class='ocrx_word' id='word_1_935' title='bbox 2125 4917 2410 4987; x_wconf 84' lang='grc' dir='ltr'>μάρτυρας</span> <span class='ocrx_word' id='word_1_936' title='bbox 2436 4914 2544 4968; x_wconf 91' lang='grc' dir='ltr'>τῶν</span> <span class='ocrx_word' id='word_1_937' title='bbox 2569 4914 3091 4986; x_wconf 83' lang='grc' dir='ltr'>πλημμελημάτων·</span> <span class='ocrx_word' id='word_1_938' title='bbox 3127 4912 3274 4965; x_wconf 74' lang='grc' dir='ltr'>ἔνδον</span> <span class='ocrx_word' id='word_1_939' title='bbox 3304 4912 3362 4964; x_wconf 79' lang='grc' dir='ltr'>ὲν</span> <span class='ocrx_word' id='word_1_940' title='bbox 3392 4908 3471 4981; x_wconf 81' lang='grc' dir='ltr'>τῷ</span> <span class='ocrx_word' id='word_1_941' title='bbox 3499 4906 3776 4966; x_wconf 86' lang='grc' dir='ltr'>συνειδότι.</span> 
     </span>
    </p>
   </div>
   <div class='ocr_carea' id='block_1_116' title="bbox 2124 4990 3777 5075">
    <p class='ocr_par' dir='ltr' id='par_1_116' title="bbox 2124 4990 3777 5075">
     <span class='ocr_line' id='line_1_116' title="bbox 2124 4990 3777 5075; baseline -0.007 -19"><span class='ocrx_word' id='word_1_942' title='bbox 2124 5002 2351 5075; x_wconf 78' lang='grc' dir='ltr'>μηδενὸς</span> <span class='ocrx_word' id='word_1_943' title='bbox 2381 5002 2648 5073; x_wconf 89' lang='grc' dir='ltr'>παρόντος</span> <span class='ocrx_word' id='word_1_944' title='bbox 2703 5002 2842 5072; x_wconf 82' lang='grc' dir='ltr'>πλὴν</span> <span class='ocrx_word' id='word_1_945' title='bbox 2886 5001 2980 5057; x_wconf 89' lang='grc' dir='ltr'>τοῦ</span> <span class='ocrx_word' id='word_1_946' title='bbox 3020 5000 3090 5055; x_wconf 85' lang='grc' dir='ltr'>τά</span> <span class='ocrx_word' id='word_1_947' title='bbox 3140 5001 3317 5055; x_wconf 86' lang='grc' dir='ltr'>πάντα</span> <span class='ocrx_word' id='word_1_948' title='bbox 3354 4997 3586 5070; x_wconf 87' lang='grc' dir='ltr'>ὁρῶντος</span> <span class='ocrx_word' id='word_1_949' title='bbox 3616 4990 3777 5056; x_wconf 85' lang='grc' dir='ltr'>Θεοῦ,</span> 
     </span>
    </p>
   </div>
   <div class='ocr_carea' id='block_1_117' title="bbox 2122 5082 3774 5160">
    <p class='ocr_par' dir='ltr' id='par_1_117' title="bbox 2122 5082 3774 5160">
     <span class='ocr_line' id='line_1_117' title="bbox 2122 5082 3774 5160; baseline -0.007 -18"><span class='ocrx_word' id='word_1_950' title='bbox 2122 5088 2277 5143; x_wconf 75' lang='grc' dir='ltr'>ποιοῦ</span> <span class='ocrx_word' id='word_1_951' title='bbox 2316 5086 2414 5160; x_wconf 75' lang='grc' dir='ltr'>τὴν</span> <span class='ocrx_word' id='word_1_952' title='bbox 2447 5087 2647 5159; x_wconf 87' lang='grc' dir='ltr'>κρίσιν,</span> <span class='ocrx_word' id='word_1_953' title='bbox 2684 5088 2779 5141; x_wconf 74' lang='grc' dir='ltr'>καὶ</span> <span class='ocrx_word' id='word_1_954' title='bbox 2813 5087 2920 5142; x_wconf 90' lang='grc' dir='ltr'>τῶν</span> <span class='ocrx_word' id='word_1_955' title='bbox 2964 5085 3369 5157; x_wconf 76' lang='grc' dir='ltr'>ἡμαρτημένων</span> <span class='ocrx_word' id='word_1_956' title='bbox 3396 5084 3494 5155; x_wconf 80' lang='grc' dir='ltr'>τὴν</span> <span class='ocrx_word' id='word_1_957' title='bbox 3520 5082 3774 5147; x_wconf 78' lang='grc' dir='ltr'>ἐξέτασιν,</span> 
     </span>
    </p>
   </div>
   <div class='ocr_carea' id='block_1_118' title="bbox 2123 5164 3780 5247">
    <p class='ocr_par' dir='ltr' id='par_1_118' title="bbox 2123 5164 3780 5247">
     <span class='ocr_line' id='line_1_118' title="bbox 2123 5164 3780 5247; baseline -0.007 -16"><span class='ocrx_word' id='word_1_958' title='bbox 2123 5176 2218 5231; x_wconf 84' lang='grc' dir='ltr'>καί</span> <span class='ocrx_word' id='word_1_959' title='bbox 2265 5176 2444 5230; x_wconf 88' lang='grc' dir='ltr'>πάντα</span> <span class='ocrx_word' id='word_1_960' title='bbox 2476 5177 2569 5229; x_wconf 79' lang='grc' dir='ltr'>τὸν</span> <span class='ocrx_word' id='word_1_961' title='bbox 2613 5176 2726 5247; x_wconf 85' lang='grc' dir='ltr'>βίον</span> <span class='ocrx_word' id='word_1_962' title='bbox 2776 5174 3234 5246; x_wconf 76' lang='grc' dir='ltr'>ἀναλογιζόμενος</span> <span class='ocrx_word' id='word_1_963' title='bbox 3283 5171 3389 5225; x_wconf 86' lang='grc' dir='ltr'>ὑπὸ</span> <span class='ocrx_word' id='word_1_964' title='bbox 3437 5170 3531 5224; x_wconf 89' lang='grc' dir='ltr'>τοῦ</span> <span class='ocrx_word' id='word_1_965' title='bbox 3582 5170 3674 5222; x_wconf 87' lang='grc' dir='ltr'>νοῦ</span> <span class='ocrx_word' id='word_1_966' title='bbox 3721 5164 3780 5220; x_wconf 78' lang='grc' dir='ltr'>τὺ</span> 
     </span>
    </p>
   </div>
   <div class='ocr_carea' id='block_1_119' title="bbox 2125 5254 3770 5334">
    <p class='ocr_par' dir='ltr' id='par_1_119' title="bbox 2125 5254 3770 5334">
     <span class='ocr_line' id='line_1_119' title="bbox 2125 5254 3770 5334; baseline -0.001 -19"><span class='ocrx_word' id='word_1_967' title='bbox 2125 5263 2407 5334; x_wconf 88' lang='grc' dir='ltr'>κριτήριον</span> <span class='ocrx_word' id='word_1_968' title='bbox 2444 5263 2544 5332; x_wconf 87' lang='grc' dir='ltr'>άγε</span> <span class='ocrx_word' id='word_1_969' title='bbox 2575 5263 2643 5317; x_wconf 85' lang='grc' dir='ltr'>τά</span> <span class='ocrx_word' id='word_1_970' title='bbox 2673 5263 3047 5334; x_wconf 84' lang='grc' dir='ltr'>ἁμαρτήματα</span> <span class='ocrx_word' id='word_1_971' title='bbox 3066 5278 3080 5291; x_wconf 90' lang='grc'>·</span> <span class='ocrx_word' id='word_1_972' title='bbox 3115 5259 3327 5332; x_wconf 90' lang='grc' dir='ltr'>διόρθου</span> <span class='ocrx_word' id='word_1_973' title='bbox 3354 5259 3423 5313; x_wconf 86' lang='grc' dir='ltr'>τά</span> <span class='ocrx_word' id='word_1_974' title='bbox 3459 5254 3770 5329; x_wconf 85' lang='grc' dir='ltr'>πλημμελή-</span> 
     </span>
    </p>
   </div>
   <div class='ocr_carea' id='block_1_120' title="bbox 2128 5340 3776 5421">
    <p class='ocr_par' dir='ltr' id='par_1_120' title="bbox 2128 5340 3776 5421">
     <span class='ocr_line' id='line_1_120' title="bbox 2128 5340 3776 5421; baseline -0.001 -19"><span class='ocrx_word' id='word_1_975' title='bbox 2128 5365 2296 5419; x_wconf 87' lang='grc' dir='ltr'>ματα,</span> <span class='ocrx_word' id='word_1_976' title='bbox 2327 5350 2423 5404; x_wconf 67' lang='lat' dir='ltr'><strong><em>zeal</em></strong></span> <span class='ocrx_word' id='word_1_977' title='bbox 2440 5348 2584 5404; x_wconf 83' lang='grc' dir='ltr'>οὐτω</span> <span class='ocrx_word' id='word_1_978' title='bbox 2608 5349 2748 5421; x_wconf 90' lang='grc' dir='ltr'>μετά</span> <span class='ocrx_word' id='word_1_979' title='bbox 2795 5346 3037 5420; x_wconf 89' lang='grc' dir='ltr'>καθαροῦ</span> <span class='ocrx_word' id='word_1_980' title='bbox 3059 5345 3154 5401; x_wconf 89' lang='grc' dir='ltr'>τοῦ</span> <span class='ocrx_word' id='word_1_981' title='bbox 3180 5346 3481 5409; x_wconf 89' lang='grc' dir='ltr'>συνειδότος</span> <span class='ocrx_word' id='word_1_982' title='bbox 3509 5346 3603 5415; x_wconf 76' lang='grc' dir='ltr'>τῆς</span> <span class='ocrx_word' id='word_1_983' title='bbox 3634 5340 3776 5411; x_wconf 76' lang='grc' dir='ltr'>ἱερᾶς</span> 
     </span>
    </p>
   </div>
   <div class='ocr_carea' id='block_1_121' title="bbox 2126 5424 3775 5512">
    <p class='ocr_par' dir='ltr' id='par_1_121' title="bbox 2126 5424 3775 5512">
     <span class='ocr_line' id='line_1_121' title="bbox 2126 5424 3775 5512; baseline -0.008 -19"><span class='ocrx_word' id='word_1_984' title='bbox 2126 5436 2301 5493; x_wconf 73' lang='grc' dir='ltr'>ἅπτου</span> <span class='ocrx_word' id='word_1_985' title='bbox 2332 5438 2630 5512; x_wconf 79' lang='grc' dir='ltr'>τραπέζης,</span> <span class='ocrx_word' id='word_1_986' title='bbox 2664 5439 2759 5491; x_wconf 77' lang='grc' dir='ltr'>καὶ</span> <span class='ocrx_word' id='word_1_987' title='bbox 2799 5437 2902 5507; x_wconf 82' lang='grc' dir='ltr'>τῆς</span> <span class='ocrx_word' id='word_1_988' title='bbox 2941 5424 3106 5505; x_wconf 87' lang='grc' dir='ltr'>ἀγίας</span> <span class='ocrx_word' id='word_1_989' title='bbox 3133 5437 3328 5508; x_wconf 86' lang='grc' dir='ltr'>μέτεχε</span> <span class='ocrx_word' id='word_1_990' title='bbox 3355 5434 3564 5500; x_wconf 85' lang='grc' dir='ltr'>θυσίας.</span> <span class='ocrx_word' id='word_1_991' title='bbox 3598 5428 3775 5486; x_wconf 83' lang='grc' dir='ltr'>Ταῦτα</span> 
     </span>
    </p>
   </div>
   <div class='ocr_carea' id='block_1_122' title="bbox 2193 5787 3381 5852">
    <p class='ocr_par' dir='ltr' id='par_1_122' title="bbox 2193 5787 3381 5852">
     <span class='ocr_line' id='line_1_122' title="bbox 2193 5787 3381 5852; baseline -0.005 -13"><span class='ocrx_word' id='word_1_992' title='bbox 2193 5792 2216 5821; x_wconf 80' lang='grc'><strong><em>⁸</em></strong></span> <span class='ocrx_word' id='word_1_993' title='bbox 2245 5789 2461 5852; x_wconf 78' lang='lat' dir='ltr'>Uterque</span> <span class='ocrx_word' id='word_1_994' title='bbox 2482 5790 2636 5839; x_wconf 80' lang='lat' dir='ltr'><strong>codex</strong></span> <span class='ocrx_word' id='word_1_995' title='bbox 2649 5788 2935 5852; x_wconf 79' lang='grc' dir='ltr'>ἀνακρινέτω</span> <span class='ocrx_word' id='word_1_996' title='bbox 2959 5799 3049 5850; x_wconf 77' lang='lat' dir='ltr'>pro</span> <span class='ocrx_word' id='word_1_997' title='bbox 3077 5787 3381 5850; x_wconf 78' lang='grc' dir='ltr'>δοκιμαζέτω,</span> 
     </span>
    </p>
   </div>
  </div>
