4100 6434
462 408 561 465 ὗὲί

463 517 792 591 prophetiam
819 513 844 569 τ
879 510 936 567 In
974 524 1040 565 eo
1067 506 1209 564 enim
1238 501 1379 577 quod
1407 502 1656 559 mulieres
1700 500 1905 566 habet,
1924 512 2032 554 non

461 589 713 677 verbum,
755 605 851 663 sed
898 617 984 658 res
1008 610 1090 657 est
1120 618 1134 655 :
1162 606 1216 654 et
1253 610 1461 652 servam
1484 601 1539 649 et
1574 593 1799 648 liberam
1825 589 2035 646 ostendi

465 704 557 759 tthi
587 716 683 772 per
709 697 893 764 verba,
916 692 1164 765 quoniam
1195 688 1420 745 duorum
1447 692 1882 742 testamentorum
1902 695 2039 735 unus

459 800 544 847 est
577 769 849 859 legislator
867 824 882 848 ,
911 784 1058 837 disce
1086 788 1140 836 et
1182 779 1354 847 ipsum
1396 791 1491 846 per
1521 774 1736 844 ﬁguras.
1766 769 2037 825 Abraham

459 884 592 938 duas
616 894 811 936 uxores
837 874 1053 938 habuit;
1083 872 1166 925 has
1190 877 1366 922 autem
1396 873 1520 920 sunt
1547 864 1653 919 duo
1681 870 1993 917 testamenta
2018 900 2035 925 ,

458 983 513 1029 et
545 987 681 1028 unus
709 968 980 1038 legislator
1006 982 1019 1018 :
1047 956 1494 1033 quemadmodum
1518 954 1625 1009 illic
1648 953 1763 1007 ovis
1796 962 1851 1007 et
1887 950 2002 1004 ovis
2021 989 2036 1015 ,

464 1067 628 1121 altera
652 1060 864 1133 quidem
891 1059 945 1112 in
991 1054 1188 1119 verbo,
1219 1052 1385 1106 altera
1428 1058 1606 1103 autem
1648 1047 1703 1100 in
1750 1059 1808 1100 re
1834 1084 1848 1108 ,
1876 1043 2040 1098 multa

462 1172 591 1212 vero
613 1162 668 1209 et
685 1166 904 1222 operum
924 1155 979 1202 et
997 1145 1280 1201 verborum
1302 1136 1677 1195 concordantia
1699 1135 1834 1190 inest
1859 1153 1873 1189 :
1893 1136 1970 1188 sic
1988 1139 2043 1188 et

463 1248 549 1303 hic
573 1248 884 1303 testamenta
907 1239 1040 1293 duo:
1061 1245 1115 1291 et
1136 1236 1250 1289 haee
1271 1229 1532 1288 Jeremias
1553 1226 1767 1298 quidem
1797 1239 1891 1295 per
1917 1238 2044 1278 ver-

463 1344 528 1398 ha
546 1337 812 1411 praedixit,
831 1330 1097 1387 Abraham
1117 1335 1292 1381 autem
1318 1324 1449 1379 duas
1477 1320 1679 1375 habens
1699 1329 2046 1383 uxores,0pe—

464 1409 611 1488 ribus
629 1425 889 1498 ﬁguravit.
902 1415 1355 1488 Quemadmodum
1373 1412 1515 1469 enim
1535 1426 1671 1465 unus
1682 1409 1763 1462 vir
1779 1420 1830 1462 et
1852 1419 2045 1460 uxores

463 1523 605 1587 dum,
620 1494 697 1574 sic
714 1525 768 1571 et
779 1529 916 1569 unus
932 1510 1291 1581 legislator,et
1307 1509 1622 1560 testamenta
1639 1500 1766 1555 duo.
1783 1496 1885 1553 Sed
1903 1494 2044 1566 quod

465 1611 597 1673 dixi,
623 1617 678 1663 et
702 1607 854 1675 cujus
880 1617 1040 1658 eausa
1068 1599 1309 1654 universa
1341 1595 1456 1649 htee
1478 1590 1746 1662 proposita
1771 1598 2047 1643 suntznon

467 1702 608 1759 enim
647 1714 679 1754 a
707 1696 978 1768 proposito
996 1688 1374 1746 discedendum
1400 1694 1525 1741 est:
1565 1682 1667 1750 Qui
1708 1681 1887 1735 viderit
1926 1695 2044 1731 mu-

467 1792 635 1846 lierem
657 1788 724 1842 ad
750 1781 1201 1855 concupiscendum
1241 1794 1351 1832 eam
1368 1817 1384 1843 ,
1404 1777 1519 1847 jam
1542 1773 1816 1827 moechatus
1841 1779 1913 1823 est
1933 1784 2046 1822 eam

467 1884 521 1939 in
540 1881 690 1936 corde
708 1895 800 1934 suo
832 1874 1043 1948 (Matth.
1074 1873 1126 1927 5.
1156 1870 1267 1940 28).
1300 1869 1375 1924 lta
1402 1874 1515 1932 est;
1554 1863 1648 1920 sed
1675 1861 1815 1933 quod
1839 1861 1890 1915 in
1916 1874 2044 1930 pro-

469 1972 642 2043 posito
666 1969 819 2023 nobis
845 1975 961 2020 erat
989 1978 1113 2018 cum
1132 1962 1250 2015 base
1266 1957 1445 2013 omnia
1463 1957 1813 2025 agitaremus,
1836 1966 1931 2005 cur
1955 1963 2050 2003 ve-

470 2039 635 2118 terem
663 2057 799 2127 ipsis
819 2057 988 2126 legem
1017 2052 1205 2106 recitat
1230 2049 1253 2102 ?
1275 2046 1404 2102 dicit
1446 2045 1588 2100 enim
1619 2042 1748 2111 ipsis
1774 2059 1788 2095 :
1821 2039 2048 2094 Audistis

467 2151 701 2223 quoniam
725 2149 913 2203 dictum
938 2154 1011 2199 est
1034 2141 1274 2209 antiquis,
1308 2135 1431 2191 Non
1459 2131 1804 2188 mwehaberis.
1831 2131 2046 2199 Cogno-

468 2217 545 2299 vit
583 2240 800 2298 difﬁcile
826 2251 948 2293 esse
975 2232 1280 2290 mandatum
1306 2269 1322 2294 ,
1351 2242 1457 2282 non
1489 2232 1675 2293 suapte
1702 2231 1887 2276 natura
1906 2261 1920 2283 ,
1951 2217 2046 2273 sed

469 2331 792 2390 audientium
841 2325 1068 2383 desidia.
1117 2322 1278 2377 Multa
1321 2318 1464 2374 enim
1495 2331 1612 2385 qute
1643 2321 1829 2367 natura
1878 2310 2046 2364 facilia

470 2434 630 2491 sunt,
656 2419 890 2478 difﬁcilia
916 2416 1051 2472 ﬁunt
1090 2428 1212 2469 cum
1264 2410 1589 2480 pigritamur,
1638 2405 1775 2459 sicut
1813 2400 2047 2457 difficilia

469 2533 588 2588 qua:
611 2523 735 2571 sunt
752 2554 768 2577 ,
796 2512 933 2567 levia
954 2518 1009 2564 et
1037 2506 1207 2562 facilia
1235 2505 1368 2558 ﬁunt
1394 2500 1546 2555 nobis
1567 2504 1811 2552 accurate
1839 2494 2047 2565 prospi-

470 2610 749 2666 eientibus.
782 2604 899 2660 Non
924 2602 1071 2657 enim
1109 2598 1393 2654 difﬁcultas
1431 2607 1609 2648 rerum
1636 2599 1840 2645 naturae
1874 2590 2047 2652 inest,

471 2701 564 2755 sed
605 2696 967 2755 exercentium
1015 2690 1289 2761 preposito
1321 2704 1335 2739 :
1362 2684 1504 2755 quod
1552 2681 1889 2737 verissimum
1930 2690 2050 2732 esse

471 2791 556 2847 vel
592 2806 657 2845 ex
703 2790 804 2843 hoc
830 2793 1068 2855 apparet.
1100 2781 1203 2837 Mel
1247 2786 1435 2834 natura
1475 2774 1811 2831 dulcedinem
1852 2770 2047 2835 habet,

470 2892 628 2952 atque
654 2878 897 2936 eamdem
931 2871 1403 2946 jucundissimam,
1449 2867 1541 2922 sed
1572 2864 1784 2935 aegrotis
1809 2875 2049 2915 amarum

471 2951 596 3044 quid
639 2980 802 3040 atque
848 2970 1109 3037 ingratum
1134 2970 1247 3027 est,
1303 2975 1411 3015 non
1449 2956 1684 3027 propria,
1715 2952 1811 3008 sed
1838 2951 2049 3007 illorum

470 3061 796 3134 aegritudinis
824 3065 1008 3113 natura
1041 3071 1054 3108 :
1080 3056 1157 3110 sic
1183 3052 1275 3107 lex
1299 3049 1508 3104 tametsi
1536 3045 1775 3101 videatur
1798 3053 2047 3107 onerosa,

472 3132 579 3213 non
603 3168 697 3210 sua
721 3162 926 3211 natura.
947 3148 1040 3202 sed
1064 3154 1243 3201 nostra
1263 3142 1321 3197 ﬁt
1336 3141 1567 3213 pigritia.
1592 3136 1741 3193 Haud
1759 3134 1889 3191 mihi
1915 3132 2051 3188 mul-

472 3257 584 3303 tum
609 3245 825 3308 laboris,
848 3239 1130 3296 03tendere
1159 3235 1302 3290 factu
1331 3233 1535 3288 facilem
1565 3244 1686 3285 esse
1714 3246 1729 3283 :
1760 3241 1881 3281 nam
1907 3223 2051 3296 quod

473 3337 742 3394 difﬁcilem
769 3332 913 3387 illam
942 3328 1068 3384 facit
1096 3325 1238 3381 aliud
1263 3322 1545 3378 dicendum
1567 3327 1701 3375 erat.
1731 3317 1883 3372 Nunc
1907 3313 2048 3369 enim

466 3430 621 3495 dicit,
649 3428 796 3497 Fuge
826 3422 1068 3478 mulieris
1109 3420 1312 3483 visum,
1341 3430 1370 3469 a
1401 3412 1606 3469 luxuria
1650 3407 1883 3464 recede:
1909 3403 2050 3475 quod

473 3531 651 3578 autem
682 3518 917 3582 difﬁcile,
960 3512 1261 3583 oppositum
1307 3508 1483 3562 dicere
1526 3512 1768 3573 poterat,
1822 3498 2053 3568 Exquire

475 3616 728 3672 mulieres
752 3654 765 3675 ,
794 3618 1032 3666 scrutare
1058 3605 1260 3658 alienas
1290 3600 1507 3662 formas,
1539 3606 1697 3665 atque
1744 3594 1822 3647 sic
1872 3589 2049 3645 libidi-

473 3721 599 3763 nem
624 3704 799 3759 vince.
817 3700 875 3755 ld
898 3711 1027 3767 ergo
1052 3691 1269 3749 difﬁcile
1288 3688 1460 3743 fuerat
1492 3703 1507 3739 :
1536 3701 1656 3739 nam
1686 3683 1893 3746 dicere,
1915 3679 2052 3734 For-

476 3812 664 3855 nacem
693 3794 838 3863 fuge,
868 3788 1059 3846 recede
1084 3784 1291 3855 longius
1309 3782 1375 3835 ab
1400 3781 1551 3848 igne,
1580 3776 1807 3863 flamma:
1835 3772 2052 3863 propius

475 3905 582 3945 non
610 3861 898 3941 accesseris
917 3921 932 3946 ,
969 3891 1075 3948 quo
1111 3877 1184 3929 sis
1214 3875 1503 3934 innocuus,
1536 3866 1757 3921 multum
1786 3861 2053 3916 facilitatis

477 3981 672 4036 habet:
702 3975 897 4031 etenim
923 3972 1071 4041 juxta
1101 3975 1343 4021 naturam
1371 3960 1677 4017 mandatum
1699 3967 1798 4011 est.
1829 3955 2054 4009 Audistis

476 4073 597 4146 quia
638 4070 827 4123 dictant
869 4074 943 4120 est
989 4060 1242 4128 antiquis,
1284 4054 1405 4109 Non
1444 4051 1762 4106 ntmchaberis
1803 4049 1823 4117 (
1846 4045 2047 4118 Ibid).

478 4137 641 4231 Cujus
669 4158 829 4228 igitur
854 4155 932 4209 rei
958 4151 1126 4223 gratia
1155 4147 1422 4215 antiquam
1467 4143 1633 4211 legem
1663 4141 1816 4195 nobis
1843 4137 1910 4193 ad
1936 4151 2052 4190 me-

477 4227 708 4307 moriam
747 4243 975 4314 redegit,
1003 4240 1225 4295 alteram
1252 4231 1689 4290 introducturus?
1715 4230 1830 4296 Quo
1854 4227 2054 4282 scilicet

477 4356 547 4398 ex
569 4337 963 4408 comparatione
982 4331 1157 4386 discas
1177 4343 1282 4383 non
1299 4341 1418 4383 esse
1438 4323 1595 4392 hujus
1618 4333 1774 4391 atque
1796 4319 1937 4374 illius
1958 4330 2058 4387 pu-

478 4446 635 4504 gnam
667 4446 681 4483 :
712 4442 832 4483 cum
855 4426 997 4481 enim
1022 4423 1236 4493 ponitur
1261 4416 1589 4487 comparatio
1609 4456 1627 4481 ,
1649 4424 1774 4468 tunc
1799 4411 1858 4466 ﬁt
1882 4409 2055 4464 maui-

478 4500 667 4581 festius
704 4518 981 4591 judicium.
1036 4513 1299 4583 Quoniam
1350 4507 1609 4579 ohjecturi
1637 4512 1793 4560 erant
1840 4500 2054 4571 quidam

480 4615 629 4689 quod
654 4621 713 4669 ut
731 4610 1051 4667 contrariam
1072 4609 1243 4677 legem
1272 4603 1457 4667 ferret,
1481 4600 1597 4655 haec
1620 4598 1861 4652 diceret:
1894 4594 2053 4655 Ecce,

480 4683 680 4779 inquit,
705 4710 959 4771 utrasque
983 4696 1285 4753 alternatim
1314 4695 1460 4763 leges
1484 4703 1645 4760 pono,
1676 4695 1818 4741 tenta
1835 4692 1890 4738 et
1906 4683 2055 4736 disce

480 4793 922 4855 consonantiam:
949 4804 1055 4844 non
1095 4787 1165 4842 ob
1196 4785 1250 4841 id
1275 4785 1472 4847 solum,
1493 4778 1590 4836 sed
1610 4778 1768 4834 etiam
1789 4784 1848 4829 ut
1873 4782 2057 4828 osten-

481 4888 572 4944 dat
597 4885 802 4942 facilem
833 4887 1237 4951 opportuneque
1253 4873 1610 4930 introductam
1633 4886 1646 4920 :
1670 4874 1953 4938 propterea
1973 4863 2058 4916 in-

479 4980 596 5049 quit
620 4994 634 5030 :
664 4973 889 5029 Audistis
912 4969 1030 5041 quia
1048 4967 1238 5019 dictum
1262 4973 1338 5018 est
1364 4961 1600 5033 antiquis,
1629 4957 1751 5015 Non
1777 4951 2060 5009 mcechabe-

482 5043 815 5125 riutamdiu
858 5066 911 5120 in
946 5062 1160 5131 antiqua
1210 5059 1326 5128 lege
1373 5069 1471 5110 vos
1512 5048 1847 5108 exercuistis.
1898 5043 2060 5112 Quasi

480 5161 670 5216 doctor
693 5154 962 5227 pigritanti
1003 5150 1224 5223 parvulo
1248 5143 1531 5218 praeteritis
1555 5140 1732 5197 adhuc
1765 5134 2062 5205 disciplinis

483 5251 639 5306 inniti
678 5248 911 5312 volenti,
956 5254 1115 5315 atque
1155 5240 1222 5296 ad
1269 5237 1458 5293 altiora
1484 5250 1606 5292 eum
1632 5232 1818 5287 tollere
1840 5227 2062 5297 cupiens

485 5342 662 5397 dicit:
702 5339 888 5408 Cogita
932 5342 1188 5405 quantum
1242 5327 1495 5399 temporis
1539 5324 1640 5379 bac
1684 5322 1741 5376 in
1787 5318 2062 5388 disciplina

484 5430 780 5489 contrivisti
810 5445 825 5482 :
864 5430 944 5483 sie
988 5438 1043 5481 et
1088 5423 1332 5480 Christus
1370 5429 1626 5474 revocans
1661 5414 1719 5469 in
1750 5409 2063 5467 memoriam

486 5538 581 5580 eos
601 5520 873 5594 prolixiori
892 5530 1134 5589 tempore
1159 5513 1395 5571 tenuisse
1412 5512 1582 5581 legem
1606 5507 1873 5576 antiquam
1890 5544 1908 5572 ,
1930 5513 1985 5557 et
2010 5502 2065 5556 in

488 5627 549 5669 ea
571 5591 631 5670 se
649 5611 972 5677 exercuisse,
995 5622 1220 5678 esseque
1246 5614 1457 5673 tempus
1479 5600 1547 5656 de
1570 5607 1766 5653 caetero
1805 5593 1873 5649 ad
1910 5591 2065 5647 altio-

489 5727 602 5769 rem
639 5706 1000 5767 conscendere
1020 5745 1035 5772 ,
1064 5703 1129 5758 ad
1158 5702 1325 5772 ipsam
1352 5711 1470 5768 qua:
1513 5699 1724 5763 patrum
1748 5682 2067 5759 quandoque

1483 389 1574 445 DE
1613 386 2080 445 ΗΕΝΙΤΕΝΤΙΔ.
2120 385 2351 442 HOMIL.
2396 387 2485 441 Vl.

3622 386 3728 441 5'22

2146 501 2340 568 fuerat,
2381 499 2765 569 legislationem
2811 498 3038 555 traducit
3083 497 3268 554 dicens
3302 515 3315 553 :
3351 496 3572 552 Audistis
3610 501 3728 569 quia

2144 592 2335 644 dictum
2363 600 2433 645 est
2456 591 2708 662 antiquis,
2751 589 2872 644 Non
2897 589 3239 644 moechaberis.
3270 588 3325 643 Id
3363 589 3594 659 antiquis
3642 588 3729 643 tli-

2146 693 2290 735 etum
2316 689 2433 746 est,
2474 681 2586 752 Ego
2630 692 2795 734 autem
2842 680 2955 734 dico
2996 679 3150 732 vobis.
3194 678 3248 733 Si
3300 679 3445 733 enim
3494 680 3727 747 antiquis

2146 772 2387 838 dixisset,
2420 774 2610 826 merito
2640 771 2974 841 quercreris,
3008 785 3128 824 cum
3166 770 3527 837 imperfeclior
3551 771 3729 825 adhuc

2146 876 2290 921 esset
2312 875 2492 920 nostra
2524 874 2733 919 natura.
2777 864 2853 917 lia
2879 878 3003 918 vero
3028 877 3149 916 cum
3179 871 3354 929 aucta,
3394 877 3516 916 eum
3557 862 3729 930 perfe-

2147 958 2283 1011 ctior
2304 959 2438 1011 facta
2468 966 2584 1022 est,
2612 956 2890 1023 disciplina
2915 955 3075 1009 etiam
3106 954 3403 1024 perfectiori
3432 954 3497 1008 de
3530 964 3728 1008 stetere

2148 1063 2284 1117 opus
2302 1058 2438 1102 erat.
2468 1048 2751 1116 Propterea
2774 1046 3030 1116 incipiens
3060 1062 3090 1100 a
3117 1046 3447 1115 legislatione
3467 1088 3481 1111 ,
3514 1062 3580 1101 ne
3610 1047 3729 1115 quis

2150 1140 2361 1193 intuens
2390 1139 2737 1208 philosophia:
2757 1137 3133 1192 sublimitatem
3152 1136 3449 1207 pigritetur,
3469 1144 3561 1191 aut
3581 1153 3733 1191 mora

2153 1238 2414 1294 teneatur,
2448 1230 2615 1299 inquit
2649 1246 2662 1282 :
2698 1228 2816 1281 Nisi
2843 1226 3168 1282 abundaverit
3187 1229 3390 1300 justitia
3424 1236 3586 1282 vestra
3614 1245 3730 1299 puts

2150 1337 2304 1393 quam
2329 1321 2609 1375 scribarum
2633 1329 2681 1374 et
2702 1319 3105 1384 Pharisaeorum,
3132 1335 3232 1371 non
3269 1318 3519 1372 intrabitis
3556 1319 3607 1372 in
3646 1334 3729 1371 re-

2148 1430 2303 1484 gnum
2345 1414 2581 1467 cwlorum
2621 1412 2830 1483 (Matth.
2863 1414 2916 1468 5.
2944 1410 3060 1485 20).
3103 1411 3229 1465 Plus
3249 1427 3278 1465 a
3305 1426 3389 1465 me
3414 1412 3609 1466 laboris
3634 1428 3729 1467 ex-

2153 1504 2476 1574 igis?quare
2508 1503 2532 1557 ‘i
2564 1518 2690 1557 num
2730 1519 2834 1559 una
2881 1519 3004 1559 eum
3043 1503 3152 1557 illis
3181 1518 3288 1557 non
3336 1518 3453 1557 sum
3501 1506 3732 1560 natura?

2151 1597 2407 1667 numquid
2434 1612 2540 1651 non
2583 1596 2744 1651 homo
2782 1597 2974 1652 similis
3014 1596 3120 1650 illis
3156 1596 3179 1650 ?
3219 1596 3287 1652 Ut
3314 1610 3419 1651 non
3448 1597 3563 1651 haec
3588 1596 3731 1651 dice-

2152 1697 2274 1743 rent
2300 1688 2399 1758 (a),
2437 1688 2612 1754 Quare
2641 1687 2796 1741 nobis
2826 1688 3035 1742 labores
3063 1688 3265 1742 addidit
3291 1687 3315 1741 Ῥ
3338 1704 3503 1757 quare
3531 1688 3732 1757 majora

2152 1781 2441 1837 certamina
2473 1779 2682 1849 posuit?
2696 1780 2929 1834 occurrit
2943 1779 3226 1850 objectioni
3244 1794 3464 1850 regnum
3481 1780 3731 1835 etelorutn

2154 1870 2429 1940 proferens
2448 1887 2462 1923 :
2478 1869 2694 1938 Majora,
2715 1870 2904 1939 inquit,
2923 1869 3135 1939 praemia
3154 1868 3335 1923 defero
3356 1888 3367 1922 :
3388 1869 3732 1924 diceuslaho-

2151 1975 2260 2028 res,
2274 1960 2459 2014 dicens
2468 1970 2776 2026 certannna,
2792 1959 2978 2014 dicens
2989 1958 3351 2014 extensiouetn
3367 1959 3516 2029 legis,
3533 1967 3583 2013 et
3600 1976 3708 2029 pra:
3720 1989 3735 1999 -

2151 2052 2381 2105 miorum
2412 2050 2673 2104 meminit.
2699 2048 3038 2119 Nequaquam
3064 2050 3235 2112 enim,
3269 2049 3470 2118 inquit,
3500 2050 3735 2105 Palaesti-

2151 2159 2274 2197 nam
2300 2144 2402 2210 do,
2439 2158 2610 2213 neque
2640 2151 2836 2197 terram
2872 2140 3123 2196 ﬂuentem
3168 2142 3303 2196 laete
3337 2150 3394 2197 et
3424 2142 3610 2208 melle,
3639 2142 3733 2197 sed

2153 2235 2326 2303 ipsum
2352 2235 2502 2290 vobis
2520 2235 2710 2289 etclam
2747 2233 2952 2289 defero.
2979 2232 3163 2303 Neque
3188 2233 3239 2286 in
3271 2232 3565 2288 ofﬁciorum
3596 2250 3736 2288 mer-

2152 2328 2336 2383 cedem
2368 2327 2514 2397 plura
2544 2327 2715 2382 solum
2747 2326 3052 2396 recipimus,
3081 2326 3178 2380 sed
3203 2326 3362 2380 etiam
3389 2327 3444 2380 in
3475 2327 3584 2396 ipsa
3608 2343 3735 2396 pec-

2153 2430 2393 2476 catorum
2440 2420 2863 2491 transgressione
2906 2418 3223 2488 supplicium
3254 2419 3425 2489 majus
3455 2420 3732 2475 trahimus.

2153 2510 2612 2578 Quemadmodum
2638 2511 2779 2564 enim
2804 2502 2895 2579 qui
2920 2509 3090 2579 legem
3115 2517 3522 2578 praecesserunt,
3562 2510 3737 2564 mitio-

2158 2617 2274 2656 rem
2304 2616 2515 2670 poenam
2562 2601 2628 2655 iis
2662 2574 2953 2664 deder-unt,
2976 2574 3085 2668 'qui
3116 2574 3478 2669 peccaverunt
3508 2600 3559 2654 in
3592 2600 3737 2670 lege.
3806 2574 3809 2577 Α

2159 2690 2471 2758 Quicumque
2505 2692 2638 2745 enim
2677 2692 2785 2744 sine
2822 2690 2930 2760 lege
2964 2697 3305 2759 peccauerunt,
3336 2689 3445 2743 sine
3474 2688 3581 2757 lege
3620 2706 3737 2758 per-

2154 2782 2295 2836 ibunt
2324 2781 2501 2849 (Rom.
2523 2782 2577 2845 2,
2612 2780 2726 2852 12),
2762 2780 2812 2835 id
2841 2788 2926 2835 est
2945 2781 3119 2850 legem
3146 2789 3509 2833 accusatorem
3542 2796 3753 2850 nequa-.

2154 2889 2313 2945 quam
2342 2874 2649 2939 habebunt;
2690 2871 2784 2927 sed
2814 2882 3000 2928 contra
3026 2871 3143 2926 illos
3169 2870 3236 2926 ab
3263 2871 3373 2939 ipsa
3403 2880 3590 2924 natura
3617 2886 3741 2926 sen-

2157 2965 2411 3029 tentiam,
2439 2963 2645 3032 inquit,
2664 2960 2831 3017 feram
2862 2960 3002 3016 inter
3019 2960 3368 3030 cogitationes
3394 2969 3704 3015 accusantes
3723 3003 3737 3025 ,

2155 3056 2240 3110 vel
2268 3054 2611 3110 defendentes
2661 3052 2818 3125 (Ibid.
2855 3066 2904 3106 υ.
2933 3049 3039 3123 l5)
3070 3069 3083 3105 :
3116 3053 3192 3105 sie
3221 3061 3274 3105 et
3302 3051 3385 3113 iis,
3413 3054 3502 3121 qui
3536 3053 3585 3105 in
3628 3053 3742 3122 lege

2157 3152 2530 3218 peccaverunt,
2547 3144 2917 3214 delinquentes
2942 3143 3041 3197 sub
3063 3141 3226 3212 gratia
3248 3141 3581 3211 gravioribus
3610 3143 3741 3198 sub-

2156 3248 2311 3294 erunt
2341 3238 2639 3293 tormentis.
2691 3236 2760 3291 Et
2786 3236 3009 3290 istorum
3041 3234 3393 3290 differentiam
3423 3235 3535 3305 ipse
3561 3244 3742 3291 osten-

2157 3330 2237 3384 dit
2260 3329 2472 3392 Paulus,
2499 3328 2683 3381 diceus
2712 3345 2726 3381 :
2759 3324 2968 3379 Irritam
2993 3326 3103 3397 quis
3129 3325 3320 3395 faciens
3345 3323 3501 3393 legent
3535 3324 3703 3396 Moysi
3725 3368 3740 3390 ,

2156 3422 2265 3477 sine
2287 3421 2394 3475 ulla
2418 3420 2736 3473 miseratione
2758 3418 2954 3472 duobus
2977 3419 3054 3472 vel
3078 3416 3233 3472 tribus
3262 3418 3464 3472 testibus
3486 3421 3699 3472 moritur
3721 3436 3741 3474 :

2157 3522 2345 3584 quanto
2366 3513 2524 3582 magis
2552 3512 2740 3580 putatis
2769 3508 3019 3563 deteriora
3043 3508 3219 3563 mereri
3240 3509 3508 3577 supplicia,
3532 3510 3617 3579 qui
3646 3508 3743 3563 Fi-

2158 3607 2284 3661 lium
2313 3603 2411 3658 Dei
2433 3602 2795 3657 conculcaverit
2813 3643 2827 3667 ,
2852 3611 2896 3655 et
2922 3601 3216 3669 sanguinem
3255 3601 3533 3653 testamenti
3575 3599 3745 3669 pollu-

2160 3707 2266 3751 tum
2292 3696 2522 3761 duxerit,
2551 3696 2604 3748 in
2639 3711 2736 3763 quo
2762 3695 3103 3760 sanctiﬁcatus
3135 3702 3227 3757 est,
3253 3702 3300 3745 et
3326 3693 3544 3762 Spiritui
3566 3696 3746 3765 gratim

2159 3786 2512 3841 contumeliam
2556 3785 2727 3855 fecerit
2780 3783 2960 3853 (Hebr.
3011 3783 3097 3837 10.
3126 3783 3216 3836 28.
3248 3782 3366 3852 29).
3410 3783 3596 3837 Cernis
3645 3787 3745 3837 suh

2160 3879 2329 3948 gratia
2360 3876 2618 3945 majorem
2652 3889 2860 3944 ptenam
2884 3915 2897 3937 ,
2926 3873 3087 3926 veluti
3134 3881 3187 3927 et
3231 3874 3448 3940 praemia
3493 3874 3692 3942 majora
3720 3876 3745 3930 ἲ

2159 3968 2262 4023 Sed
2285 3968 2537 4037 quoniam
2564 3974 2746 4020 saneta
2773 3963 3027 4034 mysteria
3056 3961 3121 4015 ad
3148 3960 3460 4015 memoriam
3491 3963 3642 4016 vobis
3665 3979 3746 4017 re-

2161 4061 2255 4114 tuli
2279 4065 2554 4113 tremenda
2576 4071 2640 4111 ac
2676 4053 2990 4124 spiritualia,
3023 4066 3179 4120 rogo,
3204 4051 3449 4116 obsecro,
3483 4052 3744 4120 deprecor

2160 4158 2321 4218 atque
2361 4147 2502 4201 omni
2536 4161 2656 4201 cum
2698 4142 2947 4199 instantia
2991 4149 3203 4210 expeto,
3229 4153 3387 4194 omne
3413 4139 3744 4209 deponentes

2161 4248 2439 4311 peccatum
2459 4279 2475 4306 ,
2502 4238 2579 4293 sic
2606 4236 2672 4291 ad
2695 4234 3024 4290 tremendam
3047 4235 3181 4285 hanc
3203 4244 3441 4285 mensam
3462 4230 3739 4284 accedere.

2164 4331 2350 4385 Pacem
2367 4371 2380 4395 ,
2410 4329 2616 4398 inquit,
2646 4324 2907 4397 sequimini
2926 4339 3040 4376 cum
3061 4322 3290 4376 omnibus
3309 4330 3355 4374 et
3383 4320 3743 4387 sanctiﬁcatio-

2162 4440 2277 4478 nem
2298 4463 2314 4490 ,
2339 4423 2447 4477 sine
2474 4435 2573 4491 qua
2599 4434 2744 4473 nemo
2766 4417 2947 4470 uidebtt
2976 4414 3138 4468 Deum
3169 4411 3350 4485 (Hebr.
3382 4413 3469 4467 12.
3498 4414 3609 4483 14).
3641 4412 3742 4480 Qui

2163 4525 2339 4572 autem
2380 4514 2663 4569 Dominum
2691 4509 2874 4565 videre
2899 4508 3090 4580 dignus
3117 4521 3227 4561 non
3255 4514 3367 4570 est,
3401 4519 3574 4574 neque
3596 4518 3744 4559 com-

2165 4608 2416 4661 munione
2452 4604 2649 4673 dignus
2692 4609 2775 4657 est
2824 4598 3085 4655 Dominiei
3140 4598 3399 4666 corporis.
3458 4596 3746 4664 Pmpterea

2165 4698 2360 4755 Paulus
2379 4698 2550 4767 inquit
2569 4713 2582 4749 :
2602 4694 2813 4748 l’robet‘
2828 4703 2998 4746 autem
3016 4706 3070 4745 se
3088 4691 3257 4753 homo,
3274 4699 3324 4742 et
3342 4690 3414 4743 sic
3429 4688 3491 4740 de
3505 4689 3746 4757 pausillo

2166 4789 2413 4854 comedat,
2442 4797 2489 4843 et
2510 4788 2573 4841 de
2597 4787 2754 4840 calice
2781 4783 2915 4839 bibat
2942 4784 3019 4852 μ.
3051 4782 3169 4835 Cor.
3198 4781 3284 4833 Η.
3307 4779 3424 4849 98).
3446 4777 3562 4831 Non
3588 4792 3746 4832 reve-

2167 4883 2295 4938 lavit
2324 4882 2491 4946 ulcus,
2525 4895 2630 4934 non
2659 4880 2712 4933 in
2740 4888 3025 4932 commune
3052 4871 3320 4927 theatrum
3351 4869 3743 4924 accusationem

2169 4975 2437 5046 produxit,
2468 4987 2574 5026 non
2599 4968 2913 5024 delictorum
2942 4971 3107 5019 testes
3133 4960 3315 5015 statuit
3339 4977 3354 5015 :
3382 4959 3522 5013 intus
3547 4958 3600 5012 in
3627 4973 3752 5014 con.

2168 5067 2389 5123 scientia
2407 5064 2656 5119 adstante
2679 5058 2909 5122 nemine,
2934 5063 3128 5125 praeter
3146 5066 3267 5106 eum
3284 5050 3373 5121 qui
3390 5060 3584 5105 cuneta
3605 5050 3752 5106 videt

2168 5159 2370 5222 Deum,
2411 5152 2665 5224 judicium
2715 5158 2769 5205 st
2813 5161 3038 5204 examen
3079 5152 3417 5215 peccatorum
3452 5151 3663 5207 statue,
3697 5152 3753 5195 et

2167 5251 2329 5304 vitam
2359 5257 2573 5300 omnem
2614 5240 2914 5310 recogitans
2942 5236 2995 5291 in
3024 5234 3221 5290 mentis
3237 5233 3491 5305 judicium
3533 5243 3750 5303 peccata

2171 5341 2438 5405 deducito,
2484 5335 2716 5391 reforma
2761 5331 2905 5403 quod
2950 5328 3241 5397 deliquisti,
3292 5335 3452 5396 atque
3501 5324 3581 5378 sie
3619 5338 3749 5393 pura

2171 5430 2496 5490 conscientia
2543 5440 2751 5483 sacram
2808 5423 3010 5494 attinge
3060 5434 3338 5485 mensam,
3392 5425 3447 5473 et
3487 5416 3751 5487 particeps

2235 5569 2255 5601 ι
2288 5571 2501 5626 Uterque
2523 5560 2686 5626 codex
2706 5572 2722 5626 _:
2754 5554 3015 5619 Dijudicet,
3035 5566 3140 5618 pro,
3162 5550 3346 5626 probet.

2236 5611 2664 5692 (αἱίἶίὄίιιιωᾱοω
2686 5611 2912 5681 deerant,
2938 5611 3053 5682 qusi
3082 5628 3146 5665 ex
3162 5611 3380 5676 utroque
3410 5617 3492 5660 διε.
3520 5611 3757 5672 ευιῳίεη‹

2172 5699 2272 5742 tur.
