4100 6434
441 403 545 457 523

435 519 603 571 s:uicti
623 518 866 571 sacrificii
898 519 1008 570 tias.
1032 515 1156 571 llazc
1173 526 1349 570 mente
1376 516 1688 578 retinentes,
1711 523 1762 566 et
1781 511 2018 564 omnium

435 626 553 678 qua:
598 609 666 664 de
716 611 919 662 luxuria
964 609 1194 662 diximus
1239 605 1534 670 recordati,
1584 613 1888 674 quantaque
1939 600 2024 656 his

436 717 592 770 paena
641 701 808 769 posita
843 702 907 755 sit
935 742 949 762 ,
993 700 1080 770 qui
1113 700 1507 754 incontinenter
1535 706 1589 753 et
1631 697 1804 751 minus
1834 695 2022 764 pudice

437 792 724 860 rcSpieiuut
767 792 819 844 in
852 791 1091 845 mulieris
1118 789 1303 845 faciem
1322 831 1336 855 ,
1364 800 1418 844 et
1447 806 1552 858 prie
1582 789 1823 858 gehenna
1845 788 1934 841 Dei
1959 787 2022 841 ti-

437 897 640 936 morem
668 882 1016 936 etcaritatcm
1061 881 1321 936 habentes
1371 889 1494 934 ante
1523 879 1733 942 oculos,
1781 886 2018 932 nosmet-

435 974 578 1042 ipsos
609 973 841 1042 nudique
872 984 1180 1044 purgantes,
1209 975 1288 1029 sic
1319 974 1485 1028 sacris
1508 973 1776 1042 mysteriis
1804 971 2022 1042 proniu-

433 1081 675 1135 quemus,
695 1082 764 1121 ne
793 1067 841 1120 iu
869 1067 1124 1135 judicium
1153 1065 1658 1134 damnatiuncmque
1687 1063 1839 1118 nobis
1867 1064 2015 1127 ﬁant,

2041 1201 2186 1209 -ρ-..ν
2195 1206 2332 1211 _____
2345 1208 2374 1211 -λ
2383 1208 2458 1213 _‘
2473 1211 2512 1215 ,κ’
2521 1211 2636 1217 ὴ

1175 399 1232 454 S.
1273 396 1551 454 JOANNIS
1589 392 2058 452 CllRYSOSTOMl
2100 392 2416 449 AﬂClllEP.
2459 393 2996 454 CONSTANTINOP.
3599 407 3698 466 321

2129 506 2223 561 sed
2254 507 2304 560 in
2331 508 2579 576 salutem,
2605 520 2655 563 ct
2674 513 2862 566 anima:
2885 516 3183 580 sanitatem,
3209 515 3556 591 fiduciamque
3579 538 3694 581 cou-

2130 597 2327 651 tinuam
2373 599 2558 654 salutis
2613 601 2768 670 hujus
2807 606 3160 674 suscipiamus

2130 689 2356 744 Domino
2385 701 2568 746 nnstm
2597 735 2611 757 ,
2643 695 2727 749 cui
2785 695 2954 766 gloria
3001 705 3056 752 et
3108 699 3386 770 imperium
3417 703 3469 758 iu
3513 709 3694 764 arceat:

2126 781 2466 837 saeculorum.
2496 783 2666 838 Amen
2696 785 2736 841 ⁸.

3209 623 3224 660 :
3264 609 3315 662 in
3343 609 3553 666 Christo
3576 615 3696 672 Jesn

2194 1017 2210 1098 ξ
2227 1018 2426 1098 git
2713 1022 3048 1098 etkimpemnn,
3063 1028 3342 1098 magnitudo
3355 1037 3398 1098 et
3414 1033 3703 1098 mgni/ica:-

2128 1082 2196 1127 ua
2221 1090 2328 1128 cum
2339 1079 2482 1132 Putre
2503 1079 2562 1132 ρι’
2571 1096 2734 1134 saneto
2753 1079 2934 1149 Spiritu
2957 1087 3007 1137 in
3029 1079 3208 1139 secula
3229 1079 3532 1144 modum

2757 1215 2986 1222 ———.——.

1452 1307 1815 1380 SERMO
1859 1308 1998 1378 DE
2065 1311 2739 1396 PCENITENTIA

438 1483 517 1526 ετ
563 1481 1076 1537 COMPUNCTIONE,
1125 1483 1203 1524 ET
1247 1481 1416 1534 quon
1446 1479 1606 1522 DEUS
1650 1478 1746 1520 srr
1789 1478 2123 1524 rnour'rus
2155 1485 2241 1525 AD
2281 1489 2596 1546 SALUTEM,
2646 1498 2724 1540 er
2767 1501 3015 1546 nautis
3061 1507 3144 1547 AD
3172 1507 3415 1552 meum
3450 1515 3464 1552 :
3497 1512 3557 1554 In
3591 1513 3708 1566 ouo

1474 1579 1555 1621 ΕΤ
1598 1577 1921 1622 MIBABILIS
1965 1579 2047 1619 DE
2092 1581 2304 1627 RAHAB
2349 1591 2668 1638 HISTORIA.

1748 1723 2043 1736 ————.

970 1836 1186 1874 uomuit
1229 1835 1300 1873 vn
1319 1817 1416 1890 (α).

526 1936 574 1988 l.
628 1933 850 2002 Semper
874 1933 1086 2002 quidem
1113 1932 1322 1987 divinus
1347 1931 1619 2000 apostolus
1644 1932 1819 1986 divina
1861 1932 2024 1985 cmic-

448 2027 622 2096 stique
651 2025 814 2078 utitur
852 2025 1024 2090 lingua
1051 2064 1066 2088 ,
1113 2039 1176 2077 ac
1213 2024 1428 2077 scientia
1461 2025 1624 2077 multa
1667 2023 2027 2092 evangelicum

447 2118 577 2171 texit
604 2117 822 2171 verbum
859 2133 870 2168 :
906 2133 1012 2170 non
1043 2132 1110 2170 ex
1140 2131 1232 2170 sua
1261 2117 1522 2172 sententia
1557 2127 1756 2171 temere
1787 2118 2027 2185 loquens,

445 2207 538 2262 sed
569 2208 731 2277 regali
769 2209 1086 2261 auctoritate
1115 2207 1362 2278 dogmata
1395 2207 1691 2278 proferens.
1751 2207 1861 2262 Hac
1909 2223 2031 2262 vero

445 2299 776 2369 potissimum
803 2298 965 2351 utitur
991 2298 1237 2360 scientia,
1261 2298 1472 2366 quando
1501 2298 1838 2366 peccantibus
1865 2297 2034 2366 paeni-

446 2393 622 2446 tentia:
650 2391 868 2445 verbum
901 2391 1092 2460 ingerit
1119 2408 1133 2444 :
1163 2407 1266 2460 qua
1293 2391 1362 2445 de
1394 2407 1451 2446 re
1477 2406 1569 2444 vos
1595 2391 1702 2460 jam
1724 2391 2033 2444 admonitu-

447 2498 537 2536 rus
561 2497 698 2536 sum.
733 2482 971 2536 Audistis
1000 2482 1212 2550 itaque,
1244 2490 1301 2534 ut
1338 2481 1603 2550 sigillatim
1650 2497 1710 2535 ea
1748 2497 1868 2550 quas
1893 2482 2030 2534 dicta

447 2581 571 2626 sunt
600 2583 809 2641 tangam
835 2612 850 2636 ,
886 2571 1153 2640 quomodo
1181 2571 1488 2627 Corinthios
1523 2572 1798 2641 alloquens
1826 2571 2036 2627 dicebat

447 2674 696 2717 strenuus
727 2662 817 2716 ille
843 2662 922 2715 vir
943 2673 1103 2730 atque
1129 2662 1474 2717 admirandus
1499 2678 1512 2714 :
1546 2661 1628 2716 Ne
1657 2671 1790 2734 forte
1812 2664 2032 2731 veniens,

447 2753 632 2806 multos
667 2751 882 2821 deﬂeant
911 2767 1082 2805 eorum
1105 2754 1190 2821 qui
1221 2754 1362 2823 prius
1391 2764 1739 2823 peccaverunt,
1782 2766 1828 2808 et
1873 2756 2035 2824 posui-

445 2843 652 2898 tentiam
675 2859 776 2896 non
802 2852 1008 2912 egerunt
1033 2842 1107 2913 (2.
1126 2841 1244 2898 Cor.
1270 2843 1354 2898 12.
1372 2842 1486 2916 Si).
1511 2842 1684 2898 Homo
1700 2844 1912 2915 quidem
1937 2860 2034 2899 na-

447 2943 562 2986 tura
605 2947 827 3001 magnus
869 2931 955 2987 hic
979 2932 1168 2987 doctor
1195 2943 1312 2988 erat
1333 2973 1350 3000 ,
1379 2935 1472 2988 scd
1501 2937 1772 3004 propOsito
1814 2937 1903 2990 Dei
1931 2936 2035 2991 mi-

448 3022 614 3075 nister
642 3039 655 3076 :
687 3021 806 3076 ideo
835 3022 981 3076 velut
1025 3024 1224 3078 caeleSIi
1255 3025 1481 3094 quadam
1530 3026 1696 3079 utitur
1741 3025 1916 3096 lingua
1940 3066 1957 3091 ,
1983 3035 2038 3081 et

443 3114 599 3184 quasi
622 3129 688 3167 ex
712 3114 838 3184 ipsis
866 3115 1011 3168 caelis
1040 3115 1366 3184 loqueretur,
1399 3115 1477 3170 sic
1503 3115 1876 3172 iuterminatur
1904 3133 2034 3188 peco

447 3206 741 3272 caloribus,
787 3216 840 3260 et
871 3207 1258 3275 pteuitentibus
1295 3207 1722 3278 pr0pitiationem
1750 3210 2032 3279 promittit.

446 3297 577 3351 Cum
620 3305 796 3350 autem
843 3297 959 3352 haec
985 3297 1142 3364 dico,
1181 3313 1514 3368 nequaquam
1545 3299 1691 3354 Pauli
1721 3300 1912 3371 linguae
1941 3316 2036 3356 au-

446 3389 748 3443 ctoritatem
771 3389 1041 3455 adseribo,
1055 3390 1146 3444 sed
1177 3390 1243 3444 ad
1263 3390 1354 3444 Dei
1383 3392 1605 3459 gratiam
1627 3401 1791 3446 totum
1819 3392 1993 3446 refero
2020 3409 2034 3446 :

452 3481 519 3534 de
544 3496 652 3550 quo
682 3481 794 3549 ipse
824 3480 1036 3534 diccbat
1067 3499 1079 3534 :
1120 3481 1200 3533 Αη
1228 3483 1624 3550 experimentum
1653 3485 1762 3550 ejus
1787 3485 2033 3551 qua’rilis,

447 3573 536 3643 qui
571 3573 626 3625 in
675 3589 756 3625 me
793 3572 1015 3640 loquitur
1039 3612 1055 3637 ,
1087 3571 1278 3627 Christi
1305 3572 1322 3641 (
1357 3573 1411 3626 2.
1441 3573 1560 3627 Cor.
1602 3574 1687 3627 l5.
1721 3575 1754 3628 5
1781 3573 1846 3644 )7
1875 3573 2038 3642 lgitur

447 3663 790 3732 peccantibus
807 3662 1050 3718 beneﬁcii
1079 3663 1395 3718 medicinam
1419 3666 1684 3735 supponit,
1700 3676 1753 3720 et
1775 3667 2038 3735 paeniten-

449 3757 575 3808 tiam
627 3753 694 3807 ad
735 3753 983 3808 salutem.
1014 3754 1300 3809 Concurrit
1329 3765 1508 3810 autem
1558 3757 1713 3812 hodie
1748 3774 1868 3812 cum
1907 3774 2039 3828 apo-

449 3846 635 3898 stulica
657 3844 884 3899 lectione
903 3845 1206 3914 evangelica
1224 3847 1384 3900 etiam
1405 3847 1697 3902 Salvaturis
1727 3852 2033 3917 auctoritas,

447 3951 565 4003 quae
591 3945 926 4005 peccatorum
966 3936 1334 3992 remissionem
1365 3940 1582 4009 copiose
1620 3939 1856 4010 largitur.
1907 3941 2038 3995 Nam

449 4043 568 4080 eum
597 4028 944 4098 paralytieum
977 4039 1213 4095 sanaret,
1242 4029 1457 4086 diccbat
1493 4031 1758 4099 Salvator,
1790 4041 1848 4088 ut
1879 4035 2040 4089 modo

449 4119 697 4174 audistis:
725 4118 854 4183 Fili,
886 4121 1207 4174 remittuntur
1235 4122 1325 4175 tibi
1345 4132 1548 4192 peccata
1568 4132 1654 4176 tua
1676 4123 2038 4193 multaUlIorc.

447 4211 503 4262 ‘2.
528 4210 620 4278 5):
652 4209 896 4264 remissio
944 4221 1122 4265 autem
1155 4222 1492 4282 peccatorum
1532 4223 1615 4268 cst
1655 4215 1771 4268 fons
1811 4216 1996 4270 salutis
2021 4257 2040 4285 ,

449 4309 504 4353 t-t
534 4300 808 4367 praemium
859 4302 1208 4369 pceuitentirc.
1240 4303 1557 4358 Remedium
1587 4305 1780 4375 quippe
1818 4315 1900 4361 est
1925 4321 2041 4376 pa:-

452 4391 698 4456 uiteutia,
727 4391 868 4460 quod
903 4402 1178 4461 peccatum
1224 4394 1362 4448 tollit
1392 4413 1405 4448 :
1441 4395 1638 4450 donum
1683 4399 1916 4462 caeleSIe,
1938 4400 2043 4452 vir-

451 4495 536 4534 tus
554 4480 900 4548 admirabilis,
925 4484 1090 4550 gratia
1118 4484 1291 4554 legum
1319 4501 1530 4540 cursum
1553 4489 2040 4557 superans.Quam-

449 4573 636 4628 obrem
673 4589 778 4628 non
802 4574 1178 4630 l‘ornieatorem
1214 4578 1410 4643 renuit,
1429 4595 1533 4633 non
1557 4581 1824 4636 machum
1851 4583 2038 4652 abigit,

451 4682 559 4721 non
588 4666 857 4722 ebriosum
900 4678 1178 4723 aversatur
1199 4710 1214 4736 ,
1240 4685 1344 4723 non
1367 4671 1696 4728 idololalram
1724 4674 2040 4743 detestatur,

451 4777 558 4817 non
581 4761 896 4817 maledicum
914 4763 1141 4832 repellit,
1165 4779 1270 4818 non
1292 4763 1662 4835 blasphemum
1687 4769 2040 4838 persequitur,

452 4869 560 4907 non
589 4863 929 4922 arrogantem
955 4869 969 4917 ;
1001 4853 1094 4907 sed
1132 4869 1322 4909 omnes
1366 4855 1635 4923 immutat,
1667 4860 1868 4926 peccati
1898 4860 2042 4913 enim

449 4942 820 5000 coullatorium
845 4955 930 5000 est
950 4947 1266 5015 paenitentia
1292 4949 1332 5001 ‘.
1377 4948 1568 5018 Opera:
1606 4950 1837 5019 pretium
1863 4961 2040 5006 autem

449 5044 534 5090 cst
561 5037 790 5104 primum
824 5036 918 5090 Dei
944 5051 1163 5107 scopum
1187 5052 1544 5108 cognoscere,
1579 5055 1685 5095 non
1735 5056 1802 5096 ex
1843 5043 2043 5112 cogita-

451 5126 686 5181 tionibus
715 5128 911 5182 nostris
934 5129 1092 5183 talem
1109 5131 1527 5199 speculationem
1549 5131 1830 5199 adeuutes,
1854 5132 1947 5188 sed
1977 5150 2042 5189 ex

454 5217 584 5284 ipsis
606 5216 802 5272 divinis
825 5217 1120 5287 Scripturis
1147 5231 1458 5277 attestatam
1490 5225 1772 5279 veritatem
1813 5225 2042 5282 demon-

450 5317 705 5364 strantes.

537 5400 707 5455 Virtus
730 5412 998 5469 parentum
1036 5404 1249 5473 posteris
1288 5405 1508 5474 prodest.
1536 5439 1609 5450 ο·-
1655 5410 1859 5479 Scupus
1900 5410 2038 5470 Deo,

451 5493 578 5546 dqu
632 5493 1006 5563 longanimiter
1039 5496 1182 5566 agit,
1215 5496 1412 5568 duplex
1459 5511 1562 5565 est,
1592 5502 1655 5554 ad
1712 5503 2044 5572 salutemque

480 5722 490 5733 .
519 5667 555 5742 t‘
573 5671 702 5742 unus
716 5673 853 5742 ιδεμ
866 5667 959 5742 sed
977 5681 1138 5742 omnes
1160 5669 1332 5742 recipit
1343 5684 1600 5742 omnesque
1625 5673 1842 5726 immutat
1860 5688 1878 5737 ;
1896 5675 2020 5726 virtu

454 5728 515 5772 tis
532 5737 659 5793 crum
679 5728 1006 5793 conﬁatorimn
1031 5738 1100 5778 est
1125 5733 1417 5793 pauitantia.

520 5791 594 5842 tu)
615 5783 791 5836 Collatia
815 5803 925 5836 cum
947 5799 1049 5839 Mss.
1073 5783 1231 5856 Regiis
1265 5794 1404 5855 1828,
1423 5795 1564 5856 23W,
1581 5795 1718 5851 ωε,
1741 5799 1886 5848 ειδοεδ.

2138 1825 2395 1891 ρτονίιῑιιδ
2429 1846 2442 1881 :
2483 1829 2612 1898 ipsis
2642 1833 2892 1889 nimirum
2929 1839 3306 1906 ptenitentibus
3339 1845 3559 1900 salutem
3599 1863 3710 1918 pro.

2137 1925 2307 1980 curat,
2339 1932 2630 1988 eorumque
2663 1927 2888 1992 pOSteris
2913 1969 2928 1993 ,
2961 1930 3047 1997 qui
3100 1933 3150 1984 in
3190 1935 3384 1989 virtute
3417 1954 3711 2007 progressus

2139 2002 2322 2060 facturi
2352 2023 2492 2072 sunt,
2528 2012 2840 2068 benefit-ium
2870 2029 3125 2074 reservat.
3157 2021 3222 2076 Et
3270 2035 3326 2077 ut
3385 2002 3570 2082 iterum
3608 2045 3713 2086 ser-

2137 2111 2347 2152 monem
2381 2111 2636 2170 repetam,
2670 2106 2805 2159 Deus
2839 2107 3208 2178 longanimiter
3242 2117 3386 2184 agit,
3411 2129 3465 2172 ut
3501 2131 3553 2175 et
3592 2137 3709 2191 pec-

2137 2202 2285 2270 cator
2313 2193 2611 2262 resipiscat,
2645 2207 2697 2250 et
2727 2207 2782 2251 ut
2817 2203 3040 2268 posteris
3089 2205 3198 2260 suis
3232 2210 3418 2264 salutis
3443 2214 3577 2267 viam
3615 2230 3712 2269 non

2137 2279 2369 2335 claudat.
2399 2282 2545 2337 Licet
2577 2287 2716 2340 enim
2740 2301 2990 2357 peccator
3022 2294 3072 2346 iu
3116 2294 3352 2364 lapsibus
3380 2315 3712 2370 perseveret,

2139 2372 2307 2438 parcit
2339 2389 2480 2442 sarpe
2503 2376 2687 2438 radici,
2709 2389 2765 2432 nt
2786 2379 2988 2438 fruetus
3015 2386 3280 2441 custodiat
3305 2406 3320 2454 ;
3357 2407 3714 2461 saepenumero

2139 2464 2298 2517 etiam
2332 2464 2498 2534 ipsam
2524 2468 2757 2523 radicem
2782 2472 3044 2541 immutat,
3085 2487 3143 2530 ut
3168 2488 3293 2534 ante
3336 2481 3469 2536 dixi.
3511 2485 3611 2539 Sed
3637 2486 3716 2542 ubi

2141 2553 2226 2607 illa
2269 2555 2319 2608 iu
2343 2557 2704 2613 omnimodam
2735 2564 3023 2632 nequitiam
3055 2566 3269 2636 delapsa
3299 2583 3383 2626 est
3404 2615 3418 2635 ,
3453 2573 3588 2629 Deus
3612 2577 3710 2630 uti-

2141 2641 2264 2698 liter
2310 2643 2487 2700 dill‘ert
2513 2650 2860 2718 supplicium,
2893 2656 3264 2722 paenitentiam
3293 2661 3518 2717 salutem
3545 2681 3718 2734 exspe-

2138 2744 2292 2789 ctans
2326 2755 2338 2789 :
2372 2741 2642 2807 quomodo
2669 2753 2846 2796 autem
2875 2785 2889 2810 ,
2923 2746 3066 2800 audi.
3095 2748 3296 2805 Tharra
3325 2763 3476 2822 pater
3505 2757 3718 2812 Abrahae

2141 2827 2402 2884 idolorum
2431 2833 2604 2888 cultor
2642 2844 2791 2901 erat;
2837 2838 2932 2892 sed
2963 2854 3070 2893 non
3122 2841 3208 2896 hic
3249 2843 3398 2899 dedit
3447 2848 3719 2918 impietatis

2141 2937 2350 2992 pmnas,
2377 2933 2431 2978 et
2460 2925 2674 2994 quidem
2697 2927 2838 2996 jure.
2869 2929 3000 2983 Nam
3033 2933 3076 2985 si
3106 2933 3244 2988 Deus
3273 2937 3509 2994 radicem
3540 2941 3716 3009 ιη·ωοί-

2139 3012 2330 3080 disset,
2360 3015 2624 3070 undenam
2649 3027 2829 3075 tantus
2851 3022 2971 3076 lidei
3000 3024 3200 3078 fructus
3229 3027 3570 3095 pullulasset?
3592 3031 3717 3099 Quid

2140 3103 2281 3160 Esau
2314 3108 2581 3176 nequius?
2603 3109 2735 3164 Vide
2762 3113 2888 3167 mihi
2913 3124 2966 3168 et
3006 3117 3147 3170 aliud
3188 3118 3532 3190 benignitatis
3572 3140 3719 3194 argu-

2142 3206 2398 3250 mentum.
2427 3197 2561 3265 Quid
2590 3201 2676 3255 illa
2704 3203 2902 3258 malitia
2935 3206 3335 3276 impudentius?
3363 3229 3537 3270 nonne
3564 3215 3717 3270 forni-

2140 3295 2290 3340 cator
2319 3295 2373 3340 et
2415 3288 2667 3356 profanus
2709 3291 2865 3360 (lleb.
2905 3295 2990 3349 12.
3030 3297 3182 3368 16).
3216 3312 3273 3354 ιιι
3308 3303 3388 3357 ait
3423 3307 3720 3373 apostolus?

2143 3564 2229 3609 tur
2271 3558 2537 3626 Scriptura
2570 3563 2775 3628 dicens,
2835 3566 2996 3622 Jacob
3025 3572 3178 3624 dilexi
3207 3613 3222 3636 ,
3251 3573 3395 3630 Esau
3425 3589 3587 3632 autem
3612 3581 3721 3632 odio

2147 3646 2500 3721 Iiabui(Rom.
2543 3653 2595 3708 9.
2628 3656 2693 3710 15
2717 3657 2782 3722 )7
2835 3658 2890 3714 Si
2941 3676 3068 3730 ergo
3099 3662 3392 3720 fornicator
3416 3669 3718 3734 ,l‘ralricida,

2153 3743 2408 3811 profanus
2439 3756 2493 3801 et
2517 3748 2642 3803 odio
2675 3749 2885 3805 habitus
2909 3793 2924 3818 ,
2956 3770 3054 3808 cur
3078 3771 3182 3810 non
3213 3773 3244 3811 e
3271 3759 3451 3814 medio
3486 3763 3722 3818 tollitur?

2151 3850 2248 3889 cur
2279 3853 2383 3890 non
2405 3841 2754 3896 exscinditur?
2767 3858 2862 3898 cur
2888 3861 2991 3898 nou
3020 3848 3197 3901 statim
3223 3853 3516 3918 promerito
3535 3857 3728 3924 suppli-

2152 3926 2236 3980 cio
2252 3927 2518 3983 afﬁcitur?
2545 3933 2761 3998 Quare?
2789 3934 3069 4002 pulchrum
3104 3951 3238 3994 sane
3261 3951 3340 3995 est
3373 3959 3585 4000 causam
3609 3960 3723 4014 pro-

2145 4019 2310 4074 ferre.
2353 4021 2408 4076 Si
2455 4025 2669 4080 excisus
2701 4027 2916 4092 fuisset,
2948 4045 3198 4100 magnum
3243 4036 3478 4091 mundus
3516 4037 3723 4107 justitire

2145 4111 2371 4168 fructum
2399 4117 2666 4172 amisisset
2691 4133 2706 4181 ;
2743 4127 2798 4173 et
2825 4121 3036 4188 qualem
3067 4124 3212 4180 audi.
3242 4123 3386 4180 Esau
3412 4130 3580 4198 genuit
3620 4126 3722 4181 Ila-

2144 4204 2341 4272 guelem
2366 4245 2381 4270 ,
2423 4205 2622 4277 Βαριιεί
2669 4207 2890 4275 Zaram,
2918 4210 3058 4265 Zara
3085 4210 3224 4284 Job(
3244 4213 3372 4270 Gen.
3410 4218 3522 4290 56).
3557 4217 3726 4272 Videu'

2144 4306 2375 4363 quantus
2412 4297 2680 4365 patientia:
2726 4299 2825 4355 llos
2861 4301 3070 4357 deletus
3118 4313 3297 4374 esset,
3328 4307 3376 4361 si
3407 4309 3724 4378 praeveniens

2149 4387 2290 4442 Deus
2315 4401 2498 4456 ptenas
2517 4405 2547 4443 a
2570 4391 2748 4446 radice
2775 4393 3084 4462 exegisset?

2215 4481 2271 4534 2.
2307 4481 2567 4537 Omnibus
2597 4484 2755 4554 igitur
2792 4486 2843 4539 in
2883 4489 3043 4542 rebus
3077 4487 3219 4544 hanc
3249 4489 3722 4546 considerationem

2145 4571 2387 4628 admitte.
2420 4573 2546 4628 Ideo
2570 4575 2944 4644 longanimiter
2969 4578 3078 4649 agit
3102 4594 3224 4634 cum
3253 4579 3520 4653 Egyptiis
3546 4583 3724 4636 intole-

2146 4664 2341 4719 rabiles
2385 4664 2746 4735 blasphemias
2773 4667 3168 4737 proferentibus
3184 4713 3200 4733 ,
3223 4673 3294 4726 ob
3312 4673 3564 4728 ecclesias
3585 4689 3725 4728 nem-

2147 4769 2234 4824 pe,
2265 4771 2384 4825 quaa
2412 4771 2554 4811 nunc
2587 4755 2781 4812 ﬂorent
2807 4758 2858 4812 in
2883 4757 3136 4830 Egypto,
3168 4762 3240 4815 ob
3301 4763 3620 4818 monasteria
3673 4771 3723 4816 et

2145 4860 2238 4899 eos
2266 4846 2356 4916 qui
2397 4847 2718 4917 angelicam‘
2758 4849 2919 4904 vitam
2953 4861 3076 4905 sunt
3103 4853 3351 4922 amplexi.
3400 4853 3643 4918 Etenim,
3674 4862 3728 4905 ut

2145 4935 2297 4992 aiunt
2333 4939 2470 5008 juris
2498 4940 2693 5009 publici
2722 4942 2881 5011 periti
2901 4983 2918 5010 ,
2948 4953 3004 4999 et
3031 4952 3092 4998 ut
3135 4945 3448 5016 praecipiunt
3479 4946 3724 5000 Romana:

2147 5028 2312 5098 leges,
2343 5046 2625 5100 praegnans
2653 5034 2697 5087 si
2738 5036 2790 5088 in
2821 5035 3022 5090 crimen
3054 5036 3254 5092 incidat
3281 5049 3451 5092 morte
3479 5038 3722 5107 dignum,

2147 5137 2252 5176 nou
2271 5125 2421 5194 prius
2448 5125 2672 5180 interﬁci
2685 5126 2924 5196 jubetur,
2938 5143 3096 5198 quam
3127 5131 3418 5198 pepererit:
3436 5129 3592 5198 idque
3612 5129 3725 5196 jure

2149 5216 2340 5270 merito
2373 5234 2387 5269 :
2420 5232 2524 5270 nou
2558 5218 2700 5272 enim
2725 5219 2928 5288 justum
2960 5231 3288 5276 censuerunt
3312 5223 3484 5291 legum
3515 5220 3719 5280 latores,

2150 5307 2423 5360 innoxium
2463 5323 2584 5360 cum
2617 5311 2774 5363 noxia
2811 5311 2877 5364 de
2923 5311 3100 5367 medio
3125 5312 3260 5366 tolli.
3284 5311 3435 5379 Quod
3467 5311 3508 5364 si
3538 5310 3720 5363 huma-

2150 5413 2233 5451 na:
2259 5398 2404 5467 leges
2433 5399 2564 5452 nihil
2586 5400 2929 5468 peccantibus
2955 5411 3195 5470 parcunt,
3219 5415 3395 5455 aunon
3427 5399 3592 5454 multo
3611 5413 3711 5450 ma-

2147 5488 2228 5555 gis
2261 5489 2396 5543 Dcus
2424 5490 2656 5544 radicem
2695 5491 2982 5558 custodiet,
3007 5490 3270 5548 fructibus
3292 5491 3609 5563 paenitentiae
3637 5489 3718 5543 be-

2151 5579 2397 5634 neﬁcium
2449 5582 2774 5635 reservans?
2828 5582 3026 5650 Accipe
3067 5581 3136 5637 dc
3177 5594 3370 5638 cancro
3415 5597 3573 5651 super
3599 5577 3720 5646 ipsis

2153 5670 2496 5738 peccantibus
2539 5672 2866 5740 paenitentiae
2912 5673 3229 5728 beneﬁcium
3254 5692 3268 5730 :
3297 5688 3417 5728 nam
3443 5681 3496 5727 et
3522 5670 3572 5727 iu
3599 5671 3716 5740 ipsis

2216 5805 2230 5832 ί
2269 5809 2395 5852 tinus
2419 5810 2553 5865 Bcg.,
2585 5801 2934 5865 Evaugelicom.
