4100 6428
262 353 371 411 325

1491 352 1582 410 DE
1620 349 2093 410 ΡαΕΝΙΤΕΝΤΙΑ.
2133 347 2367 405 IIOMIL.
2410 346 2515 402 VII.

3595 347 3701 404 32A

264 471 479 544 ἔχοντες
498 467 556 519 ὲν
584 465 682 537 νῷ,
712 466 808 519 καὶ
845 464 956 519 τῶν
982 465 1106 537 περὶ
1141 466 1439 532 ἀκολασίας
1465 468 1599 539 ἡμῖν
1629 467 1933 540 εἰρημένων
2028 463 2123 517 καὶ
2155 463 2496 534 κατάκριμα,
2528 460 2642 515 ἀλλ’
2678 460 2758 524 εἰς
2804 458 3082 530 σωτηρίαν
3125 460 3221 515 καὶ
3263 460 3474 529 ὑγίειαν
3502 461 3700 533 ψυχῆς.

268 553 625 626 μεμνημένοι,
659 554 753 608 καὶ
789 554 889 624 ὅση
931 557 1109 608 κεῖται
1158 555 1404 627 τιμωρία
1449 557 1562 619 τοῖς
1610 556 1795 620 ἁπλῶς
1840 557 1933 609 καὶ
2027 551 2109 613 εἰς
2156 551 2469 622 παρρησίαν
2506 548 2737 619 διηνεκῆ
2785 549 2883 618 τῆς
2933 549 3210 620 σωτηρίας
3239 548 3442 619 ταύτης
3492 549 3702 604 ἀπολάε-

265 640 583 703 ἀκολάστως
608 640 775 712 ὁρῶσι
809 640 910 703 τὰς
932 640 1041 694 τῶν
1061 643 1340 710 γυναικῶν
1371 641 1544 712 ὅψεις,
1575 643 1668 696 καὶ
1704 643 1808 715 πρὸ
1835 644 1934 714 τῆς
2030 638 2235 708 ϐωμεν,
2259 639 2316 692 ὲν
2343 636 2565 707 Χριστῷ
2599 636 2774 704 Ἰησοῦ
2806 636 2882 707 τῷ
2915 635 3105 707 Κυρίῳ
3127 636 3303 706 ἡμῶν,
3324 630 3419 707 ᾧή
3448 636 3704 703 δόξα,καὶ

265 728 487 798 γεέννης
507 724 605 781 τοῦ
627 726 762 780 Θεοῦ
788 727 876 781 τὸν
909 728 1072 798 φόϐον
1100 729 1195 782 καὶ
1230 729 1329 802 τὴν
1357 730 1580 801 ἀγάπην
1606 730 1710 801 πρὸ
1738 730 1934 799 ὀφθαλ-

269 828 385 899 μῶν
413 827 645 897 ἒχοντες.
698 829 1036 899 πανταχόθεν
1093 831 1322 895 ἑαυτοὺς
1365 831 1741 902 καθαίροντες,
1793 830 1933 885 οὑτω

266 916 362 969 καὶ
390 916 703 987 προσίωμεν
727 919 840 980 τοῖς
866 918 1032 989 ἱεροῖς
1058 918 1395 990 μυστηρίοις,
1425 918 1515 972 ἵνα
1554 917 1631 990 μὴ
1659 920 1738 983 εἰς
1763 925 1937 992 κρῖμα

2027 721 2089 775 τὸ
2119 726 2344 796 κράτος,
2379 725 2457 787 εἰς
2486 727 2612 787 τοὺς
2638 725 2839 787 αἰῶνας
2860 723 2967 776 τῶν
3002 723 3235 778 αἰώνων.
3302 724 3475 795 Ἀμήν
3505 737 3554 778 α.

2097 808 2321 883 ἔ-ριιοί).
2359 809 2517 883 καὶξὸ
2536 811 2724 883 κράτος,
2753 810 3066 883 μεγαλωσύνη
3080 813 3165 883 καὶ
3195 812 3706 883 μεγαλοπρέπεια,άμα

2039 870 2108 928 τῷ
2131 871 2284 939 Πατρί
2296 871 2385 939 καὶ
2412 871 2482 933 τῷ
2499 870 2720 939 παναγίῳ
2752 870 2833 921 καί
2856 874 3076 937 ζωοποιῷ
3100 870 3346 936 Πνεύματι
3375 870 3438 928 εἷς
3454 874 3564 929 τοὺς
3578 870 3677 921 αἰῶ

2041 946 2124 987 νας
2143 932 2249 979 τῶν
2263 932 2467 983 αἰώνων.
2499 932 2653 995 Ἀμήν
2658 972 2665 978 .

1582 1281 1809 1342 ΛΟΓΟΣ
1840 1280 2000 1338 ΠΕΡΙ
2035 1283 2440 1340 ΜΕΤΑΝΟΙΑΣ

316 1457 417 1510 καί
445 1458 842 1526 κατανύξεως,
874 1459 971 1514 καί
1002 1458 1094 1513 ὅτι
1120 1461 1312 1530 ταχὺς
1340 1462 1374 1515 ὀ
1401 1460 1545 1528 Θεὸς
1567 1462 1656 1528 εἰς
1694 1463 1998 1530 σωτηρίαν
2027 1464 2126 1530 καὶ
2150 1466 2385 1534 ,βραδὺς
2410 1469 2498 1534 εἰς
2520 1469 2829 1541 τιμωρίαν]
2857 1465 2991 1542 ἐνῷ
3052 1471 3147 1525 καί
3176 1471 3306 1540 περί
3333 1464 3444 1535 τῆς
3485 1473 3677 1529 Ῥαὰο

1678 1552 2016 1632 παράδοξος
2044 1558 2310 1624 ἱστορία..

1956 1740 2033 1754 —

937 1893 1171 1963 Ὀμιλία
1208 1894 1269 1955 ζ’.

336 1989 411 2036 α’.
449 1982 687 2035 Πάντοτε
723 1983 822 2053 μὲν
845 1984 874 2036 6
897 1981 1040 2043 θεῖος
1076 1983 1394 2047 Ἀπόστολος
1425 1983 1545 2056 θείᾳ
1581 1984 1676 2038 καὶ
1707 1982 1942 2055 οὐρανίῳ

268 2072 537 2141 κέχρηται
560 2068 796 2141 γλώττῃ,
822 2070 916 2123 καὶ
942 2069 1082 2140 μετά
1106 2070 1306 2141 πολλῆς
1331 2073 1640 2143 ἐπιστήμης
1668 2071 1758 2124 τὸν
1783 2072 1944 2139 εὐαγ-

267 2158 486 2226 γελικὸν
533 2157 749 2225 ὑφαίνει
792 2156 986 2225 λόγον’
1030 2158 1130 2211 οὑκ
1172 2156 1231 2223 ἐξ
1269 2158 1476 2222 οἰκείας
1502 2157 1725 2230 γνώμης
1753 2158 1943 2222 ἀπλῶς

270 2243 663 2313 φθεγγόμενος,
701 2242 814 2296 ἀλλ’
846 2245 911 2296 ὲκ
962 2242 1062 2314 τῆς
1111 2243 1607 2316 βασιλικῆς.αὑτοῦ
1656 2244 1943 2307 αὑθεντίας

269 2329 561 2401 προφέρων
592 2332 660 2384 τὰ
686 2329 932 2400 δόγματα
951 2346 965 2360 ⁸
997 2330 1292 2402 ἐξαιρέτως
1312 2331 1370 2384 δὲ
1394 2331 1564 2403 ταύτῃ
1587 2332 1855 2403 κέχρηται
1873 2332 1940 2402 τῇ

269 2419 580 2489 ἐπιστήμῃ,
605 2419 733 2472 ὅταν
782 2419 875 2473 τὸν
929 2419 1031 2489 τῆς
1079 2419 1366 2490 μετανοίας
1410 2419 1608 2491 εἰσάγῃ
1639 2419 1796 2488 λόγον
1831 2422 1945 2482 τοῖς

269 2507 646 2578 ἁμαρτάνουσι
669 2520 683 2536 ⁶
712 2505 843 2578 περὶ
864 2507 922 2560 δὲ
944 2506 1109 2559 αὑτοῦ
1133 2507 1227 2560 τοῦ
1251 2507 1544 2575 κεφαλαίου
1568 2508 1777 2571 πάντας
1799 2507 1945 2577 ὑμᾶς

270 2592 594 2662 ὑπομνήσω.
637 2592 936 2646 Ἠκούσατε
989 2594 1193 2657 τοίνυν,
1230 2594 1317 2647 ἵνα
1363 2594 1428 2647 ὲκ
1479 2593 1679 2665 μέρους
1717 2593 1948 2663 ἅψωμαι

270 2681 376 2733 τῶν
404 2680 733 2750 εἰρημένων,
760 2680 836 2741 ὼς
864 2680 1066 2750 ἀρτίως
1089 2680 1471 2751 διαλεγόμενος
1498 2683 1611 2743 τοῖς
1638 2680 1947 2753 Κορινθίοις

272 2768 461 2837 ἔλεγεν
490 2769 519 2820 6
544 2771 791 2837 γενναῖος
813 2769 1020 2831 ἐκεῖνος
1049 2769 1144 2823 καὶ
1171 2769 1470 2838 θαυμάσιος
1495 2769 1666 2838 ἀνήρ·
1720 2768 1947 2836 Μήπως

268 2856 468 2911 ἐλθὼν
500 2857 774 2922 πολλοὺς
805 2855 1087 2922 πενθήσω
1113 2856 1234 2910 τῶν
1259 2856 1818 2924 προημαρτηκότων,
1844 2855 1946 2909 καί

266 2943 348 3014 μὴ
377 2943 1242 3013 μετανοησάντων.”Ανθρωπος
1283 2943 1380 3013 μὲν
1409 2938 1476 3013 ἦν
1505 2945 1572 3013 τῇ
1608 2942 1766 3011 φύσει
1793 2944 1822 2994 6
1847 2941 1946 3013 μέ-

270 3047 371 3099 γας
406 3022 563 3093 οὗτος
592 3030 931 3094 διδάσκαλος,
964 3028 1100 3082 Θεοῦ
1131 3030 1175 3082 δ’
1202 3028 1482 3100 ὑπηρέτης
1512 3028 1609 3100 τὴν
1646 3028 1903 3100 πρόθεσιν
1928 3045 1943 3059 ·

269 3118 356 3172 διὰ
387 3117 549 3170 τοῦτο
580 3116 771 3188 ῶσπερ
808 3116 1043 3188 οὐρανίῳ
1084 3115 1348 3186 κέχρηται
1381 3115 1618 3188 γλώττῃ,
1648 3116 1744 3170 καὶ
1779 3114 1855 3179 ὼς
1887 3114 1947 3181 ἐξ

271 3203 454 3257 αὑτῶν
484 3203 594 3257 τῶν
621 3204 867 3273 οὐρανῶν
900 3202 1292 3272 φθεγγόμενος,
1325 3201 1469 3256 οὑτω
1505 3204 1598 3256 καί
1626 3205 1741 3265 τοῖς
1774 3203 1950 3274 ἀμαρ-

270 3291 528 3344 τάνουσιν
575 3289 822 3352 ἀπειλεῖ,
855 3291 949 3343 καὶ
982 3292 1094 3353 τοῖς
1135 3289 1486 3360 μετανοοῦσιν
1522 3289 1747 3360 ἱλασμὸν
1779 3290 1957 3357 ἐπαγ-

270 3378 547 3446 γέλλεται.
592 3376 744 3449 [527]
786 3378 955 3431 Ὅταν
1003 3376 1059 3429 δὲ
1109 3374 1281 3430 ταῦτα
1335 3376 1494 3442 εἴπω,
1525 3377 1585 3430 οὑ
1628 3378 1694 3447 τῇ
1736 3376 1953 3430 Παύλου

271 3463 614 3534 γλώττῃτήν
650 3464 937 3518 αὑθεντίαν
964 3463 1275 3534 ὲπιγράφω,
1307 3463 1421 3517 ἀλλ’
1453 3464 1548 3517 ἐπὶ
1579 3463 1678 3534 τὴν
1699 3463 1795 3516 τοῦ
1816 3463 1952 3517 Θεοῦ

272 3551 439 3620 χάριν
471 3550 531 3603 τὸ
561 3552 667 3603 πᾶν
704 3551 991 3629 ἀναφέρω,Δ
1024 3552 1153 3623 περί
1195 3543 1257 3603 οῦ
1289 3551 1387 3605 νῦν
1428 3551 1590 3613 αὑτὸς
1626 3550 1811 3620 ἔλεγεν
1833 3565 1847 3579 ⁶
1882 3552 1957 3605 Εἰ

273 3637 539 3706 δοκιμὴν
582 3636 802 3705 ζητεῖτε
838 3637 946 3691 τοῦ
987 3639 1057 3691 ἐν
1102 3637 1231 3706 ἐμοὶ
1277 3637 1619 3703 λαλοῦντος
1652 3637 1911 3705 Χριστοῦ
1933 3653 1955 3701 ;

281 3724 637 3779 ’Υποτίθεται
672 3725 850 3778 τοίνυν
874 3726 989 3787 τοῖς
1025 3723 1394 3794 ἁμαρτάνουσι
1424 3725 1713 3794 φάρμακον
1733 3724 1958 3795 εὑεργε-

277 3817 423 3878 σίας,
462 3814 558 3866 καὶ
591 3813 880 3882 μετάνοιαν
918 3814 999 3876 εἰς
1032 3812 1327 3883 σωτηρίαν.
1363 3812 1675 3883 Συνέδραμε
1701 3812 1757 3865 δὲ
1784 3812 1959 3882 σήμε-

278 3921 367 3973 ρον
416 3905 480 3972 τῇ
520 3901 852 3972 ἀποστολικῇ
895 3899 1199 3969 ἀναγνώσει
1251 3900 1347 3953 καὶ
1397 3902 1429 3970 ή
1476 3900 1808 3969 εὑαγγελική
1857 3898 1952 3952 τοῦ

276 3987 536 4059 Σωτῆρος
571 3985 847 4049 αὑθεντία,
878 3985 1165 4058 ἁμαρτιῶν
1210 3987 1402 4055 ἄφεσιν
1452 3985 1700 4055 ἀφθόνως
1742 3983 1958 4056 χαριζο-

279 4077 442 4147 μένη.
471 4075 574 4128 Τὸν
599 4073 708 4143 γάρ
740 4074 1108 4145 παραλυτικὸν
1132 4077 1160 4128 6
1182 4075 1373 4146 Σωτὴρ
1398 4073 1625 4145 ἰώμενος
1656 4073 1861 4142 ἔλεγεν,
1880 4073 1957 4138 ὡς

275 4161 485 4234 ἀρτίως
517 4160 800 4228 ἀκηκόατε
822 4179 833 4189 θ
872 4159 1112 4224 Τέκνον,
1143 4160 1441 4229 ἀφέωνταί
1465 4175 1566 4215 σοι
1596 4163 1656 4214 al
1682 4160 1958 4229 ἁμαρτίαι

276 4266 400 4304 σου
446 4251 506 4302 αἰ
548 4248 800 4301 πολλαί·
849 4247 1046 4316 ἄφεσις
1086 4247 1144 4301 δὲ
1188 4247 1474 4317 ἁμαρτιῶν
1500 4248 1650 4319 πηγὴ
1683 4248 1959 4319 σωτηρίας

276 4339 372 4390 καὶ
403 4334 635 4388 ἔπαθλον
676 4334 991 4405 μετανοίας·
1029 4335 1263 4404 ἰατρεῖον
1295 4334 1404 4405 γάρ
1433 4336 1580 4387 ἐστιν
1616 4336 1957 4405 ἀναιρετικὸν

275 4426 379 4494 τῆς
415 4422 693 4493 ἁμαρτίας
733 4424 767 4492 ή
813 4421 1103 4491 μετάνοιασ
1131 4421 1303 4493 δῶρόν
1327 4422 1476 4474 ἐστιν
1500 4420 1770 4492 οὐράνιον,
1794 4421 1957 4476 δύνα-

282 4527 376 4579 μις
422 4509 732 4581 θαυμαστὴ,
764 4511 947 4580 χάριτι
994 4507 1201 4562 νικῶσα
1245 4508 1343 4578 τὴν
1376 4507 1484 4561 τῶν
1513 4507 1695 4579 νόμων
1735 4508 1958 4562 ἀκολου-

280 4595 427 4648 θίαν.
469 4595 567 4648 Διά
598 4595 760 4649 τοῦτο
788 4596 849 4648 οὑ
885 4595 1083 4667 πόρνον
1122 4594 1460 4655 ἀποσείεται,
1497 4595 1557 4647 οὐ
1610 4594 1796 4664 μοιχὸν
1829 4595 1967 4648 ἀποον

281 4679 453 4741 σοϐεῖ.
481 4681 542 4733 οὑ
574 4680 805 4752 μέθυσον
833 4682 1262 4752 ἀποστρέφεται,
1291 4681 1391 4734 οὑκ
1418 4679 1809 4751 εἰδωλολάτρην
1832 4680 1955 4750 βδε-

279 4764 566 4828 λὺσσεται,
588 4767 649 4820 οὑ
681 4766 920 4838 λοίδορον
945 4766 1263 4830 ἀπελαύνει,
1293 4768 1354 4820 οὑ
1381 4766 1699 4837 βλάσφημον
1725 4765 1958 4819 ἀποδιώ·

283 4871 391 4919 κει,
412 4855 514 4908 οὐκ
547 4855 805 4920 ἀλαζόνα,
831 4855 967 4909 ἀλλά
994 4857 1204 4919 πάντας
1238 4859 1559 4928 μεταποιεῖ*
1593 4858 1957 4928 χωνευτήριον

282 4942 394 5013 γάρ
427 4944 541 4995 ἐστι
567 4942 668 5013 τῆς
697 4943 972 5013 ἁμαρτίας
991 4944 1024 5012 ή
1050 4944 1306 5012 μετάνοια
1325 4956 1376 4999 ο.
1394 4944 1711 5013 Ἀναγκαῖον
1732 4944 1790 4997 δὲ
1808 4945 1958 5016 πρῶ-

281 5045 376 5083 τον
408 5030 671 5100 γνωρίσαι
702 5030 796 5083 τοῦ
826 5030 961 5083 Θεοῦ
989 5030 1082 5083 τὸν
1114 5031 1336 5093 σκοπὸν,
1363 5033 1465 5084 οὑκ
1490 5032 1852 5104 ἐξήμετέρων
1871 5034 1957 5085 ὲν-

282 5114 440 5167 νοιῶν
467 5116 856 5180 ἐπιϐάλλοντας
881 5116 1055 5190 ταύτῃ
1079 5119 1143 5187 τῇ
1181 5116 1407 5188 θεωρίᾳ,
1426 5118 1540 5171 ἀλλ’
1564 5118 1625 5182 ἐξ
1650 5119 1828 5172 αὑτῶν
1848 5119 1957 5173 τῶν

284 5201 446 5255 θείων
476 5203 708 5274 Γραφῶν
740 5204 1244 5276 μεμαρτυρημένην
1266 5204 1686 5270 ἀποδεικνύντας
1714 5205 1811 5277 τὴν
1833 5206 1961 5278 ἀλή-

285 5287 457 5344 θειαν.
493 5291 701 5355 Σκοπὸς
727 5291 806 5363 τῷ
845 5293 965 5363 Θεῷ
1012 5292 1384 5363 μακροθυμεῖν
1426 5295 1540 5355 τοῖς
1582 5294 1959 5365 ἁμαρτάνουσι

284 5372 503 5439 διπλοῦς
534 5380 682 5432 ἐστιν
704 5381 781 5443 εἰς
807 5380 1079 5451 σωτηρίαν
1102 5379 1257 5443 ἵλεως
1275 5393 1290 5408 ’
1324 5381 1756 5450 μνηστευόμενος
1775 5382 1957 5447 αὐτοῖς

283 5460 387 5530 τὴν
413 5463 476 5516 ὲκ
500 5466 787 5535 μετανοίας
811 5467 1105 5538 σωτηρίαν,
1136 5468 1230 5521 καὶ
1253 5469 1363 5529 τοῖς
1393 5466 1450 5533 ἐξ
1472 5466 1650 5520 αὐτῶν
1670 5467 1957 5537 ἀπογόνοις

283 5548 398 5610 τοῖς
446 5552 526 5614 εἰς
575 5551 774 5624 ἀρετὴν
816 5553 1109 5608 ἐπιδιδόναι
1141 5553 1392 5626 μέλλουσι
1424 5553 1815 5624 ταμιευόμενος
1857 5556 1955 5628 τὴν

349 5659 376 5688 ⁸
408 5653 540 5723 υῃιιξ
562 5655 687 5723 Reg:
709 5657 891 5723 πάντας
913 5659 1100 5723 δέχεται
1123 5659 1205 5709 καὶ
1228 5658 1405 5716 πάντας
1428 5658 1688 5722 μεταποιεῖ·
1714 5662 1953 5723 χωνευτή-

285 5732 390 5779 μω
413 5715 499 5780 γάρ
519 5715 831 5777 ἕστι-ἱάβετῆς
849 5721 883 5777 ἡ
905 5715 1126 5781 μετάνοια

2050 1892 2394 1962 εὐεργεσίαν.
2425 1893 2536 1947 Καὶ
2577 1892 2662 1946 ἵνα
2705 1893 2869 1947 πάλιν
2915 1895 3171 1950 ἀναλάϐω
3197 1897 3294 1951 τὸν
3320 1895 3501 1969 λόγον,
3532 1903 3560 1955 6
3588 1900 3723 1967 Θεὸς

2052 1978 2413 2050 μακροθυμεῖ,
2449 1978 2536 2034 ἵνα
2576 1980 2671 2033 καὶ
2706 1981 2736 2033 6
2768 1982 3096 2051 ἁμαρτάνων
3126 1989 3452 2057 μετανοήσῃ,
3481 1989 3575 2042 καὶ
3607 1990 3720 2052 τοῖς

2048 2065 2109 2128 ἐξ
2131 2064 2297 2119 αὑτοῦ
2328 2065 2668 2136 τικτομένοις
2704 2067 2779 2139 μὴ
2814 2068 3115 2141 ἀποκλείσῃ
3142 2071 3241 2142 τήν
3278 2074 3571 2144 σωτηρίαν.
3600 2074 3721 2130 Κᾶν

2047 2153 2157 2224 γὰρ
2201 2152 2364 2215 αὑτὸς
2406 2154 2434 2206 6
2471 2153 2803 2224 ἁμαρτάνων
2852 2155 3198 2227 ἀμετανόητα
3244 2161 3432 2230 πταίῃ,
3483 2160 3721 2230 φείδεται

2049 2237 2308 2300 πολλάκις
2347 2238 2448 2307 τῆς
2472 2237 2649 2309 ῥίζης,
2683 2240 2771 2292 ἵνα
2801 2240 3011 2314 φυλάξῃ
3044 2244 3169 2307 τοὺς
3203 2245 3483 2314 καρπούςο
3518 2246 3720 2299 πολλά-

2049 2342 2137 2388 κις
2178 2325 2277 2395 μὲν
2303 2321 2395 2379 οὖν
2427 2326 2521 2379 καὶ
2553 2326 2723 2398 αὐτὴν
2755 2328 3079 2398 μεταϐάλλει
3106 2330 3206 2402 τὴν
3239 2331 3417 2403 ῥίζαν,
3446 2332 3522 2396 ὡς
3550 2333 3721 2405 ἔφθην

2049 2410 2219 2464 εἰπών
2238 2427 2254 2443 ο
2288 2411 2407 2465 ἀλλ’
2433 2414 2653 2467 ὲπειδάν
2685 2417 2765 2478 εἰς
2798 2419 3034 2489 παντελῆ
3067 2420 3268 2474 κακίαν
3298 2422 3479 2493 ἐκείνη
3508 2424 3670 2494 πέσῃ.
3693 2424 3723 2475 6

2051 2497 2184 2562 Θεὸς
2205 2499 2553 2570 ὑπερτίθεται
2577 2503 2862 2574 χρησίμως
2883 2505 2982 2578 τὴν
3002 2507 3296 2578 τιμωρίαν,
3313 2510 3595 2580 ἀναμένων
3615 2510 3724 2564 τῶν

2055 2588 2457 2657 μετανοούντων
2480 2590 2580 2662 τὴν
2615 2594 2891 2664 σωτηρίαν
2912 2610 2927 2625 ο
2956 2595 3051 2648 καὶ
3084 2596 3254 2660 ὅπως,
3281 2598 3465 2653 ἄκουε.
3488 2598 3677 2669 Θάῤῥα
3696 2599 3728 2652 6

2053 2678 2237 2749 πατὴρ
2271 2678 2525 2751 Ἀϐραὰμ
2551 2680 2786 2735 εἰδώλων
2812 2677 2880 2754 ἦν
2904 2685 3305 2755 προσκυνητὴς,
3336 2686 3450 2739 ἀλλ’
3475 2687 3537 2740 οὑ
3565 2687 3727 2740 δέδω-

2052 2781 2147 2818 κεν
2177 2767 2410 2820 ἐνταῦθα
2442 2770 2544 2839 τῆς
2577 2769 2835 2834 ἀσεϐείας
2876 2770 2978 2841 τήν
3023 2772 3215 2841 δίκηνο
3261 2774 3357 2826 καὶ
3390 2776 3632 2837 εἰκότως.
3664 2774 3728 2827 Εἰ

2052 2852 2162 2924 γὰρ
2183 2853 2468 2924 προλαϐὼν
2497 2856 2526 2907 ὁ
2555 2855 2689 2919 Θεὸς
2716 2856 2962 2928 ἀπέτεμε
2987 2857 3086 2929 τὴν
3111 2858 3291 2930 ῥίζαν,
3318 2860 3528 2915 πόθενό
3548 2859 3730 2915 τοσοῦ·

2052 2956 2141 3002 τος
2175 2940 2385 3011 καρπὸς
2412 2942 2512 3011 τῆς
2537 2942 2773 3007 πίστεως
2794 2944 3092 3007 ἀνεδίδοτο;
3118 2946 3185 2998 Τί
3210 2945 3306 2998 τοῦ
3332 2947 3501 3001 Ἡσαῦ
3529 2947 3729 3019 μοχθη-

2057 3025 2305 3097 ρότερον;
2334 3027 2541 3081 Σκόπει
2557 3046 2646 3098 μοι
2666 3030 2760 3082 καί
2780 3030 2974 3100 ἑτέρας
3003 3031 3416 3102 φιλανθρωπίας
3450 3033 3727 3089 ὑπόθεσιν.

2055 3111 2121 3164 Τί
2148 3111 2249 3179 τῆς
2277 3112 2474 3176 κακίας
2503 3115 2721 3184 ἐκείνης
2747 3115 3158 3187 ἀναιδέστερον;
3185 3119 3244 3170 οὑ
3279 3119 3477 3190 πόρνος
3504 3119 3599 3172 καὶ
3636 3118 3732 3187 βέ-

2054 3196 2237 3268 ϐηλος,
2276 3198 2351 3262 ὦς
2376 3216 2538 3269 φησιν
2560 3201 2595 3252 6
2624 3201 2976 3268 Ἀπόστολοςς
3010 3205 3073 3256 οὑ
3109 3203 3435 3276 μητρολοίας
3480 3207 3574 3259 καὶ
3619 3224 3729 3260 πα·

2050 3285 2341 3355 τρολοίας;
2377 3288 2478 3340 οὑκ
2523 3287 2755 3354 ἀδελφοῦ
2807 3291 3002 3357 φονεὺς
3028 3291 3150 3344 ὅσον
3175 3293 3255 3356 εἰς
3290 3291 3582 3362 πρόθεσινς
3631 3293 3729 3360 οὑχ

2054 3372 2161 3424 ὑπὸ
2189 3371 2283 3425 τοῦ
2310 3372 2446 3426 Θεοῦ
2481 3373 2842 3445 μισούμενος;
2876 3379 2909 3446 ή
2940 3376 3132 3448 Γραφὴ
3164 3380 3430 3450 μαρτυρεῖ
3456 3379 3690 3446 λέγουσα
3713 3397 3729 3410 ο

2057 3458 2175 3513 Τόν
2207 3458 2408 3513 Ἰακὼϐ
2434 3459 2745 3529 ἠγάπησα,
2772 3461 2883 3515 τὸν
2901 3461 2971 3515 δὲ
3002 3462 3193 3517 Ἡσαῦ
3223 3465 3512 3534 ἐμίσησα.
3541 3467 3604 3520 Εἰ
3624 3465 3732 3520 τοί-

2054 3563 2148 3601 νυν
2180 3547 2378 3618 πόρνος
2420 3549 2515 3602 καὶ
2544 3547 2929 3618 ἀδελφοκτόνος
2966 3553 3061 3603 καὶ
3108 3549 3334 3620 βέϐηλος
3365 3554 3460 3606 καὶ
3491 3570 3731 3624 μεμιση-

2058 3635 2237 3704 μένος,
2270 3635 2360 3689 διά
2386 3636 2438 3688 τί
2468 3635 2541 3706 μὴ
2567 3635 2925 3705 ἀφανίζεται;
2956 3636 3044 3691 διὰ
3072 3637 3126 3690 τί
3156 3637 3231 3709 μὴ
3259 3638 3620 3706 ὲκκόπτεται;
3642 3640 3733 3695 διὰ

2052 3722 2106 3773 τί
2144 3724 2483 3793 παραχρῆμα
2510 3722 2609 3794 τὴν
2642 3725 3025 3794 προσήκουσαν
3057 3725 3341 3795 τιμωρίαν.
3372 3727 3432 3778 οὑ
3480 3726 3732 3798 δέχεταις

2055 3808 2154 3862 Διά
2187 3809 2274 3875 τί;
2306 3808 2472 3862 καλὸν
2500 3809 2575 3874 ὡς
2610 3808 2830 3879 ἀληθῶς
2870 3811 2966 3864 καὶ
2992 3810 3093 3880 τὴν
3118 3812 3298 3864 αἰτίαν
3330 3814 3521 3866 εἰπεῖν.
3554 3814 3617 3865 Εἰ
3649 3813 3736 3877 ὲξ-

2055 3896 2251 3965 εκόπη,
2278 3896 2535 3964 μέγιστον
2565 3896 2773 3966 καρπὸν
2793 3895 3140 3964 δικαιοσύνης
3165 3899 3193 3950 6
3213 3898 3420 3968 κόσμος
3451 3898 3736 3953 ἀπώλεσεν

2056 3979 2122 4033 ἄν
2143 3996 2156 4009 °
2186 3981 2278 4034 καὶ
2311 3981 2719 4045 όποῖον,’άκουε.
2738 3981 2934 4038 Ἠσαῦ
2952 3981 3245 4050 ἐγέννησε
3271 3983 3380 4037 τόν
3410 3985 3732 4054 Ῥαγουὴλ,

2069 4066 2361 4136 Ῥαγουὴλ
2404 4067 2515 4121 τὸν
2557 4068 2740 4135 Ζαρὰ,
2784 4068 2945 4137 Ζαρὰ
2976 4066 3085 4121 τὸν
3118 4067 3262 4121 Ἰὼϐ.
3295 4068 3460 4140 Ὀρᾷς
3504 4070 3743 4141 πηλίκον.

2058 4152 2338 4223 ὑπομονῆς
2374 4152 2534 4215 άνθος
2574 4150 2886 4223 ἠφανίζετο,
2918 4153 2969 4206 εἰ
3015 4152 3307 4225 προλαϐὼν
3345 4155 3376 4207 6
3414 4155 3546 4220 Θεὸς
3578 4156 3735 4227 δίκην

2060 4238 2310 4309 ἀπῄτησε
2339 4239 2436 4309 τὴν
2470 4238 2627 4310 ῥίζαν
2647 4255 2663 4304 ;

2132 4326 2197 4396 β’.
2232 4326 2369 4381 Καθ’
2393 4326 2530 4379 ὅλων
2562 4322 2654 4379 οὖν
2675 4324 2784 4380 τῶν
2812 4326 3154 4399 πραγμάτων
3183 4328 3389 4400 ταύτην
3420 4329 3735 4401 ὲκλάμϐανε

2061 4412 2160 4481 τὴν
2185 4412 2437 4483 θεωρίαν.
2455 4413 2554 4466 Διά
2571 4412 2731 4466 τοῦτο
2756 4413 3102 4485 μακροθυμεῖ
3118 4417 3230 4478 τοῖς
3252 4415 3566 4483 Αἰγυπτίοις
3581 4414 3731 4489 [528]

2060 4492 2362 4553 ἀνύποιστα
2392 4499 2795 4571 βλασφημοῦσι,
2824 4501 2911 4555 διά
2941 4503 3041 4566 τὰς
3065 4502 3159 4557 νῦν
3193 4503 3461 4568 ἀνθούσας
3505 4506 3738 4577 Ἐκκλη-

2060 4585 2179 4649 σίας
2211 4587 2268 4638 ὲν
2300 4585 2582 4657 Αἰγύπτῳ,
2613 4586 2703 4640 διὰ
2731 4589 2799 4641 τά
2830 4589 3168 4660 μοναστήρια
3213 4590 3309 4645 καὶ
3359 4591 3488 4654 τοὺς
3516 4591 3737 4660 ἀγγελι-

2058 4672 2153 4725 κὸν
2184 4672 2683 4745 1’ἐπανῃρημένους
2734 4674 2868 4744 βίον.
2920 4676 3032 4730 Καὶ
3082 4676 3214 4748 γὰρ,
3248 4678 3325 4741 ὦς
3360 4696 3522 4748 φασιν
3547 4681 3598 4733 οἰ
3625 4680 3735 4733 τῶν

2057 4759 2236 4829 νόμων
2267 4759 2376 4812 τῶν
2406 4760 2602 4814 κοινῶν
2635 4760 2910 4834 ἔμπειροι,
2936 4764 3029 4816 καὶ
3060 4763 3134 4826 ὡς
3160 4764 3219 4818 οίι
3237 4764 3523 4834 Ῥωμαίων
3557 4783 3735 4839 παρα-

2059 4846 2372 4900 κελεύονται
2416 4848 2593 4919 νόμοι,
2622 4848 2719 4920 τὴν
2749 4846 3143 4919 κυοφοροῦσαν,
3178 4849 3235 4901 εί
3260 4867 3392 4903 ποτε
3442 4853 3733 4922 περιπέσοι

2057 4935 2360 5006 πταίσματι
2396 4935 2623 4990 θανάτου
2653 4936 2810 5006 δίκην
2841 4936 3121 5004 ἐπάγοντι,
3153 4935 3228 5007 μὴ
3278 4937 3541 5009 πρότερον
3586 4941 3735 4995 ἀναι-

2060 5023 2293 5094 ρεῖσθαι,
2333 5023 2464 5093 πρὶν
2494 5022 2560 5077 ἂν
2590 5023 2726 5094 τέκῃ
2764 5023 2823 5076 τὸ
2851 5023 3289 5094 κυοφορούμενον
3308 5042 3321 5055 ο
3354 5027 3448 5079 καὶ
3480 5027 3626 5096 μάλα
3656 5031 3735 5082 εί-

2057 5109 2230 5172 κότως
2250 5126 2263 5138 ’
2297 5109 2357 5162 οὑ
2384 5110 2492 5180 γὰρ
2526 5108 2844 5163 ἐδικαίωσαν
2874 5110 2923 5162 οἱ
2951 5108 3130 5174 καλῶς
3154 5109 3459 5176 τεθεικότες
3490 5114 3616 5177 τοὺς
3647 5116 3735 5169 νό-

2061 5212 2194 5265 μους
2241 5195 2707 5266 συναφανισθῆναι
2734 5194 2793 5248 τὸ
2822 5196 3208 5268 ἀναμάρτητον
3243 5201 3308 5271 τῇ
3340 5200 3730 5275 ἀμαρτησάσῃ.

2058 5282 2121 5335 Εἰ
2151 5282 2208 5334 δὲ
2236 5283 2285 5335 οἰ
2311 5281 2643 5353 ἀνθρώπινοι
2669 5278 2822 5353 νόμοι
2853 5284 3125 5352 φείδονται
3146 5285 3258 5340 τῶν
3288 5287 3455 5360 μηδὲν
3474 5292 3731 5360 ήμαρττπ-

2057 5369 2252 5434 κότων,
2284 5373 2312 5424 ό
2335 5370 2465 5433 Θεὸς
2490 5372 2551 5424 οὑ
2589 5370 2767 5443 πολλῷ
2794 5372 2993 5443 μᾶλλον
3016 5373 3242 5439 εἰκότως
3265 5374 3488 5444 φυλάξει
3519 5376 3617 5448 τὴν
3645 5377 3729 5447 ῥί-

2057 5456 2178 5521 ζαν,
2212 5461 2326 5522 τοῖς
2370 5460 2602 5529 καρποῖς
2634 5458 3027 5531 ταμιευόμενος
3057 5459 3157 5532 τὴν
3200 5462 3265 5514 ἐκ
3308 5463 3406 5533 τῆς
3445 5451 3733 5534 μετανοίας

2055 5546 2407 5617 εὑεργεσίαν;
2441 5545 2588 5600 Λάϐε
2624 5564 2713 5617 μοι
2752 5547 2937 5602 λοιπὸν
2963 5546 3059 5601 καὶ
3087 5547 3173 5601 ἐπ’
3201 5547 3380 5601 αὑτῶν
3408 5549 3516 5604 τῶν
3546 5549 3727 5620 ἀμαρ-

2053 5634 2325 5687 ἀνόντων
2353 5632 2448 5704 τὴν
2481 5634 2545 5685 ἐκ
2578 5633 2865 5704 μετανοίας
2889 5634 3207 5705 εὐεργεσίαν
3227 5651 3241 5666 ·
3265 5635 3360 5690 καὶ
3388 5636 3496 5708 γάρ
3521 5637 3611 5691 καὶ
3633 5635 3724 5689 ἐπὶ

2118 5723 2146 5763 1)
2175 5722 2309 5772 Unus
2327 5723 2452 5786 Reg.
2487 5722 2803 5785 εὐαγγελικόν.
