4100 6428
324 402 438 458 ιηῦ

323 512 517 568 cadent
551 505 854 565 clementiae
906 502 1150 559 redditur
1193 499 1352 556 ratio.
1392 497 1449 555 Si
1474 496 1905 553 emendationem

326 601 461 657 ultio
486 596 879 670 praevertisset,
909 592 1139 649 mundus
1162 591 1372 647 deletus
1391 596 1536 645 esset
1564 588 1913 656 funditusque

324 692 580 765 periisset
608 708 624 744 :
649 689 696 746 si
711 689 864 744 velox
877 685 945 742 ad
970 699 1180 756 pennam
1199 682 1510 738 sumendam
1538 679 1726 735 fuisset
1747 679 1912 743 Deus,

325 783 555 842 Paulum
578 778 821 836 Ecclesia
863 791 973 832 non
1015 773 1382 845 possedisset,
1416 773 1687 841 talemque
1710 783 1773 824 ac
1797 778 1916 823 tan-

326 874 641 932 tumvirum
679 886 788 926 non
812 866 1130 939 accepisset.
1172 867 1461 935 PrOpterea
1509 862 1668 932 igitur
1712 859 1918 916 distulit

323 968 788 1039 blasphemautem
816 1003 834 1031 ,
900 971 960 1017 ut
1021 959 1330 1016 ostenderet
1394 956 1763 1028 paenitentem.
1822 952 1916 1009 Dei

316 1057 704 1130 longanimitas
744 1060 1184 1125 persequutorem
1210 1049 1386 1106 eﬂ'ecit
1433 1060 1738 1118 praeconem
1768 1063 1781 1100 :
1815 1044 1914 1100 Dei

324 1146 710 1219 longanimitas
737 1144 921 1214 lupum
958 1142 1187 1198 mutavit
1230 1140 1283 1195 in
1330 1148 1601 1210 pastorem
1630 1154 1643 1190 :
1668 1136 1761 1191 Dei
1792 1135 1913 1190 lon-

318 1240 608 1313 ganimitas
636 1236 979 1308 publicanum
1007 1233 1133 1289 fecit
1156 1231 1539 1302 evangelistam
1572 1244 1587 1280 :
1614 1228 1706 1284 Dei
1729 1228 1914 1297 longa-

320 1332 543 1388 nimitas
557 1339 801 1385 nostrum
821 1327 1063 1383 omnium
1086 1325 1313 1380 miserta
1341 1331 1444 1391 est,
1459 1336 1648 1377 omnes
1668 1320 1910 1385 mutavit,

317 1441 514 1482 omnes
538 1425 828 1480 convertit.
868 1422 925 1478 Si
966 1421 1164 1477 videris
1189 1420 1460 1475 ebriosum
1489 1418 1618 1471 olim
1670 1430 1811 1471 nunc
1835 1414 1918 1486 je-

317 1517 515 1588 junare
538 1532 554 1583 ;
581 1516 629 1571 si
653 1513 857 1570 videris
885 1512 1014 1569 olim
1049 1512 1445 1581 blasphemum,
1489 1507 1829 1577 theologum;
1869 1505 1916 1560 si

323 1606 527 1663 videris
552 1620 676 1662 eum
694 1646 709 1670 ,
731 1604 823 1676 qui
858 1600 1129 1675 quondam
1154 1599 1402 1669 turpibus
1438 1597 1721 1653 cantilenis
1737 1610 1798 1650 os
1835 1595 1918 1649 in-

320 1698 599 1769 quinabat,
647 1710 792 1752 nunc
837 1694 1035 1750 divinis
1076 1692 1292 1765 hymnis
1344 1691 1584 1746 animum
1637 1703 1913 1759 purgare:

321 1789 523 1846 mirare
541 1787 636 1845 Dei
660 1783 1318 1858 longanimitatem,lauda
1346 1782 1736 1853 paenitentiam,
1768 1788 1823 1838 et
1849 1794 1914 1837 ex

322 1882 416 1939 illa
443 1881 741 1937 mutatione
762 1880 1104 1935 occasionem
1141 1876 1326 1947 accipe
1362 1874 1570 1931 dicendi
1602 1890 1616 1928 :
1642 1873 1770 1929 Hlec
1796 1889 1912 1926 mu-

318 1975 453 2031 tatio
497 1974 720 2030 dexteris
758 1972 962 2028 Επειδὶ
996 1969 1170 2041 (Psal.
1198 1969 1287 2024 76.
1314 1969 1423 2038 ll).
1452 1967 1633 2022 Bonus
1654 1974 1735 2022 est
1774 1966 1914 2022 Deus

319 2081 452 2138 erga
472 2079 697 2131 omnes,
731 2063 1000 2134 praecipue
1026 2075 1154 2116 vero
1183 2060 1479 2115 bonitatem
1510 2072 1660 2112 suam
1691 2056 1917 2113 exhibet

321 2172 453 2230 erga
481 2163 819 2229 peccatores.
858 2153 929 2209 Et
953 2152 999 2209 si
1025 2152 1261 2207 volueris
1281 2151 1621 2222 peregrinum
1644 2149 1914 2219 quidpiam

320 2249 533 2316 audire,
556 2248 896 2319 peregrinum
908 2244 1123 2316 quidem
1142 2241 1435 2299 secundum
1449 2239 1913 2306 consuetudinem,

318 2355 513 2398 verum
538 2352 722 2397 autem
751 2338 1049 2396 secundum
1075 2337 1333 2408 pietatem
1354 2376 1369 2401 ,
1402 2334 1550 2388 audi.

394 2431 503 2491 Cur
529 2449 646 2488 cum
664 2433 821 2503 justis
844 2445 1022 2502 aspere
1064 2437 1183 2501 agat
1220 2426 1380 2481 Deus.
1410 2454 1482 2466 —
1506 2424 1697 2480 Gravis
1752 2418 1919 2494 justls

319 2524 523 2595 ubique
549 2522 760 2579 videtur
790 2522 951 2589 Deus,
982 2520 1117 2575 lenis
1140 2527 1318 2574 autem
1342 2516 1730 2587 peccatoribus,
1755 2524 1919 2585 atque

317 2617 486 2672 velox
513 2613 580 2669 ad
607 2613 981 2677 clementiam;
1001 2618 1314 2683 peccantem
1342 2617 1397 2664 et
1421 2607 1707 2662 cadentem
1731 2606 1915 2676 erigit,

318 2721 387 2763 ac
408 2705 494 2762 sic
514 2704 841 2775 alloquitur:
874 2700 1143 2773 Numquid
1172 2700 1358 2754 cadens
1383 2715 1485 2754 non
1512 2700 1729 2768 resurgit
1759 2740 1775 2767 ,
1828 2708 1917 2753 aut

318 2811 527 2852 nemus
555 2811 660 2850 non
698 2794 965 2849 revertitur
998 2791 1130 2865 (λετ.
1160 2791 1215 2847 8.
1246 2788 1348 2862 ι)⁴2
1388 2799 1465 2857 et,
1520 2789 1694 2856 Quare
1745 2804 1918 2846 auersa

318 2897 396 2943 est
418 2886 678 2942 aversione
700 2883 983 2955 impudenti
1012 2882 1308 2953 imprudens
1346 2881 1457 2950 ﬁlia
1480 2879 1622 2933 Juda
1657 2878 1815 2948 (Ibid.
1865 2894 1931 2945 in,

318 2979 355 3036 5
375 2978 437 3051 )2
464 2992 528 3033 ac
549 2990 786 3043 rursum,
838 2973 1203 3029 Conoertintini
1221 2971 1291 3025 ad
1327 2987 1426 3038 me,
1453 2979 1499 3025 et
1524 2986 1614 3041 ego
1656 2981 1920 3024 convertar

318 3069 390 3123 ad
418 3083 507 3123 uos
528 3065 715 3139 (Zach.
743 3065 797 3120 1.
825 3061 905 3137 5).
930 3062 1069 3118 Alibi
1090 3069 1267 3116 autem
1287 3077 1397 3131 prae
1412 3060 1571 3114 nimia
1589 3060 1918 3130 benignitate

319 3159 551 3216 salutem
580 3173 646 3213 ex
669 3156 984 3228 paenitentia
1001 3155 1306 3225 juramento
1323 3152 1622 3209 conﬁrmat.
1666 3151 1785 3207 Vivo
1801 3168 1915 3223 ego,

319 3252 447 3307 dicit
467 3250 739 3314 Dominus,
771 3248 891 3304 nolo
924 3256 1134 3302 mortem
1161 3246 1460 3317 peccatoris,
1477 3244 1565 3300 sed
1588 3252 1642 3298 ut
1653 3251 1919 3298 converta-

319 3355 429 3412 tur,
478 3352 524 3400 et
545 3344 677 3398 uiuat
698 3341 914 3414 (Ezech.
942 3342 1033 3398 55.
1062 3340 1177 3411 11).
1209 3338 1289 3393 Ad
1311 3338 1512 3409 justum
1540 3346 1718 3392 autem
1746 3336 1911 3392 dicit:

320 3437 382 3499 Si
414 3436 589 3509 fecerit
615 3437 765 3490 homo
789 3450 987 3489 omnem
1001 3433 1286 3503 justitiam,
1318 3439 1365 3485 et
1409 3447 1609 3485 omnem
1633 3430 1908 3492 ueritatem,

318 3536 364 3584 et
389 3544 598 3583 aversus
618 3528 913 3597 peccaverit,
943 3541 1046 3579 non
1066 3522 1596 3593 recordaborjustitiat
1623 3521 1787 3585 illius.
1829 3521 1917 3577 sed

317 3620 371 3674 in
398 3627 605 3689 peccato
632 3618 877 3671 morietur
899 3615 1119 3687 (Επειδὴ.
1152 3615 1239 3669 18.
1262 3612 1377 3685 24).
1404 3613 1450 3669 Ο
1499 3629 1744 3684 magnam
1790 3629 1916 3684 erga

319 3709 523 3780 justum
547 3707 887 3764 cautionem!
916 3722 950 3760 o
979 3721 1224 3776 magnam
1246 3720 1369 3775 erga
1393 3713 1726 3775 peccatorem
1754 3705 1918 3773 largi-

320 3808 488 3854 tatem
509 3799 524 3853 l
553 3796 643 3855 Sic
667 3799 811 3853 varia
837 3807 893 3853 et
911 3797 1124 3852 diversa
1146 3795 1382 3863 molitur,
1412 3812 1516 3849 non
1532 3795 1645 3865 ipse
1661 3805 1914 3861 mutatus,

321 3888 424 3946 sed
452 3888 708 3944 bonitatis
736 3902 849 3944 suae
895 3885 1347 3956 dispensationem
1397 3884 1599 3940 utiliter
1649 3884 1914 3941 dividens.

321 3979 392 4036 Et
425 3979 715 4050 quomodo,
745 3978 891 4034 audi.
917 3978 1262 4033 Peccatorem
1287 3985 1341 4033 et
1360 3975 1414 4030 in
1455 3976 1687 4046 peccatis
1730 3991 1916 4046 perse-

320 4077 599 4126 verantem
622 4069 668 4125 si
697 4069 971 4134 terruerit,
1003 4067 1055 4121 in
1087 4066 1513 4136 desperationem
1544 4066 1635 4121 ille
1681 4066 1908 4121 labitur:

321 4160 531 4231 justum
557 4175 689 4215 vero
713 4158 757 4215 si
800 4157 1116 4223 laudaverit,
1151 4158 1256 4211 vim
1278 4156 1489 4211 virtutis
1533 4156 1650 4227 ejus
1685 4157 1920 4223 emollit;

323 4260 380 4308 et
428 4266 584 4317 eum,
632 4259 817 4322 utpote
847 4250 938 4321 qui
963 4250 1073 4318 jam
1102 4252 1173 4303 sit
1201 4258 1559 4318 consequutus
1586 4249 1796 4304 laudem
1821 4289 1837 4313 ,
1865 4254 1917 4305 itt

328 4341 712 4414 negligentiam
734 4340 838 4397 labi
865 4339 1048 4395 efficit.
1078 4338 1440 4405 Quamobrem
1458 4345 1795 4408 peccatorem
1824 4339 1917 4393 mi-

324 4443 558 4499 seratur,
583 4431 786 4504 justum
824 4439 992 4488 terret
1033 4448 1047 4484 :
1082 4430 1341 4488 Terribilis
1378 4430 1522 4487 enim
1544 4446 1699 4501 super
1718 4446 1915 4497 omnes,

325 4526 414 4598 qui
434 4527 486 4582 in
500 4526 712 4581 circuitu
733 4526 845 4597 ejus
871 4533 986 4580 sunt
1003 4523 1172 4598 (Psal.
1191 4523 1283 4581 88.
1303 4521 1393 4595 8),
1427 4533 1498 4590 et,
1533 4522 1718 4578 Suavis
1740 4521 1911 4577 Domi-

329 4637 427 4674 nus
451 4619 695 4675 uniuersis
715 4617 884 4689 (Psal.
904 4618 1028 4672 144.
1047 4616 1124 4686 9).
1150 4614 1434 4681 Terribilis,
1454 4615 1644 4683 inquit,
1670 4626 1746 4669 est
1767 4630 1926 4685 super

328 4726 525 4777 omnes,
555 4709 643 4780 qui
666 4709 721 4763 in
751 4708 967 4762 circuitu
994 4724 1105 4778 ejus
1126 4715 1266 4762 sunt.
1327 4705 1397 4760 Et
1422 4705 1639 4775 quinam
1670 4705 1784 4771 illi,
1817 4704 1916 4761 nisi

330 4800 535 4858 sancti?
563 4800 702 4854 Deus
722 4799 891 4863 enim,
934 4798 1105 4869 inquit
1132 4796 1297 4852 David
1325 4837 1341 4863 ,
1390 4797 1478 4867 qui
1517 4796 1834 4867 gloriﬁcatur
1867 4797 1922 4851 in

333 4894 546 4948 consilio
578 4901 890 4958 sanctorum,
913 4907 1128 4963 magnus
1146 4901 1193 4944 et
1222 4891 1457 4947 terribilis
1471 4901 1543 4945 est
1556 4907 1711 4962 super
1727 4908 1920 4961 omnes,

333 4984 419 5054 qui
444 4984 500 5037 in
524 4983 736 5038 circuitu
749 4983 859 5054 ejus
874 4991 993 5037 sunt
1014 4980 1185 5053 (Psal.
1207 4979 1296 5036 88.
1317 4979 1399 5050 8).
1416 4981 1473 5036 Si
1489 4980 1921 5050 videritlapsum,

337 5076 634 5131 clementiae
661 5089 876 5130 manum
905 5073 1157 5144 porrigit;
1190 5070 1235 5126 si
1263 5080 1493 5127 stantem
1519 5072 1732 5138 viderit,
1762 5072 1921 5127 timo-

339 5182 448 5221 rem
475 5167 705 5223 incutit:
732 5175 789 5223 et
816 5167 917 5220 hoc
944 5175 1027 5221 est
1048 5164 1269 5234 justitiae
1301 5162 1541 5234 justique
1582 5162 1790 5234 judicii.
1825 5162 1922 5219 Ju-

338 5267 475 5312 stum
497 5259 640 5314 enim
671 5259 858 5315 timore
882 5259 1079 5324 firmat,
1114 5264 1447 5326 peccatorem
1476 5271 1605 5311 vero
1642 5256 1923 5312 clementia

339 5351 561 5406 suscitat
586 5350 605 5383 ί
623 5393 637 5407 .
666 5349 762 5405 Vis
789 5352 928 5407 scire
949 5360 1304 5422 opportunam
1338 5363 1455 5418 ejus
1496 5348 1876 5418 benignitatem
1904 5388 1921 5414 ,

340 5441 603 5513 simulque
622 5442 801 5498 utilem
823 5453 879 5499 et
898 5442 1354 5498 accommodatam
1377 5440 1530 5495 nobis
1551 5440 1925 5496 severitatem?

343 5529 570 5587 Attende
597 5532 902 5603 diligenter,
935 5548 1004 5588 ne
1035 5542 1086 5589 te
1122 5530 1591 5601 contemplationis
1618 5529 1775 5601 hujus
1809 5548 1922 5586 ma-

341 5621 559 5688 gnitudo
587 5625 770 5696 fugiat.
796 5624 981 5680 Mulier
1018 5626 1105 5680 illa
1156 5624 1443 5696 peccatrix,
1489 5637 1649 5694 quam
1698 5623 1750 5678 in
1781 5623 1924 5679 omni

410 5752 426 5783 ⁸
458 5761 587 5821 Unus
608 5762 746 5821 neg._,
769 5755 994 5821 timorem
1010 5754 1183 5807 incutit
1200 5754 1400 5821 iustitiae
1420 5763 1467 5806 et
1479 5754 1608 5821 justi
1615 5756 1802 5819 judwii
1817 5771 1837 5821 ;
1852 5758 1927 5811 al-

344 5813 496 5865 terum
517 5813 921 5892 timori/innatis,
945 5816 1150 5868 alterum
1172 5816 1423 5870 clementia
1443 5813 1695 5871 suscitans.

1537 385 1625 441 DE
1663 376 2135 441 PCENITEN'I'IA.
2172 379 2403 437 H031"...
2444 381 2560 436 γιι.

3499 388 3603 444 326

2024 500 2245 563 peccato
2264 502 2320 548 et
2345 493 2625 565 iniquitate
2651 493 2938 551 volutatum
2964 509 3086 553 esse
3112 497 3165 553 in
3196 498 3446 561 confesso
3469 513 3608 571 erat,

2021 593 2102 641 tot
2127 594 2466 655 peccatorum
2493 600 2613 653 rea,
2642 594 2698 641 et
2729 594 2808 641 tot
2850 587 3030 656 pravis
3074 589 3325 658 operibus
3370 592 3605 659 detenta,

2026 676 2251 731 salutem
2275 690 2342 731 ex
2386 676 2700 746 poenitentia
2747 677 2970 745 sitiens,
3013 687 3321 736 sanctorum
3365 686 3611 739 convivio

2026 768 2331 837 subrepsit;
2360 777 2667 824 sanctorum
2693 770 2995 825 convivium
3039 786 3209 839 voco,
3259 773 3382 844 quia
3427 775 3612 832 aderat

2017 861 2251 917 Sanctus
2282 869 2613 916 sanctorum.
2652 860 2785 915 Nam
2831 861 3107 918 Salvatore
3143 864 3509 922 discumbente
3559 867 3613 922 in

2023 949 2185 1005 domo
2211 950 2448 1007 Simonis
2474 951 2752 1019 Pharisaei,
2780 953 3117 1024 subingressa
3161 967 3242 1011 est
3290 957 3480 1012 mulier
3524 959 3614 1013 illa

2019 1045 2310 1112 peccatrix,
2342 1043 2742 1116 Salvatorisque
2797 1047 2963 1116 pedes
3011 1048 3200 1119 tetigit,
3258 1051 3614 1122 Iacrymisque

2021 1134 2231 1190 lavabat
2257 1136 2422 1207 pedes
2448 1138 2586 1208 ejus,
2623 1148 2676 1193 et
2706 1140 2909 1208 capillis
2932 1142 3170 1211 tergebat
3204 1142 3414 1213 (Matth.
3439 1144 3529 1198 ΞΒ.
3560 1145 3614 1201 6.

2024 1227 2186 1297 sqq.).
2209 1227 2276 1282 Et
2306 1236 2384 1282 tot
2409 1231 2643 1299 peccatis
2671 1229 2912 1284 obrutam
2935 1232 3088 1302 erigit
3117 1233 3204 1287 ille
3222 1233 3502 1305 benignus,
3534 1236 3617 1290 dio

2020 1337 2148 1377 cens
2168 1321 2655 1395 :Dimittunturejus
2670 1333 2873 1395 peccata
2890 1324 3041 1395 (Luc.
3063 1327 3115 1380 7.
3133 1326 3245 1397 47).
3269 1328 3450 1399 Neque
3471 1331 3613 1385 enim

2022 1414 2153 1468 mihi
2184 1415 2236 1468 in
2265 1415 2539 1485 proposito
2557 1425 2799 1471 nunc‘est
2819 1424 2983 1470 totam
3013 1416 3282 1474 discutere
3299 1419 3572 1475 historiam
3595 1426 3629 1474 τ’

2020 1504 2115 1560 sed
2141 1506 2313 1560 solum
2361 1507 2726 1562 testimonium
2783 1508 3042 1576 proferre.
3092 1507 3384 1566 Considera
3437 1512 3614 1582 itaque

2021 1596 2320 1666 largitatem
2347 1614 2361 1651 :
2394 1596 2681 1668 Propterea
2706 1598 2820 1652 dico
2846 1600 2934 1653 tibi
2958 1641 2971 1665 ,
3005 1602 3330 1656 remittuntur
3352 1605 3399 1657 ei
3416 1614 3618 1674 peccata

2019 1686 2199 1754 multa,
2223 1689 2341 1758 quia
2354 1689 2529 1743 dilexit
2548 1690 2761 1744 multum
2785 1688 2993 1761 (Ibid.).
3015 1691 3255 1764 Totergo
3277 1705 3616 1761 peccatorum

2020 1779 2345 1835 oblivionem
2408 1782 2594 1836 retulit
2625 1783 2892 1849 peccatrix
2923 1783 3009 1837 illa
3037 1785 3250 1838 mulier.
3302 1786 3371 1840 Et
3414 1786 3574 1842 Maria
3600 1827 3616 1858 ι

2021 1883 2179 1925 soror
2207 1871 2434 1943 Moysis,
2465 1873 2535 1927 ob
2562 1873 2808 1943 exiguum
2836 1889 3081 1928 murmur
3103 1875 3266 1944 leprze
3312 1876 3613 1932 damnatio-

2026 1975 2150 2017 nem
2178 1961 2343 2018 refert
2371 1963 2554 2035 (Num.
2599 1964 2689 2019 12.
2733 1965 2847 2035 10).
2904 1966 3281 2021 Peccatoribns
3327 1950 3501 2022 dicit:
3553 1970 3617 2025 St

2021 2055 2210 2125 fuerint
2239 2066 2444 2124 peccata
2466 2066 2629 2111 vestra
2651 2058 2780 2111 sicut
2800 2059 3077 2118 coccinum.
3121 2059 3265 2128 quasi
3284 2060 3445 2113 nivem
3471 2059 3614 2114 deal-

2025 2146 2150 2200 babo
2167 2145 2319 2214 (Isai.
2346 2149 2400 2202 1.
2418 2149 2508 2217 18)
2533 2164 2547 2201 :
2570 2158 2624 2203 et
2640 2148 2887 2204 tenebras
2909 2150 2958 2203 in
2989 2150 3161 2205 lucem
3182 2149 3433 2206 transfert
3449 2151 3616 2221 pumi-

2020 2236 2204 2292 tentize
2227 2239 2542 2305 mutatione,
2574 2249 2757 2310 totque
2806 2240 3066 2294 malorum
3116 2241 3323 2311 copiam
3365 2228 3617 2300 bonitatis

2019 2344 2153 2386 voce
2173 2331 2352 2386 solvit.
2385 2333 2690 2387 Ambulanti
2721 2347 2851 2387 vero
2872 2333 2923 2387 in
2943 2333 3146 2402 justitia
3167 2333 3335 2388 dicit:
3371 2334 3619 2402 Quicum-

2021 2438 2118 2490 que
2142 2422 2161 2454 ¹
2194 2423 2384 2478 dixerit
2414 2426 2566 2495 fratri
2594 2442 2705 2490 suo,
2730 2424 2914 2492 Fatue,
2941 2442 3057 2480 reus
3078 2426 3174 2480 erit
3200 2427 3442 2497 gehennae
3484 2427 3619 2498 ignis

2024 2511 2241 2583 (Matth.
2266 2514 2320 2570 5.
2351 2513 2592 2585 ‘22).Uni
2620 2516 2784 2570 verbo
2813 2516 3292 2586 tantam‘iutposuit
3318 2517 3571 2573 mulctam
3601 2559 3617 2585 ,

2022 2614 2076 2660 et
2108 2612 2192 2660 tot
2216 2606 2447 2675 peccatis
2470 2615 2670 2662 tantam
2698 2609 2915 2663 exhibet
2938 2609 3331 2665 liberalitatem.

2099 2694 2153 2749 ὅ.
2195 2695 2369 2764 Atque
2384 2695 2525 2750 aliud
2553 2696 2921 2751 admirandum
2950 2699 3335 2755 animadverte.
3355 2700 3616 2767 Quoniam

2028 2795 2250 2858 peccata
2278 2789 2431 2858 quasi
2460 2788 2640 2844 debita
2668 2789 3066 2856 adscribuntur,
3090 2792 3459 2860 peccatoribus
3498 2795 3615 2864 qui-

2024 2878 2147 2932 dem
2186 2886 2350 2932 totam
2391 2893 2654 2934 summam
2696 2881 2976 2947 concedit,
3013 2896 3042 2935 a
3085 2883 3244 2951 justis
3289 2898 3417 2939 vero
3456 2885 3618 2940 etiam

2026 2983 2219 3023 usuras
2244 2969 2427 3035 exigit.
2461 2971 2789 3026 Accessitad
2818 2986 2940 3028 eum
2967 2974 3055 3044 qui
3085 2974 3317 3032 debebat
3342 2977 3509 3032 multa
3541 2988 3617 3032 ta-

2017 3056 2185 3126 lenta,
2211 3068 2266 3115 et
2292 3060 2442 3130 quasi
2476 3075 2574 3130 per
2602 3062 2968 3131 paenitentiam
2997 3065 3386 3137 plurimumque
3415 3069 3617 3139 suppli-

2021 3151 2286 3207 cationem
2325 3152 2583 3221 judicium
2626 3155 2904 3224 mitigavit,
2935 3165 2989 3211 et
3027 3156 3160 3212 dixit
3188 3176 3201 3211 :
3233 3156 3450 3212 Domine
3473 3201 3487 3226 ,
3519 3177 3616 3230 pa-

2021 3243 2250 3297 tientiam
2284 3244 2414 3298 habe
2440 3244 2493 3298 in
2522 3261 2621 3310 me,
2652 3254 2701 3301 et
2727 3246 2898 3300 omnia
2925 3247 3138 3301 reddam
3163 3249 3252 3303 tibi
3279 3249 3496 3321 (Matth.
3528 3253 3616 3307 18.

2027 3329 2143 3401 26).
2169 3332 2286 3389 Non
2308 3336 2637 3404 exspectavit
2659 3344 2718 3390 ut
2740 3337 2976 3391 solveret
3001 3338 3091 3393 ille
3118 3338 3379 3409 benignus
3408 3351 3461 3396 et
3501 3342 3619 3398 cle-

2026 3439 2201 3491 mens,
2230 3425 2325 3481 sed
2349 3425 2740 3483 confessionem
2767 3427 2933 3484 debiti
2951 3430 3269 3485 solutionem
3294 3432 3434 3488 fecit.
3460 3435 3621 3490 Debi-

2026 3515 2130 3570 tori
2160 3515 2346 3572 decem
2376 3516 2602 3572 millium
2634 3518 2958 3574 talentorum
2988 3521 3167 3575 omnia
3190 3522 3401 3578 remisit
3425 3533 3619 3580 totam-

2023 3622 2128 3676 que
2154 3623 2417 3663 summam
2450 3627 2464 3663 :
2493 3624 2525 3663 a
2548 3609 2707 3678 justis
2736 3626 2865 3665 vero
2900 3611 3061 3666 etiam
3092 3629 3306 3668 usuram
3336 3629 3395 3669 se
3416 3617 3617 3685 repeti-

2024 3704 2201 3752 turum
2230 3698 2393 3754 edicit
2421 3718 2435 3754 :
2469 3700 2641 3764 Quare
2656 3717 2757 3755 non
2775 3701 2983 3756 dedistis
2998 3714 3265 3774 argentum
3280 3722 3446 3760 meum
3471 3724 3622 3762 nunt-

2024 3788 2256 3842 mulariis
2277 3830 2294 3854 ,
2321 3799 2367 3842 et
2390 3806 2480 3859 ego
2508 3791 2710 3845 veniens
2731 3807 2846 3844 cum
2875 3794 3045 3845 usuris
3071 3795 3342 3864 exegissem
3362 3794 3512 3868 (Luc.
3532 3798 3619 3854 l9.

2022 3878 2094 3932 25
2123 3894 2138 3940 ;
2172 3877 2360 3932 Matth.
2386 3878 2477 3933 25.
2503 3879 2647 3951 27)?

2098 3967 2371 4023 Peccatore
2394 3969 2523 4023 nihil
2551 3971 2845 4040 pauperius,
2864 3971 3010 4041 justo
3030 3972 3159 4027 nihil
3179 3974 3356 4029 ditius.
3386 4005 3460 4016 —
3488 3978 3617 4034 llmc

2026 4073 2188 4128 porro
2223 4059 2362 4123 dico,
2380 4074 2484 4112 non
2510 4060 2661 4127 quasi
2685 4060 2825 4115 Dens
2844 4076 2968 4130 erga
2985 4060 3159 4130 justos
3184 4063 3399 4119 inimico
3412 4066 3481 4119 sit
3500 4069 3623 4122 ani-

2026 4164 2150 4204 mo:
2177 4149 2284 4205 Deo
2305 4150 2447 4205 enim
2467 4149 2600 4204 nihil
2618 4151 2764 4218 justo
2788 4154 3059 4220 acceptius
3088 4171 3103 4208 :
3133 4155 3318 4221 sed,ut
3336 4165 3461 4212 ante
3485 4158 3619 4227 dixi,

2025 4240 2333 4295 consolatur
2381 4249 2740 4309 peccatorem,
2773 4250 2831 4296 ut
2854 4242 3078 4309 excitet;
3102 4244 3303 4313 justum
3354 4255 3538 4316 terret,
3565 4260 3623 4304 ut

2025 4330 2326 4386 confirmet.
2346 4331 2410 4386 Et
2426 4331 2532 4386 illis
2554 4332 2787 4402 quidem,
2807 4341 2867 4388 ut
2891 4332 3121 4391 inimicis
3139 4343 3194 4390 et
3215 4335 3429 4405 inflatis,
3458 4341 3623 4394 multa

2027 4422 2248 4477 remittit
2289 4421 2514 4490 delicta;
2543 4423 2643 4479 hos
2685 4438 2815 4480 vero
2859 4427 3020 4481 etiam
3044 4426 3119 4483 de
3144 4428 3426 4486 levissimis
3455 4433 3622 4487 ratio-

2029 4527 2150 4567 nem
2177 4511 2404 4569 reddere
2428 4516 2589 4585 cogit,
2619 4515 2749 4570 nihil
2773 4516 2836 4571 iis
2856 4517 2921 4571 ad
2949 4532 3212 4575 summam
3238 4522 3619 4591 perfectionem

2027 4603 2257 4660 deficere
2279 4606 2486 4661 volens.
2521 4606 2675 4674 Quod
2719 4608 2862 4663 enim
2892 4617 2973 4665 est
2998 4609 3052 4665 in
3086 4611 3188 4666 hoc
3223 4615 3426 4670 mundo
3449 4616 3622 4681 dives,

2029 4692 2132 4749 hoc
2154 4701 2240 4750 est
2264 4694 2406 4763 apud
2422 4695 2589 4751 Deum
2610 4696 2789 4766 justus
2818 4714 2833 4753 :
2866 4713 2921 4753 et
2940 4700 3081 4769 quod
3109 4710 3192 4756 est
3216 4702 3270 4756 in
3296 4703 3401 4760 hoc
3422 4708 3625 4761 mundo

2031 4799 2253 4855 pauper,
2288 4786 2392 4842 hoc
2414 4796 2499 4843 est
2519 4787 2661 4857 apud
2704 4788 2875 4844 Deum
2917 4798 3165 4859 peccator
3195 4809 3209 4845 :
3239 4793 3370 4849 nihil
3396 4804 3474 4849 est
3503 4812 3626 4866 pec-

2029 4890 2212 4936 catore
2254 4882 2560 4951 pauperius,
2583 4890 2639 4938 et
2670 4882 2799 4937 nihil
2824 4882 2969 4952 justo
2996 4882 3179 4939 ditius.
3201 4884 3538 4958 Quapropter
3558 4889 3632 4948 de

2030 4972 2118 5039 iis,
2147 4973 2313 5045 quiin
2334 4975 2534 5044 pietate
2559 4985 2615 5029 et
2639 4974 2850 5029 virtutis
2874 4975 3030 5045 copia
3050 4975 3271 5046 degunt,
3293 4978 3367 5033 ait
3390 4979 3588 5036 Paulus
3609 5003 3625 5035 :

2032 5061 2235 5118 Gratias
2261 5080 2358 5135 ago
2383 5063 2493 5118 Deo
2516 5105 2532 5130 ,
2559 5065 2679 5135 quia
2704 5065 2759 5119 in
2779 5066 2917 5119 οιηηὶ
2944 5066 3118 5121 divites
3151 5069 3275 5138 facti
3300 5071 3417 5125 estis
3436 5073 3490 5126 in
3510 5073 3620 5136 illo.

2029 5155 2082 5208 in
2104 5154 2242 5208 omni
2260 5154 2404 5208 verba
2426 5164 2472 5208 et
2495 5155 2549 5208 in
2563 5155 2700 5208 omni
2714 5156 3010 5229 scientia(l.
3034 5156 3153 5213 Cor.
3185 5160 3238 5215 1.
3252 5161 3307 5217 4.
3328 5160 3405 5234 5).
3428 5163 3501 5220 De
3523 5165 3622 5220 int-

2035 5246 2133 5314 piis
2153 5261 2279 5301 vero
2301 5245 2487 5301 beatus
2502 5245 2762 5302 Jeremias
2773 5247 2904 5303 dicit
2928 5266 2943 5303 :
2968 5247 3210 5305 Fortasse
3228 5269 3475 5324 pauperes
3489 5265 3626 5323 sunt,

2027 5338 2143 5391 ideo
2166 5352 2268 5390 non
2298 5345 2568 5406 potuerunt
2606 5337 2787 5394 audire
2832 5338 3036 5395 uerbum
3077 5341 3282 5397 Domini
3306 5344 3440 5416 (Jer.
3465 5346 3516 5400 5.
3541 5348 3598 5412 4)

2037 5425 2197 5482 Vides
2235 5427 2507 5497 quomodo
2551 5444 2816 5500 pauperes
2859 5440 3017 5488 vocat
3042 5447 3157 5499 eos,
3187 5435 3278 5503 qui
3304 5444 3428 5488 sunt
3453 5450 3482 5489 a
3513 5438 3623 5505 pie-

2098 5517 2116 5549 ί
2151 5523 2279 5566 Unus
2298 5523 2415 5580 Reg.
2454 5530 2481 5588 ;_
2505 5516 2777 5588 Ambulanti
2801 5520 3003 5588 uerain
3031 5520 3242 5588 justitia,
3289 5526 3527 5585 quomodo
3548 5529 3630 5587 qui

2353 5576 2538 5640 g'ratias
2578 5579 2819 5653 largitur,
2840 5581 2960 5633 dicit
2998 5576 3085 5632 ε’(
3118 5576 3440 5645 Quicumque,
3466 5603 3487 5629 ι
3518 5576 3611 5636 -e'u~,

2033 5647 2129 5686 NiSt
2151 5652 2227 5686 ma
2247 5653 2288 5686 lS
2321 5646 2778 5686 tnternretatmnem
2813 5657 2925 5686 ulla".
2948 5657 3011 5686 ex
3038 5652 3218 5686 mutata
3245 5653 3430 5686 tantum
3455 5661 3611 5686 mm

2033 5643 2129 5689 Nisi
2151 5643 2288 5710 malis
2304 5643 2783 5710 _tnterpretatiouem_
2813 5657 2925 5707 quas
2948 5657 3014 5693 ex
3038 5652 3219 5694 mutata
3245 5643 3431 5695 tantum
3454 5661 3629 5710 urguere

2034 5702 2274 5766 versionis
2302 5702 2696 5766 interpunctione
2716 5702 2947 5766 oriretur,
2972 5718 3150 5766 nempe
3176 5720 3286 5755 eam
3316 5720 3329 5754 :
3367 5702 3629 5762 ambulanti

2036 5774 2149 5836 vero
2169 5762 2220 5836 in
2228 5761 2448 5822 justitia;
2457 5763 2575 5836 quid
2613 5764 2731 5818 dicit
2755 5765 2838 5831 qui
2862 5761 3049 5831 gratius
3071 5761 3353 5833 plerumque
3375 5768 3581 5822 lui-uitur
3607 5772 3630 5823 .’

2047 5841 2065 5871 ι
2100 5827 2410 5892 Quicumque,
2440 5844 2458 5878 ι
2486 5834 2598 5881 etc.-
