4100 6434
578 364 679 422 39.7

575 486 682 533 tate
705 474 912 532 dissiti?
937 474 1251 531 Peccatores
1277 474 1436 546 igitur
1462 475 1615 546 quasi
1641 489 1903 546 pauperes
1928 475 2156 529 misera-

574 579 677 633 tur,
707 578 763 625 et
789 582 820 623 a
849 566 1009 636 iustis
1028 568 1174 636 quasi
1194 581 1224 620 a
1250 566 1501 623 divitibus
1524 567 1782 622 rationem
1804 565 2002 636 exigit;
2028 564 2158 636 ipsis

568 661 781 731 quidem
798 659 867 713 ob
881 667 1250 729 paupertatem
1265 658 1547 728 elargiens.
1560 659 1628 713 ab
1643 658 1748 714 illis
1767 673 1893 714 vero
1908 658 1978 712 ob
1993 657 2158 727 pietao

568 752 636 805 tis
663 752 874 806 divitias
893 765 1015 804 cum
1044 750 1206 805 multa
1226 752 1565 806 accuratione
1585 751 1819 806 rationes
1838 765 1901 805 ex
1910 764 2153 819 poscens.

566 843 718 910 Quod
743 853 917 898 autem
955 841 1079 897 facit
1122 843 1262 898 circa
1297 843 1471 913 iustos
1496 850 1550 896 et
1578 852 1902 913 peccatores,
1925 840 2153 911 idipsum

567 934 691 990 facit
734 936 874 989 circa
918 934 1108 990 divites
1153 942 1207 989 et
1254 948 1514 1003 pauperes
1554 949 1569 986 :
1605 948 1669 987 ac
1706 930 2153 1002 quemadmodum

567 1040 897 1097 peccatorem
919 1042 1013 1098 per
1028 1028 1364 1082 clementiam
1386 1025 1867 1094 excitat,etjustum
1884 1040 1977 1093 per
2002 1038 2158 1077 seve-

562 1122 773 1175 ritatem
808 1132 990 1186 terret,
1021 1121 1100 1175 sic
1128 1130 1181 1174 et
1212 1121 1263 1174 in
1292 1120 1474 1174 mundi
1511 1120 1736 1189 negotiis
1760 1133 1908 1172 suam
1933 1117 2153 1186 dispen-

561 1213 821 1266 sationem
856 1213 1181 1267 moderatur.
1204 1212 1260 1267 Si
1282 1211 1472 1266 viderit
1498 1211 1838 1281 dignitatibus
1868 1208 2149 1279 fulgentes,

562 1320 736 1376 reges,
756 1306 1045 1375 principes,
1069 1313 1328 1374 quotquot
1363 1303 1559 1358 divitiis
1585 1302 1828 1366 afﬂuunt,
1858 1301 1954 1355 hos
1985 1310 2153 1356 terro-

561 1414 673 1453 rem
704 1399 969 1453 incutiens
996 1397 1480 1468 alloquitur,.atque
1505 1396 1700 1450 utiliter
1728 1394 1971 1464 potestati
1996 1394 2152 1450 timo-

562 1508 675 1548 rem
705 1491 944 1546 immittit
970 1509 984 1546 :
1018 1490 1086 1543 Et
1114 1506 1243 1545 nunc
1266 1507 1405 1560 reges
1423 1490 1701 1560 intelligite,
1730 1488 1999 1542 erudintini
2036 1504 2149 1542 om-

562 1599 648 1636 nes
673 1584 761 1652 qui
789 1584 1041 1654 ’judimtis
1072 1593 1286 1637 terram.
1321 1581 1514 1635 Servite
1557 1580 1775 1634 Domino
1800 1580 1854 1633 in
1882 1580 2078 1642 timore,
2104 1587 2152 1633 et

560 1677 808 1730 easultate
845 1676 893 1731 ei
930 1691 1042 1729 cum
1071 1673 1469 1744 tremore(Psal.
1499 1675 1552 1728 2.
1588 1674 1706 1743 10);
1738 1674 1990 1742 quoniam
2038 1671 2151 1726 Rea:

559 1778 633 1820 est
678 1784 872 1837 regum,
904 1776 951 1820 et
998 1766 1244 1820 Dominus
1288 1766 1657 1819 dominantium
1684 1768 1757 1833 (1.
1789 1763 1924 1819 Tim.
1948 1765 2001 1820 6.
2032 1762 2145 1835 15).

558 1855 659 1913 Ubi
706 1857 985 1926 imperium
1028 1865 1110 1911 est
1154 1855 1450 1926 potestatis,
1484 1856 1552 1911 ibi
1601 1856 1750 1925 regni
1778 1856 1859 1909 sui
1888 1865 2145 1909 terrorem

559 1948 781 2015 imponit
807 1964 824 2003 ε
854 1947 941 2001 ubi
973 1962 1102 2000 vero
1131 1946 1402 2000 humilitas
1449 1946 1686 2012 vilitatis,
1736 1945 1808 2000 ibi
1850 1944 2144 2001 remedium

560 2036 761 2107 profert
785 2053 897 2093 sua:
928 2037 1290 2106 benignitatis.
1319 2038 1458 2092 Deus
1492 2038 1634 2091 enim
1672 2046 1756 2092 est
1795 2037 1882 2091 hic
1921 2050 2145 2105 magnus

553 2130 669 2185 Rex
696 2144 879 2200 regum
905 2170 921 2197 ,
954 2142 1008 2184 et
1040 2130 1294 2184 Dominus
1322 2129 1728 2197 dominantium.
1776 2129 1871 2184 Hic
1894 2130 2007 2199 ipse
2027 2145 2147 2183 rur-

551 2237 670 2277 sum
693 2220 761 2277 de
786 2236 880 2275 sua
910 2221 1165 2289 dignitate
1190 2220 1540 2284 descendens,
1561 2220 1827 2275 invenitur
1850 2218 2143 2274 secundum

550 2323 788 2367 sanctam
813 2311 1137 2380 Scriptorum
1168 2310 1326 2365 Pater
1365 2311 1746 2380 orphanorum,
1780 2319 1836 2366 et
1860 2309 2031 2366 Judex
2061 2310 2142 2365 vi-

551 2403 773 2458 duarum
806 2402 976 2476 (Psal.
1006 2405 1095 2458 67.
1126 2405 1206 2474 6),
1238 2403 1353 2458 Rex
1398 2419 1606 2474 regum,
1648 2403 1904 2473 Princeps
1944 2401 2142 2474 princi-

551 2512 697 2566 pum,
728 2496 1064 2550 dominorum
1097 2495 1372 2549 Dominus.
1406 2494 1569 2549 Vides
1595 2494 1815 2549 multam
1842 2494 2141 2549 clementia:

550 2587 887 2642 ubertatem?
914 2586 1061 2641 vides
1092 2586 1273 2640 utilem
1302 2595 1500 2640 metum
1532 2586 1740 2655 pietatis
1767 2593 1822 2639 et
1851 2584 2140 2653 potentiae?

555 2675 653 2733 Ubi
677 2693 905 2748 namque
933 2678 1063 2732 vidit
1094 2677 1382 2746 potentiam
1409 2675 1476 2731 ad
1504 2678 1743 2732 solamen
1764 2677 2033 2741 suflicere,
2067 2676 2137 2730 ibi

547 2782 747 2826 tnetnm
775 2770 840 2825 ad
865 2771 1142 2825 utilitatem
1164 2771 1417 2840 imposuit
1437 2788 1451 2824 :
1470 2770 1557 2825 ubi
1575 2786 1703 2824 vero
1726 2769 1858 2825 vidit
1882 2769 2137 2847 orphani-

548 2869 710 2916 tatem
755 2863 976 2925 vilitate,
1006 2873 1061 2917 et
1084 2870 1451 2932 paupertatem
1499 2862 1867 2918 imbecillitate
1913 2862 2140 2916 viduita-

548 2956 643 3010 tis‘
671 2955 1026 3021 debilitatam,
1054 2957 1389 3012 clementiam
1421 2956 1486 3010 ad
1514 2957 1932 3013 consolationem
1978 2956 2136 3012 adhi-

546 3049 677 3104 buit.
721 3049 832 3120 Ego
882 3049 1037 3103 Pater
1075 3051 1439 3118 orpltanorum.
1488 3050 1605 3105 Duo
1644 3049 1789 3117 facit,
1816 3060 1870 3105 et
1895 3051 2137 3121 benigni-

545 3150 706 3197 tatem
752 3142 1007 3207 ostcndit,
1050 3149 1108 3196 et
1154 3143 1441 3211 potentiam
1486 3144 1657 3212 punit.
1703 3142 1867 3196 Vocat
1898 3143 2133 3211 seipsum

544 3232 754 3287 Patrem
799 3232 1199 3301 orphanorum,
1246 3242 1306 3289 ut
1349 3241 1405 3287 et
1449 3247 1576 3298 eos,
1619 3233 1706 3302 qui
1742 3232 1794 3286 in
1833 3233 2135 3287 calamitate

542 3324 813 3378 constituti
871 3334 1033 3390 sunt,
1082 3325 1410 3387 consoletur,
1453 3333 1508 3379 et
1554 3333 1798 3394 potentes
1839 3323 2129 3391 deterreat,

544 3430 612 3470 ne
655 3414 909 3483 orphanis
948 3414 1226 3483 viduisque
1267 3415 1476 3469 molesti
1518 3416 1658 3480 sint;
1703 3415 2132 3486 quandoquidem

543 3522 688 3559 mors
713 3505 855 3560 hunc
882 3515 1050 3575 patre,
1076 3507 1217 3560 illam
1248 3508 1364 3561 viro
1393 3508 1623 3572 orbavit,
1656 3518 1710 3561 et
1732 3522 1868 3576 quos
1892 3509 2134 3577 corrupit

541 3612 686 3651 mors
721 3587 1012 3660 naturalis,
1062 3598 1403 3668 benignitatis
1438 3599 1713 3653 decretum
1751 3600 2002 3653 restituit.
2036 3603 2133 3655 At-

541 3702 645 3757 que
682 3687 868 3742 eadem
902 3689 1014 3758 ipsa
1043 3690 1209 3756 gratia
1257 3689 1379 3743 lmic
1419 3689 1634 3759 quidem
1678 3689 1826 3744 dedit
1872 3690 2127 3758 judicem,

526 3779 783 3847 rorphano
809 3789 985 3833 autem
1027 3787 1228 3848 patrem
1259 3779 1460 3849 Regem
1506 3791 1830 3835 sanctorum.
1863 3780 2064 3851 Itaque,
2094 3799 2129 3838 ο

539 3871 734 3940 inique,
764 3874 859 3937 ait,
887 3872 931 3924 si
962 3870 1174 3924 viduam
1208 3871 1390 3938 lmdas,
1420 3871 1697 3926 viduarum
1727 3882 2124 3940 procuratorem

537 3977 829 4033 provocas;
860 3963 904 4017 si
935 3966 1204 4029 orphanos
1249 3977 1433 4025 vexes,
1481 3978 1644 4017 vexas
1684 3963 1825 4018 filios
1869 3964 1984 4018 Dei.
2016 3963 2128 4031 Ego

537 4072 654 4111 sum
679 4057 834 4111 Pater
862 4055 1243 4125 orphanorum,
1273 4064 1328 4110 et
1350 4053 1524 4110 Judex
1550 4056 1847 4110 viduarum.
1875 4057 2006 4123 Quis
2033 4072 2130 4111 an-

539 4160 644 4203 tem
692 4150 772 4203 sic
805 4148 978 4203 audax
1020 4148 1087 4202 ad
1118 4148 1465 4217 impietatem,
1493 4157 1549 4201 ut
1574 4147 1711 4203 ﬁlios
1743 4149 1833 4202 Dei
1866 4149 2040 4212 laedat,
2073 4156 2130 4203 et

537 4241 709 4295 viduis
732 4240 832 4295 sub
866 4239 959 4294 Dei
986 4239 1148 4293 tutela
1177 4239 1363 4309 positis
1392 4238 1686 4293 molestiam
1720 4239 1926 4308 pariat?
1960 4238 2126 4294 Vides

537 4346 696 4401 quam
728 4330 931 4385 utiliter
959 4331 1170 4400 pietatis
1196 4330 1432 4386 remedia
1481 4339 1762 4399 praeparet,
1795 4340 1850 4385 et
1880 4331 1977 4385 hos
2003 4332 2125 4401 qui-

537 4422 660 4477 dem
692 4431 910 4488 terreat,
940 4423 1061 4477 illos
1102 4437 1233 4477 vero
1279 4422 1580 4485 miseretur,
1610 4437 1716 4477 non
1745 4422 1859 4490 ipse
1901 4422 2122 4489 divisus,

536 4514 633 4569 sed
659 4514 728 4569 ad
770 4514 1044 4568 hominum
1091 4513 1406 4568 sententiam
1453 4512 1922 4567 accommodatus?
1963 4512 2125 4567 Nobis

538 4607 715 4674 itaque
744 4607 795 4660 in
826 4605 1118 4660 remedium
1145 4605 1211 4660 ad
1233 4606 1458 4660 salutem
1491 4606 1838 4661 adhibeamus
1870 4606 2126 4674 poeniten-

538 4699 664 4753 tiam
689 4713 703 4763 ;
734 4698 843 4752 imo
869 4698 1043 4767 potius
1063 4712 1093 4750 a
1112 4697 1221 4752 Deo
1237 4697 1559 4767 accipiamus
1586 4699 1948 4766 pteuitentiam
1970 4696 2126 4751 nobis

536 4788 862 4844 medentem.
893 4787 1007 4842 Non
1028 4790 1173 4842 enim
1203 4803 1300 4842 nos
1329 4788 1466 4845 hanc
1490 4789 1564 4843 illi
1589 4789 1883 4854 oderimus,
1915 4790 2007 4843 sed
2037 4789 2125 4843 ille

535 4879 691 4934 nobis
708 4895 824 4934 eam
851 4877 1287 4934 subministravit.
1310 4878 1470 4935 Vides
1497 4881 1613 4947 ejus
1643 4881 1694 4934 in
1724 4882 1840 4950 lege
1867 4879 2126 4936 severita-

534 4981 643 5027 tem
664 4970 688 5025 Ὶ
713 4972 863 5027 vides
900 4972 1016 5041 ejus
1050 4988 1101 5026 In
1128 4973 1295 5042 gratia
1325 4971 1745 5042 benignitatem?
1782 4973 1915 5026 Cum
1943 4983 2122 5028 autem

533 5065 654 5120 dico
696 5066 1032 5121 severitatem
1078 5068 1130 5120 in
1171 5068 1286 5136 lege
1310 5107 1325 5131 ,
1368 5082 1471 5120 non
1501 5066 1726 5121 detraho
1757 5067 1958 5136 judicio
1980 5109 1995 5130 ,
2027 5067 2123 5123 sed

531 5157 850 5225 evangelica:
879 5158 1062 5226 gratia:
1090 5158 1427 5212 clementiam
1456 5157 1688 5225 praediCo
1717 5175 1732 5212 :
1761 5159 2012 5229 quoniam
2040 5161 2123 5215 lex

531 5248 646 5303 sine
667 5249 981 5305 remissione
1003 5260 1314 5319 peccatores
1337 5250 1606 5318 puniebat,
1624 5251 1791 5320 gratia
1810 5266 1937 5304 vero
1958 5251 2124 5326 multa

531 5358 650 5396 cum
682 5343 1078 5412 longanimitate
1106 5342 1282 5397 dilfert
1307 5343 1624 5412 supplicium
1649 5382 1665 5405 ,
1705 5353 1758 5397 ut
1791 5344 2123 5400 emendatio-

531 5450 653 5489 nem
677 5435 908 5489 inducat.
932 5434 1303 5488 Poenitentiam
1324 5434 1500 5502 itaque
1519 5433 1890 5502 suscipiamus,
1910 5435 2120 5505 fratres,

533 5529 791 5583 medelam
819 5527 885 5582 ad
915 5526 1160 5591 salutem,
1185 5527 1536 5595 suscipiamus
1563 5525 1877 5580 medicinam
1908 5536 2122 5596 peccata

533 5630 713 5674 nostra
733 5620 1022 5675 delentem.
1042 5616 1359 5673 l'aeniteutia
1379 5628 1555 5672 autem
1576 5625 1678 5686 est,
1699 5633 1802 5674 non
1819 5633 1942 5690 qua:
1958 5617 2125 5673 verbo

603 5811 621 5841 ⁸
660 5812 821 5863 novel.
850 5823 901 5865 ct
916 5815 1078 5871 δραι..
1102 5814 1310 5867 uolentia
1332 5815 1589 5869 viduitatis.

1306 361 1363 419 S.
1401 362 1679 418 JDANNIS
1712 355 2187 419 CIIRYSOSTOMI
2227 358 2550 420 ABCﬂlEP.
2589 363 3130 427 CDNSTANTINOP.

3731 385 3824 442 328

2269 474 2627 545 praedicatur,
2665 481 2760 537 sed
2795 497 2917 554 qua:
2942 487 3195 554 operibus
3229 487 3508 560 ﬁrmatur;
3541 500 3828 566 pte-itentia

2267 574 2368 656 est,
2389 581 2509 638 qua
2526 584 2591 625 ex
2616 571 2732 640 ipso
2751 574 2912 630 corde
2931 575 3075 632 delet
3103 580 3363 636 maculam
3390 584 3695 656 impietatis.
3707 592 3823 650 Nam

2264 655 2549 722 Lavamini.
2573 662 2763 733 inquit,
2785 669 2962 721 mundi
2979 679 3156 738 estote,
3182 676 3375 744 auferte
3396 655 3821 746 neduitiasexcor—

2438 754 2612 845 vestris
2631 771 2664 809 α
2679 769 2950 827 conspectu
2971 765 3232 816 oculorum
3253 782 3474 821 nieorum
3495 769 3640 841 (lsai.
3657 775 3703 829 1.
3723 778 3820 845 161.

2263 840 2401 934 Quid
2427 842 2528 898 sibi
2557 845 2670 899 vult
2699 862 2760 901 ea
2797 849 3057 906 dictionis
3085 855 3476 913 redundantia?
3515 878 3632 915 nam
3668 840 3820 934 illud,

2263 932 2474 1004 Auferte
2513 938 2757 1005 nequitias
2790 956 2853 995 ex
2878 943 3115 998 sordibus
3137 948 3308 1001 vestris
3330 989 3344 1013 ,
3374 966 3553 1008 nonne
3577 958 3698 1010 satis
3723 932 3824 1015 erat

2259 1024 2327 1078 ad
2356 1034 2522 1081 totum
2553 1028 2892 1087 indicandum
2914 1035 2938 1088 ἲ
2963 1034 3070 1091 Cur
3094 1038 3334 1106 addidit,
3361 1041 3402 1095 Α
3434 1060 3690 1115 conspectu
3714 1068 3822 1105 ocu-

2261 1115 2428 1169 lorum
2467 1134 2692 1174 meorum
2714 1123 2740 1176 ?
2766 1122 3030 1191 Quoniam
3058 1129 3166 1184 alio
3192 1132 3352 1187 modo
3376 1134 3554 1190 vident
3580 1140 3712 1194 oculi
3739 1142 3823 1196 ho-

2261 1207 2485 1274 minum,
2515 1210 2623 1264 alio
2650 1214 2837 1268 oculus
2869 1215 2959 1270 Dei
2991 1235 3005 1271 :
3040 1218 3210 1275 Homo
3231 1224 3373 1278 enim
3401 1227 3454 1279 in
3476 1230 3673 1297 facient,
3701 1231 3823 1289 Deus

2259 1297 2311 1351 in
2329 1299 2521 1373 cor(i.
2541 1302 2669 1375 Κεφ
2695 1307 2783 1362 16.
2809 1306 2883 1377 7).
2909 1309 2987 1364 Ne
3013 1314 3189 1381 specie
3210 1355 3237 1382 ,.
3258 1316 3448 1387 inquit,
3481 1327 3820 1391 penitentiam

2257 1393 2602 1463 adulteretis,
2636 1397 2731 1453 sed
2764 1407 2822 1453 in
2864 1415 3152 1473 conspectu
3179 1409 3455 1465 oculorum
3486 1428 3717 1471 meorum
3739 1433 3819 1474 oe»

2256 1485 2399 1538 culta
2425 1490 2773 1545 scrutantium
2803 1495 3069 1550 ostendite
3093 1497 3292 1555 fructus
3320 1505 3660 1572 paenitentiae.

2339 1578 2394 1632 4.
2434 1578 2658 1649 Oportet
2679 1591 2858 1638 autem
2905 1601 3005 1642 nos
3049 1603 3078 1642 a
3137 1593 3373 1660 peccatis
3428 1609 3674 1667 purgatos
3717 1601 3818 1672 ipsa

2256 1681 2474 1736 peccata
2505 1682 2628 1727 ante
2656 1677 2839 1731 oculos
2869 1679 3084 1736 habere.
3112 1682 3367 1751 Quamvis
3387 1691 3528 1744 enim
3560 1692 3688 1747 Deus
3716 1695 3815 1751 cle-

2255 1763 2450 1815 mentia
2492 1779 2585 1819 sua
2630 1779 2904 1836 peccatum
2944 1775 3247 1843 condonet,
3296 1790 3351 1834 tu
3395 1782 3462 1837 ad
3504 1788 3817 1844 securitatem

2254 1854 2446 1946 anima:
2481 1864 2585 1911 tua:
2632 1874 2909 1929 peccatum
2953 1876 3076 1922 ante
3104 1870 3291 1927 oculos
3319 1872 3459 1929 habe
3489 1894 3504 1930 :
3531 1879 3814 1946 pnecedeno

2254 1943 2381 1996 tium
2408 1946 2552 2001 enim
2576 1953 2833 2006 memoria
2862 1951 3158 2012 futurorum
3181 1943 3614 2031 impedimentum
3639 1980 3745 2025 est:
3767 1980 3816 2026 et

2250 2036 2341 2104 qui
2371 2036 2439 2091 de
2481 2040 2752 2107 prioribus
2792 2044 3082 2112 mordetur,
3109 2049 3175 2103 ad
3220 2056 3505 2122 sequentia
3545 2061 3815 2117 cautiorem

2249 2128 2464 2217 exhibet
2491 2144 2744 2188 mentem.
2774 2132 3005 2206 ideoque
3031 2139 3221 2207 David,
3246 2140 3317 2195 Et
3340 2157 3596 2213 peccatum
3629 2167 3813 2217 meum,

2249 2216 2451 2311 inquit,
2482 2233 2660 2277 contra
2686 2241 2764 2280 me
2786 2237 2859 2281 est
2895 2245 3090 2299 semper
3110 2230 3279 2298 (Paul.
3298 2234 3390 2290 50.
3422 2237 3499 2305 5),
3535 2249 3593 2294 ut
3627 2216 3812 2311 praeces

2246 2310 2424 2367 dentia
2445 2326 2570 2370 ante
2596 2319 2779 2372 oculos
2809 2320 3031 2388 habens,
3058 2338 3127 2379 ne
3153 2324 3352 2382 incidat
3378 2331 3431 2384 in
3460 2310 3648 2388 lutura.
3675 2335 3810 2402 Quod

2246 2411 2423 2459 autem
2469 2404 2608 2462 hunc
2651 2425 2682 2464 a
2725 2411 2880 2467 nobis
2930 2413 3067 2469 Deus
3112 2426 3309 2474 statum
3361 2435 3617 2493 expetat,
3657 2427 3810 2497 ipsum

2246 2499 2368 2549 audi
2399 2498 2665 2555 dicentem
2698 2518 2712 2554 :
2748 2503 2858 2575 Ego
2885 2523 2997 2561 sum
3013 2509 3098 2580 qui
3125 2510 3270 2566 deleo
3295 2527 3504 2583 peccata
3526 2527 3631 2582 tua,
3657 2531 3699 2572 et
3722 2537 3810 2575 non

2244 2591 2549 2645 recordabar
2567 2609 2588 2646 :
2633 2604 2687 2647 tu
2731 2606 2901 2651 autem
2945 2603 3213 2658 recordare
3230 2645 3245 2667 ,
3295 2616 3345 2659 et
3374 2608 3678 2678 judicemur,
3707 2612 3813 2666 dicit

2242 2681 2494 2738 Dominus
2516 2701 2535 2738 :
2555 2686 2637 2739 die
2663 2697 2718 2739 tu
2742 2690 2883 2757 prius
2907 2703 3115 2759 peccata
3152 2705 3257 2760 tua,
3288 2708 3345 2751 ut
3361 2702 3654 2769 justi/iuris
3672 2702 3807 2774 (Isai.

2242 2774 2333 2831 43.
2351 2775 2572 2842 25.26).
2600 2778 2715 2834 Non
2736 2794 3010 2850 exspectat
3036 2785 3176 2840 Deus
3206 2796 3418 2858 tempus
3445 2807 3475 2846 a
3499 2795 3811 2863 paenitentia-

2242 2865 2430 2922 Dixisti
2459 2881 2734 2937 peccatum
2767 2882 2945 2942 tuum,
2971 2874 3297 2945 justiticatus
3326 2897 3390 2937 es
3421 2901 3436 2938 :
3470 2887 3806 2954 paenitentiam

2241 2959 2434 3028 egisti,
2482 2961 2901 3019 misericordiam
2950 2982 3009 3021 es
3045 2979 3431 3039 consequutus.
3463 2975 3575 3030 Non
3621 2985 3810 3046 tempus

2240 3063 2480 3143 excusat,
2506 3057 2600 3111 sed
2627 3060 2939 3127 pmnitentis
2958 3077 3136 3118 mores
3163 3079 3439 3135 peccatum
3466 3073 3804 3143 exstinguunt.

2240 3142 2380 3198 Fieri
2432 3156 2642 3214 potest,
2705 3161 2761 3203 ut
2818 3155 2906 3221 qui
2962 3154 3129 3208 multo
3174 3166 3417 3227 tempore
3463 3164 3800 3228 excubaverit,

2239 3237 2464 3291 salutem
2498 3254 2602 3294 non
2628 3253 3006 3313 consequatur,
3029 3257 3084 3301 et
3111 3247 3322 3304 ttiodico
3347 3260 3585 3322 tempore
3617 3259 3807 3311 sincere

2238 3332 2551 3396 confessus,
2607 3345 2878 3401 peccatum
2935 3348 3114 3392 exuat.
3174 3339 3396 3395 Multum
3444 3348 3686 3415 temporis
3733 3349 3804 3401 in-

2238 3423 2464 3490 sumpsit
2521 3422 2739 3480 Samuel
2786 3443 2881 3495 pro
2935 3428 3093 3483 Saule
3140 3431 3477 3503 deprecans,
3527 3440 3806 3509 multasque

2190 3594 2201 3603 κ
2237 3524 2423 3569 noctes
2450 3516 2720 3571 insomnes
2753 3523 3008 3590 transegit
3039 3538 3134 3592 pro
3163 3530 3435 3593 peccantis
3460 3531 3652 3595 salute;
3679 3532 3802 3586 Deus

2236 3615 2413 3659 autem
2438 3609 2659 3674 tempori
2692 3625 2796 3663 non
2824 3612 3140 3680 attendens,
3164 3617 3287 3684 quia
3315 3619 3588 3688 pr0phetae
3618 3620 3798 3689 suppli-

2235 3697 2376 3751 catio
2414 3713 2520 3752 non
2563 3703 2914 3756 concurrebat
2968 3718 3088 3758 cum
3139 3712 3438 3774 peccatoris
3494 3712 3793 3780 paenitentia,

2236 3790 2509 3858 propheta:
2539 3806 2638 3846 suo
2666 3792 2833 3848 dixit:
2869 3793 3139 3868 Usquequo
3177 3808 3232 3850 tu
3278 3801 3424 3871 luges
3484 3803 3627 3866 Sat'd,
3653 3814 3695 3858 et
3718 3820 3805 3874 ego

2234 3879 2386 3950 reieci
2406 3897 2518 3933 eum
2543 3882 2622 3951 (1.
2658 3881 2782 3955 Reg.
2835 3886 2922 3939 16.
2952 3886 3052 3956 l)?
3081 3887 3210 3943 Illud
3231 3931 3247 3956 ,
3276 3907 3529 3963 aequeque
3548 3935 3562 3960 ,
3610 3904 3798 3963 tempus

2233 3972 2504 4043 declarat,
2531 3986 2586 4030 et
2632 3978 2978 4046 supplicantis
3023 3987 3515 4049 perseverantiam:
3543 3995 3594 4042 et
3624 3985 3799 4055 repulit

2236 4065 2376 4119 Deus
2407 4076 2612 4136 tempus
2638 4068 3026 4139 deprecationis
3056 4074 3365 4143 prophetae:
3400 4094 3505 4133 non
3531 4080 3665 4134 enim
3687 4091 3798 4132 cum

2227 4156 2355 4227 justi
2407 4160 2707 4215 interventu
2766 4163 2906 4232 regis
2949 4166 3260 4234 poenitentia
3317 4173 3602 4226 concurrit.
3650 4170 3799 4225 Beato

2231 4259 2410 4305 autem
2442 4253 2651 4319 Davidi,
2681 4255 2771 4324 qui
2801 4259 3195 4326 correptionem
3218 4265 3387 4316 sancti
3409 4262 3653 4317 Nathanis
3681 4276 3794 4331 pro-

2231 4342 2409 4413 pheta:
2455 4358 2800 4416 susceperat,
2839 4358 2896 4404 et
2941 4353 3120 4405 statim
3176 4363 3295 4421 post
3348 4355 3791 4410 connuinationem

2231 4451 2413 4491 veram
2437 4440 2847 4495 conversionem
2874 4442 3200 4511 ostenderat,
3232 4444 3567 4517 dixeratque,
3598 4444 3800 4500 Pecem

2231 4526 2453 4583 Domino
2483 4529 2557 4601 (2.
2584 4528 2713 4602 Reg.
2740 4532 2829 4586 12.
2864 4533 2987 4601 15);
3032 4536 3211 4590 statim
3258 4553 3366 4591 uno
3403 4537 3652 4608 temporis
3691 4548 3791 4590 mo-

2232 4627 2413 4674 mento
2432 4621 2655 4676 verbum
2685 4624 2894 4678 sincere
2930 4627 3195 4694 prolatum
3241 4628 3498 4699 integram
3536 4624 3795 4698 pmnitenti

2230 4713 2405 4766 attulit
2426 4713 2653 4768 salutem
2680 4732 2694 4768 :
2717 4716 2996 4771 confestim
3033 4733 3261 4790 namque
3287 4724 3598 4777 sententiam
3627 4734 3789 4775 emen-

2229 4800 2376 4856 datio
2400 4812 2624 4873 sequuta
2665 4815 2767 4860 est.
2797 4807 2884 4861 Ait
2912 4808 3070 4878 igitur
3094 4810 3167 4865 illi
3196 4812 3404 4868 Nathan
3435 4832 3448 4868 :
3475 4814 3541 4868 Et
3564 4812 3794 4868 Dominus

2231 4894 2423 4948 dimisit
2452 4897 2469 4928 ⁸
2503 4907 2764 4967 peccatum
2793 4909 2935 4954 tuum
2965 4901 3173 4975 (Ibid.).

2302 4987 2442 5043 Deus
2493 4989 2668 5045 tardus
2702 4992 2772 5045 ad
2801 5009 3033 5062 pinnam,
3064 4996 3209 5050 velox
3229 4996 3298 5051 ad
3321 4997 3552 5052 salutem.
3578 5026 3646 5039 —
3677 4991 3789 5051 Vide

2231 5080 2361 5134 mihi
2391 5080 2554 5135 Deum
2580 5083 2787 5138 tardum
2817 5085 2882 5139 ad
2908 5099 3118 5154 pinnam
3148 5096 3202 5143 et
3225 5089 3457 5146 velocem
3482 5089 3546 5144 ad
3561 5089 3782 5144 salutem.

2234 5173 2298 5228 Et
2319 5173 2447 5229 mihi
2480 5177 2708 5244 primum
2736 5179 2909 5249 cogita
2939 5181 3207 5250 quomodo
3237 5184 3405 5238 multo
3433 5192 3551 5252 post
3571 5193 3789 5252 tempore

2230 5269 2613 5325 correctionem
2644 5271 2881 5327 clemens
2912 5273 3105 5329 intulit.
3130 5275 3370 5331 Peccavit
3394 5275 3570 5341 David,
3599 5285 3788 5328 uterum

2231 5362 2455 5430 gestavit
2482 5363 2693 5432 mulier,
2724 5364 2974 5435 nullaque
2999 5368 3263 5422 correctio
3290 5379 3558 5437 peccatum
3583 5369 3783 5433 sequuta

2232 5463 2348 5520 est;
2381 5454 2475 5510 sed
2506 5465 2622 5525 post
2656 5455 2876 5511 infantis
2901 5458 2968 5512 de
2996 5470 3215 5528 peccato
3240 5464 3348 5515 nati
3378 5466 3612 5530 partum,
3641 5450 3785 5510 mitti-

2233 5554 2318 5599 tur
2343 5547 2541 5616 peccati
2569 5547 2825 5602 medicus.
2851 5549 2962 5604 Cur
2997 5559 3174 5606 autem
3219 5561 3522 5622 peccantem
3565 5547 3783 5617 protinus

2228 5651 2336 5692 non
2391 5639 2668 5693 correxit?
2718 5639 2976 5706 Quoniam
3020 5640 3152 5698 vidit
3195 5642 3246 5698 in
3299 5642 3425 5714 ipsis
3471 5644 3785 5711 peccatorum

2297 5819 2312 5849 ι
2350 5823 2466 5879 Reg.
2494 5829 2634 5873 unus,
2661 5816 2888 5868 Dominus
2909 5817 3114 5869 sustulit.
3785 5808 3791 5837 ³
