4100 6464
232 394 362 449 3‘27

237 510 565 577 εὐσεϐείας,
604 512 691 576 ἀς
717 513 966 582 πτωχοὺς
982 511 1162 565 τοίνυν
1181 511 1307 574 τοὺς
1335 509 1745 580 ἁμαρτάνοντας
1765 507 1925 575 ἐλεεῖ,

238 599 350 652 καὶ
376 599 449 662 ὡς
480 599 768 662 πλουσίους
802 601 930 662 τοὺς
970 597 1496 670 δικαιοπραγοῦντας
1545 596 1785 657 ἀπαιτεῖ,
1814 597 1935 657 τοῖς·

242 683 362 753 μὲν
395 685 483 737 διὰ
507 686 604 755 τὴν
636 685 823 738 πενίαν
856 684 1230 755 χαριζόμενος,
1258 686 1372 746 τοῖς
1399 683 1455 735 δὲ
1482 681 1571 735 διὰ
1596 681 1688 734 τὸν
1712 681 1811 751 τῆς
1835 681 1926 732 εὐ-

242 770 472 834 σεϐείας
522 771 750 826 πλοῦτον
801 772 938 841 μετά
988 771 1188 842 πολλῆς
1236 769 1522 842 ἀκριϐείας
1562 770 1690 832 τοὺς
1735 768 1926 837 λόγους

238 859 814 929 είσπραττόμενος.⁶0
843 860 900 912 δὲ
933 860 1075 913 ποιεῖ
1109 859 1202 911 ἐπὶ
1245 859 1467 911 δικαίων
1518 857 1613 911 καὶ
1662 856 1922 926 ἁμαρτα-

238 942 384 1007 λῶν,
410 945 569 998 τοῦτο
602 949 745 999 ποιεῖ
780 947 877 999 καὶ
921 947 1013 999 ἐπὶ
1057 945 1328 999 πλουσίων
1379 945 1475 998 καὶ
1516 943 1795 1012 πενήτων·
1831 939 1926 992 καὶ

236 1028 444 1101 ὥσπερ
470 1031 561 1085 τὸν
597 1033 975 1102 ἁμαρτάνοντα
1011 1033 1213 1103 ἐγείρει
1252 1032 1340 1086 διὰ
1370 1029 1797 1101 φιλανθρωπίαν,
1834 1025 1925 1079 τὸν

238 1115 303 1168 δὲ
350 1117 557 1171 δίκαιον
599 1118 753 1187 φοϐεῖ
792 1119 880 1172 διὰ
921 1120 1022 1189 τῆς
1065 1119 1365 1189 ἀποτομίας
1388 1132 1403 1147 ⁶
1436 1116 1576 1170 οὕτω
1605 1115 1698 1167 καὶ
1729 1114 1786 1167 ἐν
1813 1114 1924 1176 τοῖς

237 1207 540 1272 κοσμικοῖς
580 1208 898 1276 πράγμασιν
941 1207 1207 1276 διατίθησι
1238 1208 1336 1277 τὴν
1365 1203 1559 1259 ἑαυτοῦ
1592 1200 1920 1272 οἰκονομίαν.

254 1289 391 1342 Ἐὰν
419 1290 502 1361 ἴδῃ
534 1290 799 1356 δυναστάς
834 1293 1135 1364 ἀξιώμασιν
1157 1293 1632 1363 ὑπερλάμποντας,
1665 1289 1918 1359 βασιλεῖς.

235 1373 541 1444 ἄρχοντας,
575 1377 780 1442 πάντας
822 1381 948 1444 τοὺς
994 1381 1053 1434 ἐν
1101 1380 1316 1450 πλούτῳ
1358 1378 1784 1448 διαπρέποντας·
1808 1371 1923 1425 τού-

236 1475 364 1523 τοις
390 1461 693 1531 διαλέγεται
725 1465 865 1536 μετὰ
899 1466 1088 1535 φόϐου,
1118 1468 1213 1521 καὶ
1245 1465 1519 1535 ἐπιτίθησι
1546 1462 1828 1533 χρησίμως
1850 1461 1917 1529 τῇ

235 1546 540 1622 δυναστείᾳ
585 1553 676 1608 τὸν
721 1554 883 1623 φόϐον
904 1571 918 1586 ·
966 1555 1079 1611 Καὶ
1129 1555 1268 1619 νῦν,
1311 1552 1628 1619 βασιλεῖς,
1681 1549 1916 1613 σύνετε,

234 1636 606 1706 παιὸεὐθητε
628 1642 852 1707 πάντες
888 1646 942 1697 οἱ
985 1643 1292 1711 κρίνοντες
1332 1640 1447 1709 τὴν
1489 1638 1605 1709 γῆν
1626 1653 1639 1666 ·
1671 1636 1920 1690 δουλεύ-

235 1737 398 1775 ο-ατε
439 1723 519 1789 τῷ
559 1728 754 1794 Κυρίῳ
798 1729 870 1782 ἐν
908 1730 1088 1797 φόϐῳ,
1128 1730 1227 1782 καί
1255 1723 1624 1796 ἀγαλλιᾶσθε
1664 1719 1820 1785 αὐτῷ
1848 1720 1919 1773 ἐν

235 1811 478 1877 τριῇιφ·
524 1812 605 1865 ὅτι
633 1816 932 1881 Βασιλεύς
968 1816 1099 1869 ἐστι
1146 1813 1264 1867 τῶν
1295 1811 1770 1878 βασιλευόντων,
1816 1806 1915 1859 καὶ

233 1898 461 1963 Κύριος
493 1898 610 1952 τῶν
633 1902 1229 1968 κυριευόντων.”υπου
1268 1901 1410 1972 ἀρχὴ
1437 1897 1774 1959 δυναστείας,
1806 1897 1920 1948 ἐπι-

232 1981 427 2050 τίθησι
460 1985 549 2036 τὸν
573 1985 735 2053 φόϐον
759 1987 860 2056 τῆς
887 1987 1050 2042 αὐτοῦ
1078 1987 1348 2058 βασιλείας
1374 2004 1387 2020 ·
1429 1987 1560 2039 ὅπου
1592 1982 1916 2043 ταπείνωσις

233 2067 539 2134 εὐτελείας,
573 2074 913 2145 προσφέρειι
952 2076 1013 2129 τὸ
1046 2076 1332 2146 φάρμακον
1360 2077 1457 2145 τῆς
1492 2071 1686 2126 ἐαυτοῦ
1724 2070 1914 2139 φιλαν-

234 2155 512 2225 θρωπίας.
529 2160 587 2214 '0
620 2162 727 2233 γὰρ
752 2163 883 2228 Θεὸς
912 2159 1064 2229 οὗτος
1110 2165 1281 2236 μέγας
1313 2164 1561 2236 βασιλεὺς
1607 2163 1715 2215 τῶν
1758 2162 1913 2231 βασι-

231 2240 527 2308 λευόντων,
551 2248 645 2301 καὶ
692 2249 895 2320 Κύριος
942 2252 1051 2305 τῶν
1098 2254 1453 2322 κυριευόντων
1472 2268 1487 2283 ·
1531 2244 1684 2313 οὗτος
1729 2250 1911 2314 αὐτὸς,

198 2358 209 2369 ι
233 2329 408 2382 πάλιν
434 2332 737 2389 ὑποϐαίνων
762 2338 861 2408 τῆς
887 2338 1080 2392 ἑαυτοῦ
1106 2338 1282 2404 ἀξίας,
1310 2339 1621 2409 εὑρίσκεται
1649 2336 1790 2391 κατά
1813 2337 1911 2409 τὴν

229 2416 407 2484 ἁγίαν
442 2417 658 2491 Γραφήν
706 2425 891 2496 πατὴρ
915 2426 1165 2496 ὀρφανῶν
1193 2427 1286 2480 καὶ
1318 2426 1510 2497 κριτής
1550 2425 1659 2479 τῶν
1704 2425 1909 2496 χηρῶν,

233 2500 511 2571 βασιλέων
551 2505 823 2576 βασιλεὺς,
867 2512 1144 2582 ἀρχόντων
1171 2514 1375 2584 ἀρχων,
1414 2514 1774 2584 κυριευόντων
1807 2513 1914 2566 Κύ-

235 2592 557 2663 ριος-Ὀρᾷς
602 2596 804 2668 πολλὴν
848 2598 1105 2666 ἀφθονίαν
1139 2600 1585 2672 φιλανθρωπίας;
1620 2602 1750 2672 ὁρᾷς
1782 2601 1910 2672 χρή-

234 2691 405 2745 σιμον
429 2680 521 2732 τὸν
548 2681 710 2748 φόϐον
731 2683 833 2753 τῆς
859 2685 1146 2751 εὐσεϐείας
1177 2687 1272 2740 καὶ
1302 2687 1399 2757 τῆς
1422 2686 1671 2752 ἐξουσίας
1693 2703 1707 2747 ;
1735 2687 1908 2741 Ὅπου

231 2762 342 2833 μὲν
381 2766 489 2837 γὰρ
526 2763 665 2823 εἶδεν
696 2769 969 2841 ἀρκοῦσαν
993 2773 1092 2844 τὴν
1129 2773 1373 2837 ἐξουσίαν
1407 2777 1486 2837 είς
1533 2774 1907 2844 παραμυθίαν,

232 2850 479 2921 ἐπέθηκε
504 2853 595 2907 τὸν
625 2856 787 2925 φόϐον
828 2861 906 2921 είς
937 2858 1204 2929 ὠφέλειαν
1225 2877 1237 2888 ·
1283 2862 1416 2914 ὅπου
1447 2860 1505 2914 δέ
1536 2856 1643 2913 εἶδε
1674 2860 1909 2930 παραλε-

231 2935 480 3009 λυμένην
506 2945 572 3013 τῇ
597 2942 840 3016 εὐτελείᾳ
866 2947 965 3016 τὴν
987 2946 1272 3018 ὀρφανίαν,
1296 2947 1391 3001 καὶ
1414 2948 1512 3018 τὴν
1540 2947 1811 3018 πτωχείαν
1838 2950 1903 3019 τῇ

230 3025 429 3098 ἀτονία
447 3027 476 3067 δ
499 3030 611 3102 ⁶τῆς
642 3032 888 3102 χηρείας,
924 3036 1239 3104 προσήγαγε
1264 3035 1365 3105 τὴν
1394 3034 1796 3106 φιλανθρωπίαν
1825 3037 1904 3099 εἰς

230 3113 613 3182 παραμυθίαν.
633 3118 779 3185 Ἐγὼ
806 3121 1002 3189 πατὴρ
1023 3119 1142 3175 τῶν
1167 3121 1461 3191 ὀρφανῶν.
1496 3121 1600 3174 Δύο
1625 3123 1783 3186 ποιεῖ,
1812 3122 1905 3174 καὶ

121 3232 124 3234 ~
232 3196 333 3268 τήν
366 3197 772 3272 φιλανθρωπίαν
797 3205 1051 3270 δείκνυσι,
1080 3208 1174 3261 καὶ
1200 3210 1298 3277 τὴν
1323 3208 1637 3261 δυναστείαν
1664 3207 1901 3270 κολάζει.

231 3283 415 3337 Καλεῖ
442 3287 630 3341 ἑαυτὸν
661 3291 875 3362 πατέρα
893 3292 1000 3347 τῶν
1022 3295 1291 3365 ὀρφανῶν,
1318 3296 1404 3348 ἵνα
1432 3296 1527 3350 καὶ
1546 3297 1671 3359 τοὺς
1696 3299 1753 3348 ἐν
1777 3313 1905 3367 συμ-

232 3373 385 3473 φορᾷ
404 3375 889 3473 παραμυθήσῃται,
908 3380 1000 3433 καὶ
1023 3383 1147 3446 τοὺς
1175 3384 1230 3435 ἐν
1254 3382 1539 3454 δυναστείᾳ
1561 3383 1902 3459 καταπλήξῃ,

231 3463 379 3512 ὥστε
435 3463 509 3531 μὴ
554 3464 878 3537 ἐπηρεάζειν
909 3468 1162 3540 ὀρφανοῖς
1197 3486 1255 3522 τε
1285 3471 1380 3523 καὶ
1406 3472 1629 3541 χήραις·
1661 3472 1848 3543 ἐπειδὴ
1874 3473 1902 3524 6

231 3545 467 3612 θάνατος
493 3551 777 3622 ἐγύμνωσε
801 3555 891 3607 τὸν
921 3556 1018 3625 μὲν
1051 3557 1143 3610 τοῦ
1179 3559 1399 3628 πατρὸς,
1434 3559 1530 3630 τὴν
1555 3560 1611 3612 δὲ
1644 3560 1902 3631 ἐστέρησε

230 3634 328 3687 τοῦ
380 3635 591 3707 ἀνδρὸς,
619 3639 714 3691 καὶ
758 3640 851 3704 οὓς
894 3641 1196 3713 διέφθειρεν
1244 3646 1273 3697 ό
1322 3646 1424 3714 τῆς
1478 3645 1691 3713 φύσεως
1717 3646 1897 3716 νόμος,

229 3720 578 3778 ἀνεκαίνισεν
606 3728 633 3779 6
657 3728 756 3798 τῆς
787 3727 1194 3800 φιλανθρωπίας
1216 3732 1338 3800 ὅρος
1359 3748 1374 3762 ·
1399 3734 1492 3785 καὶ
1521 3735 1553 3804 ἡ
1579 3735 1714 3803 αὐτή
1741 3734 1899 3803 χάρις

226 3816 293 3883 τῇ
345 3814 443 3882 μὲν
492 3815 656 3870 ἔδωκε
701 3819 792 3872 τὸν
838 3819 1049 3892 κριτὴν,
1079 3821 1156 3890 τῷ
1196 3822 1253 3874 δέ
1291 3822 1509 3893 ὀρφανῷ
1545 3824 1775 3893 πατέρα,
1811 3823 1900 3875 τὸν

230 3899 462 3969 βασιλέα
483 3902 592 3956 τῶν
618 3905 766 3977 [551]
795 3908 1175 3975 ἁγίων.”Ωστε,
1201 3912 1382 3979 φησὶν,
1414 3905 1459 3964 ὦ
1488 3911 1657 3975 ἀδικε,
1683 3911 1776 3963 ἐὰν
1803 3911 1899 3981 χή-

232 4002 360 4056 ραις
390 3989 720 4065 ἐπηρεάζῃς,
745 3994 837 4048 τὸν
858 3994 965 4047 τῶν
997 3996 1178 4067 χηρῶν
1206 3999 1508 4069 προνοητὴν
1541 3996 1857 4068 παροξύνεις
1879 4015 1893 4029 ⁸

226 4074 329 4128 ἐὰν
374 4076 640 4145 ὀρφανοὺς
669 4080 880 4152 ἀδικῇς,
922 4085 1068 4146 υἱοὺς
1117 4085 1322 4148 ἀδικεῖς
1369 4085 1684 4155 Θεοῦ.Ἐγώ
1731 4088 1844 4155 είμι
1870 4087 1898 4138 6

226 4165 418 4234 πατὴρ
446 4166 551 4219 τῶν
576 4168 844 4237 ὀρφανῶν,
864 4172 957 4224 καὶ
983 4172 1174 4243 κριτὴς
1198 4172 1307 4226 τῶν
1332 4174 1516 4243 χηρῶν
1538 4192 1550 4204 ·
1582 4175 1734 4238 τίςδέ
1757 4173 1897 4227 οὕτω

224 4251 503 4322 τολμηρὸς
544 4255 682 4325 πρὸς
719 4257 997 4325 ἀσέϐειαν,
1027 4250 1167 4311 ὥστε
1202 4260 1348 4321 υἱοὺς
1378 4260 1580 4313 ἀδικεῖν
1610 4261 1766 4324 Θεοῦ,
1804 4265 1897 4317 καὶ

223 4341 354 4400 ταῖς
399 4339 502 4393 ὑπὸ
543 4342 637 4395 τοῦ
671 4342 805 4396 Θεοῦ
845 4345 1265 4415 προνοουμέναις
1299 4350 1493 4417 χήραις
1533 4349 1892 4420 ἐπηρεάζειν;

234 4424 403 4495 Ὁρᾷς
454 4427 573 4491 πῶς
621 4430 907 4500 χρησίμως
952 4433 1351 4497 κατασκευάζει
1383 4434 1452 4486 τά
1482 4435 1749 4505 φάρμακα
1797 4439 1895 4506 τῆς

223 4513 529 4578 εὐσεϐείας,
557 4518 652 4570 καὶ
677 4519 803 4581 τοὺς
836 4519 934 4589 μὲν
963 4520 1136 4588 φοϐεῖ,
1169 4523 1295 4585 τοὺς
1325 4523 1381 4575 δὲ
1410 4523 1569 4587 ἐλεεῖ,
1603 4524 1704 4576 οὐκ
1735 4525 1895 4588 αὐτὸς

228 4598 609 4670 μεριζόμενος,
638 4604 775 4674 πρὸς
796 4605 853 4659 δὲ
881 4606 980 4668 τὰς
1008 4606 1235 4677 γνώμας
1264 4608 1373 4661 τῶν
1400 4609 1699 4679 ἀνθρώπων
1725 4610 1895 4681 ἁρμο-

225 4684 486 4756 ζόμενος;
522 4689 893 4760 Προσάγωμεν
934 4693 1112 4746 τοίνυν
1154 4695 1385 4758 ἑαυτοῖς,
1413 4695 1648 4763 ἀδελφοὶ,
1677 4698 1896 4767 φάρμα-

226 4787 325 4826 κον
355 4775 435 4837 είς
465 4777 739 4847 σωτηρίαν
766 4777 864 4848 τὴν
909 4780 1193 4848 μετάνοιαν
1218 4798 1229 4810 ·
1285 4784 1481 4853 μᾶλλον
1522 4783 1577 4837 δέ
1616 4783 1893 4855 δεξώμεθα

227 4858 381 4930 παρὰ
409 4861 502 4914 τοῦ
523 4862 659 4915 Θεοῦ
685 4863 781 4934 τὴν
814 4866 1102 4934 μετάνοιαν
1132 4868 1481 4938 ίατρεύουσαν
1504 4873 1671 4940 ἡμᾶς.
1692 4872 1763 4925 Οὐ
1784 4872 1892 4944 γὰρ

228 4946 389 5017 ἡμεῖς
418 4949 567 5019 αὐτῷ
586 4950 791 5022 ταύτην
816 4953 1182 5023 προσάγομεν,
1212 4956 1325 5008 ἀλλ’
1350 4959 1510 5020 αὐτὸς
1540 4960 1668 5029 ήμῐν
1689 4959 1892 5029 ταύτην

229 5036 583 5107 ἐχορήγησεν.
601 5038 764 5109 Ὁρᾷς
810 5040 974 5094 αὐτοῦ
1017 5042 1116 5112 τὴν
1164 5043 1446 5115 ἀκρίϐειαν
1475 5046 1575 5114 τὴν
1619 5048 1677 5099 ἐν
1708 5047 1785 5118 τῷ
1815 5048 1895 5101 νό-

233 5140 352 5194 μῳ;
385 5126 517 5195 ὁρᾷς
554 5125 653 5196 τὴν
686 5126 1090 5197 φιλανθρωπίαν
1127 5131 1291 5183 αὐτοῦ
1334 5132 1432 5203 τὴν
1466 5134 1524 5185 ἐν
1564 5138 1630 5205 τῇ
1674 5136 1889 5207 χάριτι;

233 5209 398 5265 Ὅταν
439 5211 495 5264 δέ
523 5214 661 5265 εἴπω
688 5215 787 5286 τὴν
817 5216 1101 5287 ἀκρίϐειαν
1129 5219 1228 5288 τὴν
1261 5220 1319 5273 ἐν
1360 5220 1438 5291 τῷ
1478 5223 1649 5294 νόμῳ,
1675 5226 1735 5277 οὐ
1782 5227 1893 5280 δια-

231 5298 407 5353 ϐάλλω
440 5303 641 5373 κρίσιν,
670 5303 807 5357 ἀλλὰ
847 5305 947 5376 τῆς
980 5308 1334 5379 εὐαγγελικῆς
1386 5311 1604 5382 χάριτος
1640 5314 1892 5384 κηρύττω

358 5389 793 5482 φιλανθρωπίαν·
839 5393 920 5446 ὅτι
965 5394 994 5446 6
1039 5394 1136 5464 μὲν
1169 5396 1329 5464 νόμος
1362 5397 1749 5471 ἀπαραιτήτως
1772 5403 1867 5454 ἐκό

231 5473 355 5536 λαζε
387 5476 512 5540 τοὺς
544 5478 973 5548 ἁμαρτάνοντας,
1009 5482 1040 5552 ή
1081 5482 1140 5535 δέ
1183 5483 1341 5554 χάρις
1377 5485 1514 5553 μετὰ
1556 5485 1754 5555 πολλῆς
1787 5505 1892 5557 μα-

231 5563 531 5647 κροθυμίας
560 5567 909 5637 ὑπερτίθεται
933 5570 1032 5641 τὴν
1059 5573 1346 5642 τιμωρίαν,
1381 5572 1465 5625 ἵνα
1507 5575 1763 5647 ἐπαγάγῃ
1794 5577 1891 5647 τὴν

230 5646 530 5719 διόρθωσιν.
556 5653 849 5724 Δεξώμεθα
869 5655 1046 5709 τοίνυν
1081 5659 1389 5728 μετάνοιαν,
1408 5660 1641 5728 ἀδελφοὶ,
1670 5646 1891 5732 φάρμα-

233 5747 324 5785 κον
351 5739 429 5800 είς
459 5740 752 5811 σωτηρίαν,
783 5741 1059 5812 δεξώμεθα
1101 5745 1389 5815 φάρμακον
1422 5746 1699 5814 ὲξαλείφον
1731 5750 1891 5818 ήμῶν

234 5821 612 5943 φὲςεῗὶἓὲιῗίιη
633 5830 790 5891 magis
810 5833 1005 5892 proprie
1024 5845 1169 5893 quam
1194 5833 1752 5898 M0nlf.,quiscripseral
1768 5854 1885 5902 προ-

295 5923 370 5943 π-..
402 5923 526 5935 νυ...

295 5947 321 5983 δ
345 5948 496 5997 Morel
522 5954 574 5999 cl
595 5950 725 5999 Savil
771 5958 826 6009 τῆ
849 5953 1065 6020 ἀπονοίᾳ.
1093 5954 1226 6005 Unus
1249 5956 1372 6021 Reg.
1396 5964 1451 6021 τῇ
1476 5959 1655 6026 ἀτονία,
1682 5961 1877 6011 melius.

1491 392 1579 447 DE
1618 390 2087 449 ΡοΕΝιτεΝτιΛ.
2118 388 2351 446 HOMIL.
2390 388 2501 447 VII.

3582 389 3686 444 528

2029 506 2100 560 16
2151 507 2487 577 πταίσματα.
2514 502 2782 558 Μετάνοια
2831 501 2889 556 δέ
2924 502 3090 564 ἐστιν,
3119 500 3216 570 οὐχ
3245 500 3278 572 ή
3307 499 3447 571 λόγῳ
3483 519 3685 573 κηρυτ-

2022 593 2246 664 τομένη,
2282 593 2397 647 ἀλλ’
2430 595 2464 663 ἡ
2506 591 2792 662 πράγμασι
2825 588 3182 659 βεϐαιουμένη
3204 603 3217 616 ·
3255 588 3510 658 μετάνοια
3550 592 3584 661 ή
3624 593 3684 659 ἐξ

2022 681 2193 750 αὐτῆς
2216 681 2316 750 τῆς
2349 679 2575 751 καρδίας
2610 676 2964 745 ἐξαλείφουσα
2983 675 3074 728 τὸν
3096 675 3263 746 ῥύπον
3283 677 3380 746 τῆς
3406 678 3681 744 ἀσεϐείας.

2020 773 2340 828 Λούσασθε
2367 773 2498 841 γὰρ,
2527 770 2681 839 φησι,
2718 767 2962 836 καθαροὶ
2987 767 3256 836 γίνεσθε·
3289 767 3540 836 ἀφέλετε
3575 771 3684 836 τὰς

2020 860 2317 928 πονηρίας
2367 858 2485 913 ἀπὸ
2533 857 2651 911 τῶν
2694 855 2948 924 καρδιῶν
2994 854 3181 923 ὑμῶν,
3236 855 3522 909 ἀπέναντι
3562 855 3683 910 τῶν

2019 946 2341 1015 ὀφθαλμῶν
2361 963 2501 1014 μου.
2537 944 2602 997 Τί
2628 943 2874 1013 βούλεται
2895 942 2955 994 τὸ
2981 941 3228 1013 περιττὸν
3256 942 3353 1010 τῆς
3374 941 3598 1007 λέξεως;
3620 943 3680 995 τὸ

2018 1033 2128 1103 γὰρ
2166 1032 2432 1101 Ἇφέλετε
2463 1030 2568 1096 τὰς
2594 1030 2882 1097 πονηρίας
2904 1030 3019 1082 ἀπὸ
3056 1029 3175 1081 τῶν
3204 1027 3458 1096 καρδιῶν
3488 1029 3676 1097 ὑμῶν,

2019 1122 2120 1191 οὐχ
2154 1122 2340 1174 ἱκανὸν
2373 1119 2610 1190 μηνῦσαι
2641 1118 2702 1171 τὸ
2726 1121 2866 1183 πᾶν;
2897 1118 2995 1171 Διά
3027 1116 3077 1170 τί
3109 1113 3201 1170 οὖν
3239 1116 3538 1170 Ἀπέναντι
3563 1116 3680 1172 τῶν

2018 1208 2344 1279 ὀφθαλμῶν
2382 1224 2532 1276 μου;
2577 1207 2792 1278 Ἐπειδὴ
2836 1206 3010 1269 ἄλλως
3055 1205 3252 1276 ὁρῶσιν
3288 1205 3552 1274 ὀφθαλμοὶ
3586 1207 3680 1259 ἀν-

2017 1294 2270 1368 θρώπων,
2301 1295 2394 1347 καὶ
2427 1294 2600 1357 ἄλλως
2638 1295 2740 1365 ὁρᾷ
2780 1293 3054 1362 ὀφθαλμὸς
3092 1291 3187 1344 τοῦ
3224 1292 3355 1344 Θεοῦ
3377 1308 3389 1320 ·
3427 1293 3676 1361 Ἀνθρω-

2016 1397 2130 1448 πος
2176 1384 2284 1452 γὰρ
2328 1385 2414 1448 εὶς
2457 1383 2802 1450 πρόσωπον,
2843 1380 2985 1445 Θεὸς
3033 1377 3101 1431 δὲ
3145 1381 3230 1444 εὶς
3277 1380 3544 1446 καρδίαν,
3588 1380 3675 1451 Μὴ

2019 1473 2281 1542 σχήμασι,
2312 1473 2465 1541 φησὶ,
2480 1470 2766 1539 νοθεύσητε
2787 1479 2808 1507 ο
2827 1469 2925 1534 τὴν
2955 1466 3260 1537 μετάνοιαν,
3284 1467 3397 1519 ἀλλ’
3416 1466 3675 1521 ἀπέναντι

2015 1559 2123 1612 τῶν
2153 1559 2444 1630 ὀφθαλμῶν
2469 1576 2588 1628 μου,
2612 1550 2718 1609 τῶν
2748 1556 2816 1609 16
2844 1553 3061 1625 κρυπτά
3087 1552 3446 1624 ἐρευνώντων,
3469 1553 3676 1619 δείξατε

2014 1646 2138 1710 τοὺς
2173 1647 2419 1716 καρποὺς
2441 1645 2541 1714 τῆς
2575 1642 2878 1713 μετανοίας.

2084 1734 2147 1787 δ’.
2169 1735 2257 1785 Δεῖ
2284 1733 2339 1786 δέ
2364 1734 2513 1804 ήμάς
2534 1730 2959 1802 καθαιρομένους
2989 1725 3110 1778 ’ἀπὸ
3131 1723 3239 1777 τῶν
3264 1722 3544 1795 ἁμαρτιῶν
3570 1724 3672 1795 πρὸ

2013 1820 2307 1891 ὀφθαλμῶν
2337 1820 2481 1889 ἔχειν
2516 1819 2656 1871 αὐτὰ
2685 1818 2752 1870 τὰ
2796 1814 3166 1886 ἁμαρτήματα
3188 1828 3201 1842 ·
3240 1812 3345 1865 κᾶν
3371 1814 3399 1864 ὀ
3420 1810 3558 1873 ,Θεὸς
3584 1811 3673 1865 διὰ

2013 1907 2424 1978 φιλανθρωπίαν
2470 1905 2797 1975 συγχωρήσῃ
2843 1918 2924 1956 σοι
2955 1901 3053 1971 τὴν
3096 1900 3387 1972 ἁμαρτίαν,
3437 1899 3572 1951 ἀλλὰ
3607 1900 3672 1952 σὺ

2015 1995 2151 2068 πρὸς
2183 1996 2283 2066 τὴν
2325 1994 2624 2063 ἀσφάλειαν
2666 1993 2763 2063 τῆς
2814 1989 3007 2043 ἑαυτοῦ
3036 1989 3211 2058 ψυχῆς
3245 1987 3351 2057 πρὸ
3379 1986 3671 2055 ὀφθαλμῶν

2011 2083 2101 2153 ἔχε
2152 2082 2250 2154 τὴν
2303 2081 2596 2153 ἁμαρτίαν.
2648 2081 2711 2134 Ἦ
2757 2078 2864 2148 γὰρ
2918 2077 3105 2146 μνήμη
3146 2074 3254 2126 τῶν
3293 2072 3670 2143 προλαϐόντων

2008 2169 2180 2239 ἐποχή
2213 2169 2422 2236 γίνεται
2448 2167 2557 2220 τῶν
2591 2165 2887 2236 μελλόντων
2906 2179 2920 2192 ·
2951 2162 3045 2215 καὶ
3062 2163 3098 2231 ,ὁ
3128 2160 3221 2212 ἐπὶ
3249 2162 3358 2220 τοῖς
3386 2158 3669 2229 προτέροις

2007 2255 2354 2326 δακνόμενος,
2381 2254 2511 2323 περὶ
2542 2253 2611 2307 τά
2639 2251 2865 2320 δεύτερα
2888 2247 3292 2318 ἀσφαλεστέραν
3322 2245 3420 2317 τὴν
3445 2246 3669 2317 γνώμην

2006 2342 2264 2397 δείκνυσι.
2310 2340 2411 2395 Διά
2435 2340 2595 2393 τοῦτο
2623 2339 2718 2393 καὶ
2755 2339 2782 2390 ὁ
2815 2335 3003 2390 Δαυΐδ·
3034 2335 3145 2388 Καὶ
3172 2336 3210 2401 ἠ
3244 2334 3497 2403 ἁμαρτία
3523 2350 3666 2402 μου,

2009 2432 2190 2501 φησὶν,
2225 2430 2482 2484 ἐνώπιόν
2505 2428 2622 2497 μού
2650 2426 2781 2480 ἐστι
2805 2424 2901 2478 διὰ
2927 2423 3154 2487 παντός
3172 2442 3186 2455 ·
3216 2422 3302 2474 ίνα
3332 2422 3436 2493 πρὸ
3465 2421 3667 2489 ὀφθαλ-

2012 2519 2126 2589 μῶν
2160 2518 2298 2588 έχων
2324 2516 2390 2569 τὰ
2419 2514 2775 2586 προλαϐόντα,
2805 2510 2880 2582 μὴ
2917 2509 3189 2580 περιπέσῃ
3217 2512 3329 2571 τοῖς
3364 2508 3665 2579 μέλλουσιν.

2008 2607 2130 2659 Ὅτι
2158 2606 2216 2657 δὲ
2263 2604 2465 2674 ταύτην
2497 2602 2625 2671 παρ’
2659 2598 2815 2670 ήμῶν
2849 2601 2877 2652 6
2921 2597 3053 2659 Θεὸς
3095 2597 3317 2649 ἀπαιτεῖ
3362 2595 3460 2666 τὴν
3499 2596 3670 2649 κατά-

2006 2708 2214 2755 στασιν,
2232 2693 2462 2745 ἄκουσον
2481 2686 2644 2741 αὐτοῦ
2665 2687 2911 2755 λέγοντος
2932 2701 2947 2714 ·
2978 2681 3123 2752 Ἐγώ
3148 2685 3264 2751 εἰμι
3283 2685 3315 2735 ό
3334 2681 3668 2750 ἐξαλείφων

2002 2777 2110 2844 τὰς
2151 2777 2438 2846 ἁμαρτίας
2464 2790 2603 2834 σου,
2644 2773 2742 2826 καὶ
2779 2774 2850 2826 οὐ
2880 2771 2967 2842 μὴ
2993 2767 3421 2838 μνησθήσομαι
3441 2784 3454 2799 ·
3488 2766 3569 2821 σὺ
3597 2767 3668 2821 δὲ

1998 2864 2337 2934 μνήσθητι,
2383 2860 2484 2914 καὶ
2537 2858 2858 2928 κριθῶμεν,
2906 2857 3068 2927 λέγει
3122 2857 3366 2924 Κύριος·
3410 2854 3551 2925 λέγε
3583 2855 3665 2908 σὺ

2003 2950 2241 3020 πρῶτον
2270 2950 2377 3014 τὰς
2411 2949 2701 3016 ἁμαρτίας
2732 2957 2870 3007 σου,
2893 2945 2995 2998 ἵνα
3024 2941 3362 3009 δικαιωθῇς.
3391 2943 3504 2995 Οὐκ
3534 2945 3667 2996 ἀνα-

2004 3040 2155 3110 μένει
2182 3040 2210 3091 6
2238 3036 2370 3100 Θεὸς
2408 3037 2598 3107 χρόνον
2629 3034 2719 3086 τὸν
2750 3033 2855 3086 ἀπὸ
2887 3032 2984 3101 τῆς
3020 3030 3302 3101 μετανοίας
3328 3048 3341 3060 ·
3380 3026 3530 3093 εἶπες
3564 3031 3664 3101 τὴν

2000 3124 2273 3197 ἁμαρτίαν
2324 3141 2438 3186 σου,
2484 3119 2837 3189 ἐδικαιώθης·
2887 3118 3236 3189 μετενόησας,
3277 3116 3532 3187 ήλεήθης.
3587 3117 3660 3168 Οὐ

2000 3216 2190 3287 χρόνος
2215 3213 2579 3281 ἀπολογεῖται,
2605 3208 2719 3262 ἀλλ’
2749 3210 2778 3261 6
2804 3207 3002 3277 τρόπος
3026 3205 3116 3258 τοῦ
3149 3203 3533 3274 μετανοοῦντος
3562 3205 3663 3275 τήν

2001 3302 2273 3374 ἁμαρτίαν
2302 3300 2612 3353 σϐέννυσιν·
2647 3296 2761 3348 ἔστι
2795 3294 2889 3347 καὶ
2930 3293 3104 3364 χρόνῳ
3148 3290 3325 3360 πολλῷ
3359 3291 3661 3361 παρεδρεύ-

2002 3406 2171 3443 σαντα
2203 3389 2276 3460 μὴ
2326 3388 2507 3457 τυχεῖν
2545 3382 2851 3455 σωτηρίας,
2885 3382 2977 3434 καὶ
3016 3383 3072 3433 ἐν
3110 3378 3272 3448 ὀλίγῳ
3304 3379 3481 3449 χρόνῳ
3524 3396 3659 3449 γνη-

2002 3478 2129 3540 σίως
2161 3475 2187 3515 ἀ
2226 3472 2763 3544 ἐξομολογησάμενον
2808 3466 3177 3520 ἀποδύσασθαι
3214 3465 3310 3535 τὴν
3361 3464 3657 3534 ἁμαρτίαν.

1998 3564 2169 3619 Πολὺν
2196 3563 2438 3615 ἀνάλωσε
2481 3559 2670 3630 χρόνον
2695 3559 2723 3609 6
2757 3556 3024 3627 μακάριος
3050 3552 3297 3624 Σαμουὴλ
3326 3550 3489 3617 ἀξιῶν
3532 3552 3660 3622 περὶ

1998 3650 2093 3703 τοῦ
2121 3649 2314 3710 Σαοὺλ,
2339 3649 2433 3700 καὶ
2462 3646 2660 3709 πολλὰς
2684 3643 2838 3716 [552]
2868 3642 3065 3704 νύκτας
3090 3641 3334 3711 διήνυσεν
3368 3639 3660 3709 ἀγρυπνῶν

1997 3743 2126 3808 περὶ
2173 3736 2274 3804 τῆς
2324 3734 2419 3787 τοῦ
2460 3735 2876 3804 ἁμαρτήσαντος
2917 3726 3222 3799 σωτηρίας·
3250 3727 3278 3777 6
3320 3725 3377 3777 δέ
3406 3724 3537 3787 Θεὸς
3569 3724 3660 3777 τὸν

1996 3823 2186 3893 χρόνον
2236 3820 2735 3890 παραπεμπόμενος
2762 3818 2855 3884 (οὐ
2901 3816 3004 3884 γὰρ
3039 3813 3335 3882 συνέδραμε
3383 3814 3446 3880 τῇ
3484 3812 3661 3882 ἱκεσίᾳ

1996 3910 2089 3962 τοῦ
2112 3909 2391 3978 προφήτου
2414 3909 2447 3975 ἡ
2477 3906 2734 3975 μετάνοια
2757 3902 2852 3955 τοῦ
2875 3899 3331 3971 ἁμαρτήσαντος),
3349 3895 3494 3963 λέγει
3525 3897 3660 3966 πρὸς

1994 3997 2085 4049 τὸν
2123 3993 2314 4047 ἑαυτοῦ
2352 3994 2671 4063 προφήτην·
2728 3991 2876 4054 Ἕως
2924 3989 3069 4040 πότε
3119 3984 3201 4038 σὺ
3250 3983 3490 4045 πενθεῖς
3527 3984 3657 4050 περὶ

1993 4084 2217 4143 Σαοὺλ,
2265 4080 2427 4149 κάγὼ
2471 4079 2751 4148 ἀπῶσμαι
2790 4077 3016 4140 αὐτόν;
3061 4073 3133 4125 Τὸ
3162 4073 3314 4137 Ἕως
3369 4071 3534 4133 πότε,
3566 4070 3658 4123 τὸν

1996 4170 2186 4241 χρόνον
2218 4168 2490 4229 δείκνυσι,
2522 4167 2616 4219 καὶ
2647 4166 2744 4234 τὴν
2794 4159 3114 4233 παραμονὴν
3145 4159 3237 4211 τοῦ
3285 4157 3641 4219 ἱκετεύοντος

1993 4258 2089 4309 καὶ
2141 4254 2505 4325 ἀπεπέμψατο
2557 4254 2585 4304 6
2641 4250 2775 4314 Θεὸς
2813 4251 2904 4302 τὸν
2950 4248 3136 4319 χρόνον
3168 4246 3268 4312 τῆς
3312 4244 3517 4305 ἱκεσίας
3559 4241 3654 4295 τοῦ

1994 4346 2308 4416 προφήτου·
2346 4343 2408 4394 οὐ
2447 4342 2555 4410 γὰρ
2592 4337 2890 4408 συνέδραμε
2918 4337 2985 4405 τῇ
3020 4331 3282 4404 πρεσϐείᾳ⁵
3314 4331 3407 4383 τοῦ
3444 4329 3653 4382 δικαίου

1994 4433 2026 4501 ή
2066 4431 2322 4501 μετάνοια
2363 4428 2455 4481 τοῦ
2506 4425 2786 4497 βασιλέως.
2832 4421 2922 4492 Τῷ
2954 4420 3009 4473 δέ
3051 4437 3115 4488 γε
3164 4418 3416 4488 μακαρίῳ
3457 4416 3651 4478 Δαυῒδ,

1998 4520 2279 4590 δεξαμένῳ
2303 4517 2393 4570 τὸν
2419 4516 2637 4584 ἔλεγχον
2671 4514 2767 4584 τῆς
2806 4510 3077 4581 ἁμαρτίας
3118 4508 3205 4561 διὰ
3237 4506 3329 4559 τοῦ
3354 4506 3508 4572 ἁγίου
3538 4506 3653 4557 Να-

1997 4608 2096 4662 θᾶν
2125 4606 2220 4660 τοῦ
2258 4606 2561 4675 προφήτου,
2587 4602 2681 4655 καὶ
2722 4599 2924 4662 εὐθέως
2953 4597 3088 4668 πρὸς
3115 4596 3214 4666 τὴν
3264 4594 3490 4662 ἀπειλὴν
3535 4594 3654 4644 ἐπι-

1994 4693 2296 4765 δειξαμένῳ
2321 4692 2418 4763 τὴν
2447 4689 2676 4760 γνησίαν
2697 4685 3049 4757 ἐπιστροφὴν,
3072 4683 3166 4736 καὶ
3188 4682 3411 4743 εἰπόντι,
3440 4681 3652 4749 ’Ἠμαρ-

1995 4800 2099 4836 τον
2122 4782 2200 4848 τῷ
2223 4782 2437 4847 Κυρίῳ,
2468 4778 2667 4840 εὐθέως
2698 4777 2845 4847 ῥῆμα
2868 4774 2924 4826 ἐν
2946 4775 3004 4825 ἐν
3039 4773 3137 4841 μιᾷ
3167 4772 3305 4840 ῥοπῇ
3336 4767 3653 4838 προενεχθέν

1991 4871 2230 4941 γνησίως
2269 4869 2563 4937 ὀλόκληρον
2590 4867 2783 4936 ’ήνεγκε
2812 4861 2887 4930 τῷ
2933 4859 3319 4930 μετανοήσαντι
3351 4854 3446 4922 τὴν
3477 4868 3654 4922 σωτη-

1996 4958 2116 5030 ρίαν
2138 4975 2151 4988 ·
2192 4957 2353 5020 εὐθὺς
2395 4957 2504 5025 γὰρ
2543 4956 2575 5022 ὴ
2605 4951 2886 5021 διόρθωσις
2936 4946 3201 4999 κατέλαϐε
3232 4944 3330 5012 τὴν
3360 4941 3646 5008 ἀπόφασιν.

1989 5026 2130 5114 ᾧησὶ
2165 5044 2297 5113 γοῦν
2343 5042 2477 5113 πρὸς
2508 5040 2666 5092 αὐτὸν
2692 5040 2720 5090 6
2751 5036 2936 5089 Ναθᾶν
2958 5049 2970 5061 ·
3003 5033 3112 5087 Καὶ
3149 5033 3362 5097 Κύριος
3396 5026 3592 5096 ἀφῆκε
3624 5037 3649 5066 ο

1989 5133 2104 5200 τὴν
2134 5130 2428 5200 ἁμαρτίαν
2452 5142 2588 5180 σου.

2064 5232 2207 5300 Ὅρα
2232 5229 2288 5281 δέ
2322 5244 2410 5296 μοι
2438 5226 2525 5278 τὸν
2557 5223 2686 5275 Θεὸν
2717 5221 2912 5293 βραδὺν
2944 5221 3020 5284 εἰς
3048 5217 3336 5289 τιμωρίαν,
3365 5219 3456 5270 καὶ
3484 5215 3651 5286 ταχὺν
3710 5231 3717 5237 '

1988 5322 2067 5381 είς
2129 5316 2432 5386 σωτηρίαν·
2498 5312 2591 5364 καί
2643 5328 2731 5381 μοι
2781 5311 2995 5380 πρῶτον
3033 5308 3319 5378 ἐννόησον,
3368 5308 3514 5368 ὅπως
3562 5303 3652 5358 τὸν

1989 5407 2205 5475 ἔλεγχον
2235 5406 2262 5456 6
2297 5400 2675 5471 φιλάνθρωπος
2711 5397 2850 5469 μετά
2902 5397 3127 5458 πολλοὺς
3178 5399 3492 5466 προσήγαγε
3526 5392 3654 5461 χρό-

1989 5511 2130 5554 νους.
2148 5492 2436 5561 ’Ἥμαρτεν
2460 5490 2487 5540 ὀ
2520 5487 2683 5541 Δαυῖδ
2703 5500 2716 5513 ⁸
2743 5485 3107 5555 ἐκυοφόρησεν
3137 5485 3170 5552 ή
3187 5482 3343 5551 γυνὴ,
3366 5479 3460 5532 καὶ
3479 5478 3653 5542 οὐδεὶς

1989 5581 2209 5648 ἔλεγχος
2266 5579 2332 5647 τῇ
2385 5576 2630 5646 ἁμαρτίᾳ
2676 5571 3193 5644 παρηκολούθησεν,
3234 5568 3367 5621 ἀλλὰ
3419 5565 3554 5635 μετὰ
3593 5565 3655 5617 τὸ

1995 5666 2350 5737 ἁποτεχθῆναι
2383 5664 2443 5717 τὸ
2488 5662 2685 5733 βρέφος
2717 5661 2777 5714 τὸ
2818 5663 2882 5713 ἐκ
2912 5659 3011 5727 τῆς
3057 5656 3360 5726 ἁμαρτίας,
3395 5651 3655 5706 ἀποστέλ-

1991 5755 2143 5808 λεται
2174 5756 2203 5807 6
2255 5751 2434 5822 ἰατρὸς
2478 5749 2578 5818 τῆς
2610 5747 2904 5819 ἁμαρτίας.
2931 5744 3028 5801 Διά
3072 5744 3124 5795 τί
3162 5741 3219 5795 δὲ
3268 5741 3655 5812 ἁμαρτήσαντα

2061 5845 2083 5873 ο
2112 5840 2259 5891 Savil.
2285 5845 2336 5888 el
2359 5851 2483 5887 unus
2505 5838 2628 5897 Reg.
2654 5833 2893 5895 νοθεύσῃς.

2058 5905 2081 5941 τι
2112 5903 2247 5952 L'uus
2268 5902 2387 5960 Reg.
2415 5901 2495 5946 καὶ
2532 5892 2882 5960 ἐν’ἀθρὸα-ροπῇ
2904 5892 3105 5953 γνησίως

2062 5970 2085 5997 ⁸
2111 5966 2232 6026 Reg.
2263 5958 2389 6011 umis
2408 5961 2575 6024 Κύριος
2594 5958 2901 6021 παρεϐίεασε.
