4100 6434
493 399 598 454 5'39

494 512 697 578 εὐθέως
728 514 789 567 06
830 512 1205 585 διωρθώσατο;
1260 509 1479 582 Ἐπειδὴ
1514 505 1653 564 οἶδεν
1700 510 1759 563 ἐν
1792 510 1913 572 ταῖς
1961 507 2166 577 ἀκμαῖς
2194 533 2207 544 ~

496 599 605 653 τῶν
632 600 1045 672 ἁμαρτημάτων
1070 597 1487 668 τυφλώττουσαν
1515 598 1614 669 τὴν
1649 595 1827 668 ψυχὴν
1856 594 1964 648 τῶν
1990 596 2168 665 ἁμαρ-

497 689 785 749 τανόντων,
818 689 949 740 διότι
983 687 1377 755 ἐκκεκώφωται
1406 685 1473 739 τὰ
1500 680 1617 739 ὦτα
1651 685 1761 739 τῶν
1803 681 2171 755 βεϐαπτισμέ-

497 792 605 828 νων
624 777 679 827 ἐν
717 774 793 844 τῷ
826 774 979 845 βάθει
1018 776 1117 846 τῆς
1160 774 1455 846 ἁμαρτίας.
1501 772 1881 846 ’Υπερτίθεται
1909 766 2001 824 οὖν
2042 770 2170 839 φλε-

501 862 783 931 γμαίνοντι
815 864 894 934 τῷ
931 862 1094 917 πάθει
1141 863 1443 935 προσάγειν
1474 863 1573 934 τὴν
1613 861 1884 933 βοήθειαν,
1912 859 2006 912 καὶ
2035 856 2171 929 μετά

464 950 751 1004 τοσοῦτον
812 952 1003 1023 χρόνον
1046 953 1075 1005 6
1121 950 1343 1021 ἔλεγχος
1388 950 1787 1021 προσέρχεται·
1840 948 1933 1000 καὶ
1976 948 2034 998 ἐν
2076 946 2174 1016 μιᾷ

502 1036 694 1107 καιροῦ
733 1039 874 1110 ῥοπῇ
931 1040 963 1110 ἡ
1022 1038 1281 1110 μετάνοια
1331 1039 1426 1092 καὶ¹
1475 1039 1508 1107 ἡ
1561 1038 1772 1105 ἄφεσις.
1808 1034 1917 1089 Καὶ
1960 1034 2175 1099 Κύριος

499 1120 699 1188 ἀφῆκε
730 1120 844 1189 τὴν
872 1122 1168 1190 ἁμαρτίαν
1195 1138 1329 1176 σου.
1351 1122 1415 1174 Ὢ
1439 1121 1540 1190 τῆς
1567 1118 1879 1183 οἰκονομίας
1902 1116 1996 1169 τοῦ
2025 1117 2177 1168 άπειο

500 1207 786 1276 λήσαντος.
827 1209 989 1281 Ὁρᾷς
1020 1209 1103 1262 61:
1138 1210 1264 1275 ὀξὺς
1303 1211 1383 1273 είς
1417 1207 1725 1277 σωτηρίαν;
1755 1205 1923 1262 Τοῦτο
1954 1203 2049 1258 καὶ
2082 1203 2176 1255 ἐπὶ

500 1296 611 1350 τῶν
637 1296 813 1351 ἄλλων
846 1301 1009 1364 ποιεῖ,
1043 1297 1323 1369 βραδύνων
1356 1296 1455 1366 μὲν
1486 1295 1620 1367 πρὸς
1645 1293 1982 1365 καθαίρεσιν,
2011 1292 2175 1361 ταχύ-

502 1400 611 1437 νων
656 1384 713 1437 δὲ
761 1385 898 1456 πρὸς
932 1384 1237 1456 ἀντίληψιν.
1275 1380 1490 1437 Οἷόιντι
1525 1383 1695 1451 λέγω·
1736 1382 1820 1449 ἐφ’
1864 1380 2020 1452 ήμῶν
2066 1378 2176 1432 τῶν

503 1464 805 1542 ἀνθρώπων
835 1471 921 1525 διὰ
957 1471 1167 1525 πολλῶν
1206 1472 1413 1543 χρόνων
1434 1469 1505 1523 τά
1534 1486 1808 1539 κτισματα
1832 1465 2177 1522 κατασκευά-

505 1556 676 1621 ζεται,
701 1560 797 1612 καὶ
828 1559 887 1611 ἐν
917 1558 1097 1630 πολλῷ
1134 1559 1309 1630 χρόνῳ
1334 1558 1588 1627 κτίξομεν
1612 1554 1759 1610 οἷκον
1777 1572 1795 1588 ·
1820 1556 1914 1608 καὶ
1945 1555 2043 1623 τῆς
2079 1552 2178 1624 μὲν

505 1643 795 1713 οἰκοδομῆς
820 1643 987 1707 πολὺς
1014 1646 1043 1696 6
1083 1645 1290 1716 χρόνος,
1321 1644 1420 1713 τῆς
1451 1643 1508 1695 δὲ
1557 1641 1932 1712 καθαιρέσεως
1977 1640 2177 1707 ὀλίγος.

522 1728 645 1781 Ἐπί
688 1728 744 1781 δὲ
789 1729 883 1781 τοῦ
930 1730 1064 1782 Θεοῦ
1110 1729 1170 1782 τὸ
1216 1728 1521 1782 ἀνάπαλιν·
1559 1728 1689 1781 ὅταν
1729 1726 1927 1798 κτίζῃ,
1969 1726 2181 1796 ταχέως

509 1813 715 1878 κτίζει·
753 1815 880 1868 ὅταν
919 1816 1292 1887 καταστρέφῃ,
1322 1815 1563 1886 βραδέως
1585 1815 1974 1884 καταστρέφει.
1999 1811 2182 1882 Ταχὺς

508 1905 537 1955 6
566 1901 699 1965 Θεὸς
737 1899 969 1965 κτίζων,
997 1902 1195 1972 βραδὺς
1247 1903 1672 1974 καταστρέφων·
1709 1902 1897 1974 ἐπειδὴ
1948 1899 2068 1971 Θεῷ
2115 1900 2183 1955 τὰ

507 1988 599 2041 δύο
644 1988 957 2059 πρέποντα·
1003 1989 1095 2042 καὶ
1142 1989 1250 2060 γὰρ
1299 1990 1496 2054 ἐκεῖνο,
1522 1990 1825 2060 δυνάμεως,
1858 1988 1954 2041 καὶ
1997 1986 2179 2052 τοῦτο,

509 2074 871 2146 ἀγαθότητος·
900 2075 967 2128 δι’
1000 2074 1305 2146 ὑπερϐολὴν
1336 2076 1619 2148 δυνάμεως
1646 2077 1835 2147 ταχὺς,
1866 2074 1955 2129 διὰ
1981 2074 2183 2145 πολλὴν

508 2162 823 2231 άγαθότητα
865 2162 1092 2233 βραδύς·
1135 2161 1358 2232 ἔλεγχος
1386 2163 1444 2215 δὲ
1488 2163 1597 2216 τῶν
1638 2165 1921 2235 ῥημάτων,
1956 2165 1988 2234 ἡ
2020 2165 2183 2233 πεῖρα

508 2244 618 2298 τῶν
652 2246 1013 2317 πραγμάτων.
1064 2246 1153 2299 Ἐν
1193 2244 1253 2311 ἐξ
1284 2245 1519 2317 ἡμέραις
1571 2247 1824 2317 ἐποίησεν
1861 2249 1892 2301 6
1919 2246 2053 2310 Θεὸς
2090 2246 2187 2299 τὸν

510 2334 738 2404 οὐρανὸν
779 2334 874 2387 καὶ
909 2336 1008 2405 τὴν
1041 2335 1165 2405 γῆν,
1208 2334 1277 2389 τὰ
1323 2336 1530 2407 μεγέθη
1564 2336 1671 2389 τῶν
1705 2336 1898 2407 ὀρέων,
1941 2334 2044 2397 τὰς
2087 2351 2187 2387 πε-

509 2421 713 2486 διάδας,
752 2423 850 2485 τὰς
897 2422 1223 2492 φάραγγας,
1254 2423 1353 2487 τὰς
1388 2423 1593 2487 νάπας,
1645 2424 1744 2486 τὰς
1771 2422 1922 2487 ὕλας,
1949 2422 2019 2476 τὰ
2057 2421 2185 2492 βλα-

512 2510 797 2581 στήματα,
838 2510 1055 2581 πηγάς,
1103 2512 1414 2581 ποταμοὺς,
1454 2511 1779 2582 παράδεισον
1803 2551 1817 2575 ,
1855 2513 2036 2565 πᾶσαν
2085 2511 2187 2581 τὴν

509 2596 796 2666 ὁρωμένην
822 2596 1118 2657 ποικιλίαν,
1143 2597 1245 2667 τὴν
1278 2596 1548 2651 θάλατταν
1576 2598 1780 2667 ταύτην
1809 2598 1909 2670 τὴν
1946 2597 2186 2669 μεγάλην

511 2684 606 2738 καὶ
631 2683 963 2754 εὐρύχωρον,
995 2683 1092 2747 τὰς
1120 2684 1336 2755 νήσους,
1365 2684 1460 2747 τὰς
1503 2685 1805 2755 παραλίους
1832 2683 2014 2756 χώρας
2035 2724 2049 2748 ,
2091 2684 2188 2739 καὶ

510 2771 611 2833 τὰς
639 2770 987 2840 μεσογείους·
1042 2770 1221 2823 πάντα
1263 2772 1356 2824 τὸν
1406 2771 1684 2843 ὁρώμενον
1731 2771 1919 2826 τοῦτον
1960 2773 2185 2844 κόσμον,

511 2858 607 2912 καὶ
632 2858 694 2910 τὸ
721 2859 778 2910 ἐν
808 2857 953 2929 αύτῷ
975 2857 1195 2923 κάλλος,
1235 2861 1292 2912 ἐν
1320 2858 1379 2925 ἐξ
1418 2860 1655 2930 ἡμέραις
1683 2860 1937 2931 ἐποίησεν
1962 2863 1991 2914 6
2016 2861 2150 2926 Θεός
2168 2877 2183 2892 ·

512 2944 579 2997 τὰ
613 2946 671 2997 ἐν
710 2944 861 3015 αὐτῷ
893 2943 1010 3008 ζῶα
1040 2944 1110 2998 τὰ
1156 2944 1369 3014 λογικὰ,
1400 2946 1494 2999 καὶ
1536 2946 1606 2999 τὰ
1649 2945 1839 3015 ἄλογα,
1872 2947 1969 3001 καὶ
2006 2950 2187 3002 πᾶσαν

511 3031 610 3103 τὴν
637 3032 923 3103 ὁρωμένην
959 3032 1321 3103 διακόσμησιν
1356 3034 1413 3086 ὲν
1443 3032 1502 3098 ἒξ
1543 3035 1778 3106 ἡμέραις
1811 3038 1976 3092 ποιεῖ.
2017 3027 2188 3101 Οὗτος

511 3117 605 3174 οὖν
636 3121 664 3173 6
689 3120 859 3191 ταχὺς
890 3122 971 3184 εἰς
997 3120 1058 3174 τὸ
1090 3120 1316 3185 κτίζειν,
1350 3122 1440 3174 ὅτε
1482 3121 1838 3177 ἐϐουλεύσατο
1867 3125 1995 3194 μίαν
2032 3124 2188 3178 πόλιν

508 3208 783 3273 καθελεῖν,
834 3208 1032 3280 εὑρέθη
1078 3208 1281 3279 βραδὺς
1331 3208 1483 3281 [555]
1525 3209 1592 3262 δι’
1644 3211 1981 3282 ἀγαθότητα.
2030 3212 2187 3266 Θέλει

512 3294 760 3348 καθελεῖν
789 3294 888 3367 τὴν
931 3294 1161 3367 Ἰεριχὼ,
1193 3296 1285 3349 καί
1322 3313 1455 3365 φησι
1486 3296 1626 3367 πρὸς
1652 3298 1743 3351 τὸν
1775 3299 1992 3370 Ἰσραήλ
2013 3316 2029 3330 ·
2069 3303 2187 3353 Κυ-

513 3381 788 3437 κλὼσατε
820 3382 1016 3449 αὐτὴν
1059 3383 1159 3436 ἐπὶ
1205 3382 1358 3437 ἑπτὰ
1404 3383 1659 3453 ἡμέρας·
1706 3386 1805 3439 καὶ
1847 3385 1924 3454 τῇ
1967 3386 2187 3457 ἐϐδόμῃ

513 3471 706 3542 ἡμέρᾳ
751 3473 1024 3527 πεσεῖται
1063 3473 1130 3526 τὸ
1177 3474 1394 3541 τεῖχος.
1450 3475 1554 3527 Τὸν
1606 3475 1810 3545 κόσμον
1854 3477 1973 3529 ὅλον
2022 3479 2080 3531 ἐν
2129 3478 2189 3543 ἐξ

515 3560 753 3631 ἡμέραις
781 3558 1236 3623 κατασκευάζεις,
1256 3560 1351 3613 καὶ
1378 3560 1506 3629 μίαν
1530 3561 1684 3615 πόλιν
1707 3564 1765 3615 ἐν
1789 3563 1929 3616 ἑπτά
1955 3564 2189 3636 ἡμέραις

513 3646 696 3713 λύεις;
726 3646 780 3699 τί
816 3646 927 3715 γὰρ
970 3647 1248 3716 ἐμποδίζει
1286 3664 1380 3699 σου
1427 3652 1492 3719 τῇ
1524 3649 1845 3721 δυναστείας
1875 3651 1962 3704 διά
1999 3652 2050 3704 τί
2080 3652 2191 3724 γὰρ

518 3735 595 3805 μὴ
630 3734 826 3805 ἀθρόον
875 3731 1195 3804 καθαιρεῖς;
1249 3734 1310 3787 ού
1356 3735 1486 3805 περὶ
1529 3734 1623 3788 σοῦ
1678 3737 1707 3789 6
1760 3740 2047 3809 προφήτης
2090 3738 2190 3811 βοᾷ

514 3819 691 3888 λέγων
714 3835 727 3849 ·
771 3818 907 3872 Ἐὰν
929 3817 1188 3887 ἀνοίξῃς
1221 3819 1329 3872 τὸν
1361 3820 1646 3887 οὐρανὸν,
1685 3823 1900 3891 τρόμος
1928 3824 2189 3892 λήψεται

513 3908 633 3962 ἀπὸ
665 3906 780 3961 σοῦ
813 3907 942 3976 ὄρη,
977 3908 1075 3960 καὶ
1117 3907 1486 3973 τακήοτονται
1520 3909 1600 3974 ὡς
1642 3911 1823 3978 κηρὸς
1860 3911 1977 3966 ἀπὸ
2005 3928 2191 3979 προσ-

513 3994 679 4049 ώπου
695 3996 885 4063 πυρός
903 4010 920 4058 ;
945 3994 1007 4047 ού
1029 3994 1097 4047 τὰ
1123 3994 1260 4068 ἔργα
1281 3994 1378 4066 τῆς
1400 3995 1680 4066 δυνάμεώς
1703 4013 1795 4051 σου
1811 3998 2187 4068 διηγούμενος,

516 4082 680 4152 φησὶν
712 4083 740 4133 6
763 4079 946 4145 Δαυῒδ,
980 4082 1063 4135 Οὐ
1091 4083 1548 4151 φοϐηθησόμεθα
1573 4083 1645 4135 ἐν
1670 4081 1751 4148 τῷ
1778 4084 2190 4152 ταράσσεσθαι

513 4169 631 4236 τὴν
663 4167 802 4238 γῆν,
839 4169 939 4222 καὶ
964 4169 1383 4238 μετατίθεσθαι
1417 4169 1524 4239 ὄρη
1559 4172 1630 4224 ἐν
1656 4171 1928 4240 καρδίαις
1958 4175 2186 4227 θαλασ-

513 4254 675 4321 σῶν;
700 4257 840 4328 ’Ὁρη
868 4255 1001 4329 δύνῃ
1029 4255 1308 4328 μεθιστᾷν,
1332 4257 1426 4310 καὶ
1458 4259 1539 4321 εἰς
1568 4257 1842 4313 θάλασσαν
1874 4259 2186 4331 ἐμϐάλλειν,

515 4344 613 4396 καὶ⁵
655 4344 783 4413 μίαν
829 4343 985 4397 πόλιν
1013 4343 1075 4396 ού
1114 4342 1289 4407 θέλεις
1317 4342 1566 4398 καθελεῖν
1598 4345 1986 4414 άντιλέγουσαν
2006 4386 2021 4411 ,
2072 4346 2189 4401 ἀλλ’

516 4431 659 4483 ἐπτὰ
690 4429 904 4502 ἡμέρας
942 4430 1101 4493 δίδως
1128 4432 1195 4501 τῇ
1226 4429 1679 4501 καθαιρέσει;διὰ
1711 4432 1796 4498 τίς
1830 4433 1941 4503 Ούχ
1967 4435 2005 4505 ἡ
2032 4432 2192 4488 δύνα-

519 4534 633 4587 μις,
681 4516 868 4587 φησὶν,
913 4519 1123 4580 ἀτονεῖ,
1159 4516 1273 4569 ἀλλ’
1320 4519 1354 4587 ἡ
1400 4518 1779 4590 φιλανθρωπία
1823 4520 2186 4591 μακροθυμεῖ.

515 4603 719 4673 Δίδωμι
748 4602 888 4655 ἑπτά
909 4602 1145 4674 ἡμέρας,
1182 4603 1259 4667 ὡς
1289 4606 1355 4675 τῇ
1378 4604 1564 4658 Νινευῖ
1596 4608 1744 4677 τρεῖς
1774 4606 1987 4678 ἡμέρας
2009 4621 2025 4637 ·
2063 4607 2192 4672 ἴσως

514 4690 726 4755 δέξεται
755 4691 1016 4762 κήρυγμα
1057 4691 1364 4761 μετανοίας,
1402 4694 1497 4745 καὶ
1536 4693 1859 4765 σωθήσεται.
1884 4694 1994 4748 Καὶ
2043 4696 2127 4759 τίς
2162 4699 2192 4750 6

516 4777 802 4849 κηρύττων
824 4777 1005 4840 αὐτοῖς
1026 4777 1125 4849 τὴν
1157 4778 1474 4848 μετάνοιαν;
1513 4780 1769 4851 Πολέμιοι
1794 4780 1893 4852 τὴν
1914 4780 2068 4834 πόλιν
2097 4799 2195 4836 πε-

518 4866 983 4937 ριετειχίσαντοι·
1026 4867 1054 4918 6
1089 4866 1394 4937 στρατηγὸς
1432 4867 1661 4921 ἐκύκλου
1690 4867 1759 4920 τὰ
1803 4868 1954 4938 τείχη
1976 4884 1990 4899 ·
2026 4870 2192 4932 πολὺς

515 4957 545 5007 6
572 4952 758 5022 φόϐος,
797 4953 966 5016 πολὺς
1005 4954 1033 5006 6
1069 4952 1328 5024 θόρυϐος·
1378 4954 1538 5008 ποίαν
1575 4950 1669 5009 οὖν
1697 4957 1884 5019 αὐτοῖς
1926 4955 2044 5010 όδὸν
2091 4957 2193 5027 τῆς

519 5039 808 5109 μετανοίας
831 5037 1110 5110 ἁνέῳξας;
1146 5040 1220 5111 μὴ
1252 5039 1362 5111 γὰρ
1396 5040 1682 5111 προφήτην
1717 5041 2081 5109 ἀπέστειλαςς
2115 5044 2191 5116 μὴ

519 5125 629 5197 γὰρ
671 5126 1064 5197 εύαγγελιστὴν
1119 5127 1433 5197 διεπέμψω,
1481 5129 1555 5199 μὴ
1598 5129 1709 5200 γάρ
1766 5126 1837 5200 ἦν
1883 5147 1970 5195 τις
2009 5133 2193 5199 αὐτοῖς

518 5212 906 5284 ὑποτιθέμενος
937 5214 999 5267 τὸ
1030 5215 1341 5285 συμφέρον;
1372 5217 1501 5279 Ναὶ,
1536 5218 1721 5287 φησὶν,
1755 5214 1900 5289 εἶχον
1935 5219 2084 5273 ἔνδον
2110 5221 2190 5275 δι-

517 5301 786 5355 δάσκαλον
824 5301 923 5372 τῆς
957 5303 1246 5368 μετανοίας
1271 5302 1370 5375 τὴν
1398 5303 1715 5378 θαυμαστὴν
1745 5307 1961 5378 ἐκείνην
1997 5308 2189 5375 Ῥαὰϐ,

520 5389 588 5459 ἡν
620 5388 802 5442 ἔσωσα
824 5388 913 5441 διὰ
936 5390 1247 5459 μετανοίας.
1272 5390 1377 5444 Τοῦ
1409 5391 1574 5446 αὑτοῦ
1596 5388 1664 5464 ἦν
1695 5395 2046 5466 φυράματος·
2078 5396 2192 5449 ἀλλ’

520 5473 707 5544 ἐπειδὴ
732 5471 792 5536 ἐξ
819 5471 983 5525 αὐτοῦ
1010 5472 1109 5525 ούκ
1135 5467 1203 5543 ῆν
1229 5472 1323 5526 τοῦ
1346 5476 1713 5546 φρονήματος,
1745 5478 1843 5530 οὐκ
1867 5477 2194 5549 ἐκοινώνησε

520 5564 586 5632 τῇ
612 5561 861 5633 ἁμαρτίᾳ
886 5562 920 5631 ἡ
957 5561 1032 5632 μὴ
1071 5562 1450 5633 κοινωνήσασα
1479 5565 1545 5634 τῇ
1581 5564 1831 5636 ἀπιστίᾳ.

596 5654 656 5700 ε’.
676 5647 786 5700 Καὶ
808 5648 914 5718 ὅρα
936 5664 1028 5719 μοι
1046 5647 1109 5700 τὸ
1136 5647 1288 5714 ξένον
1313 5650 1411 5719 τῆς
1440 5649 1853 5722 φιλανθρωπίας
1868 5651 2147 5723 κήρυγμα·
2167 5655 2196 5707 6

526 5728 702 5799 λέγων
729 5735 788 5786 ἐν
814 5732 893 5803 τῷ
921 5734 1071 5805 νόμῳ
1090 5750 1103 5764 ·
1133 5737 1217 5789 Οὐ
1244 5737 1615 5805 μοιχεύσεις,
1641 5737 1703 5791 οὐ
1737 5739 2073 5811 πορνεύσεις,
2109 5757 2194 5812 με·

588 5836 612 5871 ⁴
636 5835 762 5899 Reg.
776 5849 914 5887 .unus
939 5844 993 5888 ει
1011 5837 1163 5890 Savil.
1184 5841 1633 5906 περιεστοιχίσαντο.

1305 397 1361 451 s.
1393 368 1698 452 'JOANMS
1735 390 2185 449 cnmsosmm

2288 388 2591 472 ρῐιαιιιερ.
2612 386 3157 445 CONSTANTINOP.

3800 396 3894 451 330

2271 504 2523 558 ταϐαλὼν
2546 504 2606 558 τὸ
2641 503 2793 574 ῥῆμα
2821 502 2910 556 διά
2931 500 3355 571 φιλανθρωπίαν,
3386 500 3485 573 βοᾷ
3515 502 3601 557 διὰ
3624 504 3710 559 τοῦ
3743 525 3889 577 μακα.

2277 594 2391 663 ρίου
2443 593 2651 664 Ἰησοῦ·
2693 592 2877 645 Ῥαὰϐ
2915 592 2953 659 ἡ
2999 591 3190 658 πόρνη
3218 589 3382 655 ζήτω.
3422 591 3623 661 Ἰησοῦς
3663 594 3889 661 ὲκεῖνοςό

2271 680 2431 752 Ναυῆ
2465 682 2580 745 υίὸς
2606 681 2636 733 6
2664 681 2859 749 λέγων,
2896 680 2960 735 Ἡ
2978 682 3169 748 πόρνη
3204 678 3368 745 ζήτω,
3405 680 3563 733 εἰκὼν
3590 677 3656 752 ἦν
3679 683 3762 737 τοῦ
3793 687 3887 739 xu.

2276 769 2391 840 ρίου
2427 768 2602 840 Ἰησοῦ
2667 768 2760 821 τοῦ
2808 768 3079 835 λέγοντος’
3113 767 3331 834 Πόρναι
3370 769 3468 821 καὶ
3511 767 3746 823 τελῶναι
3772 785 3889 841 προ-

2274 855 2533 921 άξουσιν
2559 855 2714 925 ὑμᾶς
2743 858 2830 922 είς
2862 854 2979 922 τὴν
3005 854 3334 919 βασιλείαν
3370 852 3491 907 τῶν
3527 856 3795 922 οὐρανῶν.
3836 859 3887 913 EI

2276 945 2375 1017 ζῇν
2408 945 2633 1014 ὀφείλει,
2654 945 2743 998 διὰ
2763 943 2816 998 τί
2838 943 3008 1014 πόρνη
3031 958 3045 1007 ;
3073 944 3122 996 εί
3150 942 3347 1014 πόρνη,
3364 942 3455 996 διὰ
3477 943 3529 995 τί
3553 943 3717 1015 ζὴτως
3740 943 3886 1014 Λέγω,

2276 1034 2430 1100 φησι,
2460 1032 2560 1103 τὴν
2594 1031 2868 1102 προτέραν
2889 1029 3242 1089 κατάστασιν,
3267 1029 3354 1082 ἵνα
3373 1027 3654 1102 θαυμάσῃς
3680 1030 3766 1102 τὴν
3790 1031 3888 1084 δευ-

2274 1120 2439 1190 τέραν
2486 1120 2836 1189 μετάστασιν.
2864 1118 2972 1170 Καὶ
3005 1117 3059 1170 τί
3090 1117 3336 1187 ἐποίησε,
3361 1118 3543 1186 φησιν,
3570 1118 3603 1187 ἡ
3636 1118 3787 1172 Ῥαὰϐ
3808 1137 3890 1173 σω·

2274 1205 2472 1277 τηρίας
2523 1204 2819 1275 πρόξενονς
2852 1205 2935 1258 ὅτι
2973 1201 3191 1267 ἐδέξατο
3230 1204 3358 1266 106;
3394 1203 3752 1268 κατασκόπους
3779 1206 3892 1274 μετά

2277 1296 2530 1365 εἰρήνης;
2564 1292 2738 1346 Τοῦτο
2777 1291 2871 1346 καὶ
2907 1290 3301 1361 πανδοκεύτρια
3333 1292 3494 1344 ποιεῖ.
3532 1292 3662 1344 Ἀλλ’
3693 1292 3782 1344 οὐκ
3806 1293 3891 1347 ἀπὸ

2276 1381 2376 1449 τῆς
2408 1380 2606 1446 λέξεως
2652 1380 2822 1452 μόνης
2854 1377 3160 1450 καρποῦται
3206 1377 3303 1449 τὴν
3335 1377 3758 1447 σωτηρίαν,ἀλλὰ
3780 1395 3889 1448 προ-

2276 1469 2599 1540 ηγουμένως
2625 1467 2733 1521 ἀπὸ
2769 1467 2868 1537 τῆς
2896 1465 3153 1530 πίστεως,
3186 1466 3281 1519 καὶ
3312 1465 3413 1535 τῆς
3444 1464 3577 1536 πρὸς
3598 1463 3718 1517 Θεὸν
3745 1464 3894 1519 διαθέ-

2282 1573 2440 1620 σεως.
2469 1556 2580 1609 Καὶ
2615 1556 2703 1609 ἵνα
2747 1554 2926 1627 μάθῃς
2967 1554 3065 1625 τὴν
3107 1552 3412 1624 ὑπερϐολὴν
3452 1552 3557 1621 τῆς
3585 1553 3639 1604 ἐν
3676 1551 3795 1622 αὐτῇ
3821 1552 3896 1605 πί-

2283 1660 2472 1707 στεως,
2503 1643 2668 1697 ἄκουε
2697 1642 2867 1712 αὐτῆς
2891 1643 2991 1711 τῆς
3016 1640 3241 1713 Γραφῆς
3272 1638 3628 1709 διηγουμένης
3647 1637 3708 1691 τά
3726 1655 3897 1709 μεμαρ-

2282 1730 2565 1803 τυρημένα
2604 1731 2742 1801 αὐτῇ
2772 1728 3191 1801 κατορθώματα.
3237 1724 3346 1781 Ἦν
3377 1729 3434 1780 ἐν
3473 1727 3712 1799 πορνείῳ,
3743 1726 3898 1795 ὥσπερ

2289 1819 2636 1891 μαργαρίτης
2695 1820 2753 1872 ἐν
2804 1817 3049 1889 βορϐόρῳ
3103 1815 3598 1886 συμπεφυρμένος,
3637 1813 3812 1884 χρυσὸς
3852 1814 3899 1865 ἐν

2285 1905 2444 1977 πηλῷ
2493 1906 2912 1977 διερῤιμμένος,
2958 1903 3119 1967 ἄνθος
3148 1902 3430 1965 εὐσεϐείας
3468 1899 3720 1964 ἀκάνθαις
3759 1918 3899 1970 κεχω-

2287 1992 2503 2063 σμένον,
2525 1992 2753 2064 εὐσεϐὴς
2783 1992 2929 2063 ψυχὴ
2952 1994 3008 2044 ἐν
3032 1989 3286 2052 ἀσεϐείας
3316 1988 3480 2060 χώρῳ
3510 1988 3897 2041 κατεκέκλειστο.

2287 2079 2390 2135 Καί
2421 2098 2509 2152 μοι
2534 2080 2767 2152 πρόσεχε
2790 2080 2881 2133 τὸν
2904 2079 3027 2132 νοῦν
3059 2076 3322 2148 ἀκριϐῶς.
3366 2076 3608 2142 Ἐδέξατο
3630 2076 3743 2138 τοὺς
3764 2091 3897 2126 κατα-

2287 2168 2543 2233 σκόπους,
2585 2168 2677 2221 καὶ
2714 2166 2774 2221 ὃν
2804 2166 3110 2237 προέδωκεν
3146 2163 3364 2235 Ἰσραὴλ
3392 2164 3449 2216 ἐν
3483 2166 3547 2233 τῇ
3582 2164 3774 2238 ἐρήμῳ,
3801 2158 3898 2213 τοῦ·

2284 2273 2378 2309 τον
2405 2254 2674 2327 ἐκήρυξεν
2711 2256 2745 2326 ἡ
2790 2252 2959 2307 Ῥαὰϐ
2990 2255 3050 2306 ἐν
3085 2250 3162 2323 τῷ
3196 2251 3451 2322 πορνείῳ.
3481 2244 3601 2303 ΟῘον
3638 2249 3688 2301 τί
3716 2248 3897 2315 λέγω,ὀ

2299 2342 2517 2415 Ἰσραὴλ
2542 2345 2601 2395 ἐν
2628 2344 2696 2413 τῇ
2728 2342 2946 2413 ἐρήμῳς
2984 2340 3110 2393 Ὅτε
3143 2337 3206 2391 τὸ
3247 2338 3375 2407 ὅρος
3409 2336 3747 2406 ἐπεπλήρωτο
3777 2334 3899 2402 νεφέ-

2285 2429 2406 2501 λης,
2442 2431 2537 2483 καὶ
2575 2428 2798 2499 γνόφου,
2852 2429 2947 2483 καλ⁵
2995 2426 3333 2495 σαλπίγγων,
3375 2427 3468 2479 καὶ
3500 2421 3792 2495 ἀστραπῶν,
3827 2420 3900 2473 καὶ

2285 2517 2397 2571 τῶν
2422 2516 2597 2570 ἄλλων
2626 2516 2932 2587 φοϐήτρων.
2978 2516 3176 2585 ἤκουσε
3205 2514 3360 2586 παρά
3392 2512 3486 2565 τοῦ
3516 2510 3646 2564 Θεοῦ
3680 2512 3738 2562 ἐκ
3770 2507 3900 2576 μέσον

2285 2604 2380 2658 τοῦ
2410 2604 2615 2674 πυρός·
2645 2605 2853 2657 Ἄκουε
2884 2600 3162 2670 Ἰσραήλ·
3190 2603 3407 2671 Κύριος
3433 2603 3465 2654 ό
3490 2601 3630 2664 Θεός
3658 2612 3780 2659 σου,
3808 2595 3901 2649 Κύ-

2279 2709 2412 2761 ριος
2439 2686 2528 2757 εἷς
2554 2691 2729 2745 ἐστιν
2746 2707 2767 2723 ·
2792 2692 2905 2745 οὐκ
2928 2690 3173 2743 ἔσονται
3203 2702 3304 2742 σοι
3333 2687 3457 2742 θεοὶ
3486 2687 3693 2754 ἕτεροι·
3731 2683 3828 2752 ἐγὼ
3848 2683 3902 2735 ἐν

2285 2779 2367 2846 τῷ
2393 2777 2627 2849 οὐρανῷ
2668 2778 2812 2841 ἀνω,
2843 2778 2941 2832 καὶ
2969 2778 3039 2831 ἐν
3066 2775 3144 2845 τῇ
3180 2775 3259 2847 γῇ
3286 2775 3469 2839 κάτω,
3495 2775 3592 2828 καὶ
3613 2771 3765 2841 πλὴν
3787 2766 3902 2839 ἐμοῦ

2290 2866 2434 2933 Θεὸς
2458 2869 2569 2921 οὐκ
2604 2865 2759 2938 [554]
2782 2865 2913 2919 ἐστι
2933 2882 2948 2896 ·
2975 2863 3149 2917 ταῦτα
3172 2862 3388 2917 ἀκούων
3417 2863 3446 2915 6
3486 2861 3707 2933 Ἰσραὴλ,
3743 2859 3901 2928 μόσχον

2288 2955 2578 3027 ἐχώνευσε,
2607 2956 2704 3008 καὶ
2743 2953 2876 3008 Θεὸν
2920 2953 3219 3023 ἡθέτησεν·
3246 2952 3485 3023 ἡγνόησε
3520 2951 3608 3004 τὸν
3653 2949 3898 3017 Δεσπότην,

2287 3042 2510 3112 ἀπέγνω
2532 3041 2623 3095 τὸν
2644 3041 2961 3113 εὐεργέτην,
2995 3039 3090 3093 καὶ
3120 3039 3269 3107 λέγει
3294 3039 3379 3109 τῷ
3413 3038 3651 3109 Ἀαρών·
3682 3036 3902 3099 Ποίησον

2287 3131 2433 3200 ἡμῖν
2467 3130 2660 3196 θεούς.
2712 3130 2775 3182 Et
2822 3127 3005 3192 θεοὺς,
3048 3126 3137 3180 διὰ
3163 3127 3218 3179 τί
3246 3126 3544 3194 ποίησον;
3575 3123 3686 3187 πῶς
3731 3121 3826 3175 θεοὶ
3851 3117 3903 3169 τὰ

2288 3217 2581 3287 γινόμενα;
2635 3213 2820 3278 Οὕτως
2869 3216 2902 3285 ἡ
2942 3214 3111 3267 κακία
3157 3211 3573 3281 τυφλώττουσα,
3617 3208 3740 3279 αύτὴ
3771 3205 3901 3273 ἑαυτῇ

2294 3302 2545 3372 μάχεται,
2575 3301 2671 3354 καὶ
2712 3298 2910 3368 ἑαυτὴν
2946 3297 3215 3367 ἀφανίζει.
3241 3292 3336 3361 Εἷς
3372 3297 3584 3366 ἐγένετο
3613 3295 3807 3366 μόσχος,
3831 3288 3904 3341 καὶ

2291 3389 2391 3461 βοᾷ
2415 3391 2443 3441 6
2468 3388 2760 3459 ἀχάριστος
2795 3386 3011 3457 Ἰσραήλ
3028 3404 3047 3418 ·
3070 3382 3247 3442 Οὗτοι
3275 3388 3330 3439 οὶ
3360 3386 3487 3440 θεοί
3513 3398 3644 3447 σου,
3681 3378 3903 3448 Ἰσραὴλ.

2290 3479 2343 3530 οἱ
2378 3475 2773 3545 ἐξαγαγόντες
2810 3488 2885 3527 σε
2919 3473 2987 3526 ἐκ
3015 3472 3129 3543 τῆς
3160 3473 3486 3542 Αἰγύπτου.
3529 3467 3676 3525 0610:
3711 3470 3753 3520 οἱ
3788 3462 3878 3518 θεοί

2290 3564 2386 3617 ἕνα
2416 3563 2601 3633 βλέπει
2629 3562 2848 3633 μόσχον,
2879 3560 2939 3614 ἓν
2974 3562 3035 3614 τὸ
3063 3561 3347 3630 γινόμενον
3374 3560 3609 3620 εἴδωλον,
3637 3556 3717 3610 διά
3745 3555 3789 3606 τί
3815 3547 3903 3613 οὖν,

2294 3644 2469 3703 Οὗτοι
2502 3650 2556 3701 οί
2585 3648 2711 3701 θεοί
2732 3664 2750 3711 ;
2774 3649 2887 3701 Ἵνα
2918 3646 3084 3717 δείξῃ,
3110 3646 3190 3700 ὅτι
3213 3646 3311 3717 οὐχ
3332 3647 3361 3698 ὃ
3389 3646 3573 3717 βλέπει
3599 3645 3742 3715 μόνον
3771 3653 3905 3709 προσ·

2292 3735 2463 3797 κυνεῖ,
2493 3732 2628 3786 ἀλλά
2655 3731 2946 3786 πολυθεΐαν
2988 3730 3317 3798 φαντάζεται
3337 3746 3352 3759 ·
3386 3731 3487 3801 τὴν
3524 3730 3733 3799 γνώμην
3768 3726 3906 3794 ἑρμη-

2290 3820 2456 3883 νεύει,
2490 3820 2552 3873 ού
2591 3819 2653 3873 τὸ
2692 3819 3013 3889 φαινόμενον
3053 3818 3249 3889 κρίνει.
3278 3818 3399 3871 Ἵνα
3430 3818 3486 3872 δὲ
3514 3819 3591 3880 εἰς
3631 3814 3689 3867 τὸ
3729 3807 3906 3884 προκεί-

2294 3924 2452 3974 μενον
2484 3906 2866 3977 ἐπανέλθωμεν
2895 3906 3079 3971 πάλιν,
3121 3904 3158 3959 ἃ
3185 3906 3417 3976 ῆκουσεν
3450 3903 3675 3977 Ἰσραὴλ,
3708 3902 3733 3954 6
3756 3892 3906 3951 τοσού-

2288 4012 2400 4057 τοις
2427 3993 2958 4065 περιστοιχιζόμενος
2991 3992 3250 4063 θαύμασι,
3277 3992 3375 4046 καὶ
3396 3991 3629 4060 τοσούτῳ
3654 3988 3787 4057 νόμῳ
3808 3998 3907 4034 παι-

2289 4081 2726 4152 δαγωγούμενος,
2775 4080 2871 4135 καὶ
2916 4081 3214 4151 ἠρνήσατο,
3250 4080 3427 4135 ταῦτα
3467 4084 3499 4150 ἡ
3551 4076 3708 4131 Ῥαὰϐ
3739 4076 3904 4127 ἀποκε-

2292 4169 2583 4239 κλεισμένη
2627 4169 2685 4222 ἐν
2742 4166 2819 4238 τῷ
2870 4167 3124 4244 πορνείῳ,
3155 4168 3454 4237 κηρύττει·
3505 4168 3644 4235 λέγει
3686 4162 3784 4232 γὰρ
3817 4159 3905 4244 τοῖς

2291 4257 2691 4319 κατασκόποις·
2729 4255 3027 4324 Ἕγνωμεν
3049 4242 3168 4309 ὅσα
3209 4255 3501 4323 ἐποίησεν
3541 4257 3573 4308 ό
3600 4252 3734 4315 Θεὸς
3773 4242 3905 4315 ὑμῶν

2290 4343 2416 4409 τοῖς
2444 4344 2807 4412 Αἰγυπτίοις.
2840 4343 2898 4396 '0
2923 4343 3172 4406 Ἰουδαῖος
3197 4342 3375 4411 λέγει·
3411 4338 3583 4398 Οὗτοι
3603 4342 3656 4393 οι
3682 4335 3794 4392 θεοί
3814 4346 3904 4386 σου

2293 4434 2348 4485 οι
2376 4430 2772 4500 ἐξαγαγόντες
2800 4446 2873 4485 σε
2902 4431 2970 4484 ἐκ
3002 4428 3114 4499 γῆς
3141 4430 3462 4500 Αίγύπτου,
3488 4429 3580 4483 καὶ
3607 4428 3638 4497 ἡ
3667 4424 3835 4493 πόρνη,
3856 4414 3902 4467 οὗ

2292 4518 2456 4581 θεοῖς,
2492 4518 2626 4571 ἀλλὰ
2660 4516 2778 4587 Θεῷ
2820 4517 3115 4587 ἐπιγράφει
3166 4517 3267 4587 τὴν
3307 4517 3597 4588 σωτηρίαν.
3647 4513 3906 4579 Ἐτνωμεν

2292 4606 2409 4661 ὅσα
2435 4608 2469 4659 ό
2489 4606 2633 4671 Θεὸς
2659 4603 2825 4673 ὑμῶν
2850 4605 3106 4671 ἐποίησε
3137 4603 3261 4670 τοῖς
3271 4604 3611 4673 Αἰγυπτίοις
3627 4600 3691 4653 ἐν
3715 4594 3781 4663 τῇ
3800 4588 3903 4659 ἐρή-

2286 4710 2400 4765 μῳ,
2430 4693 2529 4746 καὶ
2565 4693 2941 4761 ἠκούσαμεν,
2973 4692 3070 4745 καὶ
3094 4690 3276 4758 ἐτάκη
3312 4690 3483 4759 ἡμῶν
3518 4691 3556 4757 ἡ
3590 4684 3799 4753 καρδία.
3825 4674 3902 4765 κίιὶ

2293 4762 2472 4851 ίσχὺς
2503 4780 2573 4833 ἐν
2594 4779 2739 4848 ἡμῖν
2758 4780 2870 4834 οὐκ
2901 4780 3099 4833 ἐστιν..
3113 4780 3418 4848 Ἕγνωμεν
3441 4776 3558 4831 ὅσα
3572 4778 3604 4828 ό
3620 4770 3749 4835 Θεὸς
3772 4762 3904 4851 ὐμῶξ⁵

2288 4846 2563 4937 ἐποίησε.
2603 4846 2831 4929 Βλέπεις
2870 4864 2990 4927 πῶς
3018 4846 3391 4935 ἀναλαμϐάνει
3430 4864 3524 4917 τοῦ
3572 4856 3831 4943 νομοθέτου
3856 4846 3903 4943 τξ

2295 4956 2448 5028 ῥῆμα
2470 4954 2558 5009 διά
2584 4953 2857 5019 πίστεως;
2887 4953 2999 5007 Καὶ
3029 4950 3184 5014 οἶδα,
3215 4952 3304 5005 ὅτι
3343 4955 3376 5006 ό
3404 4950 3545 5016 Θεὸς
3579 4944 3733 5015 ὑμῶν
3842 4942 3903 5031 τφ

2292 5041 2526 5112 οὐρανῷ
2572 5041 2716 5106 ἄνω,
2765 5040 2867 5096 καὶ
2906 5041 2978 5095 ἐν
3008 5038 3084 5109 τῇ
3120 5038 3197 5109 τῇ
3229 5039 3405 5106 κάτω,
3442 5038 3538 5092 καί
3569 5032 3728 5101 πλὴν
3752 5028 3901 5083 αὐτοῦ

2295 5132 2441 5197 Θεὸς
2465 5132 2578 5184 οὐκ
2607 5129 2800 5183 ἔστιν.

2365 5216 2543 5271 Εἰκὼν
2566 5217 2666 5286 τῆς
2701 5214 3084 5285 Ἐκκλησίαςὴ
3118 5213 3286 5267 Ῥαάϐ
3319 5213 3416 5283 τῆς
3441 5227 3569 5265 ποτε
3602 5198 3905 5291 πεφυρμένηξ

2291 5308 2358 5378 τῇ
2389 5303 2615 5376 πορνείᾳ
2660 5303 2768 5356 τῶν
2819 5302 3111 5371 δαιμόνων,
3161 5301 3451 5372 δεχομένης
3473 5298 3528 5351 δὲ
3556 5295 3646 5351 νῦν
3686 5290 3797 5381 τοὺς
3828 5299 3902 5381 ceu

2294 5376 2536 5464 Χριστοῦ
2569 5390 2970 5455 κατασκόπους,
3004 5390 3065 5443 ού
3091 5391 3218 5453 τοὺς
3252 5390 3403 5459 παρά
3454 5382 3620 5455 Ἰησοῦ
3649 5379 3735 5433 τοῦ
3756 5376 3901 5464 Ναὶ)ῆί

2294 5462 2429 5536 ἀλλὰ
2457 5481 2584 5542 τοὺς
2638 5478 2970 5540 ἀποστόλους
3008 5478 3135 5542 τοὺς
3181 5477 3332 5551 παρὰ
3366 5473 3535 5547 Ἰησοῦ
3573 5468 3661 5523 τοῦ
3691 5462 3902 5551 ἀληθινοῦ

2296 5569 2549 5639 Σωτῆρος
2583 5566 3054 5636 ἀπεσταλμένους.
3087 5542 3340 5637 Ἕγνών,
3381 5542 3570 5635 φησὶν,
3609 5557 3691 5609 ὅτι
3723 5554 3753 5605 ό
3788 5542 3905 5639 Θεὸς

2602 5651 2682 5717 τῷ
2720 5627 2956 5722 οὐρανῷ
2984 5627 3127 5718 ἅνω,
3169 5627 3278 5707 ’καὶ
3522 5644 3597 5735 τῇ
3626 5627 3902 5735 κάτω,

2300 5720 2470 5811 πλὴν
2499 5740 2686 5795 αὑτοῦ
2710 5720 2852 5807 Θεὸς
2881 5743 2994 5794 οὐκ
3023 5740 3174 5795 ἔστι.
3200 5739 3386 5794 Ταῦτα
3414 5728 3703 5805 παρέλαϐον
3725 5725 3767 5811 οί
3803 5720 3904 5811 Ἴου·

2301 5831 2457 5898 δαῖοι,
2495 5826 2590 5882 καὶ
2631 5827 2731 5881 οὐκ
2762 5827 3059 5896 ἐφύλαξαν·
3094 5827 3265 5882 ταῦτα
3302 5828 3525 5895 ἤκουσεν
3568 5818 3599 5887 ή
3637 5799 3899 5873 Ἐκκλησίαν
