4100 6456
354 385 458 443 599

334 490 652 561 primordiis
701 496 1021 546 excaecatam
1083 482 1415 556 peccantium
1484 480 1753 544 animam,
1798 477 1927 547 quia

328 587 607 641 -0bturatse
631 592 781 638 erant
801 595 959 636 aures
990 593 1198 642 eorum,
1227 590 1347 631 cum
1387 573 1441 628 in
1461 569 1779 641 profundum
1805 581 1931 637 pec-

328 678 447 732 cati
513 674 744 731 demersi
795 681 996 728 essent.
1057 668 1241 724 lliﬁert
1303 680 1431 734 ergo
1485 660 1709 717 tumenti
1770 657 1932 714 animi

348 769 536 829 morbo
559 766 812 821 auxilium
841 764 1150 827 admovere,
1177 766 1405 830 postque
1439 763 1643 809 tantum
1672 749 1931 821 temporis

347 861 524 933 prodit
566 858 866 923 correctio;
894 865 1051 925 atque
1097 853 1149 907 in
1207 866 1315 905 uno
1359 846 1617 918 temporis
1657 850 1932 898 momento

332 948 655 1023 poenitentia
702 954 757 1001 et
803 944 1068 1001 remissio.
1102 941 1167 996 Et
1217 939 1464 994 Dominus
1521 934 1711 989 dimisit
1741 948 1933 1023 pacm:

345 1019 451 1095 tum
497 1049 658 1093 tuum.
696 1036 741 1092 Ο
779 1033 1231 1105 dispensationem
1277 1023 1686 1084 comminantis!
1740 1019 1932 1077 Viden'

341 1130 485 1200 quod
537 1129 699 1185 velox
751 1127 822 1181 sit
864 1125 931 1180 ad
993 1121 1260 1179 salutem?
1320 1118 1377 1174 ld
1430 1127 1484 1172 et
1532 1117 1585 1170 in
1640 1113 1759 1170 aliis
1807 1110 1933 1166 facit

341 1221 561 1276 tardans
586 1217 801 1289 quidem
849 1215 917 1271 ad
958 1208 1495 1274 destructionem,“
1543 1204 1931 1277 protectionem

342 1327 474 1368 vero
514 1326 826 1382 properans.
855 1307 1096 1378 Exempli
1136 1320 1331 1371 causa,
1363 1300 1502 1372 apud
1547 1313 1646 1354 nos
1687 1296 1932 1353 homines

330 1403 513 1459 multo
530 1411 773 1471 tempore
797 1399 1021 1455 aediﬁcia
1065 1404 1468 1462 construuntur,
1490 1391 1764 1460 multoque
1791 1399 1932 1443 tem-

337 1510 480 1567 .pore
497 1495 715 1550 domum
743 1493 1070 1547 :ediﬁcamus
1098 1507 1113 1544 :
1134 1498 1293 1560 atque
1311 1488 1474 1557 ipsius
1495 1491 1773 1540 structura:
1791 1474 1959 1535 mul-'

334 1597 453 1641 tum
468 1594 557 1641 est
574 1584 852 1654 temporis,
873 1598 1069 1653 parum
1086 1594 1213 1635 vero
1224 1575 1619 1634 destructionis.
1641 1575 1696 1629 la
1715 1574 1822 1628 Deo
1839 1587 1934 1624 au-

343 1687 452 1732 tem
478 1676 806 1731 contrarium
829 1673 1021 1729 accidit
1054 1686 1069 1726 :
1092 1685 1217 1726 cum
1233 1667 1477 1730 aediﬁcat,
1495 1664 1752 1720 velociter
1772 1660 1934 1717 aediﬁ-

338 1779 469 1826 cat:
495 1785 615 1826 cum
642 1768 886 1831 destruit,
910 1764 1058 1819 tarde
1085 1761 1330 1817 destruit.
1346 1757 1517 1814 Velox
1539 1757 1678 1811 Deus
1696 1765 1926 1819 struens,

339 1863 530 1918 tardus
549 1862 769 1918 diruens
787 1878 800 1911 :
819 1859 942 1930 quia
971 1857 1083 1911 Deo
1104 1855 1219 1908 haec
1233 1851 1393 1906 ambo
1407 1849 1730 1905 conveniunt
1759 1865 1772 1900 :
1803 1845 1930 1900 illud

338 1957 486 2011 enim
522 1956 770 2026 potentia:
805 1962 906 2019 est,
932 1951 1034 2006 hoc
1066 1947 1352 2005 bonitatis:
1386 1944 1641 2015 petentia:
1658 1940 1932 1996 excellen-

341 2048 418 2103 tia
440 2047 618 2111 velox,
642 2043 1009 2115 magnitudine
1030 2039 1280 2095 bonitatis
1317 2037 1516 2091 tardus.
1545 2035 1930 2103 Argumentum

337 2137 629 2192 verborum
656 2144 738 2190 est
759 2150 822 2190 ex
831 2132 1085 2205 perientia
1103 2145 1303 2185 rerum.
1324 2128 1429 2182 Sex
1447 2124 1634 2180 diebus
1650 2124 1775 2178 fecit
1793 2122 1931 2176 Deus

338 2228 534 2281 caelum
562 2234 618 2281 et
649 2235 872 2289 terram,
903 2220 1296 2294 magnitudines
1320 2218 1579 2273 montium
1598 2257 1612 2278 ,
1642 2213 1889 2285 planities
1911 2253 1928 2279 ,

337 2320 529 2386 valles,
556 2318 742 2382 saltus,
771 2318 969 2389 sylvas,
1004 2315 1231 2385 plantas,
1264 2310 1456 2375 fontes,
1485 2308 1735 2372 ﬁumina,
1768 2318 1927 2375 para-

337 2410 541 2480 disum,
571 2410 835 2465 visibilem
866 2421 1081 2463 omnem
1105 2405 1418 2459 varietatem
1439 2443 1456 2469 ,
1489 2400 1590 2457 hoc
1634 2414 1786 2455 mare
1812 2413 1929 2453 ma-

337 2518 505 2569 gnum
548 2511 602 2557 et
646 2502 963 2572 spatiosum,
994 2498 1213 2564 insulas,
1238 2495 1534 2549 maritimas
1569 2494 1816 2562 regiones
1837 2532 1852 2557 ,
1876 2499 1931 2546 et

342 2594 809 2657 mediterraneas;
862 2606 1077 2646 omnem
1141 2589 1285 2644 hunc
1346 2587 1608 2642 visibilem
1673 2585 1930 2640 mundum

337 2689 567 2757 ejusque
593 2684 1038 2756 pulchritudinem
1061 2697 1155 2737 sex
1175 2680 1365 2735 diebus
1390 2679 1515 2734 fecit
1532 2680 1670 2734 Deus
1689 2695 1705 2733 :
1727 2678 1932 2732 anima-

338 2778 411 2835 lia
432 2779 484 2832 in
505 2792 570 2833 eo
597 2775 897 2843 rationalia,
919 2784 974 2828 et
1000 2770 1343 2835 irrationalia,
1363 2784 1702 2837 omnemque,
1724 2768 1813 2838 qui
1834 2767 1933 2823 sub

339 2880 616 2941 aspectum
641 2870 802 2935 cadit,
834 2876 1082 2923 ornatum
1122 2880 1216 2920 sex
1246 2865 1435 2920 diebus
1463 2862 1688 2933 perﬁcit.
1719 2861 1815 2915 Hic
1837 2860 1932 2930 igi-

343 2972 435 3018 tur
466 2972 571 3016 tam
599 2961 752 3016 velox
800 2961 857 3015 in
904 2957 1285 3023 construendo,
1330 2971 1449 3010 cum
1499 2954 1822 3009 deliberaret
1861 2952 1930 3007 de

343 3071 450 3110 una
491 3053 814 3110 destruenda
850 3051 1003 3116 urbe,
1048 3050 1231 3105 tardus
1268 3049 1338 3103 ob
1366 3049 1655 3102 bonitatem
1685 3055 1928 3114 repertus

338 3156 448 3201 est.
480 3145 608 3199 Vult
650 3143 1018 3200 Jericbuntem
1064 3141 1297 3205 diruere,
1327 3151 1381 3193 et
1418 3140 1494 3193 ait
1532 3137 1600 3192 ad
1640 3137 1929 3193 lsraelem:

339 3238 564 3292 Circuite
591 3253 702 3291 eam
726 3246 913 3306 septem
943 3235 1136 3298 diebus,
1164 3243 1210 3288 et
1251 3233 1463 3302 septima
1488 3231 1569 3284 die
1589 3231 1735 3285 cadet
1757 3245 1932 3284 murus

343 3328 478 3401 (los.
513 3330 565 3383 6.
589 3330 642 3384 5.
663 3327 742 3399 5).
776 3325 1031 3382 Mundum
1059 3327 1366 3381 universum
1389 3339 1483 3378 sex
1510 3322 1696 3377 condis
1719 3321 1927 3387 diebus,

342 3430 401 3475 et
435 3435 595 3475 uuam
637 3419 825 3475 urbem
884 3428 1090 3487 septem
1134 3417 1324 3471 diebus
1371 3415 1577 3470 solvis?
1607 3413 1735 3484 quid
1785 3421 1928 3466 tuam

344 3510 568 3579 impedit
596 3509 929 3579 potentiam?
956 3523 1053 3564 cur
1080 3522 1199 3562 eam
1240 3501 1461 3576 repente
1507 3520 1613 3560 non
1659 3504 1932 3559 destruis?

343 3615 522 3655 annon
551 3600 619 3655 de
658 3609 711 3656 te
757 3600 953 3654 clamat
996 3598 1286 3668 propheta,
1323 3598 1528 3663 dicens,
1560 3596 1620 3651 Si
1673 3595 1932 3666 aperueris

342 3690 546 3758 ctutum,
575 3701 762 3745 tremor
785 3708 819 3745 a
842 3699 889 3744 te
916 3698 1107 3744 montes
1125 3688 1408 3757 occupabit,
1439 3699 1484 3741 et
1507 3687 1777 3757 liquescent
1800 3687 1931 3740 sicut

340 3797 460 3837 cera
501 3796 534 3835 a
569 3783 701 3851 [acie
740 3782 873 3853 ignis
899 3780 1048 3852 (Isui.
1073 3781 1163 3836 64.
1197 3781 1249 3835 1.
1280 3778 1383 3850 2)?
1411 3793 1588 3832 annon
1635 3776 1797 3830 David
1834 3792 1933 3845 po-

345 3875 528 3931 tentiae
577 3884 679 3929 tuae
726 3890 888 3944 opera
939 3887 1162 3927 narrans
1211 3871 1305 3937 ait,
1335 3869 1457 3924 Non
1486 3868 1769 3923 timebimus
1809 3869 1930 3921 dum

344 3967 627 4021 turbabitur
653 3977 806 4031 terra,
840 3975 887 4018 et
930 3966 1295 4036 transferentur
1332 3970 1527 4015 montes
1551 3961 1606 4014 in
1649 3976 1736 4014 cor
1774 3959 1931 4013 maris

343 4059 516 4131 (Psat.
543 4060 632 4116 45.
656 4062 690 4113 5
715 4059 768 4130 )?
793 4059 1000 4113 Montes
1029 4056 1323 4112 transferre
1343 4065 1398 4111 et
1440 4056 1494 4109 in
1533 4069 1681 4110 mare
1710 4054 1930 4124 injicere

342 4160 518 4222 potes,
549 4162 711 4220 atque
746 4150 934 4205 urbem
971 4165 1130 4204 unam
1171 4156 1553 4218 repugnantem
1591 4162 1697 4201 non
1724 4147 1805 4201 vis
1830 4145 1928 4200 de-

341 4252 585 4308 struere,
617 4242 712 4298 sed
768 4252 974 4312 septem
1021 4242 1137 4296 dies
1183 4240 1393 4295 excidio
1438 4238 1667 4293 tribuis?
1718 4237 1930 4308 quare?

341 4334 460 4390 Non
492 4334 747 4404 potentia,
773 4334 975 4404 inquit,
1020 4331 1220 4398 deﬁcit,
1267 4330 1362 4385 sed
1408 4329 1691 4384 clementia
1731 4329 1931 4384 diutius

342 4426 540 4481 tolerat
566 4443 579 4480 :
610 4426 680 4481 do
708 4435 912 4497 septem
940 4425 1057 4480 dies
1079 4465 1094 4490 ,
1126 4430 1186 4477 ut
1235 4422 1465 4483 triduum
1511 4423 1713 4476 Ninivae
1745 4437 1762 4477 :
1791 4422 1930 4477 forte

338 4517 564 4587 recipiet
591 4518 917 4588 poenitentia:
943 4515 1399 4587 praedicationem,
1432 4523 1486 4570 et
1523 4514 1746 4568 salutem
1799 4529 1930 4569 cou-

337 4618 617 4679 sequetur.
647 4607 717 4662 Et
742 4610 862 4679 quis
887 4608 967 4663 eis
995 4607 1323 4677 poenitentia:
1354 4606 1710 4675 praedicator?
1736 4606 1929 4660 Hostes

340 4701 529 4757 urbem
586 4701 1093 4770 circumsepserant,
1122 4700 1231 4755 dux
1280 4698 1648 4755 circumdabat
1699 4712 1923 4753 muros:

340 4808 567 4864 magnus
620 4803 813 4858 terror,
842 4795 1034 4862 ingens
1074 4791 1332 4846 tumultus
1364 4805 1560 4862 :quam
1619 4805 1748 4860 ergo
1798 4790 1928 4859 ipsis

337 4886 671 4957 paenitentia:
698 4886 840 4940 viam
870 4882 1172 4954 aperuisti?
1193 4898 1320 4938 num
1348 4881 1664 4953 prophetam
1684 4881 1917 4935 misisti?

335 4991 468 5034 num
492 4974 916 5047 evangelistam?
941 4989 1069 5028 nam
1098 4973 1219 5045 quis
1243 4980 1360 5028 erat
1388 4973 1525 5027 inter
1551 4987 1645 5028 eos
1665 5013 1679 5037 ,
1707 4973 1796 5041 qui
1822 4986 1883 5025 ea
1908 5013 1925 5039 ,

337 5084 460 5139 qua;
509 5067 689 5124 facere
743 5066 1074 5130 conveniret,
1120 5065 1467 5135 suggereret?
1508 5064 1703 5129 Etiam,
1734 5063 1924 5133 inquit,

338 5160 607 5216 habebant
635 5161 777 5216 intus
821 5159 1148 5231 paenitentia
1191 5156 1484 5221 doctorem,
1515 5156 1813 5211 mirabilem
1858 5155 1926 5209 il-

335 5255 443 5309 lam
471 5252 681 5319 Rahab,
703 5267 862 5323 quam
882 5267 980 5323 per
999 5249 1365 5321 paenitentiam
1390 5249 1592 5303 salvam
1623 5246 1740 5303 feci.
1771 5246 1926 5317 Ejus-

337 5350 461 5404 dem
485 5355 608 5406 erat
630 5364 845 5416 massm,
877 5346 971 5404 sed
1000 5347 1123 5419 quia
1145 5344 1385 5416 ejusdem
1414 5359 1518 5399 non
1550 5351 1667 5399 erat
1704 5351 1923 5399 senten-

341 5444 450 5511 tiae,
478 5459 585 5500 non
622 5442 1038 5499 communicavit
1067 5448 1305 5513 peccato,
1335 5453 1455 5510 quae
1487 5451 1595 5493 non
1626 5437 1925 5493 communi-

343 5539 489 5594 cavit
514 5535 894 5593 incredulitati.
1812 5618 1815 5621 Ι

408 5631 463 5686 5.
505 5629 574 5683 Et
600 5628 720 5684 vide
744 5627 875 5682 mihi
906 5641 1100 5682 novam
1121 5624 1423 5682 clementiae
1453 5622 1920 5694 praedicationem:

338 5721 425 5782 qui
479 5721 531 5775 in
579 5721 698 5791 lege
750 5718 908 5787 dicit,
942 5717 1065 5774 Non
1091 5718 1417 5774 mwchaberis
1443 5716 1636 5789 (Exod.
1665 5715 1757 5772 20.
1790 5715 1881 5788 14)
1904 5756 1920 5781 ,

337 5826 444 5867 non
499 5812 870 5883 fornicaberis,
904 5812 1005 5870 hoc
1043 5810 1266 5870 verbum
1316 5817 1534 5883 propter
1580 5807 1918 5866 clementiam

1475 361 1569 416 DE.
1606 356 2072 416 PCEMTENTIA.
2112 356 2342 414 HOMIL.
2386 358 2496 414 VII.

3514 362 3619 418 350

2038 482 2252 530 mutans
2275 473 2472 530 clamat
2514 488 2609 544 per
2648 472 2863 529 beatum
2909 473 3091 530 Jesum
3119 491 3134 530 :
3164 473 3346 530 Rahab
3383 479 3619 531 meretrix

2036 570 2166 622 vivat
2198 569 2332 641 (Jos.
2365 570 2418 625 6.
2458 569 2579 640 l7)!
2607 569 2764 625 Jesus
2814 569 2907 625 ille
2964 569 3102 623 ﬁlius
3139 570 3304 638 Nave,
3327 571 3417 641 qui
3467 570 3619 639 dicit,

2037 659 2283 714 Meretrix
2320 661 2471 727 vivat,
2504 661 2676 730 imago
2724 671 2838 716 erat
2887 661 3095 716 Domini
3133 662 3278 727 Jesu,
3311 664 3401 733 qui
3445 664 3618 719 dicit:

2038 748 2327 804 Meretrices
2346 759 2392 803 et
2420 750 2674 819 publicani
2701 750 2982 821 praecedent
3008 767 3094 805 vos
3118 754 3172 808 in
3200 768 3355 824 regno
3377 756 3619 809 caelorum

2035 838 2250 910 (Matth.
2274 840 2364 894 21.
2399 840 2513 909 5i).
2546 840 2600 896 Si
2627 842 2806 896 vivere
2823 842 3001 909 debet,
3024 859 3189 913 quare
3212 845 3472 900 meretrix
3500 847 3621 900 est?

2037 934 2080 988 si
2110 934 2384 997 meretrix,
2413 950 2579 1005 quare
2624 936 2806 990 vivat?
2834 937 2981 1005 Dico,
3010 937 3201 1008 inquit,
3230 940 3461 1008 priorem
3506 949 3616 994 sta-

2037 1033 2301 1094 tum,quo
2346 1036 2658 1095 sequentem
2709 1027 2921 1081 mireris
2969 1029 3336 1084 mutationem.
3379 1030 3446 1085 Et
3491 1030 3615 1101 quid

2034 1113 2186 1181 fecit,
2219 1118 2443 1187 inquies,
2473 1118 2664 1174 Rahab
2693 1120 2832 1189 quod
2878 1120 2943 1174 ad
2991 1122 3214 1175 salutem
3254 1122 3611 1179 conduceret?

2032 1210 2173 1279 quod
2200 1211 2569 1279 exploratores
2594 1226 2714 1266 cum
2754 1227 2884 1281 pace
2905 1214 3242 1283 susceperit?
3270 1214 3383 1269 Hoc
3418 1224 3472 1269 et
3513 1214 3614 1269 ho-

2033 1303 2170 1369 θρίω
2199 1300 2340 1356 facit.
2373 1304 2443 1357 At
2471 1317 2576 1356 non
2616 1318 2681 1358 ex
2719 1303 2839 1358 solo
2886 1319 3133 1359 sermone
3162 1307 3384 1360 salutem
3431 1321 3620 1361 conse-

2033 1395 2249 1464 quitur;
2276 1395 2369 1450 sed
2401 1396 2668 1465 praecipue
2704 1412 2770 1451 ex
2810 1395 2915 1452 ﬁde
2951 1407 3006 1450 et
3033 1397 3225 1453 aﬁ‘ectu
3267 1414 3392 1469 erga
3429 1399 3618 1454 Deum.

2035 1490 2210 1557 Atque
2238 1498 2297 1543 ut
2321 1489 2497 1543 discas
2531 1489 2652 1545 ﬁdei
2681 1490 2825 1545 illius
2850 1491 3292 1562 magnitudinem,
3323 1492 3445 1547 audi
3467 1508 3616 1548 eam-

2034 1580 2154 1635 dem
2183 1582 2351 1650 ipsam
2378 1567 2730 1650 Scripturam,
2757 1583 2874 1652 ejus
2912 1583 3168 1653 praeclara
3211 1595 3360 1653 geSta
3400 1600 3620 1639 narran-

2036 1681 2145 1726 tem
2172 1679 2332 1741 atque
2362 1680 2668 1727 testantem.
2700 1673 2833 1727 Erat
2857 1673 2910 1728 in
2937 1672 3144 1730 fornice
3165 1715 3180 1739 ,
3212 1689 3310 1729 ceu
3338 1676 3622 1746 margarita

2035 1762 2089 1816 in
2109 1777 2264 1817 coeno
2286 1763 2556 1830 volutata,
2584 1779 2771 1818 aurum
2818 1765 3115 1835 projectum
3166 1767 3220 1820 in
3265 1767 3376 1823 luto
3401 1768 3609 1837 jacens,
3660 1825 3669 1832 _

2034 1853 2135 1909 ﬂos
2161 1854 2373 1923 pietatis
2403 1855 2570 1925 spinis
2598 1857 2820 1911 obrutus
2841 1896 2856 1922 ,
2892 1858 2976 1925 pia
3016 1858 3193 1911 anima
3233 1857 3288 1911 in
3333 1859 3623 1927 impietatis

2035 1945 2156 2000 loco
2205 1946 2642 2002 concludebatur.
2672 1948 2904 2004 Mentem
2939 1948 3070 2004 mihi
3098 1948 3385 2019 diligenter
3407 1949 3618 2005 adhibe.

2034 2034 2261 2106 Excepit
2310 2037 2698 2106 exploratores,
2751 2048 2806 2094 et
2854 2054 3015 2109 quem
3063 2040 3295 2110 prodidit
3347 2040 3509 2096 lsrael
3568 2043 3620 2096 in

2035 2126 2289 2195 deserto,
2315 2129 2457 2184 hunc
2506 2130 2815 2199 praedicavit
2863 2130 3049 2186 Itahab
3090 2132 3147 2185 in
3189 2133 3450 2202 lupanari.
3477 2132 3613 2200 Quid

2034 2234 2275 2274 memoro
2326 2220 2489 2275 lsrael
2537 2221 2590 2275 in
2641 2221 2899 2278 deserto?
2926 2223 3059 2278 Cum
3104 2239 3260 2279 mons
3317 2226 3624 2296 replebatur

2033 2311 2177 2366 nube
2218 2318 2275 2367 et
2322 2313 2567 2383 caligine,
2593 2314 2752 2379 tubis,
2778 2314 3068 2385 fulguribus
3095 2357 3111 2382 ,
3141 2317 3365 2388 aliisque
3412 2320 3622 2374 terribi-

2034 2402 2195 2471 libus,
2226 2402 2427 2458 audivit
2455 2419 2483 2457 a
2524 2405 2633 2460 Deo
2676 2404 2745 2460 de
2788 2405 2968 2461 medio
3018 2406 3156 2477 ignis
3188 2425 3202 2461 :
3242 2409 3378 2463 Audi
3407 2408 3576 2465 Israel
3603 2423 3622 2462 :

2035 2491 2287 2548 Dominus
2335 2495 2471 2551 Deus
2524 2506 2660 2563 tuus,
2688 2496 2937 2552 Dominus
2983 2516 3114 2553 unus
3161 2510 3231 2554 est
3257 2500 3434 2573 (Deut.
3465 2502 3518 2557 6.
3541 2502 3622 2572 4).

2036 2585 2159 2640 Non
2185 2597 2330 2641 erunt
2357 2588 2446 2640 tibi
2479 2588 2552 2641 dii
2576 2588 2665 2642 alii
2695 2588 2886 2662 (Exod.
2903 2589 2993 2646 20.
3019 2591 3100 2660 Α).
3132 2590 3243 2663 Ego
3268 2594 3322 2646 in
3346 2594 3469 2647 caelo
3506 2610 3622 2648 sur-

2035 2694 2146 2732 sum
2171 2687 2217 2731 et
2243 2678 2295 2731 in
2326 2687 2463 2732 terra
2487 2678 2741 2743 deorsum,
2765 2690 2812 2735 et
2856 2691 3038 2750 prwter
3091 2699 3170 2736 me
3215 2700 3316 2737 non
3366 2694 3435 2738 est
3484 2683 3627 2739 Deus

2041 2768 2216 2841 (Deut.
2254 2770 2308 2824 4.
2338 2770 2451 2840 59).
2483 2772 2608 2827 llmc
2641 2772 2865 2828 audiens
2892 2773 3055 2828 lsrael
3083 2774 3303 2829 vitulum
3347 2774 3623 2840 conﬂavit,

2037 2862 2310 2931 Deumque
2336 2863 2644 2933 reprobavit
2673 2882 2686 2919 :
2711 2865 2974 2935 ignoravit
2994 2866 3296 2931 Dominum,
3323 2868 3625 2938 repudiavit

2037 2952 2453 3019 benefactorem,
2482 2963 2535 3009 et
2555 2954 2685 3010 dicit
2712 2958 2908 3011 Aaroni
2932 2975 2947 3013 :
2969 2955 3081 3010 Fac
3102 2958 3243 3012 nobis
3271 2958 3407 3014 Deos
3429 2957 3622 3033 (Exod.

2034 3042 2221 3115 52.1).
2240 3044 2298 3100 Si
2318 3045 2411 3110 dii,
2434 3062 2599 3116 quare
2620 3046 2777 3113 dicis,
2806 3049 2929 3121 fac?
2955 3051 3227 3121 quomodo
3252 3051 3346 3118 dii,
3378 3052 3425 3108 si
3456 3054 3625 3108 ﬁant?

2034 3135 2124 3191 Sic
2142 3137 2339 3192 malitia
2370 3148 2661 3207 excarcata,
2689 3153 2870 3194 secum
2899 3142 3013 3210 ipsa
3038 3151 3258 3212 pugnat,
3282 3145 3625 3215 semetipsam

2035 3229 2283 3285 destruit.
2307 3230 2458 3287 Unus
2490 3230 2665 3287 factus
2689 3240 2774 3287 est
2810 3234 3029 3300 vitulus,
3056 3245 3112 3290 et
3153 3235 3349 3291 clamat
3387 3237 3626 3307 ingratus

2036 3320 2198 3376 lsrael
2230 3338 2245 3376 :
2282 3320 2353 3375 Hi
2391 3322 2464 3375 dii
2509 3323 2603 3386 tui,
2629 3321 2828 3391 Israel,
2851 3324 2936 3395 qui
2982 3325 3261 3380 eduxerunt
3304 3336 3351 3381 te
3388 3328 3450 3382 de
3492 3338 3626 3384 terra

2035 3411 2473 3485 nggptHExod.
2521 3415 2609 3469 52.
2632 3415 2708 3486 4).
2740 3414 2812 3469 Hi
2850 3416 2968 3471 dii:
2994 3433 3156 3472 unum
3196 3418 3339 3475 videt
3378 3420 3623 3487 vitulum,

2037 3520 2201 3560 unum
2223 3506 2418 3561 factum
2446 3504 2689 3573 idolum;
2720 3523 2814 3562 cur
2834 3522 2962 3578 ergo
2988 3511 3040 3564 lii
3073 3512 3189 3565 dii?
3227 3510 3294 3567 Ut
3319 3513 3626 3568 ostenderet

2035 3609 2095 3650 se
2124 3612 2230 3651 non
2259 3597 2421 3653 modo
2450 3598 2501 3653 id
2532 3598 2673 3668 quod
2698 3597 3177 3668 videbatadorare,
3205 3602 3299 3657 sed
3321 3613 3376 3658 et
3400 3602 3625 3659 deorum

2037 3687 2396 3755 pluralitatem
2430 3690 2780 3762 conﬁngere:
2808 3694 3131 3748 sententiam
3162 3708 3313 3748 suam
3355 3694 3625 3765 interpre-

2039 3786 2199 3844 tatur,
2230 3796 2338 3835 non
2376 3792 2553 3838 autem
2607 3782 2658 3837 id
2687 3784 2827 3853 quod
2857 3785 3068 3840 videtur
3085 3782 3307 3854 judicat.
3341 3783 3412 3840 Ut
3446 3796 3625 3841 autem

2035 3870 2103 3923 ad
2133 3871 2466 3941 propositum
2514 3881 2868 3940 revertamur,
2906 3890 3027 3944 quia
3074 3874 3274 3929 audivit
3316 3874 3515 3941 lsrael,
3546 3885 3626 3931 tot

2033 3964 2422 4033 circumseptus
2475 3968 2770 4034 portentis,
2797 3976 2853 4022 et
2906 3975 3050 4022 tanta
3093 3966 3328 4021 imbutus
3376 3967 3528 4038 lege,
3572 3977 3626 4023 et

2037 4064 2216 4110 tamen
2243 4055 2473 4125 negavit,
2507 4056 2622 4111 hzec
2643 4056 2829 4112 Rahab
2856 4059 2908 4113 in
2936 4057 3178 4130 lupanari
3207 4057 3408 4114 inclusa
3434 4059 3625 4127 praedi-

2036 4156 2121 4199 cat
2153 4164 2167 4200 :
2199 4146 2330 4201 dicit
2357 4146 2499 4201 enim
2522 4147 2952 4217 exploratoribus
2975 4189 2990 4212 ,
3015 4147 3265 4202 Nouimus
3291 4159 3480 4217 quanta
3501 4149 3620 4220 fecit

2036 4235 2174 4290 Deus
2219 4248 2378 4292 vester
2429 4237 2694 4309 digypliis
2723 4238 2858 4308 (Jos.
2890 4240 2943 4294 2.
2972 4239 3049 4311 9).
3077 4238 3293 4295 JUdLI‘llS
3334 4240 3500 4307 dicit,
3549 4239 3623 4294 lli

2033 4324 2150 4381 sunt
2188 4328 2260 4381 dii
2302 4328 2394 4395 tui,
2423 4329 2509 4395 qui
2550 4330 2831 4382 eduxerunt
2872 4340 2918 4382 te
2944 4329 3006 4383 de
3034 4339 3166 4384 terra
3187 4328 3406 4400 Aigypti
3427 4328 3622 4398 (Exod.

2035 4421 2125 4475 52.
2148 4422 2203 4492 4)
2229 4436 2244 4486 ;
2271 4429 2328 4477 et
2353 4425 2608 4476 meretrix
2637 4438 2743 4477 non
2767 4421 2890 4488 diis,
2916 4421 3007 4477 sed
3033 4422 3144 4477 Deo
3170 4422 3396 4477 salutem
3424 4421 3625 4477 adscri-

2036 4513 2111 4567 bit
2136 4531 2150 4565 :
2182 4513 2430 4567 Nouimus
2450 4524 2638 4584 quanta
2665 4512 2808 4569 Deus
2832 4524 2991 4568 vester
3011 4514 3126 4583 fecit
3154 4513 3419 4586 Egyptiis
3447 4515 3500 4568 in
3528 4515 3620 4568 de—

2035 4614 2167 4659 serto
2193 4647 2209 4671 ,
2240 4614 2286 4659 et
2317 4608 2601 4660 audivimus
2620 4646 2636 4672 ,
2670 4616 2716 4660 et
2761 4608 3087 4679 liquefactum
3134 4617 3207 4661 est
3237 4624 3327 4661 cor
3369 4617 3619 4673 nostrum,

2036 4706 2083 4750 et
2126 4696 2367 4766 fortitudo
2415 4714 2515 4751 non
2561 4708 2633 4751 est
2685 4700 2737 4751 in
2768 4697 2930 4752 nobis.
2972 4696 3223 4752 Nouimus
3270 4706 3460 4769 quanta
3508 4698 3626 4769 fecit

2036 4788 2174 4843 Deus
2195 4799 2370 4844 vester.
2403 4788 2566 4844 Vides
2608 4791 2876 4859 quomodo
2923 4789 3113 4859 recipit
3151 4789 3472 4858 legislatoris
3502 4804 3625 4843 ver-

2037 4878 2162 4933 bum
2218 4895 2312 4950 per
2351 4879 2552 4935 ﬁdem?
2582 4878 2649 4934 Et
2690 4880 2806 4933 novi
2842 4880 2977 4951 quod
3022 4880 3160 4934 Deus
3190 4889 3350 4933 vester
3395 4880 3449 4933 in
3500 4879 3623 4933 cwlo

2037 4988 2276 5038 sursum,
2303 4974 2427 5027 etin
2465 4981 2600 5026 terra
2636 4972 2872 5026 deorsum
2904 4981 2993 5026 :et
3022 4981 3204 5042 preter
3253 4988 3369 5026 eum
3413 4988 3515 5026 non
3552 4980 3624 5026 est

2038 5063 2198 5120 Deus.

2110 5158 2291 5213 Rahab
2322 5157 2564 5213 Ecclesia:
2602 5158 2792 5228 ﬁgura.
2813 5188 2886 5199 ——
2911 5156 3095 5212 Bahab
3115 5166 3197 5214 est
3230 5159 3399 5228 figura
3435 5155 3625 5213 Eccle-

2037 5247 2133 5304 siae
2161 5250 2214 5304 in
2261 5247 2613 5303 fornicatione
2655 5248 2957 5303 daemonum
2998 5248 3127 5302 olim
3164 5248 3451 5315 volutatis,
3483 5263 3625 5304 nunc

2037 5355 2169 5396 vero
2218 5340 2415 5395 Christi
2467 5339 2832 5410 exploratores
2878 5338 3244 5411 suscipientis,
3268 5355 3377 5395 non
3416 5355 3447 5392 a
3494 5338 3623 5393 Jesu

2030 5433 2177 5491 Nave
2199 5433 2333 5501 ﬁlio,
2360 5432 2453 5488 sed
2480 5447 2510 5487 a
2540 5433 2666 5489 Jcsu
2693 5448 2824 5489 vero
2853 5434 3145 5489 Scrvatore
3173 5432 3368 5487 missos
3394 5441 3615 5499 apostov

2031 5526 2135 5582 los.
2159 5525 2312 5593 Novi,
2344 5526 2551 5596 inquit,
2581 5525 2716 5597 quod
2747 5525 2881 5580 Deus
2902 5534 3061 5581 vester
3083 5526 3137 5579 iu
3165 5523 3290 5578 cado
3318 5538 3552 5589 sursum,
3573 5539 3615 5577 et

2030 5619 2087 5673 in
2133 5629 2267 5673 terra
2291 5617 2527 5672 deorsum
2561 5633 2581 5672 :
2606 5628 2652 5672 et
2681 5626 2865 5689 prater
2891 5633 3004 5671 eum
3046 5632 3149 5669 non
3197 5623 3271 5669 est
3312 5612 3453 5668 Deus
3483 5602 3622 5684 (fas.

2031 5709 2087 5767 2.
2122 5710 2234 5785 11).
2270 5710 2394 5765 llaec
2416 5718 2742 5779 acceperunt
2770 5708 2960 5768 Judmi.
2993 5716 3050 5764 et
3088 5721 3192 5761 non
3216 5707 3618 5761 custodierunt:

2035 5803 2152 5860 haec
2208 5801 2409 5859 audivit
2446 5801 2685 5860 Ecclesia
2712 5842 2727 5869 ,
2780 5810 2836 5857 et
2880 5800 3199 5856 observavit.
3252 5799 3415 5876 Digna
3468 5798 3616 5870 igitur
