4100 6422
563 356 660 410 531

559 467 704 521 omni
735 458 890 519 laude
918 461 1120 521 Rabab.
1150 459 1402 516 Ecclesia:
1427 461 1619 526 imago.
1653 458 1828 523 Quare
1854 469 2146 526 generosus

564 561 758 615 Paulus
797 572 916 613 cum
949 556 1066 623 ejus
1121 553 1242 608 ﬁdei
1295 551 1607 622 dignitatem
1653 549 1993 609 edidicisset,
2045 563 2150 602 non

561 667 682 707 eam
712 648 992 718 reprobam
1023 654 1216 717 putans
1255 644 1325 699 ob
1361 644 1591 713 priorem
1620 651 1814 695 statum
1835 682 1848 706 ,
1879 641 1970 695 sed
2001 654 2154 692 acce-

557 741 808 813 ptabilem
826 740 895 794 ob
915 739 1150 794 divinam
1171 737 1541 800 mutationem,
1557 750 1673 790 eam
1695 736 1892 786 sanctis
1909 731 2154 784 omnibus

557 842 914 891 conuumerat
938 851 950 885 :
977 842 1030 886 et
1061 842 1344 902 postquam
1371 829 1600 892 dixerat,
1628 825 1760 880 Fide
1797 825 1921 879 Abel
1955 823 2155 891 sacri/i-

557 928 694 979 cium
737 925 933 988 obtulit,
963 924 1064 990 ﬁde
1085 923 1341 976 Abraham
1387 923 1488 975 hoc
1533 929 1588 974 et
1639 917 1766 972 illud
1819 915 2149 986 fecit(ﬂebr.

559 1018 656 1072 11.
677 1013 734 1086 4)
753 1057 766 1078 ,
809 1015 913 1069 fide
937 1013 1052 1069 Noe
1091 1029 1268 1068 arcam
1302 1011 1448 1078 fecit,
1479 1010 1583 1064 ﬁde
1605 1009 1816 1082 Moyses
1845 1009 1958 1061 hare
1985 1017 2039 1063 et
2066 1006 2152 1061 illa

558 1107 819 1178 prmclare
869 1115 1016 1175 gesta
1073 1105 1279 1167 edidit;
1334 1119 1399 1158 ac
1453 1103 1650 1156 multos
1701 1101 1896 1155 deinde
1939 1109 2153 1154 sanctos

554 1211 951 1257 memoraverat
1011 1198 1224 1254 tandem
1255 1196 1483 1266 adjecit,
1515 1195 1649 1249 Fide
1695 1195 1871 1249 Rahab
1920 1195 2156 1249 meretrix

556 1309 660 1347 non
687 1293 834 1362 periit
860 1308 976 1345 cum
1000 1289 1294 1354 incredulis,
1318 1289 1662 1356 exploratores
1688 1287 1961 1352 excipiens,
1985 1293 2031 1336 et
2051 1285 2154 1338 alia

556 1387 638 1440 via
666 1385 922 1439 remittens
952 1382 1134 1452 (Hebr.
1169 1382 1255 1434 11.
1285 1381 1398 1452 Si).
1432 1379 1502 1433 Et
1538 1379 1659 1433 vide
1687 1377 1954 1448 quomodo
1990 1377 2152 1430 multa

558 1494 682 1532 cum
733 1477 994 1547 sapientia
1045 1473 1429 1528 humanitatem
1483 1479 1626 1526 tuam
1695 1469 2150 1538 attemperaverit.

557 1567 693 1625 Nam
719 1583 842 1622 cum
869 1582 896 1620 a
924 1581 1051 1636 rege
1080 1567 1228 1620 missi
1265 1573 1389 1618 sunt
1420 1564 1508 1633 qui
1537 1563 1911 1630 exploratores
1940 1560 2154 1630 perqui-

561 1669 743 1715 rerent
762 1701 777 1726 ,
810 1659 993 1713 dicunt
1013 1659 1084 1724 ei,
1111 1658 1172 1712 Si
1198 1657 1413 1728 ingressi
1437 1667 1552 1710 sunt
1582 1655 1650 1708 ad
1675 1665 1721 1709 te
1746 1655 1840 1708 viri
1858 1653 1991 1724 (los.
2020 1654 2074 1706 2.
2096 1655 2149 1708 5.

559 1750 617 1820 4)
638 1753 661 1799 ‘t
683 1749 957 1818 respondit
982 1751 1060 1803 eis
1085 1790 1100 1815 ,
1130 1749 1300 1802 Etiam
1331 1749 1554 1817 ingressi
1578 1757 1721 1801 sunt.
1751 1746 1932 1800 Primo
1957 1746 2154 1802 verita-

562 1848 669 1893 tem
697 1840 944 1904 aediﬁcat,
964 1847 1122 1908 atque
1149 1839 1219 1893 ita
1247 1838 1586 1894 mendacium
1613 1839 1830 1892 inducit.
1855 1839 2150 1908 Numquam

557 1929 702 1984 enim
732 1929 1064 1984 mendacium
1099 1945 1190 2000 per
1207 1945 1266 1984 se
1283 1931 1537 1993 creditur,
1569 1931 1669 1984 nisi
1694 1931 1972 1984 veritatem
2006 1930 2154 1998 prius

558 2021 847 2075 ostendere
873 2022 1234 2091 occupaverit.
1270 2021 1394 2076 Ideo
1420 2022 1509 2092 qui
1530 2021 1691 2076 modo
1721 2021 1787 2074 ad
1831 2019 2153 2089 persuaden-

557 2111 685 2166 dum
719 2121 842 2182 aplo
877 2113 1224 2180 mentiuntur,
1269 2115 1443 2183 primo
1489 2128 1613 2166 vera
1653 2112 1840 2166 dicunt
1878 2121 2036 2181 atque
2063 2129 2148 2181 ea,

556 2221 678 2275 qu:e
707 2204 848 2276 apud
872 2221 1062 2260 omnes
1102 2207 1153 2260 in
1185 2205 1434 2261 confesso
1478 2213 1638 2270 sunt;
1670 2219 1734 2260 ac
1757 2205 1952 2260 deinde
1997 2221 2152 2260 nien-

556 2297 706 2353 dacia
737 2307 792 2352 et
817 2297 976 2353 dubia
1009 2299 1283 2352 inducunt.
1319 2299 1546 2369 lngressi
1577 2307 1702 2353 sunt
1727 2299 1792 2352 ad
1824 2308 1875 2353 te
1903 2299 2152 2368 explora-

557 2398 706 2445 tores
732 2391 756 2442 ?
778 2391 1089 2459 respondet,
1127 2392 1318 2444 Etiam.
1351 2391 1407 2445 Si
1439 2392 1582 2444 enim
1620 2406 1649 2443 a
1675 2391 1940 2460 principio
1985 2389 2151 2444 dixis-

557 2491 661 2545 set,
686 2481 823 2547 Non,
852 2483 916 2535 ad
945 2482 1261 2537 scrutinium
1290 2491 1638 2552 provocasset
1666 2497 1780 2545 eos,
1803 2483 1892 2550 qui
1923 2481 2151 2534 advene-

558 2581 698 2628 rant.
716 2572 843 2638 Sed,
869 2574 936 2627 Et
955 2573 1178 2644 ingressi
1204 2581 1348 2636 sunt,
1371 2573 1562 2642 inquit,
1591 2581 1646 2627 et
1673 2573 1876 2642 egressi
1907 2580 2030 2625 sunt
2054 2571 2153 2626 hac

556 2665 673 2720 via:
692 2666 1096 2736 persequimini,
1116 2677 1168 2721 et
1186 2665 1656 2735 comprehendetis
1673 2680 1786 2720 eos.
1807 2665 1852 2720 Ο
1869 2666 2148 2734 pulchrum

559 2757 895 2812 mendacium
925 2758 939 2812 !
970 2773 1003 2811 o
1032 2758 1312 2828 pulchrum
1333 2757 1538 2823 dolum,
1567 2758 1743 2812 divina
1785 2773 1893 2810 non
1924 2757 2153 2827 proden-

557 2857 689 2912 tem,
729 2848 826 2905 sed
877 2850 1133 2918 pietatem
1177 2848 1567 2905 custodientem
1597 2849 1610 2904 l
1644 2850 1700 2904 Si
1758 2850 1916 2918 igitur
1967 2850 2152 2905 Rabab

556 2943 700 2998 illam
734 2944 1041 3012 paenitentia
1092 2943 1264 2998 salute
1299 2943 1515 3014 dignam
1560 2943 1765 3010 eﬂ'ecit,
1796 2951 1850 2998 et
1899 2944 2012 3014 ipsa
2057 2958 2154 3013 per

556 3047 863 3090 sanctorum
893 3050 988 3090 ora
1017 3036 1373 3104 praedicatur,
1399 3036 1526 3091 Jesu
1558 3035 1700 3091 Nave
1723 3037 1775 3090 in
1804 3036 2022 3091 deserto
2041 3036 2153 3091 cla-

554 3136 757 3194 mante,
801 3127 942 3181 Vivat
979 3125 1159 3180 lla/tab
1207 3129 1477 3193 meretrix,
1511 3127 1676 3182 Paulo
1701 3137 1879 3183 autem
1915 3128 2147 3195 dicente,

559 3222 689 3276 Fide
718 3219 899 3273 llahab
928 3222 1168 3275 meretrix
1193 3238 1296 3275 non
1327 3221 1474 3290 periit
1514 3237 1630 3275 cum
1658 3239 1759 3276 non
1790 3223 2107 3276 credentibus
2130 3237 2149 3276 :

553 3322 755 3383 quanto
785 3315 956 3383 magis
985 3328 1083 3369 nos
1111 3315 1155 3367 si
1191 3314 1564 3382 paenitentiam
1598 3313 1970 3382 exliibeamus,
2003 3315 2149 3370 salu-

555 3415 665 3459 tem
716 3405 1152 3475 consequemur?
1185 3404 1523 3460 Poenitentia:
1573 3413 1784 3475 tempus
1828 3421 1972 3461 nunc
2018 3414 2147 3460 est:

553 3497 744 3566 ingens
771 3498 914 3551 enim
937 3497 1097 3552 timor
1128 3497 1290 3550 instat
1326 3498 1719 3552 imminentium
1767 3509 2104 3568 peccatorum
2133 3541 2147 3565 ,

555 3589 657 3642 nisi
687 3587 1001 3656 supplicium
1024 3597 1306 3657 prtevertat
1345 3590 1680 3658 ptenitentia.
1729 3588 2152 3658 Prwoccupemus

555 3679 737 3749 [aciem
765 3681 873 3748 ejus
900 3679 953 3731 in
975 3668 1291 3751 confessione
1315 3679 1485 3752 (l’sal.
1509 3681 1598 3735 94.
1626 3680 1681 3750 2)
1708 3699 1721 3734 :
1753 3682 2152 3751 exstingnamus

557 3780 903 3841 peccatorum
949 3786 1171 3841 rogum,
1220 3787 1331 3826 non
1383 3774 1564 3826 multis
1619 3775 1792 3844 aquis,
1820 3775 1914 3829 sed
1970 3776 2151 3844 parvis

555 3863 825 3935 lacrymis.
849 3863 1044 3919 Multus
1069 3872 1153 3917 est
1183 3863 1320 3932 ignis
1347 3865 1572 3934 peccati,
1616 3875 1670 3920 et
1697 3875 1874 3920 tamen
1926 3868 2150 3922 modicis

553 3956 806 4027 lacrymis
827 3956 1180 4026 exstinguitur
1211 3973 1223 4010 :
1253 3973 1376 4012 nam
1408 3958 1659 4030 lacrymze
1685 3961 2032 4030 cxstiuguunt
2057 3978 2149 4016 ro-

553 4062 681 4116 gum
737 4056 1100 4116 peccatorum,
1129 4056 1186 4102 et
1244 4051 1447 4117 peccati
1497 4050 1742 4105 faetorem
1790 4052 2036 4108 abluunt.
2093 4054 2146 4107 Id

555 4138 871 4194 testiﬁcatur
927 4139 1116 4195 beatus
1173 4141 1334 4194 David
1383 4141 1569 4196 dicens
1593 4183 1610 4208 ,
1638 4151 1693 4198 et
1719 4154 1918 4214 quanta
1953 4148 2022 4199 sit
2069 4146 2150 4200 vis

553 4233 910 4304 lacrymarum
939 4235 1230 4288 ostendens
1255 4251 1268 4287 :
1300 4233 1501 4289 Lavabo
1525 4278 1540 4304 ,
1585 4237 1784 4305 inquit,
1812 4254 1901 4307 per
1921 4239 2150 4308 singulas

552 4337 726 4380 noctes
748 4327 930 4380 lectum
957 4343 1143 4394 meum,
1176 4338 1224 4380 et
1271 4327 1511 4397 lacrymis
1554 4331 1677 4383 meis
1723 4340 1937 4383 stratum
1984 4348 2148 4385 meum

552 4420 730 4490 rigabo
757 4419 929 4489 (l’sal.
956 4418 1010 4473 6.
1038 4420 1114 4488 7).
1148 4420 1310 4485 Atqui
1357 4422 1401 4473 si
1449 4421 1804 4493 lacrymarum
1850 4425 2145 4478 ubertatem

554 4511 813 4566 voluisset
840 4513 1146 4578 ostendere,
1177 4516 1307 4568 satis
1333 4525 1446 4568 erat
1468 4517 1697 4580 dixisse,
1733 4516 1999 4591 Lacrymis
2026 4521 2148 4574 meis

554 4612 768 4656 stratum
794 4619 960 4656 nicum
997 4604 1172 4674 rigabo
1202 4619 1220 4658 :
1246 4620 1342 4658 cur
1371 4621 1499 4675 ergo
1541 4611 1800 4677 prmmisit
1843 4611 1969 4664 illud
1992 4653 2007 4678 ,
2041 4611 2148 4666 La-

553 4696 720 4750 eabo?
750 4695 816 4752 Ut
841 4697 1090 4751 ostendat
1113 4697 1385 4753 lavacrum
1411 4710 1466 4754 et
1495 4703 1762 4772 piaculum
1802 4716 2144 4776 peccatorum

552 4803 673 4843 esse
698 4789 985 4861 lacrymas.

621 4879 679 4937 6.
727 4879 948 4934 Peccata
994 4882 1219 4936 omnium
1259 4900 1414 4938 causa
1467 4885 1737 4943 malorum.
1783 4919 1856 4930 ——
1900 4889 2147 4947 Omnium

549 4987 710 5027 causa
733 4975 992 5029 malorum
1011 4985 1135 5030 sunt
1164 4988 1377 5046 peccata
1397 4997 1410 5032 :
1434 4989 1647 5050 propter
1668 4995 1882 5051 peccata
1909 4984 2144 5054 dolores,

550 5072 772 5134 propter
822 5076 1040 5136 peccata
1087 5069 1382 5136 tumultus,
1439 5080 1658 5142 propter
1708 5087 1925 5144 peccata
1970 5077 2106 5133 bella
2130 5122 2144 5144 ,

553 5156 766 5223 morbi,
792 5167 847 5212 et
889 5168 1146 5229 quotquot
1191 5162 1344 5216 nobis
1393 5164 1643 5218 accidunt
1685 5178 1872 5223 sanatu
1902 5168 2147 5225 difﬁciles

551 5247 913 5319 :egritudines.
942 5251 1401 5318 Quemadmodum
1429 5255 1589 5325 igitur
1613 5260 1798 5328 optimi
1823 5263 2011 5317 medici
2041 5280 2146 5318 non

553 5341 716 5398 modo
744 5353 1064 5413 apparentes
1089 5347 1302 5402 morbos
1332 5348 1632 5415 explorant.
1655 5351 1749 5407 sed
1772 5354 1932 5409 etiam
1961 5371 2146 5412 eorum

553 5448 769 5488 causam
800 5442 1106 5489 scrutantur
1135 5454 1149 5490 :
1177 5436 1248 5490 ita
1288 5447 1343 5490 et
1365 5439 1620 5494 Servator
1647 5445 1932 5500 ostendere
1964 5449 2149 5504 volens

555 5526 794 5580 omnium
825 5542 944 5596 quae
969 5525 1276 5583 hominibus
1301 5532 1616 5600 contingunt
1641 5535 1901 5590 malorum
1933 5553 2146 5594 causam

554 5632 675 5671 esse
705 5627 978 5687 peccatum
1004 5659 1017 5683 ,
1051 5619 1341 5690 paralytico
1371 5619 1498 5676 dicit
1525 5664 1539 5685 ,
1572 5625 1691 5693 quia
1723 5642 1914 5697 nempe
1939 5630 2152 5685 videbat

557 5705 647 5760 ille
671 5711 966 5763 animarum
997 5712 1234 5766 medicus
1253 5728 1377 5766 cum
1402 5714 1578 5768 anima
1609 5718 1772 5785 prius,
1800 5721 1995 5777 deinde
2025 5739 2147 5778 cor-

560 5813 688 5868 pore
739 5801 1080 5872 paralyticum
1103 5845 1117 5869 ,
1146 5805 1216 5858 ait
1242 5846 1258 5873 ,
1287 5807 1500 5876 inquam
1521 5849 1537 5876 ,
1574 5808 1650 5864 illi
1684 5829 1698 5866 :
1735 5811 1864 5870 Ecce
1888 5833 2040 5872 sanus
2069 5818 2157 5886 fa—

1303 347 1360 404 S.
1391 345 1669 402 JOANNIS
1705 341 2177 401 CIIRYSOSTOMI
2208 341 2526 396 ARCIIIEP.
2557 340 3092 398 CONSTANTINOP.

3738 350 3831 404 55?.

2277 461 2384 504 ctus
2407 467 2459 505 es
2485 493 2499 514 ,
2523 453 2628 505 noli
2651 453 2871 523 amplius
2898 470 3121 522 peccare,
3154 471 3216 509 ne
3238 456 3357 519 quid
3383 458 3473 514 tibi
3497 460 3711 518 deterius
3731 482 3836 520 con-

2257 543 2416 614 tingat
2443 543 2635 613 (Joan.
2655 544 2708 598 5.
2737 544 2848 614 14).
2888 545 3050 616 Igitur
3073 556 3125 600 et
3155 548 3507 616 prmcedentis
3535 551 3837 612 inﬁrmitatis

2258 649 2418 689 causa
2449 644 2725 705 peccatum
2762 648 2912 701 erat;
2943 638 2993 691 id
3025 637 3202 693 damni
3231 655 3386 694 causa
3407 683 3423 705 ,
3456 643 3507 696 id
3550 645 3760 713 doloris,
3792 649 3836 704 id

2257 729 2573 783 calamitatis
2604 730 2863 784 universae
2883 730 3124 784 materia.
3151 731 3412 786 Caeterum
3440 735 3570 788 illud
3593 738 3830 802 admiror,

2258 819 2529 887 quomodo
2565 820 2653 888 qui
2682 818 2824 874 hunc
2852 820 3089 875 dolorem
3120 821 3189 875 ab
3219 823 3366 877 initio
3397 823 3607 880 homini
3635 828 3838 884 dederat

2261 909 2401 962 Deus
2430 919 2647 978 propter
2675 921 2970 978 peccatum,
2997 914 3261 968 sententia
3289 918 3612 972 sententiain
3639 921 3833 988 solvat,

2262 1008 2318 1054 et
2347 1001 2792 1056 condemnatione
2812 1003 3308 1059 condemnationem
3329 1007 3528 1075 ejiciat.
3555 1009 3834 1079 Quomodo,

2257 1092 2403 1146 audi.
2435 1093 2563 1146 Data
2592 1104 2673 1148 est
2701 1095 2911 1148 trisntia
2949 1107 3168 1165 propter
3201 1108 3476 1165 peccatum
3499 1143 3514 1166 ,
3545 1113 3599 1156 et
3627 1119 3719 1173 per
3746 1105 3836 1159 tri-

2257 1185 2454 1239 stitiam
2485 1194 2758 1254 peccatum
2782 1187 3025 1242 solvitur.
3049 1189 3278 1244 Attende
3299 1192 3621 1262 diligenter:
3645 1197 3836 1250 mulieri

2260 1277 2592 1330 comminans
2631 1278 2774 1332 Deus
2796 1317 2814 1344 ,
2843 1288 2897 1332 et
2945 1293 3159 1350 propter
3191 1284 3679 1350 praevaricationem
3722 1303 3836 1357 sup-

2257 1367 2473 1436 plicium
2513 1367 2793 1435 inducens,
2824 1371 2895 1423 ait
2923 1371 2995 1423 illi
3023 1389 3034 1422 :
3059 1369 3126 1424 In
3153 1373 3326 1427 dolore
3353 1375 3521 1444 paries
3541 1377 3672 1444 filios
3699 1376 3833 1446 (Gen.

2256 1459 2313 1514 5.
2344 1459 2451 1530 16)
2485 1477 2498 1513 :
2528 1459 2867 1530 ostenditque
2910 1461 3134 1516 fructum
3175 1466 3379 1532 peccati
3423 1481 3544 1520 esse
3590 1468 3832 1522 dolorem.

2257 1551 2365 1608 Sed
2387 1594 2404 1618 ,
2435 1569 2469 1606 ο
2513 1553 2851 1622 magniﬁcum
2878 1555 2892 1609 l
2921 1555 3061 1623 quod
3103 1555 3252 1610 dedit
3295 1557 3361 1610 ad
3416 1559 3726 1627 supplicium
3748 1601 3762 1624 ,
3788 1561 3834 1614 in

2257 1643 2482 1696 salutem
2523 1646 2764 1697 mutavit.
2797 1645 3076 1699 Peccatum
3109 1645 3351 1700 dolorem
3383 1651 3590 1717 peperit
3621 1668 3636 1705 :
3664 1650 3833 1705 dolore

2257 1745 2532 1804 peccatum
2576 1736 2907 1806 consumpsit
2951 1753 2964 1789 :
3012 1746 3067 1791 et
3092 1738 3544 1806 quemadmodum
3584 1744 3770 1796 vermis
3806 1758 3834 1794 e

2257 1825 2400 1895 ligno
2441 1835 2597 1880 natus
2639 1828 2810 1895 ipsum
2839 1828 3036 1896 lignum
3079 1832 3380 1896 consumit,
3411 1832 3492 1886 sic
3533 1841 3588 1887 et
3628 1834 3770 1887 dolor
3804 1847 3832 1888 e

2257 1927 2478 1986 peccato
2527 1928 2682 1970 natus
2720 1929 2992 1986 peccatum
3046 1923 3312 1975 consumit
3347 1939 3444 1992 per
3489 1926 3831 1994 menitentiam

2256 2008 2530 2062 inductus.
2575 2009 2908 2079 Quapropter
2955 2010 3150 2065 Paulus
3197 2013 3332 2068 dixit
3362 2032 3376 2069 :
3407 2015 3537 2082 Qua:
3581 2017 3832 2069 secundum

2257 2098 2422 2153 Deum
2447 2111 2518 2154 est
2559 2102 2759 2154 tristitia
2789 2103 3127 2172 paenitentiam
3154 2105 3208 2156 in
3233 2107 3448 2159 salutem
3474 2107 3696 2161 stabilem
3723 2123 3833 2177 apeb

2256 2203 2398 2244 ratur
2428 2191 2505 2262 (‘2.
2529 2190 2647 2246 Cor.
2679 2193 2730 2245 7.
2766 2193 2876 2264 10).
2908 2193 3051 2247 Bona
3083 2205 3164 2249 est
3193 2197 3408 2251 tristitia
3436 2214 3563 2254 vere
3591 2199 3830 2268 poeniten-

2257 2286 2396 2339 tibus
2423 2305 2436 2340 :
2459 2286 2708 2340 convenit
2725 2287 3070 2357 peccantibus
3097 2288 3272 2343 luctus
3299 2305 3397 2360 pro
3429 2300 3642 2360 peccato
3665 2309 3678 2344 :
3703 2291 3832 2345 Beati

2255 2379 2341 2447 qui
2370 2379 2577 2448 lugent,
2605 2381 2845 2448 quoniam
2877 2381 2976 2449 ipsi
3014 2383 3410 2437 consolabuntur
3439 2385 3650 2458 (Matth.
3681 2388 3730 2441 5.
3761 2387 3828 2455 5).

2255 2469 2400 2538 Lugc
2429 2481 2703 2538 peccatum
2731 2511 2744 2533 ,
2775 2481 2830 2522 ut
2860 2486 2964 2524 non
2993 2471 3176 2542 lugeas
3210 2476 3531 2544 supplicium
3557 2494 3571 2530 :
3597 2492 3748 2546 purga
3785 2489 3830 2531 te

2254 2562 2395 2633 apud
2421 2563 2673 2633 judicem,
2703 2576 2991 2635 antequam
3016 2567 3082 2621 ad
3109 2568 3341 2622 tribunal
3366 2573 3567 2625 venias.
3592 2573 3669 2624 An
3692 2571 3828 2640 iguov

2255 2669 2344 2709 ras
2385 2664 2642 2724 quotquot
2676 2655 2908 2725 judicem
2961 2658 3206 2728 mitigare
3249 2664 3472 2728 volunt,
3506 2663 3688 2716 nonin
3727 2661 3829 2730 ipso

2255 2746 2501 2800 examine
2525 2760 2718 2812 causze,
2741 2752 2835 2802 sed
2872 2759 3158 2818 antequam
3185 2749 3237 2804 in
3261 2751 3522 2820 judicium
3553 2752 3828 2822 ingredian-

2257 2847 2343 2892 tur
2366 2879 2382 2904 ,
2412 2838 2582 2908 ipsum
2616 2839 2717 2894 sibi
2745 2839 3060 2896 benevolum
3092 2857 3309 2910 parare,
3337 2843 3456 2900 sive
3492 2860 3586 2914 per
3607 2846 3794 2899 amicos
3812 2884 3826 2908 ,

2256 2927 2370 2981 sive
2416 2942 2509 2997 per
2547 2937 2839 2996 patronos,
2865 2929 2979 2985 sive
3003 2930 3108 2986 alio
3149 2933 3340 2999 quovis
3379 2934 3584 2990 modo?
3611 2934 3761 3004 Igitur
3782 2941 3830 2986 et

2255 3019 2395 3089 apud
2429 3019 2596 3073 Deum
2628 3019 2813 3090 judicii
2847 3031 3118 3091 tempore,
3147 3038 3254 3078 non
3301 3034 3390 3080 est
3437 3025 3577 3095 quod
3619 3023 3827 3094 judicem

2257 3109 2438 3166 ﬂectas
2465 3129 2478 3164 :
2501 3111 2593 3166 sed
2615 3123 2738 3167 ante
2754 3112 2939 3181 judicii
2971 3121 3180 3184 tempus
3206 3125 3386 3184 potest
3409 3118 3572 3187 judex
3599 3115 3826 3186 mitigari.

2254 3201 2617 3269 Quamobrem
2645 3203 2859 3257 dicebat
2882 3203 3076 3258 David:
3095 3203 3518 3277 Praioccupemus
3539 3208 3710 3278 faciem
3733 3207 3826 3279 ejus

2253 3293 2308 3346 in
2355 3293 2668 3362 confessione
2714 3291 2886 3365 (Psal.
2932 3295 3022 3349 94.
3053 3295 3134 3363 2).
3180 3294 3297 3350 lllic
3336 3313 3585 3368 magnum
3618 3295 3825 3366 judicem

2255 3398 2362 3436 non
2388 3383 2743 3437 circumvenit
2785 3399 2873 3437 ars
2901 3384 3177 3439 rhetorum
3198 3425 3213 3450 ,
3241 3401 3350 3442 non
3383 3387 3612 3457 potentia
3639 3384 3822 3440 ﬂectit:

2253 3471 2496 3542 dignitati
2546 3488 2650 3526 non
2697 3474 2785 3528 ille
2813 3490 3016 3529 morem
3042 3476 3200 3546 gerit,
3234 3492 3520 3546 personam
3566 3491 3668 3531 non
3694 3486 3828 3528 vere-

2255 3570 2360 3627 tur,
2390 3563 2629 3632 pecuuiis
2649 3579 2753 3617 non
2776 3567 3155 3634 corrumpitur,
3183 3567 3279 3622 sed
3309 3569 3639 3624 tremendum
3662 3573 3714 3620 ct
3735 3564 3825 3618 im-

2259 3653 2519 3724 placabile
2545 3662 2629 3708 est
2652 3654 2854 3722 justum
2881 3656 3164 3724 judicium.

2331 3742 2668 3813 Eleemosyna
2711 3743 2876 3797 Deum
2908 3744 3096 3814 placat.
3137 3777 3210 3787 —-
3245 3746 3343 3802 Hic
3397 3749 3573 3818 ilaque
3613 3743 3824 3814 judicem

2254 3849 2538 3889 exoremus
2557 3844 2613 3888 et
2630 3834 2917 3904 placemus,
2941 3836 3061 3891 huic
3075 3839 3219 3890 oumi
3242 3840 3438 3894 robore
3455 3838 3821 3908 supplicemus:

2256 3943 2361 3980 non
2387 3926 2656 3995 pecuniis;
2686 3928 2792 3980 imo
2821 3938 2878 3981 ut
2903 3929 3078 3982 verius
3103 3930 3368 3996 dicamus,
3401 3930 3634 4002 pecuniis
3665 3927 3822 3996 placa-

2257 4025 2342 4069 tur
2371 4016 2632 4086 benignus
2661 4017 2766 4080 ille,
2800 4032 2907 4072 non
2941 4019 3052 4088 ipse
3079 4021 3364 4088 recipiens,
3399 4021 3491 4075 sed
3523 4035 3616 4089 per
3642 4027 3818 4087 paupe'

2255 4123 2359 4162 res.
2387 4107 2460 4161 Da
2486 4108 2629 4178 inopi
2659 4110 2956 4177 pecuniam,
2987 4120 3040 4165 et
3061 4111 3296 4180 judicem
3321 4111 3564 4181 placasti.
3593 4109 3710 4164 Haec
3735 4119 3822 4159 au-

2255 4208 2364 4252 tem
2405 4198 2527 4254 dico
2572 4199 2727 4254 vobis
2773 4201 2924 4270 quasi
2968 4202 3351 4270 familiaribus;
3383 4205 3508 4275 quia
3539 4196 3821 4273 pauitantia

2254 4291 2372 4344 sine
2394 4291 2733 4363 eleemosyna
2757 4302 2962 4346 mortua
2986 4303 3068 4347 est
3092 4296 3294 4364 alisque
3315 4303 3465 4351 caret
3487 4311 3501 4352 :
3527 4292 3698 4362 nequit
3724 4302 3823 4358 pw-

2257 4382 2478 4436 niteutia
2535 4383 2748 4448 volare,
2801 4385 2918 4438 sine
2961 4384 3042 4438 ala
3085 4386 3466 4458 cleemosynze.
3521 4386 3638 4439 ldeo
3675 4377 3822 4449 probe

2255 4474 2533 4542 pmnitenti
2563 4473 2813 4528 Cornelio
2845 4476 2928 4529 ala
2967 4476 3032 4531 ad
3061 4479 3310 4547 pietatem
3343 4479 3440 4532 fuit
3466 4478 3818 4542 eleemosyna:

2253 4561 2607 4633 Eleemosynw
2643 4575 2775 4629 tute,
2801 4565 3071 4634 inquit,et
3115 4569 3369 4622 orationes
3420 4577 3519 4622 tua:
3559 4565 3612 4618 in
3661 4558 3820 4614 calum

2253 4655 2590 4709 ascenderunt
2616 4654 2753 4727 (Act.
2790 4656 2876 4711 10.
2904 4659 2959 4729 4)
2992 4677 3006 4714 :
3035 4659 3106 4713 ita
3137 4669 3195 4713 ut
3219 4661 3262 4714 si
3289 4675 3395 4714 non
3419 4657 3677 4712 habuisset
3695 4650 3814 4703 alam

2253 4749 2607 4818 eleemosynaa
2637 4749 2966 4817 paenitentia,
2997 4766 3328 4821 nequaquam
3361 4752 3414 4806 in
3445 4751 3626 4804 cadum
3654 4754 3816 4814 perve-

2167 4843 2186 4858 ‘
2255 4841 2438 4894 uisset.
2473 4841 2726 4910 Aperitur
2763 4858 2894 4912 ergo
2935 4842 3093 4900 hodie
3137 4844 3432 4914 emporium
3463 4842 3814 4903 eleemosyniv-

2255 4929 2510 4985 Videmus
2537 4933 2678 4984 enim
2705 4935 2941 5001 Captivos
2967 4945 3020 4989 et
3050 4950 3309 5004 pauperes
3328 4977 3343 4999 ,
3373 4935 3612 4988 videmus
3639 4928 3687 4980 in
3715 4921 3817 4976 [om

2254 5023 2668 5088 circumeuntes,
2695 5021 2938 5078 videmus
2960 5024 3253 5079 clamantes
3273 5067 3286 5088 ,
3321 5026 3668 5095 lacryinantes
3691 5055 3705 5078 9
3731 5025 3817 5078 κο·

2254 5123 2467 5169 mentes
2519 5131 2534 5168 :
2587 5115 2840 5170 nundinae
2897 5117 3053 5172 nobis
3110 5119 3380 5173 mirabiles
3432 5117 3814 5188 proponuntur:

2255 5203 2614 5258 nundinarum
2642 5221 2770 5260 vero
2803 5221 2906 5260 non
2955 5209 3056 5261 alia
3100 5209 3235 5262 ratio
3260 5218 3376 5273 est,
3403 5198 3701 5275 negotiatori
3726 5207 3816 5248 non

2255 5295 2390 5349 alius
2433 5295 2681 5362 animus,
2727 5312 2886 5366 quam
2931 5297 3138 5353 venalia
3191 5313 3356 5367 parvo
3411 5309 3618 5355 emere,
3646 5295 3814 5353 magno

2253 5386 2507 5442 vendere.
2554 5390 2744 5442 Annon
2787 5389 2874 5444 hic
2917 5398 3001 5444 est
3059 5389 3419 5460 quorumlibet
3457 5382 3813 5455 negotiatorum

2255 5480 2488 5546 scopas?
2512 5495 2638 5532 num
2677 5489 2896 5549 propter
2934 5480 3076 5534 aliud
3124 5482 3387 5551 quispiam
3434 5473 3811 5547 negotiationem

2256 5568 2387 5631 adit,
2413 5569 2513 5623 nisi
2545 5578 2602 5624 ut
2627 5587 2744 5639 quae
2777 5587 2939 5639 parvo
2966 5573 3096 5627 emit
3122 5589 3313 5643 magno
3334 5571 3554 5633 vendat,
3578 5571 3630 5619 el
3653 5553 3812 5650 muiif‘

2258 5659 2505 5728 plicatam
2552 5663 2964 5731 negotiationem
3015 5664 3250 5718 referat?
3280 5664 3433 5718 Tales
3480 5658 3627 5728 igitur
3677 5643 3809 5700 nobis

2258 5750 2522 5806 nundinas
2568 5752 2707 5807 Deus
2752 5753 3028 5824 proposuit
3059 5773 3071 5809 :
3103 5754 3312 5808 modico
3337 5751 3560 5824 justitias
3601 5752 3739 5798 eme.

2260 5844 2432 5899 multo
2458 5845 2658 5901 vendas
2687 5845 2738 5901 iu
2771 5845 2970 5914 futuro;
3001 5847 3046 5902 si
3074 5855 3248 5902 tamen
3278 5844 3624 5902 venditionem
3649 5821 3808 5897 ³1⁸9⁸⁸⁸

3764 5735 3810 5781 ut
