  <div class='ocr_page' id='page_1' title='image "/cluster/home/n/w/nwhite01/storage/ocr_20150623/49:no.2:pt.1/coo.31924054869486/330.png"; bbox 0 0 4100 6430; ppageno 0'>
   <div class='ocr_carea' id='block_1_1' title="bbox 233 351 353 407">
    <p class='ocr_par' dir='ltr' id='par_1_1' title="bbox 233 351 353 407">
     <span class='ocr_line' id='line_1_1' title="bbox 233 351 353 407; baseline 0 0"><span class='ocrx_word' id='word_1_1' title='bbox 233 351 353 407; x_wconf 68' lang='grc'>831</span> 
     </span>
    </p>
   </div>
   <div class='ocr_carea' id='block_1_2' title="bbox 233 454 1910 535">
    <p class='ocr_par' dir='ltr' id='par_1_2' title="bbox 233 454 1910 535">
     <span class='ocr_line' id='line_1_2' title="bbox 233 454 1910 535; baseline -0.008 -15"><span class='ocrx_word' id='word_1_2' title='bbox 233 464 346 521; x_wconf 68' lang='grc' dir='ltr'>καὶ</span> <span class='ocrx_word' id='word_1_3' title='bbox 381 463 719 535; x_wconf 82' lang='grc' dir='ltr'>διετήρησεν.</span> <span class='ocrx_word' id='word_1_4' title='bbox 755 460 905 528; x_wconf 72' lang='grc' dir='ltr'>’Λεία</span> <span class='ocrx_word' id='word_1_5' title='bbox 945 460 1125 514; x_wconf 89' lang='grc' dir='ltr'>τοίνυν</span> <span class='ocrx_word' id='word_1_6' title='bbox 1153 457 1376 513; x_wconf 87' lang='grc' dir='ltr'>ἐπαίνου</span> <span class='ocrx_word' id='word_1_7' title='bbox 1411 457 1612 520; x_wconf 87' lang='grc' dir='ltr'>παντὸς</span> <span class='ocrx_word' id='word_1_8' title='bbox 1643 454 1831 519; x_wconf 87' lang='grc' dir='ltr'>Ῥαὰϐ,</span> <span class='ocrx_word' id='word_1_9' title='bbox 1877 456 1910 525; x_wconf 78' lang='grc' dir='ltr'>ἠ</span> 
     </span>
    </p>
   </div>
   <div class='ocr_carea' id='block_1_3' title="bbox 232 542 1909 621">
    <p class='ocr_par' dir='ltr' id='par_1_3' title="bbox 232 542 1909 621">
     <span class='ocr_line' id='line_1_3' title="bbox 232 542 1909 621; baseline -0.008 -14"><span class='ocrx_word' id='word_1_10' title='bbox 232 552 406 607; x_wconf 66' lang='grc' dir='ltr'>κιτιῶν</span> <span class='ocrx_word' id='word_1_11' title='bbox 430 551 529 621; x_wconf 86' lang='grc' dir='ltr'>τῆς</span> <span class='ocrx_word' id='word_1_12' title='bbox 556 549 903 618; x_wconf 84' lang='grc' dir='ltr'>Ἑκκλησίας.</span> <span class='ocrx_word' id='word_1_13' title='bbox 926 546 1026 601; x_wconf 92' lang='grc' dir='ltr'>Διά</span> <span class='ocrx_word' id='word_1_14' title='bbox 1047 545 1206 600; x_wconf 87' lang='grc' dir='ltr'>τοῦτο</span> <span class='ocrx_word' id='word_1_15' title='bbox 1231 545 1326 600; x_wconf 75' lang='grc' dir='ltr'>καὶ</span> <span class='ocrx_word' id='word_1_16' title='bbox 1357 544 1386 596; x_wconf 99' lang='lat'>6</span> <span class='ocrx_word' id='word_1_17' title='bbox 1414 546 1658 613; x_wconf 84' lang='grc' dir='ltr'>γενναῖος</span> <span class='ocrx_word' id='word_1_18' title='bbox 1678 542 1909 605; x_wconf 87' lang='grc' dir='ltr'>Παῦλος,</span> 
     </span>
    </p>
   </div>
   <div class='ocr_carea' id='block_1_4' title="bbox 232 630 1911 709">
    <p class='ocr_par' dir='ltr' id='par_1_4' title="bbox 232 630 1911 709">
     <span class='ocr_line' id='line_1_4' title="bbox 232 630 1911 709; baseline -0.007 -17"><span class='ocrx_word' id='word_1_19' title='bbox 232 636 581 709; x_wconf 71' lang='grc' dir='ltr'>καταμαθὼν</span> <span class='ocrx_word' id='word_1_20' title='bbox 631 636 805 706; x_wconf 81' lang='grc' dir='ltr'>αὐτῆς</span> <span class='ocrx_word' id='word_1_21' title='bbox 856 635 918 688; x_wconf 87' lang='grc' dir='ltr'>τὸ</span> <span class='ocrx_word' id='word_1_22' title='bbox 966 634 1185 706; x_wconf 88' lang='grc' dir='ltr'>ἀξίωμα</span> <span class='ocrx_word' id='word_1_23' title='bbox 1211 634 1311 703; x_wconf 89' lang='grc' dir='ltr'>τῆς</span> <span class='ocrx_word' id='word_1_24' title='bbox 1361 632 1619 694; x_wconf 88' lang='grc' dir='ltr'>πίστεως,</span> <span class='ocrx_word' id='word_1_25' title='bbox 1666 630 1760 683; x_wconf 77' lang='grc' dir='ltr'>καὶ</span> <span class='ocrx_word' id='word_1_26' title='bbox 1811 630 1911 682; x_wconf 89' lang='grc' dir='ltr'>ούκ</span> 
     </span>
    </p>
   </div>
   <div class='ocr_carea' id='block_1_5' title="bbox 233 716 1911 797">
    <p class='ocr_par' dir='ltr' id='par_1_5' title="bbox 233 716 1911 797">
     <span class='ocr_line' id='line_1_5' title="bbox 233 716 1911 797; baseline -0.007 -17"><span class='ocrx_word' id='word_1_27' title='bbox 233 726 498 797; x_wconf 87' lang='grc' dir='ltr'>ἀδόκιμον</span> <span class='ocrx_word' id='word_1_28' title='bbox 520 724 868 796; x_wconf 77' lang='grc' dir='ltr'>ἡγησάμενος</span> <span class='ocrx_word' id='word_1_29' title='bbox 887 721 974 776; x_wconf 82' lang='grc' dir='ltr'>διὰ</span> <span class='ocrx_word' id='word_1_30' title='bbox 988 723 1085 794; x_wconf 81' lang='grc' dir='ltr'>τὴν</span> <span class='ocrx_word' id='word_1_31' title='bbox 1105 721 1374 792; x_wconf 87' lang='grc' dir='ltr'>προτέραν</span> <span class='ocrx_word' id='word_1_32' title='bbox 1395 718 1749 780; x_wconf 88' lang='grc' dir='ltr'>κατάστασιν,</span> <span class='ocrx_word' id='word_1_33' title='bbox 1777 716 1911 771; x_wconf 86' lang='grc' dir='ltr'>ἀλλά</span> 
     </span>
    </p>
   </div>
   <div class='ocr_carea' id='block_1_6' title="bbox 231 805 1910 885">
    <p class='ocr_par' dir='ltr' id='par_1_6' title="bbox 231 805 1910 885">
     <span class='ocr_line' id='line_1_6' title="bbox 231 805 1910 885; baseline -0.007 -18"><span class='ocrx_word' id='word_1_34' title='bbox 231 813 462 885; x_wconf 78' lang='grc' dir='ltr'>δόκιμον</span> <span class='ocrx_word' id='word_1_35' title='bbox 519 812 606 865; x_wconf 83' lang='grc' dir='ltr'>διὰ</span> <span class='ocrx_word' id='word_1_36' title='bbox 634 811 732 882; x_wconf 80' lang='grc' dir='ltr'>τὴν</span> <span class='ocrx_word' id='word_1_37' title='bbox 774 810 953 864; x_wconf 71' lang='grc' dir='ltr'>ἔνθεον</span> <span class='ocrx_word' id='word_1_38' title='bbox 1002 808 1332 880; x_wconf 81' lang='grc' dir='ltr'>μεταϐολὴν,</span> <span class='ocrx_word' id='word_1_39' title='bbox 1382 805 1705 877; x_wconf 88' lang='grc' dir='ltr'>συναριθμεῖ</span> <span class='ocrx_word' id='word_1_40' title='bbox 1742 805 1910 874; x_wconf 76' lang='grc' dir='ltr'>αὐτὴν</span> 
     </span>
    </p>
   </div>
   <div class='ocr_carea' id='block_1_7' title="bbox 231 893 1911 969">
    <p class='ocr_par' dir='ltr' id='par_1_7' title="bbox 231 893 1911 969">
     <span class='ocr_line' id='line_1_7' title="bbox 231 893 1911 969; baseline -0.006 -16"><span class='ocrx_word' id='word_1_41' title='bbox 231 903 356 964; x_wconf 75' lang='grc' dir='ltr'>τοῖς</span> <span class='ocrx_word' id='word_1_42' title='bbox 389 900 564 968; x_wconf 79' lang='grc' dir='ltr'>ἁγίοις</span> <span class='ocrx_word' id='word_1_43' title='bbox 598 900 761 961; x_wconf 78' lang='grc' dir='ltr'>πᾶσι,</span> <span class='ocrx_word' id='word_1_44' title='bbox 809 898 904 951; x_wconf 77' lang='grc' dir='ltr'>καὶ</span> <span class='ocrx_word' id='word_1_45' title='bbox 936 896 1201 969; x_wconf 72' lang='grc' dir='ltr'>εἰρηκώς·</span> <span class='ocrx_word' id='word_1_46' title='bbox 1230 896 1436 948; x_wconf 81' lang='grc' dir='ltr'>Πίστει</span> <span class='ocrx_word' id='word_1_47' title='bbox 1484 896 1655 947; x_wconf 77' lang='grc' dir='ltr'>Ἅϐελ</span> <span class='ocrx_word' id='word_1_48' title='bbox 1688 893 1911 947; x_wconf 77' lang='grc' dir='ltr'>θυσίαν</span> 
     </span>
    </p>
   </div>
   <div class='ocr_carea' id='block_1_8' title="bbox 230 978 1910 1055">
    <p class='ocr_par' dir='ltr' id='par_1_8' title="bbox 230 978 1910 1055">
     <span class='ocr_line' id='line_1_8' title="bbox 230 978 1910 1055; baseline -0.006 -15"><span class='ocrx_word' id='word_1_49' title='bbox 230 985 644 1055; x_wconf 70' lang='grc' dir='ltr'>προσήνεγκε·</span> <span class='ocrx_word' id='word_1_50' title='bbox 676 985 875 1038; x_wconf 77' lang='grc' dir='ltr'>πίστει</span> <span class='ocrx_word' id='word_1_51' title='bbox 910 984 1156 1052; x_wconf 73' lang='grc' dir='ltr'>Ἀϐραὰμ</span> <span class='ocrx_word' id='word_1_52' title='bbox 1195 983 1257 1035; x_wconf 88' lang='grc' dir='ltr'>τὸ</span> <span class='ocrx_word' id='word_1_53' title='bbox 1288 983 1382 1035; x_wconf 74' lang='grc' dir='ltr'>καὶ</span> <span class='ocrx_word' id='word_1_54' title='bbox 1422 982 1482 1034; x_wconf 85' lang='grc' dir='ltr'>τὸ</span> <span class='ocrx_word' id='word_1_55' title='bbox 1517 981 1772 1049; x_wconf 90' lang='grc' dir='ltr'>ἐποίησε·</span> <span class='ocrx_word' id='word_1_56' title='bbox 1816 978 1910 1032; x_wconf 77' lang='grc' dir='ltr'>πί-</span> 
     </span>
    </p>
   </div>
   <div class='ocr_carea' id='block_1_9' title="bbox 234 1069 1910 1143">
    <p class='ocr_par' dir='ltr' id='par_1_9' title="bbox 234 1069 1910 1143">
     <span class='ocr_line' id='line_1_9' title="bbox 234 1069 1910 1143; baseline -0.004 -16"><span class='ocrx_word' id='word_1_57' title='bbox 234 1091 359 1127; x_wconf 89' lang='grc' dir='ltr'>στει</span> <span class='ocrx_word' id='word_1_58' title='bbox 382 1074 506 1127; x_wconf 90' lang='grc' dir='ltr'>Νῶε</span> <span class='ocrx_word' id='word_1_59' title='bbox 534 1073 763 1126; x_wconf 84' lang='grc' dir='ltr'>κιϐωτὸν</span> <span class='ocrx_word' id='word_1_60' title='bbox 792 1073 1087 1143; x_wconf 75' lang='grc' dir='ltr'>εἰργάσατο</span> <span class='ocrx_word' id='word_1_61' title='bbox 1106 1090 1118 1102; x_wconf 88' lang='grc'>·</span> <span class='ocrx_word' id='word_1_62' title='bbox 1150 1073 1332 1126; x_wconf 83' lang='grc' dir='ltr'>πίστει</span> <span class='ocrx_word' id='word_1_63' title='bbox 1355 1071 1598 1141; x_wconf 82' lang='grc' dir='ltr'>Μωῦσῆς</span> <span class='ocrx_word' id='word_1_64' title='bbox 1625 1070 1693 1123; x_wconf 88' lang='grc' dir='ltr'>τά</span> <span class='ocrx_word' id='word_1_65' title='bbox 1720 1069 1811 1121; x_wconf 79' lang='grc' dir='ltr'>καὶ</span> <span class='ocrx_word' id='word_1_66' title='bbox 1841 1069 1910 1121; x_wconf 91' lang='grc' dir='ltr'>τά</span> 
     </span>
    </p>
   </div>
   <div class='ocr_carea' id='block_1_10' title="bbox 229 1154 1909 1230">
    <p class='ocr_par' dir='ltr' id='par_1_10' title="bbox 229 1154 1909 1230">
     <span class='ocr_line' id='line_1_10' title="bbox 229 1154 1909 1230; baseline -0.004 -18"><span class='ocrx_word' id='word_1_67' title='bbox 229 1159 465 1230; x_wconf 75' lang='grc' dir='ltr'>ἐποίησε</span> <span class='ocrx_word' id='word_1_68' title='bbox 513 1160 609 1212; x_wconf 78' lang='grc' dir='ltr'>καὶ</span> <span class='ocrx_word' id='word_1_69' title='bbox 645 1157 1003 1229; x_wconf 78' lang='grc' dir='ltr'>κατώρθωσε·</span> <span class='ocrx_word' id='word_1_70' title='bbox 1034 1160 1130 1212; x_wconf 80' lang='grc' dir='ltr'>καὶ</span> <span class='ocrx_word' id='word_1_71' title='bbox 1159 1158 1370 1211; x_wconf 85' lang='grc' dir='ltr'>πολλῶν</span> <span class='ocrx_word' id='word_1_72' title='bbox 1398 1157 1597 1228; x_wconf 76' lang='grc' dir='ltr'>ἐφεξῆς</span> <span class='ocrx_word' id='word_1_73' title='bbox 1650 1154 1909 1226; x_wconf 78' lang='grc' dir='ltr'>μνησθεὶς</span> 
     </span>
    </p>
   </div>
   <div class='ocr_carea' id='block_1_11' title="bbox 231 1243 1907 1318">
    <p class='ocr_par' dir='ltr' id='par_1_11' title="bbox 231 1243 1907 1318">
     <span class='ocr_line' id='line_1_11' title="bbox 231 1243 1907 1318; baseline -0.005 -16"><span class='ocrx_word' id='word_1_74' title='bbox 231 1247 434 1316; x_wconf 78' lang='grc' dir='ltr'>ἁγίων,</span> <span class='ocrx_word' id='word_1_75' title='bbox 461 1246 522 1300; x_wconf 81' lang='grc' dir='ltr'>τὸ</span> <span class='ocrx_word' id='word_1_76' title='bbox 548 1246 858 1301; x_wconf 86' lang='grc' dir='ltr'>τελευταῖον</span> <span class='ocrx_word' id='word_1_77' title='bbox 888 1248 1164 1318; x_wconf 83' lang='grc' dir='ltr'>ἐπήγαγε·</span> <span class='ocrx_word' id='word_1_78' title='bbox 1194 1246 1399 1300; x_wconf 82' lang='grc' dir='ltr'>Πίστει</span> <span class='ocrx_word' id='word_1_79' title='bbox 1437 1245 1621 1299; x_wconf 85' lang='grc' dir='ltr'>Ῥαὰϐ</span> <span class='ocrx_word' id='word_1_80' title='bbox 1645 1243 1683 1309; x_wconf 81' lang='grc' dir='ltr'>η</span> <span class='ocrx_word' id='word_1_81' title='bbox 1716 1243 1907 1310; x_wconf 80' lang='grc' dir='ltr'>πόρνη</span> 
     </span>
    </p>
   </div>
   <div class='ocr_carea' id='block_1_12' title="bbox 230 1328 1908 1400">
    <p class='ocr_par' dir='ltr' id='par_1_12' title="bbox 230 1328 1908 1400">
     <span class='ocr_line' id='line_1_12' title="bbox 230 1328 1908 1400; baseline -0.005 -12"><span class='ocrx_word' id='word_1_82' title='bbox 230 1336 314 1388; x_wconf 81' lang='grc' dir='ltr'>οὐ</span> <span class='ocrx_word' id='word_1_83' title='bbox 363 1333 755 1389; x_wconf 74' lang='grc' dir='ltr'>συναπώλετο</span> <span class='ocrx_word' id='word_1_84' title='bbox 801 1334 925 1400; x_wconf 83' lang='grc' dir='ltr'>τοῖς</span> <span class='ocrx_word' id='word_1_85' title='bbox 969 1332 1369 1398; x_wconf 73' lang='grc' dir='ltr'>ἀπειθήσασι,</span> <span class='ocrx_word' id='word_1_86' title='bbox 1410 1331 1706 1400; x_wconf 77' lang='grc' dir='ltr'>δεξαμένη</span> <span class='ocrx_word' id='word_1_87' title='bbox 1764 1328 1908 1394; x_wconf 85' lang='grc' dir='ltr'>τοὺς</span> 
     </span>
    </p>
   </div>
   <div class='ocr_carea' id='block_1_13' title="bbox 230 1417 1908 1489">
    <p class='ocr_par' dir='ltr' id='par_1_13' title="bbox 230 1417 1908 1489">
     <span class='ocr_line' id='line_1_13' title="bbox 230 1417 1908 1489; baseline -0.004 -13"><span class='ocrx_word' id='word_1_88' title='bbox 230 1423 686 1489; x_wconf 78' lang='grc' dir='ltr'>κατασκόπους,</span> <span class='ocrx_word' id='word_1_89' title='bbox 742 1421 842 1476; x_wconf 81' lang='grc' dir='ltr'>καί</span> <span class='ocrx_word' id='word_1_90' title='bbox 882 1421 1053 1489; x_wconf 77' lang='grc' dir='ltr'>ἑτέρᾳ</span> <span class='ocrx_word' id='word_1_91' title='bbox 1101 1418 1219 1486; x_wconf 81' lang='grc' dir='ltr'>ὀδῷ</span> <span class='ocrx_word' id='word_1_92' title='bbox 1258 1419 1624 1474; x_wconf 76' lang='grc' dir='ltr'>ἐκϐαλοῦσα.</span> <span class='ocrx_word' id='word_1_93' title='bbox 1664 1417 1774 1471; x_wconf 79' lang='grc' dir='ltr'>Καὶ</span> <span class='ocrx_word' id='word_1_94' title='bbox 1805 1417 1908 1487; x_wconf 86' lang='grc' dir='ltr'>ὅρα</span> 
     </span>
    </p>
   </div>
   <div class='ocr_carea' id='block_1_14' title="bbox 228 1506 1909 1582">
    <p class='ocr_par' dir='ltr' id='par_1_14' title="bbox 228 1506 1909 1582">
     <span class='ocr_line' id='line_1_14' title="bbox 228 1506 1909 1582; baseline -0.003 -21"><span class='ocrx_word' id='word_1_95' title='bbox 228 1508 359 1569; x_wconf 74' lang='grc' dir='ltr'>πῶς</span> <span class='ocrx_word' id='word_1_96' title='bbox 390 1509 529 1582; x_wconf 88' lang='grc' dir='ltr'>μετά</span> <span class='ocrx_word' id='word_1_97' title='bbox 561 1508 760 1581; x_wconf 86' lang='grc' dir='ltr'>πολλῆς</span> <span class='ocrx_word' id='word_1_98' title='bbox 791 1509 983 1579; x_wconf 80' lang='grc' dir='ltr'>σοφίας</span> <span class='ocrx_word' id='word_1_99' title='bbox 1013 1509 1246 1581; x_wconf 76' lang='grc' dir='ltr'>ἐκέρασε</span> <span class='ocrx_word' id='word_1_100' title='bbox 1276 1508 1373 1579; x_wconf 85' lang='grc' dir='ltr'>τὴν</span> <span class='ocrx_word' id='word_1_101' title='bbox 1407 1507 1604 1576; x_wconf 76' lang='grc' dir='ltr'>ἑαυτῆς</span> <span class='ocrx_word' id='word_1_102' title='bbox 1630 1506 1909 1573; x_wconf 80' lang='grc' dir='ltr'>εύγνωμο·</span> 
     </span>
    </p>
   </div>
   <div class='ocr_carea' id='block_1_15' title="bbox 225 1591 1907 1667">
    <p class='ocr_par' dir='ltr' id='par_1_15' title="bbox 225 1591 1907 1667">
     <span class='ocr_line' id='line_1_15' title="bbox 225 1591 1907 1667; baseline -0.024 3"><span class='ocrx_word' id='word_1_103' title='bbox 225 1596 430 1667; x_wconf 55' lang='lat' dir='ltr'>36W-</span> <span class='ocrx_word' id='word_1_104' title='bbox 458 1598 589 1650; x_wconf 82' lang='grc' dir='ltr'>Ὅτε</span> <span class='ocrx_word' id='word_1_105' title='bbox 621 1596 729 1666; x_wconf 84' lang='grc' dir='ltr'>γὰρ</span> <span class='ocrx_word' id='word_1_106' title='bbox 757 1596 1142 1667; x_wconf 82' lang='grc' dir='ltr'>ἀπεστάλησαν</span> <span class='ocrx_word' id='word_1_107' title='bbox 1169 1596 1318 1667; x_wconf 88' lang='grc' dir='ltr'>παρά</span> <span class='ocrx_word' id='word_1_108' title='bbox 1363 1594 1457 1648; x_wconf 89' lang='grc' dir='ltr'>τοῦ</span> <span class='ocrx_word' id='word_1_109' title='bbox 1490 1593 1759 1665; x_wconf 81' lang='grc' dir='ltr'>βασιλέως</span> <span class='ocrx_word' id='word_1_110' title='bbox 1808 1591 1907 1661; x_wconf 72' lang='grc' dir='ltr'>ςη-</span> 
     </span>
    </p>
   </div>
   <div class='ocr_carea' id='block_1_16' title="bbox 224 1680 1909 1753">
    <p class='ocr_par' dir='ltr' id='par_1_16' title="bbox 224 1680 1909 1753">
     <span class='ocr_line' id='line_1_16' title="bbox 224 1680 1909 1753; baseline -0.003 -17"><span class='ocrx_word' id='word_1_111' title='bbox 224 1683 459 1746; x_wconf 73' lang='grc' dir='ltr'>τοῦντες</span> <span class='ocrx_word' id='word_1_112' title='bbox 480 1686 605 1747; x_wconf 77' lang='grc' dir='ltr'>τοὺς</span> <span class='ocrx_word' id='word_1_113' title='bbox 637 1684 1033 1746; x_wconf 84' lang='grc' dir='ltr'>κατασκόπους,</span> <span class='ocrx_word' id='word_1_114' title='bbox 1051 1683 1298 1753; x_wconf 87' lang='grc' dir='ltr'>λέγουσιν</span> <span class='ocrx_word' id='word_1_115' title='bbox 1325 1682 1460 1752; x_wconf 86' lang='grc' dir='ltr'>αύτῇ</span> <span class='ocrx_word' id='word_1_116' title='bbox 1487 1699 1499 1711; x_wconf 94' lang='grc'>·</span> <span class='ocrx_word' id='word_1_117' title='bbox 1526 1684 1596 1735; x_wconf 77' lang='lat' dir='ltr'>El</span> <span class='ocrx_word' id='word_1_118' title='bbox 1617 1680 1909 1747; x_wconf 76' lang='grc' dir='ltr'>εἰσῆλθον</span> 
     </span>
    </p>
   </div>
   <div class='ocr_carea' id='block_1_17' title="bbox 229 1766 1908 1841">
    <p class='ocr_par' dir='ltr' id='par_1_17' title="bbox 229 1766 1908 1841">
     <span class='ocr_line' id='line_1_17' title="bbox 229 1766 1908 1841; baseline -0.003 -20"><span class='ocrx_word' id='word_1_119' title='bbox 229 1770 390 1836; x_wconf 81' lang='grc' dir='ltr'>πρὸς</span> <span class='ocrx_word' id='word_1_120' title='bbox 419 1769 495 1824; x_wconf 77' lang='grc' dir='ltr'>σὲ</span> <span class='ocrx_word' id='word_1_121' title='bbox 523 1769 773 1838; x_wconf 81' lang='grc' dir='ltr'>ᾶνδρες;</span> <span class='ocrx_word' id='word_1_122' title='bbox 816 1772 879 1823; x_wconf 81' lang='grc' dir='ltr'>’Π</span> <span class='ocrx_word' id='word_1_123' title='bbox 908 1771 962 1823; x_wconf 87' lang='grc' dir='ltr'>δέ</span> <span class='ocrx_word' id='word_1_124' title='bbox 986 1770 1120 1841; x_wconf 87' lang='grc' dir='ltr'>πρὸς</span> <span class='ocrx_word' id='word_1_125' title='bbox 1156 1767 1381 1831; x_wconf 82' lang='grc' dir='ltr'>αὐτούς·</span> <span class='ocrx_word' id='word_1_126' title='bbox 1410 1768 1539 1825; x_wconf 81' lang='grc' dir='ltr'>Ναὶ,</span> <span class='ocrx_word' id='word_1_127' title='bbox 1580 1766 1761 1836; x_wconf 80' lang='grc' dir='ltr'>φησὶν,</span> <span class='ocrx_word' id='word_1_128' title='bbox 1793 1766 1908 1817; x_wconf 87' lang='grc' dir='ltr'>είσ-</span> 
     </span>
    </p>
   </div>
   <div class='ocr_carea' id='block_1_18' title="bbox 228 1851 1910 1927">
    <p class='ocr_par' dir='ltr' id='par_1_18' title="bbox 228 1851 1910 1927">
     <span class='ocr_line' id='line_1_18' title="bbox 228 1851 1910 1927; baseline -0.002 -20"><span class='ocrx_word' id='word_1_129' title='bbox 228 1855 418 1925; x_wconf 81' lang='grc' dir='ltr'>ἦλθον.</span> <span class='ocrx_word' id='word_1_130' title='bbox 450 1857 672 1927; x_wconf 85' lang='grc' dir='ltr'>Πρῶτον</span> <span class='ocrx_word' id='word_1_131' title='bbox 704 1857 976 1927; x_wconf 82' lang='grc' dir='ltr'>οἰκοδομεῖ</span> <span class='ocrx_word' id='word_1_132' title='bbox 1014 1857 1112 1927; x_wconf 79' lang='grc' dir='ltr'>τὴν</span> <span class='ocrx_word' id='word_1_133' title='bbox 1146 1854 1426 1925; x_wconf 85' lang='grc' dir='ltr'>ἀλήθειαν,</span> <span class='ocrx_word' id='word_1_134' title='bbox 1482 1854 1575 1906; x_wconf 83' lang='grc' dir='ltr'>καὶ</span> <span class='ocrx_word' id='word_1_135' title='bbox 1608 1851 1781 1914; x_wconf 77' lang='grc' dir='ltr'>οὕτως</span> <span class='ocrx_word' id='word_1_136' title='bbox 1817 1853 1910 1903; x_wconf 85' lang='grc' dir='ltr'>ἐπ-</span> 
     </span>
    </p>
   </div>
   <div class='ocr_carea' id='block_1_19' title="bbox 227 1940 1908 2015">
    <p class='ocr_par' dir='ltr' id='par_1_19' title="bbox 227 1940 1908 2015">
     <span class='ocr_line' id='line_1_19' title="bbox 227 1940 1908 2015; baseline -0.004 -18"><span class='ocrx_word' id='word_1_137' title='bbox 227 1942 360 2012; x_wconf 78' lang='grc' dir='ltr'>άγει</span> <span class='ocrx_word' id='word_1_138' title='bbox 392 1945 454 1998; x_wconf 87' lang='grc' dir='ltr'>τὸ</span> <span class='ocrx_word' id='word_1_139' title='bbox 499 1945 711 2015; x_wconf 71' lang='grc' dir='ltr'>ψεῦδος.</span> <span class='ocrx_word' id='word_1_140' title='bbox 760 1945 1025 1999; x_wconf 79' lang='grc' dir='ltr'>Οὐδέποτε</span> <span class='ocrx_word' id='word_1_141' title='bbox 1062 1945 1168 2013; x_wconf 71' lang='grc' dir='ltr'>γὰρ</span> <span class='ocrx_word' id='word_1_142' title='bbox 1198 1942 1317 1996; x_wconf 85' lang='grc' dir='ltr'>καθ’</span> <span class='ocrx_word' id='word_1_143' title='bbox 1345 1942 1476 1997; x_wconf 85' lang='grc' dir='ltr'>αύτὸ</span> <span class='ocrx_word' id='word_1_144' title='bbox 1513 1942 1574 1995; x_wconf 88' lang='grc' dir='ltr'>τὸ</span> <span class='ocrx_word' id='word_1_145' title='bbox 1594 1940 1788 2010; x_wconf 68' lang='grc' dir='ltr'>ψεῦδος</span> <span class='ocrx_word' id='word_1_146' title='bbox 1820 1957 1908 1992; x_wconf 87' lang='grc' dir='ltr'>πι-</span> 
     </span>
    </p>
   </div>
   <div class='ocr_carea' id='block_1_20' title="bbox 229 2025 1907 2103">
    <p class='ocr_par' dir='ltr' id='par_1_20' title="bbox 229 2025 1907 2103">
     <span class='ocr_line' id='line_1_20' title="bbox 229 2025 1907 2103; baseline -0.004 -20"><span class='ocrx_word' id='word_1_147' title='bbox 229 2031 509 2095; x_wconf 85' lang='grc' dir='ltr'>στεύεται,</span> <span class='ocrx_word' id='word_1_148' title='bbox 538 2032 631 2085; x_wconf 81' lang='grc' dir='ltr'>ἐὰν</span> <span class='ocrx_word' id='word_1_149' title='bbox 657 2033 731 2103; x_wconf 84' lang='grc' dir='ltr'>μὴ</span> <span class='ocrx_word' id='word_1_150' title='bbox 758 2032 1031 2103; x_wconf 86' lang='grc' dir='ltr'>προλαϐὸν</span> <span class='ocrx_word' id='word_1_151' title='bbox 1056 2030 1355 2099; x_wconf 77' lang='grc' dir='ltr'>ἐνδείξηται</span> <span class='ocrx_word' id='word_1_152' title='bbox 1384 2028 1482 2099; x_wconf 83' lang='grc' dir='ltr'>τὴν</span> <span class='ocrx_word' id='word_1_153' title='bbox 1504 2028 1787 2097; x_wconf 77' lang='grc' dir='ltr'>ἀλήθειαν·</span> <span class='ocrx_word' id='word_1_154' title='bbox 1819 2025 1907 2078; x_wconf 84' lang='grc' dir='ltr'>διὰ</span> 
     </span>
    </p>
   </div>
   <div class='ocr_carea' id='block_1_21' title="bbox 223 2117 1906 2189">
    <p class='ocr_par' dir='ltr' id='par_1_21' title="bbox 223 2117 1906 2189">
     <span class='ocr_line' id='line_1_21' title="bbox 223 2117 1906 2189; baseline 0 -19"><span class='ocrx_word' id='word_1_155' title='bbox 223 2118 394 2172; x_wconf 80' lang='grc' dir='ltr'>τοῦτο</span> <span class='ocrx_word' id='word_1_156' title='bbox 414 2121 464 2172; x_wconf 81' lang='grc' dir='ltr'>σί</span> <span class='ocrx_word' id='word_1_157' title='bbox 495 2119 732 2182; x_wconf 82' lang='grc' dir='ltr'>πιθανῶς</span> <span class='ocrx_word' id='word_1_158' title='bbox 752 2120 1073 2189; x_wconf 76' lang='grc' dir='ltr'>ψευδόμενοι</span> <span class='ocrx_word' id='word_1_159' title='bbox 1101 2119 1316 2189; x_wconf 88' lang='grc' dir='ltr'>πρῶτον</span> <span class='ocrx_word' id='word_1_160' title='bbox 1339 2118 1554 2186; x_wconf 83' lang='grc' dir='ltr'>λέγουσι</span> <span class='ocrx_word' id='word_1_161' title='bbox 1580 2117 1788 2187; x_wconf 90' lang='grc' dir='ltr'>τάληθῆ</span> <span class='ocrx_word' id='word_1_162' title='bbox 1813 2117 1906 2170; x_wconf 76' lang='grc' dir='ltr'>καὶ</span> 
     </span>
    </p>
   </div>
   <div class='ocr_carea' id='block_1_22' title="bbox 224 2206 1904 2278">
    <p class='ocr_par' dir='ltr' id='par_1_22' title="bbox 224 2206 1904 2278">
     <span class='ocr_line' id='line_1_22' title="bbox 224 2206 1904 2278; baseline -0.002 -19"><span class='ocrx_word' id='word_1_163' title='bbox 224 2207 400 2259; x_wconf 71' lang='grc' dir='ltr'>πᾶσιν</span> <span class='ocrx_word' id='word_1_164' title='bbox 421 2206 839 2278; x_wconf 82' lang='grc' dir='ltr'>ὡμολογημένα,</span> <span class='ocrx_word' id='word_1_165' title='bbox 865 2208 958 2260; x_wconf 77' lang='grc' dir='ltr'>καὶ</span> <span class='ocrx_word' id='word_1_166' title='bbox 978 2208 1099 2260; x_wconf 83' lang='grc' dir='ltr'>τότε</span> <span class='ocrx_word' id='word_1_167' title='bbox 1120 2208 1386 2275; x_wconf 75' lang='grc' dir='ltr'>ἐπάγουσι</span> <span class='ocrx_word' id='word_1_168' title='bbox 1404 2207 1472 2260; x_wconf 87' lang='grc' dir='ltr'>τά</span> <span class='ocrx_word' id='word_1_169' title='bbox 1490 2206 1659 2275; x_wconf 77' lang='grc' dir='ltr'>ψευδῆ</span> <span class='ocrx_word' id='word_1_170' title='bbox 1680 2207 1773 2257; x_wconf 88' lang='grc' dir='ltr'>καί</span> <span class='ocrx_word' id='word_1_171' title='bbox 1796 2206 1904 2274; x_wconf 79' lang='grc' dir='ltr'>ἀμο</span> 
     </span>
    </p>
   </div>
   <div class='ocr_carea' id='block_1_23' title="bbox 226 2292 1899 2364">
    <p class='ocr_par' dir='ltr' id='par_1_23' title="bbox 226 2292 1899 2364">
     <span class='ocr_line' id='line_1_23' title="bbox 226 2292 1899 2364; baseline 0 -20"><span class='ocrx_word' id='word_1_172' title='bbox 226 2292 621 2363; x_wconf 81' lang='grc' dir='ltr'>φιϐαλλόμενα.</span> <span class='ocrx_word' id='word_1_173' title='bbox 642 2294 903 2363; x_wconf 86' lang='grc' dir='ltr'>Είσῆλθον</span> <span class='ocrx_word' id='word_1_174' title='bbox 925 2295 1059 2364; x_wconf 87' lang='grc' dir='ltr'>πρὸς</span> <span class='ocrx_word' id='word_1_175' title='bbox 1088 2295 1145 2346; x_wconf 84' lang='grc' dir='ltr'>σὲ</span> <span class='ocrx_word' id='word_1_176' title='bbox 1172 2294 1535 2357; x_wconf 86' lang='grc' dir='ltr'>κατάσκοποι;</span> <span class='ocrx_word' id='word_1_177' title='bbox 1555 2294 1738 2361; x_wconf 82' lang='grc' dir='ltr'>Λέγει,</span> <span class='ocrx_word' id='word_1_178' title='bbox 1758 2292 1865 2344; x_wconf 79' lang='grc' dir='ltr'>Ναί</span> <span class='ocrx_word' id='word_1_179' title='bbox 1885 2309 1899 2323; x_wconf 92' lang='grc'>·</span> 
     </span>
    </p>
   </div>
   <div class='ocr_carea' id='block_1_24' title="bbox 223 2377 1903 2452">
    <p class='ocr_par' dir='ltr' id='par_1_24' title="bbox 223 2377 1903 2452">
     <span class='ocr_line' id='line_1_24' title="bbox 223 2377 1903 2452; baseline 0 -20"><span class='ocrx_word' id='word_1_180' title='bbox 223 2382 273 2433; x_wconf 89' lang='grc' dir='ltr'>εί</span> <span class='ocrx_word' id='word_1_181' title='bbox 302 2380 415 2450; x_wconf 80' lang='grc' dir='ltr'>γὰρ</span> <span class='ocrx_word' id='word_1_182' title='bbox 437 2377 589 2434; x_wconf 81' lang='grc' dir='ltr'>εἶπεν</span> <span class='ocrx_word' id='word_1_183' title='bbox 619 2380 678 2445; x_wconf 86' lang='grc' dir='ltr'>ἐξ</span> <span class='ocrx_word' id='word_1_184' title='bbox 703 2383 895 2451; x_wconf 85' lang='grc' dir='ltr'>ἀρχῆς,</span> <span class='ocrx_word' id='word_1_185' title='bbox 921 2380 1016 2441; x_wconf 83' lang='grc' dir='ltr'>Οὒ,</span> <span class='ocrx_word' id='word_1_186' title='bbox 1044 2381 1398 2452; x_wconf 83' lang='grc' dir='ltr'>προεκαλεῖτο</span> <span class='ocrx_word' id='word_1_187' title='bbox 1427 2384 1506 2445; x_wconf 88' lang='grc' dir='ltr'>εἰς</span> <span class='ocrx_word' id='word_1_188' title='bbox 1532 2381 1755 2450; x_wconf 74' lang='grc' dir='ltr'>ἔρευναν</span> <span class='ocrx_word' id='word_1_189' title='bbox 1777 2380 1903 2443; x_wconf 80' lang='grc' dir='ltr'>τοὺς</span> 
     </span>
    </p>
   </div>
   <div class='ocr_carea' id='block_1_25' title="bbox 223 2467 1901 2540">
    <p class='ocr_par' dir='ltr' id='par_1_25' title="bbox 223 2467 1901 2540">
     <span class='ocr_line' id='line_1_25' title="bbox 223 2467 1901 2540; baseline 0.001 -19"><span class='ocrx_word' id='word_1_190' title='bbox 223 2468 555 2532; x_wconf 71' lang='grc' dir='ltr'>ἐπελθόντας</span> <span class='ocrx_word' id='word_1_191' title='bbox 576 2485 590 2498; x_wconf 93' lang='grc'>·</span> <span class='ocrx_word' id='word_1_192' title='bbox 618 2467 766 2540; x_wconf 78' lang='grc'>[555]</span> <span class='ocrx_word' id='word_1_193' title='bbox 795 2468 950 2531; x_wconf 78' lang='grc' dir='ltr'>ἀλλά,</span> <span class='ocrx_word' id='word_1_194' title='bbox 968 2469 1078 2521; x_wconf 76' lang='grc' dir='ltr'>Καὶ</span> <span class='ocrx_word' id='word_1_195' title='bbox 1100 2468 1366 2540; x_wconf 72' lang='grc' dir='ltr'>εἰσῆλθον,</span> <span class='ocrx_word' id='word_1_196' title='bbox 1385 2470 1538 2538; x_wconf 76' lang='grc' dir='ltr'>φησὶ,</span> <span class='ocrx_word' id='word_1_197' title='bbox 1563 2468 1658 2521; x_wconf 75' lang='grc' dir='ltr'>καὶ</span> <span class='ocrx_word' id='word_1_198' title='bbox 1683 2467 1901 2537; x_wconf 77' lang='grc' dir='ltr'>ἐξῆλθον</span> 
     </span>
    </p>
   </div>
   <div class='ocr_carea' id='block_1_26' title="bbox 220 2554 1904 2626">
    <p class='ocr_par' dir='ltr' id='par_1_26' title="bbox 220 2554 1904 2626">
     <span class='ocr_line' id='line_1_26' title="bbox 220 2554 1904 2626; baseline 0.001 -19"><span class='ocrx_word' id='word_1_199' title='bbox 220 2555 355 2625; x_wconf 76' lang='grc' dir='ltr'>τῇδε</span> <span class='ocrx_word' id='word_1_200' title='bbox 370 2557 434 2625; x_wconf 81' lang='grc' dir='ltr'>τῇ</span> <span class='ocrx_word' id='word_1_201' title='bbox 455 2554 577 2626; x_wconf 86' lang='grc' dir='ltr'>ὀδῷ,</span> <span class='ocrx_word' id='word_1_202' title='bbox 594 2555 977 2620; x_wconf 83' lang='grc' dir='ltr'>καταδιώξατε,</span> <span class='ocrx_word' id='word_1_203' title='bbox 994 2556 1089 2609; x_wconf 71' lang='grc' dir='ltr'>καὶ</span> <span class='ocrx_word' id='word_1_204' title='bbox 1107 2556 1482 2626; x_wconf 74' lang='grc' dir='ltr'>καταλήψεσθε</span> <span class='ocrx_word' id='word_1_205' title='bbox 1498 2555 1713 2619; x_wconf 76' lang='grc' dir='ltr'>αὐτούς.</span> <span class='ocrx_word' id='word_1_206' title='bbox 1731 2556 1795 2607; x_wconf 85' lang='grc' dir='ltr'><strong>Ὢ</strong></span> <span class='ocrx_word' id='word_1_207' title='bbox 1811 2573 1904 2608; x_wconf 88' lang='grc' dir='ltr'>κα-</span> 
     </span>
    </p>
   </div>
   <div class='ocr_carea' id='block_1_27' title="bbox 221 2640 1899 2713">
    <p class='ocr_par' dir='ltr' id='par_1_27' title="bbox 221 2640 1899 2713">
     <span class='ocr_line' id='line_1_27' title="bbox 221 2640 1899 2713; baseline 0.003 -20"><span class='ocrx_word' id='word_1_208' title='bbox 221 2640 319 2694; x_wconf 91' lang='grc' dir='ltr'>λοῦ</span> <span class='ocrx_word' id='word_1_209' title='bbox 337 2642 593 2710; x_wconf 72' lang='grc' dir='ltr'>ψεύδους·</span> <span class='ocrx_word' id='word_1_210' title='bbox 622 2641 668 2694; x_wconf 84' lang='grc' dir='ltr'><strong>ὣ</strong></span> <span class='ocrx_word' id='word_1_211' title='bbox 693 2640 858 2695; x_wconf 86' lang='grc' dir='ltr'>καλοῦ</span> <span class='ocrx_word' id='word_1_212' title='bbox 878 2642 1031 2694; x_wconf 86' lang='grc' dir='ltr'>δόλου</span> <span class='ocrx_word' id='word_1_213' title='bbox 1051 2643 1111 2696; x_wconf 82' lang='grc' dir='ltr'>ού</span> <span class='ocrx_word' id='word_1_214' title='bbox 1137 2642 1480 2713; x_wconf 79' lang='grc' dir='ltr'>προδιδόντος</span> <span class='ocrx_word' id='word_1_215' title='bbox 1508 2644 1574 2696; x_wconf 89' lang='grc' dir='ltr'>τά</span> <span class='ocrx_word' id='word_1_216' title='bbox 1599 2642 1736 2706; x_wconf 87' lang='grc' dir='ltr'>θεῖα,</span> <span class='ocrx_word' id='word_1_217' title='bbox 1764 2644 1899 2699; x_wconf 89' lang='grc' dir='ltr'>ἀλλά</span> 
     </span>
    </p>
   </div>
   <div class='ocr_carea' id='block_1_28' title="bbox 221 2728 1898 2803">
    <p class='ocr_par' dir='ltr' id='par_1_28' title="bbox 221 2728 1898 2803">
     <span class='ocr_line' id='line_1_28' title="bbox 221 2728 1898 2803; baseline 0.002 -22"><span class='ocrx_word' id='word_1_218' title='bbox 221 2729 589 2798; x_wconf 82' lang='grc' dir='ltr'>φυλάττοντος</span> <span class='ocrx_word' id='word_1_219' title='bbox 621 2728 717 2800; x_wconf 82' lang='grc' dir='ltr'>τὴν</span> <span class='ocrx_word' id='word_1_220' title='bbox 741 2728 1120 2783; x_wconf 84' lang='grc' dir='ltr'>εύσέϐειαν.Εί</span> <span class='ocrx_word' id='word_1_221' title='bbox 1149 2729 1329 2783; x_wconf 87' lang='grc' dir='ltr'>τοίνυν</span> <span class='ocrx_word' id='word_1_222' title='bbox 1357 2730 1457 2802; x_wconf 83' lang='grc' dir='ltr'>τὴν</span> <span class='ocrx_word' id='word_1_223' title='bbox 1482 2730 1651 2782; x_wconf 82' lang='grc' dir='ltr'>Ῥαὰϐ</span> <span class='ocrx_word' id='word_1_224' title='bbox 1685 2732 1898 2803; x_wconf 81' lang='grc' dir='ltr'>ἐκείνην</span> 
     </span>
    </p>
   </div>
   <div class='ocr_carea' id='block_1_29' title="bbox 217 2815 1900 2889">
    <p class='ocr_par' dir='ltr' id='par_1_29' title="bbox 217 2815 1900 2889">
     <span class='ocr_line' id='line_1_29' title="bbox 217 2815 1900 2889; baseline 0.001 -19"><span class='ocrx_word' id='word_1_225' title='bbox 217 2820 250 2886; x_wconf 80' lang='grc' dir='ltr'><strong>ἡ</strong></span> <span class='ocrx_word' id='word_1_226' title='bbox 287 2819 553 2889; x_wconf 79' lang='grc' dir='ltr'>μετάνοια</span> <span class='ocrx_word' id='word_1_227' title='bbox 566 2817 838 2888; x_wconf 86' lang='grc' dir='ltr'>σωτηρίας</span> <span class='ocrx_word' id='word_1_228' title='bbox 859 2815 1127 2886; x_wconf 82' lang='grc' dir='ltr'>τοσαύτης</span> <span class='ocrx_word' id='word_1_229' title='bbox 1149 2816 1370 2887; x_wconf 77' lang='grc' dir='ltr'>ἠξίωσε,</span> <span class='ocrx_word' id='word_1_230' title='bbox 1398 2818 1492 2870; x_wconf 78' lang='grc' dir='ltr'>καὶ</span> <span class='ocrx_word' id='word_1_231' title='bbox 1515 2816 1601 2870; x_wconf 83' lang='grc' dir='ltr'>διὰ</span> <span class='ocrx_word' id='word_1_232' title='bbox 1631 2818 1900 2888; x_wconf 85' lang='grc' dir='ltr'>στόματος</span> 
     </span>
    </p>
   </div>
   <div class='ocr_carea' id='block_1_30' title="bbox 217 2904 1895 2978">
    <p class='ocr_par' dir='ltr' id='par_1_30' title="bbox 217 2904 1895 2978">
     <span class='ocr_line' id='line_1_30' title="bbox 217 2904 1895 2978; baseline -0.001 -19"><span class='ocrx_word' id='word_1_233' title='bbox 217 2907 397 2974; x_wconf 80' lang='grc' dir='ltr'>ἁγίων</span> <span class='ocrx_word' id='word_1_234' title='bbox 428 2906 778 2977; x_wconf 86' lang='grc' dir='ltr'>κηρύττεται,</span> <span class='ocrx_word' id='word_1_235' title='bbox 810 2904 985 2977; x_wconf 82' lang='grc' dir='ltr'>Ἰησοῦ</span> <span class='ocrx_word' id='word_1_236' title='bbox 1024 2906 1122 2972; x_wconf 86' lang='grc' dir='ltr'>μὲν</span> <span class='ocrx_word' id='word_1_237' title='bbox 1148 2906 1243 2958; x_wconf 89' lang='grc' dir='ltr'>τοῦ</span> <span class='ocrx_word' id='word_1_238' title='bbox 1277 2905 1436 2975; x_wconf 83' lang='grc' dir='ltr'>Ναυῆ</span> <span class='ocrx_word' id='word_1_239' title='bbox 1476 2904 1704 2975; x_wconf 84' lang='grc' dir='ltr'>βοῶντος</span> <span class='ocrx_word' id='word_1_240' title='bbox 1746 2907 1804 2959; x_wconf 88' lang='grc' dir='ltr'>ἐν</span> <span class='ocrx_word' id='word_1_241' title='bbox 1829 2909 1895 2978; x_wconf 77' lang='grc' dir='ltr'>τῇ</span> 
     </span>
    </p>
   </div>
   <div class='ocr_carea' id='block_1_31' title="bbox 216 2994 1897 3069">
    <p class='ocr_par' dir='ltr' id='par_1_31' title="bbox 216 2994 1897 3069">
     <span class='ocr_line' id='line_1_31' title="bbox 216 2994 1897 3069; baseline -0.001 -20"><span class='ocrx_word' id='word_1_242' title='bbox 216 2997 420 3069; x_wconf 74' lang='grc' dir='ltr'>ἐρήμῳ</span> <span class='ocrx_word' id='word_1_243' title='bbox 438 3013 452 3027; x_wconf 95' lang='grc'>·</span> <span class='ocrx_word' id='word_1_244' title='bbox 476 2996 642 3062; x_wconf 82' lang='grc' dir='ltr'>Ζήτω</span> <span class='ocrx_word' id='word_1_245' title='bbox 665 2995 847 3049; x_wconf 85' lang='grc' dir='ltr'>Ῥαὰϐ</span> <span class='ocrx_word' id='word_1_246' title='bbox 866 2997 904 3064; x_wconf 79' lang='grc' dir='ltr'><strong><em>ἠ</em></strong></span> <span class='ocrx_word' id='word_1_247' title='bbox 932 2995 1147 3063; x_wconf 81' lang='grc' dir='ltr'>πόρνη,</span> <span class='ocrx_word' id='word_1_248' title='bbox 1179 2994 1393 3048; x_wconf 82' lang='grc' dir='ltr'>Παύλου</span> <span class='ocrx_word' id='word_1_249' title='bbox 1416 2994 1473 3048; x_wconf 82' lang='grc' dir='ltr'>δὲ</span> <span class='ocrx_word' id='word_1_250' title='bbox 1492 2995 1760 3061; x_wconf 85' lang='grc' dir='ltr'>λέγοντος,</span> <span class='ocrx_word' id='word_1_251' title='bbox 1792 2996 1897 3049; x_wconf 89' lang='grc' dir='ltr'>Πί-</span> 
     </span>
    </p>
   </div>
   <div class='ocr_carea' id='block_1_32' title="bbox 215 3081 1893 3153">
    <p class='ocr_par' dir='ltr' id='par_1_32' title="bbox 215 3081 1893 3153">
     <span class='ocr_line' id='line_1_32' title="bbox 215 3081 1893 3153; baseline -0.002 -15"><span class='ocrx_word' id='word_1_252' title='bbox 215 3098 355 3139; x_wconf 76' lang='grc' dir='ltr'>στει</span> <span class='ocrx_word' id='word_1_253' title='bbox 375 3084 550 3138; x_wconf 71' lang='grc' dir='ltr'>Ῥαὰϐ</span> <span class='ocrx_word' id='word_1_254' title='bbox 565 3085 604 3153; x_wconf 76' lang='grc' dir='ltr'><strong><em>ἠ</em></strong></span> <span class='ocrx_word' id='word_1_255' title='bbox 627 3084 816 3152; x_wconf 79' lang='grc' dir='ltr'>πόρνη</span> <span class='ocrx_word' id='word_1_256' title='bbox 841 3086 913 3137; x_wconf 86' lang='grc' dir='ltr'>οὐ</span> <span class='ocrx_word' id='word_1_257' title='bbox 932 3082 1326 3137; x_wconf 73' lang='grc' dir='ltr'>συναπώλετο</span> <span class='ocrx_word' id='word_1_258' title='bbox 1356 3082 1480 3148; x_wconf 79' lang='grc' dir='ltr'>τοῖς</span> <span class='ocrx_word' id='word_1_259' title='bbox 1504 3081 1893 3148; x_wconf 75' lang='grc' dir='ltr'>ἀπειθήσασι,</span> 
     </span>
    </p>
   </div>
   <div class='ocr_carea' id='block_1_33' title="bbox 217 3171 1891 3244">
    <p class='ocr_par' dir='ltr' id='par_1_33' title="bbox 217 3171 1891 3244">
     <span class='ocr_line' id='line_1_33' title="bbox 217 3171 1891 3244; baseline -0.002 -17"><span class='ocrx_word' id='word_1_260' title='bbox 217 3175 376 3244; x_wconf 85' lang='grc' dir='ltr'>πόσῳ</span> <span class='ocrx_word' id='word_1_261' title='bbox 405 3173 602 3244; x_wconf 78' lang='grc' dir='ltr'>μᾶλλον</span> <span class='ocrx_word' id='word_1_262' title='bbox 649 3175 831 3244; x_wconf 80' lang='grc' dir='ltr'>ἡμεῖς,</span> <span class='ocrx_word' id='word_1_263' title='bbox 868 3174 965 3225; x_wconf 76' lang='grc' dir='ltr'>ἐὰν</span> <span class='ocrx_word' id='word_1_264' title='bbox 1006 3173 1370 3243; x_wconf 83' lang='grc' dir='ltr'>προσάγωμεν</span> <span class='ocrx_word' id='word_1_265' title='bbox 1402 3171 1499 3242; x_wconf 82' lang='grc' dir='ltr'>τὴν</span> <span class='ocrx_word' id='word_1_266' title='bbox 1559 3172 1849 3242; x_wconf 89' lang='grc' dir='ltr'>μετάνοιαν</span> <span class='ocrx_word' id='word_1_267' title='bbox 1874 3210 1891 3237; x_wconf 92' lang='grc'>,</span> 
     </span>
    </p>
   </div>
   <div class='ocr_carea' id='block_1_34' title="bbox 215 3259 1890 3333">
    <p class='ocr_par' dir='ltr' id='par_1_34' title="bbox 215 3259 1890 3333">
     <span class='ocr_line' id='line_1_34' title="bbox 215 3259 1890 3333; baseline -0.002 -16"><span class='ocrx_word' id='word_1_268' title='bbox 215 3261 484 3331; x_wconf 78' lang='grc' dir='ltr'>δεξόμεθα</span> <span class='ocrx_word' id='word_1_269' title='bbox 507 3261 603 3333; x_wconf 77' lang='grc' dir='ltr'>τὴν</span> <span class='ocrx_word' id='word_1_270' title='bbox 626 3262 929 3332; x_wconf 86' lang='grc' dir='ltr'>σωτηρίαν;</span> <span class='ocrx_word' id='word_1_271' title='bbox 954 3260 1253 3324; x_wconf 85' lang='grc' dir='ltr'>Μετανοίας</span> <span class='ocrx_word' id='word_1_272' title='bbox 1276 3260 1373 3314; x_wconf 90' lang='grc' dir='ltr'>νῦν</span> <span class='ocrx_word' id='word_1_273' title='bbox 1402 3262 1430 3314; x_wconf 87' lang='grc' dir='ltr'>ό</span> <span class='ocrx_word' id='word_1_274' title='bbox 1457 3259 1646 3331; x_wconf 88' lang='grc' dir='ltr'>παρὼν</span> <span class='ocrx_word' id='word_1_275' title='bbox 1672 3260 1858 3332; x_wconf 91' lang='grc' dir='ltr'>καιρός</span> <span class='ocrx_word' id='word_1_276' title='bbox 1876 3278 1890 3291; x_wconf 94' lang='grc'>·</span> 
     </span>
    </p>
   </div>
   <div class='ocr_carea' id='block_1_35' title="bbox 214 3349 1890 3422">
    <p class='ocr_par' dir='ltr' id='par_1_35' title="bbox 214 3349 1890 3422">
     <span class='ocr_line' id='line_1_35' title="bbox 214 3349 1890 3422; baseline -0.001 -17"><span class='ocrx_word' id='word_1_277' title='bbox 214 3351 390 3414; x_wconf 77' lang='grc' dir='ltr'>πολὺς</span> <span class='ocrx_word' id='word_1_278' title='bbox 414 3351 519 3422; x_wconf 84' lang='grc' dir='ltr'>γάρ</span> <span class='ocrx_word' id='word_1_279' title='bbox 542 3352 572 3403; x_wconf 89' lang='lat'>6</span> <span class='ocrx_word' id='word_1_280' title='bbox 593 3351 753 3418; x_wconf 81' lang='grc' dir='ltr'>φόϐος</span> <span class='ocrx_word' id='word_1_281' title='bbox 774 3349 883 3402; x_wconf 86' lang='grc' dir='ltr'>τῶν</span> <span class='ocrx_word' id='word_1_282' title='bbox 916 3350 1276 3420; x_wconf 77' lang='grc' dir='ltr'>ἐπικειμένων</span> <span class='ocrx_word' id='word_1_283' title='bbox 1300 3352 1432 3419; x_wconf 83' lang='grc' dir='ltr'>ἡμῖν</span> <span class='ocrx_word' id='word_1_284' title='bbox 1456 3349 1890 3420; x_wconf 83' lang='grc' dir='ltr'>ἁμαρτημάτων,</span> 
     </span>
    </p>
   </div>
   <div class='ocr_carea' id='block_1_36' title="bbox 214 3437 1893 3510">
    <p class='ocr_par' dir='ltr' id='par_1_36' title="bbox 214 3437 1893 3510">
     <span class='ocr_line' id='line_1_36' title="bbox 214 3437 1893 3510; baseline -0.001 -16"><span class='ocrx_word' id='word_1_285' title='bbox 214 3440 280 3495; x_wconf 74' lang='grc' dir='ltr'>ἂν</span> <span class='ocrx_word' id='word_1_286' title='bbox 315 3439 396 3510; x_wconf 83' lang='grc' dir='ltr'>μὴ</span> <span class='ocrx_word' id='word_1_287' title='bbox 425 3438 684 3509; x_wconf 86' lang='grc' dir='ltr'>προλάϐοι</span> <span class='ocrx_word' id='word_1_288' title='bbox 715 3438 815 3508; x_wconf 77' lang='grc' dir='ltr'>τὴν</span> <span class='ocrx_word' id='word_1_289' title='bbox 847 3439 1116 3509; x_wconf 85' lang='grc' dir='ltr'>τιμωρίαν</span> <span class='ocrx_word' id='word_1_290' title='bbox 1148 3439 1180 3508; x_wconf 77' lang='grc' dir='ltr'><strong>ὴ</strong></span> <span class='ocrx_word' id='word_1_291' title='bbox 1221 3437 1498 3506; x_wconf 90' lang='grc' dir='ltr'>μετάνοια.</span> <span class='ocrx_word' id='word_1_292' title='bbox 1533 3437 1893 3506; x_wconf 71' lang='grc' dir='ltr'>Προφθάσω-</span> 
     </span>
    </p>
   </div>
   <div class='ocr_carea' id='block_1_37' title="bbox 210 3523 1895 3597">
    <p class='ocr_par' dir='ltr' id='par_1_37' title="bbox 210 3523 1895 3597">
     <span class='ocr_line' id='line_1_37' title="bbox 210 3523 1895 3597; baseline -0.002 -16"><span class='ocrx_word' id='word_1_293' title='bbox 210 3545 331 3597; x_wconf 77' lang='grc' dir='ltr'>μεν</span> <span class='ocrx_word' id='word_1_294' title='bbox 356 3524 424 3579; x_wconf 90' lang='grc' dir='ltr'>τὸ</span> <span class='ocrx_word' id='word_1_295' title='bbox 462 3527 788 3593; x_wconf 81' lang='grc' dir='ltr'>πρόσωπον</span> <span class='ocrx_word' id='word_1_296' title='bbox 831 3524 1018 3578; x_wconf 84' lang='grc' dir='ltr'>αὐτοῦ</span> <span class='ocrx_word' id='word_1_297' title='bbox 1051 3525 1121 3577; x_wconf 82' lang='grc' dir='ltr'>ὲν</span> <span class='ocrx_word' id='word_1_298' title='bbox 1172 3523 1603 3593; x_wconf 75' lang='grc' dir='ltr'>ἐξομολογήσει</span> <span class='ocrx_word' id='word_1_299' title='bbox 1637 3541 1650 3555; x_wconf 87' lang='grc'>·</span> <span class='ocrx_word' id='word_1_300' title='bbox 1690 3525 1895 3579; x_wconf 80' lang='grc' dir='ltr'>σϐέσω-</span> 
     </span>
    </p>
   </div>
   <div class='ocr_carea' id='block_1_38' title="bbox 216 3610 1889 3686">
    <p class='ocr_par' dir='ltr' id='par_1_38' title="bbox 216 3610 1889 3686">
     <span class='ocr_line' id='line_1_38' title="bbox 216 3610 1889 3686; baseline -0.002 -18"><span class='ocrx_word' id='word_1_301' title='bbox 216 3632 319 3686; x_wconf 85' lang='grc' dir='ltr'>μεν</span> <span class='ocrx_word' id='word_1_302' title='bbox 344 3613 441 3684; x_wconf 78' lang='grc' dir='ltr'>τὴν</span> <span class='ocrx_word' id='word_1_303' title='bbox 468 3613 745 3683; x_wconf 80' lang='grc' dir='ltr'>πυρκαϊὰν</span> <span class='ocrx_word' id='word_1_304' title='bbox 766 3610 875 3665; x_wconf 85' lang='grc' dir='ltr'>τῶν</span> <span class='ocrx_word' id='word_1_305' title='bbox 899 3612 1334 3682; x_wconf 79' lang='grc' dir='ltr'>ἁμαρτημάτων,</span> <span class='ocrx_word' id='word_1_306' title='bbox 1353 3611 1450 3680; x_wconf 79' lang='grc' dir='ltr'>οὐχ</span> <span class='ocrx_word' id='word_1_307' title='bbox 1473 3610 1628 3664; x_wconf 76' lang='grc' dir='ltr'>ὕδασι</span> <span class='ocrx_word' id='word_1_308' title='bbox 1655 3612 1889 3677; x_wconf 86' lang='grc' dir='ltr'>πολλοῖς,</span> 
     </span>
    </p>
   </div>
   <div class='ocr_carea' id='block_1_39' title="bbox 210 3698 1891 3773">
    <p class='ocr_par' dir='ltr' id='par_1_39' title="bbox 210 3698 1891 3773">
     <span class='ocr_line' id='line_1_39' title="bbox 210 3698 1891 3773; baseline -0.002 -18"><span class='ocrx_word' id='word_1_309' title='bbox 210 3703 355 3755; x_wconf 86' lang='grc' dir='ltr'>ἀλλά</span> <span class='ocrx_word' id='word_1_310' title='bbox 391 3703 606 3773; x_wconf 85' lang='grc' dir='ltr'>μικροῖς</span> <span class='ocrx_word' id='word_1_311' title='bbox 632 3700 883 3771; x_wconf 88' lang='grc' dir='ltr'>δάκρυσι.</span> <span class='ocrx_word' id='word_1_312' title='bbox 915 3699 1058 3751; x_wconf 80' lang='grc' dir='ltr'>Πολὺ</span> <span class='ocrx_word' id='word_1_313' title='bbox 1099 3699 1159 3750; x_wconf 85' lang='grc' dir='ltr'>τὸ</span> <span class='ocrx_word' id='word_1_314' title='bbox 1184 3699 1295 3768; x_wconf 89' lang='grc' dir='ltr'>πῦρ</span> <span class='ocrx_word' id='word_1_315' title='bbox 1337 3698 1438 3765; x_wconf 86' lang='grc' dir='ltr'>τῆς</span> <span class='ocrx_word' id='word_1_316' title='bbox 1469 3701 1767 3768; x_wconf 85' lang='grc' dir='ltr'>ἁμαρτίας,</span> <span class='ocrx_word' id='word_1_317' title='bbox 1800 3702 1891 3753; x_wconf 76' lang='grc' dir='ltr'>καὶ</span> 
     </span>
    </p>
   </div>
   <div class='ocr_carea' id='block_1_40' title="bbox 209 3785 1889 3860">
    <p class='ocr_par' dir='ltr' id='par_1_40' title="bbox 209 3785 1889 3860">
     <span class='ocr_line' id='line_1_40' title="bbox 209 3785 1889 3860; baseline -0.002 -16"><span class='ocrx_word' id='word_1_318' title='bbox 209 3790 384 3860; x_wconf 79' lang='grc' dir='ltr'>ὀλίγῳ</span> <span class='ocrx_word' id='word_1_319' title='bbox 441 3788 660 3859; x_wconf 80' lang='grc' dir='ltr'>δακρύῳ</span> <span class='ocrx_word' id='word_1_320' title='bbox 702 3787 1026 3841; x_wconf 82' lang='grc' dir='ltr'>σϐέννυται·</span> <span class='ocrx_word' id='word_1_321' title='bbox 1082 3785 1144 3838; x_wconf 88' lang='grc' dir='ltr'>τὸ</span> <span class='ocrx_word' id='word_1_322' title='bbox 1190 3787 1298 3856; x_wconf 83' lang='grc' dir='ltr'>γὰρ</span> <span class='ocrx_word' id='word_1_323' title='bbox 1349 3786 1584 3854; x_wconf 83' lang='grc' dir='ltr'>δάκρυον</span> <span class='ocrx_word' id='word_1_324' title='bbox 1637 3786 1889 3840; x_wconf 82' lang='grc' dir='ltr'>σϐέννυσι</span> 
     </span>
    </p>
   </div>
   <div class='ocr_carea' id='block_1_41' title="bbox 210 3876 1891 3951">
    <p class='ocr_par' dir='ltr' id='par_1_41' title="bbox 210 3876 1891 3951">
     <span class='ocr_line' id='line_1_41' title="bbox 210 3876 1891 3951; baseline -0.002 -18"><span class='ocrx_word' id='word_1_325' title='bbox 210 3878 493 3951; x_wconf 75' lang='grc' dir='ltr'>πυρκαϊὰν</span> <span class='ocrx_word' id='word_1_326' title='bbox 520 3878 955 3949; x_wconf 81' lang='grc' dir='ltr'>ἁμαρτημάτων,</span> <span class='ocrx_word' id='word_1_327' title='bbox 979 3877 1073 3930; x_wconf 66' lang='grc' dir='ltr'>καὶ</span> <span class='ocrx_word' id='word_1_328' title='bbox 1101 3876 1400 3929; x_wconf 80' lang='grc' dir='ltr'>ἀποπλύνει</span> <span class='ocrx_word' id='word_1_329' title='bbox 1428 3876 1690 3929; x_wconf 85' lang='grc' dir='ltr'>δυσωδίαν</span> <span class='ocrx_word' id='word_1_330' title='bbox 1716 3879 1891 3949; x_wconf 89' lang='grc' dir='ltr'>ἁμαρ-</span> 
     </span>
    </p>
   </div>
   <div class='ocr_carea' id='block_1_42' title="bbox 206 3965 1884 4039">
    <p class='ocr_par' dir='ltr' id='par_1_42' title="bbox 206 3965 1884 4039">
     <span class='ocr_line' id='line_1_42' title="bbox 206 3965 1884 4039; baseline -0.004 -15"><span class='ocrx_word' id='word_1_331' title='bbox 206 3969 355 4033; x_wconf 81' lang='grc' dir='ltr'>τίας.</span> <span class='ocrx_word' id='word_1_332' title='bbox 386 3971 674 4039; x_wconf 86' lang='grc' dir='ltr'>Μαρτυρεῖ</span> <span class='ocrx_word' id='word_1_333' title='bbox 703 3965 863 4021; x_wconf 83' lang='grc' dir='ltr'>Δαυῖδ</span> <span class='ocrx_word' id='word_1_334' title='bbox 897 3970 925 4019; x_wconf 89' lang='grc' dir='ltr'>ό</span> <span class='ocrx_word' id='word_1_335' title='bbox 965 3966 1234 4037; x_wconf 89' lang='grc' dir='ltr'>μακάριος</span> <span class='ocrx_word' id='word_1_336' title='bbox 1268 3965 1461 4033; x_wconf 86' lang='grc' dir='ltr'>λέγων,</span> <span class='ocrx_word' id='word_1_337' title='bbox 1498 3967 1593 4018; x_wconf 72' lang='grc' dir='ltr'>καὶ</span> <span class='ocrx_word' id='word_1_338' title='bbox 1626 3966 1884 4019; x_wconf 86' lang='grc' dir='ltr'>δεικνύων</span> 
     </span>
    </p>
   </div>
   <div class='ocr_carea' id='block_1_43' title="bbox 206 4053 1886 4132">
    <p class='ocr_par' dir='ltr' id='par_1_43' title="bbox 206 4053 1886 4132">
     <span class='ocr_line' id='line_1_43' title="bbox 206 4053 1886 4132; baseline -0.004 -20"><span class='ocrx_word' id='word_1_339' title='bbox 206 4059 309 4132; x_wconf 80' lang='grc' dir='ltr'>τὴν</span> <span class='ocrx_word' id='word_1_340' title='bbox 345 4058 574 4127; x_wconf 89' lang='grc' dir='ltr'>δύναμιν</span> <span class='ocrx_word' id='word_1_341' title='bbox 622 4055 732 4109; x_wconf 86' lang='grc' dir='ltr'>τῶν</span> <span class='ocrx_word' id='word_1_342' title='bbox 772 4054 1028 4125; x_wconf 88' lang='grc' dir='ltr'>δακρύων</span> <span class='ocrx_word' id='word_1_343' title='bbox 1071 4054 1194 4106; x_wconf 84' lang='grc' dir='ltr'>ὅσον</span> <span class='ocrx_word' id='word_1_344' title='bbox 1245 4053 1448 4123; x_wconf 77' lang='grc' dir='ltr'>ἰσχύει·</span> <span class='ocrx_word' id='word_1_345' title='bbox 1493 4056 1707 4107; x_wconf 83' lang='grc' dir='ltr'>Λούσω</span> <span class='ocrx_word' id='word_1_346' title='bbox 1757 4053 1886 4124; x_wconf 85' lang='grc' dir='ltr'>γὰρ,</span> 
     </span>
    </p>
   </div>
   <div class='ocr_carea' id='block_1_44' title="bbox 208 4144 1887 4224">
    <p class='ocr_par' dir='ltr' id='par_1_44' title="bbox 208 4144 1887 4224">
     <span class='ocr_line' id='line_1_44' title="bbox 208 4144 1887 4224; baseline -0.003 -19"><span class='ocrx_word' id='word_1_347' title='bbox 208 4151 371 4224; x_wconf 79' lang='grc' dir='ltr'>φησὶ,</span> <span class='ocrx_word' id='word_1_348' title='bbox 403 4149 531 4204; x_wconf 79' lang='grc' dir='ltr'>καθ’</span> <span class='ocrx_word' id='word_1_349' title='bbox 581 4146 851 4212; x_wconf 79' lang='grc' dir='ltr'>ἑκάστην</span> <span class='ocrx_word' id='word_1_350' title='bbox 885 4146 1078 4199; x_wconf 79' lang='grc' dir='ltr'>νύκτα</span> <span class='ocrx_word' id='word_1_351' title='bbox 1110 4144 1226 4212; x_wconf 84' lang='grc' dir='ltr'>τὴν</span> <span class='ocrx_word' id='word_1_352' title='bbox 1256 4146 1478 4211; x_wconf 80' lang='grc' dir='ltr'>κλίνην</span> <span class='ocrx_word' id='word_1_353' title='bbox 1502 4164 1643 4213; x_wconf 81' lang='grc' dir='ltr'>μου,</span> <span class='ocrx_word' id='word_1_354' title='bbox 1680 4147 1751 4199; x_wconf 85' lang='grc' dir='ltr'>ἐν</span> <span class='ocrx_word' id='word_1_355' title='bbox 1782 4147 1887 4200; x_wconf 81' lang='grc' dir='ltr'>δά-</span> 
     </span>
    </p>
   </div>
   <div class='ocr_carea' id='block_1_45' title="bbox 205 4235 1887 4310">
    <p class='ocr_par' dir='ltr' id='par_1_45' title="bbox 205 4235 1887 4310">
     <span class='ocr_line' id='line_1_45' title="bbox 205 4235 1887 4310; baseline -0.004 -14"><span class='ocrx_word' id='word_1_356' title='bbox 205 4241 397 4310; x_wconf 78' lang='grc' dir='ltr'>κρυσί</span> <span class='ocrx_word' id='word_1_357' title='bbox 435 4257 555 4308; x_wconf 83' lang='grc' dir='ltr'>μου</span> <span class='ocrx_word' id='word_1_358' title='bbox 602 4237 715 4301; x_wconf 75' lang='grc' dir='ltr'>τὴν</span> <span class='ocrx_word' id='word_1_359' title='bbox 753 4235 1074 4304; x_wconf 84' lang='grc' dir='ltr'>στρωμνήν</span> <span class='ocrx_word' id='word_1_360' title='bbox 1117 4252 1237 4303; x_wconf 80' lang='grc' dir='ltr'>μου</span> <span class='ocrx_word' id='word_1_361' title='bbox 1281 4235 1502 4301; x_wconf 81' lang='grc' dir='ltr'>βρέξω.</span> <span class='ocrx_word' id='word_1_362' title='bbox 1541 4237 1651 4289; x_wconf 77' lang='grc' dir='ltr'>Καὶ</span> <span class='ocrx_word' id='word_1_363' title='bbox 1687 4237 1795 4308; x_wconf 82' lang='grc' dir='ltr'>μὴν</span> <span class='ocrx_word' id='word_1_364' title='bbox 1839 4239 1887 4290; x_wconf 86' lang='grc' dir='ltr'>εί</span> 
     </span>
    </p>
   </div>
   <div class='ocr_carea' id='block_1_46' title="bbox 203 4322 1888 4401">
    <p class='ocr_par' dir='ltr' id='par_1_46' title="bbox 203 4322 1888 4401">
     <span class='ocr_line' id='line_1_46' title="bbox 203 4322 1888 4401; baseline -0.001 -20"><span class='ocrx_word' id='word_1_365' title='bbox 203 4330 308 4401; x_wconf 84' lang='grc' dir='ltr'>τὴν</span> <span class='ocrx_word' id='word_1_366' title='bbox 354 4326 616 4396; x_wconf 83' lang='grc' dir='ltr'>ἀφθονίαν</span> <span class='ocrx_word' id='word_1_367' title='bbox 654 4323 906 4377; x_wconf 79' lang='grc' dir='ltr'>ἐϐούλετο</span> <span class='ocrx_word' id='word_1_368' title='bbox 935 4322 1105 4387; x_wconf 87' lang='grc' dir='ltr'>δεῖξαι</span> <span class='ocrx_word' id='word_1_369' title='bbox 1148 4322 1258 4374; x_wconf 88' lang='grc' dir='ltr'>τῶν</span> <span class='ocrx_word' id='word_1_370' title='bbox 1302 4323 1585 4393; x_wconf 84' lang='grc' dir='ltr'>δακρύων,</span> <span class='ocrx_word' id='word_1_371' title='bbox 1638 4325 1796 4395; x_wconf 69' lang='grc' dir='ltr'>ἤρκει</span> <span class='ocrx_word' id='word_1_372' title='bbox 1826 4326 1888 4379; x_wconf 88' lang='grc' dir='ltr'>τὸ</span> 
     </span>
    </p>
   </div>
   <div class='ocr_carea' id='block_1_47' title="bbox 206 4410 1882 4481">
    <p class='ocr_par' dir='ltr' id='par_1_47' title="bbox 206 4410 1882 4481">
     <span class='ocr_line' id='line_1_47' title="bbox 206 4410 1882 4481; baseline -0.001 -12"><span class='ocrx_word' id='word_1_373' title='bbox 206 4419 387 4473; x_wconf 77' lang='grc' dir='ltr'>εἰπεῖν</span> <span class='ocrx_word' id='word_1_374' title='bbox 404 4434 419 4448; x_wconf 93' lang='grc'>·</span> <span class='ocrx_word' id='word_1_375' title='bbox 465 4418 568 4469; x_wconf 86' lang='grc' dir='ltr'>Ἐν</span> <span class='ocrx_word' id='word_1_376' title='bbox 593 4412 855 4481; x_wconf 78' lang='grc' dir='ltr'>δάκρυσί</span> <span class='ocrx_word' id='word_1_377' title='bbox 870 4429 992 4481; x_wconf 86' lang='grc' dir='ltr'>μου</span> <span class='ocrx_word' id='word_1_378' title='bbox 1033 4410 1148 4478; x_wconf 75' lang='grc' dir='ltr'>τὴν</span> <span class='ocrx_word' id='word_1_379' title='bbox 1171 4411 1497 4479; x_wconf 76' lang='grc' dir='ltr'>στρωμνήν</span> <span class='ocrx_word' id='word_1_380' title='bbox 1515 4431 1637 4481; x_wconf 80' lang='grc' dir='ltr'>μου</span> <span class='ocrx_word' id='word_1_381' title='bbox 1662 4413 1882 4481; x_wconf 78' lang='grc' dir='ltr'>βρέξω.</span> 
     </span>
    </p>
   </div>
   <div class='ocr_carea' id='block_1_48' title="bbox 205 4498 1883 4573">
    <p class='ocr_par' dir='ltr' id='par_1_48' title="bbox 205 4498 1883 4573">
     <span class='ocr_line' id='line_1_48' title="bbox 205 4498 1883 4573; baseline -0.001 -17"><span class='ocrx_word' id='word_1_382' title='bbox 205 4503 307 4560; x_wconf 87' lang='grc' dir='ltr'>Διά</span> <span class='ocrx_word' id='word_1_383' title='bbox 339 4503 390 4555; x_wconf 87' lang='grc' dir='ltr'>τί</span> <span class='ocrx_word' id='word_1_384' title='bbox 414 4498 506 4557; x_wconf 80' lang='grc' dir='ltr'>οῦν</span> <span class='ocrx_word' id='word_1_385' title='bbox 536 4498 798 4571; x_wconf 78' lang='grc' dir='ltr'>προέταξε</span> <span class='ocrx_word' id='word_1_386' title='bbox 824 4499 906 4565; x_wconf 89' lang='grc' dir='ltr'>τὸ,</span> <span class='ocrx_word' id='word_1_387' title='bbox 939 4499 1188 4559; x_wconf 83' lang='grc' dir='ltr'>Λούσω;</span> <span class='ocrx_word' id='word_1_388' title='bbox 1224 4499 1340 4551; x_wconf 66' lang='lat' dir='ltr'>&quot;Iv:</span> <span class='ocrx_word' id='word_1_389' title='bbox 1371 4499 1516 4569; x_wconf 82' lang='grc' dir='ltr'>δείξῃ</span> <span class='ocrx_word' id='word_1_390' title='bbox 1548 4501 1629 4553; x_wconf 86' lang='grc' dir='ltr'>ὃτι</span> <span class='ocrx_word' id='word_1_391' title='bbox 1656 4500 1883 4573; x_wconf 91' lang='grc' dir='ltr'>λουτρόν</span> 
     </span>
    </p>
   </div>
   <div class='ocr_carea' id='block_1_49' title="bbox 205 4586 1559 4659">
    <p class='ocr_par' dir='ltr' id='par_1_49' title="bbox 205 4586 1559 4659">
     <span class='ocr_line' id='line_1_49' title="bbox 205 4586 1559 4659; baseline -0.004 -14"><span class='ocrx_word' id='word_1_392' title='bbox 205 4591 328 4647; x_wconf 78' lang='grc' dir='ltr'>ἐστι</span> <span class='ocrx_word' id='word_1_393' title='bbox 353 4591 447 4643; x_wconf 79' lang='grc' dir='ltr'>καὶ</span> <span class='ocrx_word' id='word_1_394' title='bbox 472 4588 769 4659; x_wconf 88' lang='grc' dir='ltr'>καθάρσιον</span> <span class='ocrx_word' id='word_1_395' title='bbox 796 4587 1209 4658; x_wconf 86' lang='grc' dir='ltr'>ἁμαρτημάτων</span> <span class='ocrx_word' id='word_1_396' title='bbox 1232 4586 1302 4639; x_wconf 76' lang='grc' dir='ltr'>τὰ</span> <span class='ocrx_word' id='word_1_397' title='bbox 1326 4586 1559 4658; x_wconf 84' lang='grc' dir='ltr'>δάκρυα.</span> 
     </span>
    </p>
   </div>
   <div class='ocr_carea' id='block_1_50' title="bbox 275 4670 1883 4743">
    <p class='ocr_par' dir='ltr' id='par_1_50' title="bbox 275 4670 1883 4743">
     <span class='ocr_line' id='line_1_50' title="bbox 275 4670 1883 4743; baseline 0 -17"><span class='ocrx_word' id='word_1_398' title='bbox 275 4683 357 4743; x_wconf 81' lang='grc' dir='ltr'>ς’.</span> <span class='ocrx_word' id='word_1_399' title='bbox 390 4674 614 4728; x_wconf 83' lang='grc' dir='ltr'>Πάντων</span> <span class='ocrx_word' id='word_1_400' title='bbox 644 4671 752 4725; x_wconf 90' lang='grc' dir='ltr'>τῶν</span> <span class='ocrx_word' id='word_1_401' title='bbox 785 4671 973 4724; x_wconf 88' lang='grc' dir='ltr'>κακῶν</span> <span class='ocrx_word' id='word_1_402' title='bbox 1002 4670 1149 4723; x_wconf 81' lang='grc' dir='ltr'>αίτια</span> <span class='ocrx_word' id='word_1_403' title='bbox 1170 4671 1238 4723; x_wconf 91' lang='grc' dir='ltr'>τά</span> <span class='ocrx_word' id='word_1_404' title='bbox 1260 4672 1655 4742; x_wconf 78' lang='grc' dir='ltr'>ἁμαρτήματα.</span> <span class='ocrx_word' id='word_1_405' title='bbox 1682 4673 1780 4725; x_wconf 87' lang='grc' dir='ltr'>Διά</span> <span class='ocrx_word' id='word_1_406' title='bbox 1816 4673 1883 4727; x_wconf 88' lang='grc' dir='ltr'>τά</span> 
     </span>
    </p>
   </div>
   <div class='ocr_carea' id='block_1_51' title="bbox 206 4757 1883 4834">
    <p class='ocr_par' dir='ltr' id='par_1_51' title="bbox 206 4757 1883 4834">
     <span class='ocr_line' id='line_1_51' title="bbox 206 4757 1883 4834; baseline -0.002 -17"><span class='ocrx_word' id='word_1_407' title='bbox 206 4763 586 4834; x_wconf 83' lang='grc' dir='ltr'>ἁμαρτήματα</span> <span class='ocrx_word' id='word_1_408' title='bbox 638 4757 830 4822; x_wconf 89' lang='grc' dir='ltr'>λῦπαι,</span> <span class='ocrx_word' id='word_1_409' title='bbox 865 4758 955 4811; x_wconf 81' lang='grc' dir='ltr'>διὰ</span> <span class='ocrx_word' id='word_1_410' title='bbox 978 4757 1050 4811; x_wconf 84' lang='grc' dir='ltr'>τά</span> <span class='ocrx_word' id='word_1_411' title='bbox 1090 4759 1464 4829; x_wconf 86' lang='grc' dir='ltr'>ἁμαρτήματα</span> <span class='ocrx_word' id='word_1_412' title='bbox 1497 4761 1757 4831; x_wconf 74' lang='grc' dir='ltr'>ταραχαὶ,</span> <span class='ocrx_word' id='word_1_413' title='bbox 1794 4761 1883 4814; x_wconf 86' lang='grc' dir='ltr'>διά</span> 
     </span>
    </p>
   </div>
   <div class='ocr_carea' id='block_1_52' title="bbox 204 4845 1881 4922">
    <p class='ocr_par' dir='ltr' id='par_1_52' title="bbox 204 4845 1881 4922">
     <span class='ocr_line' id='line_1_52' title="bbox 204 4845 1881 4922; baseline -0.002 -18"><span class='ocrx_word' id='word_1_414' title='bbox 204 4851 271 4905; x_wconf 82' lang='grc' dir='ltr'>τά</span> <span class='ocrx_word' id='word_1_415' title='bbox 294 4850 674 4922; x_wconf 85' lang='grc' dir='ltr'>ἁμαρτήματα</span> <span class='ocrx_word' id='word_1_416' title='bbox 702 4845 948 4917; x_wconf 85' lang='grc' dir='ltr'>πόλεμοι,</span> <span class='ocrx_word' id='word_1_417' title='bbox 982 4845 1070 4898; x_wconf 84' lang='grc' dir='ltr'>ὸιά</span> <span class='ocrx_word' id='word_1_418' title='bbox 1093 4845 1166 4899; x_wconf 85' lang='grc' dir='ltr'>τὰ</span> <span class='ocrx_word' id='word_1_419' title='bbox 1194 4847 1566 4917; x_wconf 82' lang='grc' dir='ltr'>ἁμαρτήματα</span> <span class='ocrx_word' id='word_1_420' title='bbox 1587 4846 1750 4906; x_wconf 88' lang='grc' dir='ltr'>νόσοι.</span> <span class='ocrx_word' id='word_1_421' title='bbox 1786 4850 1881 4902; x_wconf 76' lang='grc' dir='ltr'>καὶ</span> 
     </span>
    </p>
   </div>
   <div class='ocr_carea' id='block_1_53' title="bbox 206 4933 1881 5007">
    <p class='ocr_par' dir='ltr' id='par_1_53' title="bbox 206 4933 1881 5007">
     <span class='ocr_line' id='line_1_53' title="bbox 206 4933 1881 5007; baseline -0.003 -14"><span class='ocrx_word' id='word_1_422' title='bbox 206 4940 388 4993; x_wconf 87' lang='grc' dir='ltr'>πάντα</span> <span class='ocrx_word' id='word_1_423' title='bbox 418 4938 519 4991; x_wconf 86' lang='grc' dir='ltr'>ὅσα</span> <span class='ocrx_word' id='word_1_424' title='bbox 551 4938 684 5007; x_wconf 78' lang='grc' dir='ltr'>ἡμῖν</span> <span class='ocrx_word' id='word_1_425' title='bbox 708 4933 1039 5006; x_wconf 86' lang='grc' dir='ltr'>προσπίπτει</span> <span class='ocrx_word' id='word_1_426' title='bbox 1074 4933 1303 4986; x_wconf 87' lang='grc' dir='ltr'>δυσίατα</span> <span class='ocrx_word' id='word_1_427' title='bbox 1348 4933 1516 5005; x_wconf 90' lang='grc' dir='ltr'>πάθη.</span> <span class='ocrx_word' id='word_1_428' title='bbox 1545 4934 1758 5006; x_wconf 83' lang='grc' dir='ltr'>Ὥσπερ</span> <span class='ocrx_word' id='word_1_429' title='bbox 1786 4933 1881 4989; x_wconf 76' lang='grc' dir='ltr'>οὖν</span> 
     </span>
    </p>
   </div>
   <div class='ocr_carea' id='block_1_54' title="bbox 206 5019 1880 5099">
    <p class='ocr_par' dir='ltr' id='par_1_54' title="bbox 206 5019 1880 5099">
     <span class='ocr_line' id='line_1_54' title="bbox 206 5019 1880 5099; baseline -0.008 -19"><span class='ocrx_word' id='word_1_430' title='bbox 206 5029 254 5080; x_wconf 86' lang='grc' dir='ltr'>οί</span> <span class='ocrx_word' id='word_1_431' title='bbox 275 5029 492 5099; x_wconf 76' lang='grc' dir='ltr'>ἄριστοι</span> <span class='ocrx_word' id='word_1_432' title='bbox 526 5023 636 5077; x_wconf 89' lang='grc' dir='ltr'>τῶν</span> <span class='ocrx_word' id='word_1_433' title='bbox 665 5020 867 5092; x_wconf 81' lang='grc' dir='ltr'>ἰατρῶν</span> <span class='ocrx_word' id='word_1_434' title='bbox 891 5021 954 5073; x_wconf 83' lang='grc' dir='ltr'>οὐ</span> <span class='ocrx_word' id='word_1_435' title='bbox 985 5019 1052 5073; x_wconf 91' lang='grc' dir='ltr'>τά</span> <span class='ocrx_word' id='word_1_436' title='bbox 1074 5020 1376 5089; x_wconf 86' lang='grc' dir='ltr'>φαινόμενα</span> <span class='ocrx_word' id='word_1_437' title='bbox 1406 5019 1557 5091; x_wconf 87' lang='grc' dir='ltr'>πάθη</span> <span class='ocrx_word' id='word_1_438' title='bbox 1590 5021 1880 5088; x_wconf 79' lang='grc' dir='ltr'>ἐξετάζου.</span> 
     </span>
    </p>
   </div>
   <div class='ocr_carea' id='block_1_55' title="bbox 211 5108 1878 5183">
    <p class='ocr_par' dir='ltr' id='par_1_55' title="bbox 211 5108 1878 5183">
     <span class='ocr_line' id='line_1_55' title="bbox 211 5108 1878 5183; baseline -0.002 -14"><span class='ocrx_word' id='word_1_439' title='bbox 211 5131 312 5179; x_wconf 84' lang='grc' dir='ltr'>σιν,</span> <span class='ocrx_word' id='word_1_440' title='bbox 336 5113 474 5168; x_wconf 85' lang='grc' dir='ltr'>ἀλλά</span> <span class='ocrx_word' id='word_1_441' title='bbox 497 5111 595 5183; x_wconf 72' lang='grc' dir='ltr'>τὴν</span> <span class='ocrx_word' id='word_1_442' title='bbox 614 5111 792 5165; x_wconf 77' lang='grc' dir='ltr'>αἰτίαν</span> <span class='ocrx_word' id='word_1_443' title='bbox 817 5108 925 5163; x_wconf 87' lang='grc' dir='ltr'>τῶν</span> <span class='ocrx_word' id='word_1_444' title='bbox 957 5108 1296 5177; x_wconf 82' lang='grc' dir='ltr'>φαινομένων</span> <span class='ocrx_word' id='word_1_445' title='bbox 1323 5108 1674 5180; x_wconf 66' lang='grc' dir='ltr'>ἐπιζητοῦσιν</span> <span class='ocrx_word' id='word_1_446' title='bbox 1693 5128 1707 5141; x_wconf 96' lang='grc'>·</span> <span class='ocrx_word' id='word_1_447' title='bbox 1734 5111 1878 5165; x_wconf 77' lang='grc' dir='ltr'>οὕτω</span> 
     </span>
    </p>
   </div>
   <div class='ocr_carea' id='block_1_56' title="bbox 208 5195 1879 5271">
    <p class='ocr_par' dir='ltr' id='par_1_56' title="bbox 208 5195 1879 5271">
     <span class='ocr_line' id='line_1_56' title="bbox 208 5195 1879 5271; baseline -0.002 -14"><span class='ocrx_word' id='word_1_448' title='bbox 208 5205 303 5257; x_wconf 78' lang='grc' dir='ltr'>καὶ</span> <span class='ocrx_word' id='word_1_449' title='bbox 333 5205 363 5256; x_wconf 88' lang='lat'>6</span> <span class='ocrx_word' id='word_1_450' title='bbox 386 5200 574 5271; x_wconf 79' lang='grc' dir='ltr'>Σωτὴρ</span> <span class='ocrx_word' id='word_1_451' title='bbox 604 5197 922 5269; x_wconf 83' lang='grc' dir='ltr'>βουλόμενος</span> <span class='ocrx_word' id='word_1_452' title='bbox 949 5196 1120 5262; x_wconf 84' lang='grc' dir='ltr'>δεῖξαι</span> <span class='ocrx_word' id='word_1_453' title='bbox 1153 5195 1373 5249; x_wconf 84' lang='grc' dir='ltr'>πάντων</span> <span class='ocrx_word' id='word_1_454' title='bbox 1403 5195 1512 5249; x_wconf 86' lang='grc' dir='ltr'>τῶν</span> <span class='ocrx_word' id='word_1_455' title='bbox 1545 5198 1736 5252; x_wconf 88' lang='grc' dir='ltr'>κακῶν</span> <span class='ocrx_word' id='word_1_456' title='bbox 1770 5198 1879 5253; x_wconf 87' lang='grc' dir='ltr'>τῶν</span> 
     </span>
    </p>
   </div>
   <div class='ocr_carea' id='block_1_57' title="bbox 208 5284 1881 5360">
    <p class='ocr_par' dir='ltr' id='par_1_57' title="bbox 208 5284 1881 5360">
     <span class='ocr_line' id='line_1_57' title="bbox 208 5284 1881 5360; baseline -0.002 -17"><span class='ocrx_word' id='word_1_457' title='bbox 208 5291 265 5343; x_wconf 78' lang='grc' dir='ltr'>ἐν</span> <span class='ocrx_word' id='word_1_458' title='bbox 294 5288 600 5360; x_wconf 80' lang='grc' dir='ltr'>ἀνθρώποις</span> <span class='ocrx_word' id='word_1_459' title='bbox 636 5286 815 5339; x_wconf 88' lang='grc' dir='ltr'>αἰτίαν</span> <span class='ocrx_word' id='word_1_460' title='bbox 856 5286 954 5357; x_wconf 89' lang='grc' dir='ltr'>τὴν</span> <span class='ocrx_word' id='word_1_461' title='bbox 983 5284 1279 5355; x_wconf 83' lang='grc' dir='ltr'>ἁμαρτίαν,</span> <span class='ocrx_word' id='word_1_462' title='bbox 1303 5285 1439 5353; x_wconf 74' lang='grc' dir='ltr'>φησὶ</span> <span class='ocrx_word' id='word_1_463' title='bbox 1463 5284 1542 5356; x_wconf 83' lang='grc' dir='ltr'>τῷ</span> <span class='ocrx_word' id='word_1_464' title='bbox 1568 5286 1881 5356; x_wconf 87' lang='grc' dir='ltr'>παραλελυ-</span> 
     </span>
    </p>
   </div>
   <div class='ocr_carea' id='block_1_58' title="bbox 212 5367 1877 5447">
    <p class='ocr_par' dir='ltr' id='par_1_58' title="bbox 212 5367 1877 5447">
     <span class='ocr_line' id='line_1_58' title="bbox 212 5367 1877 5447; baseline 0.001 -21"><span class='ocrx_word' id='word_1_465' title='bbox 212 5377 356 5447; x_wconf 77' lang='grc' dir='ltr'>μένῳ</span> <span class='ocrx_word' id='word_1_466' title='bbox 378 5375 439 5429; x_wconf 90' lang='grc' dir='ltr'>τὸ</span> <span class='ocrx_word' id='word_1_467' title='bbox 467 5374 626 5444; x_wconf 74' lang='grc' dir='ltr'>σῦμα</span> <span class='ocrx_word' id='word_1_468' title='bbox 649 5391 661 5403; x_wconf 91' lang='grc'>·</span> <span class='ocrx_word' id='word_1_469' title='bbox 692 5372 880 5443; x_wconf 82' lang='grc' dir='ltr'>ἐπειδὴ</span> <span class='ocrx_word' id='word_1_470' title='bbox 914 5367 1053 5425; x_wconf 79' lang='grc' dir='ltr'>εἶδεν</span> <span class='ocrx_word' id='word_1_471' title='bbox 1082 5371 1244 5424; x_wconf 81' lang='grc' dir='ltr'>αὑτὸν</span> <span class='ocrx_word' id='word_1_472' title='bbox 1271 5371 1300 5423; x_wconf 91' lang='lat'>6</span> <span class='ocrx_word' id='word_1_473' title='bbox 1326 5372 1513 5441; x_wconf 75' lang='grc' dir='ltr'>ἰατρὸς</span> <span class='ocrx_word' id='word_1_474' title='bbox 1547 5372 1657 5424; x_wconf 86' lang='grc' dir='ltr'>τῶν</span> <span class='ocrx_word' id='word_1_475' title='bbox 1688 5372 1877 5443; x_wconf 77' lang='grc' dir='ltr'>ψυχῶν</span> 
     </span>
    </p>
   </div>
   <div class='ocr_carea' id='block_1_59' title="bbox 210 5457 1874 5535">
    <p class='ocr_par' dir='ltr' id='par_1_59' title="bbox 210 5457 1874 5535">
     <span class='ocr_line' id='line_1_59' title="bbox 210 5457 1874 5535; baseline 0.013 -41"><span class='ocrx_word' id='word_1_476' title='bbox 210 5463 471 5535; x_wconf 66' lang='grc' dir='ltr'>πρότερον</span> <span class='ocrx_word' id='word_1_477' title='bbox 497 5460 594 5531; x_wconf 71' lang='grc' dir='ltr'>τὴν</span> <span class='ocrx_word' id='word_1_478' title='bbox 640 5457 818 5530; x_wconf 75' lang='grc' dir='ltr'>ψυχὴν</span> <span class='ocrx_word' id='word_1_479' title='bbox 865 5458 1266 5530; x_wconf 81' lang='grc' dir='ltr'>παραλυθέντα.</span> <span class='ocrx_word' id='word_1_480' title='bbox 1299 5460 1395 5512; x_wconf 73' lang='grc' dir='ltr'>καὶ</span> <span class='ocrx_word' id='word_1_481' title='bbox 1439 5460 1557 5513; x_wconf 89' lang='grc' dir='ltr'>τότε</span> <span class='ocrx_word' id='word_1_482' title='bbox 1590 5459 1650 5511; x_wconf 88' lang='grc' dir='ltr'>τὸ</span> <span class='ocrx_word' id='word_1_483' title='bbox 1692 5461 1874 5533; x_wconf 88' lang='grc' dir='ltr'>σῶμα,</span> 
     </span>
    </p>
   </div>
   <div class='ocr_carea' id='block_1_60' title="bbox 208 5543 1879 5618">
    <p class='ocr_par' dir='ltr' id='par_1_60' title="bbox 208 5543 1879 5618">
     <span class='ocr_line' id='line_1_60' title="bbox 208 5543 1879 5618; baseline -0.001 -18"><span class='ocrx_word' id='word_1_484' title='bbox 208 5543 354 5616; x_wconf 74' lang='grc' dir='ltr'>λέγει</span> <span class='ocrx_word' id='word_1_485' title='bbox 383 5546 520 5618; x_wconf 82' lang='grc' dir='ltr'>πρὸς</span> <span class='ocrx_word' id='word_1_486' title='bbox 550 5545 737 5598; x_wconf 81' lang='grc' dir='ltr'>αὐτόν·</span> <span class='ocrx_word' id='word_1_487' title='bbox 767 5544 909 5607; x_wconf 78' lang='grc' dir='ltr'>Ἴδε,</span> <span class='ocrx_word' id='word_1_488' title='bbox 935 5543 1111 5612; x_wconf 77' lang='grc' dir='ltr'>ὑγιὴς</span> <span class='ocrx_word' id='word_1_489' title='bbox 1134 5543 1409 5612; x_wconf 66' lang='grc' dir='ltr'>γέγονας,</span> <span class='ocrx_word' id='word_1_490' title='bbox 1444 5545 1657 5608; x_wconf 76' lang='grc' dir='ltr'>μηκέτι</span> <span class='ocrx_word' id='word_1_491' title='bbox 1694 5545 1879 5615; x_wconf 75' lang='grc' dir='ltr'>ἀμείρ-</span> 
     </span>
    </p>
   </div>
   <div class='ocr_carea' id='block_1_61' title="bbox 208 5630 1876 5703">
    <p class='ocr_par' dir='ltr' id='par_1_61' title="bbox 208 5630 1876 5703">
     <span class='ocr_line' id='line_1_61' title="bbox 208 5630 1876 5703; baseline -0.001 -16"><span class='ocrx_word' id='word_1_492' title='bbox 208 5651 367 5700; x_wconf 68' lang='lat' dir='ltr'><strong><em>tare,</em></strong></span> <span class='ocrx_word' id='word_1_493' title='bbox 397 5636 499 5689; x_wconf 78' lang='grc' dir='ltr'>ἵνα</span> <span class='ocrx_word' id='word_1_494' title='bbox 522 5633 607 5702; x_wconf 79' lang='grc' dir='ltr'>μὴ</span> <span class='ocrx_word' id='word_1_495' title='bbox 638 5631 841 5703; x_wconf 84' lang='grc' dir='ltr'>χεῖρόν</span> <span class='ocrx_word' id='word_1_496' title='bbox 875 5632 932 5685; x_wconf 87' lang='grc' dir='ltr'>τί</span> <span class='ocrx_word' id='word_1_497' title='bbox 961 5648 1060 5685; x_wconf 86' lang='grc' dir='ltr'>σοι</span> <span class='ocrx_word' id='word_1_498' title='bbox 1088 5631 1349 5699; x_wconf 80' lang='grc' dir='ltr'>γένηται.</span> <span class='ocrx_word' id='word_1_499' title='bbox 1387 5630 1595 5682; x_wconf 82' lang='grc' dir='ltr'>Οὐκοῦν</span> <span class='ocrx_word' id='word_1_500' title='bbox 1638 5633 1736 5685; x_wconf 75' lang='grc' dir='ltr'>καὶ</span> <span class='ocrx_word' id='word_1_501' title='bbox 1772 5634 1876 5703; x_wconf 87' lang='grc' dir='ltr'>τῆς</span> 
     </span>
    </p>
   </div>
   <div class='ocr_carea' id='block_1_62' title="bbox 212 5717 1873 5793">
    <p class='ocr_par' dir='ltr' id='par_1_62' title="bbox 212 5717 1873 5793">
     <span class='ocr_line' id='line_1_62' title="bbox 212 5717 1873 5793; baseline 0 -20"><span class='ocrx_word' id='word_1_502' title='bbox 212 5722 585 5792; x_wconf 75' lang='grc' dir='ltr'>προλαϐούσης</span> <span class='ocrx_word' id='word_1_503' title='bbox 634 5720 944 5793; x_wconf 73' lang='grc' dir='ltr'>ἀρρωστίας</span> <span class='ocrx_word' id='word_1_504' title='bbox 991 5721 1160 5773; x_wconf 85' lang='grc' dir='ltr'>αίτιον</span> <span class='ocrx_word' id='word_1_505' title='bbox 1201 5721 1234 5791; x_wconf 88' lang='grc' dir='ltr'>ἡ</span> <span class='ocrx_word' id='word_1_506' title='bbox 1281 5717 1551 5791; x_wconf 87' lang='grc' dir='ltr'>ἁμαρτία·</span> <span class='ocrx_word' id='word_1_507' title='bbox 1584 5718 1745 5773; x_wconf 88' lang='grc' dir='ltr'>τοῦτο</span> <span class='ocrx_word' id='word_1_508' title='bbox 1775 5722 1873 5773; x_wconf 77' lang='grc' dir='ltr'>καὶ</span> 
     </span>
    </p>
   </div>
   <div class='ocr_carea' id='block_1_63' title="bbox 214 5806 1872 5878">
    <p class='ocr_par' dir='ltr' id='par_1_63' title="bbox 214 5806 1872 5878">
     <span class='ocr_line' id='line_1_63' title="bbox 214 5806 1872 5878; baseline -0.002 -15"><span class='ocrx_word' id='word_1_509' title='bbox 214 5809 409 5878; x_wconf 74' lang='grc' dir='ltr'>ζημίας</span> <span class='ocrx_word' id='word_1_510' title='bbox 445 5812 643 5863; x_wconf 82' lang='grc' dir='ltr'>αἴτιον·</span> <span class='ocrx_word' id='word_1_511' title='bbox 676 5808 833 5863; x_wconf 88' lang='grc' dir='ltr'>τοῦτο</span> <span class='ocrx_word' id='word_1_512' title='bbox 873 5809 969 5861; x_wconf 79' lang='grc' dir='ltr'>καὶ</span> <span class='ocrx_word' id='word_1_513' title='bbox 1001 5806 1198 5877; x_wconf 81' lang='grc' dir='ltr'>λύπης,</span> <span class='ocrx_word' id='word_1_514' title='bbox 1249 5806 1408 5861; x_wconf 87' lang='grc' dir='ltr'>τοῦτο</span> <span class='ocrx_word' id='word_1_515' title='bbox 1451 5807 1545 5861; x_wconf 76' lang='grc' dir='ltr'>καὶ</span> <span class='ocrx_word' id='word_1_516' title='bbox 1579 5808 1872 5877; x_wconf 81' lang='grc' dir='ltr'>συμφορᾶς</span> 
     </span>
    </p>
   </div>
   <div class='ocr_carea' id='block_1_64' title="bbox 1416 339 2445 401">
    <p class='ocr_par' dir='ltr' id='par_1_64' title="bbox 1416 339 2445 401">
     <span class='ocr_line' id='line_1_64' title="bbox 1416 339 2445 401; baseline 0.003 -6"><span class='ocrx_word' id='word_1_517' title='bbox 1416 342 1504 396; x_wconf 75' lang='lat' dir='ltr'>DE</span> <span class='ocrx_word' id='word_1_518' title='bbox 1541 339 2012 401; x_wconf 69' lang='grc' dir='ltr'>ΡοΕΝιτΕΝτιΑ.</span> <span class='ocrx_word' id='word_1_519' title='bbox 2054 340 2290 396; x_wconf 46' lang='grc' dir='ltr'>ΠΟΜΙΙΑ.</span> <span class='ocrx_word' id='word_1_520' title='bbox 2333 339 2445 398; x_wconf 69' lang='lat' dir='ltr'>VII.</span> 
     </span>
    </p>
   </div>
   <div class='ocr_carea' id='block_1_65' title="bbox 3580 347 3689 404">
    <p class='ocr_par' dir='ltr' id='par_1_65' title="bbox 3580 347 3689 404">
     <span class='ocr_line' id='line_1_65' title="bbox 3580 347 3689 404; baseline 0.018 -2"><span class='ocrx_word' id='word_1_521' title='bbox 3580 347 3689 404; x_wconf 59' lang='lat'>55’!</span> 
     </span>
    </p>
   </div>
   <div class='ocr_carea' id='block_1_66' title="bbox 2021 455 3687 528">
    <p class='ocr_par' dir='ltr' id='par_1_66' title="bbox 2021 455 3687 528">
     <span class='ocr_line' id='line_1_66' title="bbox 2021 455 3687 528; baseline 0.004 -21"><span class='ocrx_word' id='word_1_522' title='bbox 2021 455 2239 525; x_wconf 87' lang='grc' dir='ltr'>ἀπάσης</span> <span class='ocrx_word' id='word_1_523' title='bbox 2272 456 2529 519; x_wconf 83' lang='grc' dir='ltr'>ὑπόθεσις</span> <span class='ocrx_word' id='word_1_524' title='bbox 2575 456 2804 525; x_wconf 90' lang='grc' dir='ltr'>γίνεται.</span> <span class='ocrx_word' id='word_1_525' title='bbox 2853 455 3001 528; x_wconf 83' lang='grc' dir='ltr'>Πλὴν</span> <span class='ocrx_word' id='word_1_526' title='bbox 3035 456 3300 528; x_wconf 79' lang='grc' dir='ltr'>θαυμάξω</span> <span class='ocrx_word' id='word_1_527' title='bbox 3346 458 3538 522; x_wconf 86' lang='grc' dir='ltr'>ἐκεῖνο,</span> <span class='ocrx_word' id='word_1_528' title='bbox 3569 463 3687 521; x_wconf 81' lang='grc' dir='ltr'>πῶς</span> 
     </span>
    </p>
   </div>
   <div class='ocr_carea' id='block_1_67' title="bbox 2018 542 3688 616">
    <p class='ocr_par' dir='ltr' id='par_1_67' title="bbox 2018 542 3688 616">
     <span class='ocr_line' id='line_1_67' title="bbox 2018 542 3688 616; baseline 0.001 -22"><span class='ocrx_word' id='word_1_529' title='bbox 2018 542 2115 613; x_wconf 84' lang='grc' dir='ltr'>τὴν</span> <span class='ocrx_word' id='word_1_530' title='bbox 2149 542 2322 613; x_wconf 85' lang='grc' dir='ltr'>λύπην</span> <span class='ocrx_word' id='word_1_531' title='bbox 2346 544 2440 596; x_wconf 89' lang='grc' dir='ltr'>ἀπ’</span> <span class='ocrx_word' id='word_1_532' title='bbox 2475 544 2651 614; x_wconf 85' lang='grc' dir='ltr'>ἀρχῆς</span> <span class='ocrx_word' id='word_1_533' title='bbox 2687 542 2765 613; x_wconf 82' lang='grc' dir='ltr'>τῷ</span> <span class='ocrx_word' id='word_1_534' title='bbox 2789 542 3063 616; x_wconf 83' lang='grc' dir='ltr'>ἀνθρώπῳ</span> <span class='ocrx_word' id='word_1_535' title='bbox 3093 545 3218 609; x_wconf 81' lang='grc' dir='ltr'>δοὺς</span> <span class='ocrx_word' id='word_1_536' title='bbox 3249 546 3278 597; x_wconf 94' lang='lat'>6</span> <span class='ocrx_word' id='word_1_537' title='bbox 3306 545 3440 611; x_wconf 83' lang='grc' dir='ltr'>Θεὸς</span> <span class='ocrx_word' id='word_1_538' title='bbox 3469 546 3559 599; x_wconf 71' lang='grc' dir='ltr'>διὰ</span> <span class='ocrx_word' id='word_1_539' title='bbox 3586 552 3688 613; x_wconf 77' lang='grc' dir='ltr'>τὴν</span> 
     </span>
    </p>
   </div>
   <div class='ocr_carea' id='block_1_68' title="bbox 2019 628 3691 705">
    <p class='ocr_par' dir='ltr' id='par_1_68' title="bbox 2019 628 3691 705">
     <span class='ocr_line' id='line_1_68' title="bbox 2019 628 3691 705; baseline 0.005 -24"><span class='ocrx_word' id='word_1_540' title='bbox 2019 628 2294 700; x_wconf 86' lang='grc' dir='ltr'>ἁμαρτίαν</span> <span class='ocrx_word' id='word_1_541' title='bbox 2325 633 2390 699; x_wconf 80' lang='grc' dir='ltr'>τῇ</span> <span class='ocrx_word' id='word_1_542' title='bbox 2418 630 2690 698; x_wconf 83' lang='grc' dir='ltr'>ἀποφάσει</span> <span class='ocrx_word' id='word_1_543' title='bbox 2714 630 2813 701; x_wconf 84' lang='grc' dir='ltr'>τὴν</span> <span class='ocrx_word' id='word_1_544' title='bbox 2836 632 3112 694; x_wconf 81' lang='grc' dir='ltr'>ἀπόφασιν</span> <span class='ocrx_word' id='word_1_545' title='bbox 3139 631 3276 696; x_wconf 88' lang='grc' dir='ltr'>λύει,</span> <span class='ocrx_word' id='word_1_546' title='bbox 3310 633 3405 686; x_wconf 77' lang='grc' dir='ltr'>καὶ</span> <span class='ocrx_word' id='word_1_547' title='bbox 3433 636 3498 705; x_wconf 79' lang='grc' dir='ltr'>τῇ</span> <span class='ocrx_word' id='word_1_548' title='bbox 3528 652 3691 690; x_wconf 84' lang='grc' dir='ltr'>κατα-</span> 
     </span>
    </p>
   </div>
   <div class='ocr_carea' id='block_1_69' title="bbox 2016 716 3686 795">
    <p class='ocr_par' dir='ltr' id='par_1_69' title="bbox 2016 716 3686 795">
     <span class='ocr_line' id='line_1_69' title="bbox 2016 716 3686 795; baseline 0.004 -26"><span class='ocrx_word' id='word_1_549' title='bbox 2016 716 2141 789; x_wconf 84' lang='grc' dir='ltr'>δίκῃ</span> <span class='ocrx_word' id='word_1_550' title='bbox 2172 716 2269 788; x_wconf 76' lang='grc' dir='ltr'>τὴν</span> <span class='ocrx_word' id='word_1_551' title='bbox 2308 718 2608 789; x_wconf 81' lang='grc' dir='ltr'>καταδίκην</span> <span class='ocrx_word' id='word_1_552' title='bbox 2644 719 2927 772; x_wconf 83' lang='grc' dir='ltr'>ἐκϐάλλει·</span> <span class='ocrx_word' id='word_1_553' title='bbox 2954 721 3050 772; x_wconf 75' lang='grc' dir='ltr'>καὶ</span> <span class='ocrx_word' id='word_1_554' title='bbox 3070 722 3238 784; x_wconf 79' lang='grc' dir='ltr'>ὅπως,</span> <span class='ocrx_word' id='word_1_555' title='bbox 3272 722 3462 775; x_wconf 82' lang='grc' dir='ltr'>ἄκουε.</span> <span class='ocrx_word' id='word_1_556' title='bbox 3499 722 3686 795; x_wconf 81' lang='grc' dir='ltr'>Ἐδόθη</span> 
     </span>
    </p>
   </div>
   <div class='ocr_carea' id='block_1_70' title="bbox 2017 804 3683 880">
    <p class='ocr_par' dir='ltr' id='par_1_70' title="bbox 2017 804 3683 880">
     <span class='ocr_line' id='line_1_70' title="bbox 2017 804 3683 880; baseline 0.005 -24"><span class='ocrx_word' id='word_1_557' title='bbox 2017 804 2158 875; x_wconf 86' lang='grc' dir='ltr'>λύπη</span> <span class='ocrx_word' id='word_1_558' title='bbox 2181 806 2269 857; x_wconf 86' lang='grc' dir='ltr'>διά</span> <span class='ocrx_word' id='word_1_559' title='bbox 2291 806 2389 876; x_wconf 82' lang='grc' dir='ltr'>τὴν</span> <span class='ocrx_word' id='word_1_560' title='bbox 2418 806 2714 876; x_wconf 86' lang='grc' dir='ltr'>ἁμαρτίαν,</span> <span class='ocrx_word' id='word_1_561' title='bbox 2748 808 2842 860; x_wconf 78' lang='grc' dir='ltr'>καὶ</span> <span class='ocrx_word' id='word_1_562' title='bbox 2882 807 2970 860; x_wconf 78' lang='grc' dir='ltr'>διὰ</span> <span class='ocrx_word' id='word_1_563' title='bbox 3001 807 3179 877; x_wconf 82' lang='grc' dir='ltr'>λύπης</span> <span class='ocrx_word' id='word_1_564' title='bbox 3206 807 3391 861; x_wconf 88' lang='grc' dir='ltr'>λύεται</span> <span class='ocrx_word' id='word_1_565' title='bbox 3421 810 3683 880; x_wconf 84' lang='grc' dir='ltr'>ἁμαρτία.</span> 
     </span>
    </p>
   </div>
   <div class='ocr_carea' id='block_1_71' title="bbox 1948 892 3685 964">
    <p class='ocr_par' dir='ltr' id='par_1_71' title="bbox 1948 892 3685 964">
     <span class='ocr_line' id='line_1_71' title="bbox 1948 892 3685 964; baseline 0.005 -21"><span class='ocrx_word' id='word_1_566' title='bbox 1948 898 1971 912; x_wconf 82' lang='lat'><em>’</em></span> <span class='ocrx_word' id='word_1_567' title='bbox 2016 893 2255 962; x_wconf 88' lang='grc' dir='ltr'>Πρόσεχε</span> <span class='ocrx_word' id='word_1_568' title='bbox 2286 892 2529 963; x_wconf 81' lang='grc' dir='ltr'>ἀκριϐῶς</span> <span class='ocrx_word' id='word_1_569' title='bbox 2550 910 2563 924; x_wconf 92' lang='grc'>·</span> <span class='ocrx_word' id='word_1_570' title='bbox 2591 896 2659 964; x_wconf 82' lang='grc' dir='ltr'>τῇ</span> <span class='ocrx_word' id='word_1_571' title='bbox 2688 895 2909 961; x_wconf 80' lang='grc' dir='ltr'>γυναικὶ</span> <span class='ocrx_word' id='word_1_572' title='bbox 2939 896 3179 947; x_wconf 87' lang='grc' dir='ltr'>ἀπειλῶν</span> <span class='ocrx_word' id='word_1_573' title='bbox 3207 898 3236 949; x_wconf 90' lang='lat'>6</span> <span class='ocrx_word' id='word_1_574' title='bbox 3271 895 3424 959; x_wconf 87' lang='grc' dir='ltr'>Θεὸς,</span> <span class='ocrx_word' id='word_1_575' title='bbox 3475 898 3570 951; x_wconf 77' lang='grc' dir='ltr'>καὶ</span> <span class='ocrx_word' id='word_1_576' title='bbox 3596 897 3685 952; x_wconf 89' lang='grc' dir='ltr'>διά</span> 
     </span>
    </p>
   </div>
   <div class='ocr_carea' id='block_1_72' title="bbox 2014 980 3686 1054">
    <p class='ocr_par' dir='ltr' id='par_1_72' title="bbox 2014 980 3686 1054">
     <span class='ocr_line' id='line_1_72' title="bbox 2014 980 3686 1054; baseline 0.004 -23"><span class='ocrx_word' id='word_1_577' title='bbox 2014 981 2113 1049; x_wconf 75' lang='grc' dir='ltr'>τὴν</span> <span class='ocrx_word' id='word_1_578' title='bbox 2137 980 2451 1051; x_wconf 87' lang='grc' dir='ltr'>παράϐασιν</span> <span class='ocrx_word' id='word_1_579' title='bbox 2474 981 2572 1051; x_wconf 83' lang='grc' dir='ltr'>τῆν</span> <span class='ocrx_word' id='word_1_580' title='bbox 2598 982 2871 1053; x_wconf 84' lang='grc' dir='ltr'>τιμωρίαν</span> <span class='ocrx_word' id='word_1_581' title='bbox 2892 983 3135 1052; x_wconf 90' lang='grc' dir='ltr'>ἐπάγων,</span> <span class='ocrx_word' id='word_1_582' title='bbox 3161 982 3295 1052; x_wconf 77' lang='grc' dir='ltr'>φησὶ</span> <span class='ocrx_word' id='word_1_583' title='bbox 3320 984 3456 1054; x_wconf 88' lang='grc' dir='ltr'>πρὸς</span> <span class='ocrx_word' id='word_1_584' title='bbox 3479 986 3648 1054; x_wconf 78' lang='grc' dir='ltr'>αὑτήν</span> <span class='ocrx_word' id='word_1_585' title='bbox 3666 1004 3686 1019; x_wconf 74' lang='grc' dir='ltr'><strong><em>ο</em></strong></span> 
     </span>
    </p>
   </div>
   <div class='ocr_carea' id='block_1_73' title="bbox 2028 1066 3688 1144">
    <p class='ocr_par' dir='ltr' id='par_1_73' title="bbox 2028 1066 3688 1144">
     <span class='ocr_line' id='line_1_73' title="bbox 2028 1066 3688 1144; baseline 0.005 -26"><span class='ocrx_word' id='word_1_586' title='bbox 2028 1066 2124 1119; x_wconf 82' lang='grc' dir='ltr'>Ἑν</span> <span class='ocrx_word' id='word_1_587' title='bbox 2145 1068 2371 1132; x_wconf 83' lang='grc' dir='ltr'>λύπαις</span> <span class='ocrx_word' id='word_1_588' title='bbox 2397 1067 2540 1135; x_wconf 81' lang='grc' dir='ltr'>τέξῃ</span> <span class='ocrx_word' id='word_1_589' title='bbox 2564 1067 2774 1121; x_wconf 76' lang='grc' dir='ltr'>τέκνα·</span> <span class='ocrx_word' id='word_1_590' title='bbox 2807 1070 2904 1122; x_wconf 80' lang='grc' dir='ltr'>καὶ</span> <span class='ocrx_word' id='word_1_591' title='bbox 2931 1070 3099 1136; x_wconf 84' lang='grc' dir='ltr'>ἔδειξε</span> <span class='ocrx_word' id='word_1_592' title='bbox 3135 1072 3347 1143; x_wconf 90' lang='grc' dir='ltr'>καρπὸν</span> <span class='ocrx_word' id='word_1_593' title='bbox 3375 1073 3473 1143; x_wconf 88' lang='grc' dir='ltr'>τῆς</span> <span class='ocrx_word' id='word_1_594' title='bbox 3509 1073 3688 1144; x_wconf 77' lang='grc' dir='ltr'>ἁμαρ⁴</span> 
     </span>
    </p>
   </div>
   <div class='ocr_carea' id='block_1_74' title="bbox 2013 1153 3688 1230">
    <p class='ocr_par' dir='ltr' id='par_1_74' title="bbox 2013 1153 3688 1230">
     <span class='ocr_line' id='line_1_74' title="bbox 2013 1153 3688 1230; baseline 0.005 -25"><span class='ocrx_word' id='word_1_595' title='bbox 2013 1153 2156 1215; x_wconf 84' lang='grc' dir='ltr'>τίας,</span> <span class='ocrx_word' id='word_1_596' title='bbox 2192 1155 2291 1224; x_wconf 83' lang='grc' dir='ltr'>τὴν</span> <span class='ocrx_word' id='word_1_597' title='bbox 2334 1154 2510 1225; x_wconf 87' lang='grc' dir='ltr'>λύπην</span> <span class='ocrx_word' id='word_1_598' title='bbox 2534 1171 2547 1184; x_wconf 91' lang='grc'>·</span> <span class='ocrx_word' id='word_1_599' title='bbox 2592 1155 2691 1207; x_wconf 88' lang='grc' dir='ltr'>ἀλλ</span> <span class='ocrx_word' id='word_1_600' title='bbox 2716 1195 2730 1218; x_wconf 93' lang='grc'>,</span> <span class='ocrx_word' id='word_1_601' title='bbox 2762 1154 2807 1208; x_wconf 81' lang='grc' dir='ltr'>ὥ</span> <span class='ocrx_word' id='word_1_602' title='bbox 2844 1156 2938 1209; x_wconf 83' lang='grc' dir='ltr'>τοῦ</span> <span class='ocrx_word' id='word_1_603' title='bbox 2971 1158 3381 1230; x_wconf 75' lang='grc' dir='ltr'>μεγαλοδώρουί</span> <span class='ocrx_word' id='word_1_604' title='bbox 3423 1160 3451 1213; x_wconf 84' lang='grc' dir='ltr'>ὃ</span> <span class='ocrx_word' id='word_1_605' title='bbox 3490 1159 3688 1214; x_wconf 73' lang='grc' dir='ltr'>ἔδωκεν</span> 
     </span>
    </p>
   </div>
   <div class='ocr_carea' id='block_1_75' title="bbox 2015 1241 3688 1318">
    <p class='ocr_par' dir='ltr' id='par_1_75' title="bbox 2015 1241 3688 1318">
     <span class='ocr_line' id='line_1_75' title="bbox 2015 1241 3688 1318; baseline 0.004 -25"><span class='ocrx_word' id='word_1_606' title='bbox 2015 1242 2095 1303; x_wconf 84' lang='grc' dir='ltr'>είς</span> <span class='ocrx_word' id='word_1_607' title='bbox 2120 1242 2412 1312; x_wconf 87' lang='grc' dir='ltr'>τιμωρίαν,</span> <span class='ocrx_word' id='word_1_608' title='bbox 2452 1241 2747 1312; x_wconf 84' lang='grc' dir='ltr'>μετέϐαλεν</span> <span class='ocrx_word' id='word_1_609' title='bbox 2772 1244 2852 1305; x_wconf 88' lang='grc' dir='ltr'>είς</span> <span class='ocrx_word' id='word_1_610' title='bbox 2877 1246 3173 1315; x_wconf 86' lang='grc' dir='ltr'>σωτηρίαν.</span> <span class='ocrx_word' id='word_1_611' title='bbox 3203 1246 3474 1318; x_wconf 81' lang='grc' dir='ltr'>Ἀμαρτία</span> <span class='ocrx_word' id='word_1_612' title='bbox 3509 1245 3688 1318; x_wconf 89' lang='grc' dir='ltr'>λύπην</span> 
     </span>
    </p>
   </div>
   <div class='ocr_carea' id='block_1_76' title="bbox 2015 1329 3687 1404">
    <p class='ocr_par' dir='ltr' id='par_1_76' title="bbox 2015 1329 3687 1404">
     <span class='ocr_line' id='line_1_76' title="bbox 2015 1329 3687 1404; baseline 0.002 -23"><span class='ocrx_word' id='word_1_613' title='bbox 2015 1329 2304 1400; x_wconf 87' lang='grc' dir='ltr'>ἐγέννησε·</span> <span class='ocrx_word' id='word_1_614' title='bbox 2353 1329 2498 1400; x_wconf 88' lang='grc' dir='ltr'>λύπη</span> <span class='ocrx_word' id='word_1_615' title='bbox 2550 1330 2651 1400; x_wconf 78' lang='grc' dir='ltr'>τὴν</span> <span class='ocrx_word' id='word_1_616' title='bbox 2699 1330 2977 1401; x_wconf 88' lang='grc' dir='ltr'>ἁμαρτίαν</span> <span class='ocrx_word' id='word_1_617' title='bbox 3028 1332 3306 1395; x_wconf 87' lang='grc' dir='ltr'>ἀνάλωσε,</span> <span class='ocrx_word' id='word_1_618' title='bbox 3350 1336 3446 1387; x_wconf 76' lang='grc' dir='ltr'>καὶ</span> <span class='ocrx_word' id='word_1_619' title='bbox 3498 1333 3687 1404; x_wconf 85' lang='grc' dir='ltr'>ὥσπερ</span> 
     </span>
    </p>
   </div>
   <div class='ocr_carea' id='block_1_77' title="bbox 2016 1415 3688 1492">
    <p class='ocr_par' dir='ltr' id='par_1_77' title="bbox 2016 1415 3688 1492">
     <span class='ocr_line' id='line_1_77' title="bbox 2016 1415 3688 1492; baseline 0.004 -24"><span class='ocrx_word' id='word_1_620' title='bbox 2016 1415 2232 1487; x_wconf 81' lang='grc' dir='ltr'>σκώληξ</span> <span class='ocrx_word' id='word_1_621' title='bbox 2280 1418 2390 1471; x_wconf 86' lang='grc' dir='ltr'>ἀπὸ</span> <span class='ocrx_word' id='word_1_622' title='bbox 2433 1417 2529 1471; x_wconf 86' lang='grc' dir='ltr'>τοῦ</span> <span class='ocrx_word' id='word_1_623' title='bbox 2558 1417 2718 1482; x_wconf 86' lang='grc' dir='ltr'>ξύλου</span> <span class='ocrx_word' id='word_1_624' title='bbox 2773 1420 3127 1489; x_wconf 90' lang='grc' dir='ltr'>τικτόμενος,</span> <span class='ocrx_word' id='word_1_625' title='bbox 3178 1421 3311 1473; x_wconf 84' lang='grc' dir='ltr'>αὐτὸ</span> <span class='ocrx_word' id='word_1_626' title='bbox 3357 1422 3571 1492; x_wconf 78' lang='grc' dir='ltr'>δαπανᾷ</span> <span class='ocrx_word' id='word_1_627' title='bbox 3625 1422 3688 1474; x_wconf 89' lang='grc' dir='ltr'>τὸ</span> 
     </span>
    </p>
   </div>
   <div class='ocr_carea' id='block_1_78' title="bbox 2017 1501 3684 1578">
    <p class='ocr_par' dir='ltr' id='par_1_78' title="bbox 2017 1501 3684 1578">
     <span class='ocr_line' id='line_1_78' title="bbox 2017 1501 3684 1578; baseline 0.004 -24"><span class='ocrx_word' id='word_1_628' title='bbox 2017 1501 2170 1566; x_wconf 84' lang='grc' dir='ltr'>ξύλον</span> <span class='ocrx_word' id='word_1_629' title='bbox 2192 1520 2203 1530; x_wconf 86' lang='grc'>·</span> <span class='ocrx_word' id='word_1_630' title='bbox 2239 1503 2384 1557; x_wconf 80' lang='grc' dir='ltr'>οὕτω</span> <span class='ocrx_word' id='word_1_631' title='bbox 2414 1506 2508 1557; x_wconf 76' lang='grc' dir='ltr'>καὶ</span> <span class='ocrx_word' id='word_1_632' title='bbox 2538 1508 2570 1576; x_wconf 84' lang='grc' dir='ltr'>ὴ</span> <span class='ocrx_word' id='word_1_633' title='bbox 2628 1508 2772 1577; x_wconf 90' lang='grc' dir='ltr'>λύπη</span> <span class='ocrx_word' id='word_1_634' title='bbox 2819 1507 3073 1576; x_wconf 87' lang='grc' dir='ltr'>τεχθεῖσα</span> <span class='ocrx_word' id='word_1_635' title='bbox 3098 1507 3206 1561; x_wconf 84' lang='grc' dir='ltr'>ἀπὸ</span> <span class='ocrx_word' id='word_1_636' title='bbox 3241 1509 3339 1576; x_wconf 90' lang='grc' dir='ltr'>τῆς</span> <span class='ocrx_word' id='word_1_637' title='bbox 3386 1509 3684 1578; x_wconf 85' lang='grc' dir='ltr'>ἁμαρτίας,</span> 
     </span>
    </p>
   </div>
   <div class='ocr_carea' id='block_1_79' title="bbox 2014 1591 3690 1667">
    <p class='ocr_par' dir='ltr' id='par_1_79' title="bbox 2014 1591 3690 1667">
     <span class='ocr_line' id='line_1_79' title="bbox 2014 1591 3690 1667; baseline 0.003 -25"><span class='ocrx_word' id='word_1_638' title='bbox 2014 1591 2299 1644; x_wconf 86' lang='grc' dir='ltr'>ἀναλίσκει</span> <span class='ocrx_word' id='word_1_639' title='bbox 2349 1593 2448 1661; x_wconf 85' lang='grc' dir='ltr'>τὴν</span> <span class='ocrx_word' id='word_1_640' title='bbox 2486 1593 2780 1662; x_wconf 84' lang='grc' dir='ltr'>ἁμαρτίαν,</span> <span class='ocrx_word' id='word_1_641' title='bbox 2821 1594 2908 1646; x_wconf 85' lang='grc' dir='ltr'>διὰ</span> <span class='ocrx_word' id='word_1_642' title='bbox 2938 1595 3039 1663; x_wconf 90' lang='grc' dir='ltr'>τῆς</span> <span class='ocrx_word' id='word_1_643' title='bbox 3084 1597 3371 1666; x_wconf 87' lang='grc' dir='ltr'>μετανοίας</span> <span class='ocrx_word' id='word_1_644' title='bbox 3418 1612 3690 1667; x_wconf 82' lang='grc' dir='ltr'>προσαγο-</span> 
     </span>
    </p>
   </div>
   <div class='ocr_carea' id='block_1_80' title="bbox 2017 1677 3685 1750">
    <p class='ocr_par' dir='ltr' id='par_1_80' title="bbox 2017 1677 3685 1750">
     <span class='ocr_line' id='line_1_80' title="bbox 2017 1677 3685 1750; baseline 0.004 -21"><span class='ocrx_word' id='word_1_645' title='bbox 2017 1679 2175 1748; x_wconf 85' lang='grc' dir='ltr'>μὲνη.</span> <span class='ocrx_word' id='word_1_646' title='bbox 2206 1677 2303 1730; x_wconf 90' lang='grc' dir='ltr'>Διά</span> <span class='ocrx_word' id='word_1_647' title='bbox 2336 1678 2493 1731; x_wconf 89' lang='grc' dir='ltr'>τοῦτό</span> <span class='ocrx_word' id='word_1_648' title='bbox 2522 1696 2686 1748; x_wconf 85' lang='grc' dir='ltr'>φησιν</span> <span class='ocrx_word' id='word_1_649' title='bbox 2717 1682 2745 1733; x_wconf 92' lang='lat'>6</span> <span class='ocrx_word' id='word_1_650' title='bbox 2782 1680 2995 1743; x_wconf 80' lang='grc' dir='ltr'>Παῦλος</span> <span class='ocrx_word' id='word_1_651' title='bbox 3016 1696 3030 1711; x_wconf 92' lang='grc'>·</span> <span class='ocrx_word' id='word_1_652' title='bbox 3075 1683 3144 1736; x_wconf 85' lang='grc' dir='ltr'><strong>Ἠ</strong></span> <span class='ocrx_word' id='word_1_653' title='bbox 3172 1685 3322 1736; x_wconf 83' lang='grc' dir='ltr'>κατὰ</span> <span class='ocrx_word' id='word_1_654' title='bbox 3348 1683 3501 1736; x_wconf 84' lang='grc' dir='ltr'>Θεὸν</span> <span class='ocrx_word' id='word_1_655' title='bbox 3518 1684 3685 1750; x_wconf 80' lang='grc' dir='ltr'>λύπη</span> 
     </span>
    </p>
   </div>
   <div class='ocr_carea' id='block_1_81' title="bbox 2008 1766 3690 1842">
    <p class='ocr_par' dir='ltr' id='par_1_81' title="bbox 2008 1766 3690 1842">
     <span class='ocr_line' id='line_1_81' title="bbox 2008 1766 3690 1842; baseline 0.004 -24"><span class='ocrx_word' id='word_1_656' title='bbox 2008 1766 2330 1834; x_wconf 81' lang='grc' dir='ltr'>μετάνοιαν</span> <span class='ocrx_word' id='word_1_657' title='bbox 2387 1769 2473 1831; x_wconf 84' lang='grc' dir='ltr'>είς</span> <span class='ocrx_word' id='word_1_658' title='bbox 2507 1768 2812 1833; x_wconf 83' lang='grc' dir='ltr'>σωτηρίαν</span> <span class='ocrx_word' id='word_1_659' title='bbox 2850 1770 3301 1837; x_wconf 74' lang='grc' dir='ltr'>ἀμεταμέλητον</span> <span class='ocrx_word' id='word_1_660' title='bbox 3330 1770 3479 1842; x_wconf 78' lang='grc'>[556]</span> <span class='ocrx_word' id='word_1_661' title='bbox 3525 1770 3690 1839; x_wconf 70' lang='grc' dir='ltr'>ἐργά-</span> 
     </span>
    </p>
   </div>
   <div class='ocr_carea' id='block_1_82' title="bbox 2014 1852 3686 1927">
    <p class='ocr_par' dir='ltr' id='par_1_82' title="bbox 2014 1852 3686 1927">
     <span class='ocr_line' id='line_1_82' title="bbox 2014 1852 3686 1927; baseline 0.002 -21"><span class='ocrx_word' id='word_1_662' title='bbox 2014 1853 2184 1914; x_wconf 83' lang='grc' dir='ltr'>ζεται.</span> <span class='ocrx_word' id='word_1_663' title='bbox 2214 1852 2368 1923; x_wconf 85' lang='grc' dir='ltr'>Καλὴ</span> <span class='ocrx_word' id='word_1_664' title='bbox 2399 1856 2432 1924; x_wconf 80' lang='grc' dir='ltr'>ἡ</span> <span class='ocrx_word' id='word_1_665' title='bbox 2463 1854 2607 1925; x_wconf 87' lang='grc' dir='ltr'>λύπη</span> <span class='ocrx_word' id='word_1_666' title='bbox 2652 1857 2765 1917; x_wconf 86' lang='grc' dir='ltr'>τοῖς</span> <span class='ocrx_word' id='word_1_667' title='bbox 2791 1856 3029 1923; x_wconf 89' lang='grc' dir='ltr'>γνησίως</span> <span class='ocrx_word' id='word_1_668' title='bbox 3085 1857 3410 1925; x_wconf 84' lang='grc' dir='ltr'>μετανοοῦσι</span> <span class='ocrx_word' id='word_1_669' title='bbox 3432 1872 3445 1885; x_wconf 87' lang='grc'>·</span> <span class='ocrx_word' id='word_1_670' title='bbox 3484 1859 3686 1927; x_wconf 84' lang='grc' dir='ltr'>πρέπει</span> 
     </span>
    </p>
   </div>
   <div class='ocr_carea' id='block_1_83' title="bbox 2011 1942 3686 2014">
    <p class='ocr_par' dir='ltr' id='par_1_83' title="bbox 2011 1942 3686 2014">
     <span class='ocr_line' id='line_1_83' title="bbox 2011 1942 3686 2014; baseline 0.003 -20"><span class='ocrx_word' id='word_1_671' title='bbox 2011 1946 2122 2005; x_wconf 89' lang='grc' dir='ltr'>τοῖς</span> <span class='ocrx_word' id='word_1_672' title='bbox 2154 1943 2525 2012; x_wconf 87' lang='grc' dir='ltr'>ἁμαρτάνουσι</span> <span class='ocrx_word' id='word_1_673' title='bbox 2551 1942 2605 1995; x_wconf 88' lang='grc' dir='ltr'>τὸ</span> <span class='ocrx_word' id='word_1_674' title='bbox 2630 1942 2771 2014; x_wconf 80' lang='grc' dir='ltr'>ὑπὲρ</span> <span class='ocrx_word' id='word_1_675' title='bbox 2791 1946 2892 2012; x_wconf 79' lang='grc' dir='ltr'>τῆς</span> <span class='ocrx_word' id='word_1_676' title='bbox 2920 1944 3191 2014; x_wconf 86' lang='grc' dir='ltr'>ἁμαρτίας</span> <span class='ocrx_word' id='word_1_677' title='bbox 3224 1945 3419 2007; x_wconf 82' lang='grc' dir='ltr'>πένθος</span> <span class='ocrx_word' id='word_1_678' title='bbox 3440 1963 3452 1977; x_wconf 92' lang='grc'>·</span> <span class='ocrx_word' id='word_1_679' title='bbox 3480 1946 3686 2000; x_wconf 83' lang='grc' dir='ltr'>Μακά-</span> 
     </span>
    </p>
   </div>
   <div class='ocr_carea' id='block_1_84' title="bbox 2004 2029 3680 2099">
    <p class='ocr_par' dir='ltr' id='par_1_84' title="bbox 2004 2029 3680 2099">
     <span class='ocr_line' id='line_1_84' title="bbox 2004 2029 3680 2099; baseline 0.004 -19"><span class='ocrx_word' id='word_1_680' title='bbox 2004 2047 2121 2096; x_wconf 89' lang='grc' dir='ltr'>ριοι</span> <span class='ocrx_word' id='word_1_681' title='bbox 2144 2033 2252 2097; x_wconf 75' lang='grc' dir='ltr'>γὰρ</span> <span class='ocrx_word' id='word_1_682' title='bbox 2279 2034 2331 2082; x_wconf 81' lang='grc' dir='ltr'>οἱ</span> <span class='ocrx_word' id='word_1_683' title='bbox 2364 2029 2748 2095; x_wconf 79' lang='grc' dir='ltr'>πενθοῦντες,</span> <span class='ocrx_word' id='word_1_684' title='bbox 2772 2030 2861 2082; x_wconf 87' lang='grc' dir='ltr'>ὅτι</span> <span class='ocrx_word' id='word_1_685' title='bbox 2888 2031 3058 2084; x_wconf 74' lang='grc' dir='ltr'>αὐτοὶ</span> <span class='ocrx_word' id='word_1_686' title='bbox 3088 2034 3680 2099; x_wconf 73' lang='grc' dir='ltr'>παρακληθήσονται.</span> 
     </span>
    </p>
   </div>
   <div class='ocr_carea' id='block_1_85' title="bbox 2013 2116 3685 2193">
    <p class='ocr_par' dir='ltr' id='par_1_85' title="bbox 2013 2116 3685 2193">
     <span class='ocr_line' id='line_1_85' title="bbox 2013 2116 3685 2193; baseline 0.004 -26"><span class='ocrx_word' id='word_1_687' title='bbox 2013 2116 2289 2187; x_wconf 88' lang='grc' dir='ltr'>Πένθησον</span> <span class='ocrx_word' id='word_1_688' title='bbox 2321 2118 2420 2186; x_wconf 85' lang='grc' dir='ltr'>τὴν</span> <span class='ocrx_word' id='word_1_689' title='bbox 2466 2116 2761 2186; x_wconf 81' lang='grc' dir='ltr'>ἁμαρτίαν,</span> <span class='ocrx_word' id='word_1_690' title='bbox 2810 2117 2897 2169; x_wconf 83' lang='grc' dir='ltr'>ἵνα</span> <span class='ocrx_word' id='word_1_691' title='bbox 2933 2118 3007 2188; x_wconf 86' lang='grc' dir='ltr'>μὴ</span> <span class='ocrx_word' id='word_1_692' title='bbox 3055 2117 3334 2193; x_wconf 83' lang='grc' dir='ltr'>θρηνήσῃς</span> <span class='ocrx_word' id='word_1_693' title='bbox 3372 2120 3473 2191; x_wconf 77' lang='grc' dir='ltr'>τὴν</span> <span class='ocrx_word' id='word_1_694' title='bbox 3516 2138 3685 2191; x_wconf 87' lang='grc' dir='ltr'>τιμω-</span> 
     </span>
    </p>
   </div>
   <div class='ocr_carea' id='block_1_86' title="bbox 2013 2202 3681 2279">
    <p class='ocr_par' dir='ltr' id='par_1_86' title="bbox 2013 2202 3681 2279">
     <span class='ocr_line' id='line_1_86' title="bbox 2013 2202 3681 2279; baseline 0.004 -25"><span class='ocrx_word' id='word_1_695' title='bbox 2013 2203 2133 2274; x_wconf 87' lang='grc' dir='ltr'>ρίαν</span> <span class='ocrx_word' id='word_1_696' title='bbox 2154 2220 2167 2232; x_wconf 95' lang='grc'>·</span> <span class='ocrx_word' id='word_1_697' title='bbox 2199 2204 2536 2271; x_wconf 73' lang='grc' dir='ltr'>ἀπολόγησαι</span> <span class='ocrx_word' id='word_1_698' title='bbox 2576 2202 2654 2272; x_wconf 85' lang='grc' dir='ltr'>τῷ</span> <span class='ocrx_word' id='word_1_699' title='bbox 2682 2208 2863 2275; x_wconf 80' lang='grc' dir='ltr'>κριτῇ,</span> <span class='ocrx_word' id='word_1_700' title='bbox 2901 2208 3030 2276; x_wconf 75' lang='grc' dir='ltr'>πρὶν</span> <span class='ocrx_word' id='word_1_701' title='bbox 3082 2205 3243 2279; x_wconf 80' lang='grc' dir='ltr'>ἔλθῃς</span> <span class='ocrx_word' id='word_1_702' title='bbox 3272 2208 3352 2269; x_wconf 87' lang='grc' dir='ltr'>εἰς</span> <span class='ocrx_word' id='word_1_703' title='bbox 3384 2208 3444 2259; x_wconf 89' lang='grc' dir='ltr'>τὸ</span> <span class='ocrx_word' id='word_1_704' title='bbox 3488 2210 3681 2279; x_wconf 78' lang='grc' dir='ltr'>κριτήοο</span> 
     </span>
    </p>
   </div>
   <div class='ocr_carea' id='block_1_87' title="bbox 2014 2287 3682 2364">
    <p class='ocr_par' dir='ltr' id='par_1_87' title="bbox 2014 2287 3682 2364">
     <span class='ocr_line' id='line_1_87' title="bbox 2014 2287 3682 2364; baseline 0.003 -21"><span class='ocrx_word' id='word_1_705' title='bbox 2014 2307 2144 2359; x_wconf 88' lang='grc' dir='ltr'>ριον.</span> <span class='ocrx_word' id='word_1_706' title='bbox 2181 2292 2250 2343; x_wconf 85' lang='grc' dir='ltr'><strong>Ἦ</strong></span> <span class='ocrx_word' id='word_1_707' title='bbox 2283 2292 2381 2343; x_wconf 85' lang='grc' dir='ltr'>οὐκ</span> <span class='ocrx_word' id='word_1_708' title='bbox 2410 2287 2577 2354; x_wconf 78' lang='grc' dir='ltr'>οἶδας,</span> <span class='ocrx_word' id='word_1_709' title='bbox 2605 2292 2685 2343; x_wconf 87' lang='grc' dir='ltr'>ὃτι</span> <span class='ocrx_word' id='word_1_710' title='bbox 2714 2292 2914 2353; x_wconf 82' lang='grc' dir='ltr'>πάντες</span> <span class='ocrx_word' id='word_1_711' title='bbox 2945 2295 2992 2344; x_wconf 88' lang='grc' dir='ltr'>οἱ</span> <span class='ocrx_word' id='word_1_712' title='bbox 3020 2292 3333 2363; x_wconf 83' lang='grc' dir='ltr'>βουλόμενοι</span> <span class='ocrx_word' id='word_1_713' title='bbox 3362 2294 3682 2364; x_wconf 82' lang='grc' dir='ltr'>δυσωπῆσαι</span> 
     </span>
    </p>
   </div>
   <div class='ocr_carea' id='block_1_88' title="bbox 2008 2378 3679 2453">
    <p class='ocr_par' dir='ltr' id='par_1_88' title="bbox 2008 2378 3679 2453">
     <span class='ocr_line' id='line_1_88' title="bbox 2008 2378 3679 2453; baseline 0.002 -23"><span class='ocrx_word' id='word_1_714' title='bbox 2008 2378 2099 2430; x_wconf 88' lang='grc' dir='ltr'>τὸν</span> <span class='ocrx_word' id='word_1_715' title='bbox 2152 2378 2376 2449; x_wconf 81' lang='grc' dir='ltr'>κριτὴν,</span> <span class='ocrx_word' id='word_1_716' title='bbox 2430 2380 2529 2431; x_wconf 75' lang='grc' dir='ltr'>οὐκ</span> <span class='ocrx_word' id='word_1_717' title='bbox 2563 2380 2620 2432; x_wconf 88' lang='grc' dir='ltr'>ἐν</span> <span class='ocrx_word' id='word_1_718' title='bbox 2669 2380 2805 2449; x_wconf 85' lang='grc' dir='ltr'>αὑτῇ</span> <span class='ocrx_word' id='word_1_719' title='bbox 2854 2382 2920 2450; x_wconf 84' lang='grc' dir='ltr'>τῇ</span> <span class='ocrx_word' id='word_1_720' title='bbox 2960 2380 3144 2433; x_wconf 85' lang='grc' dir='ltr'>ἐτάσει</span> <span class='ocrx_word' id='word_1_721' title='bbox 3172 2382 3271 2452; x_wconf 87' lang='grc' dir='ltr'>τῆς</span> <span class='ocrx_word' id='word_1_722' title='bbox 3310 2381 3466 2453; x_wconf 85' lang='grc' dir='ltr'>δίκης</span> <span class='ocrx_word' id='word_1_723' title='bbox 3514 2382 3679 2453; x_wconf 76' lang='grc' dir='ltr'>θεραο</span> 
     </span>
    </p>
   </div>
   <div class='ocr_carea' id='block_1_89' title="bbox 2010 2464 3681 2541">
    <p class='ocr_par' dir='ltr' id='par_1_89' title="bbox 2010 2464 3681 2541">
     <span class='ocr_line' id='line_1_89' title="bbox 2010 2464 3681 2541; baseline 0.004 -25"><span class='ocrx_word' id='word_1_724' title='bbox 2010 2464 2286 2525; x_wconf 76' lang='grc' dir='ltr'>πεύουσιν,</span> <span class='ocrx_word' id='word_1_725' title='bbox 2327 2464 2464 2518; x_wconf 81' lang='grc' dir='ltr'>ἀλλά</span> <span class='ocrx_word' id='word_1_726' title='bbox 2503 2465 2632 2534; x_wconf 74' lang='grc' dir='ltr'>πρὶν</span> <span class='ocrx_word' id='word_1_727' title='bbox 2672 2464 2935 2517; x_wconf 86' lang='grc' dir='ltr'>εἰσελθεῖν</span> <span class='ocrx_word' id='word_1_728' title='bbox 2974 2467 3056 2529; x_wconf 88' lang='grc' dir='ltr'>είς</span> <span class='ocrx_word' id='word_1_729' title='bbox 3096 2466 3158 2519; x_wconf 90' lang='grc' dir='ltr'>τὸ</span> <span class='ocrx_word' id='word_1_730' title='bbox 3186 2469 3494 2541; x_wconf 82' lang='grc' dir='ltr'>κριτήριον,</span> <span class='ocrx_word' id='word_1_731' title='bbox 3526 2471 3558 2540; x_wconf 79' lang='grc' dir='ltr'><strong>ἢ</strong></span> <span class='ocrx_word' id='word_1_732' title='bbox 3590 2468 3681 2524; x_wconf 84' lang='grc' dir='ltr'>διὰ</span> 
     </span>
    </p>
   </div>
   <div class='ocr_carea' id='block_1_90' title="bbox 2009 2552 3682 2624">
    <p class='ocr_par' dir='ltr' id='par_1_90' title="bbox 2009 2552 3682 2624">
     <span class='ocr_line' id='line_1_90' title="bbox 2009 2552 3682 2624; baseline 0.003 -20"><span class='ocrx_word' id='word_1_733' title='bbox 2009 2552 2200 2622; x_wconf 84' lang='grc' dir='ltr'>φίλων,</span> <span class='ocrx_word' id='word_1_734' title='bbox 2234 2552 2379 2623; x_wconf 81' lang='grc' dir='ltr'>ἢδιά</span> <span class='ocrx_word' id='word_1_735' title='bbox 2402 2552 2744 2622; x_wconf 86' lang='grc' dir='ltr'>προστατῶν,</span> <span class='ocrx_word' id='word_1_736' title='bbox 2780 2552 2812 2623; x_wconf 81' lang='grc' dir='ltr'>ἢ</span> <span class='ocrx_word' id='word_1_737' title='bbox 2843 2552 2908 2605; x_wconf 86' lang='grc' dir='ltr'>δι’</span> <span class='ocrx_word' id='word_1_738' title='bbox 2950 2554 3138 2623; x_wconf 89' lang='grc' dir='ltr'>ἐτέρου</span> <span class='ocrx_word' id='word_1_739' title='bbox 3178 2555 3382 2624; x_wconf 88' lang='grc' dir='ltr'>τρόπου</span> <span class='ocrx_word' id='word_1_740' title='bbox 3413 2554 3556 2619; x_wconf 85' lang='grc' dir='ltr'>τινὸς</span> <span class='ocrx_word' id='word_1_741' title='bbox 3587 2557 3682 2611; x_wconf 81' lang='grc' dir='ltr'>τὸν</span> 
     </span>
    </p>
   </div>
   <div class='ocr_carea' id='block_1_91' title="bbox 2006 2639 3681 2710">
    <p class='ocr_par' dir='ltr' id='par_1_91' title="bbox 2006 2639 3681 2710">
     <span class='ocr_line' id='line_1_91' title="bbox 2006 2639 3681 2710; baseline 0.002 -17"><span class='ocrx_word' id='word_1_742' title='bbox 2006 2640 2269 2710; x_wconf 82' lang='grc' dir='ltr'>δικαστὴν</span> <span class='ocrx_word' id='word_1_743' title='bbox 2320 2639 2751 2709; x_wconf 87' lang='grc' dir='ltr'>θεραπεύουσιν;</span> <span class='ocrx_word' id='word_1_744' title='bbox 2786 2640 2995 2693; x_wconf 82' lang='grc' dir='ltr'>Οὐκοῦν</span> <span class='ocrx_word' id='word_1_745' title='bbox 3041 2642 3136 2693; x_wconf 71' lang='grc' dir='ltr'>καὶ</span> <span class='ocrx_word' id='word_1_746' title='bbox 3181 2644 3274 2695; x_wconf 80' lang='grc' dir='ltr'>ἐπὶ</span> <span class='ocrx_word' id='word_1_747' title='bbox 3323 2642 3419 2696; x_wconf 90' lang='grc' dir='ltr'>τοῦ</span> <span class='ocrx_word' id='word_1_748' title='bbox 3450 2642 3585 2696; x_wconf 81' lang='grc' dir='ltr'>Θεοῦ</span> <span class='ocrx_word' id='word_1_749' title='bbox 3621 2647 3681 2697; x_wconf 91' lang='grc' dir='ltr'>ἐν</span> 
     </span>
    </p>
   </div>
   <div class='ocr_carea' id='block_1_92' title="bbox 2005 2726 3680 2803">
    <p class='ocr_par' dir='ltr' id='par_1_92' title="bbox 2005 2726 3680 2803">
     <span class='ocr_line' id='line_1_92' title="bbox 2005 2726 3680 2803; baseline 0.001 -22"><span class='ocrx_word' id='word_1_750' title='bbox 2005 2727 2083 2798; x_wconf 81' lang='grc' dir='ltr'>τῷ</span> <span class='ocrx_word' id='word_1_751' title='bbox 2114 2727 2289 2798; x_wconf 85' lang='grc' dir='ltr'>καιρῷ</span> <span class='ocrx_word' id='word_1_752' title='bbox 2321 2727 2415 2780; x_wconf 88' lang='grc' dir='ltr'>τοῦ</span> <span class='ocrx_word' id='word_1_753' title='bbox 2461 2728 2704 2798; x_wconf 87' lang='grc' dir='ltr'>βήματος</span> <span class='ocrx_word' id='word_1_754' title='bbox 2738 2728 2840 2781; x_wconf 88' lang='grc' dir='ltr'>οὐκ</span> <span class='ocrx_word' id='word_1_755' title='bbox 2870 2726 2986 2781; x_wconf 74' lang='grc' dir='ltr'>ἐστι</span> <span class='ocrx_word' id='word_1_756' title='bbox 3030 2732 3216 2783; x_wconf 88' lang='grc' dir='ltr'>πεῖσαι</span> <span class='ocrx_word' id='word_1_757' title='bbox 3260 2731 3353 2783; x_wconf 88' lang='grc' dir='ltr'>τὸν</span> <span class='ocrx_word' id='word_1_758' title='bbox 3381 2731 3643 2803; x_wconf 81' lang='grc' dir='ltr'>δικαστήν</span> <span class='ocrx_word' id='word_1_759' title='bbox 3665 2750 3680 2763; x_wconf 78' lang='grc' dir='ltr'><strong><em>ο</em></strong></span> 
     </span>
    </p>
   </div>
   <div class='ocr_carea' id='block_1_93' title="bbox 2006 2814 3680 2889">
    <p class='ocr_par' dir='ltr' id='par_1_93' title="bbox 2006 2814 3680 2889">
     <span class='ocr_line' id='line_1_93' title="bbox 2006 2814 3680 2889; baseline 0.002 -20"><span class='ocrx_word' id='word_1_760' title='bbox 2006 2817 2113 2887; x_wconf 88' lang='grc' dir='ltr'>πρὸ</span> <span class='ocrx_word' id='word_1_761' title='bbox 2138 2816 2193 2868; x_wconf 87' lang='grc' dir='ltr'>δὲ</span> <span class='ocrx_word' id='word_1_762' title='bbox 2221 2814 2314 2868; x_wconf 87' lang='grc' dir='ltr'>τοῦ</span> <span class='ocrx_word' id='word_1_763' title='bbox 2352 2815 2546 2886; x_wconf 85' lang='grc' dir='ltr'>καιροῦ</span> <span class='ocrx_word' id='word_1_764' title='bbox 2579 2817 2679 2885; x_wconf 88' lang='grc' dir='ltr'>τῆς</span> <span class='ocrx_word' id='word_1_765' title='bbox 2708 2815 2945 2885; x_wconf 88' lang='grc' dir='ltr'>κρίσεως</span> <span class='ocrx_word' id='word_1_766' title='bbox 2976 2815 3201 2869; x_wconf 90' lang='grc' dir='ltr'>δυνατὸν</span> <span class='ocrx_word' id='word_1_767' title='bbox 3240 2817 3560 2889; x_wconf 81' lang='grc' dir='ltr'>δυσωπῆσαι</span> <span class='ocrx_word' id='word_1_768' title='bbox 3586 2820 3680 2872; x_wconf 89' lang='grc' dir='ltr'>τὸν</span> 
     </span>
    </p>
   </div>
   <div class='ocr_carea' id='block_1_94' title="bbox 2005 2902 3683 2973">
    <p class='ocr_par' dir='ltr' id='par_1_94' title="bbox 2005 2902 3683 2973">
     <span class='ocr_line' id='line_1_94' title="bbox 2005 2902 3683 2973; baseline 0.002 -18"><span class='ocrx_word' id='word_1_769' title='bbox 2005 2904 2217 2973; x_wconf 82' lang='grc' dir='ltr'>κριτήν.</span> <span class='ocrx_word' id='word_1_770' title='bbox 2243 2902 2443 2971; x_wconf 88' lang='grc' dir='ltr'>Διόπερ</span> <span class='ocrx_word' id='word_1_771' title='bbox 2468 2902 2654 2969; x_wconf 75' lang='grc' dir='ltr'>ἔλεγεν</span> <span class='ocrx_word' id='word_1_772' title='bbox 2674 2904 2703 2954; x_wconf 92' lang='grc' dir='ltr'>ό</span> <span class='ocrx_word' id='word_1_773' title='bbox 2723 2903 2914 2954; x_wconf 83' lang='grc' dir='ltr'>Δαυῖδ·</span> <span class='ocrx_word' id='word_1_774' title='bbox 2939 2904 3388 2973; x_wconf 64' lang='grc' dir='ltr'>Προφθάσωμεν</span> <span class='ocrx_word' id='word_1_775' title='bbox 3412 2906 3478 2958; x_wconf 85' lang='grc' dir='ltr'>τὸ</span> <span class='ocrx_word' id='word_1_776' title='bbox 3500 2909 3683 2973; x_wconf 69' lang='grc' dir='ltr'>πρόσ-</span> 
     </span>
    </p>
   </div>
   <div class='ocr_carea' id='block_1_95' title="bbox 2003 2987 3680 3064">
    <p class='ocr_par' dir='ltr' id='par_1_95' title="bbox 2003 2987 3680 3064">
     <span class='ocr_line' id='line_1_95' title="bbox 2003 2987 3680 3064; baseline 0.002 -22"><span class='ocrx_word' id='word_1_777' title='bbox 2003 3006 2168 3043; x_wconf 85' lang='grc' dir='ltr'>ωπον</span> <span class='ocrx_word' id='word_1_778' title='bbox 2194 2989 2380 3041; x_wconf 83' lang='grc' dir='ltr'>αὐτοῦ</span> <span class='ocrx_word' id='word_1_779' title='bbox 2402 2989 2473 3041; x_wconf 80' lang='grc' dir='ltr'>ἐν</span> <span class='ocrx_word' id='word_1_780' title='bbox 2502 2987 2959 3058; x_wconf 74' lang='grc' dir='ltr'>ἐξομολογήσει.</span> <span class='ocrx_word' id='word_1_781' title='bbox 2996 2991 3143 3043; x_wconf 84' lang='grc' dir='ltr'>Ἐκεῖ</span> <span class='ocrx_word' id='word_1_782' title='bbox 3162 2990 3253 3043; x_wconf 86' lang='grc' dir='ltr'>τὸν</span> <span class='ocrx_word' id='word_1_783' title='bbox 3289 2992 3463 3061; x_wconf 86' lang='grc' dir='ltr'>μέγαν</span> <span class='ocrx_word' id='word_1_784' title='bbox 3488 2994 3680 3064; x_wconf 78' lang='grc' dir='ltr'>κριτὴν</span> 
     </span>
    </p>
   </div>
   <div class='ocr_carea' id='block_1_96' title="bbox 2001 3075 3679 3147">
    <p class='ocr_par' dir='ltr' id='par_1_96' title="bbox 2001 3075 3679 3147">
     <span class='ocr_line' id='line_1_96' title="bbox 2001 3075 3679 3147; baseline 0.002 -18"><span class='ocrx_word' id='word_1_785' title='bbox 2001 3078 2063 3129; x_wconf 83' lang='grc' dir='ltr'>οὐ</span> <span class='ocrx_word' id='word_1_786' title='bbox 2115 3075 2539 3146; x_wconf 80' lang='grc' dir='ltr'>παραλογίζεται</span> <span class='ocrx_word' id='word_1_787' title='bbox 2596 3075 2842 3145; x_wconf 78' lang='grc' dir='ltr'>ρητόρων</span> <span class='ocrx_word' id='word_1_788' title='bbox 2889 3075 3051 3147; x_wconf 83' lang='grc' dir='ltr'>τέχνη</span> <span class='ocrx_word' id='word_1_789' title='bbox 3076 3093 3090 3108; x_wconf 91' lang='grc'>·</span> <span class='ocrx_word' id='word_1_790' title='bbox 3124 3077 3186 3129; x_wconf 81' lang='grc' dir='ltr'>οὐ</span> <span class='ocrx_word' id='word_1_791' title='bbox 3225 3077 3465 3131; x_wconf 87' lang='grc' dir='ltr'>δυσωπεῖ</span> <span class='ocrx_word' id='word_1_792' title='bbox 3515 3079 3679 3133; x_wconf 88' lang='grc' dir='ltr'>δυνα-</span> 
     </span>
    </p>
   </div>
   <div class='ocr_carea' id='block_1_97' title="bbox 2004 3161 3680 3235">
    <p class='ocr_par' dir='ltr' id='par_1_97' title="bbox 2004 3161 3680 3235">
     <span class='ocr_line' id='line_1_97' title="bbox 2004 3161 3680 3235; baseline 0.001 -18"><span class='ocrx_word' id='word_1_793' title='bbox 2004 3163 2185 3217; x_wconf 86' lang='grc' dir='ltr'>στεία·</span> <span class='ocrx_word' id='word_1_794' title='bbox 2228 3161 2499 3232; x_wconf 86' lang='grc' dir='ltr'>ἀξιώματι</span> <span class='ocrx_word' id='word_1_795' title='bbox 2543 3162 2602 3214; x_wconf 90' lang='grc' dir='ltr'>ού</span> <span class='ocrx_word' id='word_1_796' title='bbox 2636 3162 2913 3215; x_wconf 81' lang='grc' dir='ltr'>πείθεται·</span> <span class='ocrx_word' id='word_1_797' title='bbox 2947 3165 3238 3233; x_wconf 88' lang='grc' dir='ltr'>πρόσωπον</span> <span class='ocrx_word' id='word_1_798' title='bbox 3283 3166 3385 3217; x_wconf 83' lang='grc' dir='ltr'>οὐκ</span> <span class='ocrx_word' id='word_1_799' title='bbox 3429 3165 3680 3235; x_wconf 74' lang='grc' dir='ltr'>αἰσχύνε-</span> 
     </span>
    </p>
   </div>
   <div class='ocr_carea' id='block_1_98' title="bbox 1999 3250 3679 3323">
    <p class='ocr_par' dir='ltr' id='par_1_98' title="bbox 1999 3250 3679 3323">
     <span class='ocr_line' id='line_1_98' title="bbox 1999 3250 3679 3323; baseline 0.003 -19"><span class='ocrx_word' id='word_1_800' title='bbox 1999 3268 2125 3304; x_wconf 91' lang='grc' dir='ltr'>ται·</span> <span class='ocrx_word' id='word_1_801' title='bbox 2156 3252 2434 3321; x_wconf 88' lang='grc' dir='ltr'>χρήμασιν</span> <span class='ocrx_word' id='word_1_802' title='bbox 2468 3251 2530 3303; x_wconf 85' lang='grc' dir='ltr'>ού</span> <span class='ocrx_word' id='word_1_803' title='bbox 2572 3250 2968 3322; x_wconf 84' lang='grc' dir='ltr'>διαφθείρεται,</span> <span class='ocrx_word' id='word_1_804' title='bbox 3009 3251 3145 3305; x_wconf 88' lang='grc' dir='ltr'>ἀλλά</span> <span class='ocrx_word' id='word_1_805' title='bbox 3175 3251 3385 3323; x_wconf 78' lang='grc' dir='ltr'>φοϐερά</span> <span class='ocrx_word' id='word_1_806' title='bbox 3421 3256 3540 3307; x_wconf 88' lang='grc' dir='ltr'>ἐστι</span> <span class='ocrx_word' id='word_1_807' title='bbox 3581 3257 3679 3310; x_wconf 80' lang='grc' dir='ltr'>καὶ</span> 
     </span>
    </p>
   </div>
   <div class='ocr_carea' id='block_1_99' title="bbox 2000 3338 2827 3409">
    <p class='ocr_par' dir='ltr' id='par_1_99' title="bbox 2000 3338 2827 3409">
     <span class='ocr_line' id='line_1_99' title="bbox 2000 3338 2827 3409; baseline -0.002 -17"><span class='ocrx_word' id='word_1_808' title='bbox 2000 3339 2352 3409; x_wconf 79' lang='grc' dir='ltr'>ἀδυσώπητος</span> <span class='ocrx_word' id='word_1_809' title='bbox 2384 3340 2416 3408; x_wconf 80' lang='grc' dir='ltr'>ἡ</span> <span class='ocrx_word' id='word_1_810' title='bbox 2442 3338 2827 3407; x_wconf 88' lang='grc' dir='ltr'>δικαιοκρισία.</span> 
     </span>
    </p>
   </div>
   <div class='ocr_carea' id='block_1_100' title="bbox 2085 3423 3678 3500">
    <p class='ocr_par' dir='ltr' id='par_1_100' title="bbox 2085 3423 3678 3500">
     <span class='ocr_line' id='line_1_100' title="bbox 2085 3423 3678 3500; baseline 0.003 -21"><span class='ocrx_word' id='word_1_811' title='bbox 2085 3426 2351 3480; x_wconf 86' lang='grc' dir='ltr'>Ἐνταῦθα</span> <span class='ocrx_word' id='word_1_812' title='bbox 2379 3438 2404 3466; x_wconf 79' lang='grc' dir='ltr'>ιι</span> <span class='ocrx_word' id='word_1_813' title='bbox 2437 3423 2530 3479; x_wconf 79' lang='grc' dir='ltr'>οὖν</span> <span class='ocrx_word' id='word_1_814' title='bbox 2557 3424 2649 3477; x_wconf 85' lang='grc' dir='ltr'>τὸν</span> <span class='ocrx_word' id='word_1_815' title='bbox 2682 3426 2879 3497; x_wconf 83' lang='grc' dir='ltr'>κριτὴν</span> <span class='ocrx_word' id='word_1_816' title='bbox 2899 3425 3330 3497; x_wconf 76' lang='grc' dir='ltr'>δυσωπήσωμεν,</span> <span class='ocrx_word' id='word_1_817' title='bbox 3370 3430 3466 3482; x_wconf 74' lang='grc' dir='ltr'>καὶ</span> <span class='ocrx_word' id='word_1_818' title='bbox 3498 3447 3678 3500; x_wconf 74' lang='grc' dir='ltr'>παραι-</span> 
     </span>
    </p>
   </div>
   <div class='ocr_carea' id='block_1_101' title="bbox 2000 3513 3680 3587">
    <p class='ocr_par' dir='ltr' id='par_1_101' title="bbox 2000 3513 3680 3587">
     <span class='ocr_line' id='line_1_101' title="bbox 2000 3513 3680 3587; baseline 0.001 -18"><span class='ocrx_word' id='word_1_819' title='bbox 2000 3517 2354 3587; x_wconf 84' lang='grc' dir='ltr'>καλέσωμεν·</span> <span class='ocrx_word' id='word_1_820' title='bbox 2415 3513 2649 3568; x_wconf 86' lang='grc' dir='ltr'>ἐνταῦθα</span> <span class='ocrx_word' id='word_1_821' title='bbox 2707 3515 2874 3567; x_wconf 81' lang='grc' dir='ltr'>παντὶ</span> <span class='ocrx_word' id='word_1_822' title='bbox 2934 3514 3109 3567; x_wconf 86' lang='grc' dir='ltr'>σθένει</span> <span class='ocrx_word' id='word_1_823' title='bbox 3163 3515 3680 3587; x_wconf 74' lang='grc' dir='ltr'>καθικετεύσωμεν,</span> 
     </span>
    </p>
   </div>
   <div class='ocr_carea' id='block_1_102' title="bbox 1998 3602 3676 3676">
    <p class='ocr_par' dir='ltr' id='par_1_102' title="bbox 1998 3602 3676 3676">
     <span class='ocr_line' id='line_1_102' title="bbox 1998 3602 3676 3676; baseline 0.001 -18"><span class='ocrx_word' id='word_1_824' title='bbox 1998 3602 2112 3658; x_wconf 80' lang='grc' dir='ltr'>ἀλλ’</span> <span class='ocrx_word' id='word_1_825' title='bbox 2160 3606 2219 3658; x_wconf 86' lang='grc' dir='ltr'>οὐ</span> <span class='ocrx_word' id='word_1_826' title='bbox 2268 3606 2547 3676; x_wconf 87' lang='grc' dir='ltr'>χρήμασι·</span> <span class='ocrx_word' id='word_1_827' title='bbox 2603 3603 2804 3674; x_wconf 82' lang='grc' dir='ltr'>μᾶλλον</span> <span class='ocrx_word' id='word_1_828' title='bbox 2843 3603 2921 3666; x_wconf 86' lang='grc' dir='ltr'>δέ,</span> <span class='ocrx_word' id='word_1_829' title='bbox 2981 3605 3030 3655; x_wconf 88' lang='grc' dir='ltr'>εί</span> <span class='ocrx_word' id='word_1_830' title='bbox 3075 3602 3178 3674; x_wconf 81' lang='grc' dir='ltr'>χρὴ</span> <span class='ocrx_word' id='word_1_831' title='bbox 3222 3604 3429 3674; x_wconf 88' lang='grc' dir='ltr'>τάληθῆ</span> <span class='ocrx_word' id='word_1_832' title='bbox 3470 3606 3676 3674; x_wconf 84' lang='grc' dir='ltr'>λέγειν,</span> 
     </span>
    </p>
   </div>
   <div class='ocr_carea' id='block_1_103' title="bbox 2000 3689 3678 3765">
    <p class='ocr_par' dir='ltr' id='par_1_103' title="bbox 2000 3689 3678 3765">
     <span class='ocr_line' id='line_1_103' title="bbox 2000 3689 3678 3765; baseline 0 -16"><span class='ocrx_word' id='word_1_833' title='bbox 2000 3696 2250 3749; x_wconf 86' lang='grc' dir='ltr'>πείθεται</span> <span class='ocrx_word' id='word_1_834' title='bbox 2280 3696 2374 3746; x_wconf 75' lang='grc' dir='ltr'>καὶ</span> <span class='ocrx_word' id='word_1_835' title='bbox 2419 3694 2694 3764; x_wconf 82' lang='grc' dir='ltr'>χρήμασιν</span> <span class='ocrx_word' id='word_1_836' title='bbox 2726 3695 2754 3745; x_wconf 91' lang='lat'>6</span> <span class='ocrx_word' id='word_1_837' title='bbox 2782 3689 3179 3762; x_wconf 78' lang='grc' dir='ltr'>φιλάνθρωπος,</span> <span class='ocrx_word' id='word_1_838' title='bbox 3208 3694 3308 3747; x_wconf 78' lang='grc' dir='ltr'>ούκ</span> <span class='ocrx_word' id='word_1_839' title='bbox 3341 3694 3501 3758; x_wconf 82' lang='grc' dir='ltr'>αὐτὸς</span> <span class='ocrx_word' id='word_1_840' title='bbox 3524 3695 3678 3765; x_wconf 86' lang='grc' dir='ltr'>δεχό-</span> 
     </span>
    </p>
   </div>
   <div class='ocr_carea' id='block_1_104' title="bbox 2002 3781 3676 3855">
    <p class='ocr_par' dir='ltr' id='par_1_104' title="bbox 2002 3781 3676 3855">
     <span class='ocr_line' id='line_1_104' title="bbox 2002 3781 3676 3855; baseline 0.017 -27"><span class='ocrx_word' id='word_1_841' title='bbox 2002 3802 2183 3855; x_wconf 84' lang='grc' dir='ltr'>μενος,</span> <span class='ocrx_word' id='word_1_842' title='bbox 2214 3782 2349 3835; x_wconf 87' lang='grc' dir='ltr'>ἀλλά</span> <span class='ocrx_word' id='word_1_843' title='bbox 2382 3783 2469 3834; x_wconf 88' lang='grc' dir='ltr'>διά</span> <span class='ocrx_word' id='word_1_844' title='bbox 2496 3781 2605 3833; x_wconf 85' lang='grc' dir='ltr'>τῶν</span> <span class='ocrx_word' id='word_1_845' title='bbox 2646 3784 2914 3851; x_wconf 78' lang='grc' dir='ltr'>πενήτων.</span> <span class='ocrx_word' id='word_1_846' title='bbox 2948 3782 3047 3843; x_wconf 74' lang='grc' dir='ltr'>Δὸς</span> <span class='ocrx_word' id='word_1_847' title='bbox 3076 3783 3357 3850; x_wconf 75' lang='grc' dir='ltr'>πενομένῳ</span> <span class='ocrx_word' id='word_1_848' title='bbox 3396 3786 3676 3854; x_wconf 65' lang='grc' dir='ltr'>Χρήματαο</span> 
     </span>
    </p>
   </div>
   <div class='ocr_carea' id='block_1_105' title="bbox 1998 3865 3676 3939">
    <p class='ocr_par' dir='ltr' id='par_1_105' title="bbox 1998 3865 3676 3939">
     <span class='ocr_line' id='line_1_105' title="bbox 1998 3865 3676 3939; baseline 0.001 -16"><span class='ocrx_word' id='word_1_849' title='bbox 1998 3872 2091 3923; x_wconf 70' lang='grc' dir='ltr'>καὶ</span> <span class='ocrx_word' id='word_1_850' title='bbox 2112 3870 2203 3922; x_wconf 88' lang='grc' dir='ltr'>τὸν</span> <span class='ocrx_word' id='word_1_851' title='bbox 2227 3868 2420 3938; x_wconf 80' lang='grc' dir='ltr'>κριτὴν</span> <span class='ocrx_word' id='word_1_852' title='bbox 2445 3865 2827 3936; x_wconf 85' lang='grc' dir='ltr'>ἐδυσὼπησας.</span> <span class='ocrx_word' id='word_1_853' title='bbox 2854 3866 3039 3919; x_wconf 81' lang='grc' dir='ltr'>Ταῦτα</span> <span class='ocrx_word' id='word_1_854' title='bbox 3058 3866 3114 3919; x_wconf 88' lang='grc' dir='ltr'>δὲ</span> <span class='ocrx_word' id='word_1_855' title='bbox 3146 3868 3288 3935; x_wconf 86' lang='grc' dir='ltr'>λέγω</span> <span class='ocrx_word' id='word_1_856' title='bbox 3304 3870 3676 3939; x_wconf 78' lang='grc' dir='ltr'>οἰκειούμενος</span> 
     </span>
    </p>
   </div>
   <div class='ocr_carea' id='block_1_106' title="bbox 1998 3954 3675 4029">
    <p class='ocr_par' dir='ltr' id='par_1_106' title="bbox 1998 3954 3675 4029">
     <span class='ocr_line' id='line_1_106' title="bbox 1998 3954 3675 4029; baseline 0.005 -24"><span class='ocrx_word' id='word_1_857' title='bbox 1998 3960 2161 4029; x_wconf 79' lang='grc' dir='ltr'>ὑμᾶς,</span> <span class='ocrx_word' id='word_1_858' title='bbox 2194 3955 2380 4024; x_wconf 84' lang='grc' dir='ltr'>ἐπειδὴ</span> <span class='ocrx_word' id='word_1_859' title='bbox 2436 3954 2697 4024; x_wconf 87' lang='grc' dir='ltr'>μετάνοια</span> <span class='ocrx_word' id='word_1_860' title='bbox 2732 3954 2888 4017; x_wconf 85' lang='grc' dir='ltr'>ἐκτὸς</span> <span class='ocrx_word' id='word_1_861' title='bbox 2931 3954 3303 4026; x_wconf 86' lang='grc' dir='ltr'>ἐλεημοσύνης</span> <span class='ocrx_word' id='word_1_862' title='bbox 3349 3959 3519 4026; x_wconf 88' lang='grc' dir='ltr'>νεκρά</span> <span class='ocrx_word' id='word_1_863' title='bbox 3555 3960 3675 4014; x_wconf 90' lang='grc' dir='ltr'>ἐστι</span> 
     </span>
    </p>
   </div>
   <div class='ocr_carea' id='block_1_107' title="bbox 1997 4038 3672 4117">
    <p class='ocr_par' dir='ltr' id='par_1_107' title="bbox 1997 4038 3672 4117">
     <span class='ocr_line' id='line_1_107' title="bbox 1997 4038 3672 4117; baseline -0.002 -18"><span class='ocrx_word' id='word_1_864' title='bbox 1997 4045 2092 4099; x_wconf 75' lang='grc' dir='ltr'>καὶ</span> <span class='ocrx_word' id='word_1_865' title='bbox 2143 4043 2414 4111; x_wconf 84' lang='grc' dir='ltr'>ἄπτερος·</span> <span class='ocrx_word' id='word_1_866' title='bbox 2463 4041 2524 4093; x_wconf 86' lang='grc' dir='ltr'>οὐ</span> <span class='ocrx_word' id='word_1_867' title='bbox 2579 4038 2801 4093; x_wconf 88' lang='grc' dir='ltr'>δύναται</span> <span class='ocrx_word' id='word_1_868' title='bbox 2855 4042 3115 4111; x_wconf 90' lang='grc' dir='ltr'>μετάνοια</span> <span class='ocrx_word' id='word_1_869' title='bbox 3163 4043 3553 4113; x_wconf 86' lang='grc' dir='ltr'>πτερωθῆναι,</span> <span class='ocrx_word' id='word_1_870' title='bbox 3596 4045 3672 4117; x_wconf 76' lang='grc' dir='ltr'>μὴ</span> 
     </span>
    </p>
   </div>
   <div class='ocr_carea' id='block_1_108' title="bbox 1997 4126 3672 4202">
    <p class='ocr_par' dir='ltr' id='par_1_108' title="bbox 1997 4126 3672 4202">
     <span class='ocr_line' id='line_1_108' title="bbox 1997 4126 3672 4202; baseline 0.001 -18"><span class='ocrx_word' id='word_1_871' title='bbox 1997 4132 2197 4202; x_wconf 80' lang='grc' dir='ltr'>ἔχουσα</span> <span class='ocrx_word' id='word_1_872' title='bbox 2230 4127 2432 4198; x_wconf 88' lang='grc' dir='ltr'>πτερὸν</span> <span class='ocrx_word' id='word_1_873' title='bbox 2469 4126 2861 4197; x_wconf 85' lang='grc' dir='ltr'>ἐλεημοσύνης.</span> <span class='ocrx_word' id='word_1_874' title='bbox 2888 4128 2985 4180; x_wconf 79' lang='grc' dir='ltr'>Διά</span> <span class='ocrx_word' id='word_1_875' title='bbox 3007 4127 3165 4181; x_wconf 84' lang='grc' dir='ltr'>τοῦτο</span> <span class='ocrx_word' id='word_1_876' title='bbox 3190 4127 3265 4199; x_wconf 80' lang='grc' dir='ltr'>τῷ</span> <span class='ocrx_word' id='word_1_877' title='bbox 3290 4129 3469 4194; x_wconf 87' lang='grc' dir='ltr'>καλῶς</span> <span class='ocrx_word' id='word_1_878' title='bbox 3504 4149 3672 4201; x_wconf 84' lang='grc' dir='ltr'>μετα-</span> 
     </span>
    </p>
   </div>
   <div class='ocr_carea' id='block_1_109' title="bbox 1996 4215 3672 4290">
    <p class='ocr_par' dir='ltr' id='par_1_109' title="bbox 1996 4215 3672 4290">
     <span class='ocr_line' id='line_1_109' title="bbox 1996 4215 3672 4290; baseline -0.002 -17"><span class='ocrx_word' id='word_1_879' title='bbox 1996 4223 2249 4290; x_wconf 81' lang='grc' dir='ltr'>νοήσαντι</span> <span class='ocrx_word' id='word_1_880' title='bbox 2272 4216 2555 4287; x_wconf 85' lang='grc' dir='ltr'>Κορνηλίῳ</span> <span class='ocrx_word' id='word_1_881' title='bbox 2577 4216 2772 4286; x_wconf 82' lang='grc' dir='ltr'>πτερὸν</span> <span class='ocrx_word' id='word_1_882' title='bbox 2799 4215 3015 4283; x_wconf 86' lang='grc' dir='ltr'>ἐγένετο</span> <span class='ocrx_word' id='word_1_883' title='bbox 3042 4217 3139 4285; x_wconf 77' lang='grc' dir='ltr'>τῆς</span> <span class='ocrx_word' id='word_1_884' title='bbox 3162 4216 3441 4280; x_wconf 78' lang='grc' dir='ltr'>εὐσεϐείας</span> <span class='ocrx_word' id='word_1_885' title='bbox 3470 4220 3502 4289; x_wconf 82' lang='grc' dir='ltr'>η</span> <span class='ocrx_word' id='word_1_886' title='bbox 3525 4218 3672 4289; x_wconf 82' lang='grc' dir='ltr'>ἐλεη-</span> 
     </span>
    </p>
   </div>
   <div class='ocr_carea' id='block_1_110' title="bbox 1999 4303 3672 4380">
    <p class='ocr_par' dir='ltr' id='par_1_110' title="bbox 1999 4303 3672 4380">
     <span class='ocr_line' id='line_1_110' title="bbox 1999 4303 3672 4380; baseline 0 -21"><span class='ocrx_word' id='word_1_887' title='bbox 1999 4307 2237 4380; x_wconf 87' lang='grc' dir='ltr'>μοσύνη·</span> <span class='ocrx_word' id='word_1_888' title='bbox 2266 4308 2334 4359; x_wconf 77' lang='grc' dir='ltr'>Αἱ</span> <span class='ocrx_word' id='word_1_889' title='bbox 2358 4304 2763 4372; x_wconf 81' lang='grc' dir='ltr'>ἐλεημοσύναι</span> <span class='ocrx_word' id='word_1_890' title='bbox 2792 4319 2909 4357; x_wconf 91' lang='grc' dir='ltr'>σου</span> <span class='ocrx_word' id='word_1_891' title='bbox 2931 4303 3061 4375; x_wconf 82' lang='grc' dir='ltr'>γὰρ,</span> <span class='ocrx_word' id='word_1_892' title='bbox 3096 4305 3246 4373; x_wconf 68' lang='grc' dir='ltr'>φησὶ.</span> <span class='ocrx_word' id='word_1_893' title='bbox 3282 4305 3380 4358; x_wconf 78' lang='grc' dir='ltr'>καὶ</span> <span class='ocrx_word' id='word_1_894' title='bbox 3407 4310 3465 4359; x_wconf 77' lang='grc' dir='ltr'>αἱ</span> <span class='ocrx_word' id='word_1_895' title='bbox 3486 4323 3672 4374; x_wconf 80' lang='grc' dir='ltr'>προσ-</span> 
     </span>
    </p>
   </div>
   <div class='ocr_carea' id='block_1_111' title="bbox 1993 4389 3670 4465">
    <p class='ocr_par' dir='ltr' id='par_1_111' title="bbox 1993 4389 3670 4465">
     <span class='ocr_line' id='line_1_111' title="bbox 1993 4389 3670 4465; baseline 0 -18"><span class='ocrx_word' id='word_1_896' title='bbox 1993 4394 2169 4464; x_wconf 82' lang='grc' dir='ltr'>ευχαί</span> <span class='ocrx_word' id='word_1_897' title='bbox 2217 4410 2333 4446; x_wconf 89' lang='grc' dir='ltr'>σου</span> <span class='ocrx_word' id='word_1_898' title='bbox 2383 4395 2470 4456; x_wconf 81' lang='grc' dir='ltr'>είς</span> <span class='ocrx_word' id='word_1_899' title='bbox 2516 4393 2778 4459; x_wconf 80' lang='grc' dir='ltr'>οὐρανὸν</span> <span class='ocrx_word' id='word_1_900' title='bbox 2827 4389 3157 4458; x_wconf 78' lang='grc' dir='ltr'>ἀνέϐησαν.</span> <span class='ocrx_word' id='word_1_901' title='bbox 3210 4393 3296 4454; x_wconf 84' lang='grc' dir='ltr'>Ὠς</span> <span class='ocrx_word' id='word_1_902' title='bbox 3330 4394 3379 4445; x_wconf 87' lang='grc' dir='ltr'>εί</span> <span class='ocrx_word' id='word_1_903' title='bbox 3430 4394 3505 4464; x_wconf 84' lang='grc' dir='ltr'>μὴ</span> <span class='ocrx_word' id='word_1_904' title='bbox 3555 4390 3670 4465; x_wconf 75' lang='grc' dir='ltr'>εἶχε</span> 
     </span>
    </p>
   </div>
   <div class='ocr_carea' id='block_1_112' title="bbox 1994 4479 3671 4553">
    <p class='ocr_par' dir='ltr' id='par_1_112' title="bbox 1994 4479 3671 4553">
     <span class='ocr_line' id='line_1_112' title="bbox 1994 4479 3671 4553; baseline -0.001 -17"><span class='ocrx_word' id='word_1_905' title='bbox 1994 4482 2194 4552; x_wconf 86' lang='grc' dir='ltr'>πτερὸν</span> <span class='ocrx_word' id='word_1_906' title='bbox 2221 4480 2318 4551; x_wconf 85' lang='grc' dir='ltr'>τὴν</span> <span class='ocrx_word' id='word_1_907' title='bbox 2349 4479 2717 4550; x_wconf 75' lang='grc' dir='ltr'>ἐλεημοσύνην</span> <span class='ocrx_word' id='word_1_908' title='bbox 2751 4481 2783 4550; x_wconf 88' lang='grc' dir='ltr'><strong>ή</strong></span> <span class='ocrx_word' id='word_1_909' title='bbox 2819 4480 3101 4548; x_wconf 89' lang='grc' dir='ltr'>μετάνοια,</span> <span class='ocrx_word' id='word_1_910' title='bbox 3135 4481 3235 4533; x_wconf 82' lang='grc' dir='ltr'>οὐκ</span> <span class='ocrx_word' id='word_1_911' title='bbox 3282 4480 3348 4534; x_wconf 82' lang='grc' dir='ltr'>ἂν</span> <span class='ocrx_word' id='word_1_912' title='bbox 3401 4483 3480 4545; x_wconf 88' lang='grc' dir='ltr'>είς</span> <span class='ocrx_word' id='word_1_913' title='bbox 3513 4482 3671 4553; x_wconf 86' lang='grc' dir='ltr'>ούρα-</span> 
     </span>
    </p>
   </div>
   <div class='ocr_carea' id='block_1_113' title="bbox 1990 4564 3669 4642">
    <p class='ocr_par' dir='ltr' id='par_1_113' title="bbox 1990 4564 3669 4642">
     <span class='ocr_line' id='line_1_113' title="bbox 1990 4564 3669 4642; baseline -0.001 -19"><span class='ocrx_word' id='word_1_914' title='bbox 1990 4572 2079 4625; x_wconf 88' lang='grc' dir='ltr'>νὸν</span> <span class='ocrx_word' id='word_1_915' title='bbox 2124 4569 2402 4640; x_wconf 82' lang='grc' dir='ltr'>ἐχώρησεν</span> <span class='ocrx_word' id='word_1_916' title='bbox 2465 4568 2759 4637; x_wconf 82' lang='grc' dir='ltr'>Ἀνέῳκται</span> <span class='ocrx_word' id='word_1_917' title='bbox 2787 4564 2880 4620; x_wconf 79' lang='grc' dir='ltr'>οὖν</span> <span class='ocrx_word' id='word_1_918' title='bbox 2922 4570 3164 4639; x_wconf 86' lang='grc' dir='ltr'>σήμερον</span> <span class='ocrx_word' id='word_1_919' title='bbox 3198 4570 3489 4638; x_wconf 84' lang='grc' dir='ltr'>ἐμπορεῖον</span> <span class='ocrx_word' id='word_1_920' title='bbox 3522 4569 3669 4642; x_wconf 87' lang='grc' dir='ltr'>ἐλεη-</span> 
     </span>
    </p>
   </div>
   <div class='ocr_carea' id='block_1_114' title="bbox 1995 4656 3666 4730">
    <p class='ocr_par' dir='ltr' id='par_1_114' title="bbox 1995 4656 3666 4730">
     <span class='ocr_line' id='line_1_114' title="bbox 1995 4656 3666 4730; baseline 0 -19"><span class='ocrx_word' id='word_1_921' title='bbox 1995 4659 2266 4730; x_wconf 86' lang='grc' dir='ltr'>μοσύνης·</span> <span class='ocrx_word' id='word_1_922' title='bbox 2312 4656 2530 4727; x_wconf 80' lang='grc' dir='ltr'>ὁρῶμεν</span> <span class='ocrx_word' id='word_1_923' title='bbox 2564 4659 2673 4725; x_wconf 84' lang='grc' dir='ltr'>γὰρ</span> <span class='ocrx_word' id='word_1_924' title='bbox 2704 4658 2828 4718; x_wconf 78' lang='grc' dir='ltr'>τοὺς</span> <span class='ocrx_word' id='word_1_925' title='bbox 2861 4656 3244 4726; x_wconf 83' lang='grc' dir='ltr'>αἰχμαλώτους</span> <span class='ocrx_word' id='word_1_926' title='bbox 3278 4658 3372 4709; x_wconf 77' lang='grc' dir='ltr'>καὶ</span> <span class='ocrx_word' id='word_1_927' title='bbox 3405 4657 3531 4719; x_wconf 80' lang='grc' dir='ltr'>τοὺς</span> <span class='ocrx_word' id='word_1_928' title='bbox 3565 4658 3666 4711; x_wconf 73' lang='grc' dir='ltr'>τεέ-</span> 
     </span>
    </p>
   </div>
   <div class='ocr_carea' id='block_1_115' title="bbox 1990 4744 3666 4815">
    <p class='ocr_par' dir='ltr' id='par_1_115' title="bbox 1990 4744 3666 4815">
     <span class='ocr_line' id='line_1_115' title="bbox 1990 4744 3666 4815; baseline -0.001 -16"><span class='ocrx_word' id='word_1_929' title='bbox 1990 4764 2189 4815; x_wconf 78' lang='grc' dir='ltr'>νητας·</span> <span class='ocrx_word' id='word_1_930' title='bbox 2227 4745 2441 4814; x_wconf 82' lang='grc' dir='ltr'>ὁρῶμεν</span> <span class='ocrx_word' id='word_1_931' title='bbox 2470 4746 2591 4807; x_wconf 82' lang='grc' dir='ltr'>τοὺς</span> <span class='ocrx_word' id='word_1_932' title='bbox 2618 4747 2676 4796; x_wconf 87' lang='grc' dir='ltr'>ἐν</span> <span class='ocrx_word' id='word_1_933' title='bbox 2706 4745 2880 4815; x_wconf 82' lang='grc' dir='ltr'>ἀγορᾷ</span> <span class='ocrx_word' id='word_1_934' title='bbox 2928 4744 3415 4814; x_wconf 79' lang='grc' dir='ltr'>περιφερομένους,</span> <span class='ocrx_word' id='word_1_935' title='bbox 3450 4744 3666 4815; x_wconf 84' lang='grc' dir='ltr'>ὁρῶμεν</span> 
     </span>
    </p>
   </div>
   <div class='ocr_carea' id='block_1_116' title="bbox 1988 4830 3664 4904">
    <p class='ocr_par' dir='ltr' id='par_1_116' title="bbox 1988 4830 3664 4904">
     <span class='ocr_line' id='line_1_116' title="bbox 1988 4830 3664 4904; baseline -0.004 -15"><span class='ocrx_word' id='word_1_936' title='bbox 1988 4837 2112 4898; x_wconf 80' lang='grc' dir='ltr'>τοὺς</span> <span class='ocrx_word' id='word_1_937' title='bbox 2164 4834 2420 4904; x_wconf 84' lang='grc' dir='ltr'>βοῶντας,</span> <span class='ocrx_word' id='word_1_938' title='bbox 2464 4834 2682 4904; x_wconf 56' lang='grc' dir='ltr'>ὁρῶμεν</span> <span class='ocrx_word' id='word_1_939' title='bbox 2711 4834 2838 4895; x_wconf 76' lang='grc' dir='ltr'>τοὺς</span> <span class='ocrx_word' id='word_1_940' title='bbox 2877 4830 3230 4901; x_wconf 81' lang='grc' dir='ltr'>δακρύοντας,</span> <span class='ocrx_word' id='word_1_941' title='bbox 3274 4830 3494 4901; x_wconf 83' lang='grc' dir='ltr'>ὁρῶμεν</span> <span class='ocrx_word' id='word_1_942' title='bbox 3538 4832 3664 4896; x_wconf 66' lang='grc' dir='ltr'>τοὺς</span> 
     </span>
    </p>
   </div>
   <div class='ocr_carea' id='block_1_117' title="bbox 1991 4917 3666 4989">
    <p class='ocr_par' dir='ltr' id='par_1_117' title="bbox 1991 4917 3666 4989">
     <span class='ocr_line' id='line_1_117' title="bbox 1991 4917 3666 4989; baseline -0.004 -14"><span class='ocrx_word' id='word_1_943' title='bbox 1991 4924 2277 4985; x_wconf 87' lang='grc' dir='ltr'>στένοντας</span> <span class='ocrx_word' id='word_1_944' title='bbox 2306 4944 2313 4951; x_wconf 70' lang='grc' dir='ltr'><strong>ο</strong></span> <span class='ocrx_word' id='word_1_945' title='bbox 2348 4937 2655 4989; x_wconf 68' lang='grc' dir='ltr'>πανηγύρις</span> <span class='ocrx_word' id='word_1_946' title='bbox 2686 4921 2819 4988; x_wconf 76' lang='grc' dir='ltr'>ἡμῖν</span> <span class='ocrx_word' id='word_1_947' title='bbox 2846 4919 3127 4988; x_wconf 84' lang='grc' dir='ltr'>πρόκειται</span> <span class='ocrx_word' id='word_1_948' title='bbox 3160 4917 3467 4989; x_wconf 83' lang='grc' dir='ltr'>θαυμαστὴ,</span> <span class='ocrx_word' id='word_1_949' title='bbox 3497 4934 3666 4989; x_wconf 82' lang='grc' dir='ltr'>πανη-</span> 
     </span>
    </p>
   </div>
   <div class='ocr_carea' id='block_1_118' title="bbox 1987 5005 3663 5083">
    <p class='ocr_par' dir='ltr' id='par_1_118' title="bbox 1987 5005 3663 5083">
     <span class='ocr_line' id='line_1_118' title="bbox 1987 5005 3663 5083; baseline -0.002 -19"><span class='ocrx_word' id='word_1_950' title='bbox 1987 5012 2198 5082; x_wconf 72' lang='grc' dir='ltr'>γύρεως</span> <span class='ocrx_word' id='word_1_951' title='bbox 2215 5011 2271 5062; x_wconf 83' lang='grc' dir='ltr'>δέ</span> <span class='ocrx_word' id='word_1_952' title='bbox 2295 5010 2445 5062; x_wconf 75' lang='grc' dir='ltr'>οὐδὲν</span> <span class='ocrx_word' id='word_1_953' title='bbox 2465 5008 2651 5076; x_wconf 64' lang='grc' dir='ltr'>ἕτερόν</span> <span class='ocrx_word' id='word_1_954' title='bbox 2674 5010 2822 5058; x_wconf 86' lang='grc' dir='ltr'>ἐστιν</span> <span class='ocrx_word' id='word_1_955' title='bbox 2849 5005 3194 5075; x_wconf 83' lang='grc' dir='ltr'>ἐπάγγελμα,</span> <span class='ocrx_word' id='word_1_956' title='bbox 3219 5006 3312 5058; x_wconf 81' lang='grc' dir='ltr'>καὶ</span> <span class='ocrx_word' id='word_1_957' title='bbox 3332 5007 3409 5078; x_wconf 83' lang='grc' dir='ltr'>τῷ</span> <span class='ocrx_word' id='word_1_958' title='bbox 3432 5008 3663 5083; x_wconf 80' lang='grc' dir='ltr'>ἐμπόρῳ</span> 
     </span>
    </p>
   </div>
   <div class='ocr_carea' id='block_1_119' title="bbox 1986 5093 3663 5166">
    <p class='ocr_par' dir='ltr' id='par_1_119' title="bbox 1986 5093 3663 5166">
     <span class='ocr_line' id='line_1_119' title="bbox 1986 5093 3663 5166; baseline 0.001 -16"><span class='ocrx_word' id='word_1_959' title='bbox 1986 5099 2140 5150; x_wconf 79' lang='grc' dir='ltr'>οὐδὲν</span> <span class='ocrx_word' id='word_1_960' title='bbox 2182 5096 2370 5166; x_wconf 72' lang='grc' dir='ltr'>ἕτερόν</span> <span class='ocrx_word' id='word_1_961' title='bbox 2418 5097 2532 5147; x_wconf 80' lang='grc' dir='ltr'>ἐστι</span> <span class='ocrx_word' id='word_1_962' title='bbox 2567 5094 2843 5164; x_wconf 85' lang='grc' dir='ltr'>φρόνημα,</span> <span class='ocrx_word' id='word_1_963' title='bbox 2881 5093 2914 5163; x_wconf 81' lang='grc' dir='ltr'>ἢ</span> <span class='ocrx_word' id='word_1_964' title='bbox 2948 5094 3014 5145; x_wconf 79' lang='grc' dir='ltr'>τὰ</span> <span class='ocrx_word' id='word_1_965' title='bbox 3062 5094 3120 5145; x_wconf 76' lang='grc' dir='ltr'>ἐν</span> <span class='ocrx_word' id='word_1_966' title='bbox 3169 5096 3283 5157; x_wconf 86' lang='grc' dir='ltr'>τοῖς</span> <span class='ocrx_word' id='word_1_967' title='bbox 3329 5094 3510 5160; x_wconf 83' lang='grc' dir='ltr'>ὠνίοις</span> <span class='ocrx_word' id='word_1_968' title='bbox 3556 5097 3663 5152; x_wconf 83' lang='grc' dir='ltr'>όλί-</span> 
     </span>
    </p>
   </div>
   <div class='ocr_carea' id='block_1_120' title="bbox 1985 5174 3657 5256">
    <p class='ocr_par' dir='ltr' id='par_1_120' title="bbox 1985 5174 3657 5256">
     <span class='ocr_line' id='line_1_120' title="bbox 1985 5174 3657 5256; baseline 0.004 -21"><span class='ocrx_word' id='word_1_969' title='bbox 1985 5202 2082 5255; x_wconf 87' lang='grc' dir='ltr'>γου</span> <span class='ocrx_word' id='word_1_970' title='bbox 2112 5185 2211 5256; x_wconf 81' lang='grc' dir='ltr'>μὲν</span> <span class='ocrx_word' id='word_1_971' title='bbox 2232 5183 2521 5253; x_wconf 87' lang='grc' dir='ltr'>ἀγοράσαι,</span> <span class='ocrx_word' id='word_1_972' title='bbox 2572 5180 2765 5233; x_wconf 81' lang='grc' dir='ltr'>πολλοῦ</span> <span class='ocrx_word' id='word_1_973' title='bbox 2793 5180 2849 5233; x_wconf 88' lang='grc' dir='ltr'>δὲ</span> <span class='ocrx_word' id='word_1_974' title='bbox 2881 5180 3156 5250; x_wconf 88' lang='grc' dir='ltr'>πωλῆσαι.</span> <span class='ocrx_word' id='word_1_975' title='bbox 3201 5183 3313 5253; x_wconf 81' lang='grc' dir='ltr'>οὐχ</span> <span class='ocrx_word' id='word_1_976' title='bbox 3359 5174 3515 5248; x_wconf 77' lang='grc' dir='ltr'>οὗτος</span> <span class='ocrx_word' id='word_1_977' title='bbox 3548 5188 3657 5242; x_wconf 86' lang='grc' dir='ltr'>τῶν</span> 
     </span>
    </p>
   </div>
   <div class='ocr_carea' id='block_1_121' title="bbox 1985 5265 3663 5341">
    <p class='ocr_par' dir='ltr' id='par_1_121' title="bbox 1985 5265 3663 5341">
     <span class='ocr_line' id='line_1_121' title="bbox 1985 5265 3663 5341; baseline 0.002 -17"><span class='ocrx_word' id='word_1_978' title='bbox 1985 5271 2244 5341; x_wconf 88' lang='grc' dir='ltr'>ἐμπόρων</span> <span class='ocrx_word' id='word_1_979' title='bbox 2290 5268 2521 5321; x_wconf 80' lang='grc' dir='ltr'>ἑκάστου</span> <span class='ocrx_word' id='word_1_980' title='bbox 2551 5270 2579 5320; x_wconf 91' lang='lat'>6</span> <span class='ocrx_word' id='word_1_981' title='bbox 2610 5266 2841 5332; x_wconf 89' lang='grc' dir='ltr'>σκοπός;</span> <span class='ocrx_word' id='word_1_982' title='bbox 2878 5265 2953 5338; x_wconf 81' lang='grc' dir='ltr'>μὴ</span> <span class='ocrx_word' id='word_1_983' title='bbox 3008 5266 3075 5319; x_wconf 86' lang='grc' dir='ltr'>δι’</span> <span class='ocrx_word' id='word_1_984' title='bbox 3116 5267 3305 5340; x_wconf 75' lang='grc' dir='ltr'>ἔτερόν</span> <span class='ocrx_word' id='word_1_985' title='bbox 3341 5287 3393 5324; x_wconf 89' lang='grc' dir='ltr'>τι</span> <span class='ocrx_word' id='word_1_986' title='bbox 3440 5272 3663 5328; x_wconf 79' lang='grc' dir='ltr'>ἐπιϐάλ-</span> 
     </span>
    </p>
   </div>
   <div class='ocr_carea' id='block_1_122' title="bbox 1984 5354 3658 5432">
    <p class='ocr_par' dir='ltr' id='par_1_122' title="bbox 1984 5354 3658 5432">
     <span class='ocr_line' id='line_1_122' title="bbox 1984 5354 3658 5432; baseline 0.001 -20"><span class='ocrx_word' id='word_1_987' title='bbox 1984 5357 2137 5412; x_wconf 89' lang='grc' dir='ltr'>λεταί</span> <span class='ocrx_word' id='word_1_988' title='bbox 2177 5374 2261 5418; x_wconf 85' lang='grc' dir='ltr'>τις</span> <span class='ocrx_word' id='word_1_989' title='bbox 2302 5360 2369 5427; x_wconf 84' lang='grc' dir='ltr'>τῇ</span> <span class='ocrx_word' id='word_1_990' title='bbox 2411 5355 2670 5428; x_wconf 84' lang='grc' dir='ltr'>ἐμπορίᾳ,</span> <span class='ocrx_word' id='word_1_991' title='bbox 2703 5356 2738 5428; x_wconf 83' lang='grc' dir='ltr'>ἢ</span> <span class='ocrx_word' id='word_1_992' title='bbox 2775 5354 2862 5410; x_wconf 75' lang='grc' dir='ltr'>ἵνα</span> <span class='ocrx_word' id='word_1_993' title='bbox 2902 5355 2970 5409; x_wconf 85' lang='grc' dir='ltr'>τά</span> <span class='ocrx_word' id='word_1_994' title='bbox 3011 5356 3207 5428; x_wconf 88' lang='grc' dir='ltr'>μικροῦ</span> <span class='ocrx_word' id='word_1_995' title='bbox 3240 5359 3525 5431; x_wconf 79' lang='grc' dir='ltr'>ἐωνημένα</span> <span class='ocrx_word' id='word_1_996' title='bbox 3556 5378 3658 5432; x_wconf 71' lang='grc' dir='ltr'>με-</span> 
     </span>
    </p>
   </div>
   <div class='ocr_carea' id='block_1_123' title="bbox 1984 5443 3658 5523">
    <p class='ocr_par' dir='ltr' id='par_1_123' title="bbox 1984 5443 3658 5523">
     <span class='ocr_line' id='line_1_123' title="bbox 1984 5443 3658 5523; baseline 0.001 -22"><span class='ocrx_word' id='word_1_997' title='bbox 1984 5447 2153 5518; x_wconf 89' lang='grc' dir='ltr'>γάλου</span> <span class='ocrx_word' id='word_1_998' title='bbox 2202 5445 2521 5517; x_wconf 79' lang='grc' dir='ltr'>διαπωλήσῃ</span> <span class='ocrx_word' id='word_1_999' title='bbox 2543 5484 2557 5507; x_wconf 86' lang='grc'>,</span> <span class='ocrx_word' id='word_1_1000' title='bbox 2598 5445 2693 5498; x_wconf 70' lang='grc' dir='ltr'>καὶ</span> <span class='ocrx_word' id='word_1_1001' title='bbox 2725 5446 2837 5517; x_wconf 76' lang='grc' dir='ltr'>ἄρῃ</span> <span class='ocrx_word' id='word_1_1002' title='bbox 2870 5443 3453 5518; x_wconf 79' lang='grc' dir='ltr'>πολυπλασιαζομένην</span> <span class='ocrx_word' id='word_1_1003' title='bbox 3503 5449 3658 5523; x_wconf 80' lang='grc' dir='ltr'>αὐτῷ</span> 
     </span>
    </p>
   </div>
   <div class='ocr_carea' id='block_1_124' title="bbox 1981 5530 3655 5608">
    <p class='ocr_par' dir='ltr' id='par_1_124' title="bbox 1981 5530 3655 5608">
     <span class='ocr_line' id='line_1_124' title="bbox 1981 5530 3655 5608; baseline 0.001 -19"><span class='ocrx_word' id='word_1_1004' title='bbox 1981 5536 2081 5607; x_wconf 81' lang='grc' dir='ltr'>τῆν</span> <span class='ocrx_word' id='word_1_1005' title='bbox 2110 5533 2413 5606; x_wconf 89' lang='grc' dir='ltr'>ἐμπορίαν;</span> <span class='ocrx_word' id='word_1_1006' title='bbox 2439 5533 2707 5605; x_wconf 82' lang='grc' dir='ltr'>Τοιαύτην</span> <span class='ocrx_word' id='word_1_1007' title='bbox 2733 5530 2825 5588; x_wconf 82' lang='grc' dir='ltr'>οὖν</span> <span class='ocrx_word' id='word_1_1008' title='bbox 2853 5536 3161 5606; x_wconf 85' lang='grc' dir='ltr'>πανήγυριν</span> <span class='ocrx_word' id='word_1_1009' title='bbox 3193 5534 3501 5607; x_wconf 83' lang='grc' dir='ltr'>προέθηκεν</span> <span class='ocrx_word' id='word_1_1010' title='bbox 3522 5538 3655 5608; x_wconf 75' lang='grc' dir='ltr'>ἡμῖν</span> 
     </span>
    </p>
   </div>
   <div class='ocr_carea' id='block_1_125' title="bbox 1983 5622 3655 5695">
    <p class='ocr_par' dir='ltr' id='par_1_125' title="bbox 1983 5622 3655 5695">
     <span class='ocr_line' id='line_1_125' title="bbox 1983 5622 3655 5695; baseline 0.002 -17"><span class='ocrx_word' id='word_1_1011' title='bbox 1983 5627 2011 5678; x_wconf 90' lang='lat'>6</span> <span class='ocrx_word' id='word_1_1012' title='bbox 2042 5623 2203 5685; x_wconf 82' lang='grc' dir='ltr'>Θεὸς·</span> <span class='ocrx_word' id='word_1_1013' title='bbox 2241 5623 2424 5691; x_wconf 83' lang='grc' dir='ltr'>ὀλίγου</span> <span class='ocrx_word' id='word_1_1014' title='bbox 2454 5622 2553 5684; x_wconf 78' lang='grc' dir='ltr'>τὰς</span> <span class='ocrx_word' id='word_1_1015' title='bbox 2597 5622 2942 5687; x_wconf 81' lang='grc' dir='ltr'>δικαιοσύνας</span> <span class='ocrx_word' id='word_1_1016' title='bbox 2986 5624 3293 5695; x_wconf 87' lang='grc' dir='ltr'>ἀγόρασον,</span> <span class='ocrx_word' id='word_1_1017' title='bbox 3339 5623 3426 5677; x_wconf 81' lang='grc' dir='ltr'>ἵνα</span> <span class='ocrx_word' id='word_1_1018' title='bbox 3455 5624 3655 5682; x_wconf 87' lang='grc' dir='ltr'>πολλοῦ</span> 
     </span>
    </p>
   </div>
   <div class='ocr_carea' id='block_1_126' title="bbox 1986 5698 3655 5784">
    <p class='ocr_par' dir='ltr' id='par_1_126' title="bbox 1986 5698 3655 5784">
     <span class='ocr_line' id='line_1_126' title="bbox 1986 5698 3655 5784; baseline 0.001 -21"><span class='ocrx_word' id='word_1_1019' title='bbox 1986 5698 2382 5784; x_wconf 71' lang='grc' dir='ltr'>μεταπωλήσῃς</span> <span class='ocrx_word' id='word_1_1020' title='bbox 2412 5713 2468 5763; x_wconf 83' lang='grc' dir='ltr'>ἐν</span> <span class='ocrx_word' id='word_1_1021' title='bbox 2487 5712 2565 5779; x_wconf 84' lang='grc' dir='ltr'>τῷ</span> <span class='ocrx_word' id='word_1_1022' title='bbox 2603 5713 2881 5782; x_wconf 81' lang='grc' dir='ltr'>μέλλοντι·</span> <span class='ocrx_word' id='word_1_1023' title='bbox 2914 5715 2966 5767; x_wconf 80' lang='grc' dir='ltr'>εί</span> <span class='ocrx_word' id='word_1_1024' title='bbox 2992 5730 3055 5783; x_wconf 92' lang='grc' dir='ltr'>γε</span> <span class='ocrx_word' id='word_1_1025' title='bbox 3091 5711 3171 5765; x_wconf 89' lang='grc' dir='ltr'>δεῖ</span> <span class='ocrx_word' id='word_1_1026' title='bbox 3204 5712 3549 5783; x_wconf 87' lang='grc' dir='ltr'>μετάπρασιν</span> <span class='ocrx_word' id='word_1_1027' title='bbox 3577 5714 3655 5765; x_wconf 80' lang='grc' dir='ltr'>εί·</span> 
     </span>
    </p>
   </div>
   <div class='ocr_carea' id='block_1_127' title="bbox 2045 5814 2732 5879">
    <p class='ocr_par' dir='ltr' id='par_1_127' title="bbox 2045 5814 2732 5879">
     <span class='ocr_line' id='line_1_127' title="bbox 2045 5814 2732 5879; baseline -0.001 -12"><span class='ocrx_word' id='word_1_1028' title='bbox 2045 5817 2073 5847; x_wconf 81' lang='grc'><strong><em>⁸</em></strong></span> <span class='ocrx_word' id='word_1_1029' title='bbox 2099 5815 2236 5867; x_wconf 82' lang='lat' dir='ltr'>Unus</span> <span class='ocrx_word' id='word_1_1030' title='bbox 2260 5816 2384 5879; x_wconf 76' lang='lat' dir='ltr'>Reg.</span> <span class='ocrx_word' id='word_1_1031' title='bbox 2410 5814 2615 5865; x_wconf 80' lang='grc' dir='ltr'>ἐντεῦθεν</span> <span class='ocrx_word' id='word_1_1032' title='bbox 2642 5816 2732 5866; x_wconf 81' lang='lat' dir='ltr'>bis.</span> 
     </span>
    </p>
   </div>
  </div>
