4100 6436
460 341 569 400 335

469 464 593 516 πεῖν
620 459 717 532 τὴν
752 455 1128 511 ἀνταπόδοσιν.
1176 456 1536 527 Ἐνταῦθαδΰ
1565 456 1763 527 ὀλίγων
1796 459 2128 530 ἀγοράζεται

464 545 801 614 δικαιοσύνη,
831 544 900 597 δι’
932 542 1182 607 εὐτελοῦς
1224 543 1540 614 κλάσματος
1568 545 1757 616 ἄρτου,
1785 545 1854 599 δι’
1887 547 2136 610 εὐτελοῦς

1240 342 1297 399 S.
1338 341 1625 399 JOANNIS
1663 340 2153 399 CIIRYSOSTOMI
2195 342 2514 402 ARCHIEP.
2556 341 3108 401 CONS’I‘ANTINOP.

3780 347 3871 407 3M

2246 458 2442 531 ἔχοντι.
2475 462 2571 514 καλ⁵
2595 461 2672 531 τῷ
2700 462 2892 531 ἀπόρῳ
2931 458 3177 530 παρέστη
3210 456 3299 511 διὰ
3322 455 3523 530 πολλὴν
3559 457 3871 535 ἀγαθότητα,

2243 547 2672 618 ἐπαληθεύοντας
2716 543 2811 601 τοῦ
2868 546 3139 617 μακαρίου
3198 542 3360 598 Δαυῖδ
3411 546 3481 616 τῇ
3533 544 3876 623 φιλανθρωπίᾳ

465 627 708 711 ἱματίου,
748 625 836 711 διὰ
854 625 1126 711 ποτηρίου
1167 624 1374 711 ψυχροῦ
1402 644 1415 657 ⁸
1458 630 1565 693 Ὃς
1596 629 1822 697 ποτίσῃ
1852 629 2140 699 ποτήριον
2177 630 2395 711 θβὸὃ]
2431 631 2622 703 ταύτῃ,
2654 632 2749 685 καὶ
2778 630 3060 699 λέγοντος·
3109 628 3239 682 Ὅτι
3283 627 3553 697 παρέστη
3589 629 3656 683 ἐκ
3690 630 3878 696 δεξιιῖιν

465 710 729 779 ψυχροῦ,
759 709 922 779 ἀμὴν
962 710 1119 779 λέγω
1153 709 1312 779 ὑμῖν,
1352 711 1518 780 φησὶν
1550 712 1579 763 6
1621 713 1723 782 τῆς
1757 713 2140 784 πνευματικῆς

469 798 742 867 ἐμπορίας
795 796 1115 861 διδάσκαλος
1141 838 1156 863 ,
1209 798 1282 852 οὐ
1329 797 1415 866 μὴ
1455 798 1734 871 ἀπολέσῃ
1769 799 1877 854 τὸν
1917 800 2140 869 μισθόν

464 884 672 939 αὐτοῦ.
695 885 961 955 Ποτήριον
985 882 1195 955 ψυχροῦ
1220 883 1508 955 ἔμμισθον,
1544 887 1738 956 ἰμάτια
1766 888 1861 940 καί¹
1880 889 2141 958 χρήματα

437 971 717 1041 -διδόμενα
762 972 829 1025 δι’
864 972 1188 1043 εὐεργεσίαν
1226 972 1327 1025 οὐκ
1366 972 1644 1044 ἔμμισθας
1690 975 2012 1029 Τούναντίον
2043 976 2141 1046 μὲν

464 1053 555 1112 οὖν
596 1060 696 1112 καὶ
731 1059 1062 1128 πολύμισθα.
1097 1059 1197 1113 Διά
1228 1059 1280 1112 τί
1316 1056 1410 1114 οὖν
1450 1062 1719 1132 ’ποτήριον
1761 1061 2138 1133 ἐμνημόνευσε

465 1147 710 1219 ψυχροῦς
753 1149 1053 1204 ’Λδάπανον
1090 1146 1241 1205 εἶπεν
1269 1150 1642 1222 ἐλεημοσύνην
1665 1168 1679 1182 ⁸
1708 1150 1786 1222 τῷ
1815 1152 1923 1223 γὰρ
1945 1151 2141 1222 ψυχρῷ

464 1234 591 1289 οὔτε
622 1235 776 1301 ξύλον
815 1236 1149 1301 ἀναλίσκεις,
1179 1238 1302 1292 οὗτε
1335 1238 1523 1311 ἕτερόν
1553 1256 1602 1292 τι
1633 1239 2047 1310 προσδαπανᾷς.
2076 1238 2140 1291 Εἰ

464 1323 511 1377 6‘
547 1325 682 1378 ὅπου
726 1325 998 1390 ἀδάπανος
1036 1329 1070 1396 ἠ
1120 1326 1286 1391 δόσις,
1325 1326 1560 1387 τοσαύτη
1594 1326 1695 1397 τῆς
1737 1326 2057 1398 εὐεργεσίας
2105 1327 2139 1399 ἡ

467 1412 649 1483 χάρις,
690 1411 819 1466 ἔνθα
854 1414 1084 1483 ἱματίων
1129 1413 1380 1482 ἀφθονία,
1430 1412 1581 1485 [537]
1636 1413 1936 1484 χρημάτων
1973 1429 2145 1485 χορη-

468 1499 587 1569 γία,
618 1499 727 1554 τῶν
763 1500 938 1554 ἄλλων
971 1500 1192 1569 ἀγαθῶν
1220 1502 1254 1571 ἠ
1286 1499 1571 1570 περιουσία
1593 1541 1609 1567 ,
1644 1500 1807 1554 πόσον
1849 1500 2146 1570 ἀπεκδέχε-

470 1589 597 1644 σθαι
629 1591 734 1662 χρὴ
768 1591 960 1661 μισθὸν
992 1576 1145 1661 παρά
1175 1590 1268 1643 τοῦ
1294 1589 1502 1643 δικαίου
1526 1589 1753 1661 κριτοῦ;
1797 1591 1884 1643 Ἐν
1908 1591 2018 1660 ὅσῳ
2050 1587 2145 1643 οὖν

470 1677 790 1750 πρόκεινται
840 1680 895 1732 αἰ
938 1678 1130 1748 ἀρεταὶ
1175 1677 1358 1746 ὀλίγου
1409 1676 1795 1748 πωλούμεναι,
1849 1677 2004 1750 παρά
2048 1678 2144 1732 τοῦ

475 1765 857 1837 μεγαλοδώρου
906 1765 1183 1836 λάϐωμεν,
1227 1766 1586 1836 ἀρπάσωμεν,
1647 1766 2032 1837 ἀγοράσωμεν.
2081 1768 2145 1819 Ol

470 1853 765 1924 διψῶντες
785 1893 800 1915 .
841 1853 994 1923 φησὶ,
1028 1854 1358 1921 πορεύεσθε
1396 1853 1488 1921 ἐφ’
1522 1851 1711 1921 ὕδωρ,
1755 1853 1855 1907 καί
1896 1854 2031 1908 ὅσοι
2057 1853 2144 1923 μὴ

470 1942 639 2011 ἔχετε
687 1942 990 2010 ἀργύριον,
1039 1940 1411 2007 βαδίσαντες
1476 1938 1832 2010 ἀγοράσατε.
1902 1943 1992 1997 Ἐν
2036 1944 2147 2011 ὅσῳ

471 2032 761 2102 πρόκειται
788 2031 820 2099 ἡ
846 2031 1174 2100 πανήγυρις,
1204 2028 1565 2100 ἀγοράσωμεν
1593 2028 1983 2097 ἐλεημοσύνας,
2011 2030 2149 2099 μᾶλ-

470 2115 562 2170 λον
591 2117 649 2170 δὲ
682 2116 769 2169 διὰ
793 2115 893 2185 τῆς
919 2115 1288 2186 ὲλεημοσύνης
1314 2115 1680 2188 ἀγοράσωμεν
1710 2117 1812 2186 τὴν
1848 2116 2146 2187 σωτηρίαν.

475 2204 711 2275 Χριστὸν
745 2203 950 2265 ὲνδύεις
971 2245 985 2268 ,
1034 2203 1253 2273 πτωχὸν
1288 2202 1510 2257 ένδύων.
1556 2202 1740 2255 Ταῦτα
1762 2245 1777 2268 ,
1807 2205 1993 2273 φησὶν,
2034 2200 2150 2257 οἶδα

472 2290 653 2353 καλῶς
682 2291 776 2343 καὶ
802 2289 1071 2359 ἀκριδῶς⁸
1104 2290 1277 2343 ταῦτα
1305 2289 1734 2362 προμεμάθηκα,
1757 2291 1816 2342 οὐ
1847 2292 1911 2344 σὺ
1938 2290 2153 2359 πρῶτος

473 2376 722 2442 ἐδίδαξας
744 2393 757 2407 ⁸
808 2377 869 2430 οὐ
922 2376 1077 2448 παρὰ
1106 2377 1201 2429 σοῦ
1245 2377 1405 2430 τοῦτο
1452 2376 1669 2446 πρῶτον
1697 2377 2016 2447 ἀκηκόαμεν
2041 2394 2056 2408 ⁸
2089 2379 2151 2431 οὐ

475 2463 600 2529 ξένα
624 2463 937 2535 κηρύττεις,
966 2464 1082 2518 ἀλλ’
1109 2464 1145 2518 ἃ.
1176 2463 1437 2527 πολλάκις
1464 2465 1613 2534 ἡμᾶς
1642 2463 1830 2516 πολλοὶ
1870 2463 1978 2516 τῶν
2011 2479 2154 2535 παρ-

472 2550 644 2607 όντων
684 2551 951 2616 ὲδίδαξαν.
1006 2547 1138 2605 Οἶδα
1182 2552 1277 2605 καὶ
1330 2552 1515 2615 αὐτὸς,
1553 2547 1691 2614 οῖδα,
1734 2552 1815 2604 ὅτι
1852 2550 2032 2619 ’ταῦτα
2061 2551 2156 2604 καί⁵

477 2643 549 2700 τά
580 2640 805 2692 τοιαῦτα
854 2638 1114 2701 πολλάκις
1164 2637 1540 2708 μεμαθήκατε,
1581 2637 1699 2690 ἀλλ’
1732 2637 1846 2690 είθε
1892 2637 2156 2703 πολλάκις

477 2727 764 2801 μαθόντες,
794 2725 895 2779 κᾶν
927 2725 1106 2793 ὀλίγον
1133 2725 1194 2777 τὸ
1220 2724 1386 2778 καλὸν
1435 2723 1842 2795 εἰργαζώμεθα.
1899 2724 1956 2778 ’0
1988 2724 2156 2779 ἐλεῶν

478 2812 696 2882 πτωχὸν
721 2811 957 2874 δανείζει
978 2810 1115 2881 Θεῷ.
1144 2811 1265 2881 Θεῷ
1289 2810 1620 2881 δανείσωμεν
1640 2811 1737 2883 τὴν
1762 2812 2156 2883 ἐλεημοσύνην,

477 2900 566 2954 ἵνα
593 2900 721 2971 παρ’
752 2898 919 2951 αὐτοῦ
949 2898 1206 2968 λάῢωμεν
1239 2899 1648 2970 φιλανθρωπίας
1680 2900 1975 2954 ἀντίδοσιν.
2021 2900 2159 2952 Ἀλλ’

476 2983 524 3037 ὣ
551 2984 642 3040 τοῦ
672 2985 986 3053 σοφωτάτου
1031 2986 1097 3055 ῥή
1108 2986 1309 3055 ματοςί
1348 2987 1401 3037 Ὀ
1422 2984 1611 3039 ἐλεῶν
1637 2987 1880 3056 πτωχὸν
1905 2985 2160 3049 δανείζει

481 3071 622 3138 Θεῷ.
660 3072 758 3125 Διά
791 3071 844 3124 τί
877 3068 970 3124 οῦν
997 3072 1097 3124 οὐκ
1126 3067 1299 3136 εἶπεν,
1347 3071 1399 3124 Ὀ
1429 3071 1619 3126 ἐλεῶν
1661 3073 1905 3142 πτωχόν
1942 3074 2156 3130 δίδωσι

481 3160 629 3226 Θεῷ,
665 3160 822 3223 ἀλλὰ,
861 3158 1162 3223 Δανείζει;
1200 3155 1353 3213 Οἶδεν
1398 3161 1431 3230 ἡ
1486 3160 1677 3232 Γραφὴ
1720 3161 1819 3232 τὴν
1873 3161 2156 3233 ἡμετέραν

479 3249 794 3316 πλεονεξίαν
814 3265 830 3279 ⁸
859 3248 1162 3321 προσέσχεν
1184 3249 1267 3302 ὅτι
1299 3250 1333 3321 ἡ
1367 3248 1645 3320 ἀπληστία
1672 3253 1827 3321 ἡμῶν
1865 3252 2004 3322 πρὸς
2031 3252 2161 3305 πλε-

479 3337 687 3403 ονεξίαν
719 3336 991 3406 βλέπουσα
1025 3338 1117 3388 τὸν
1158 3335 1498 3406 πλεονασμὸν
1531 3337 1704 3408 ζητεῖ.
1747 3339 1855 3392 Καὶ
1885 3339 1975 3393 διὰ
2000 3340 2161 3394 τοῦτο

479 3426 581 3479 οὐκ
610 3421 764 3478 εἶπεν
791 3424 976 3487 ἁπλῶς
1002 3440 1016 3453 ·
1059 3424 1119 3476 '0
1142 3424 1311 3477 ὲλεῶν
1339 3424 1556 3492 πτωχὸν
1578 3424 1761 3478 δίδωσι
1787 3425 1928 3496 Θεῷ,
1958 3428 2044 3480 ἵνα
2084 3427 2160 3498 μὴ

480 3510 658 3581 ἁπλῆν
685 3511 782 3581 τὴν
808 3509 1154 3580 ἀντιμισθίαν
1177 3510 1434 3580 νομίσῃς⁸
1469 3510 1585 3563 ἀλλ’
1617 3512 1680 3564 '0
1700 3510 1889 3564 ἐλεῶν
1920 3514 2162 3581 πτωχὸν

478 3596 732 3657 δανείζει
761 3595 903 3662 Θεῷ.
928 3597 990 3648 Εἰ
1012 3596 1317 3659 δανείζεται
1342 3596 1475 3660 Θεὸς
1493 3597 1622 3666 παρ’
1646 3597 1825 3669 ἡμῶν,
1853 3599 1964 3671 ἄρα
1985 3599 2161 3671 χρεώ-

483 3701 616 3754 στης
647 3684 805 3754 ἡμῶν
846 3685 983 3736 ἐστι.
1022 3682 1086 3735 Τί
1123 3679 1217 3736 οὖν
1256 3682 1440 3747 θέλεις
1490 3685 1653 3738 αὑτὸν
1695 3685 1862 3756 ἔχειν,
1899 3688 2158 3760 κριτὴν-ἦ

479 3771 763 3842 χρεώστην
790 3787 804 3836 ;
839 3771 897 3824 '0
926 3770 1211 3842 χρεώστης
1236 3770 1461 3823 αἰδεῖται
1483 3771 1574 3824 τὸν
1606 3772 1929 3828 δανείσαντα
1946 3792 1960 3806 ⁸
1986 3778 2015 3828 6
2040 3792 2163 3847 κρι-

478 3860 580 3931 τὴς
609 3861 670 3914 οὐ
701 3861 1030 3913 δυσωπεῖται
1060 3859 1154 3912 τὸν
1180 3857 1583 3930 δανειζόμενον.

555 3998 620 4064 ζ’.
652 4000 973 4069 Ἀναγκαῖον
999 3998 1056 4052 δὲ
1085 3998 1181 4051 καὶ
1214 3998 1335 4052 καθ’
1369 3999 1553 4069 ’έτερον
1584 4000 1787 4069 τρόπον
1820 3998 1969 4065 ἰδεῖν,
2015 3997 2160 4064 τινος

478 4087 667 4142 ἕνεκεν
707 4089 736 4140 6
759 4086 892 4150 Θεὸς
922 4082 1095 4150 εἶπεν,
1121 4086 1203 4138 δτι
1244 4085 1398 4155 Ἐμοὶ
1427 4083 1662 4149 δανείζει
1688 4088 1717 4140 6
1738 4085 1913 4149 διδοὺς
1937 4085 2159 4157 πτωχῷ.

492 4175 710 4245 Ἐπειδὴ
746 4171 883 4227 εἶδεν
915 4173 1073 4245 ἡμῶν
1102 4172 1200 4244 τὴν
1230 4172 1549 4239 πλεονεξίαν
1579 4170 1846 4242 ῥέπουσαν
1858 4178 1939 4241 είς
1954 4175 2155 4232 πλέον--

488 4263 693 4333 ασμδν,
762 4262 840 4325 ὡς
881 4260 1053 4332 ἔφθην
1096 4260 1288 4322 εἰπὼν,
1334 4262 1427 4313 καὶ
1478 4259 1728 4332 μηδαμοῦ
1774 4260 1867 4315 τὸν
1899 4263 2163 4332 χρήματα

480 4350 672 4420 ἔχοντα
702 4347 969 4413 δανείζειν
1008 4348 1232 4402 θέλοντα
1264 4346 1392 4402 ἄνευ
1427 4347 1727 4417 ἀσφαλείας
1749 4365 1764 4380 ⁸
1799 4349 2022 4402 ἀπαιτεῖ
2052 4348 2162 4421 γάρ

480 4441 509 4492 6
538 4436 801 4502 δανείζων
823 4437 857 4508 ἢ
882 4436 1191 4509 ὑποθήκην,
1217 4437 1250 4509 ἢ
1282 4436 1588 4508 ἐνέχυρα,ἢ
1615 4438 1708 4490 τὸν
1732 4436 2161 4507 ἀντιφωνοῦντα,

482 4525 579 4579 καὶ
618 4524 708 4578 διὰ
757 4524 866 4577 τῶν
909 4523 1077 4596 τριῶν
1117 4523 1321 4577 τούτων
1359 4524 1669 4593 ἀσφαλειῶν
1723 4523 2046 4595 ὲμπιστεύει
2094 4526 2164 4580 τὰ

487 4611 684 4666 ἑαυτοῦ
708 4613 988 4683 χρήματα,
1021 4610 1055 4681 ἢ
1086 4611 1290 4678 ἐγγύας
1318 4611 1628 4680 δεχόμενος,
1659 4611 1736 4675 ὡς
1763 4610 1937 4682 ἔφθην
1963 4610 2161 4675 εἰπὼν,

481 4699 517 4771 ἢ
558 4698 840 4769 ὑποθήκην
881 4697 1243 4769 πραγμάτων,
1292 4697 1324 4769 ἢ
1361 4698 1627 4769 ἐνέχυρα⁸
1676 4697 1863 4769 ἐπειδὴ
1905 4693 1998 4753 οὖν
2025 4695 2164 4752 εἶδεν

483 4789 512 4840 6
539 4787 692 4851 Θεὸς,
729 4788 810 4840 ὅτι
847 4786 1001 4850 ἐκτὸς
1035 4785 1240 4839 τούτων
1279 4785 1455 4851 οὐδεὶς
1489 4784 1742 4850 δανείζει,
1776 4786 1897 4839 οὐδὲ
1927 4788 2008 4850 εἰς
2043 4786 2165 4856 φιλ-

484 4874 802 4946 ανθρωπίαν
852 4873 1071 4945 βλέπει,
1111 4873 1227 4928 ἀλλ’
1261 4875 1340 4937 εἰς
1371 4875 1528 4944 μόνον
1554 4874 1615 4927 τὸ
1645 4873 1836 4945 κέρδος
1866 4875 1990 4946 ὁρᾷ,
2024 4874 2165 4927 πάν-

484 4980 594 5018 των
620 4963 676 5017 δὲ
701 4963 908 5017 τούτων
930 4962 1135 5035 ἕρημος
1160 4963 1188 5014 6
1214 4962 1448 5032 πτωχὸς,
1471 4963 1572 5033 οὐχ
1596 4961 1878 5033 ὑποθήκην
1901 4961 2038 5032 ἔχων
2058 4978 2072 4991 ⁸
2105 4964 2164 5016 οὐ

486 5050 863 5123 γέκτηταιγάρ
878 5051 1048 5105 οὐδέν·
1064 5051 1165 5104 οὐκ
1188 5050 1421 5122 ἐνέχυρα
1448 5050 1651 5121 φέρων⁸
1668 5049 2017 5121 γεγύμνωται
2035 5050 2162 5123 γάρ’

487 5138 549 5193 οὐ
595 5138 686 5191 τὸν
715 5137 1118 5207 ἀντιφωνοῦντα
1147 5138 1401 5210 παρέχων
1422 5154 1435 5168 ⁸
1466 5137 1777 5190 ἀπιστεῖται
1809 5136 1919 5209 γὰρ
1945 5136 2034 5190 διὰ
2068 5138 2168 5209 τὴν

488 5225 750 5297 ἀπορίαν⁸
793 5224 869 5288 ὡς
916 5219 1009 5278 οῦν
1041 5220 1180 5277 εῐδεν
1219 5225 1382 5278 αὑτὸν
1413 5224 1886 5278 διακινδυνεύοντα
1918 5226 1983 5295 τῇ
2027 5225 2169 5278 ἀπο-

489 5313 602 5387 ρίᾳ,
625 5309 828 5366 καὶτὸν
849 5310 1043 5382 ἔχοντα
1072 5313 1330 5382 χρήματα
1358 5311 1737 5365 κινδυνεύοντα
1761 5311 1852 5365 διά
1871 5311 1971 5381 τὴν
1993 5311 2169 5364 ἀπαν-

488 5400 757 5473 θρωπίαν,
794 5398 956 5470 μέσον
987 5398 1175 5451 ἑαυτὸν
1208 5399 1600 5472 παρενέθηκεν,
1644 5398 1906 5469 ἐχέγγυον
1951 5399 2050 5470 μὲν
2089 5398 2170 5471 τῷ

488 5490 704 5561 πένητι,
752 5486 1002 5558 ἐνέχυρον
1047 5484 1103 5538 δὲ
1146 5485 1224 5557 τῷ
1264 5484 1582 5550 δανείζοντι.
1644 5487 1920 5552 ’Λπιστεϊς
1966 5487 2165 5558 τούτῳ,

492 5577 646 5646 φησι,
682 5573 770 5628 διά
818 5573 914 5644 τὴν
942 5572 1204 5644 ἀπορίαν,
1236 5573 1362 5645 ἐμοὶ
1404 5574 1693 5627 πίστευσον
1739 5574 1831 5628 διά
1858 5576 1959 5648 τὴν
1997 5575 2168 5646 ἀφθο-

491 5664 632 5714 νίαν.
665 5657 790 5715 Εἷδε
821 5660 913 5714 τὸν
951 5661 1187 5730 πτωχὸν,
1229 5662 1325 5714 καὶ
1352 5660 1582 5731 ἠλέησεν
1605 5679 1621 5694 ⁸
1655 5657 1765 5714 εἶδε
1794 5661 1887 5715 τὸν
1919 5663 2159 5734 πτωχὸν,

498 5747 587 5799 καὶ
616 5748 676 5799 οὐ
701 5747 982 5813 παρεῖδεν,
1014 5747 1128 5800 ἀλλ’
1156 5748 1346 5807 ἑαυτὸν
1373 5747 1569 5801 ἔδωκεν
1596 5748 1856 5821 ἐνέχυρον
1877 5747 1954 5820 τῷ
1992 5749 2159 5818 μηδὲν

2240 718 2520 786 πένητος.
2588 718 2651 771 ‘0
2692 717 2882 772 ἐλεῶν
2923 715 3164 784 πτωχὸν
3216 714 3465 776 δανείζει
3511 715 3649 781 θεῷ.
3682 718 3875 791 Θάρσει,

2243 803 2428 874 φησὶν,
2459 802 2584 874 ἐμοὶ
2608 801 2896 866 δανείζεις.
2928 800 3038 854 Καὶ
3062 800 3114 853 τί
3135 798 3385 854 τοσοῦτον
3407 800 3673 870 κερδαίνω
3697 819 3770 855 σοι
3796 803 3879 858 δα-

2241 890 2465 955 νείζωνς
2512 888 2765 944 Μάλιστα
2809 888 2907 958 μὲν
2956 883 3052 941 οὖν
3089 884 3558 958 παρανομώτατον
3591 887 3736 959 παρὰ
3763 888 3878 945 θεοῦ

2242 976 2398 1046 λόγον
2440 978 2691 1031 ἀπαιτεῖν
2708 992 2723 1007 ·
2765 975 2905 1048 πλὴν
2944 974 3033 1027 ἵνα
3069 974 3401 1042 ωγκαταὸῶ
3444 991 3541 1028 σου
3589 977 3655 1046 τῇ
3686 977 3879 1049 ἀνομίᾳ,

2244 1066 2338 1119 καλ⁵
2369 1063 2517 1118 λύσω
2545 1066 2612 1135 τῇ
2643 1063 3025 1135 φιλανθρωπίᾳ
3056 1063 3157 1134 τὴν
3183 1063 3513 1133 ἀποτομίαν,
3545 1062 3879 1128 ἀντεξετάσω-

2249 1170 2346 1224 μεν
2377 1152 2514 1224 πρὸς
2540 1150 2735 1205 ταῦτα.
2765 1149 3040 1214 Δανείζων
3069 1153 3184 1215 τοῖς
3214 1150 3395 1214 ἄλλοις
3413 1150 3468 1202 τί
3487 1151 3812 1221 κερδαίνεις;
3836 1154 3881 1207 τί

2245 1238 2376 1311 παρ’
2412 1237 2593 1293 αὐτῶν
2625 1239 2707 1301 εἰς
2747 1237 3087 1307 πλεονασμὸν
3128 1236 3440 1308 ἐπιζητεῖς
3469 1237 3568 1307 οὐχ
3596 1237 3880 1309 ἑκατοστὴν,

2246 1336 2342 1392 ἐὰν
2372 1336 2469 1407 τὴν
2498 1336 2721 1406 ἔννομον
2749 1336 2992 1408 ζητήσῃς
3017 1351 3033 1399 ;
3075 1333 3201 1387 Ἐὰν
3225 1335 3281 1387 δὲ
3302 1334 3605 1406 πλεονάσῃς
3626 1335 3718 1403 τὴν
3743 1335 3886 1406 ἀπληο

2249 1435 2401 1488 στίαν
2419 1446 2467 1498 ι,
2496 1433 2690 1503 διπλῆν
2713 1434 2808 1486 καὶ
2836 1432 3067 1503 τριπλῆν
3092 1430 3362 1504 καρπώσῃ
3387 1429 3487 1501 τὴν
3506 1431 3729 1485 ἀδικίαν.
3767 1431 3886 1500 Ἐγὼ

2247 1531 2305 1586 δέ
2332 1548 2424 1584 σου
2453 1531 2589 1586 νικῶ
2617 1530 2714 1602 τὴν
2758 1529 3100 1594 πλεονεξίαν·
3136 1529 3453 1600 ὑπερϐαίνω
3494 1546 3584 1582 σου
3608 1529 3702 1601 τὴν
3735 1529 3885 1600 δρεξιν

2248 1629 2346 1700 τῆς
2375 1627 2709 1699 ἀπληστίας⁸
2738 1625 2998 1681 καλύπτω
3021 1629 3086 1698 τῇ
3118 1628 3223 1699 ἐμῇ
3268 1626 3505 1698 ἀφθονίᾳ
3532 1626 3628 1698 τὴν
3658 1627 3749 1697 σὴν
3776 1627 3888 1697 ἀμε-

2247 1727 2423 1798 τρίαν.
2455 1727 2526 1779 Σὺ
2562 1725 2857 1796 ἑκατοστὴν
2902 1726 3085 1795 ζητεῖς
3106 1763 3120 1779 .
3158 1723 3269 1793 ἐγὼ
3296 1724 3354 1778 δὲ
3394 1724 3887 1780 ἑκατονταπλασίονα

2248 1824 2441 1894 δίδωμί
2476 1841 2578 1878 σοι.
2610 1818 2744 1877 Εἶτα
2770 1822 3005 1896 δανείζῃ,
3028 1822 3231 1891 Κύριεο
3260 1825 3357 1877 καὶ
3380 1824 3600 1897 δανείζῃ
3629 1825 3750 1896 παρ’
3775 1822 3888 1897 ἐμοῦ

2250 1920 2485 1975 ἐνταῦθα
2517 1920 2614 1991 τὴν
2642 1923 2725 1984 εἰς
2751 1920 2843 1974 τὸν
2870 1921 3083 1991 πτωχὸν
3117 1921 3518 1991 ἐλεημοσύνην,
3553 1922 3640 1975 ἵνα
3670 1922 3789 1976 πότε
3812 1937 3888 1992 μοι

2249 2017 2423 2070 ταῦτα
2445 2014 2696 2087 ἀποδῷς;
2741 2014 2986 2070 ’Δπαιτῶ
3018 2015 3088 2069 τά
3135 2016 3430 2086 σύμφωνα,
3470 2016 3713 2088 στηρίξαι
3736 2015 3889 2087 βουλό-

2254 2131 2413 2184 μενος
2433 2113 2494 2168 τὸ
2509 2112 2882 2183 συνάλλαγμα.
2910 2112 3008 2175 Δός
3028 2130 3117 2184 μοι
3140 2112 3244 2182 τῆς
3263 2114 3588 2177 ἀντιδόσεως
3602 2112 3689 2166 τὸν
3706 2112 3885 2184 καιρόν·

2250 2212 2432 2282 ὅρισον
2481 2209 2581 2279 τῆς
2626 2207 2952 2278 ἀπολήψεως
2994 2207 3095 2279 τὴν
3144 2208 3511 2279 προθεσμίαν.
3543 2209 3779 2263 Μάλιστα
3809 2207 3889 2278 μὲν

2252 2303 2346 2359 οὖν
2369 2305 2527 2359 τοῦτο
2559 2304 2812 2373 περιττόν
2836 2321 2852 2337 ⁸
2889 2305 3114 2370 Πιστὸς
3147 2304 3259 2376 γὰρ
3283 2305 3589 2374 Κύριοςέν
3622 2305 3759 2360 πᾶσι
3789 2304 3889 2369 τοῖς

2251 2399 2456 2469 λόγοις
2481 2400 2693 2454 αὑτοῦ.
2730 2399 2947 2471 Ἐπειδὴ
2974 2400 3031 2453 δὲ
3059 2398 3181 2464 ἔθος
3221 2400 3318 2454 καὶ
3361 2400 3563 2465 σκοπὸς
3592 2398 3667 2471 τῷ
3689 2399 3889 2464 δανειζο-

2257 2496 2405 2567 μένῳ
2431 2498 2810 2568 εὐγνωμόνως,
2835 2496 3062 2568 χρόνους
3089 2498 3334 2568 μετρεῖν,
3359 2497 3457 2550 καὶ
3476 2497 3681 2568 ἡμέρας
3699 2493 3888 2567 ὁρίζειν,

2256 2593 2419 2648 ἄκουε
2468 2595 2601 2648 πότε
2639 2587 2738 2649 ’καὶ
2783 2594 2888 2649 ποῦ
2918 2612 3000 2649 σοι
3034 2594 3134 2666 τὴν
3163 2592 3388 2666 ὀφειλὴν
3428 2594 3742 2648 ἀποδίδωσιν
3775 2595 3800 2646 6
3821 2591 3890 2644 διὰ

2255 2690 2350 2744 τοῦ
2387 2691 2603 2761 πτωχοῦ
2646 2692 3055 2762 δανεισάμενος.
3090 2692 3278 2747 Ὅταν
3317 2693 3544 2761 καθίσῃ
3575 2695 3607 2747 ό
3663 2690 3783 2754 Υἱός
3803 2686 3890 2742 τοῦ

2255 2787 2572 2856 ἀνθρώπου
2619 2790 2719 2843 ἐπὶ
2756 2791 2973 2857 θρόνου
3009 2789 3195 2858 δόξης
3224 2792 3416 2846 αὑτοῦ
3435 2830 3450 2855 ,
3480 2789 3578 2845 καί
3617 2789 3803 2857 στήσῃ
3836 2785 3893 2840 τὰ

2252 2884 2372 2955 μέν
2399 2886 2667 2953 πρόϐατα
2693 2886 2762 2939 ἐκ
2790 2884 3006 2951 δεξιῶν
3035 2886 3245 2949 αὐτοῦ,
3282 2886 3360 2940 τὰ
3390 2887 3460 2941 δὲ
3478 2888 3668 2956 ἐρίφια
3689 2884 3753 2949 ἐξ
3773 2886 3891 2938 εύωο

2257 2982 2483 3050 νύμων,
2536 2983 2636 3036 καί
2680 2981 2806 3049 ἐρεῖ
2842 2981 2967 3047 τοῖς
3014 2981 3101 3036 ἐκ.
3126 2980 3344 3047 δεξιῶν
3367 2998 3384 3014 ⁸
3428 2981 3659 3037 ἐνταῦθα
3696 2978 3892 3051 πρόσεχε

2259 3077 2380 3143 πῶς
2411 3081 2441 3132 6
2472 3078 2757 3151 χρεώστης
2787 3079 3088 3151 εὐγνώμων
3110 3081 3241 3151 περί
3265 3080 3361 3134 τὸν
3393 3081 3731 3144 δανείσαντα,
3757 3078 3855 3140 πῶς
3871 3077 3894 3129 6

2258 3177 2646 3249 δανεισάμενος
2675 3178 2813 3250 μετά
2840 3177 3043 3248 πολλῆς
3073 3178 3297 3250 χάριτος
3321 3179 3615 3233 ἀποδίδωσι
3635 3195 3648 3209 ⁸
3677 3176 3832 3231 Δεῦτε
3848 3175 3893 3228 οἰ

2258 3277 2654 3348 εὐλογημένοι
2681 3278 2790 3332 τοῦ
2830 3278 3060 3345 Πατρός
3102 3280 3244 3347 μου,
3289 3278 3773 3347 κληρονομήσατε
3800 3273 3894 3342 τὴν

2260 3373 2716 3444 ἡτοιμασμένην
2750 3372 2895 3443 ὑμῖν
2924 3373 3258 3437 ,βασιλείαν
3287 3375 3409 3429 ἀπὸ
3447 3371 3771 3441 καταϐολῆς
3810 3370 3893 3425 κό-

2261 3485 2443 3541 σμου.
2478 3471 2649 3541 Ὑπὲρ
2674 3470 2875 3538 τίνων;
2913 3470 3035 3524 Ὅτι
3067 3470 3386 3537 ἐπείνασα,
3418 3471 3516 3525 καί
3554 3466 3792 3524 ἐδώκατέ
3815 3481 3897 3536 μοι

2262 3568 2503 3640 φαγεῖν·
2527 3568 2812 3637 ἐδίψησα,
2853 3566 2949 3622 καί
2991 3567 3314 3622 ἐποτίσατέ
3347 3586 3429 3637 με
3450 3586 3467 3600 ⁸
3502 3566 3719 3638 γυμνὸς
3742 3562 3894 3633 ήμην,

2262 3664 2361 3720 καὶ
2394 3662 2722 3717 ἐνεδύσατέ
2735 3679 2814 3731 με
2833 3678 2847 3694 ⁸
2876 3662 2947 3715 ἐν
2972 3660 3242 3731 φυλακῇ,
3275 3661 3378 3715 καὶ
3402 3661 3615 3731 ἤλθετε
3650 3658 3786 3728 πρὸς

2261 3759 2529 3827 ἀσθενὴς
2562 3758 2747 3828 ήμην,
2790 3758 2886 3813 καί
2924 3756 3354 3825 ἐπεσκέψασθέ
3390 3774 3468 3827 με
3488 3773 3501 3788 ⁸
3540 3755 3706 3822 ξένος
3741 3752 3896 3821 ἤμην,

2260 3858 2362 3912 καί
2395 3855 2769 3926 συνηγάγετέ
2795 3873 2892 3925 με.
2940 3851 3075 3909 Εἶτα
3108 3855 3159 3908 οἰ
3184 3852 3372 3919 καλῶς
3402 3857 3463 3909 ὲν
3492 3852 3665 3926 καιρῷ
3685 3846 3899 3916 διακονή-

2261 3970 2479 4020 σαντες,
2508 3954 2588 4016 είς
2607 3952 2705 4023 τὴν
2727 3952 2934 4007 οἰκείαν
2959 3951 3240 4005 ἀσθένειαν
3267 3950 3602 4023 ἀφορῶντες,
3620 3950 3708 4004 καὶ
3727 3947 3796 4009 είς
3819 3943 3900 4011 τὴν

2263 4042 2421 4109 ἀξίαν
2464 4044 2558 4099 τοῦ
2597 4043 3008 4115 δανεισαμένου,
3041 4043 3291 4113 λέγουσι·
3327 4044 3511 4112 Κύριε
3532 4083 3548 4111 ,
3576 4043 3714 4095 πότε
3740 4053 3806 4093 σε
3835 4034 3900 4088 εί-

2263 4139 2448 4209 δομεν
2487 4139 2803 4206 πεινῶντα,
2839 4140 2942 4195 καὶ
2989 4140 3366 4210 έθρέψαμεν;
3411 4140 3451 4209 ἢ
3498 4136 3771 4208 διψῶντα,
3813 4127 3893 4183 καὶ

2263 4236 2669 4308 ὲποτίσαμενξ
2697 4239 2778 4302 εἰς
2803 4237 2863 4292 δν
2891 4239 2940 4291 οἰ
2960 4236 3231 4308 ὀφθαλμοὶ
3264 4237 3486 4292 πάντων
3511 4232 3795 4298 ἐλπίζουσι,
3823 4225 3901 4280 καὶ

2268 4334 2334 4388 σὺ
2360 4333 2518 4398 δίδως
2549 4335 2648 4406 τὴν
2677 4334 2883 4407 τροφὴν
2916 4334 3098 4389 αὐτῶν
3129 4335 3188 4389 ὲν
3218 4333 3489 4405 ἀφθονίᾳ;
3520 4332 3584 4385 Ὢ
3621 4330 3713 4399 τῆς
3733 4322 3901 4391 πολλῆς

2267 4428 2641 4499 ἀγαθότητοςί
2707 4430 2943 4502 κρύπτει
2991 4429 3091 4502 τὴν
3146 4430 3303 4497 ἀξίαν
3353 4431 3442 4485 διὰ
3500 4420 3897 4500 φιλανθρωπίαν*

2279 4526 2605 4583 Ἐπείνασα
2636 4527 2745 4598 γὰρ
2773 4527 2875 4583 καὶ
2915 4527 3175 4583 ἐδώκατέ
3197 4546 3302 4599 μοι
3331 4526 3546 4599 φαγεῖν
3565 4540 3578 4555 ⁸
3607 4523 3651 4578 ὢ
3685 4522 3775 4591 τῆς
3801 4514 3900 4570 πολ·

2265 4621 2368 4693 λῆς
2389 4623 2745 4696 ἀγαθότητος,
2793 4624 2838 4677 ὣ
2866 4624 2967 4695 τῆς
3004 4626 3244 4697 ἀμέτρου
3278 4622 3673 4698 χρηστότητοςί
3709 4612 3898 4671 όδιδούς

2266 4719 2475 4789 τροφὴν
2504 4719 2652 4790 πάσῃ
2699 4721 2884 4793 σαρκὶ,
2912 4719 3006 4774 καὶ
3028 4720 3262 4790 ἀνοίγων
3292 4720 3391 4785 τὰς
3431 4722 3635 4792 χεῖρας,
3662 4714 3747 4767 καί
3772 4713 3898 4779 ἐμπιο

2269 4812 2419 4867 πλῶν
2441 4815 2551 4868 πᾶν
2578 4815 2717 4880 ζῶον
2738 4815 3010 4880 εὐδοκίας,
3053 4818 3363 4881 Ἐπείνων,
3385 4817 3540 4887 φησὶ,
3567 4812 3660 4867 καί
3675 4797 3895 4863 ἐδώκατέ

2262 4927 2367 4980 μοι
2403 4910 2619 4981 φαγεῖν
2640 4929 2655 4945 ⁸
2683 4914 2746 4967 οὐ
2770 4913 2872 4984 τῆς
2901 4913 3060 4979 ἀξίας
3087 4913 3504 4985 ἐλαττουμένης,
3537 4907 3669 4966 ἀλλὰ
3691 4905 3781 4972 τῆς
3801 4895 3896 4967 φιλ·

2270 5008 2584 5079 ανθρωπίας
2635 5011 2764 5076 τοὺς
2835 5012 3087 5083 πτωχοὺς
3152 5010 3528 5083 ὲγγυωμὲνης.
3604 5003 3894 5070 Ἐδίψησαν

2270 5105 2369 5159 καί
2400 5106 2722 5162 ἐποτίσατέ
2750 5125 2846 5178 με.
2878 5109 2978 5171 Τίς
3004 5111 3033 5162 6
3057 5107 3230 5162 ταῦτα
3262 5109 3465 5178 λέγων;
3507 5107 3567 5159 '0
3593 5104 3792 5173 λίμναις
3819 5088 3895 5146 καὶ

2270 5205 2537 5273 ποταμοῖς
2560 5204 2654 5259 καὶ
2680 5208 2886 5276 πηγαῖς
2910 5204 3019 5259 τῶν
3039 5206 3246 5260 ὑδάτων
3276 5206 3375 5277 τὴν
3414 5203 3573 5275 φύσιν
3597 5196 3784 5269 ἐγχέων
3804 5192 3850 5231 δ’
3873 5187 3895 5239 6

2269 5297 2359 5352 διὰ
2384 5300 2497 5353 τῶν
2522 5301 2872 5371 Εὑαγγελίων
2900 5302 3146 5371 φάσκων,
3175 5303 3258 5356 ὄτι
3293 5302 3348 5355 '0
3376 5297 3669 5355 πιστεύων
3691 5292 3770 5357 εἷς
3790 5284 3892 5355 έμδο

2270 5397 2468 5464 καθὼς
2508 5394 2679 5454 εἶπεν
2718 5400 2757 5469 ἢ
2798 5401 3029 5469 Γραφὴ,
3077 5400 3333 5470 ποταμοί
3371 5398 3439 5454 ἐκ
3489 5395 3714 5458 κοιλίας
3737 5379 3895 5443 αὐτοῦ

2262 5493 2601 5559 ,ῥεύσουσιν
2630 5495 2850 5564 ὕδατος
2888 5496 3101 5565 ζῶντος
3118 5516 3133 5530 ⁸
3158 5500 3186 5553 6
3211 5497 3402 5559 εἰπὼν,
3425 5495 3500 5553 Εἴ
3525 5511 3612 5560 τις
3633 5482 3795 5557 δια,
3824 5480 3894 5549 έΡ·

2268 5587 2469 5658 χέσθω
2510 5589 2660 5658 πρὸς
2691 5591 2790 5661 μὲ,
2831 5593 2932 5646 καὶ
2959 5592 3196 5649 πινέτω.
3249 5592 3426 5655 Ἀλλὰ,
3473 5593 3523 5645 Γ
3526 5586 3701 5660 υμνὸς
3737 5581 3891 5649 ἥμην,

2343 5703 2361 5777 _'
2383 5704 2533 5777 ξενὶί.
2560 5711 2762 5777 εἰ-ιιηιιε
2780 5711 2903 5773 Reg.
2925 5712 3190 5777 πλεονάσῃς
3208 5714 3293 5772 τήν
3316 5709 3550 5761 ἀπιστίαν.

2333 5763 2363 5806 ι
2386 5768 2595 5818 Samius
2612 5771 2806 5833 έκχέων.
