4100 6428
305 528 416 583 lare
432 522 644 598 opoitet
667 504 1096 580 retributionem.
1115 499 1214 574 llic
1231 514 1441 571 modico
1455 511 1658 583 justitia
1675 507 1892 571 emitur,

305 621 393 675 vili
415 619 567 690 panis
590 618 906 688 fragmento,
935 613 1026 692 vili
1050 611 1391 669 vestimento,
1422 606 1589 660 calice
1615 617 1769 672 aqua:
1799 598 1896 665 iri-

305 710 441 782 gida:
473 727 486 762 :
518 709 580 764 Si
623 709 736 778 quis
769 715 940 777 potum
987 691 1182 758 dederit
1223 700 1432 754 calicem
1473 710 1618 767 aqum
1657 691 1896 763 frigidm.

307 817 452 855 einen
491 801 605 854 dico
633 797 768 852 vobis
789 839 804 863 ,
829 797 904 851 ait
941 793 1230 866 spiritualis
1273 785 1645 861 negotiationis
1672 784 1859 838 doctor
1879 821 1895 846 ,

308 909 410 946 non
440 890 615 962 perdet
633 883 913 943 mercedem
926 903 1070 942 suam
1088 884 1303 958 (Matth.
1328 882 1415 937 10.
1440 878 1554 950 42).
1580 875 1732 934 Calix
1751 888 1902 945 aqua:

309 982 516 1054 frigida:
529 981 720 1054 dignus
739 988 825 1037 est
846 968 1116 1046 mercede,
1137 987 1194 1032 et
1215 975 1530 1031 vestimenta
1557 969 1903 1040 pecuniaeque

312 1085 409 1143 per
433 1072 750 1129 beneﬁcium
779 1071 918 1127 data:
947 1085 1053 1125 non
1093 1068 1251 1138 digna
1281 1072 1440 1122 erunt
1474 1059 1766 1118 mercede?
1794 1059 1906 1113 lmo

260 1239 264 1242 Α
311 1180 344 1219 e
373 1164 641 1219 contrario
684 1162 851 1217 multa
889 1169 1046 1217 erunt
1072 1157 1320 1215 mercede
1363 1155 1544 1224 digna.
1573 1152 1749 1218 Quare
1779 1162 1908 1219 ergo

311 1256 536 1343 calicem
603 1269 756 1326 aqua:
805 1252 1012 1324 frigida:
1059 1248 1380 1306 memoravit
1421 1246 1445 1298 ?
1495 1245 1905 1312 Eleemosynam

313 1335 433 1404 sine
475 1346 778 1418 sumptibus
818 1345 955 1402 dixit
996 1362 1011 1400 :
1052 1359 1180 1400 nam
1227 1341 1414 1414 frigida
1451 1353 1590 1410 aqua
1630 1351 1804 1407 neque
1843 1333 1908 1387 li-

313 1445 480 1507 gnum
500 1477 516 1504 ,
543 1451 718 1506 neque
756 1435 900 1491 aliud
926 1434 1200 1508 quidpiam
1237 1430 1524 1503 impendis.
1555 1427 1707 1496 Quod
1732 1427 1775 1482 si
1802 1426 1911 1480 lar-

316 1528 520 1598 gitione
563 1527 681 1584 sine
724 1535 941 1598 sumptu
986 1525 1125 1582 facta
1153 1532 1298 1580 tanta
1322 1531 1407 1579 est
1429 1519 1674 1578 beneﬁcii
1706 1517 1872 1590 gratia
1893 1555 1910 1582 ,

317 1617 408 1671 ubi
435 1617 874 1672 vestimentorum
898 1616 1072 1688 copia,
1095 1617 1438 1687 pecuniarum
1469 1609 1912 1676 subministratio,

248 1764 254 1768 .
316 1705 654 1778 aliorumque
682 1707 945 1762 bonorum
974 1706 1297 1763 abundantia
1319 1747 1335 1773 ,
1366 1704 1580 1776 qualem
1609 1719 1638 1756 a
1661 1701 1914 1772 justoju-

317 1787 442 1854 dice
485 1799 787 1855 mercedem
818 1787 1023 1854 referre
1051 1799 1305 1869 oportet?
1331 1796 1556 1866 Quando
1599 1795 1758 1865 igitur
1795 1809 1919 1863 pro-

321 1890 469 1944 stant
494 1886 718 1945 virtutes
743 1893 908 1960 parvo
938 1873 1254 1952 vendibiles,
1282 1903 1313 1942 a
1341 1887 1625 1958 magnifico
1653 1885 1746 1940 illo
1771 1883 1916 1940 acci-

323 1973 555 2051 piamus,
578 1981 868 2052 rapiamus,
893 1996 1152 2037 emamus.
1182 1980 1440 2048 Sitientes,
1463 1980 1654 2051 inquit,
1676 1978 1834 2032 venite
1853 1975 1921 2029 ad

324 2089 510 2141 aquam
533 2091 552 2127 :
573 2083 620 2128 et
643 2074 732 2144 qui
756 2091 857 2129 non
883 2073 1072 2129 habetis
1097 2084 1380 2146 argentum,
1405 2083 1576 2128 euntes
1598 2071 1744 2126 emite
1769 2067 1918 2140 (lsai.

324 2167 419 2223 55.
444 2165 519 2241 1).
545 2167 679 2221 Dum
711 2175 1079 2238 pr0ponuntur
1102 2167 1353 2222 nundinae
1373 2208 1388 2234 ,
1416 2180 1656 2221 emamus
1686 2163 1922 2218 eleemo-

325 2273 510 2331 synas,
537 2259 644 2314 imo
674 2259 850 2329 potius
869 2275 966 2330 per
984 2259 1380 2329 elcemosynam
1409 2271 1652 2312 emamus
1672 2253 1920 2310 salutem.

326 2347 600 2404 Christum
629 2349 812 2415 vestis,
841 2349 930 2420 qui
953 2364 1242 2420 pauperem
1281 2349 1464 2403 vestis.
1489 2346 1615 2401 Haec
1634 2386 1648 2410 ,
1673 2345 1882 2415 inquies
1903 2382 1920 2410 ,

330 2440 500 2511 probe
525 2450 580 2497 et
597 2450 843 2496 accurate
869 2441 991 2496 novi
1017 2459 1030 2496 :
1055 2441 1170 2496 haec
1197 2442 1347 2510 prius
1365 2439 1545 2506 didici,
1569 2454 1675 2493 non
1704 2448 1758 2493 tu
1781 2437 1927 2507 prior

331 2535 564 2590 docuisti
599 2555 611 2590 :
645 2548 817 2606 neque
855 2551 885 2590 a
931 2543 985 2592 te
1015 2537 1244 2606 primum
1284 2523 1389 2590 hoc
1431 2533 1730 2588 audivimus
1763 2549 1778 2586 :
1819 2546 1926 2585 non

333 2640 472 2681 nova
497 2627 754 2695 praedicas
777 2667 795 2695 ,
824 2627 919 2684 sed
947 2643 1066 2698 quae
1091 2642 1234 2698 saepe
1270 2626 1422 2681 multi
1465 2641 1532 2682 ex
1575 2623 1927 2695 prmsentibus

334 2731 436 2771 nos
463 2717 784 2774 docuerunt.
816 2718 946 2773 Novi
977 2719 1182 2790 utique,
1213 2719 1334 2774 novi
1365 2727 1421 2773 et
1457 2718 1572 2788 ipse
1605 2731 1704 2772 vos
1729 2727 1784 2772 et
1812 2716 1929 2770 hinc

335 2809 391 2862 et
433 2809 624 2862 similia
667 2824 812 2880 saepe
857 2810 1147 2875 didicisse;
1178 2809 1271 2865 sed
1317 2810 1521 2864 utinam
1563 2823 1708 2879 saepe
1745 2806 1928 2872 docti,

334 2900 528 2958 saltem
555 2895 751 2958 bonum
774 2904 988 2974 aliquod
1017 2903 1266 2975 exiguum
1293 2912 1626 2974 praestemus.
1655 2902 1755 2969 Qui
1782 2901 1931 2954 mise-

337 3002 478 3048 retur
503 2995 762 3065 pauperis,
793 2999 1069 3067 fmtzeratur
1087 2995 1197 3051 Deo
1228 2995 1407 3065 (Prov.
1439 2995 1529 3050 19.
1559 2994 1669 3067 17).
1704 2995 1811 3049 Deo
1829 2991 1930 3048 fae-

341 3100 595 3141 neremur
622 3087 1020 3158 eleemosynam
1043 3128 1059 3153 ,
1088 3096 1150 3143 ut
1176 3087 1244 3142 ab
1269 3102 1336 3143 eo
1361 3087 1660 3142 clementiae
1695 3084 1931 3140 retribu-

342 3177 544 3266 tionem
581 3177 926 3248 accipiamus.
958 3177 1062 3234 Sed
1083 3219 1098 3244 ,
1129 3192 1164 3232 ο
1185 3177 1639 3248 sapientissimum
1669 3175 1886 3232 verbum
1915 3176 1928 3230 !

345 3268 448 3335 Qui
475 3269 738 3324 miseretur
773 3271 1012 3342 pauperis
1030 3313 1044 3338 ,
1069 3273 1344 3343 [teneretur
1376 3271 1506 3325 Deo.
1531 3270 1636 3326 Cur
1673 3284 1800 3340 ergo
1827 3283 1934 3323 non

340 3356 498 3428 dixit,
531 3363 628 3430 Qui
663 3364 947 3420 miseretur
975 3365 1242 3435 pauperis,
1279 3365 1371 3420 dat
1396 3365 1524 3430 Deo,
1565 3363 1660 3419 sed
1689 3362 1935 3416 anera—

341 3452 472 3507 tur?
494 3451 657 3508 Novit
678 3455 949 3524 Scriptura
976 3455 1254 3510 avaritiam
1287 3463 1526 3510 nostram
1553 3472 1566 3507 :
1595 3453 1822 3510 attendit
1849 3452 1935 3506 in-

342 3540 642 3599 satiabilem
686 3535 1029 3615 cupiditatem
1071 3554 1350 3613 nostram,
1395 3545 1461 3599 ad
1504 3545 1782 3600 avaritiam
1814 3558 1936 3612 spe-

341 3642 579 3689 c‘tantem
610 3675 626 3702 ,
675 3644 938 3707 qumstum
996 3639 1271 3706 requirere
1301 3676 1317 3703 ,
1373 3635 1598 3706 ideoque
1649 3650 1754 3688 non
1805 3633 1938 3688 dixit

342 3725 696 3797 simpliciter,
739 3729 839 3796 Qui
889 3728 1177 3783 miseretur
1224 3727 1513 3798 pauperis,
1557 3725 1649 3780 dat
1690 3726 1840 3779 Deo:
1870 3738 1938 3778 ne

345 3818 643 3889 simplicem
691 3820 1096 3875 retributionem
1137 3829 1384 3888 putares,
1410 3816 1504 3870 sed
1537 3815 1640 3883 Qui
1677 3815 1940 3869 miseretur

347 3911 587 3978 pauperis
611 3953 626 3977 ,
658 3915 930 3982 [tenuatur
972 3909 1103 3965 Deo.
1156 3910 1213 3964 Si
1255 3907 1365 3964 Deo
1414 3907 1739 3964 faeneramur
1765 3947 1780 3972 ,
1811 3918 1940 3975 ergo

346 4004 561 4058 debitor
588 3999 679 4060 ille
708 4005 862 4060 nobis
890 4014 995 4061 est.
1025 4004 1194 4073 Quem
1223 4018 1352 4076 ergo
1381 4018 1504 4058 eum
1535 4003 1629 4057 tibi
1653 4001 1734 4056 vis
1779 4014 1899 4055 esse
1920 4041 1936 4066 ,

343 4094 580 4166 iudicem
622 4105 692 4150 a‘u
736 4089 1074 4152 debitorem?
1099 4088 1316 4152 Debitor
1341 4103 1626 4151 veneratur
1666 4093 1940 4150 faeneran-

349 4193 481 4253 tem,
499 4185 664 4257 judex
691 4203 820 4244 vero
845 4203 952 4245 non
972 4196 1251 4244 reveretur
1290 4203 1432 4256 eum,
1461 4187 1546 4244 cui
1575 4187 1690 4258 ipse
1711 4187 1943 4243 (tenera-

348 4289 438 4336 tus
464 4289 568 4337 est.

423 4373 480 4429 7.
506 4375 737 4432 Necesse
762 4387 942 4434 autem
967 4387 1068 4445 est,
1095 4386 1156 4434 ut
1179 4378 1480 4435 secundum
1495 4379 1652 4434 aliam
1675 4378 1938 4434 rationem

349 4465 668 4534 videamus,
708 4483 806 4524 cur
849 4470 990 4525 Deus
1028 4470 1232 4526 dixerit
1270 4471 1371 4527 sibi
1398 4470 1824 4536 lmncrarieum,
1853 4469 1943 4540 qui

349 4559 448 4614 dat
491 4561 732 4630 pauperi.
763 4562 1029 4629 Quoniam
1053 4564 1266 4620 videbat
1301 4565 1576 4618 avaritiam
1617 4572 1855 4618 nostram
1878 4561 1944 4617 ad

350 4659 618 4720 quaestum
644 4651 865 4709 tendere
883 4695 899 4719 ,
927 4663 984 4708 ut
1002 4653 1112 4724 iam
1143 4654 1282 4723 dixi,
1319 4664 1375 4710 et
1397 4670 1520 4710 eum
1550 4655 1638 4724 qui
1666 4653 1944 4724 pecuniam

354 4739 589 4811 habeat,
628 4742 932 4798 nullatenus
972 4746 1116 4801 velle
1152 4747 1269 4802 sine
1306 4747 1592 4802 securitate
1635 4745 1885 4801 fmucrari
1927 4761 1944 4800 :

355 4831 592 4901 postulat
615 4833 759 4888 enim
786 4833 1095 4900 fmuerator,
1115 4844 1209 4890 aut
1227 4836 1602 4908 hypothecam,
1624 4844 1711 4891 aut
1735 4837 1944 4906 pignus,

353 4931 452 4977 aut
474 4936 796 4994 sponsorem
822 4943 835 4981 :
863 4933 1022 4996 atque
1047 4925 1148 4981 hac
1167 4927 1360 4997 triplici
1392 4929 1638 4983 cautione
1666 4927 1950 4998 pecuniam

355 5013 532 5070 credit
551 5031 702 5070 suam
724 5058 738 5082 ,
765 5025 859 5072 aut
889 5019 1234 5087 sponsionem
1260 5020 1526 5089 accipiens
1544 5060 1560 5087 ,
1591 5029 1648 5075 ut
1670 5019 1778 5089 jam
1804 5018 1944 5087 dixi,

357 5116 453 5162 aut
481 5108 834 5181 hypotheeam
852 5151 868 5178 ,
897 5121 990 5166 aut
1015 5111 1224 5182 pignus.
1251 5112 1384 5168 Cum
1408 5114 1569 5170 sciret
1604 5115 1781 5184 itaque
1809 5114 1953 5169 Deus

359 5200 628 5258 neminem
657 5201 740 5259 his
759 5205 879 5260 sine
897 5203 1230 5260 cautionibus
1250 5203 1528 5273 imuerari,
1547 5206 1815 5260 neminem
1836 5204 1949 5260 sola

359 5293 644 5350 clementia
670 5298 908 5362 moveri,
941 5296 1036 5354 sed
1057 5297 1204 5352 lucro
1227 5306 1430 5352 tantum
1459 5299 1691 5354 intentos
1715 5313 1903 5355 omnes
1932 5317 1946 5354 :

361 5400 653 5456 pauperem
679 5404 808 5444 vero
829 5389 934 5444 iiiis
951 5389 1199 5445 ontuibus
1222 5404 1343 5446 esse
1361 5389 1673 5445 destitutum
1690 5406 1710 5456 ;-
1727 5406 1832 5444 non
1857 5389 1954 5462 hy-

366 5480 650 5546 pothecam
692 5480 922 5549 habere,
960 5483 1047 5553 qui
1089 5481 1221 5536 nihil
1252 5482 1554 5553 possideat,
1596 5496 1701 5537 non
1732 5482 1957 5552 pignora

366 5567 453 5636 qui
501 5570 672 5626 nudus
712 5574 812 5638 sit,
853 5587 958 5628 non
997 5588 1342 5645 sponsorem,
1375 5573 1462 5630 cui
1493 5588 1652 5630 nemo
1675 5573 1862 5628 credat
1884 5573 1961 5628 ob'

369 5661 601 5732 iu0piam
628 5677 642 5714 :
674 5674 729 5716 ut
755 5665 886 5720 vidit
906 5668 1083 5737 itaque
1110 5668 1256 5722 illum
1284 5667 1355 5724 ob
1375 5667 1607 5737 impiam
1640 5666 1957 5737 periclitari,

370 5751 586 5809 divitem
617 5770 826 5824 quoque
845 5760 1128 5827 periclitari
1148 5759 1222 5815 ob
1239 5759 1692 5820 inhumanitatem,
1719 5759 1958 5827 seipsum—

375 5844 606 5903 medium
645 5849 863 5917 protulit
889 5850 1076 5906 vadem
1118 5854 1370 5923 pauperi,
1415 5855 1602 5926 pignus
1646 5849 1950 5909 fmncranti.

687 5940 958 6000 PA-ntOL.
1006 5941 1122 6000 Gn.
1172 5941 1392 6000 XLIX.

1421 391 1510 454 DE
1549 387 2016 453 POENITENTIA.
2059 388 2284 442 ﬂObllL.
2329 381 2438 438 Yll.

3477 364 3582 421 554

2001 501 2116 556 Non
2156 500 2331 556 credis
2353 498 2511 563 huic,
2555 495 2756 567 inquit,
2804 491 2874 548 ob
2904 489 3132 559 inepiam
3154 525 3170 551 ,
3199 483 3328 538 mihi
3369 489 3586 551 propter

2001 593 2207 662 cupiam
2230 590 2409 646 crede.
2439 588 2582 644 Vidit
2609 597 2918 657 pauperem,
2949 589 3004 634 ct
3027 573 3390 632 misericordia
3412 578 3588 624 motus

2001 693 2125 742 est:
2159 682 2292 738 vidit
2317 695 2602 751 pauperem
2624 719 2640 743 ,
2685 685 2876 733 etnon
2912 669 3188 741 despexit;
3232 663 3330 722 sed
3352 662 3588 730 seipsum

2002 777 2148 834 dedit
2176 776 2228 830 in
2256 775 2448 845 pignus
2470 773 2516 827 ei
2538 813 2553 838 ,
2585 769 2673 841 qui
2700 767 2828 822 nihil
2858 764 3078 819 haberet
3097 801 3111 824 ,
3142 767 3196 814 et
3229 756 3297 812 οἱ)
3323 762 3590 824 ingentem

2005 866 2387 936 benignitatem
2424 862 2567 932 inopi
2595 857 2800 914 adstitit
2829 874 2841 905 :
2875 855 3012 909 hanc
3051 865 3178 905 vere
3213 845 3593 916 benignitatem

2005 975 2126 1017 esse
2140 935 2462 1015 testiﬁcatur
2494 954 2682 1008 beatus
2708 948 2870 1006 David
2902 947 2984 1002 his
3008 944 3214 1007 verbis,
3248 940 3380 1008 Quia
3401 935 3596 990 adstitit

2006 1068 2040 1105 a
2073 1049 2262 1104 dextris
2297 1047 2534 1118 pauperis
2562 1042 2731 1115 (Psal.
2765 1039 2886 1096 108.
2916 1038 3030 1107 51).
3063 1036 3160 1102 Qui
3189 1035 3450 1087 miseretur
3472 1044 3599 1097 pau-

2012 1144 2168 1213 peris,
2199 1145 2478 1212 faeneratur
2505 1137 2613 1192 Deo
2645 1134 2826 1206 (Prov.
2859 1131 2947 1188 19.
2982 1129 3102 1203 17).
3128 1125 3365 1190 Conlide,
3396 1121 3562 1192 inquit
3582 1162 3594 1183 ,

2011 1237 2141 1294 mihi
2171 1235 2470 1292 imneraris.
2501 1233 2570 1287 Et
2598 1229 2726 1301 quid
2749 1236 2952 1283 tantum
2980 1223 3112 1280 lucri
3135 1221 3272 1277 facio
3301 1219 3393 1274 tibi
3425 1218 3598 1271 [mne-

2009 1329 2171 1386 rans?
2201 1332 2340 1384 Sane
2355 1324 2744 1394 iniquissimum
2769 1329 2851 1376 est
2874 1334 2904 1372 a
2930 1320 3040 1372 Deo
3066 1315 3326 1369 rationem
3347 1310 3560 1379 exigere
3581 1323 3600 1360 :

2013 1439 2198 1480 verum
2225 1431 2286 1477 ut
2312 1420 2563 1490 nequitia:
2590 1427 2694 1471 tum
2716 1431 2801 1470 me
2830 1421 3179 1480 attemperem
3198 1449 3214 1470 ,
3241 1416 3296 1461 et
3319 1401 3602 1460 clementia
3658 1432 3666 1437 -

2014 1515 2273 1572 szevitiem
2301 1522 2442 1567 tuam
2470 1510 2696 1572 solvam,
2721 1506 2839 1561 hare
2859 1513 3043 1559 mutuo
3067 1499 3452 1556 examinemus.
3474 1492 3603 1547 Aliis

2015 1607 2286 1663 fcencrans
2312 1603 2439 1675 quid
2460 1600 2720 1658 lucraris?
2745 1596 2869 1670 quid
2891 1596 2960 1651 ab
2981 1595 3086 1649 illis
3114 1591 3332 1650 faenoris
3355 1585 3604 1658 requiris?

2017 1716 2144 1756 num
2191 1699 2572 1762 centesimam,
2603 1695 2648 1748 si
2695 1692 2983 1762 legitimam
3033 1684 3322 1756 requiras?
3362 1680 3515 1748 Quod
3562 1679 3606 1733 si

2020 1791 2392 1863 inexplebilem
2433 1787 2776 1857 cupiditatem
2816 1782 3030 1838 auxeris
3058 1780 3100 1846 ί,
3135 1777 3403 1846 duplicem
3437 1772 3608 1842 tripli-

2021 1898 2243 1954 cemque
2287 1879 2581 1938 lucraberis
2620 1876 2976 1946 iniquitatem.
3005 1872 3118 1940 Ego
3163 1881 3294 1923 vero
3331 1863 3607 1920 avaritiam

2024 1985 2166 2030 tuam
2211 1987 2441 2044 supero,-
2490 1967 2974 2038 inexplebilemque
3020 1959 3364 2030 cupiditatem
3403 1957 3607 2008 vinco:

2022 2067 2173 2136 copia
2201 2079 2317 2119 mea
2348 2061 2757 2118 immoderatum
2792 2055 3085 2127 appetitum
3126 2061 3274 2106 tuum
3295 2048 3500 2118 operio.
3529 2045 3608 2099 Tu

2024 2141 2368 2215 Centesimam
2399 2152 2624 2225 quatris,
2650 2166 2749 2222 ego
2773 2149 3077 2219 centuplum
3115 2145 3183 2199 (lo
3207 2143 3322 2198 tibi.
3352 2142 3531 2209 Itaque
3557 2138 3609 2191 iu

2023 2251 2195 2305 {mnus
2214 2246 2432 2317 accipis,
2457 2244 2702 2306 Domine,
2724 2249 2778 2296 et
2797 2240 2882 2294 hic
2899 2240 2949 2292 in
2972 2237 3148 2293 {mnus
3167 2233 3362 2303 accipis
3382 2230 3612 2287 eleemo-

2025 2359 2212 2417 synam
2243 2340 2464 2412 pauperi
2489 2340 2690 2403 datam,
2716 2334 3052 2407 quandonam
3081 2333 3198 2385 lucc
3223 2327 3351 2383 mihi
3381 2322 3614 2380 reddes?

2026 2437 2217 2506 Quaero
2244 2443 2392 2505 pacta
2413 2439 2695 2496 conventa,
2718 2435 3049 2484 contractum
3067 2421 3388 2480 conﬁrmare
3409 2419 3614 2473 volens.

2027 2528 2257 2598 Designa
2300 2525 2429 2579 mihi
2469 2510 2834 2578 retributionis
2866 2529 3074 2586 tempus
3113 2533 3126 2570 :
3162 2512 3428 2569 constitue
3465 2508 3616 2565 solu-

2029 2619 2188 2674 tionis
2220 2617 2524 2672 terminum.
2559 2614 2670 2667 lmo
2705 2625 2836 2665 vero
2864 2609 2966 2663 hoc
2994 2604 3318 2677 superﬂuum
3344 2610 3426 2656 est
3446 2642 3459 2665 ,
3493 2614 3614 2653 nam

2029 2710 2225 2766 Fidelis
2253 2707 2502 2763 Dominus
2522 2706 2576 2759 in
2604 2701 2832 2759 omnibus
2851 2699 3006 2754 verbis
3025 2697 3131 2752 suis
3153 2694 3320 2770 (Psal.
3343 2691 3462 2747 144.
3489 2691 3579 2755 13)
3604 2705 3616 2741 :

2029 2805 2152 2875 quia
2179 2816 2306 2858 vero
2334 2801 2386 2854 in
2418 2813 2569 2854 more
2609 2806 2663 2851 et
2702 2796 2752 2848 in
2783 2807 2945 2862 scopo
2970 2797 3055 2845 est
3093 2787 3176 2853 ei,
3215 2785 3305 2856 qui
3346 2784 3483 2838 bona
3517 2780 3619 2834 ﬁde

2031 2871 2210 2952 faenus
2231 2893 2689 2962 aceipit,tempus
2719 2884 2916 2949 metiri,-
2947 2883 3197 2951 diemque
3220 2876 3467 2940 delinire,
3499 2871 3620 2927 audi

2031 2988 2244 3062 quando
2269 2995 2323 3040 et
2350 2985 2436 3038 ubi
2469 2983 2705 3037 debitum
2743 2978 2834 3033 tibi
2865 2975 3052 3050 reddat
3085 2973 3152 3039 is,
3181 2971 3264 3027 cui
3296 2985 3392 3040 per
3420 2981 3621 3036 paupe-

2032 3059 2147 3139 rem
2174 3076 2471 3136 fmneraris.
2500 3073 2627 3130 Cum
2663 3071 2846 3126 sederit
2894 3067 3063 3122 Filius
3096 3063 3313 3118 hominis
3348 3063 3401 3115 in
3440 3059 3622 3113 throno

2033 3173 2210 3246 gloria:
2230 3185 2359 3236 suae,
2381 3177 2429 3222 et
2454 3165 2681 3221 statuerit
2706 3179 2818 3217 oves
2838 3160 3041 3230 quidem
3064 3174 3096 3212 α
3125 3155 3318 3210 dextris
3342 3152 3446 3207 suis
3465 3191 3480 3217 ,
3515 3150 3622 3204 hmo

2036 3241 2129 3322 dos
2150 3282 2265 3322 vero
2289 3281 2321 3318 a
2348 3261 2587 3325 sinistris,
2621 3269 2666 3313 et
2687 3257 2815 3311 dicet
2844 3256 2936 3320 iis,
2966 3253 3053 3323 qui
3081 3266 3113 3304 a
3139 3248 3332 3304 dextris
3350 3255 3468 3300 sunt
3491 3241 3624 3298 ιω.

2037 3359 2251 3416 attende
2271 3372 2426 3428 quam
2449 3352 2738 3410 benevolus
2758 3350 2828 3405 sit
2847 3346 3054 3402 debitor
3073 3358 3194 3414 erga
3214 3342 3586 3398 lceueratorem
3607 3352 3622 3390 :

2038 3467 2144 3523 quo
2174 3460 2328 3521 pacto
2359 3450 2425 3514 is,
2455 3447 2543 3518 qui
2574 3453 2817 3500 mutuum
2846 3437 3081 3508 accepit,
3113 3435 3279 3490 multa
3308 3446 3431 3487 cum
3459 3430 3624 3501 gratia

2039 3543 2246 3601 reddat.
2279 3542 2474 3605 Venite,
2504 3536 2746 3593 benedicti
2773 3534 2946 3588 Patris
2966 3531 3062 3585 mei
3083 3573 3098 3599 ,
3125 3528 3374 3600 possidete
3394 3533 3626 3596 paratum

2040 3639 2178 3693 vobis
2202 3652 2412 3708 regnum
2441 3651 2472 3687 a
2501 3630 2858 3686 constitutione
2887 3624 3084 3680 mundi.
3110 3621 3322 3691 Quare?
3354 3618 3486 3684 Quia
3511 3632 3629 3670 esu-

2041 3731 2155 3794 rivi,
2187 3737 2234 3782 et
2263 3727 2471 3781 dedistis
2495 3710 2619 3778 mihi
2646 3721 2955 3776 manducare
2976 3733 2995 3771 :
3022 3713 3180 3778 sitivi,
3209 3723 3254 3766 et
3275 3709 3484 3765 dedistis
3506 3707 3630 3760 mihi

2041 3822 2205 3876 bibere
2238 3836 2257 3875 :
2286 3820 2454 3874 nudus
2477 3834 2648 3882 eram,
2679 3825 2728 3868 et
2753 3810 3082 3881 cooperuistis
3109 3825 3188 3862 me
3214 3822 3234 3861 :
3256 3806 3309 3860 in
3339 3817 3558 3865 carcere,
3587 3810 3632 3855 et

2041 3914 2242 3971 venistis
2272 3913 2339 3966 ad
2363 3928 2442 3965 me
2467 3927 2486 3965 :
2510 3911 2747 3978 inﬁrmus
2774 3921 2934 3968 eram,
2965 3911 3010 3958 et
3040 3898 3277 3956 visitastis
3304 3914 3385 3953 me
3403 3913 3424 3952 :
3449 3895 3633 3964 hospes

2041 4023 2178 4062 eram
2197 4047 2214 4071 ,
2263 4015 2309 4058 et
2335 4001 2604 4073 collegistis
2629 4016 2708 4054 me
2734 3997 2958 4069 (Matth.
2985 3994 3077 4048 95.
3111 3994 3203 4048 51.-
3221 3988 3404 4064 seqq.).
3432 3988 3634 4044 Deinde

2045 4098 2137 4169 qui
2165 4098 2218 4152 in
2252 4105 2491 4164 tempore
2517 4092 2654 4147 bene
2683 4089 3069 4150 ministrarum,
3105 4085 3372 4154 propriam
3401 4079 3632 4135 inﬁrmi-

2045 4196 2205 4246 tatem
2232 4186 2586 4257 respicientes
2605 4223 2622 4248 ,
2651 4191 2807 4253 atque
2831 4182 2980 4252 ejus,
3006 4179 3093 4249 qui
3122 4185 3362 4232 mutuum
3388 4173 3592 4242 accepit
3616 4213 3632 4234 .

2044 4282 2357 4352 dignitatem
2377 4319 2393 4346 ,
2425 4277 2605 4332 dicent
2638 4294 2652 4330 :
2681 4273 2932 4336 Domine,
2971 4270 3174 4340 quando
3201 4277 3248 4324 te
3278 4267 3498 4322 vidimus
3523 4281 3635 4318 esu-

2044 4376 2289 4440 rientem,
2326 4381 2374 4425 et
2401 4369 2634 4441 pavimus‘
2657 4367 2740 4421 te?
2778 4367 2867 4418 aut
2905 4364 3188 4428 sitientem,
3226 4369 3272 4415 et
3318 4357 3638 4430 potavimus?

2045 4465 2099 4521 in
2137 4478 2298 4535 quem
2339 4461 2479 4518 oculi
2505 4460 2743 4515 omnium
2773 4464 3027 4527 sperant,
3054 4462 3110 4510 et
3144 4462 3200 4509 tu
3229 4453 3326 4509 das
3361 4465 3540 4507 escam
3570 4450 3633 4504 il-

2048 4556 2222 4611 lorum
2267 4553 2321 4609 in
2365 4551 2688 4607 abundantia
2721 4549 2892 4620 (Psat.
2920 4547 3044 4603 144.
3069 4545 3197 4619 15)?
3225 4545 3269 4602 0
3290 4544 3512 4600 multam
3540 4542 3640 4597 bo-

2047 4648 2269 4704 nitatem
2287 4636 2304 4702 l
2334 4644 2566 4702 occultat
2586 4641 2898 4715 dignitatem
2921 4640 2993 4696 ob
3021 4639 3361 4696 clementiam
3394 4653 3408 4691 :
3438 4634 3642 4692 Esurivi

2048 4743 2204 4810 enim,
2222 4749 2267 4796 et
2289 4739 2500 4794 dedistis
2517 4738 2642 4791 mihi
2659 4736 2985 4791 manducare.
3004 4733 3050 4790 0
3068 4732 3289 4788 multam
3310 4729 3603 4785 bonitatem
3621 4729 3638 4784 !

2049 4849 2084 4891 o
2101 4835 2416 4890 immensam
2437 4828 2847 4900 benignitatem!
2869 4825 2960 4897 qui
2981 4824 3073 4880 dat
3095 4838 3270 4879 escam
3295 4821 3446 4876 omni
3470 4817 3640 4884 carni,-

2050 4930 2140 5000 qui
2179 4929 2354 4997 aperit
2395 4934 2616 4988 manus,
2667 4931 2719 4976 et
2763 4919 2949 4989 implet
2983 4931 3142 4971 omne
3179 4913 3374 4969 animal
3420 4911 3642 4967 benedi-

2050 5022 2230 5077 ctione
2260 5017 2434 5089 (Psai.
2460 5015 2581 5070 144.
2608 5013 2722 5083 16),
2750 5009 2970 5074 Esurivi,
2996 5009 3187 5076 inquit,
3215 5015 3262 5060 et
3291 5004 3499 5059 dedistis
3518 5003 3644 5057 mihi

2053 5111 2393 5174 manducare,
2440 5122 2546 5162 non
2590 5103 2872 5160 imminuta
2907 5101 3197 5170 dignitate,
3241 5097 3335 5153 sed
3374 5097 3491 5168 ejus
3528 5095 3644 5151 cle-

2053 5205 2250 5262 meutia
2284 5215 2382 5273 pro
2425 5197 2754 5270 pauperibus
2770 5193 3118 5263 iidejubente.
3157 5189 3328 5255 Sitivi,
3360 5199 3408 5244 et
3437 5188 3648 5259 potastis

2053 5312 2153 5350 me.
2192 5293 2450 5362 Quisnam
2498 5289 2616 5344 hate
2656 5285 2824 5342 dicit?
2862 5284 2964 5352 Qui
3009 5283 3264 5349 lacubus,
3301 5281 3641 5341 ﬂuminibus.

2057 5387 2295 5444 fontibus
2322 5397 2476 5454 aquae
2513 5388 2759 5438 naturam
2787 5376 3052 5442 infundit,
3099 5375 3188 5445 qui
3232 5388 3326 5444 per
3362 5369 3646 5442 Evangelia

2055 5479 2184 5535 dicit
2209 5494 2224 5531 :
2255 5475 2355 5543 Qui
2376 5471 2535 5528 credit
2571 5471 2626 5525 in
2649 5485 2750 5536 me,
2781 5469 2911 5524 sicut
2937 5467 3059 5520 dicit
3097 5464 3394 5534 Scriptura,
3426 5461 3644 5532 ﬂumina

2056 5571 2119 5625 de
2142 5577 2310 5623 ventre
2334 5567 2445 5636 ejus
2469 5565 2788 5634 [lautiaque
2807 5561 2930 5612 vivis
2945 5555 3124 5630 (Joan.
3151 5556 3203 5608 7.
3226 5552 3318 5619 58)
3339 5567 3354 5605 :
3379 5551 3470 5622 qui
3489 5551 3647 5618 dixit,

2058 5661 2119 5717 Si
2139 5659 2250 5730 quis
2279 5656 2420 5723 sitit,
2449 5655 2615 5710 veniat
2639 5653 2708 5707 ad
2743 5668 2822 5706 me
2841 5693 2854 5717 ,
2886 5659 2934 5705 et
2964 5649 3096 5703 bibat
3122 5643 3285 5716 (Ibid.
3304 5663 3340 5726 ρ
3387 5643 3510 5715 '37).
3535 5641 3646 5695 Sed

2059 5796 2235 5918 facta};
2249 5790 2387 5845 savii.
2412 5799 2463 5844 et
2484 5803 2582 5842 uno
2613 5797 2751 5854 Reg“
2776 5784 2906 5852 quod-
2943 5782 2989 5835 si
3009 5779 3188 5833 malam
3229 5778 3380 5845 ﬁdem
3400 5773 3647 5829 abundare

3213 5913 3289 5971 21
