4100 6480
520 415 625 472 535

523 531 691 587 nudus
714 547 885 598 eram,
907 531 1114 602 inquit,
1145 540 1193 586 et
1221 532 1551 603 cooperuistis
1580 547 1676 586 me.
1721 530 2109 601 Cooperuimus

523 640 646 681 eum
667 667 684 692 ,
709 624 798 694 qui
823 625 997 694 Operit
1025 623 1217 680 caelum
1247 622 1510 690 nubibus,
1549 622 1641 694 qui
1672 623 1972 678 universam
2002 622 2110 678 Ec-

524 716 741 772 ciesiam
763 759 777 784 ,
815 725 870 772 et
892 717 1099 772 orbem.
1127 716 1382 788 Quotquot
1402 717 1539 772 enim
1567 717 1620 770 in
1643 714 1843 771 Christo
1868 715 2113 786 baptizata“

527 809 664 875 estis,
688 806 952 863 Christum
979 803 1218 862 induistis
1244 805 1387 880 (Gal.
1413 808 1469 863 3.
1498 806 1615 880 27).
1641 806 1704 862 In
1721 823 1922 862 carcere
1948 823 2111 861 erant.

525 897 582 952 lu
617 913 835 953 carcere
863 906 950 962 tu,
982 898 1073 969 qui
1112 897 1296 954 educis
1335 898 1575 953 vinctos?
1605 897 1961 968 Interpretare
1995 912 2114 966 quae

528 990 802 1060 loqueris:
830 1006 954 1045 nam
976 990 1208 1061 dignitas
1238 989 1399 1045 iidem
1429 989 1654 1060 derogat
1680 988 1857 1044 dictis.
1891 986 2114 1056 Quando

529 1091 582 1138 te
607 1084 660 1138 in
690 1091 834 1138 tanta
871 1083 1048 1154 inopia
1077 1081 1345 1138 vidimus?
1368 1081 1581 1152 quando
1621 1082 1734 1136 haec
1763 1079 2020 1136 fecimus?
2050 1078 2117 1134 In

529 1185 773 1247 quantum
796 1218 812 1244 ,
843 1176 951 1242 ait,
983 1177 1072 1231 uni
1097 1193 1160 1232 ea:
1186 1176 1266 1231 his
1287 1176 1508 1231 minimis
1535 1175 1722 1249 fecistis
1739 1218 1752 1239 ,
1774 1175 1902 1230 mihi
1929 1174 2118 1245 fecistis

539 1269 754 1344 (Matth.
776 1270 869 1326 25.
889 1271 1005 1342 40).
1027 1272 1220 1327 Annon
1241 1285 1402 1327 verus
1416 1279 1499 1326 est
1515 1285 1712 1338 sermo,
1735 1268 1836 1336 Qui
1857 1271 2121 1324 miseretur

534 1363 793 1434 pauperis,
821 1363 1098 1430 [wneratur
1119 1361 1231 1417 Deo
1257 1361 1438 1435 (Prov.
1475 1363 1562 1418 l9.
1587 1363 1719 1434 i7)?
1746 1363 1814 1417 Et
1843 1362 1968 1418 vide
2003 1377 2119 1417 rem

533 1455 834 1510 mirabilem
863 1472 877 1510 :
920 1455 1122 1510 nullum
1162 1454 1308 1510 aliud
1347 1455 1557 1511 virtutis
1589 1468 1726 1525 opus
1761 1462 1957 1526 praeter
1989 1453 2120 1509 illud

533 1546 872 1601 memoravit.
901 1545 1061 1616 Atqui
1091 1554 1302 1616 poterat
1339 1546 1517 1602 dicere
1546 1565 1559 1602 :
1588 1544 1780 1602 Venite
1821 1544 2117 1611 benedicti,

536 1637 675 1705 quia
693 1635 1058 1703 continentes,
1091 1634 1214 1707 quia
1241 1636 1473 1707 virgines
1504 1637 1678 1693 fuistis
1699 1679 1713 1702 ,
1743 1637 1866 1708 quia
1893 1650 2123 1706 evange-

533 1727 689 1784 licam
731 1730 894 1784 vitam
935 1729 1277 1799 suscepistis;
1319 1728 1414 1785 sed
1450 1728 1565 1784 hate
1609 1737 1786 1796 tacet,
1831 1744 1938 1784 non
1978 1727 2120 1798 quod

533 1819 807 1874 mentione
844 1819 953 1874 sint
981 1819 1230 1890 indigna,
1267 1819 1362 1875 sed
1399 1819 1543 1891 quod
1581 1829 1703 1891 post
1738 1821 2118 1892 benignitatem

537 1909 774 1964 secunda
805 1910 932 1965 sint.
959 1909 1154 1965 Verum
1174 1911 1623 1982 quemadmodum
1647 1912 1731 1979 iis,
1758 1911 1899 1984 quia
1920 1910 2122 1966 dextris

531 2009 706 2066 erant,
738 2001 808 2056 ob
838 2001 1218 2072 benignitatem
1244 2003 1478 2058 delatum
1504 2004 1738 2060 ostendit
1765 2019 2016 2077 regnum,
2044 2005 2123 2060 sic

528 2103 591 2148 es
618 2095 683 2150 iis
711 2096 800 2166 qui
825 2111 855 2151 a
884 2098 1115 2155 sini-tris
1133 2140 1152 2169 ,
1183 2101 1253 2155 ob
1285 2101 1618 2158 sterilitatem
1648 2105 2002 2160 comminatus
2040 2113 2124 2161 est

530 2201 747 2257 poenam
778 2206 790 2240 :
825 2187 922 2255 Ite,
953 2190 1206 2246 maledicti
1222 2233 1238 2258 ,
1267 2193 1321 2246 in
1347 2191 1575 2248 tenebras
1600 2195 1888 2259 exteriores,
1921 2205 2125 2266 paratas

533 2277 756 2344 diabolo,
785 2289 832 2334 et
855 2280 1050 2352 angelis
1075 2283 1186 2350 eius
1208 2281 1424 2356 (Matth.
1451 2284 1546 2340 25.
1565 2284 1680 2358 41).
1699 2285 1909 2353 Quare?
1934 2303 2035 2360 qua
2056 2288 2124 2346 de

525 2371 730 2425 causa?
755 2370 888 2439 Quia
921 2374 1104 2428 esurivi
1125 2416 1140 2442 ,
1165 2383 1214 2430 et
1240 2392 1342 2429 non
1381 2375 1590 2432 dedistis
1618 2378 1744 2432 mihi
1795 2379 2123 2435 manducare.

529 2461 651 2518 Non
676 2463 830 2529 dixit,
873 2465 996 2536 quia
1034 2465 1279 2523 fornicati
1310 2469 1468 2534 estis,
1497 2469 1622 2540 quia
1660 2470 1888 2526 adulteri
1919 2470 2118 2538 fuistis,

529 2557 661 2627 quia
703 2556 860 2612 furati
889 2558 1057 2624 estis,
1089 2561 1212 2630 quia
1252 2559 1442 2615 falsum
1487 2562 1851 2617 testimonium
1893 2563 2120 2633 tulistis,

533 2650 660 2720 quia
701 2649 1000 2720 pejerastis.
1034 2650 1159 2707 Haec
1188 2652 1385 2722 quippe
1424 2652 1706 2709 manifeste
1731 2655 1947 2725 quidem
1987 2657 2124 2713 mala

533 2749 695 2809 sunt,
727 2741 822 2796 sed
868 2740 1119 2798 inferiora
1162 2759 1323 2814 quam
1373 2745 1597 2801 durities
1641 2755 1699 2802 et
1743 2746 2121 2806 inhumanitas.

527 2831 731 2900 Quare,
755 2832 997 2899 Domine,
1021 2850 1128 2889 non
1153 2835 1374 2891 aliarum
1396 2837 1601 2893 viarum
1622 2841 1948 2896 mentionem
1970 2841 2124 2898 facis?

530 2922 650 2978 Non
687 2923 868 2994 judico
889 2964 906 2992 ,
935 2926 1138 2996 inquit,
1171 2937 1446 2998 peccatum
1465 2972 1480 2997 ,
1506 2930 1600 2987 sed
1635 2930 2073 2990 inhumanitatem
2104 2953 2118 2990 :

531 3028 640 3067 non
660 3013 844 3083 judico
873 3026 1181 3086 peccatores
1200 3059 1217 3086 ,
1255 3021 1351 3076 sed
1388 3037 1482 3077 eos
1505 3023 1592 3093 qui
1621 3025 1986 3093 penitentiam
2013 3043 2120 3083 non

528 3115 753 3174 egerunt
784 3124 796 3160 :
831 3109 1184 3165 inclementius
1216 3125 1312 3167 vos
1344 3113 1575 3182 damno,
1615 3115 1757 3186 quod
1801 3117 1962 3172 talem
2004 3128 2121 3173 tan-

529 3205 747 3269 tamque
791 3200 975 3256 salutis
1017 3203 1337 3259 medicinam
1376 3205 1673 3276 habentes,
1721 3209 2119 3285 eleemosynam

529 3287 757 3356 scilicet,
785 3306 887 3360 qua
917 3293 1096 3348 omnia
1124 3305 1340 3364 peccata
1377 3296 1644 3365 delentur,
1675 3299 1778 3356 hoc
1802 3300 2119 3359 beneﬁcium

527 3377 869 3454 chpcxistis.
910 3383 1094 3454 Itaque
1135 3385 1530 3443 inclementiam
1569 3391 1836 3461 exprobro
1857 3433 1874 3460 ,
1917 3402 1976 3448 ut
2019 3409 2120 3450 ne-

527 3475 708 3544 quitiae
734 3477 1014 3547 omnisque
1034 3476 1323 3548 impietatis
1347 3477 1602 3548 radicem,
1625 3482 1966 3541 clementiam
1992 3501 2122 3544 vero

527 3564 710 3631 laudo,
741 3574 802 3621 ut
827 3567 1060 3623 radicem
1085 3571 1324 3627 omnium
1361 3573 1658 3642 bonorum;
1698 3587 1754 3632 et
1779 3577 1883 3634 illis
1903 3579 2118 3650 quidem

530 3655 708 3724 ignem
733 3665 992 3713 aeternum
1013 3662 1331 3731 comminur,
1360 3665 1440 3722 his
1460 3681 1589 3722 vero
1616 3683 1838 3739 regnum
1865 3672 2118 3730 caelorum

531 3746 809 3814 promitto.
833 3748 1084 3816 Pulchra,
1111 3752 1356 3823 Domine,
1380 3759 1642 3826 promissa
1674 3769 1781 3828 tua,
1814 3763 2116 3832 pulchrum,

525 3837 674 3906 quod
699 3851 1038 3911 exspectatur
1076 3860 1299 3917 regnum
1339 3857 1522 3916 tuum,
1571 3852 1805 3923 itemque
1849 3856 2116 3927 gehenua,

527 3943 690 3999 quam
731 3935 1104 4005 comminaris;
1151 3954 1378 4010 quorum
1426 3941 1556 3998 illud
1583 3945 1781 4014 allicit,
1827 3948 1941 4004 haec
1986 3967 2118 4008 vero

1228 417 1287 473 S.
1327 415 1608 474 JOANNIS
1645 412 2124 473 CllRYSOSTOE-ll
2157 413 2478 472 ARCHIEP.
2504 415 3042 476 CONSTANTINOP.

3714 423 3817 481 336

2215 530 2522 587 deterret‘:
2557 531 2724 588 allicit
2767 531 2990 603 pulchre
3040 547 3299 612 regnum,
3327 533 3584 590 deterret
3625 537 3821 594 utiliter

2217 621 2482 693 gehenna.
2509 621 2824 679 Gebennam
2855 625 2997 680 enim
3023 626 3388 685 comminatur
3411 625 3563 682 Deus
3582 666 3598 694 ,
3631 642 3737 682 non
3767 637 3822 685 ut

2217 712 2270 768 in
2288 713 2586 784 gehennam
2611 714 2831 785 injiciat,
2851 715 2944 772 sed
2969 716 3321 788 utagehenna
3351 717 3574 775 liberet.
3602 719 3657 775 Si
3685 723 3817 777 enim

2219 807 2409 877 punire
2441 806 2623 871 vellet,
2653 823 2757 862 non
2794 819 2919 864 ante
2939 810 3167 865 minatus
3187 822 3350 877 esset,
3385 820 3447 866 ut
3477 823 3636 867 caute
3659 813 3823 870 minas

2218 897 2915 956 vitaremus.Comminatur
2936 899 3276 971 supplicium,
3299 911 3360 956 ut
3384 901 3644 973 supplicii
3669 918 3821 974 expe-

2217 991 2510 1045 rimentum
2554 989 2863 1060 fugiamus:
2909 1000 3077 1047 terret
3120 993 3323 1060 verbo,
3375 1001 3439 1048 ut
3491 1008 3601 1048 non
3645 995 3822 1065 puniat

2221 1095 2402 1150 opere.
2430 1079 2783 1137 Fceneremur
2804 1082 2980 1153 itaque
3014 1085 3124 1139 Deo
3161 1084 3539 1141 clementiam.
3573 1084 3819 1145 anere-

2223 1187 2376 1240 mur,
2409 1181 2469 1228 ut
2508 1173 2843 1229 inveniamus
2873 1175 3021 1230 illum
3050 1175 3350 1232 debitorem
3373 1217 3390 1242 ,
3443 1185 3506 1233 ut
3533 1168 3660 1234 ante
3687 1178 3820 1245 dixi,

2225 1279 2330 1319 non
2352 1263 2628 1335 judicem:
2671 1273 2954 1322 reveretur
2994 1267 3136 1322 enim
3181 1266 3400 1322 debitor
3440 1267 3818 1333 faenerantem,

2225 1367 2500 1412 reveretur
2520 1373 2644 1414 eum
2673 1367 2728 1414 et
2755 1358 3044 1413 erubescit.
3067 1357 3125 1414 Si
3150 1357 3451 1414 faenerator
3471 1359 3540 1413 ad
3571 1359 3818 1416 debitoris

2219 1446 2437 1518 januam
2462 1449 2703 1517 accedat,
2730 1448 2816 1504 hic
2841 1449 2886 1504 si
2913 1451 3067 1520 inops
3089 1451 3179 1517 sit,
3207 1449 3372 1521 fugit;
3403 1451 3490 1505 sin
3523 1451 3819 1523 opulentus,

2225 1554 2349 1594 eum
2379 1554 2501 1595 cum
2532 1541 2721 1598 fiducia
2750 1543 2970 1614 excipit.
2995 1541 3132 1600 Vide
3158 1543 3289 1599 mihi
3315 1543 3556 1599 alterum
3585 1545 3712 1616 justi
3742 1544 3823 1616 ju-

2225 1630 2360 1686 dicis
2388 1633 2706 1689 miraculum
2731 1633 2979 1709 humanis
3008 1651 3076 1690 ex
3098 1636 3258 1692 rebus
3281 1637 3645 1708 propositum.
3673 1637 3725 1692 Si
3743 1638 3821 1693 cui

2227 1722 2281 1778 in
2313 1734 2626 1794 paupertate
2655 1725 2868 1798 degenti
2898 1725 3193 1783 fmneratus
3223 1725 3418 1796 fueris,
3453 1744 3520 1784 ac
3546 1727 3738 1785 deinde
3759 1729 3821 1785 ad

2227 1829 2538 1885 prosperam
2567 1819 2835 1873 fortunam
2864 1819 3075 1875 venerit
3097 1819 3142 1874 is
3161 1860 3177 1886 ,
3202 1821 3292 1891 qui
3321 1829 3574 1876 mutuum
3603 1821 3817 1893 accepit,

2227 1907 2430 1978 tibique
2459 1909 2697 1965 debitum
2725 1910 2952 1966 reddere
2982 1911 3179 1982 possit,
3209 1912 3415 1968 multos
3435 1913 3598 1980 latet,
3627 1923 3682 1969 et
3705 1913 3821 1970 red-

2227 1997 2328 2066 dit,
2357 2014 2426 2054 ne
2445 1999 2513 2055 de
2540 2001 2704 2069 priori
2731 2015 2831 2056 suo
2859 2010 3002 2057 statu
3030 2002 3358 2058 erubescat:
3394 2011 3453 2060 et
3480 2004 3682 2075 gratias
3707 2003 3821 2076 qui-

2229 2089 2352 2146 dem
2381 2091 2589 2158 reddit,
2617 2092 2712 2149 sed
2739 2108 2849 2164 pra:
2880 2092 3074 2163 inopia:
3104 2093 3350 2164 pristinas
3390 2095 3600 2166 pudore
3628 2096 3820 2153 benefi-

2229 2188 2370 2243 cium
2391 2189 2644 2247 occultat.
2669 2192 2736 2244 At
2753 2204 2858 2245 non
2881 2190 2952 2245 ita
2975 2189 3116 2246 Deus
3141 2189 3284 2258 facit,
3307 2191 3408 2248 scd
3430 2191 3571 2247 clam
3593 2201 3820 2246 mutuum

2229 2279 2442 2348 accipit,
2467 2287 2521 2335 et
2545 2281 2721 2351 palam
2743 2280 3016 2352 libereque
3041 2291 3286 2336 mutuum
3310 2280 3513 2336 reddit.
3537 2281 3667 2337 Cum
3688 2281 3819 2336 enim

2230 2371 2456 2440 accipit,
2483 2371 2622 2426 clam
2664 2386 2764 2442 per
2800 2370 3199 2443 eleemosynam
3225 2373 3461 2444 accipit;
3505 2387 3626 2427 cum
3655 2380 3820 2427 autem

2230 2461 2440 2530 reddit,
2485 2464 2538 2518 in
2567 2464 2736 2520 oculis
2777 2465 3041 2520 universa:
3085 2473 3352 2521 creatura:
3392 2463 3592 2521 reddit.
3621 2465 3690 2520 At
3724 2462 3816 2518 for-

2232 2561 2374 2610 tasse
2409 2553 2556 2610 dicat
2583 2556 2848 2628 quiSpiam
2876 2575 2892 2613 :
2919 2557 3098 2624 Quare
3120 2556 3337 2613 tandem
3361 2599 3377 2623 ,
3425 2566 3486 2612 ut
3516 2556 3646 2612 mihi
3681 2555 3816 2612 diviti

2231 2643 2397 2712 dedit,
2429 2661 2534 2701 non
2561 2647 2632 2702 ita
2651 2662 2863 2718 quoque
2901 2647 3120 2719 pauperi
3153 2647 3348 2703 dedit?
3374 2648 3596 2704 Poterat
3616 2646 3813 2718 quidem

2230 2739 2325 2794 tibi
2349 2739 2598 2796 similiter
2623 2741 2784 2807 dare,
2815 2750 2877 2796 ut
2901 2741 3121 2811 pauperi
3149 2740 3334 2808 dedit;
3371 2740 3470 2797 sed
3503 2740 3698 2805 noluit,
3729 2751 3814 2793 nec

2231 2827 2442 2885 divitias
2467 2838 2585 2886 tuas
2614 2829 2975 2886 infructuosas
3001 2845 3122 2886 esse
3159 2831 3358 2899 voluit,
3390 2846 3495 2886 nec
3533 2830 3671 2885 illius
3709 2844 3811 2900 pau-

2230 2928 2492 2991 pertatem
2533 2922 2651 2978 sine
2695 2922 2960 2978 mercede.
2990 2920 3110 2978 Tibi
3153 2921 3303 2977 diviti
3345 2922 3619 2978 concessit
3646 2931 3699 2976 ut
3732 2935 3812 2991 per

2230 3016 2628 3088 eleemosynam
2650 3015 2800 3072 dives
2824 3031 2971 3071 esses
2991 3056 3006 3082 ,
3038 3023 3094 3071 et
3121 3015 3466 3087 diSpergeres
3507 3015 3560 3070 in
3585 3013 3775 3086 justitia
3799 3030 3810 3066 :

2231 3105 2482 3179 Dispersit
2511 3107 2676 3175 enim,
2702 3107 2842 3163 dedit
2859 3108 3164 3179 pauperibus
3192 3124 3212 3163 :
3229 3109 3440 3179 justitia
3465 3108 3574 3180 ejus
3593 3115 3750 3160 manet
3769 3105 3810 3158 is

2229 3198 2470 3252 secutum
2492 3197 2661 3266 (Psat.
2695 3199 2818 3254 111.
2845 3197 2925 3271 9).
2949 3198 3112 3255 Vides
3137 3199 3279 3270 quod
3306 3198 3461 3255 dives
3485 3213 3578 3270 per
3597 3196 3808 3253 eleemo-

2228 3302 2420 3361 synam
2466 3298 2724 3345 mternam
2765 3290 3090 3346 thesaurizet
3129 3289 3436 3361 justitiam?
3475 3288 3600 3345 vide
3636 3296 3811 3341 rursus

2231 3394 2554 3451 pauperem,
2585 3382 2708 3454 quia
2739 3381 2958 3441 divitias
2985 3395 3090 3439 non
3117 3379 3312 3452 habet,
3344 3382 3542 3456 quibus
3566 3382 3807 3455 justitiam

2229 3480 2498 3544 operetur,
2528 3474 2687 3530 habet
2711 3483 3099 3545 paupertatem,
3124 3491 3226 3547 qua
3253 3478 3574 3544 patientiam
3597 3475 3806 3530 lucratur

2227 3573 2502 3621 aeternam.
2531 3566 2663 3622 Nam
2693 3566 2950 3624 Patientia
2979 3585 3260 3641 pauperum
3281 3585 3384 3623 non
3413 3569 3593 3642 peribit
3611 3569 3662 3622 iu
3681 3573 3804 3620 teter-

2229 3673 2354 3711 num
2395 3657 2568 3728 (Psal.
2595 3658 2652 3714 9.
2689 3659 2822 3731 l9):
2865 3659 2917 3714 in
2959 3659 3176 3716 Christo
3215 3659 3446 3716 Domino
3492 3667 3704 3722 nostro,
3733 3654 3806 3710 cui

2231 3749 2396 3821 gloria
2425 3749 2478 3804 in
2501 3750 2692 3806 saacula
2715 3751 3054 3807 saeculorum.
3085 3751 3279 3807 Amen.

2293 3861 2520 3934 ‘HVerba,
2545 3841 2651 3934 haec
2676 3877 2787 3915 vero
2821 3864 3045 3922 deterret,
3083 3879 3179 3916 non
3201 3865 3450 3934 habentur
3485 3867 3536 3916 in
3763 3865 3811 3908 et.

2225 3923 2402 3992 Savil..;
2428 3927 2604 3992 sed_in
2642 3933 2760 3989 Reg.
2799 3939 2946 3989 supra
2979 3935 3248 3978 memorato
3282 3928 3538 3992 leguntur,
3574 3933 3627 3976 et
3645 3923 3811 3987 Optime

2231 3986 2467 4048 quadram
2484 3987 2544 4036 ad
2564 3986 2782 4038 sensum.

1737 4155 1880 4227 DE
1933 4158 2642 4237 PCENITENTIA.

1852 4284 2150 4304 h-

1058 4367 1280 4408 amum
1320 4370 1413 4410 vm
1445 4353 1545 4430 (α).
1618 4337 1620 4340 ’

598 4479 654 4533 1.
677 4478 902 4537 Etiamsi
924 4481 1040 4538 heri
1069 4500 1100 4538 a
1128 4485 1280 4542 vobis
1308 4487 1594 4558 abfuerim,
1628 4501 1685 4549 at
1709 4493 1926 4567 invitus,
1946 4508 2002 4555 at
2027 4516 2122 4558 ne-

531 4571 785 4628 cessitate
829 4575 1137 4644 compulsus
1167 4596 1180 4631 :
1210 4593 1438 4650 corpore
1479 4582 1646 4652 ablui,
1670 4602 1776 4642 non
1810 4593 2118 4661 proposito;

420 4688 426 4696 -
526 4662 774 4720 absentia
784 4666 980 4734 carnis,
991 4682 1096 4724 non
1113 4669 1304 4727 all'ectu
1322 4675 1726 4735 animi.Etenim
1743 4683 1988 4752 provirili
2003 4701 2121 4742 mea

431 4758 436 4786 ί
529 4768 628 4810 vos
658 4756 1085 4827 complectebar,
1109 4773 1395 4835 menteque
1428 4781 1619 4824 omnes
1651 4771 2116 4832 circumferebam.

531 4846 758 4914 Rursus,
783 4848 974 4906 fratres
991 4894 1004 4918 ,
1030 4851 1132 4909 hoc
1161 4858 1485 4925 temporario
1505 4859 1670 4917 misso
1697 4863 1888 4920 morbo
1912 4866 2120 4924 ardenti

523 4937 701 4999 studio
711 4941 1080 4996 contendimus
1105 4953 1336 5000 vestram
1357 4951 1594 5004 contueri
1620 4949 1812 5008 faciem
1833 4971 1847 5008 :
1867 4960 2122 5013 manenti-

469 5050 472 5053 λ
525 5027 626 5097 bus
643 5030 787 5085 enim
803 5031 979 5088 adhuc
1001 5036 1330 5106 aegritudinis
1345 5040 1581 5111 reliquiis
1604 5047 1882 5114 properavi
1904 5049 1971 5104 ad
1986 5051 2114 5105 cari-

525 5130 691 5176 tatem
707 5133 958 5180 vestram.
990 5126 1121 5183 Nam
1147 5133 1274 5200 aegri
1292 5132 1506 5202 quidem
1531 5132 1743 5206 [morbo
1771 5141 2015 5215 relevati]
2044 5144 2120 5199 la-

527 5227 688 5274 vacra
723 5227 980 5286 expetunt
1009 5229 1064 5276 et
1103 5223 1329 5293 balnea;
1358 5241 1459 5298 ego
1499 5243 1629 5285 vero
1668 5245 1847 5302 operze
1889 5237 2116 5304 pretium

521 5318 646 5374 esse
669 5306 797 5370 duxi
818 5308 1174 5369 desideratam
1203 5325 1437 5373 vestram
1481 5320 1669 5377 faciem
1697 5324 1912 5392 videre,
1934 5341 1998 5382 ac
2025 5328 2119 5384 de-

517 5397 688 5462 bitum
719 5401 846 5458 illud
872 5411 1108 5460 vestrum
1155 5407 1403 5465 audiendi
1433 5413 1650 5483 explere
1683 5415 1941 5486 studium,
1992 5434 2110 5474 ma-

520 5505 685 5559 guum
727 5492 832 5567 hoc
876 5495 1114 5567 pelagus,
1164 5499 1298 5554 nihil
1347 5502 1552 5560 habens
1600 5507 1907 5579 salsuginis,
1960 5526 2112 5568 mare

523 5580 789 5657 fluctibus,
802 5600 1048 5642 vacuum.
1093 5588 1222 5645 Veni
1243 5606 1428 5646 arvum
1455 5595 1721 5653 invisurus
1749 5611 1983 5654 vesnum
2013 5618 2110 5656 ex-

525 5686 831 5745 purgatum.
863 5677 994 5745 Quis
1021 5681 1163 5735 enim
1212 5685 1333 5740 talis
1399 5699 1583 5755 portus
1628 5692 1776 5760 est‘,
1811 5693 1984 5762 qualis
2029 5702 2112 5754 est

582 5781 660 5875 (a)
679 5785 856 5838 collata
877 5802 987 5839 cum
1007 5793 1180 5844 Codice
1203 5801 1318 5859 Reg.
1342 5797 1485 5850 2349.

638 5851 743 5893 ιιι-ο.
761 5847 870 5893 ιὰΕε
893 5861 1070 5893 Darius-
1097 5857 1223 5893 mind
1244 5858 1390 5893 Imhm
1409 5868 1509 5893 sum
1572 5862 1689 5893 mlh:

673 5857 743 5905 ro,
761 5847 870 5900 tatis
891 5861 1072 5916 portus,
1097 5857 1225 5918 quod
1243 5847 1392 5911 habet
1409 5847 1546 5926 εἰδὲ..
1571 5862 1710 5927 aditi,
1727 5864 1824 5918 tale
1844 5873 2055 5933 prastost.

2151 4272 2569 4326 m—

2230 4375 2472 4432 Ecclesia
2493 4376 2516 4430 ?
2535 4377 2658 4446 quis
2678 4374 2960 4447 paradisus
2981 4374 3144 4430 οωιυί
3175 4381 3355 4430 vestro
3379 4369 3612 4430 similis?
3635 4365 3802 4423 Nullus

2232 4467 2320 4524 hic
2351 4466 2633 4523 insidiator
2674 4481 2921 4538 serpens,
2953 4465 3050 4523 sed
3077 4465 3324 4521 Christus
3368 4464 3640 4521 iustitntor
3665 4475 3679 4513 :
3705 4469 3801 4512 non

2227 4557 2342 4614 Eva
2369 4558 2784 4630 supplantatrix,
2817 4557 2912 4614 sed
2934 4557 3174 4614 Ecclesia
3200 4558 3436 4614 erectrix
3467 4573 3480 4611 :
3513 4569 3616 4610 non
3640 4550 3722 4606 hic
3738 4545 3801 4601 fo-

2226 4649 2297 4706 lia
2322 4649 2576 4706 arborum
2603 4691 2620 4717 ,
2649 4650 2744 4706 sed
2781 4650 2986 4706 fructus
3012 4650 3231 4720 spiritus
3261 4667 3276 4704 :
3316 4666 3426 4706 non
3450 4660 3606 4719 sepes
3630 4643 3798 4714 spina-

2225 4757 2370 4808 rum,
2402 4742 2496 4798 sed
2523 4743 2680 4799 vinea
2710 4742 3000 4798 fructifera.
3036 4742 3094 4798 Si
3144 4758 3306 4813 quam
3333 4743 3477 4799 enim
3503 4739 3700 4810 spinam
3725 4728 3794 4787 of-

2226 4834 2461 4900 fendam,
2505 4835 2559 4891 in
2587 4835 2782 4890 olivam
2815 4843 3089 4891 commuto
3117 4851 3130 4888 :
3160 4849 3268 4890 non
3291 4835 3432 4891 enim
3463 4832 3550 4887 hic
3570 4827 3704 4884 valet
3726 4824 3791 4877 in-

2224 4926 2346 4996 apia
2367 4935 2590 4993 naturas,
2612 4926 2707 4982 sed
2737 4926 2956 4982 libertas
2984 4926 3193 4982 arbitrii
3214 4926 3526 4982 honoratur.
3547 4921 3602 4977 Si
3627 4919 3788 4986 lupum

2223 5015 2501 5083 invenero,
2529 5032 2683 5073 ovem
2704 5017 2862 5087 facio,
2890 5033 2998 5073 non
3027 5026 3273 5074 naturam
3298 5026 3530 5082 mutans,
3559 5009 3650 5069 sed
3679 5019 3784 5077 Ρτο·

2220 5111 2457 5180 positum
2500 5109 2847 5166 transferens.

2298 5201 2523 5258 Ecclesia
2549 5218 2685 5256 arcte
2723 5201 2840 5257 Noe
2879 5211 3204 5272 comparatur
3229 5201 3328 5272 (α).
3355 5229 3429 5242 --
3453 5187 3787 5266 Quamobrem

2220 5309 2328 5358 non
2356 5295 2622 5356 erraverit
2640 5295 2902 5364 quispiam
2931 5295 2976 5349 si
3002 5293 3200 5349 dixerit
3224 5291 3510 5348 Ecclesiam
3536 5297 3648 5340 esse
3673 5288 3783 5331 arca

2219 5389 2668 5460 praestantiorem.
2711 5388 2920 5444 Etenim
2959 5403 3082 5442 arca
3132 5386 3380 5442 animalia
3427 5375 3787 5466 excipiamt

2220 5480 2469 5538 animalia
2495 5480 2872 5547 conservabat,
2904 5479 3141 5534 Ecclesia
3169 5493 3296 5534 vero
3332 5472 3571 5532 animalia
3597 5461 3774 5565 exili?“

2219 5584 2274 5630 et
2303 5575 2566 5630 immutat.
2596 5574 2839 5644 Exempli
2866 5587 3047 5639 causa,
3076 5572 3199 5628 illuc
3234 5572 3502 5642 ingressus
3525 5559 3771 5644 accipiter.

2217 5667 2475 5737 accipiter
2497 5668 2644 5734 exit;
2678 5642 2950 5739 ingressus
2996 5667 3170 5734 lupus,
3205 5665 3337 5720 exiit
3380 5663 3525 5728 lupus
3554 5669 3568 5706 :
3599 5653 3655 5739 at
3681 5642 3774 5697 huc

2222 5757 2495 5830 ingressus
2522 5737 2797 5830 accipiter,
2830 5758 2940 5814 exit
2967 5757 3254 5821 columba;
3281 5754 3548 5825 ingressus
3597 5737 3772 5805 1ιιΡ¹¹³ν

2267 5871 2343 5936 (a)
2373 5871 2490 5924 vide
2514 5870 2682 5923 Homil.
2717 5873 2931 5924 interra:
2950 5875 3135 5921 motum
3308 5865 3356 5916 1.
