4100 6428
379 423 489 485 555

382 531 536 614 φησὶ.
569 541 668 596 καί
693 541 1019 597 ἑνεδύσιιτέ
1044 551 1141 612 με.
1185 533 1548 614 Ἕνεδύσαμεν
1577 544 1670 597 τὸν
1696 544 1950 602 ἐνδύοντα
1978 548 2070 602 τὸν

380 629 611 702 οὐρανὸν
637 631 696 682 ἐν
725 629 995 699 νεφέλαις,
1031 629 1122 682 τὸν
1155 629 1408 684 ἐνδύοντα
1432 630 1531 701 τὴν
1567 631 1892 704 Ἐκκλησίαν
1924 635 2068 690 ἀπα-

383 729 505 781 σαν,
525 719 620 773 καὶ
647 719 747 790 τὴν
773 718 1118 790 οἰκουμένην.
1153 718 1328 772 ’Ὅσοι
1353 719 1464 790 γὰρ
1508 720 1596 786 είς
1642 721 1903 788 Χριστὸν
1927 723 2067 778 ἐϐα-

383 808 696 874 πτίσθητε,
710 807 970 876 Χριστὸν
988 807 1383 863 ἐνεδύσασθε.
1419 809 1516 862 Ἐν
1534 810 1782 880 φυλακῇ
1796 811 1960 882 ἥμην
1977 830 1992 843 ·
2010 815 2068 868 ἐν

384 895 596 967 φυλακῇ
631 896 694 949 σὺ
722 897 750 949 6
768 895 977 964 ἐξάγων
995 895 1144 967 [559]
1175 897 1614 968 πεπεδημένους;
1648 895 2014 970 Ἐρμήνευσον
2034 901 2071 957 ἀ

381 978 581 1042 λαλεῖς·
607 981 641 1049 ή
664 977 774 1051 γάρ
801 979 927 1045 ἀξία
949 981 1194 1051 ἀρνεῖται
1218 979 1286 1033 τὰ
1301 980 1586 1051 λεγόμενα.
1615 981 1754 1036 Πότε
1773 1001 1834 1036 σε
1856 985 2070 1055 είδομεν

381 1065 440 1120 ἐν
457 1066 634 1137 ἐνδείᾳ
655 1065 920 1139 τοσαύτῃς
951 1067 1081 1120 πότε
1103 1067 1276 1120 ταῦτα
1297 1068 1705 1140 πεποιήκαμεν;
1741 1069 1860 1140 Ἐφ’
1896 1072 2041 1126 ὅσον
2055 1117 2066 1136 ,

382 1150 568 1218 φησὶν,
601 1149 692 1202 ἐνὶ
727 1151 957 1203 τούτων
985 1149 1104 1203 τῶν
1146 1150 1490 1218 ἐλαχίστων
1519 1153 1906 1220 πεποιήκατε,
1937 1155 2069 1225 ἐμοὶ

380 1234 726 1303 ἐποιήσατε.
753 1236 845 1308 Μὴ
859 1237 960 1291 οὐκ
977 1237 1182 1310 ἀληθὴς
1200 1239 1229 1290 6
1249 1238 1427 1307 λόγος,
1441 1240 1522 1294 ὅτι
1557 1241 1611 1294 Ὁ
1623 1241 1814 1296 ἐλεῶν
1827 1245 2070 1313 πτωχὸν

382 1324 635 1386 δανείζει
680 1325 844 1392 Θεῷ;
889 1326 1000 1380 Καὶ
1033 1328 1135 1399 ὅρα
1179 1326 1241 1380 τὸ
1287 1326 1631 1400 θαυμαστόν·
1672 1331 1826 1385 οὐδὲν
1881 1333 2069 1404 ἕτερον

382 1413 699 1486 ὑπέμνησεν
731 1413 893 1487 ἔργον
932 1415 1135 1486 ἀρετῆς
1171 1415 1204 1487 ἢ
1244 1414 1406 1470 τοῦτο
1429 1433 1443 1448 ·
1493 1417 1672 1472 καίτοι
1723 1419 1946 1474 ἐδύνατο
1987 1423 2067 1475 εί-

381 1505 505 1556 πεῖν
523 1518 539 1536 ·
563 1502 727 1557 Δεῦτε
751 1505 800 1557 οἱ
829 1503 1207 1574 εὐλογημένοι,
1237 1505 1317 1558 ὅτι
1335 1505 1773 1578 ἐσωφρονήσατε,
1802 1507 2070 1581 ὃτιέπαρ-

381 1585 696 1651 θενεύσατε,
745 1587 828 1640 ὅτι
882 1588 1181 1662 ἀγγελικὴν
1235 1587 1515 1641 πολιτείαν
1560 1589 1884 1644 ἀνελάϐετε·
1933 1589 2070 1644 ἀλλά

383 1676 564 1747 σιωπᾷ
592 1675 788 1738 ταῦτα,
818 1675 916 1746 οὐχ
946 1676 1026 1729 ὅτι
1054 1674 1248 1742 ἀνάξια
1285 1676 1530 1748 μνήμης,
1566 1676 1681 1730 ἀλλ’
1727 1677 1804 1742 ὠς
1839 1677 2068 1751 δεύτερα

382 1761 814 1834 φιλανθρωπίας.
863 1762 1002 1815 Ἀλλ’
1034 1760 1224 1834 ῶσπερ
1252 1761 1466 1826 τούτοις
1494 1766 1608 1828 τοῖς
1633 1765 1699 1818 ἐκ
1745 1765 1937 1832 δεξιῶν
1975 1767 2065 1821 διά

379 1850 482 1922 τὴν
512 1848 924 1922 φιλανθρωπίαν
969 1849 1135 1914 ἔδειξε
1164 1849 1552 1920 δεδωρημένην
1588 1850 1686 1923 τὴν
1739 1852 2021 1922 βασιλείαν
2049 1869 2064 1885 ·

380 1938 526 1991 οῦτω
552 1939 647 1992 καὶ
675 1939 787 2001 τοῖς
815 1938 874 2004 ἐξ
902 1937 1204 2010 ἀριστερῶν
1237 1937 1324 1990 δια
1362 1938 1460 2008 τὴν
1486 1939 1768 2010 ἀκαρπίαν
1798 1941 2067 2013 ἠπείλησε

379 2026 481 2096 τὴν
512 2026 799 2098 τιμωρίαν.
830 2027 1165 2096 Πορεύεσθε
1199 2029 1254 2080 οἰ
1279 2027 1678 2096 κατηραμένοι
1711 2031 1798 2094 εἰς
1824 2028 1890 2082 τὸ
1921 2031 2068 2084 σκό-

380 2132 486 2181 τος
512 2115 580 2170 τὸ
607 2113 931 2183 ἐξώτερον,
968 2114 1036 2169 τὸ
1063 2113 1514 2184 ἡτοιμασμένον
1541 2114 1623 2181 τῷ
1663 2115 1920 2182 διαϐόλῳ
1966 2119 2066 2172 καί

379 2202 506 2269 τοῖς
548 2202 829 2274 ἀγγέλοις
862 2201 1070 2257 αὑτοῦ.
1101 2203 1202 2256 Διά
1227 2202 1308 2269 τί;
1341 2202 1484 2274 ὑπὲρ
1515 2204 1698 2269 τίνος;
1743 2204 1875 2258 Ὀτι
1907 2205 2068 2259 ἐπεί-

380 2308 526 2352 νων.
575 2290 678 2344 καί
710 2292 824 2345 οὐκ
854 2289 1117 2344 ἐδώκατέ
1151 2307 1254 2360 μοι
1292 2290 1529 2361 φαγεῖν.
1566 2292 1682 2345 Οὐκ
1731 2288 1885 2346 εἶπεν
1942 2294 2067 2346 Ὀτι

382 2378 770 2451 ἐπορνεύσατε,
802 2380 884 2434 ὅτι
918 2378 1298 2450 ἐμοιχεύσατε,
1347 2381 1430 2433 ὅτι
1461 2380 1752 2450 ἐκλέψατε,
1797 2382 1880 2434 ὅτι
1905 2381 2067 2452 ἐψευ-

381 2465 865 2538 δομαρτυρησατε,
889 2467 970 2520 ὅτι
998 2468 1385 2538 ἐπιωρκήσατε
1408 2483 1420 2496 ·
1455 2467 1604 2521 κακά
1641 2469 1739 2537 μὲν
1773 2469 2068 2539 ὁμολογου-

384 2553 564 2624 μένως
583 2551 896 2616 καὶταῦτα,
922 2553 1060 2608 ἀλλά
1091 2554 1192 2624 τῆς
1220 2554 1623 2626 ἀπανθρωπίας
1653 2555 1940 2628 κατώτερα
1973 2558 2068 2612 καὶ

377 2641 479 2712 τῆς
504 2641 962 2714 ἀνελεημοσύνης.
997 2643 1096 2697 Διά
1123 2642 1176 2695 τί
1203 2642 1280 2708 δέ,
1315 2636 1362 2696 ὧ
1385 2643 1582 2716 Κύριε,
1609 2645 1710 2698 οὐκ
1739 2645 1913 2698 ἀλλων
1931 2645 2066 2698 ὁδῶν

380 2729 569 2801 φέρεις
606 2731 865 2802 μνήμην;
901 2731 975 2783 Οὐ
1019 2730 1212 2801 κρίνω,
1261 2733 1416 2801 φησὶ,
1464 2732 1564 2804 τὴν
1600 2733 1894 2804 ἁμαρτίαν,
1930 2734 2068 2787 ἀλλά

378 2816 479 2888 τὴν
519 2815 953 2888 ἀπανθρωπίαν·
979 2817 1039 2870 οὐ
1075 2817 1247 2890 κρίνω
1280 2819 1408 2882 τοὺς
1435 2820 1887 2892 ἁμαρτήσαντας,
1929 2819 2067 2874 ἀλλά

379 2903 509 2968 τοὺς
550 2903 625 2976 μὴ
658 2903 1104 2976 μετανοήσαντας
1125 2920 1140 2934 ·
1171 2904 1312 2976 ὑπὲρ
1347 2905 1750 2976 ἀπανθρωπίας
1783 2907 1930 2976 ὑμᾶς
1960 2921 2065 2959 κα-

378 2990 677 3057 ταδικάζω,
698 2993 779 3046 ὅτι
796 2991 1014 3063 ἔχοντες
1033 2992 1288 3046 τοσοῦτον
1318 2995 1411 3046 καὶ
1431 2991 1749 3062 τηλικοῦτον
1773 2993 2066 3064 φάρμακον

379 3081 675 3154 σωτηρίας,
709 3081 809 3152 τὴν
840 3080 1231 3152 ἐλεημοσύνην,
1285 3081 1342 3134 ἐν
1441 3079 1756 3153 ἐξηλείφετο
1787 3081 1964 3134 πάντα
1993 3081 2064 3134 τά

376 3170 775 3241 ἁμαρτήματα,
805 3169 1095 3241 παρήκατε
1120 3169 1390 3239 τοσαύτην
1417 3167 1756 3241 εὐεργεσίαν.
1790 3166 2063 3232 Ὀνειδίζω

376 3258 558 3312 τοίνυν
603 3257 710 3328 τὴν
759 3255 1157 3327 ἀπανθρωπίαν
1194 3255 1270 3320 ὡς
1313 3255 1469 3326 ῥίζαν
1511 3255 1711 3318 κακίας
1744 3255 1838 3308 καὶ
1881 3253 2064 3326 πάσης

376 3345 638 3408 ἀσεϐείας
657 3359 672 3375 ·
703 3343 913 3398 ἐπαινῶ
945 3343 1045 3416 τὴν
1073 3343 1488 3416 φιλανθρωπίαν
1532 3342 1608 3406 ὡς
1643 3341 1800 3413 ῥίζαν
1845 3342 2064 3395 πάντων

375 3433 488 3488 τῶν
518 3431 762 3502 ἀγαθῶν,
792 3432 886 3485 καὶ
935 3431 1144 3485 ἀπειλῶ
1173 3433 1286 3495 τοῖς
1319 3431 1417 3501 μὲν
1457 3428 1568 3501 πῦρ
1597 3429 1836 3494 αἰώνιον,
1867 3432 1980 3492 τοῖς
2007 3428 2066 3482 δέ

377 3521 657 3592 βασιλείαν
679 3520 925 3593 οὐρανῶν
942 3519 1368 3590 ἐπαγγέλλομαι.
1389 3517 1567 3573 Καλαί
1590 3535 1705 3584 σου,
1726 3512 1772 3571 ὧ
1794 3517 2062 3584 Δέσποτα,

376 3608 475 3666 καὶ
515 3611 572 3664 αί
601 3608 925 3678 ἐπαγγελίαι
945 3623 961 3639 ⁸
999 3607 1140 3679 καλή
1175 3625 1269 3661 σου
1301 3608 1396 3661 καὶ
1427 3609 1460 3678 ἡ
1507 3605 1937 3678 προσδοκωμένη
1967 3603 2065 3674 βα-

378 3697 574 3764 σιλεία,
602 3699 697 3753 καὶ
723 3700 758 3770 η
786 3695 979 3768 γέεννα
1005 3695 1168 3750 πάλιν
1193 3695 1566 3766 ἀπειλουμένη
1587 3709 1603 3724 ⁸
1630 3695 1665 3763 η
1699 3693 1800 3764 μὲν
1832 3709 2064 3764 προτρε-

444 3881 470 3910 ⁸
493 3880 629 3940 Haec,
653 3883 684 3938 ἡ
709 3879 761 3928 δὲ
783 3873 1073 3941 ἐκφοϐοῦσα,
1097 3889 1195 3926 non
1219 3875 1469 3926 habentur
1488 3874 1538 3922 in
1559 3873 1678 3941 Mor.
1698 3876 1751 3921 et
1777 3872 1953 3941 quil.,
1977 3872 2065 3941 sed

383 3940 576 4004 inBeg.
607 3935 757 4004 supra
785 3935 1067 3992 mémorato'
1102 3942 1356 4002 leguntur,
1393 3943 1446 3986 et
1489 3939 1678 3999 optime
1713 3935 1960 3996 quadram
2005 3938 2064 3982 ad

378 4018 598 4056 sensum.

1482 427 1569 484 DE
1608 427 2087 490 PCENITENTIA.
2128 432 2366 492 "OMIL.
2408 427 2541 492 VIIII.

3745 457 3847 510 356

2173 550 2408 623 πομένη,
2446 554 2480 623 ἡ
2531 552 2587 606 δὲ
2625 553 3008 624 ἐκφοϐοῦσαι·
3043 555 3414 626 προτρέπεται
3448 556 3556 629 γάρ
3593 560 3772 627 καλῶς
3801 567 3838 638 η

2173 639 2418 709 βασιλεία
2444 682 2460 706 ,
2500 641 2657 710 φοϐεῖ
2679 642 2736 694 δὲ
2780 643 3067 715 χρησίμως
3101 645 3134 714 ἠ
3174 645 3389 714 γέεννα.
3455 648 3694 703 ’Λπειλεῖ
3741 653 3851 722 γὰρ

2172 727 2396 794 γέενναν
2433 729 2460 780 6
2499 727 2652 793 Θεὸς,
2695 729 2792 800 οὐχ
2829 730 2915 784 ἴνα
2947 733 3026 794 εἰς
3069 731 3292 800 γέενναν
3332 735 3576 807 ἐμϐάλῃ,
3619 733 3844 791 ἀλλ’ἵνα

2170 813 2397 884 γεέννης
2440 815 2745 890 ἀπαλλάξῃ.
2795 818 2860 870 Εἰ
2909 818 3018 890 γάρ
3053 819 3305 874 ἐϐούλετο
3343 822 3594 888 κολάσαι,
3647 825 3747 880 οὐκ
3781 825 3852 880 ἀν

2172 903 2597 975 προηπείλησεν,
2620 903 2705 959 ίνα
2718 906 3160 978 ἀσφαλισάμενοι
3191 909 3454 982 φύγωμεν
3486 915 3554 967 τά
3595 913 3852 969 ἀπειλού-

2175 1007 2332 1062 μενα.
2379 991 2616 1046 Ἀπειλεῖ
2638 993 2736 1066 τὴν
2766 996 3056 1067 τιμωρίαν,
3108 998 3195 1051 ἵνα
3234 998 3494 1071 φύγωμεν
3525 1003 3626 1074 τὴν
3656 1006 3850 1076 πεῖραν

2178 1079 2269 1150 τῆς
2302 1079 2574 1150 τιμωρίας
2595 1097 2610 1112 ·
2645 1082 2800 1151 φοϐεῖ
2823 1083 2899 1153 τῷ
2930 1083 3092 1156 λόγῳ,
3123 1085 3209 1138 ἵνα
3240 1089 3313 1158 μὴ
3349 1087 3554 1162 κολάσῃ
3582 1090 3656 1160 τῷ
3681 1090 3847 1164 ἔργῳ.

2171 1167 2520 1239 Δανείσωμεν
2564 1170 2744 1223 τοίνυν
2791 1171 2869 1242 τῷ
2902 1171 3020 1243 Θεῷ
3067 1173 3166 1244 τὴν
3198 1174 3641 1247 φιλανθρωπίαν,
3676 1179 3852 1233 δανείη

2173 1271 2375 1324 σωμεν,
2409 1255 2495 1308 ῖνα
2525 1256 2777 1328 εὕρωμεν
2823 1259 2986 1312 αὑτὸν
3017 1259 3318 1332 χρεώστην,
3349 1263 3424 1327 ὡς
3458 1263 3628 1334 ἔφθην
3657 1265 3850 1333 εἰπὼν,

2170 1343 2267 1394 καὶ
2301 1342 2376 1415 μὴ
2400 1344 2660 1416 δικαστήν
2683 1361 2696 1374 ·
2727 1345 2957 1400 αἰδεῖται
2997 1349 3105 1419 γὰρ
3143 1351 3170 1402 6
3215 1348 3497 1422 χρεώστης
3544 1352 3635 1406 τὸν
3672 1353 3852 1409 δανεί-

2173 1446 2364 1495 σαντα,
2412 1433 2645 1488 αἰδεῖται
2709 1435 2874 1488 αύτὸν
2916 1437 3012 1490 καὶ
3070 1437 3417 1492 δυσωπεῖται.
3471 1438 3598 1492 Ἐὰν
3643 1440 3851 1512 ἀπέλθῃ

2168 1517 2450 1592 δανειστὴς
2479 1523 2559 1586 είς
2589 1521 2758 1593 θύραν
2788 1521 3086 1593 χρεώστου,
3123 1525 3217 1578 ἐὰν
3268 1525 3365 1595 μὲν
3457 1525 3680 1597 ἄπορος,
3720 1529 3853 1596 φεύ-

2170 1624 2257 1673 γει
2281 1625 2295 1636 ·
2332 1608 2427 1662 ἐὰν
2473 1609 2528 1661 δὲ
2565 1609 2816 1680 εὔπορος,
2877 1611 3016 1680 μετά
3057 1613 3372 1683 παρρησίας
3410 1613 3624 1683 δέχεται
3667 1616 3850 1668 αὐτόν.

2171 1693 2316 1766 Ὅρα
2365 1697 2424 1750 δέ
2473 1715 2564 1768 μοι
2600 1699 2695 1750 καὶ
2725 1698 2914 1770 ἕτερον
2964 1699 3151 1770 θαῦμα
3185 1699 3280 1752 τοῦ
3312 1701 3521 1754 δικαίου
3568 1702 3756 1772 κριτοῦ
3791 1706 3854 1756 ἐκ

2169 1784 2277 1838 τῶν
2303 1783 2658 1854 ἀνθρωπίνων
2683 1786 3118 1857 παρατιθέμενον
3139 1801 3153 1816 ·
3179 1788 3274 1840 ἐάν
3312 1806 3417 1840 τινι
3447 1791 3503 1840 ἐν
3531 1789 3691 1861 πενίᾳ
3725 1790 3856 1844 καθ-

2170 1872 2365 1926 εστῶτι
2402 1873 2672 1945 δανείσῃς,
2716 1873 2955 1947 προέλθῃ
2991 1873 3046 1928 δὲ
3083 1876 3162 1939 εἰς
3196 1875 3451 1946 εὐθηνίαν
3474 1878 3503 1929 6
3541 1877 3857 1948 δανεισάμεο

2168 1977 2278 2024 νος,
2309 1963 2404 2014 καὶ
2433 1961 2655 2032 δύνηταί
2693 1979 2774 2015 σοι
2805 1963 2991 2015 λοιπὸν
3018 1962 3310 2015 ἀποδοῦναι
3337 1963 3397 2015 τὸ
3432 1964 3615 2034 χρέος,
3654 1964 3854 2018 λανθά-

2169 2066 2247 2101 νει
2288 2049 2414 2113 τοὺς
2457 2049 2705 2112 πολλοῦς,
2752 2049 2849 2102 καὶ
2897 2049 3257 2113 ἀποδίδωσιν,
3292 2050 3378 2102 ἵνα
3413 2052 3487 2122 μὴ
3529 2051 3853 2122 αἰσχύνηται

2168 2137 2261 2189 ἐπὶ
2295 2141 2361 2209 τῇ
2393 2138 2636 2210 προτέρᾳ
2659 2139 3024 2192 καταστάσει·
3059 2140 3153 2191 καὶ
3185 2139 3414 2211 χάριτας
3452 2139 3550 2210 μὲν
3579 2140 3850 2210 ὁμολογεῖ.

2168 2223 2400 2297 κρύπτει
2425 2226 2482 2279 δέ
2504 2226 2601 2297 τὴν
2628 2226 2972 2297 εὐεργεσίαν,
3001 2225 3099 2297 τὴν
3132 2226 3404 2297 προτέραν
3429 2225 3636 2280 ἔνδειαν
3658 2229 3854 2298 αἰσχυ-

2167 2314 2410 2385 νόμενος.
2429 2315 2486 2367 '0
2510 2315 2567 2367 δὲ
2595 2316 2727 2378 Θεὸς
2743 2315 2840 2385 οὐχ
2868 2315 3011 2369 οὕτω
3033 2318 3196 2380 ποιεῖ,
3223 2315 3374 2388 [540]
3392 2316 3506 2368 ἀλλ’
3534 2318 3593 2371 ἐν
3622 2317 3852 2389 κρυπτῷ

2165 2400 2574 2473 δανειζόμενος,
2609 2391 2892 2474 παρρησίᾳ
2923 2403 2982 2456 τὸ
3019 2404 3178 2474 χρέος
3209 2403 3556 2457 ἀποδίδωσιν.
3591 2404 3721 2458 Ὅτε
3751 2406 3852 2476 μὲν

2167 2487 2278 2558 γάρ
2311 2488 2598 2559 λαμϐάνει,
2643 2489 2733 2542 διά
2777 2487 3151 2559 λανθανούσης
3202 2487 3575 2560 ἐλεημοσύνης
3604 2506 3619 2520 ·
3665 2491 3754 2543 ὅτε
3795 2491 3853 2543 δὲ

2167 2575 2512 2637 ἀποδίδωσιν,
2557 2577 2643 2630 ἐπ’
2674 2575 2831 2646 ὄψεσι
2868 2575 3047 2645 πάσης
3069 2577 3169 2647 τῆς
3195 2575 3554 2648 δημιουργίας
3588 2577 3852 2631 ἀποδίδως

2171 2680 2276 2718 σιν.
2319 2665 2458 2717 Ἀλλ’
2491 2667 2608 2738 ἐρεῖ
2637 2682 2722 2729 τις
2751 2665 2880 2729 ίσως
2903 2680 2916 2694 ·
2947 2664 3046 2718 Διὰ
3077 2664 3129 2717 τί
3156 2663 3212 2717 δέ
3242 2664 3379 2728 ὅλως
3407 2665 3594 2737 ῶσπερ
3627 2666 3749 2736 ἐμοὶ
3778 2667 3854 2736 τῷ

2168 2754 2409 2826 πλουσίῳ
2439 2755 2692 2816 δέδωκεν,
2721 2754 2842 2824 οὐχι
2871 2753 2965 2806 καὶ
2991 2751 3067 2822 τῷ
3096 2751 3291 2822 πένητι
3327 2752 3729 2824 παραπλησίως
3763 2752 3850 2805 δέ-

2167 2839 2375 2906 δωκεν;
2430 2840 2684 2895 Ἐδύνατο
2719 2843 2817 2910 μὲν
2850 2840 2942 2894 καὶ¹
2988 2839 3071 2893 σοὶ¹
3119 2838 3305 2893 δοῦναι
3353 2841 3590 2911 ὁμοίως,
3645 2840 3740 2893 καὶ
3776 2839 3855 2910 τῷ

2168 2931 2385 3000 πένητι,
2417 2928 2534 2981 ἀλλ’
2563 2929 2663 2980 οὐκ
2704 2927 2973 2998 ὴθέλησεν
3019 2926 3144 2980 οὔτε
3187 2926 3281 2979 σοῦ
3315 2928 3562 3002 ἄκαρπον
3592 2925 3730 2982 εἶναι
3764 2928 3856 2981 τὸν

2169 3015 2420 3077 πλοῦτον,
2448 3015 2572 3068 οῦτε
2595 3015 2802 3069 ἐκείνου
2832 3013 3063 3086 ἄμισθον
3084 3017 3183 3086 τὴν
3215 3015 3430 3071 πενίαν.
3464 3003 3555 3068 έοὶ
3587 3016 3666 3086 τῷ
3687 3016 3853 3068 πλου-

2165 3103 2348 3158 τοῦντι
2375 3103 2575 3156 δέδωκε
2613 3102 2865 3156 πλουτεῖν
2905 3101 3277 3174 ἐλεημοσύνη,
3311 3103 3406 3154 καὶ
3440 3102 3760 3172 σκορπίζειν
3795 3105 3853 3155 ἐν

2165 3190 2509 3260 δικαιοσύνῃ·
2549 3190 2910 3258 Ἐσκόρπισε
2942 3188 3051 3259 γάρ
3071 3205 3084 3218 ’
3115 3187 3301 3242 ἔδωκε
3329 3187 3455 3253 τοῖς
3481 3187 3744 3255 πένησιν
3767 3207 3780 3220 ·
3812 3191 3854 3258 ἡ

2166 3279 2523 3347 δικαιοσύνη
2560 3278 2746 3331 αὑτοῦ
2778 3277 2948 3346 μένει
2981 3279 3070 3341 εἰς
3099 3276 3207 3329 τὸν
3246 3275 3452 3328 αἰῶνα.
3497 3277 3680 3346 Ὁρᾷς.
3715 3276 3796 3328 ὅτι
3825 3278 3855 3329 6

2171 3369 2425 3431 πλούσιος
2462 3370 2526 3421 ἐκ
2573 3367 2672 3437 τῆς
2719 3367 3091 3438 ἐλεημοσύνης
3123 3365 3444 3436 θησαυρίζει
3493 3364 3849 3436 δικαιοσύνην

2175 3455 2394 3511 αἰώνιον
2421 3473 2435 3522 ;
2466 3456 2570 3526 ὅρα
2616 3455 2778 3510 πάλιν
2829 3454 2924 3508 καὶ
2954 3454 3046 3508 τὸν
3094 3453 3300 3524 πένητα
3319 3469 3332 3482 ·
3383 3452 3570 3523 ἐπειδὴ
3599 3453 3700 3505 οὐκ
3733 3451 3848 3522 ἔχει

2177 3543 2428 3607 πλοῦτον,
2457 3536 2502 3612 ᾧ
2534 3543 2851 3614 ἐργάσηται
2901 3540 3271 3612 δικαιοσύνην,
3303 3539 3414 3610 ἔχει
3452 3539 3662 3604 πενίαν,
3690 3539 3748 3604 ἐξ
3784 3534 3853 3612 ἦς

2176 3633 2482 3705 καρποῦται
2517 3630 2794 3703 ὑπομονὴν
2839 3629 3095 3684 αἰώνιον·
3135 3629 3205 3684 Ἦ
3251 3628 3362 3699 γὰρ
3408 3626 3683 3695 ὑπομονὴ
3732 3626 3855 3680 τῶν

2172 3720 2450 3789 πενήτων
2486 3722 2598 3774 οὐκ
2641 3719 2953 3773 ἀπολεῖται
3002 3720 3090 3785 εἰς
3131 3717 3237 3771 τὸν
3285 3715 3501 3770 αἰῶνα·
3537 3716 3594 3767 ἐν
3631 3714 3854 3786 Χριστῷ

2165 3811 2244 3880 τῷ
2294 3809 2485 3881 Κυρίῳ
2517 3806 2696 3878 ἡμῶν,
2825 3807 2858 3877 ἡ
2891 3805 3017 3870 δόξα
3050 3807 3129 3868 είς
3172 3805 3298 3868 τοὺς
3345 3802 3549 3865 αἰῶνας
3577 3801 3688 3854 τῶν
3718 3801 3852 3856 αἰῶ-

2168 3915 2294 3950 νων.
2343 3897 2531 3967 Ἀμήν.

1531 4121 3838 4150 ww

1820 4237 1980 4290 ΠΕΡΙ
2013 4233 2436 4289 ΜΕΤΑΝΟῘΑΣ.

1066 4477 1302 4548 Ὀμιλία
1331 4481 1407 4544 η’.

451 4576 521 4627 α’.
544 4571 610 4626 Εἰ
638 4567 733 4624 καὶ
757 4568 884 4641 χθὲς
911 4567 1066 4640 ὑμῶν
1095 4565 1453 4637 ἀπελείφθην,
1489 4562 1604 4617 ἀλλ’
1630 4563 1729 4633 οὐχ
1759 4562 1920 4626 ἑκὼν,
1948 4548 2062 4612 ἀλλ’

378 4660 780 4731 ἀναγκασθείς·
817 4658 1156 4728 ἀπελείφθην
1201 4657 1259 4710 δὲ
1294 4653 1510 4726 σώματι
1534 4694 1549 4720 ,
1591 4652 1653 4706 οὐ
1691 4649 1921 4722 γνώμῃ·
1961 4650 2067 4704 ἀπ-

377 4749 639 4821 ελείφθην
666 4748 906 4820 ἀπουσίᾳ
927 4745 1151 4818 σαρκὸς.
1179 4743 1242 4798 οὐ
1261 4743 1502 4798 διαθέσει
1530 4739 1792 4803 διανοίας.
1821 4736 1934 4793 Καὶ
1957 4735 2067 4808 γάρ

377 4837 846 4909 περιεπλεκόμην,
896 4834 1033 4906 πρὸς
1079 4833 1108 4886 6
1139 4831 1434 4902 ἐδυνάμην,
1477 4828 1726 4891 ἅπαντας
1761 4825 1930 4896 ὑμᾶς,
1972 4825 2068 4879 καὶ¹

378 4927 477 4980 ιτα
497 4927 596 4997 τῆς
623 4923 866 4988 διανοίας
880 4921 1092 4994 ἔφερον.
1119 4919 1311 4983 Πάλιν,
1339 4915 1582 4986 ἀδελφοὶ,
1602 4913 1702 4985 τὴν
1733 4911 2066 4997 πρόσκαιρον

376 4991 586 5082 ταύτην
612 5009 768 5064 νόσον
795 4991 1090 5078 παρέντες,
1125 5000 1534 5074 περισσοτέρως
1563 4995 1984 5064 ἐσπουδάσαμεν
2006 4991 2068 5046 τὸ

378 5098 674 5171 πρόσωπον
697 5108 723 5138 ι
755 5095 911 5167 ὑμῶν
941 5093 1101 5147 ἰδεῖν·
1128 5091 1207 5144 ἔτι
1247 5089 1358 5161 γάρ
1387 5088 1458 5142 τά
1499 5085 1730 5157 λείψανα
1757 5083 1858 5151 τῆς

381 5169 537 5253 στίας
564 5185 702 5256 ἔχων
738 5183 973 5255 ἔδραμον
1000 5179 1135 5251 πρὸς
1167 5177 1269 5250 τὴν
1302 5175 1577 5248 ὑμετέραν
1600 5173 1842 5242 ἀγάπην.
1873 5169 1937 5224 Οί
1969 5170 2053 5240 μὲν

380 5275 492 5347 γὰρ
521 5271 933 5346 ἀρρωστοῦντες
961 5268 1162 5340 λουτρά
1196 5267 1292 5320 καὶ
1331 5264 1586 5336 βαλανεῖα
1617 5258 1919 5347 [μετάῄτην
1951 5259 2070 5347 ἀρ-

381 5343 661 5434 ρωστίαν]
698 5357 950 5431 ζητοῦσιν
974 5374 987 5387 ·
1019 5355 1130 5425 ἐγὼ
1160 5355 1215 5408 δὲ
1241 5354 1310 5408 τὰ
1341 5349 1652 5420 ποθούμενα
1703 5343 1858 5434 ὑμῶν
1898 5345 2068 5434 πρόσ-

380 5431 507 5502 ωπα
542 5447 690 5512 ἀξιον
713 5446 1007 5516 ἡγησάμην
1037 5445 1067 5483 ιι
1099 5440 1418 5504 θεάσασθαι,
1452 5438 1546 5492 καὶ
1574 5435 1673 5508 τὴν
1702 5431 2067 5504 ὀφειλομένην
2115 5497 2122 5504 ι

383 5536 682 5607 ἐπιθυμίαν
725 5535 826 5605 τῆς
873 5534 1190 5605 ἀκροάσεως
1233 5526 1662 5600 ἀποπληρῶσαι,
1712 5523 1775 5578 τὸ
1826 5521 2068 5590 πέλαγος

377 5625 543 5680 τοῦτο
571 5625 631 5678 τὸ
668 5624 829 5694 μέγα,
867 5623 960 5677 καὶ
994 5622 1172 5693 ἀλμην
1200 5621 1300 5674 οὐκ
1333 5618 1477 5690 ἕχον,
1502 5616 1604 5687 τὴν
1631 5613 1905 5666 θάλατταν
1935 5609 2068 5663 ταύ-

376 5733 478 5787 την
523 5713 622 5784 τὴν
673 5714 931 5781 κυμάτων
987 5707 1439 5782 ἀπηλλαγμένην.
1490 5700 1696 5757 Ἶιλθον
1752 5699 1908 5772 ὑμῶν
1967 5698 2066 5770 τὴν

379 5807 621 5878 ἄρουραν
663 5801 762 5872 τὴν
796 5798 1218 5870 κεκαθαρμένην
1250 5797 1396 5849 ἰδεῖν.
1429 5794 1530 5856 Τίς
1567 5790 1679 5862 γάρ
1710 5788 1958 5851 τοιοῦτος
1987 5787 2068 5841 λι·-

446 5896 472 5923 “
491 5890 645 5940 Savil.
667 5890 727 5936 τὰ
746 5887 997 5940 πρόσωπα.

444 5957 473 5997 b
496 5938 578 6000 Sic
605 5949 753 5999 Sav‘il.
786 5938 958 5998 Morel.
1000 5959 1119 5996 vero
1161 5945 1269 6003 ἀξια
1290 5943 1567 6008 ἡγησάμην.
1608 5939 1740 5991 Infra
1781 5950 1872 6002 pro
1904 5938 2066 6003 λιμήν,

386 6017 519 6082 quod
538 6011 686 6062 habet
708 6012 850 6076 Begu
881 6011 1000 6063 edit.
1027 6009 1220 6072 λειμών.

2175 4463 2302 4536 μὴν,
2338 4455 2451 4524 οἷος
2484 4461 2518 4531 ἠ
2561 4455 2892 4527 Ἐκκλησία;
2929 4454 3014 4519 τίς
3053 4452 3292 4517 τοιοῦτος
3330 4451 3677 4524 παράδεισος,
3714 4451 3852 4523 ῶςὴ

2170 4549 2386 4613 σύνοδος
2427 4551 2460 4618 ἡ
2514 4545 2792 4618 ῦμετέρα;
2841 4545 2958 4599 Οὐκ
3002 4541 3152 4596 ἐστιν
3195 4539 3430 4594 ἐνταῦθα
3467 4540 3590 4608 ὄφις
3624 4538 3847 4593 ἐπιϐου-

2165 4638 2363 4704 λεύων,
2408 4635 2525 4691 ἀλλ’
2570 4636 2599 4688 6
2639 4632 2877 4707 Χριστὸς
2928 4629 3340 4702 μυσταγωγῶν·
3397 4629 3497 4682 οὐκ
3547 4627 3693 4681 ἐστιν
3730 4623 3844 4680 Εὗα

2167 4723 2634 4790 ὑποσκελίζουσα,
2686 4721 2802 4775 ἀλλ’
2843 4721 2877 4791 ὴ
2917 4717 3214 4788 Ἐκκλησία
3251 4713 3489 4788 ὀρθοῦσα
3516 4731 3530 4747 ο
3567 4715 3668 4766 οὐκ
3703 4711 3854 4766 ἐστιν

2166 4813 2404 4868 ἐνταῦθα
2436 4811 2612 4882 φύλλα
2643 4807 2896 4880 δένδρων,
2931 4805 3046 4859 ἀλλ’
3073 4807 3102 4858 6
3133 4803 3342 4874 καρπὸς
3371 4801 3466 4854 τοῦ
3509 4797 3851 4869 πνεύματος-ο

2166 4903 2267 4956 οὑκ
2305 4901 2454 4954 ἐστιν
2492 4896 2726 4952 ἐνταῦθα
2757 4892 3011 4965 φραγμδς
3046 4889 3317 4951 ἀκανθῶν,
3350 4887 3467 4940 ἀλλ’
3497 4885 3740 4956 ἄμπελος
3764 4885 3852 4939 εὑ-

2168 4988 2426 5061 θηνοῦσα.
2474 4986 2599 5039 Ἐἀν
2627 4983 2684 5037 δὲ
2729 4980 2970 5036 ἄκανθαν
2998 4977 3166 5050 εὕρω,
3199 4977 3278 5038 εἰς
3311 4973 3498 5061 ἐλαίαν
3528 4972 3850 5061 μεταφέρω·

2165 5059 2232 5131 οὗ
2256 5076 2366 5147 γάρ
2386 5073 2590 5146 ἀπορίᾳ
2614 5071 2832 5140 φύσεως
2852 5067 2922 5122 τά
2941 5064 3197 5129 ἐνταῦθα,
3221 5063 3335 5117 ἀλλ’
3356 5059 3640 5133 ἐλευθερίᾳ
3665 5076 3856 5132 προαι-

2169 5165 2373 5234 ρέσεως
2397 5162 2718 5232 τετίμηται·
2759 5158 2856 5211 ἐὰν
2880 5156 2938 5209 δέ
2978 5155 3143 5208 λύκον
3181 5152 3347 5225 εῦρω,
3385 5150 3657 5222 πρόϐατον
3687 5147 3851 5212 ποιῶ,

2161 5249 2359 5323 οὖτὴν
2409 5249 2572 5320 φύσιν
2605 5244 2984 5318 μεταϐάλλων,
3023 5241 3160 5296 ἀλλά
3197 5239 3295 5312 τὴν
3323 5238 3644 5311 προαίρεσιν
3681 5249 3851 5306 μετα-

2166 5342 2368 5413 φέρων.

2237 5446 2338 5500 Διά
2361 5442 2520 5498 τοῦτο
2553 5442 2654 5496 οὐκ
2683 5441 2749 5496 ἂν
2783 5440 3019 5512 ἁμάρτοι
3051 5455 3135 5501 τις
3170 5435 3271 5507 τῆς
3301 5430 3535 5486 κιϐωτοῦ
3572 5427 3668 5499 τὴν
3722 5429 3852 5483 Ἐκο

2166 5535 2396 5607 κλησίαν
2427 5532 2649 5604 μείζονα
2692 5526 3026 5602 προσειπών.
3073 5525 3138 5579 Ἡ
3165 5524 3264 5594 μὶν
3295 5521 3406 5592 γὰρ
3445 5517 3851 5607 κιϐωτὸς-παρ-

2168 5601 2439 5697 ελάμϐανε
2471 5621 2542 5675 τὰ
2576 5601 2849 5686 ζῶα,κώ⁵
2893 5615 3159 5686 ἐφύλαττε
3194 5609 3336 5676 ζῶα,
3386 5609 3419 5679 ἡ
3559 5601 3852 5671 Ἐκκλησία

2173 5689 2593 5786 παραλαμϐάνει
2631 5709 2700 5763 τά
2747 5707 2864 5774 ζῶα
2897 5705 2991 5760 καὶ
3033 5699 3382 5775 μεταϐάλλει.
3422 5689 3548 5751 Οῒόν
3581 5713 3633 5786 τι
3667 5697 3810 5786 λέγω
3834 5707 3851 5724 ⁸

2174 5783 2439 5874 magna
2473 5798 2588 5852 ἐκεῖ
2618 5796 2792 5868 ἱέραξ,
2823 5794 2918 5848 και
2943 5791 3165 5863 ἐξῆλθεν
3202 5787 3387 5859 ἱέραξ·
3428 5785 3645 5856 εἰσῆλθε
3664 5783 3853 5874 λύκος,

2174 5894 2271 5947 και
2295 5871 2485 5962 ἐξῆλθε
2514 5885 2716 5950 λύκος·
2752 5880 2968 5952 εἰσῆλθέ
3001 5896 3086 5942 τις
3119 5877 3270 5949 ἱέραξ
3302 5875 3557 5962 ἐνταῦθα,
3592 5873 3684 5925 καὶ
3710 5871 3852 5962 ἐξέρ-

2177 5997 2328 6054 χεται
2359 5958 2693 6051 περιστερά·
2736 5969 3047 6042 εἰσέρχεται
3073 5965 3268 6032 λύκος,
3301 5965 3396 6018 καὶ
3424 5961 3699 6030 ἐξέρχεται
3727 5958 3856 6025 πρό⁸
