4100 6434
351 396 458 450 557

340 506 519 567 ’σάτον
540 527 553 541 °
589 511 894 582 εἰσέρχεται
931 509 1073 577 ὄφις,
1110 508 1204 562 καὶ
1229 506 1391 579 {541]
1417 506 1704 579 ἐξέρχεται
1733 505 1942 578 ἀρνίον,
1973 505 2032 558 ού

355 599 454 670 τῆς
497 598 711 669 φύσεως
744 595 1242 669 μεταδαλλομένης,
1273 595 1410 648 ἀλλά
1450 595 1552 664 τῆς
1597 593 1793 656 κακίας
1818 593 2036 646 ἐλαυνο-

360 687 547 756 μένης.
597 685 695 738 Διὰ
736 684 895 738 τοῦτο
951 682 1189 754 συνεχῶς
1239 685 1333 736 τὸν
1389 684 1519 756 περί¹
1555 681 1851 754 ,μετανοίας
1903 679 2037 734 κινῶ

355 775 532 845 λόγον.
551 775 614 828 Ἦ
638 774 746 845 γάρ
771 773 1050 845 μετάνοια,
1079 771 1228 843 δεινὴ
1249 773 1345 826 καὶ
1367 771 1578 842 φοϐερά
1608 770 1685 842 τῷ
1705 768 2034 841 ἁμαρτωλῷ,

357 863 646 933 φάρμακον
671 860 780 914 τῶν
803 860 1314 932 πλημμελημάτων,
1341 859 1638 930 δαπάνημα
1660 858 1768 912 τῶν
1797 874 2037 930 παρανο-

357 950 518 1020 μιῶν,
542 948 802 1019 ἀνάλωμα
830 947 938 1002 τῶν
966 947 1240 1019 δακρύων,
1281 947 1563 1019 παρρησία
1598 938 1736 1017 πρὸς
1755 943 1847 998 τὸν
1876 945 2032 1008 Θεὸν,

354 1037 516 1090 ὅπλον
555 1036 696 1090 κατά
728 1036 821 1090 τοῦ
859 1035 1139 1099 διαϐόλου,
1173 1036 1420 1107 μάχαιρα
1453 1034 1837 1104 ἀποτέμνουσα
1868 1029 2033 1084 αὑτοῦ

352 1125 452 1196 τὴν
479 1124 740 1195 κεφαλὴν,
769 1123 1041 1194 σωτηρίας
1062 1123 1239 1187 ἐλπὶς,
1266 1123 1632 1191 ἀπογνώσεως
1662 1121 1943 1192 ἀναίρεσις
1972 1133 1997 1160 ι
2016 1136 2030 1150 ο

281 1205 286 1210 ”
353 1212 494 1285 αὕτη
522 1213 614 1266 τὸν
649 1212 878 1284 οὐρανὸν
906 1213 1145 1281 ἀνοίγει,
1176 1211 1314 1283 αὕτη
1351 1213 1430 1274 εἰς
1453 1211 1543 1264 τὸν
1578 1201 1904 1280 παράδεισον
1929 1201 2036 1261 εἰσ-

351 1303 499 1368 άγει,
528 1299 668 1369 αῦτη
697 1299 791 1354 τοῦ
821 1299 1067 1354 διαὸόλου
1099 1299 1443 1371 περιγίνεται
1476 1298 1598 1367 (διὰ
1634 1296 1880 1368 δήτοῦτο
1911 1313 2034 1350 συν-

355 1389 495 1458 εχῶς
517 1389 609 1442 τὸν
652 1388 782 1460 περί⁵
819 1387 1008 1442 τούτου
1043 1388 1179 1442 κινῶ
1209 1388 1428 1458 λόγον),
1467 1386 1658 1456 ῶσπερ
1695 1386 1789 1456 καὶ
1814 1384 1873 1437 τὸ
1898 1384 2034 1455 θαρ-

354 1473 470 1546 ρεῖν
496 1479 641 1529 ποιεῖ
669 1476 1144 1540 ὑποσκελίζεσθαι.
1177 1474 1526 1546 Ἀμαρτωλὸς
1551 1473 1630 1538 εἰς
1655 1473 1728 1544 μὴ
1749 1472 2001 1544 ἀπογνῷς
2017 1489 2032 1503 ο

352 1565 412 1616 ού
442 1563 688 1634 παύομαι
714 1564 954 1634 συνεχῶς
984 1565 1155 1617 ταῦτα
1188 1562 1496 1632 ὲπαλείφων
1525 1562 1594 1615 τά
1620 1563 1915 1632 φάρμακαο
1941 1561 2034 1614 καὶ

352 1651 463 1724 γὰρ
501 1649 618 1705 οἶδα
659 1651 846 1724 ἡλίκον
895 1651 1057 1706 ὅπλον
1097 1651 1214 1703 ὲστὶ
1246 1651 1388 1704 κατά
1442 1649 1537 1703 τοῦ
1575 1649 1825 1703 διαϐόλου
1864 1651 1924 1702 τὸ
1958 1651 2033 1720 μὴ

351 1727 750 1809 ἀπογινώσκειν
771 1741 935 1810 ὑμᾶς.
959 1743 1054 1793 "Av
1071 1739 1200 1811 ἔχῃς
1217 1740 1610 1810 ἁμαρτήματα,
1640 1738 1714 1811 μὴ
1744 1737 1997 1809 ἀπογνῷς
2017 1755 2030 1767 ·

353 1828 416 1881 ού
455 1827 699 1898 παύομαι
741 1827 915 1882 ταῦτα
966 1827 1206 1897 συνεχῶς
1254 1826 1427 1895 λέγων
1454 1841 1469 1856 ⁶
1507 1825 1607 1879 κᾶν
1648 1825 1771 1880 καθ’
1818 1826 2033 1898 ἡμέραν

355 1915 710 1986 ἀμαρτάνῃς,
763 1914 883 1969 καθ’
926 1913 1140 1986 ἡμέραν
1189 1914 1437 1985 μετανόει
1461 1931 1476 1947 ο
1515 1915 1610 1967 καὶ
1650 1915 1787 1984 ὅπερ
1825 1916 1882 1967 ἐν
1914 1916 2034 1977 ταῖς

352 2004 614 2067 παλαιαῖς
668 2003 926 2074 ποιοῦμεν
963 2001 1182 2067 οἰκίαις,
1218 2003 1347 2056 ὅταν
1383 1999 1761 2074 σαθρωθῶσιν,
1811 2000 2035 2066 ὑπεξαι-

354 2089 596 2161 ρούμεθα
632 2089 699 2142 τά
751 2089 1176 2161 σεσαθρωμένα,
1228 2090 1322 2143 καὶ
1370 2089 1534 2143 καινά
1571 2088 2031 2159 ἐπισκευάζομεν,

339 2181 448 2234 ικαὶ
483 2179 745 2232 οὐδέποτε
794 2180 1052 2250 συνεχοῦς
1116 2179 1438 2251 ἐπιμελείας
1469 2178 1941 2250 ὲπιλανθανόμεθα
1966 2179 1993 2219 δ
2017 2196 2031 2210 ·

348 2267 511 2322 τοῦτο
538 2269 634 2322 καὶ
681 2270 740 2321 ὲν
772 2270 901 2340 ἡμῖν
932 2268 1173 2340 ποιῶμεν
1209 2279 1256 2321 ο.
1292 2269 1354 2322 Εἰ
1403 2268 1747 2340 ὲπαλαιώθης
1795 2270 2035 2338 σήμερον

349 2357 462 2412 ἀπὸ
488 2358 588 2428 τῆς
624 2357 920 2428 ἁμαρτίας,
955 2356 1306 2410 ἀνακαίνισον
1343 2357 1571 2410 σεαυτὸν
1606 2356 1715 2410 ἀπὸ
1743 2356 1841 2427 τῆς
1871 2372 2034 2426 μετα-

343 2445 520 2509 «νοίας.
548 2446 658 2499 Καὶ
687 2445 787 2509 ἔνι,
820 2445 974 2515 φησὶ,
1007 2446 1419 2516 μετανοήσαντα
1451 2444 1723 2516 σωθῆναις
1755 2445 1862 2496 Καὶ
1893 2444 2034 2497 πάνυ

351 2531 452 2587 ενι.
478 2532 664 2586 Πάντα
695 2532 784 2586 τὸν
818 2533 931 2602 βίον
967 2534 1024 2585 ὲν
1055 2532 1356 2603 ἁμαρτίαις
1381 2532 1651 2602 διέτριψα,
1693 2533 1787 2584 καὶ
1817 2531 1913 2584 ὲάν
1944 2547 2040 2602 μεο

349 2621 622 2690 τανοήσω,
663 2619 942 2690 σώζομαι;
978 2619 1149 2673 Πάνυ.
1191 2618 1362 2672 Πόθεν
1401 2618 1600 2688 δῆλον;
1653 2618 1784 2670 Ἀπὸ
1816 2619 1913 2689 τῆς
1940 2617 2032 2671 τοῦ

351 2707 626 2760 Δεσπότου
667 2725 758 2761 σου
804 2705 1234 2778 φιλανθρωπίας.
1281 2705 1372 2778 Μὴ
1401 2705 1510 2777 γάρ
1543 2708 1609 2778 τῇ
1651 2706 1910 2778 μετανοίᾳ
1937 2723 2032 2760 σου

352 2793 573 2867 θαρρῶ;
617 2796 692 2866 μὴ
719 2794 827 2867 γάρ
867 2797 900 2866 ἡ
951 2794 1214 2866 μετάνοιά
1253 2813 1346 2848 σου
1397 2795 1572 2866 ἰσχύει
1617 2795 1854 2848 τοσαῦτα
1885 2794 2034 2848 κακά

353 2883 776 2955 ἀποσμήξασθαι
797 2901 812 2949 ;
837 2885 900 2938 Εἰ
926 2885 958 2954 ἡ
988 2882 1246 2954 μετάνοια
1277 2883 1410 2954 μόνη
1435 2879 1522 2953 ἦν,
1547 2883 1771 2946 εἰκότως
1797 2884 1995 2952 ἐφοὸοῦ
2021 2905 2035 2920 ·

333 2969 544 3042 ἐπειδὴ
574 2971 632 3024 δὲ
663 2973 729 3042 τῇ
773 2971 1036 3042 μετανοίᾳ
1065 2971 1395 3042 κεράννυται
1437 2971 1572 3023 Θεοῦ
1607 2971 1989 3042 φιλανθρωπία
2013 3009 2029 3033 ,

353 3057 548 3130 θάρρει
571 3075 583 3090 ο
613 3059 747 3112 Θεοῦ
777 3058 887 3130 γὰρ
910 3057 1322 3130 φιλανθρωπίας
1359 3057 1558 3130 μέτρον
1585 3059 1684 3111 οὐκ
1708 3059 1876 3122 ἔστιν,
1914 3057 2035 3112 οὐδὲ

341 3145 497 3217 λόγῳ
526 3148 926 3218 ἐρμηνευθῆναι
952 3147 1176 3201 δύναται
1207 3145 1374 3202 αὑτοῦ
1411 3147 1445 3217 ἡ
1486 3146 1777 3218 ἀγαθότης.
1825 3147 1888 3199 Ἢ
1935 3147 2033 3216 μὲν

333 3234 462 3306 -.γάρ
490 3234 556 3306 σὴ
590 3235 760 3288 κακία
797 3235 992 3306 μέτρον
1018 3235 1154 3306 ἕχει,
1183 3235 1244 3288 τὸ
1283 3235 1340 3288 δὲ
1372 3235 1664 3307 φάρμακον
1701 3235 1901 3305 μέτρον
1935 3234 2034 3286 οὐκ

352 3321 466 3392 ἔχει
490 3339 504 3352 ο
532 3325 566 3392 ἡ
604 3325 672 3394 σὴ
700 3323 867 3376 κακία
895 3324 982 3376 οἵα
1003 3324 1098 3376 ὲάν
1130 3319 1186 3396 ᾖ,
1220 3323 1535 3395 ἀνθρωπίνη
1568 3323 1686 3376 έστί
1707 3322 1892 3386 κακία,
1918 3323 1950 3392 ἡ
1976 3321 2033 3374 δὲ

351 3410 447 3464 τοῦ
477 3409 612 3463 Θεοῦ
651 3409 1033 3481 φιλανθρωπία
1071 3410 1277 3479 άφατος
1305 3409 1331 3449 τι
1355 3427 1368 3440 °
1405 3412 1500 3463 καὶ
1531 3410 1743 3481 θάρρει,
1773 3411 1853 3462 ὅτι
1882 3426 2036 3480 περι-

351 3497 562 3566 γίνεταί
596 3514 689 3550 σου
716 3497 814 3568 τῆς
843 3496 1061 3560 κακίας.
1094 3496 1377 3567 Ἐννόησον
1400 3497 1670 3567 σπινθῆρα
1694 3497 1772 3559 εἰς
1799 3495 2035 3564 πέλαγος

349 3584 664 3656 ἐμπεσόντα
687 3601 701 3616 ο
738 3583 813 3655 μὴ
837 3583 1060 3638 δύναται
1092 3584 1285 3654 στῆναι
1312 3584 1344 3655 ἥ
1369 3585 1602 3655 φανῆναι
1633 3601 1648 3648 ;
1689 3585 1851 3636 Ὅσον
1880 3601 2033 3636 σπιν-

358 3671 460 3742 θὴρ
490 3670 628 3741 πρὸς
657 3670 916 3740 πέλαγος,
948 3670 1203 3723 τοσοῦτον
1254 3671 1423 3724 κακία
1471 3669 1604 3740 πρὸς
1635 3670 1734 3740 τὴν
1763 3669 1858 3722 τοῦ
1898 3669 2034 3722 Θεοῦ

340 3758 796 3832 ,φιλανθρωπίανο
855 3759 1055 3830 μᾶλλον
1089 3758 1146 3811 δὲ
1190 3758 1310 3812 οὐδὲ
1359 3758 1632 3820 τοσοῦτον,
1680 3756 1817 3810 ἀλλά
1855 3757 2034 3827 πολλῷ

355 3847 539 3902 πλέον.
575 3846 648 3899 Τὸ
679 3847 777 3918 μὲν
819 3847 928 3919 γὰρ
974 3847 1231 3916 πέλαγος,
1271 3845 1373 3900 κᾶν
1410 3845 1550 3917 μέγα
1570 3840 1626 3919 ᾗ,
1657 3845 1854 3918 μέτρον
1881 3846 2029 3916 έχειο

353 3938 394 4008 ἡ
418 3936 475 3990 δὲ
501 3935 592 3990 τοῦ
627 3936 762 3990 Θεοῦ
791 3935 1169 4008 φιλανθρωπία
1197 3937 1602 4008 ἀπεριόριστος.
1957 3991 1960 3993 .

425 4024 612 4078 Ταῦτα
630 4023 792 4094 λέγω,
827 4025 926 4094 οὐχ
952 4025 1039 4078 ἴνα
1069 4024 1214 4095 ὑμᾶς
1247 4023 1653 4096 ῥᾳθυμοτέρους
1686 4022 2029 4094 ὲργάσωμαι,

348 4104 468 4168 ἀλλ’
489 4113 574 4166 ἵνα
606 4113 1056 4184 σπουδαιοτέρους
1078 4114 1432 4183 καταστήσω.
1462 4112 1754 4184 Παρῄνεσα
1771 4111 2033 4176 πολλάκις

338 4202 436 4265 »εἰς
473 4201 700 4273 θέατρον
745 4201 820 4273 μὴ
858 4202 1200 4256 ἀναϐαίνεινο
1254 4202 1515 4272 ἡκούσας,
1567 4201 1670 4254 οὐκ
1731 4199 2027 4272 ἐπείσθης·

351 4288 555 4360 ἁνέϐης
577 4291 657 4353 εἰς
684 4289 746 4342 τὸ
774 4289 1022 4359 θέατρον,
1065 4289 1418 4360 παρήκουσάς
1449 4305 1550 4359 μου
1583 4286 1676 4341 τοῦ
1727 4286 1886 4358 λόγου
1905 4305 1919 4319 ·
1951 4288 2028 4360 μὴ

353 4378 648 4449 αἰσχυνθῇς
673 4377 834 4432 πάλιν
860 4377 1141 4441 εἰσελθεῖν,
1183 4379 1274 4430 καὶ
1321 4377 1573 4430 ἀκοῦσαι.
1620 4377 1899 4438 Ἤκουσα,
1935 4378 2029 4429 καὶ

325 4467 453 4521 ὀὐκ
478 4469 740 4538 ἐτήρησα,
773 4466 890 4530 πῶς
913 4467 1149 4538 δύναμαι
1182 4462 1346 4520 πάλιν
1371 4465 1669 4530 εἰσελθεῖν;
1716 4465 1867 4528 Τέως
1899 4465 2030 4519 αὐτὸ

349 4543 510 4610 τοῦτο
536 4553 702 4620 οἶδας,
731 4557 811 4610 ὅτι
835 4556 936 4610 ούκ
964 4557 1268 4627 ὲτήρησας’
1295 4557 1432 4620 τέως
1455 4555 1708 4628 αἰσχύνῃ,
1731 4555 1870 4618 τέως
1899 4555 2030 4626 ὲρυ-

355 4647 532 4718 θριᾷς,
559 4647 696 4710 τέως
727 4646 952 4717 μηδενός
976 4663 1035 4700 σε
1083 4647 1394 4718 ἐλέγχοντος
1427 4647 1517 4700 τὸν
1549 4646 1767 4717 χαλινὸν
1800 4645 2029 4716 περιφέ-

353 4750 491 4805 ρεις,
526 4735 661 4800 τέως
694 4735 784 4788 τὸν
831 4735 988 4804 λόγον
1023 4753 1123 4806 μου
1160 4734 1303 4805 έχεις
1344 4734 1732 4808 ἐρριζωμένον,
1767 4733 1906 4797 τέως
1952 4735 2028 4804 μὴ

352 4821 680 4891 φαινομένου
703 4825 736 4894 ἡ
761 4824 1079 4878 διδασκαλία
1117 4841 1216 4895 μου
1255 4823 1504 4894 καθαίρει
1547 4840 1627 4876 σε.
1671 4823 1786 4876 Οὐκ
1829 4824 2030 4894 ἐτήρηο

355 4925 475 4974 σας,
509 4911 787 4978 κατέγνως
816 4911 1080 4978 σεαυτοῦ;
1111 4914 1190 4975 εἰς
1211 4910 1272 4964 τὸ
1302 4912 1472 4981 ἥμισυ
1505 4911 1796 4982 ἐτήρησας,
1816 4909 1928 4964 κᾶν
1945 4910 2028 4981 μὴ

351 4998 808 5070 τηρήσῃς,ἐῖπῃς
831 4998 906 5063 δὲ,
937 4998 1053 5054 Ούκ
1074 5000 1167 5069 ὲτή
1179 5016 1320 5070 ρησα
1339 5015 1352 5029 ⁵
1381 5000 1409 5051 δ
1436 4999 1545 5069 γάρ
1574 4997 1876 5066 καταγνοὺς
1904 5000 2032 5050 ἑαυ-

351 5084 448 5138 τοῦ
473 5087 566 5140 ἐπὶ
596 5086 674 5157 τῷ
715 5087 788 5158 μὴ
817 5087 1074 5159 τηρῆσαι,
1107 5089 1200 5141 ἐπὶ
1229 5089 1290 5142 τὸ
1320 5086 1472 5159 [542]
1503 5086 1742 5158 τηρῆσαι
1793 5087 2028 5141 σπουδά-⁸

354 5173 459 5236 ζει.
517 5173 894 5246 Ἐθεώρησας;
949 5175 1192 5245 εἰργάσω
1243 5175 1622 5248 παρανομίαν;
1681 5174 2029 5246 αἰχμάλωτος

353 5261 541 5331 ἐγένου
594 5263 694 5332 τῆς
736 5263 976 5334 πόρνης’;
1006 5261 1244 5334 κατέϐης
1270 5263 1376 5317 ἀπὸ
1417 5263 1510 5316 τοῦ
1539 5263 1810 5334 θεάτρου;
1865 5263 2028 5318 πάλιν

414 5474 442 5538 ξ
468 5473 551 5538 §ic
571 5473 724 5538 Savil.
759 5475 942 5538 melius
966 5489 1111 5538 quam
1143 5473 1318 5538 Morel.
1348 5473 1588 5538 ἀγνωσίας
1612 5474 1867 5537 ἀναίρεσις.

411 5528 442 5600 1)
467 5534 550 5600 _S_ic
580 5537 731 5600 Savjl.
761 5531 936 5587 Morel.
958 5528 1077 5600 νει-ο
1095 5537 1360 5600 ἐπιμελείας
1382 5528 1669 5600 ἀπολύομεν,
1685 5528 1847 5585 ιη’ίηιιέ
1865 5541 2023 5587 recte.

415 5597 438 5626 ε
466 5596 597 5662 Hac,
616 5597 758 5662 τοῦτο
779 5600 860 5647 καὶ
889 5601 935 5647 έν
967 5599 1080 5662 ἡμῖν
1107 5596 1554 5662 ποιῶμεν,-ιιυὶἰ)υε
1573 5596 1839 5648 εοιιιρηιίε
1877 5602 2028 5660 perli-

352 5653 498 5722 οἱὶμι)
520 5635 661 5722 nobis
685 5635 1295 5722 suppeditavi‘rSaviliu:
1299 5635 1432 5722 15,01}.

416 5716 442 5754 ἀ
468 5717 613 5786 Savil.
640 5716 959 5786 φιλανθρωπία
982 5723 1335 5786 ἀπεριόριστος.
1362 5721 1533 5786 Morel.
1562 5733 1679 5786 [ego
1705 5721 2026 5786 φιλανθρωπία

344 5776 560 5850 ’ᾇφριτοςιν
577 5776 704 5850 lie'g;
723 5776 835 5850 pogs't
855 5776 1174 5850 φιλανθρώπίά
1220 5776 1339 5850 nihil
1373 5782 1543 5850 habet.
1567 5776 1848 5835 Infra'vero
1872 5776 2021 5834 'Savil.

348 5846 384 5898 ἡ
407 5841 458 5888 δὲ
479 5841 565 5888 τοῦ
586 5841 710 5889 Θεοῦ
733 5841 1054 5903 φιλανθρωπία
1075 5846 1244 5913 μέτρον
1265 5845 1356 5897 οὐκ
1376 5845 1492 5907 ἔχει.

1139 391 1197 447 S.
1237 388 1524 446 JOANNIS
1563 385 2069 444 CIIRYSOSTOMI
2103 386 2422 444 ARCHIEP.
2460 388 3007 447 CONSTANTINOP.
3690 395 3782 456 333

2141 505 2444 577 έμνὴσθης;
2479 505 2792 577 ἡσχύνθηςς
2839 505 3126 578 πρόσελθε.
3175 495 3508 580 Ἐλυπήθηςς
3553 513 3782 581 παρακά-

2139 592 2292 646 λεσον
2325 594 2415 646 τὸν
2445 593 2577 648 Θεόν
2596 611 2613 626 ⁸
2638 593 2871 664 ἀνέστης
2897 594 3061 665 μέχρι
3085 606 3108 633 θ
3130 594 3340 652 τούτου.
3360 597 3493 650 Ούαί
3513 615 3616 668 μοι,
3633 599 3783 671 ἡκου-

2139 698 2226 746 σα,
2261 683 2355 736 καὶ
2381 683 2480 736 ούκ
2501 684 2772 755 ἐτήρησα·
2810 683 2929 748 πῶς
2972 683 3200 738 εἰσέλθω
3231 686 3312 748 εἰς
3347 683 3444 756 τὴν
3469 685 3781 758 ὲκκλησίανς

2137 773 2255 837 πῶς
2290 773 2450 826 πάλιν
2474 772 2723 838 ἀκούσω;
2757 773 2974 826 Μᾶλλον
3007 772 3235 836 εἴσελθε,
3273 773 3459 846 ἐπειδὴ
3489 776 3585 828 οὐκ
3609 776 3784 849 ἐτήρη-

2123 877 2257 925 .σας,
2285 861 2372 914 ἵνα
2400 860 2557 915 πάλιν
2585 860 2824 924 ἀκούσας
2852 862 3122 933 τηρήσῃς.
3176 861 3470 934 Φάρμακον
3509 862 3603 916 ὲάν
3638 864 3782 936 ἐπιθῇ

2138 966 2220 1002 σοι
2251 950 2278 1002 6
2311 949 2516 1019 ἰατρὸς,
2545 951 2646 1003 καὶ
2692 950 2766 1020 μὴ
2821 949 3093 1021 καθαρίσῃ
3147 966 3226 1015 σε,
3281 950 3444 1022 ἄλλην
3469 950 3674 1024 ἡμέραν
3693 953 3784 1007 οὐκ

2137 1037 2446 1108 ἐπιτίθησιν
2473 1036 2604 1090 αὐτὸ
2658 1036 2851 1102 πάλιν;
2896 1037 3052 1090 Ἔστι
3103 1053 3188 1100 τις
3237 1037 3524 1109 δρυοτόμος
3550 1057 3564 1070 ·
3607 1040 3787 1094 θελέτω

2133 1123 2353 1194 τέμνειν
2387 1122 2536 1192 δρῦν,
2566 1122 2831 1194 λαμϐάνει
2851 1120 3040 1192 ἀξίνην
3068 1162 3082 1187 ,
3112 1123 3307 1176 -κόπτει
3339 1125 3438 1195 τὴν
3485 1123 3658 1195 ρίζαν·
3702 1127 3786 1182 ὲάν

2131 1211 2210 1284 δῷ
2245 1211 2374 1283 μίαν
2408 1211 2644 1284 πληγὴν,
2677 1211 2774 1265 καὶ⁸
2824 1211 2901 1282 μὴ
2933 1212 3073 1285 πέσῃ
3113 1211 3175 1264 τὸ
3207 1213 3453 1282 ἄκαρπον
3481 1212 3704 1284 δένδρον,
3729 1216 3784 1269 οὗ

2134 1300 2350 1354 δίδωσιν
2376 1300 2472 1354 άλλ
2483 1318 2541 1371 ην
2570 1299 2783 1370 πληγὴν
2807 1340 2822 1362 .
2863 1301 2922 1352 οὐ
2967 1301 3067 1371 τὴν
3095 1300 3364 1372 τετάρτην
3382 1340 3397 1365 ,
3430 1301 3490 1354 οὑ
3538 1303 3631 1374 τὴν
3659 1303 3786 1374 πέμ-

2137 1405 2300 1460 πτην,
2332 1388 2392 1442 ού
2421 1388 2519 1456 τὴν
2547 1388 2809 1459 δεκάτην;
2848 1387 3005 1442 Ούτω
3033 1389 3128 1442 καλ⁸
3158 1389 3222 1441 σὺ
3280 1389 3454 1443 ποίει·
3487 1389 3612 1458 δρῦς
3655 1391 3786 1443 ἐστιν

2136 1477 2170 1547 ἡ
2197 1475 2370 1546 πόρνη
2410 1475 2456 1542 ί,
2493 1476 2739 1548 ἄκαρπον
2765 1474 3010 1547 δένδρον,
3035 1475 3305 1545 βαλάνους
3351 1477 3648 1549 ἐκφέρουσα
3687 1478 3787 1549 χοί-

2140 1581 2247 1636 ρων
2294 1563 2505 1632 ἀλόγων
2559 1569 2796 1636 τροφήν·
2831 1566 2888 1616 ὲν
2921 1563 3099 1635 πολλῷ
3128 1564 3306 1636 χρόνῳ
3355 1565 3617 1637 ἐρριζώθη
3647 1567 3700 1618 ὲν
3727 1569 3784 1638 τῇ

2134 1652 2343 1723 διανοίᾳ
2373 1669 2487 1719 σου,
2519 1653 2578 1704 έν
2610 1655 2676 1723 τῇ
2709 1652 2968 1724 περιϐολῇ
2994 1652 3102 1706 τῶν
3134 1653 3369 1724 δένδρων
3417 1653 3670 1707 κατέϐαλέ
3702 1670 3784 1708 σου

2135 1739 2196 1792 τὸ
2243 1741 2510 1802 συνειδός’
2542 1741 2571 1791 ὁ
2605 1737 2761 1806 λόγος
2795 1757 2895 1809 μου
2937 1739 3094 1810 ἀξίνη
3129 1739 3297 1795 ἐστίν,
3350 1741 3621 1802 Ἤκουσας
3676 1741 3786 1808 μίαν

2133 1825 2346 1898 ἡμέραν
2364 1843 2378 1857 ο
2399 1826 2516 1889 πῶς
2541 1827 2621 1888 εἰς
2654 1825 2784 1896 μίαν
2811 1824 3023 1896 ἡμέραν
3049 1827 3074 1866 κ
3099 1826 3289 1879 πίπτει
3314 1828 3348 1897 ἡ
3379 1826 3613 1896 τοσούτῳ
3631 1827 3789 1896 χρόνῳ

2133 1912 2510 1986 ἐρριζωμένη;
2561 1913 2686 1967 Ἐἀν
2711 1914 2820 1984 γὰρ
2847 1914 2951 1976 δὶς,
2983 1913 3077 1967 έάν
3103 1913 3212 1985 γάρ
3244 1914 3388 1985 τρὶς,
3431 1914 3522 1967 ὲάν
3551 1913 3652 1985 γάρ
3673 1916 3789 1967 ἑκα-

2135 2002 2406 2065 τοντάκις,
2447 2002 2541 2056 ὲάν
2571 2001 2679 2072 γάρ
2717 2001 2999 2072 μυριάκις,
3034 2003 3135 2054 οὐκ
3169 2002 3287 2054 ἐστι
3330 2001 3638 2073 θαυμαστόν
3659 2019 3672 2033 ·
3706 2003 3787 2072 μό-

2133 2106 2223 2143 νον
2263 2089 2490 2159 έκκοιίιον
2536 2092 2770 2161 πρᾶγμα
2815 2090 3051 2161 πονηρὸν
3107 2090 3197 2144 καὶ
3247 2091 3490 2162 ἰσχυρὸν,
3522 2090 3788 2160 συνήθειαν

2134 2178 2397 2250 πονηράν.
2426 2180 2616 2234 Μάννα
2650 2179 2837 2250 ἤσθιον
2869 2182 2918 2233 οἰ
2966 2180 3230 2242 Ἰουδαῖοι,
3262 2179 3360 2232 καὶ
3385 2179 3639 2251 κρόμμυα
3669 2177 3786 2248 ἐξή-

2132 2283 2260 2320 τουν
2293 2267 2361 2321 τά
2391 2268 2448 2320 ὲν
2495 2267 2758 2338 Αἰγύπτῳ
2784 2283 2796 2300 ο
2837 2266 3048 2333 Καλῶς
3099 2263 3179 2337 ἦν
3209 2267 3356 2336 ἡμῖν
3397 2268 3466 2321 ὲν
3499 2267 3786 2336 Αἰγύπτῳ·

2133 2354 2307 2419 οὕτως
2340 2356 2566 2428 αἰσχρὸν
2591 2357 2823 2427 πρᾶγμα
2847 2356 3106 2426 συνήθεια
3127 2357 3221 2409 καὶ
3250 2355 3538 2410 κάκιστον.
3568 2353 3676 2408 Κᾶν
3691 2353 3788 2424 γὰρ

2134 2445 2214 2508 εἰς
2239 2445 2372 2498 δέκα
2395 2445 2607 2515 ἡμέρας
2645 2444 3019 2518 κατορθώσῃς,
3055 2445 3150 2498 ἐὰν
3179 2442 3287 2514 γὰρ
3345 2446 3426 2508 εἰς
3461 2443 3673 2507 εἴκοσιν,
3706 2443 3788 2494 ἐὰν

2133 2530 2243 2600 γάρ
2268 2534 2347 2596 εἰς
2381 2533 2693 2603 τριάκοντα,
2740 2532 2840 2586 οὐκ
2887 2532 3106 2600 ἀγαπῶ,
3139 2533 3200 2586 ού
3223 2531 3385 2603 χάριν
3411 2531 3538 2602 έχω,
3563 2532 3622 2584 ού
3648 2547 3786 2600 περι-

2135 2621 2444 2692 πτύσσομαί
2476 2637 2534 2674 σε
2554 2637 2567 2650 ·
2599 2621 2759 2691 μόνον
2791 2621 2869 2693 μὴ
2899 2622 3216 2693 ἀποκάμῃς,
3251 2621 3392 2676 ἀλλά
3433 2619 3680 2691 αἱσχύνου
3707 2617 3789 2670 καὶ

2135 2709 2532 2778 καταγίνωσκε.

2208 2796 2251 2867 β’
2267 2837 2280 2851 .
2301 2798 2471 2853 Πάλιν
2488 2798 2767 2869 διελέχθην
2785 2816 2851 2852 πε
2859 2798 2912 2870 ρ).
2932 2797 3173 2870 ἀγάπης·
3194 2799 3456 2869 ἡκούσας,
3471 2794 3697 2866 ἀπῆλθες
3710 2792 3790 2847 καὶ

2133 2887 2429 2958 ἡρπασας;
2465 2886 2565 2938 οὐκ
2601 2886 2862 2952 ἐπεδείξω
2889 2885 2978 2938 διά
3014 2885 3122 2940 τῶν
3157 2885 3334 2956 ἔργων
3362 2885 3453 2939 τὸν
3491 2884 3676 2952 λόγον;
3707 2882 3789 2950 Μὴ

2134 2973 2429 3044 αἰσχυνθῇς
2458 2973 2620 3027 πάλιν
2649 2973 2909 3026 εἰσελθεῖν
2942 2973 3023 3036 εἰς
3051 2972 3151 3042 τὴν
3191 2971 3489 3043 ἐκκλησίαν
3507 2989 3520 3002 °
3555 2969 3788 3039 αἰσχύνου

2135 3060 2486 3132 ἁμαρτάνων,
2518 3061 2591 3132 μὴ
2616 3059 2872 3130 αἰσχύνου
2904 3059 3201 3130 μετανοῶν.
3233 3059 3480 3130 Πρόσεχε
3509 3058 3560 3111 τί
3589 3055 3788 3127 ἐποίησέ

2139 3164 2220 3202 σοι
2249 3151 2277 3202 ὁ
2307 3148 2571 3212 διάϐολος.
2601 3147 2704 3202 Δύο
2725 3148 2896 3203 ταῦτά
2919 3150 3084 3210 ἐστιν,
3123 3148 3371 3219 ἁμαρτία
3409 3147 3501 3200 καὶ
3535 3145 3786 3216 μετάνοια·

2135 3237 2380 3310 ἁμαρτία
2422 3236 2642 3308 τραῦμα
2665 3276 2679 3300 ,
2719 3237 2976 3307 μετάνοια
3023 3235 3336 3306 φάρμακον.
3374 3235 3582 3306 Ὠσπερ
3613 3232 3712 3304 γὰρ
3740 3233 3791 3282 ὲν

2134 3323 2214 3395 τῷ
2249 3323 2464 3394 σώματι
2500 3323 2791 3394 τραύματα
2843 3323 2936 3375 καὶ
2976 3322 3277 3393 φάρμακα·
3331 3321 3476 3375 οὓτω
3531 3319 3622 3373 καὶ
3645 3321 3696 3370 ὲν
3732 3318 3787 3384 τῇ

2134 3409 2278 3480 ψυχῇ
2321 3410 2696 3480 ἁμαρτήματα
2727 3410 2820 3462 καί⁵
2854 3409 3144 3479 μετάνοια·
3196 3409 3310 3461 ἀλλ’
3362 3411 3396 3480 ἡ
3427 3407 3660 3478 ἁμαρτία
3704 3402 3791 3474 τήν

2135 3497 2397 3568 αἰσχύνην
2436 3497 2570 3567 ἕχει,
2604 3499 2637 3568 ἡ
2673 3497 2729 3550 δὲ
2752 3499 3010 3568 μετάνοια
3040 3497 3137 3552 τὴν
3175 3498 3490 3569 παρρησίαν
3528 3496 3788 3562 κέκτηται.

2130 3585 2378 3657 Πρόσεχέ
2411 3603 2499 3656 μοι
2537 3585 2672 3654 μετά
2693 3585 3000 3657 άκριὸεἰας,
3031 3583 3358 3656 παρακαλῶ,
3385 3585 3470 3638 ἵνα
3496 3583 3567 3653 μὴ
3592 3581 3683 3652 τὴν
3709 3577 3792 3631 τάε

2135 3669 2218 3738 ξιν
2253 3671 2498 3741 συγχέων
2524 3671 2797 3744 ἀπολέσῃς
2832 3670 2929 3742 τὴν
2963 3670 3231 3739 ὠφέλειαν
3286 3671 3444 3723 Ἔστι
3474 3665 3685 3740 τραῦμα
3709 3659 3791 3716 καὶ

2136 3761 2444 3830 φάρμακον,
2464 3760 2709 3830 ἁμαρτία
2738 3760 2830 3812 καὶ
2849 3759 3106 3829 μετάνοια
3126 3774 3139 3788 ⁸
3163 3759 3223 3810 τὸ
3243 3757 3469 3829 τραῦμα
3491 3759 3523 3827 ἡ
3546 3751 3789 3823 ἁμαρτίαν

2133 3848 2194 3900 τὸ
2220 3847 2508 3918 φάρμακον
2536 3848 2568 3917 ἡ
2599 3847 2884 3917 μετάνοια·
2921 3847 2978 3899 ὲν
3014 3844 3091 3913 τῷ
3121 3845 3398 3915 τραύματι
3428 3840 3665 3914 σηπεδὼν
3685 3877 3699 3901 ,
3741 3836 3791 3887 ὲν

2131 3933 2210 4005 τῷ
2241 3936 2520 4006 φαρμάκῳ
2551 3934 2893 4005 καθαρισμδς
2921 3932 3212 4003 σηπεδόνος
3229 3949 3242 3962 ο
3266 3934 3323 3984 ὲν
3348 3935 3416 4002 τῇ
3446 3927 3682 4000 ἁμαρτίᾳ
3703 3938 3792 3992 ση·

2133 4021 2334 4086 πεδὼν,
2367 4024 2424 4075 ὲν
2465 4025 2531 4093 τῇ
2558 4021 2805 4092 ἁμαρτίᾳ
2831 4020 3054 4084 ὄνειδος,
3076 4021 3134 4072 ὲν
3155 4023 3222 4090 τῇ
3247 4019 3493 4090 ἁμαρτίᾳ
3515 4016 3707 4085 γέλως’
3739 4012 3790 4062 ὲν

2131 4113 2198 4183 τῇ
2231 4110 2490 4180 μετανοίᾳ
2521 4110 2827 4182 παρρησία,
2860 4110 2918 4162 ὲν
2950 4111 3016 4179 τῇ
3043 4108 3302 4179 μετανοίᾳ
3322 4105 3622 4176 ἐλευθερία,
3655 4097 3786 4166 ἐντῇ

2136 4199 2394 4270 μετανοίᾳ
2418 4197 2759 4270 καθαρισμὸς
2785 4197 3197 4267 ἁμαρτήματος.
3218 4195 3462 4266 Πρόσεχε
3490 4191 3623 4264 μετά
3644 4190 3789 4256 ἀκρι-

2133 4285 2306 4351 ϐείας.
2337 4287 2416 4358 Τῇ
2451 4285 2695 4357 ἁμαρτίᾳ
2713 4284 2942 4355 αἰσχύνη
2975 4285 3187 4346 ἕπεται,
3220 4285 3284 4354 τῇ
3317 4280 3573 4352 μετανοίᾳ
3594 4275 3790 4348 παρῤη-

2135 4373 2225 4428 σία
2255 4374 2556 4429 ἀκολουθεῖ.
2581 4373 2889 4444 Προσέσχες
2917 4365 2962 4440 ᾧ
2995 4372 3172 4441 λέγω;
3201 4372 3311 4444 Τὴν
3337 4370 3492 4434 τάξιν
3515 4371 3544 4421 ό
3564 4361 3789 4423 Σατανᾶς

2130 4462 2483 4533 ἀντέστρεφε,
2509 4461 2601 4514 καὶ
2630 4461 2795 4514 ἔδωκε
2824 4461 2922 4532 τὴν
2953 4459 3264 4532 παρρησίαν
3303 4462 3371 4529 τῇ
3402 4453 3660 4528 ἁμαρτίᾳ,
3707 4446 3790 4502 καὶ

2129 4551 2228 4621 τὴν
2262 4549 2520 4618 αἰσχύνην
2543 4551 2608 4619 τῇ
2635 4547 2911 4619 μετανοίᾳ.
2937 4547 3052 4600 Ούκ
3077 4547 3386 4615 ἀφίσταμαι
3413 4544 3517 4606 ἓως
3546 4538 3785 4607 ἑσπέρας,

2130 4638 2236 4700 ἓως
2263 4630 2324 4689 οῦ
2356 4636 2487 4690 αὐτὸ
2535 4635 2712 4689 λύσω·
2750 4636 2830 4689 δεῖ
2861 4653 2930 4705 με
2977 4634 3074 4706 τὴν
3129 4634 3424 4705 ὑπόσχεσιν
3484 4627 3782 4700 πληρώσαι⁸

2131 4725 2414 4795 ἀμήχανόν
2445 4741 2516 4795 με
2542 4722 2864 4793 ἀποστῆναι.
2911 4723 3067 4775 Ἔστι
3098 4720 3320 4793 τραῦμα
3361 4719 3455 4773 καὶ
3482 4717 3785 4795 φάρμακον⁸

2127 4787 2193 4864 τδ
2237 4787 2464 4882 τραῦμά
2539 4809 2638 4880 τὴν
2695 4787 2968 4879 σηπεδόνα
3026 4787 3172 4880 ἔχει’,
3246 4787 3304 4860 τὸ
3373 4787 3657 4877 φαρμάκον
3702 4787 3783 4882 τδξ

2129 4881 2471 4970 καθαρισμὸν
2526 4897 2626 4968 τῆς
2682 4897 2976 4968 σηπεδόνος
3021 4899 3302 4966 κέκτηται.
3356 4895 3449 4964 Μή
3478 4890 3629 4960 ἐντῷ
3650 4881 3782 4959 [545]

2131 4986 2410 5057 φαρμάκῳ
2442 4984 2724 5055 σηπεδών;
2757 4985 2832 5056 μὴ
2857 4985 2914 5037 ὲν
2948 4983 3028 5054 τῷ
3055 4983 3328 5054 τραύματι
3369 4984 3510 5043 ἴασις
3532 4998 3546 5045 ;
3569 4977 3663 5030 ούκ
3686 4974 3786 5043 ἔχει

2129 5071 2301 5126 ταῦτα
2327 5075 2427 5144 τὴν
2447 5073 2648 5126 οἰκείαν
2685 5072 2858 5138 τάξιν,
2893 5071 3120 5124 κάκεῖνα
3142 5071 3238 5140 τὴν
3271 5069 3504 5134 οἰκείαν;
3543 5065 3615 5137 μή
3639 5061 3782 5115 δύνα-

2128 5179 2220 5215 ται
2251 5161 2547 5233 μεταϐῆναι
2577 5160 2736 5213 τοῦτο
2772 5159 2908 5232 πρὸς
2941 5160 3138 5224 έκεῖνο,
3167 5159 3198 5228 ἢ
3239 5160 3412 5211 έκεῖνο
3442 5155 3574 5226 πρὸς
3609 5148 3780 5210 τοῖιτοῖ

2131 5250 2416 5323 Οὐδαμῶς.
2457 5250 2739 5320 Ἐλθωμεν
2769 5249 2956 5303 λοιπὸν
2977 5249 3071 5303 ἐπὶ
3096 5246 3123 5285 ¹ι
3148 5249 3245 5320 τῆς
3276 5247 3452 5317 ψυχῆς
3489 5243 3593 5296 τῶν
3619 5242 3782 5310 ἀμαρ-

2128 5339 2410 5410 τημάτων.
2449 5338 2514 5392 Ἦ
2539 5339 2784 5409 ἁμαρτία
2811 5339 2906 5409 τὴν
2933 5337 3195 5408 αἰσχύνην
3220 5337 3334 5407 ἔχει
3356 5375 3372 5400 ,
3401 5337 3434 5405 ἡ
3470 5329 3702 5403 ἁμαρτία
3729 5324 3782 5378 τὸ

2128 5425 2330 5488 ὄνειδος
2351 5426 2494 5494 ἔχει,
2531 5426 2624 5478 καὶ
2653 5425 2751 5496 τὴν
2783 5425 3007 5495 ἀτιμίαν
3043 5421 3607 5494 συγκεκληρωμένην·
3640 5417 3780 5485 ἡμεο

2127 5513 2319 5567 τάνοια
2371 5513 2468 5582 τὴν
2504 5497 2815 5585 παρρησίαν
2843 5513 3044 5583 ἐχει,ἡ
3094 5513 3349 5582 μετάνοια
3400 5510 3498 5582 τὴν
3544 5501 3780 5577 νηστείαν

2196 5673 2218 5726 9
2244 5661 2396 5726 Savj].
2439 5668 2493 5711 et
2514 5663 2637 5725 Reg.
2661 5664 2764 5711 ἀλλ’
2788 5663 2927 5720 ἔστης
2962 5662 3116 5726 μέχρι.

2195 5723 2214 5762 ί
2243 5719 2392 5788 Ξεινίί.
2414 5727 2444 5782 ἡ
2465 5719 2674 5788 πορνᾶἰα.

2193 5788 2218 5855 _5
2239 5788 2322 5855 _Sic
2348 5776 2457 5834 Sav'.
2479 5776 2655 5855 ῃὸτρι.
2679 5787 2860 5855 ἕλκουσι
2885 5785 2995 5848 μίαν
3005 5786 3216 5855 ἡμέραν,
3235 5784 3351 5855 πρὸς
3371 5779 3486 5855 μίαχ

2181 5846 2220 5897 “1.1
2244 5848 2425 5899 Locum
2447 5846 2670 5898 vitiatum
2693 5846 3191 5914 Boisius'conjecmra
3214 5846 3395 5897 sarcire
3421 5846 3604 5891 nititur.
