4100 6434
496 343 598 402 337

498 462 608 516 exit
636 458 790 526 ovis;
832 459 1116 532 ingressus
1137 475 1362 532 serpens
1387 502 1403 529 ,
1431 460 1711 533 egreditur
1749 474 1954 532 agnus;
1984 473 2092 513 non

501 561 702 608 mutata
733 563 920 608 natura
950 595 966 622 ,
998 554 1094 610 sed
1120 553 1338 624 explosa
1384 553 1642 624 nequitia.
1685 551 1812 609 Ideo
1851 551 2095 622 frequen-

501 651 608 699 tem
634 644 702 698 de
731 645 1048 715 poenitentia
1079 660 1269 702 moveo
1310 660 1639 702 sermonem.
1681 645 1775 701 Est
1801 643 1944 701 enim
1988 657 2095 713 poe-

498 734 723 790 nitentia
749 777 766 803 ,
798 737 1021 791 molesta
1065 746 1119 792 et
1170 737 1524 794 formidabilis
1553 737 1819 808 peceatori
1839 778 1855 803 ,
1887 735 2094 791 medela

497 826 838 895 delictorum,
869 829 1204 897 consumptio
1234 829 1592 899 iniquitatum,
1618 826 1806 883 effusio
1831 827 2096 902 lacryma-

505 933 622 972 rum
652 959 669 986 ,
698 919 889 975 fiducia
919 921 1058 992 apud
1091 923 1275 987 Deum,
1295 929 1564 976 armatura
1591 930 1773 975 contra
1801 919 2090 986 diabolum,

498 1008 708 1080 gladius
731 1010 847 1081 ejus
868 1022 1026 1082 caput
1050 1013 1371 1068 abscindens
1400 1055 1415 1081 ,
1449 1028 1572 1083 spes
1598 1012 1820 1078 salutis,
1841 1012 2095 1083 despera-

499 1100 659 1156 tionis
684 1102 1028 1174 proﬁigatio‘.
1067 1105 1194 1159 Haec
1221 1105 1408 1159 caelum
1435 1104 1627 1175 aperit,
1651 1103 1767 1159 haec
1788 1105 1841 1158 in
1872 1103 2086 1174 paradi-

498 1205 616 1246 sum
665 1193 974 1262 introducit,
1020 1195 1136 1250 inec
1161 1196 1428 1252 diabolum
1458 1204 1675 1266 superat
1701 1194 1966 1268 (ideoque
1993 1195 2092 1250 hac

497 1286 563 1340 de
596 1300 655 1339 re
685 1284 991 1356 frequenter
1032 1302 1334 1342 sermonem
1383 1286 1614 1360 moveo)
1650 1305 1663 1341 :
1695 1303 1814 1340 nam
1843 1286 2088 1341 ﬁduciam

501 1376 699 1433 inducit
721 1378 894 1449 ipsum
927 1395 1084 1450 posse
1113 1381 1399 1451 prosterni.
1451 1381 1708 1437 Peccator
1751 1379 1847 1435 es?
1885 1395 1952 1434 ne
1996 1379 2092 1435 de-

497 1483 678 1536 speres
711 1486 726 1522 :
757 1484 862 1524 non
892 1470 1081 1526 desino
1121 1487 1216 1526 vos
1245 1471 1442 1542 jugiter
1495 1471 1641 1526 hisce
1689 1471 2089 1527 medicamentis

496 1559 720 1615 aliinere
750 1577 763 1614 :
794 1563 991 1616 etenim
1039 1563 1160 1618 novi
1191 1573 1442 1632 quantum
1472 1571 1659 1618 contra
1703 1561 1974 1616 diabolum
2020 1562 2088 1616 sit

498 1649 663 1704 telum
693 1665 801 1706 non
831 1651 1144 1722 desperare.
1171 1652 1226 1709 Si
1256 1655 1308 1708 in
1331 1654 1562 1724 peccatis
1585 1654 1679 1719 sis,
1709 1668 1778 1708 ne
1798 1653 2083 1722 desperes:

497 1739 612 1795 hac
636 1740 849 1797 dicendi
877 1743 1082 1798 nullum
1122 1742 1282 1799 ﬁnem
1319 1745 1456 1798 facio
1486 1763 1498 1797 :
1537 1745 1583 1799 si
1611 1744 1846 1814 quotidie
1874 1759 2083 1814 peccas,

495 1834 734 1903 quotidie
758 1835 1124 1904 paenitentiam
1155 1853 1286 1907 age:
1313 1846 1367 1892 et
1386 1836 1528 1908 quod
1556 1837 1608 1890 in
1631 1836 1854 1892 vetustis
1882 1835 2088 1890 mdibus

495 1939 656 1994 agere
682 1925 936 1990 solemus,
969 1940 1092 1981 cum
1131 1927 1459 1982 labefactata:
1509 1926 1707 1982 fuerint
1730 1969 1750 1994 ,_
1788 1943 1907 1997 quae
1943 1926 2088 1981 labe-

495 2012 690 2068 factata
732 2025 858 2070 sunt
879 2015 1174 2072 auferimus
1200 2061 1224 2088 ,.
1247 2033 1314 2073 ac
1341 2033 1479 2073 nova
1506 2019 1873 2084 admovemus,
1915 2033 2089 2089 neque

497 2121 719 2177 usquam
748 2108 818 2163 ab
841 2110 1053 2165 assidua
1075 2127 1200 2166 cura
1230 2111 1538 2166 desistimus
1561 2128 1574 2166 :
1605 2112 1707 2172 hoc
1730 2112 1891 2166 etiam
1919 2111 1972 2166 in
1991 2127 2088 2165 no-

495 2198 579 2253 bis
600 2199 855 2256 faciamus
881 2203 922 2256 '.
952 2201 1009 2258 Si
1036 2202 1364 2258 inveteratus
1393 2218 1451 2257 es
1497 2203 1657 2258 hodie
1683 2218 1713 2258 a
1745 2208 1983 2274 peccato,
2003 2217 2090 2258 re-

499 2304 636 2344 nova
663 2291 889 2362 teipsum
920 2307 1018 2362 per
1045 2295 1433 2363 paenitentiam.
1465 2294 1704 2361 Licetne,
1738 2294 1974 2364 inquies,
1994 2309 2090 2364 per

498 2381 866 2451 paenitentiam
933 2385 1158 2440 salutem
1196 2387 1494 2455 consequi?
1535 2386 1698 2441 Plane
1727 2387 1870 2442 licet.
1899 2387 2085 2442 Totam

498 2474 659 2529 vitam
709 2477 762 2532 in
811 2478 1043 2548 peccatis
1072 2479 1319 2547 contrivi,
1349 2489 1402 2534 et
1428 2480 1472 2534 si
1500 2481 1866 2548 paenitentiam
1894 2494 2053 2550 egero
2072 2520 2086 2544 ,

499 2567 678 2622 salvus
703 2570 839 2623 ero?
885 2570 1111 2628 Prorsus
1153 2572 1283 2629 eris.
1321 2571 1378 2627 ld
1426 2572 1564 2627 unde
1613 2572 1818 2644 liquet?
1845 2573 1928 2628 Ab
1977 2573 2090 2642 ipsa

501 2660 711 2716 Domini
741 2662 815 2716 tui
860 2679 983 2734 erga
1010 2663 1254 2720 homines
1285 2666 1629 2737 benignitate.
1671 2665 1809 2721 Num
1861 2681 1925 2719 ex
1971 2680 2090 2736 pte-

503 2754 725 2808 nitentia
776 2763 862 2810 tua
893 2771 1049 2812 sumo
1077 2757 1358 2812 ﬁduciam?
1386 2775 1512 2813 num
1540 2759 1852 2829 poenitentia
1882 2766 1969 2812 tua
1998 2773 2094 2828 po-

503 2855 605 2901 test
635 2855 711 2900 tot
730 2847 1039 2920 abstergere
1066 2850 1242 2905 mala?
1265 2850 1405 2905 Sane
1445 2851 1489 2904 si
1515 2851 1822 2921 poenitentia
1863 2850 1974 2904 sola
2002 2863 2088 2904 es-

499 2945 598 3001 set,
621 2937 742 3005 jure
764 2938 1017 3005 timeres;
1049 2941 1141 2995 sed
1171 2941 1384 3011 quando
1411 2942 1744 3013 poenitentiae
1789 2950 1890 2996 tum
1917 2941 2091 2995 admi-

501 3039 682 3083 scetur
707 3030 801 3084 Dei
841 3031 1125 3087 clementia
1150 3073 1166 3099 ,
1203 3032 1434 3088 conﬁde.
1470 3033 1565 3088 Dei
1605 3033 1750 3089 enim
1793 3033 2093 3088 clementiae

502 3119 646 3174 nulla
671 3130 755 3175 est
779 3136 1050 3189 mensura,
1095 3138 1271 3193 neque
1311 3123 1426 3193 ejus
1463 3121 1674 3180 bonitas
1703 3124 1952 3194 explicari
1981 3139 2096 3178 ser-

502 3208 659 3270 mone
687 3222 879 3284 potest.
906 3215 1038 3270 Nam
1078 3217 1275 3271 malitia
1301 3216 1517 3286 quidem
1549 3225 1634 3272 tua
1667 3230 1968 3271 mensuram
1987 3215 2086 3270 ha-

503 3305 614 3370 bet,
644 3306 937 3361 remedium
966 3323 1096 3363 vero
1127 3323 1429 3365 mensuram
1480 3325 1585 3364 non
1632 3309 1831 3376 habet;
1886 3309 2085 3364 malitia

503 3407 613 3465 tua,
641 3399 1044 3470 qualiscumque
1090 3401 1188 3468 sit,
1217 3401 1448 3458 humana
1473 3411 1554 3458 cst
1581 3403 1817 3469 malitia;
1847 3402 1941 3458 Dei
1968 3417 2096 3458 vero

500 3493 781 3548 clementia
824 3503 906 3548 est
949 3493 1289 3550 immensa':
1341 3495 1552 3552 confide
1602 3495 1717 3551 fore
1755 3505 1814 3551 ut
1854 3511 1917 3551 ea
1949 3505 2095 3550 tuam

501 3587 679 3642 vincat
725 3579 1002 3641 malitiam.
1041 3587 1227 3659 Cogita
1276 3589 1406 3645 mihi
1447 3589 1732 3645 scintillam
1771 3591 1824 3644 in
1878 3591 2096 3660 pelagus

501 3677 782 3732 cadentem
829 3694 844 3732 :
905 3693 1031 3731 num
1084 3686 1260 3748 potest
1297 3680 1386 3734 illa
1438 3690 1616 3746 stare,
1663 3689 1757 3734 aut
1799 3680 2096 3750 apparere?

501 3769 713 3835 Quanta
737 3779 819 3825 est
844 3769 1074 3826 scintilla
1097 3785 1217 3825 cum
1247 3773 1434 3841 pelago
1467 3770 1678 3837 collata,
1710 3778 1850 3824 tanta
1874 3779 1957 3825 est
1978 3785 2095 3824 ma-

505 3861 618 3916 litia
645 3904 660 3929 ,
693 3865 738 3917 si
766 3879 890 3918 cum
931 3863 1254 3933 benignitate
1282 3863 1376 3919 Dei
1415 3872 1788 3933 comparetur;
1830 3863 1940 3918 imo
1965 3879 2097 3920 vero

506 3970 612 4009 non
643 3962 810 4021 tanta,
840 3955 935 4012 sed
981 3957 1156 4012 multo
1183 3956 1359 4027 major
1394 3956 1694 4027 benignitas
1722 3955 1829 4011 illa.
1873 3957 2097 4028 Pelagus

505 4048 670 4114 enim,
703 4063 956 4118 magnum
980 4049 1108 4105 licet
1131 4049 1221 4116 sit,
1246 4064 1553 4104 mensuram
1578 4049 1774 4118 habet,
1799 4047 2098 4119 benignitas

504 4151 634 4191 vero
669 4139 762 4193 Dei
781 4138 986 4194 nullum
1013 4138 1172 4194 habet
1200 4140 1509 4195 terminum.

584 4225 718 4280 Vitia
746 4228 995 4299 paulatim
1010 4230 1356 4284 eradicantur.
1380 4261 1452 4271 —
1473 4231 1599 4286 llaec
1618 4230 1762 4296 dico.
1791 4246 1897 4288 non
1918 4240 1979 4287 ut
2003 4244 2099 4287 vos

502 4319 777 4387 segniores
817 4319 1058 4388 reddam,
1099 4322 1194 4376 sed
1225 4331 1284 4377 ut
1320 4322 1686 4393 diligentiores
1713 4323 1963 4379 efﬁciam.
1989 4323 2099 4380 Vos

503 4427 650 4482 sape
669 4413 851 4468 monui
879 4429 946 4469 ne
970 4414 1024 4469 in
1053 4415 1258 4470 theatra
1297 4416 1680 4472 aseenderetis.
1734 4419 2100 4486 Audisti,'nec

503 4519 708 4560 morem
729 4507 941 4576 gessisti
974 4508 1061 4562 :in
1087 4506 1351 4566 theatrum
1382 4509 1692 4577 ascendisti,
1718 4511 1952 4565 sermoni
1978 4525 2099 4566 meo

503 4613 610 4652 non
652 4599 1032 4671 obtemperasti
1078 4617 1194 4657 :ne
1243 4611 1296 4658 te
1340 4603 1537 4672 pudeat
1576 4616 1761 4657 rursus
1786 4603 2014 4673 ingredi,
2045 4611 2101 4658 et

400 4760 402 4762 _
503 4689 709 4746 audire.
739 4692 953 4760 Audivi,
983 4707 1083 4748 nec
1119 4692 1422 4758 observavi,
1465 4692 1735 4764 quomodo
1770 4707 1988 4763 possum
2019 4693 2102 4747 in-

505 4783 936 4854 grediilnterim
966 4784 1068 4840 hoc
1094 4785 1268 4855 ipsum
1297 4786 1435 4841 nosti
1461 4825 1477 4852 ,
1509 4793 1562 4840 te
1588 4800 1696 4840 non
1731 4785 2050 4841 observasse
2081 4802 2095 4838 :

505 4875 718 4930 interim
751 4885 804 4931 te
831 4875 1013 4945 pudet,
1058 4877 1270 4931 interim
1300 4876 1607 4943 erubescis;
1641 4876 1855 4931 interim
1883 4877 2100 4933 nemine

504 4976 761 5039 arguente
829 4968 1039 5022 frenum
1086 4966 1441 5035 circumfers;
1516 4968 1728 5024 interim
1793 4983 2097 5025 sermonem

508 5076 684 5115 meum
725 5060 1019 5116 radicatam
1055 5057 1297 5126 habes‘,
1337 5075 1512 5131 neque
1548 5075 1653 5114 non
1701 5069 1968 5131 praisente
1999 5060 2100 5115 do-

507 5155 676 5210 ctrina
709 5168 826 5208 mea
857 5161 908 5207 te
930 5151 1194 5222 puriﬁcat.
1225 5151 1342 5206 Non
1377 5152 1696 5217 observasti,
1729 5151 2098 5206 eondemnasti

509 5245 600 5298 te?
624 5258 689 5297 ex
718 5243 938 5300 dimidia
981 5251 1130 5313 parte
1155 5241 1470 5308 observasti,
1519 5241 1728 5296 etiamsi
1757 5256 1862 5295 non
1908 5241 2100 5296 obser-

509 5337 734 5399 vaveris,
764 5335 856 5390 sed
884 5335 1085 5390 dixeris
1112 5333 1336 5399 tantum,
1367 5349 1472 5389 non
1500 5333 1816 5390 observavi:
1848 5349 1970 5388 nam
2009 5333 2100 5404 qui

573 5494 590 5526 ι
609 5492 700 5563 sic
720 5491 860 5563 savil.
907 5491 1085 5542 melius
1114 5504 1260 5556 quam
1276 5491 1444 5542 Morel.
1464 5529 1479 5552 ,
1503 5493 1587 5556 qui
1628 5491 1768 5555 legit,
1813 5492 2102 5558 ignorantiae

509 5551 1158 5676 preﬂiﬁgttnopropositionem
1180 5614 1361 5665 addidit
1382 5615 1522 5666 Savil.
1539 5622 1589 5666 et
1613 5628 1701 5666 nos
1725 5629 1789 5666 ex
1813 5617 2002 5667 Savilio.

574 5677 596 5708 ³
630 5683 730 5708 una»
793 5675 1043 5708 ρΙονηουΙᾶη
1064 5690 1174 5708 om":
1225 5677 1305 5708 nn;
1329 5686 1396 5708 an
1462 5678 1582 5708 eouil
1668 5677 1918 5708 ι-Ιοηιοκοᾶη
1943 5694 2002 5708 ,ιιι

630 5675 1044 5748 ᾳεε.,“σιεὴιεηιὶα
1064 5690 1174 5748 vero
1210 5677 1306 5748 pei
1327 5686 1413 5729 est.
1462 5678 1624 5740 savil.,
1666 5677 1919 5732 clementia
1942 5687 2120 5740 autem.

519 5738 708 5790 nomini
728 5749 1001 5788 mensuram
1023 5752 1116 5788 non
1136 5739 1295 5789 habet.

583 5802 606 5832 δ
640 5803 846 5853 Savilius
868 5799 1018 5866 addit,
1033 5801 1082 5854 in
1107 5808 1257 5853 mente
1280 5808 1379 5852 tua.

1605 345 1696 402 DE
1744 343 2214 402 PCENITENTIA.
2254 344 2484 404 llOMIL.
2527 347 2668 406 Vill.

3693 352 3798 408 558

2197 460 2430 529 scipsum
2457 463 2780 520 condemnat
2804 477 2872 519 eo
2896 463 3037 536 quod
3063 479 3169 521 non
3195 465 3565 527 observaverit
3587 506 3601 532 ,
3634 481 3700 522 eo
3724 467 3802 524 fe-

2196 557 2364 610 stinat
2392 563 2449 609 ut
2476 556 2751 616 observet.
2785 562 3134 634 Respexisti?
3179 565 3511 635 iniquitatem
3542 576 3800 636 operatus

2197 645 2292 700 es?
2330 651 2629 705 meretricis
2673 654 2915 722 captivus
2961 653 3186 717 eﬁ‘ectus
3237 657 3332 712 es?
3358 655 3801 722 descendistide

2199 736 2426 803 theatro,
2455 749 2507 795 et
2531 741 2724 798 iterum
2753 745 3068 805 recordatus
3093 748 3296 818 pudore
3325 747 3551 805 affectus
3573 748 3680 805 es?
3711 764 3802 804 ac-

2196 830 2346 886 cede.
2380 832 2607 895 Moerore
2632 836 2853 893 aﬁ‘cctus
2879 839 2973 894 es?
2993 839 3232 896 Obsecra
3263 841 3432 897 Deum
3462 859 3477 896 :
3503 842 3788 914 hucusque

2196 928 2556 981 resurrexisti.
2593 929 2684 985 Vm
2705 932 2858 999 mihi,
2889 932 3069 988 audivi
3095 943 3149 989 et
3174 950 3281 989 non
3312 936 3635 1002 observavi,
3662 952 3800 1009 quo-

2196 1015 2359 1071 modo
2405 1018 2457 1071 in
2502 1020 2785 1076 ecclesiam
2836 1024 3142 1094 ingrediar?
3177 1027 3448 1097 quomodo
3489 1043 3680 1086 rursus
3705 1045 3798 1084 au-

2195 1107 2379 1163 diam?
2405 1109 2516 1166 lmo
2539 1112 2841 1183 ingredere,
2871 1116 2993 1186 quia
3025 1133 3131 1172 non
3163 1119 3485 1187 observasti,
3510 1129 3568 1175 ut
3609 1136 3802 1176 rursus

2195 1202 2452 1271 audiens,
2501 1204 2776 1262 observes.
2826 1209 3273 1267 Medicamentum
3325 1213 3372 1269 si
3420 1214 3514 1268 tibi
3559 1213 3801 1270 medicus

2194 1294 2456 1364 imponat,
2482 1313 2583 1352 nec
2612 1308 2662 1353 te
2689 1302 2978 1368 curaverit,
3012 1318 3192 1359 annon
3219 1304 3519 1376 insequenti
3559 1306 3648 1362 die
3673 1322 3796 1362 rur-

2193 1399 2284 1439 sus
2304 1389 2571 1456 apponet?
2598 1389 2653 1444 Si
2681 1391 2800 1461 quis
2826 1392 3083 1462 lignarius
3130 1411 3386 1466 quercum
3413 1398 3536 1453 velit
3567 1397 3798 1464 cardere,

2191 1479 2422 1533 securim
2451 1481 2657 1551 arripit,
2685 1483 2873 1539 incidit
2901 1486 3176 1542 radicem:
3218 1489 3263 1544 si
3297 1504 3403 1544 uno
3431 1489 3540 1546 ictu
3567 1490 3798 1562 infragi-

2191 1572 2304 1627 fcra
2330 1570 2491 1625 arbor
2519 1587 2628 1627 non
2667 1573 2956 1645 deciderit,
2984 1593 3165 1634 annon
3192 1579 3338 1636 addit
3367 1582 3572 1638 alium?
3617 1598 3800 1645 annon

2189 1669 2437 1729 quartum
2457 1672 2510 1718 et
2535 1665 2814 1734 quintum?
2835 1683 3014 1724 annon
3026 1669 3331 1733 decimum?
3357 1672 3444 1732 Sic
3462 1681 3514 1729 et
3535 1682 3591 1731 tu
3616 1673 3794 1737 facito.

2190 1751 2429 1818 Quercus
2487 1763 2570 1809 est
2607 1759 2858 1817 meretrix
2913 1760 2958 1826 ί,
3007 1761 3169 1816 arbor
3227 1761 3536 1834 iufrugifera
3571 1806 3587 1831 ,
3643 1767 3798 1838 glans-

2189 1843 2286 1900 des
2335 1846 2618 1915 proferens
2673 1850 2725 1904 in
2757 1851 3065 1912 alimoniam
3120 1870 3403 1924 porcorum
3454 1859 3800 1917 irrationabi-

2191 1935 2322 1997 lium
2348 1941 2552 1996 :multo
2575 1952 2819 2021 tempore
2842 1946 3048 2009 radices
3077 1949 3254 2019 posuit
3286 1949 3336 2003 in
3373 1952 3554 2007 animo
3587 1962 3697 2022 tuo,
3745 1954 3799 2010 in

2190 2032 2441 2088 arborum
2489 2036 2723 2092 ambitus
2750 2040 3132 2100 conscientiam
3181 2053 3324 2097 tuam
3355 2043 3551 2114 dejecit
3576 2064 3589 2100 :
3618 2063 3799 2102 sermo

2190 2140 2341 2181 meus
2382 2131 2586 2184 securis
2622 2140 2722 2186 est.
2767 2133 2975 2188 Audisti
3002 2135 3088 2189 die
3111 2152 3236 2192 uno.
3261 2137 3543 2206 Quomodo
3564 2141 3651 2196 die
3681 2156 3792 2196 uno

2189 2219 2381 2273 cadat’
2408 2228 2556 2278 tanto
2579 2224 2812 2280 radicata
2842 2229 3125 2297 tempore?
3158 2230 3210 2285 Si
3257 2230 3400 2285 enim
3447 2232 3529 2286 bis
3549 2273 3564 2299 ,
3608 2233 3654 2287 si
3686 2245 3796 2298 ter.

2191 2311 2236 2365 si
2259 2313 2460 2368 centies
2490 2356 2504 2379 ,
2535 2316 2579 2370 si
2608 2315 2789 2373 decies
2836 2320 3064 2388 millies,
3100 2321 3232 2377 nihil
3267 2323 3510 2378 mirabile
3533 2324 3711 2390 fuerit,
3741 2339 3798 2380 ut

2192 2421 2279 2460 res
2309 2407 2448 2461 mala
2495 2417 2548 2463 ct
2579 2409 2728 2464 ﬁrma
2757 2453 2770 2474 ,
2801 2427 2961 2481 prava
3003 2415 3334 2470 consuetudo
3367 2456 3382 2480 ,
3429 2417 3792 2472 cxscindatur.

2193 2500 2382 2556 Manna
2422 2503 2772 2559 coniedebant
2813 2504 3007 2572 Judaei,
3053 2517 3108 2562 et
3145 2523 3304 2579 cepas
3331 2509 3608 2583 Egyptias
3630 2512 3798 2582 requic

2193 2597 2419 2650 rebant:
2451 2595 2587 2652 Bene
2608 2597 2748 2653 nobis
2769 2609 2876 2653 erat
2898 2601 2950 2654 in
2973 2601 3204 2674 {Egypto
3237 2602 3422 2675 (Nunt.
3458 2602 3652 2676 11.18)
3681 2623 3694 2660 :
3719 2605 3792 2660 ita

2196 2690 2366 2760 turpis
2383 2691 2720 2763 pessimaque
2739 2708 2824 2748 res
2846 2703 2932 2750 est
2961 2696 3315 2752 consuetudo.
3349 2698 3462 2755 Etsi
3494 2713 3588 2767 per
3613 2698 3799 2753 decent

2195 2779 2309 2836 dies
2336 2791 2479 2839 recte
2505 2785 2677 2855 egeris
2699 2828 2713 2852 ,
2741 2788 2784 2842 si
2818 2804 2910 2858 per
2929 2789 3132 2858 viginti,
3157 2789 3200 2844 si
3227 2806 3322 2860 per
3349 2790 3582 2861 triginta,
3613 2808 3718 2846 non
3751 2800 3801 2848 te

2196 2875 2454 2945 approbo,
2486 2892 2589 2930 non
2621 2878 2715 2932 tibi
2741 2881 2965 2949 gratiam
3000 2881 3193 2949 habeo,
3247 2899 3358 2938 non
3391 2892 3440 2939 te
3459 2884 3754 2954 amplector
3783 2901 3797 2938 :

2197 2970 2404 3032 tantum
2454 2981 2520 3020 ne
2545 2966 2781 3034 deﬁcias,
2812 2968 2906 3026 sed
2940 2979 2990 3025 te
3014 2973 3226 3040 pudeat,
3258 2972 3486 3042 teipsum
3517 2989 3797 3044 coarguas.

2270 3056 2323 3109 2.
2353 3057 2581 3114 Rursum
2603 3061 2670 3116 de
2703 3063 2925 3118 caritate
2961 3064 3226 3121 disserui:
3255 3066 3448 3121 audisti
3473 3108 3486 3130 ,
3511 3067 3712 3135 abiisti,
3740 3076 3798 3122 et

2197 3148 2461 3217 rapuisti?
2499 3153 2751 3224 operibus
2789 3155 3010 3210 verbum
3071 3171 3177 3211 non
3229 3157 3553 3213 exltibuisti?
3601 3157 3682 3213 Ne
3725 3165 3799 3213 la-

2197 3259 2321 3302 men
2360 3256 2413 3300 te
2442 3245 2642 3317 pudeat
2671 3263 2884 3303 rursum
2934 3249 3142 3318 ingredi
3185 3251 3235 3302 in
3264 3250 3546 3304 ecclesiam
3581 3257 3673 3304 :te
3698 3265 3798 3318 pu-

2198 3338 2322 3394 deat
2346 3337 2572 3408 peccati,
2599 3354 2704 3392 non
2735 3347 2786 3393 te
2816 3338 3009 3408 pudeat
3040 3340 3386 3409 poenitentiae.
3415 3339 3645 3396 Attende
3671 3340 3798 3410 quid

2201 3429 2296 3483 tibi
2315 3428 2502 3484 fecerit
2523 3429 2790 3484 diabolus.
2827 3430 2940 3484 Duo
2968 3439 3092 3485 sunt
3120 3430 3254 3496 haec,
3288 3442 3566 3501 peccatum
3598 3439 3654 3487 et
3682 3446 3800 3502 pos-

2201 3521 2427 3576 nitentia
2456 3539 2468 3575 :
2504 3529 2782 3591 peccatum
2809 3529 2890 3575 est
2916 3522 3131 3584 vulnus.
3175 3522 3490 3592 ptenitenlia
3523 3536 3660 3578 vero
3680 3537 3799 3578 me-

2200 3614 2340 3670 dela.
2370 3613 2831 3682 Quemadmodum
2882 3615 3026 3670 enim
3070 3613 3124 3668 in
3152 3629 3380 3684 corpore
3424 3622 3551 3668 sunt
3575 3612 3802 3670 medela)

2200 3715 2255 3761 et
2279 3707 2501 3762 vulnera
2548 3706 2820 3762 :sicetin
2863 3705 3043 3764 anima
3091 3714 3312 3775 peccata
3342 3713 3399 3760 et
3445 3705 3800 3776 poenitentia;

2201 3798 2295 3853 sed
2331 3807 2606 3868 peccatum
2636 3797 2894 3866 pudorem
2927 3797 3108 3862 habet,
3156 3796 3471 3866 ptenitentia
3509 3811 3642 3852 vero
3662 3795 3802 3852 ﬁdu-

2203 3889 2341 3944 ciam
2371 3889 2596 3944 obtinet.
2622 3887 2873 3953 Attende,
2897 3903 3100 3958 quaeso,
3135 3888 3264 3942 mihi
3285 3887 3592 3958 diligenter,
3620 3903 3690 3944 ne
3710 3903 3801 3944 or-

2203 3982 2384 4037 dinem
2434 3980 2770 4036 confundens
2811 3980 3096 4035 utilitatem
3148 3979 3360 4050 perdas.
3393 3980 3489 4034 Est
3525 3978 3718 4036 vulnus
3746 3991 3810 4038 et,

2203 4071 2522 4139 remedium,
2554 4081 2830 4142 peccatum
2847 4079 2902 4125 et
2923 4071 3274 4142 paenitentia:
3303 4069 3494 4133 vulnus
3510 4079 3594 4126 est
3615 4085 3800 4140 pecca-
3815 4126 3826 4140 ,.

2207 4175 2340 4231 tum,
2369 4163 2666 4220 remedium
2698 4162 3009 4233 paenitentia
3038 4179 3053 4216 :
3081 4163 3133 4215 in
3162 4161 3384 4217 vulnere
3413 4162 3612 4226 sanies,
3637 4162 3689 4216 in
3709 4175 3800 4217 re-

2203 4255 2382 4311 medio
2411 4254 2726 4326 expurgatio
2754 4253 2922 4308 saniei
2958 4272 2971 4308 :
3003 4253 3055 4308 in
3083 4261 3303 4323 peccato
3340 4252 3541 4318 sanies,
3589 4253 3642 4306 in
3671 4267 3800 4322 pec-

2205 4358 2325 4404 cato
2350 4349 2630 4419 probrum,
2655 4347 2708 4402 in
2735 4355 2958 4417 peccato
2978 4346 3118 4401 risus
3143 4363 3156 4400 :
3179 4344 3232 4400 in
3250 4344 3561 4416 pcenitentia
3585 4343 3802 4412 ﬁducia,

2205 4441 2258 4497 in
2287 4441 2600 4512 paenitentia
2623 4439 2862 4504 libertas,
2892 4439 2943 4492 in
2965 4437 3278 4509 poenitentia
3309 4439 3554 4508 purgatio
3575 4437 3803 4505 peccati.

2205 4534 2438 4590 Attende
2492 4533 2794 4603 diligenter.
2838 4531 3122 4596 Peccatum
3172 4529 3380 4600 pudor,
3433 4527 3815 4599 pteuiteutiaut

2207 4628 2400 4684 ﬁducia
2426 4629 2687 4698 sequitur.
2712 4623 3154 4683 Animadveuisti
3179 4623 3324 4694 quod
3352 4623 3476 4678 dico
3495 4622 3519 4676 Ἰ
3535 4620 3803 4682 Ordinem

2207 4721 2426 4776 invertit
2445 4728 2680 4786 satanas,
2703 4717 2957 4786 deditque
2987 4725 3208 4786 peccato
3233 4713 3613 4770 conﬁdentiam
3633 4754 3648 4779 ,
3680 4727 3800 4788 p03:

2208 4812 2444 4868 nitentiae
2479 4809 2760 4882 pudorem.
2801 4807 3184 4868 Nondesinam
3212 4820 3384 4878 usque
3408 4803 3476 4858 ad
3498 4816 3799 4872 vesperam,

2205 4904 2378 4962 donec
2404 4902 2540 4962 illud.
2575 4902 2830 4957 solvero:
2876 4898 3195 4967 promissum
3244 4895 3495 4964 impleam
3542 4902 3754 4963 Oportet
3786 4910 3802 4948 :

2208 4978 2316 5052 non
2346 5010 2561 5065 possum
2583 4989 2999 5057 absistere..Est
3018 4989 3208 5050 vulnus
3233 4997 3287 5042 et
3311 4987 3608 5042 remedium
3641 5003 3656 5039 :
3688 4985 3805 5041 νυι.

2209 5103 2310 5142 nus
2335 5087 2541 5146 saniem
2573 5083 2762 5147 habet,
2793 5079 3088 5136 remedium
3115 5078 3282 5142 saniei
3307 5078 3676 5148 purgationem
3703 5074 3798 5132 ob.

2209 5181 2360 5236 tinet.
2374 5177 2510 5244 Nam
2537 5177 2587 5230 in
2603 5174 2840 5231 remedio
2858 5172 3072 5228 sanies?
3093 5186 3218 5226 num
3235 5172 3287 5226 in
3310 5171 3530 5228 vulnere
3554 5169 3759 5234 medela
3781 5168 3794 5223 Ι

2208 5281 2469 5338 annonet
2495 5271 2610 5325 haec
2634 5278 2688 5325 et
2727 5268 2815 5322 illa
2845 5265 3117 5337 proprium
3165 5273 3348 5321 tenent
3372 5263 3650 5326 ordinem?
3673 5277 3804 5317 num

2207 5375 2383 5437 potest
2412 5363 2513 5419 hoc
2541 5362 2605 5417 ad
2634 5360 2784 5427 illud,
2810 5358 2939 5414 illud
2965 5357 3031 5412 ad
3059 5357 3162 5413 hoc
3207 5352 3619 5419 transcendere?
3643 5352 3802 5417 Nullo

2205 5457 2386 5524 modo.
2438 5455 2554 5510 Jam
2597 5453 2870 5509 veniamus
2887 5450 2953 5505 ad
2987 5450 3216 5505 animam
3259 5447 3489 5518 peccatis
3531 5453 3803 5500 onustam.

2209 5552 2492 5613 Peccatum
2524 5549 2799 5619 probrum,
2837 5552 3109 5616 peccatum
3142 5541 3395 5612 pudorem
3423 5536 3802 5609 ignominiam-

2209 5659 2312 5716 que
2338 5642 2561 5697 sortitur
2594 5658 2608 5694 :
2643 5636 2951 5708 pmnitentia
3000 5635 3245 5689 ﬁduciam
3273 5630 3455 5700 habet,
3487 5629 3798 5701 pcenitcntia

2275 5739 2290 5769 ι
2329 5743 2379 5784 tn
2395 5735 2558 5794 savil.,
2577 5730 2846 5797 fornicatio,
2873 5739 2979 5792 pro,
2993 5725 3256 5797 ‘meretrix.
3341 5785 3373 5797 η

2274 5801 2295 5831 ³
2329 5797 2516 5860 ωσι-ειη
2546 5784 2728 5846 indicit
2751 5784 2942 5846 die'u'no
2955 5784 2974 5855 ﬁ
2993 5786 3121 5841 intra
3146 5798 3294 5840 unum
3319 5785 3448 5843 diem
3473 5784 3684 5846 caderet,
3707 5788 3801 5834 etc.
