4100 6438
341 300 448 354 359

342 406 628 477 jejunium,
658 410 991 480 paenitentia
1019 410 1280 480 justitiam
1308 412 1555 468 obtinet:
1587 411 1682 468 Dic
1716 413 1858 468 enim
1886 423 1939 468 tu

343 501 633 568 iniquitates
654 511 768 556 tuas
790 502 1004 572 primus,
1023 503 1384 574 utjusti/iceris
1417 503 1569 575 (Isai.
1593 503 1680 560 45.
1702 504 1792 560 25.
1809 504 1936 578 26):

341 600 415 654 et,
445 589 629 648 Justus
653 594 705 647 in
725 594 974 664 principio
994 595 1239 648 sermonis
1260 605 1526 649 accusator
1551 604 1624 650 est
1641 596 1716 650 sui
1737 596 1755 664 (
1777 593 1934 651 Prov.

341 684 426 740 18.
463 684 590 758 l7).
609 685 743 741 Cum
774 687 934 756 igitur
953 687 1086 741 sciat
1115 696 1348 753 satanas,
1380 688 1520 758 quod
1547 698 1822 758 peccatum
1852 703 1939 744 se-

337 785 533 848 quatur
573 778 766 847 pudor,
795 779 883 849 qui
915 779 1081 849 possit
1109 791 1446 850 peccatorem
1473 779 1780 847 deterrere;
1815 795 1936 851 pm-

295 857 557 926 ~nitentia
599 883 726 925 vero
751 869 998 925 fiduciam
1033 868 1261 938 habeat,
1311 884 1432 942 qua:
1459 871 1628 941 possit
1671 870 1934 941 pceniten-

343 959 469 1014 tiam
499 960 714 1017 allicere
745 980 757 1016 :
791 963 1034 1019 ordinem
1063 963 1297 1028 invertit,
1328 962 1580 1031 deditque
1605 963 1934 1031 poenitentiae

340 1050 619 1120 pudorem,
654 1062 874 1123 peccato
905 1053 1174 1130 ﬁduciam.
1205 1053 1484 1109 Undenam
1533 1053 1584 1108 id
1612 1054 1813 1124 liquet?
1834 1071 1934 1124 ego

337 1141 532 1197 dicam.
567 1143 788 1216 Capitur
832 1149 954 1219 quis
995 1147 1202 1203 ardenti
1229 1148 1658 1218 concupiscentia
1707 1148 1933 1218 publica:

337 1237 674 1303 meretricis;
718 1243 1056 1296 meretricem
1108 1240 1199 1295 ille
1243 1255 1340 1295 ceu
1385 1239 1624 1310 captivus
1645 1241 1886 1311 sequitur
1914 1280 1929 1306 ,

338 1327 388 1382 in
422 1331 773 1398 prostibulum
795 1333 1121 1403 ingreditur;
1150 1333 1300 1389 nullo
1325 1334 1549 1404 pudore,
1568 1335 1764 1390 rubore
1787 1336 1932 1391 nullo

333 1420 557 1477 allectus
573 1438 695 1478 cum
723 1425 1006 1481 meretrice
1031 1424 1391 1496 congreditur,
1425 1437 1807 1499 peccatumque
1833 1428 1929 1484 ad-

335 1514 494 1570 mittit
537 1532 552 1570 :
611 1525 733 1586 post
777 1517 1068 1573 admissum
1119 1528 1395 1591 peccatum
1450 1520 1592 1576 illinc
1638 1521 1928 1592 egreditur:

333 1617 388 1662 et
429 1609 498 1664 de
553 1611 864 1680 poenitentia
909 1613 1110 1683 agenda
1158 1613 1442 1668 erubescit.
1498 1613 1674 1679 Miser,
1717 1613 1930 1684 quando

333 1715 457 1754 cum
484 1704 763 1760 meretrice
806 1705 1258 1776 congrediebaris,
1306 1723 1413 1762 non
1456 1707 1842 1772 erubescebas;
1875 1717 1932 1764 at

333 1805 454 1845 cum
485 1793 552 1847 ad
583 1795 950 1862 paenitentiam
991 1797 1224 1866 accedis,
1256 1807 1382 1854 tunc
1410 1799 1720 1855 erubescis?
1759 1800 1931 1856 Pudet

333 1898 455 1937 eum
480 1925 495 1948 ,
527 1884 615 1940 dic
657 1887 810 1946 mihi.
842 1887 1020 1956 Quare
1045 1904 1165 1944 cum
1194 1889 1546 1946 fornicaretur
1591 1905 1698 1946 non
1725 1891 1928 1962 pudore

332 1974 698 2033 afﬁciebatur?
727 1979 930 2036 facinus
960 1991 1249 2052 perpetrat,
1277 1991 1331 2038 et
1359 1999 1466 2038 non
1517 1984 1722 2052 pudore
1752 1984 1926 2039 afﬁci-

334 2078 441 2134 tur,
474 2069 620 2124 etde
657 2071 819 2127 verbo
864 2073 1176 2130 erubescit?
1225 2073 1429 2129 Diaboli
1476 2076 1668 2130 astutia
1713 2085 1815 2130 est.
1868 2075 1926 2132 ln

333 2171 550 2230 peccato
573 2179 677 2217 non
701 2163 827 2218 sinit
853 2180 972 2220 cum
1004 2165 1343 2233 erubescere,
1387 2165 1483 2222 sed
1530 2167 1738 2238 publice
1766 2168 1925 2223 inno-

334 2263 539 2309 tescere
567 2255 732 2322 sinit;
775 2256 874 2311 scit
904 2257 1046 2311 enim
1079 2256 1192 2314 fore
1237 2267 1294 2313 ut
1319 2259 1366 2313 si
1408 2259 1611 2330 pudore
1640 2259 1922 2329 afﬁciatur,

330 2354 607 2414 peccatum
633 2346 800 2416 fugiat
828 2365 842 2402 :
876 2347 928 2401 in
953 2348 1258 2418 paenitentia
1280 2366 1406 2405 vero
1429 2351 1747 2406 erubescere
1764 2352 1922 2419 facit;

329 2437 477 2492 novit
496 2438 638 2493 enim
669 2455 791 2494 eum
815 2455 923 2511 prae
941 2443 1144 2511 pudore
1166 2443 1530 2512 paenitentiam
1555 2461 1659 2499 non
1677 2458 1924 2500 acturum

331 2543 469 2584 esse.
508 2530 622 2585 Duo
646 2531 784 2588 mala
809 2532 935 2587 facit
959 2575 974 2596 ,
1022 2533 1089 2588 ad
1120 2544 1393 2604 peccatum
1440 2536 1660 2606 pellicit,
1690 2548 1745 2592 et
1764 2553 1927 2608 apd:-

329 2620 547 2675 nitentia
579 2632 741 2678 arcet.
773 2622 881 2678 Cur
911 2633 962 2679 te
987 2624 1096 2694 jam
1129 2626 1326 2695 pudet?
1369 2624 1503 2682 Cum
1555 2628 1921 2698 fornicareris,

329 2727 433 2767 non
486 2714 880 2781 erubescebas;
909 2731 1031 2770 cum
1078 2717 1374 2773 remedium
1423 2720 1695 2790 admoves,
1723 2722 1924 2791 pudore

329 2803 691 2860 suﬁ‘underis?
737 2821 858 2862 cum
905 2809 1132 2879 teipsnm
1175 2824 1204 2862 a
1243 2820 1463 2880 peccato
1489 2813 1700 2877 liberas,
1732 2813 1926 2870 erube-

332 2896 465 2949 scis?
495 2895 648 2954 Tunc
674 2899 994 2955 erubescere
1022 2900 1254 2957 debebas
1275 2944 1289 2968 ,
1315 2911 1444 2958 tunc
1484 2903 1739 2974 pudeﬁeri
1760 2919 1922 2976 opor-

329 2987 493 3056 tebat,
522 3003 643 3047 cum
675 3005 944 3060 peccares.
968 2991 1101 3046 Cum
1127 3003 1378 3065 peccator
1399 2995 1576 3060 ﬁeres,
1607 3012 1710 3050 non
1732 2996 1925 3053 erube-

328 3080 546 3147 scebas;
577 3097 696 3136 cum
717 3082 894 3152 justus
922 3083 1171 3153 efﬁceris,
1198 3086 1512 3141 erubescis?
1535 3086 1632 3141 Dic
1660 3097 1712 3141 tu
1736 3089 1923 3160 iniqui-

331 3181 456 3226 tates
483 3182 595 3227 tuas
640 3175 834 3244 primus
857 3218 873 3244 ,
920 3185 976 3231 ut
990 3178 1292 3249 justiﬁceris
1319 3178 1470 3249 (Isai.
1525 3181 1614 3238 4⁷5.
1662 3181 1752 3237 25.
1781 3181 1852 3237 ‘26
1877 3180 1918 3254 ).

329 3261 444 3318 Non
469 3264 621 3332 dixit,
651 3275 711 3320 ut
738 3282 843 3322 non
871 3268 1121 3337 plectaris
1146 3271 1442 3342 supplicio;
1484 3271 1601 3341 sed,
1637 3271 1705 3327 Ut
1725 3274 1923 3344 justi/i-

327 3354 471 3408 reris.
521 3358 712 3411 Annon
753 3357 1047 3413 sufficiebat
1093 3361 1180 3428 ei,
1228 3361 1371 3431 quod
1412 3377 1518 3418 non
1548 3364 1735 3433 punias
1760 3379 1919 3433 eum,

327 3445 485 3500 etiam
508 3445 709 3514 justum
737 3448 945 3503 efﬁcis?
969 3450 1132 3505 Plane
1161 3451 1398 3522 quidem.
1449 3454 1520 3507 At
1567 3455 1800 3510 sermoni
1831 3469 1921 3510 se-

327 3535 454 3589 dulo
484 3547 719 3594 mentem
748 3538 964 3595 adhibe.
993 3539 1201 3596 Iustum
1231 3541 1379 3596 illum
1405 3543 1686 3600 efﬁcio.Et
1707 3545 1922 3602 ubinam

329 3625 432 3683 ltoc
460 3626 628 3683 fecit?
651 3628 708 3684 In
738 3631 966 3700 latrone,
1011 3641 1070 3686 ut
1097 3632 1201 3688 hoc
1223 3642 1427 3690 tantum
1458 3635 1626 3692 sodali
1669 3637 1874 3694 diceret
1906 3658 1920 3694 :

331 3717 514 3789 Neque
538 3729 592 3774 tu
631 3723 776 3776 times
809 3722 990 3779 Deum.
1020 3724 1087 3779 Et
1105 3743 1196 3780 nos
1221 3729 1424 3800 quidem
1445 3731 1601 3800 jure;
1629 3748 1746 3785 nam
1768 3732 1924 3803 digna

329 3810 481 3878 factis
507 3812 779 3881 recipimus
801 3812 949 3884 (Luc.
981 3815 1073 3871 25.
1102 3817 1194 3872 40.
1227 3819 1342 3890 si).
1375 3819 1510 3874 Dicit
1535 3829 1588 3875 et
1630 3821 1876 3878 Salvator
1904 3839 1919 3877 :

328 3898 503 3955 Hodie
535 3917 730 3956 mecum
769 3905 868 3958 eris
894 3905 948 3958 in
977 3907 1218 3977 paradiso
1252 3907 1408 3983 (Ibid.
1442 3910 1558 3981 ιδ).
1603 3910 1720 3966 Νοη
1746 3911 1919 3980 dixit,

328 3991 408 4047 Te
432 4007 463 4048 a
495 4007 649 4064 pmna
679 4005 736 4051 et
779 3997 1044 4068 supplicio
1073 4001 1273 4070 eximo,
1296 4002 1391 4058 sed
1436 4003 1608 4074 ipsum
1634 4005 1836 4077 justum
1866 4007 1920 4061 in

328 4086 634 4156 paradisum
665 4090 972 4147 introducit.

399 4178 659 4251 Confessio
676 4183 875 4252 justum
901 4184 1064 4256 eﬁicit.
1094 4216 1163 4226 —
1184 4185 1647 4258 Vidistin’justum
1671 4203 1767 4260 per
1785 4204 1922 4245 con-

326 4267 615 4327 fessionem
661 4273 950 4330 eﬁ‘ectum?
987 4276 1290 4333 Admodum
1323 4278 1582 4351 benignus
1611 4292 1692 4338 est
1737 4284 1920 4342 Deus:

327 4359 440 4415 ﬁlio
467 4377 575 4418 non
609 4367 869 4434 pepercit,
893 4375 952 4422 ttt
981 4384 1137 4425 servo
1165 4358 1412 4440 parCeret
1441 4390 1456 4427 :
1484 4374 1700 4429 tradidit
1722 4375 1921 4447 Unige-

329 4452 521 4521 nitum,
549 4464 610 4509 ut
633 4455 871 4526 ingratos
897 4473 1087 4515 servos
1112 4461 1406 4519 redimeret
1432 4483 1447 4519 :
1473 4467 1782 4536 sanguinem
1801 4467 1923 4524 Filii

328 4545 414 4600 sui
444 4545 495 4598 in
527 4545 757 4616 pretium
783 4548 1049 4616 deposuit.
1081 4549 1126 4606 Ο
1151 4551 1530 4623 benignitatem
1572 4557 1815 4614 Domini!
1843 4559 1924 4616 Ne

327 4635 460 4690 mihi
485 4651 703 4692 rursum
730 4639 879 4696 dicas
909 4641 1164 4698 :Pcccavi
1187 4646 1432 4714 multum,
1452 4649 1722 4717 quomodo
1737 4660 1922 4722 potero

325 4727 552 4783 salutem
571 4732 826 4801 consequi
848 4730 966 4788 ?Tu
987 4749 1091 4787 non
1111 4746 1283 4805 potes,
1303 4735 1559 4796 Dominus
1569 4748 1690 4796 tuus
1713 4751 1881 4811 potest
1904 4760 1921 4800 :

327 4829 491 4890 atque
513 4819 585 4877 ita
619 4831 828 4899 potest,
854 4833 909 4879 ut
949 4825 1125 4882 deleat
1151 4838 1367 4897 peccata
1400 4839 1509 4885 tua.
1541 4832 1773 4888 Attende
1799 4834 1923 4889 dili-

326 4922 553 4983 genter:
583 4917 656 4971 ita
680 4916 824 4973 delet
848 4931 1088 4990 peccata,
1116 4930 1174 4976 ut
1200 4938 1267 4978 ne
1283 4923 1564 4994 vesﬁgium
1592 4925 1804 4995 quidem
1831 4943 1925 4983 eo-

327 5020 449 5060 rum
477 5016 711 5063 maneat.
754 5008 814 5064 In
841 5011 1158 5081 corporibus
1187 5028 1295 5069 non
1325 5013 1451 5070 item
1477 5031 1491 5068 :
1525 5029 1648 5069 nam
1675 5017 1776 5072 etsi
1805 5033 1923 5074 me-

325 5097 478 5156 dicus
505 5101 700 5158 millies
739 5103 972 5158 studium
1025 5115 1080 5161 et
1124 5108 1358 5162 remedia
1416 5108 1688 5173 adhibeat,
1732 5111 1925 5167 vulnus

327 5191 544 5263 quidem
575 5207 608 5249 e
637 5193 814 5249 medio
836 5194 1012 5263 tollit;
1041 5197 1134 5253 sed
1157 5199 1469 5272 plerumque
1493 5201 1564 5268 ei,
1591 5203 1680 5272 qui
1703 5203 1755 5259 in
1787 5201 1924 5259 facie

336 5284 544 5356 plagam
591 5290 840 5360 accepit,
868 5291 1063 5348 vulnus
1107 5295 1324 5365 quidem
1374 5305 1544 5360 curat,
1578 5297 1671 5353 sed
1701 5298 1923 5353 cicatrix

332 5389 591 5448 remanet,
614 5390 668 5438 et
699 5382 751 5437 in
780 5393 1150 5455 argumentum
1197 5388 1430 5442 vulneris
1457 5389 1636 5444 vultus
1664 5389 1922 5445 deformi-

334 5479 495 5527 tatem
530 5473 844 5530 circnmfert
868 5493 884 5530 :
910 5475 1164 5547 milleque
1194 5478 1368 5534 modis
1393 5481 1650 5536 annititur
1684 5482 1922 5538 medicus

331 5560 630 5620 cicatricem
661 5565 863 5632 delere,
891 5566 986 5624 sed
1007 5582 1112 5623 non
1145 5578 1350 5640 potest;
1384 5581 1643 5642 repugnat
1663 5573 1803 5627 enim
1834 5573 1920 5628 itt-

333 5650 557 5710 ﬁrmitas
582 5665 786 5713 naturae
805 5699 822 5725 ,
854 5673 954 5714 nec
980 5673 1087 5714 non
1115 5661 1245 5716 artis
1271 5671 1326 5717 et
1354 5663 1712 5719 remediorum
1748 5665 1917 5722 imbe-

331 5742 539 5801 cillitas.
567 5745 763 5811 Contra
784 5764 911 5813 vero
940 5749 1080 5817 Dens
1111 5767 1231 5817 cum
1261 5765 1480 5832 peccata
1509 5757 1675 5828 delet,
1718 5774 1816 5818 nec
1838 5761 1914 5817 ci-

1058 301 1117 359 S.
1157 297 1437 357 JOANNIS
1473 285 1950 353 CIIRYSOSTOMI
1992 287 2312 376 ABICIIIEP.
2351 293 2884 355 CONSTANTINOP.

3533 302 3637 360 330

2047 409 2298 464 catriccm
2327 411 2602 482 relinquit,
2633 427 2732 467 nec
2781 410 3065 484 vestigium
3107 427 3324 470 manere
3369 413 3532 480 sinit.
3572 432 3635 472 ac

2045 517 2164 557 cum
2192 503 2420 560 sanitate
2450 504 2634 559 forma:
2661 505 2826 562 decus
2862 506 3102 578 largitur,
3130 522 3250 562 cum
3300 508 3636 568 immunitate

2040 608 2070 647 a
2101 595 2362 665 supplicio
2383 595 2644 666 justitiam
2665 597 2779 667 dat,
2808 613 3039 668 eumque
3065 600 3154 670 qui
3174 602 3413 671 peccavit
3433 602 3484 658 ei
3503 643 3520 668 ,
3543 603 3634 673 qui

2041 700 2146 740 non
2189 688 2452 756 peccavit,
2506 705 2688 759 parem
2718 687 2906 746 efﬁcit.
2937 689 3102 746 Tollit
3142 691 3287 748 enim
3332 704 3632 762 peccatum,

2039 788 2202 849 atque
2231 780 2282 835 id
2309 781 2475 838 efﬁcit
2496 792 2551 837 ut
2571 799 2746 854 neque
2779 785 2869 848 sit,
2899 800 3073 854 neque
3104 784 3300 841 factum
3333 785 3530 854 fuerit;
3561 788 3632 842 ita

2038 872 2240 928 scilicet
2279 874 2568 930 universim
2605 874 2754 947 delet
2791 875 2921 931 illud
2953 893 2967 928 :
2995 891 3103 931 non
3146 885 3327 934 manet
3367 877 3590 934 cicatrix
3613 918 3630 946 ,

2039 979 2145 1018 non
2177 965 2480 1036 vestigium,
2501 980 2606 1022 non
2633 978 3026 1038 argumentum,
3057 983 3162 1024 non
3186 969 3415 1038 signum.

2108 1055 2160 1110 3.
2193 1053 2249 1110 ld
2281 1057 2545 1114 undenam
2592 1059 2797 1130 liquet?
2819 1058 3094 1114 Dictorum
3123 1059 3266 1116 enim
3293 1059 3631 1116 demonstra-

2039 1147 2209 1202 tiones
2255 1148 2512 1204 exhibere
2552 1149 2745 1216 debeo,
2797 1151 2869 1206 ita
2894 1159 2953 1206 ut
2980 1166 3087 1207 non
3133 1167 3307 1206 meam
3359 1150 3629 1222 proferam

2035 1241 2374 1304 sententiam,
2395 1240 2488 1296 sed
2504 1257 2570 1297 ex
2587 1241 2886 1313 Scripturis
2897 1242 3283 1308 demonstrem,
3302 1249 3362 1296 ut
3376 1257 3463 1296 res
3481 1251 3628 1296 certa

2036 1329 2437 1402 indubitataque
2475 1343 2708 1406 maneat.
2758 1333 2954 1404 Induco
2997 1333 3156 1404 igitur
3195 1333 3344 1388 vobis
3382 1332 3628 1389 homines

2038 1420 2352 1478 vulneribus
2397 1425 2701 1493 sauciatos,
2760 1424 3014 1495 p0pulum
3060 1425 3325 1495 integrum
3382 1424 3629 1482 homines

2035 1514 2220 1583 plenos
2240 1514 2527 1584 ulceribus,
2542 1517 2712 1583 sanie,
2732 1517 3026 1584 vermibus,
3049 1516 3138 1587 qni
3156 1515 3283 1571 nihil
3304 1515 3446 1571 aliud
3466 1531 3626 1586 quam

2033 1604 2225 1660 vulnus
2250 1614 2305 1663 et
2331 1607 2482 1663 ulcus
2504 1608 2615 1662 sint
2646 1626 2660 1662 :
2693 1609 2784 1679 qui
2811 1617 2984 1663 tamen
3018 1607 3090 1662 ita
3113 1607 3292 1662 curari
3318 1608 3544 1678 possint,
3567 1615 3627 1662 ut

2033 1711 2135 1751 nec
2163 1697 2380 1754 cicatrix
2405 1738 2422 1765 ,
2475 1713 2574 1754 nec
2603 1698 2906 1770 vestigium,
2960 1713 3062 1754 nec
3105 1699 3315 1768 signum
3344 1698 3576 1766 supersit
3603 1714 3623 1758 ξ

2033 1788 2277 1864 homines
2300 1792 2388 1863 qui
2416 1807 2522 1846 non
2550 1807 2738 1856 unum,
2767 1807 2872 1845 non
2901 1790 3029 1857 duo,
3074 1805 3180 1852 non
3214 1789 3334 1854 tria,
3364 1803 3469 1844 non
3489 1803 3626 1860 quae

2033 1890 2153 1938 tuor
2171 1883 2390 1940 vulnera
2420 1884 2669 1951 habeant,
2700 1882 2796 1940 sed
2838 1898 2870 1938 a
2904 1883 3078 1952 capite
3098 1881 3165 1936 ad
3191 1881 3356 1953 pedes
3385 1881 3480 1936 toti
3509 1879 3626 1935 vul—.

2030 1991 2133 2031 nus
2170 1978 2298 2032 sint.
2345 1976 2579 2033 Attende
2629 1977 2914 2048 diligenter
2937 1976 3166 2033 orationi
3195 1983 3314 2030 :cst
3343 1974 3487 2030 enim
3536 1975 3626 2036 hic

2029 2082 2210 2124 sermo
2232 2079 2414 2124 noster
2431 2069 2732 2125 communis
2753 2078 2912 2140 atque
2939 2069 3207 2130 salutaris,
3233 2066 3624 2124 Medicamenta

2030 2176 2159 2234 paro
2189 2162 2519 2218 medicorum
2549 2161 2801 2218 remediis
2847 2161 3244 2232 prtestantiora,
3300 2175 3424 2230 qua:
3447 2175 3517 2215 ne
3538 2174 3626 2214 re-o

2030 2269 2127 2326 ges
2167 2253 2383 2324 quidem
2431 2253 2697 2309 adornare
2741 2261 2985 2323 possunt.
3017 2251 3154 2318 Quid
3181 2267 3277 2311 rex,
3318 2250 3536 2321 potest?
3578 2249 3626 2310 Ε

2028 2362 2248 2404 carcere
2299 2362 2510 2412 eruere,
2563 2363 2594 2400 a
2623 2346 2867 2416 gelxenna
2918 2352 3096 2400 autem
3125 2343 3364 2399 eximere
3388 2357 3496 2399 non
3520 2357 3624 2414 po-

2030 2448 2136 2496 test
2165 2458 2178 2494 :
2209 2439 2464 2510 pecunias
2494 2439 2696 2508 largiri,
2727 2437 2959 2492 animam
2989 2451 3119 2492 vero
3148 2451 3366 2492 servare
3390 2451 3498 2492 non
3525 2451 3624 2490 va-

2027 2531 2120 2586 let.
2152 2530 2258 2586 Sed
2285 2529 2340 2585 in
2370 2545 2560 2584 manus
2589 2529 2918 2599 paenitentiae
2938 2542 3034 2583 vos
3066 2526 3240 2592 trado,
3267 2537 3329 2582 ut
3355 2528 3461 2582 vim
3505 2526 3625 2597 ejus

2028 2621 2297 2686 ediscatis,
2362 2620 2666 2676 utdiscatis
2720 2629 3000 2691 peccatum
3055 2635 3163 2674 non
3207 2620 3256 2675 ei
3303 2621 3621 2690 praevalere,

2033 2729 2209 2785 neque
2239 2714 2402 2768 ullam
2427 2728 2548 2770 esse
2573 2713 2929 2784 iniquitatem,
2953 2727 3074 2783 quae
3102 2711 3207 2766 vim
3230 2711 3346 2781 ejus
3366 2725 3626 2782 superare

2029 2807 2218 2877 possit.
2244 2804 2462 2861 Interim
2491 2805 2687 2860 induco
2715 2819 2826 2860 non
2882 2819 3087 2872 unum,
3139 2818 3248 2858 non
3293 2802 3467 2868 duos,
3512 2817 3622 2860 non

2031 2907 2158 2965 tres,
2188 2897 2286 2953 sed
2313 2897 2514 2968 pluries
2541 2897 2789 2954 millenos
2816 2896 3082 2965 homines,
3099 2895 3408 2952 vulneribus
3429 2895 3624 2951 ulceri-

2026 2989 2232 3061 busque
2257 2989 2466 3059 plenos,
2509 2988 2802 3044 innumeris
2832 2986 3064 3058 peccatis
3112 2995 3337 3042 onustos
3358 3026 3375 3052 ,
3407 2987 3495 3058 qui
3527 3001 3619 3057 pes

2028 3082 2402 3154 pmnitentiam
2427 3081 2499 3136 ita
2545 3080 2774 3136 salutem
2799 3079 3054 3150 consequi
3083 3087 3330 3149 potuere,
3360 3086 3418 3133 ut
3443 3092 3618 3148 neque

2027 3175 2310 3247 vestigium
2339 3189 2510 3246 neque
2525 3175 2743 3230 cicatrix
2765 3174 3001 3243 priorum
3034 3172 3274 3228 ulcerum
3297 3181 3619 3228 remaneret.

2026 3268 2225 3325 Verum
2247 3268 2531 3339 diligenter
2557 3267 2818 3324 attendite
2846 3265 3104 3334 sermoni,
3129 3280 3304 3336 neque
3322 3264 3494 3321 solum
3535 3273 3621 3321 at—

2025 3362 2250 3430 tendite,
2263 3361 2356 3417 sed
2376 3362 2534 3416 etiam
2555 3375 2640 3430 ea,
2654 3376 2772 3430 qua:
2789 3357 3337 3426 dicuntur,memori:e
3353 3356 3620 3427 mandate,

2026 3462 2087 3510 ut
2112 3455 2362 3509 absentes
2395 3453 2716 3518 instituatis,
2754 3461 2808 3508 et
2827 3467 2951 3517 eos,
2983 3452 3072 3524 qui
3101 3451 3330 3507 utilitate
3356 3450 3624 3509 sermonis

2026 3547 2186 3620 hujus
2209 3547 2448 3604 destituti
2476 3556 2632 3613 sunt,
2658 3546 3026 3618 diligentiores
3079 3545 3336 3601 reddatis.
3387 3543 3624 3600 Accedat

2026 3642 2189 3712 igitur
2216 3641 2307 3696 ille
2333 3639 2757 3710 Seraphvinorum
2787 3647 3062 3710 spectator
3088 3638 3271 3701 Isaias,
3303 3638 3394 3708 qui
3433 3635 3618 3708 mysti-

2026 3749 2143 3789 cam
2176 3733 2320 3788 illam
2349 3732 2636 3788 melodiam
2661 3731 2897 3798 audivit,
2937 3732 3028 3802 qui
3067 3731 3274 3786 inﬁnita
3313 3728 3382 3786 de
3408 3728 3623 3785 Christo.

2027 3826 2292 3897 prtedixit.
2321 3825 2461 3892 Quid
2486 3824 2630 3882 dicat
2659 3833 3041 3895 percontemur
3067 3839 3082 3874 :
3119 3820 3289 3888 Visio,
3323 3837 3477 3889 quam
3500 3819 3624 3873 vidit

2026 3919 2196 3975 Isaias
2242 3920 2482 3975 adversus
2505 3917 2746 3974 Judwam
2783 3927 2830 3973 et
2856 3916 3096 3979 adversus
3135 3913 3425 3969 Jerusalem
3467 3912 3620 3986 (Isai.

2027 4011 2081 4066 1.
2109 4012 2185 4081 1).
2228 4010 2324 4066 Dic
2353 4011 2638 4077 visionem,
2669 4025 2828 4080 quam
2870 4007 3075 4063 vidisti.
3104 4007 3269 4072 Audi,
3315 4005 3529 4069 calum,
3573 4015 3624 4066 es

2026 4102 2233 4157 auribus
2244 4103 2463 4175 percipe,
2478 4112 2632 4170 terra,
2645 4101 2765 4174 quia
2777 4100 3028 4160 Domitius
3040 4101 3276 4170 loquutus
3285 4109 3358 4155 est
3368 4097 3529 4170 (Ibid.
3541 4097 3621 4169 2).

2026 4195 2143 4250 Alia
2173 4194 2442 4265 pollicitus
2465 4209 2545 4262 es,
2575 4203 2632 4248 et
2671 4193 2773 4247 alia
2795 4193 2952 4247 dicis.
2983 4191 3240 4260 Quantam
3277 4190 3382 4245 alia
3409 4189 3618 4260 pollici-

2028 4296 2115 4346 tus
2144 4288 2303 4344 sum?
2330 4287 2600 4358 Principio
2621 4287 2777 4354 dicis,
2801 4285 2950 4342 Visio
2972 4284 3232 4340 adversus
3260 4283 3499 4338 Judaaam
3521 4322 3537 4348 ,
3569 4289 3625 4339 et

2025 4380 2283 4437 adversus
2303 4379 2638 4447 Jerusalem,
2665 4387 2721 4434 et
2759 4378 2922 4434 missa
2960 4376 3144 4433 Judrca
3201 4384 3361 4446 atque
3402 4373 3624 4430 Jerusa-

2026 4471 2164 4538 lem,
2197 4472 2384 4528 cn-lum
2412 4471 2703 4542 alloqneris
2721 4511 2734 4535 ,
2758 4477 2816 4526 et
2845 4468 2910 4524 ad
2938 4476 3135 4528 terram
3177 4479 3484 4521 sermonem
3531 4464 3624 4520 dc-

2027 4563 2197 4618 clinas
2220 4580 2235 4616 :
2259 4561 2548 4616 rationales
2573 4560 2820 4616 homines
2847 4559 3041 4614 missos
3061 4557 3192 4613 facis
3209 4599 3225 4623 ,
3252 4567 3306 4612 et
3342 4570 3464 4611 cum
3495 4555 3625 4610 irrao.

2031 4653 2372 4710 tionabilibns
2415 4653 2698 4710 elementis
2751 4651 2917 4706 verba
2943 4650 3186 4706 censeris
3211 4649 3234 4704 ?
3260 4649 3393 4717 Quia
3425 4661 3620 4717 nempe

2029 4746 2481 4802 irrationabilibus
2508 4743 2936 4800 rationabiliores
2973 4742 3094 4798 facti
3122 4750 3250 4796 sunt
3273 4739 3622 4796 rationabiles

2029 4837 2104 4893 illi
2129 4854 2144 4891 :
2176 4853 2350 4908 neque
2382 4837 2506 4893 ideo
2534 4844 2739 4891 tantum
2765 4877 2780 4903 ,
2805 4835 2897 4890 sed
2927 4835 3049 4905 quia
3077 4849 3196 4888 cum
3222 4832 3624 4890 introductum:

2029 4945 2123 4986 eos
2149 4939 2294 4986 esset
2319 4929 2531 5001 Moyses
2555 4929 2607 4984 in
2639 4937 2836 4984 terram
2864 4927 3237 4999 promissionis
3256 4967 3271 4992 ,
3301 4935 3358 4981 et
3385 4939 3506 4995 qua:
3535 4923 3624 4979 fn-

2031 5030 2148 5076 tnra
2176 5030 2328 5076 erant
2363 5020 2717 5092 praevideret,
2747 5018 2890 5090 quod
2921 5019 3176 5073 nimirum
3212 5031 3331 5088 qua:
3378 5015 3482 5071 sibi
3513 5024 3622 5070 tra-

2025 5113 2139 5168 dita
2167 5113 2380 5169 fuerant
2395 5114 2750 5183 contemplari
2777 5121 2958 5168 essent
2986 5129 2999 5166 :
3026 5110 3186 5178 Audi,
3204 5110 3406 5177 calum,
3431 5109 3621 5179 inquit,

2027 5215 2076 5260 et
2103 5205 2328 5260 attendat
2349 5215 2486 5260 terra
2512 5207 2660 5260 verba
2687 5222 2749 5260 ea:
2765 5222 2853 5260 ore
2879 5221 2990 5260 meo
3015 5203 3192 5274 (Deut.
3217 5203 3400 5271 ΜΛ).
3420 5201 3626 5257 Come-

2027 5306 2144 5354 stor
2165 5299 2318 5354 vobis
2334 5299 2524 5353 ctelum
2545 5307 2600 5353 et
2620 5310 2838 5363 terram,
2861 5297 3030 5367 inquit
3053 5295 3288 5367 Moyses,
3325 5291 3467 5364 quod
3485 5294 3529 5348 si
3546 5293 3623 5348 in-

2028 5392 2201 5462 gressi
2228 5391 2432 5446 fueritis
2449 5390 2500 5444 in
2519 5399 2716 5444 terram
2738 5387 3110 5459 promissionis
3125 5427 3140 5452 ,
3157 5395 3212 5442 et
3226 5385 3620 5455 dereliqueritis

2031 5481 2319 5538 Dominum
2344 5483 2531 5548 Deum,
2551 5481 2782 5535 futurum
2799 5479 2867 5534 sit
2885 5487 2942 5533 ut
2961 5477 3340 5549 dispergamini
3358 5478 3410 5531 in
3438 5487 3623 5532 omnes

2027 5571 2400 5645 gentes.Venit
2415 5572 2578 5628 Isaias
2595 5589 2608 5625 :
2627 5571 2858 5626 futurum
2871 5579 2987 5624 erat
2999 5579 3056 5624 ut
3072 5567 3414 5624 comminatio
3428 5566 3480 5621 in
3492 5579 3624 5635 opus

2026 5665 2266 5737 prodiret
2294 5683 2308 5718 :
2337 5680 2444 5720 non
2473 5673 2680 5734 poterat
2717 5661 2952 5732 Moysem
2982 5675 3229 5725 evocare,
3259 5671 3360 5714 nec
3388 5671 3502 5722 eos,
3533 5661 3623 5726 qui

2029 5761 2203 5832 ipsum
2223 5757 2521 5828 audierant,
2550 5765 2735 5830 utpote
2755 5753 3064 5823 defunctos;
3095 5761 3148 5812 et
3177 5751 3440 5812 elementa
3461 5745 3621 5808 adva-
