4100 6480
261 348 405 407 339'

260 472 425 544 ἔχει,
451 472 485 544 ἠ
525 470 783 544 μετάνοια
818 469 917 543 τὴν
946 466 1293 542 δικαιοσύνην
1319 468 1599 541 ’κέκτηται
1619 483 1637 501 °
1680 465 1831 537 Λέγε
1853 462 1967 534 γὰρ

166 598 175 607 .
257 561 393 628 τὰς
429 559 683 630 ἀνομίας
726 573 845 614 σου
891 556 1142 629 πρῶτος,
1191 558 1295 613 Ira
1323 554 1673 626 δικαιωθῇς·
1727 555 1844 619 καὶ,
1875 552 1970 607 Δί-

263 663 458 715 καιος
486 646 709 703 ἑαυτοῦ
732 646 1066 718 κατήγορος
1093 646 1166 701 ἐν
1194 645 1585 715 πρωτολοτίᾳ.
1617 641 1790 707 Εἰδὼς
1812 637 1907 697 οὖν
1938 644 1968 697 6

262 733 551 803 Σατανᾶς,
580 737 662 791 ὅτι
680 738 714 808 ἡ
747 734 846 808 μὶν
870 735 1113 807 ἁμαρτία
1134 735 1246 805 εχει
1279 734 1377 807 τὴν
1404 732 1696 805 αἰσχύνην,
1734 732 1970 802 πρᾶγμα

268 825 847 899 ἰκανῶςεὰποκροῦσαι
870 825 961 880 τὸν
985 825 1367 896 ἁμαρτάνοντα
1390 822 1707 894 δυνάμενον,
1734 821 1768 892 ἡ
1791 820 1848 873 δὲ
1874 837 1971 891 με·

266 916 475 971 τάνοια
514 915 639 987 ἔχει·
668 914 769 987 τὴν
794 914 1132 987 παρρησίαν.
1164 915 1397 985 πρᾶγμα
1444 909 1629 965 ἰκανὸν
1656 902 1970 962 ἐπισπάσα-

270 1007 415 1061 σθαι
440 1006 534 1059 τὸν
572 1002 956 1077 μετανοοῦντα,
1011 1000 1268 1074 ἐνήλλαξε
1312 1001 1413 1070 τὴν
1444 997 1619 1066 τάξιν,
1669 996 1764 1051 καὶ
1797 995 1967 1051 έδωκε

267 1095 390 1169 τὴν
418 1090 680 1167 αἰσχύνην
704 1096 773 1166 τῇ
810 1091 1089 1165 μετανοίᾳ,
1116 1091 1213 1145 καὶ
1226 1088 1325 1160 τὴν
1351 1086 1667 1161 παρρησίαν
1689 1087 1756 1156 τῇ
1781 1086 1965 1156 ἁμαρ-

269 1185 398 1256 τίᾳ.
426 1182 597 1237 Πόθεν
623 1180 814 1247 τοῦτο;
843 1179 954 1249 ἐγὼ
981 1179 1144 1247 λέγω.
1183 1175 1492 1231 Ἀλίσκεταί
1521 1192 1606 1238 τις
1639 1173 1747 1228 ὑπὸ
1777 1170 1970 1226 ὲπιθυ-

275 1273 422 1345 μίας
466 1270 714 1344 χαλεπῆς
757 1269 895 1342 πρὸς
953 1268 1234 1338 πάνδημον
1289 1265 1495 1338 πόρνην
1517 1282 1532 1297 ’
1587 1256 1871 1318 ἀκολουθεῖ
1896 1263 1965 1334 τῇ

270 1360 465 1433 πόρνῃ
514 1360 592 1424 ὡς
626 1358 973 1430 αἰχμάλωτος
995 1374 1009 1388 ·
1042 1355 1349 1428 εἰσέρχεται
1383 1355 1465 1416 είς
1499 1352 1562 1406 τὸ
1583 1349 1963 1421 καταγώγιονο

267 1451 384 1505 οὐκ
409 1451 816 1522 αἰσχυνόμενος,
846 1449 947 1502 οὐκ
977 1445 1246 1521 ἐρυθριῶν
1283 1444 1655 1517 συμπλέκεται
1676 1445 1743 1515 τῇ
1768 1441 1979 1514 πόρνῃ,⁵

270 1536 515 1611 πράττει
537 1540 636 1611 τὴν
663 1537 936 1610 ἁμαρτίαν
955 1553 970 1569 ο
1005 1533 1244 1608 οὐδαμοῦ
1262 1533 1493 1607 αἰσχύνη
1524 1531 1690 1604 αὐτῷ,
1727 1528 1967 1602 οὐδαμοῦ

268 1627 512 1699 ἐρυθριᾷ
531 1643 546 1658 ο
569 1626 852 1699 ἐξέρχεται
882 1624 1092 1679 ἐκεῖθεν
1115 1622 1252 1695 μετὰ
1275 1622 1337 1676 τὸ
1356 1621 1508 1684 τέλος
1535 1620 1638 1692 τῆς
1669 1618 1967 1690 ἁμαρτίας,

269 1719 377 1774 καὶ
401 1718 490 1773 ἵνα
520 1714 835 1788 μετανοήσῃ
855 1712 1191 1784 αἰσχύνεται.
1228 1711 1416 1764 ’Ἀθλιε
1436 1749 1452 1774 ,
1482 1710 1571 1764 ὅτε
1605 1707 1968 1780 περιεπλέκου

268 1809 344 1879 τῇ
380 1807 582 1877 πόρνῃ,
613 1803 714 1858 οὐκ
740 1800 998 1874 ᾐσχύνου,
1025 1800 1139 1855 ἀλλ’
1173 1801 1262 1854 ὅτε
1280 1795 1444 1872 ἦλθες
1472 1797 1827 1870 μετανοῆσαι,
1844 1796 1969 1850 τότε

270 1894 551 1966 αἰσχύνῃς
599 1891 944 1964 Αἰσχύνεται,
972 1888 1125 1955 εἰπέ;
1174 1889 1257 1953 εἰς
1288 1886 1340 1942 τί
1385 1885 1475 1940 ὅτε
1512 1884 1842 1957 ἐπόρνευσεν
1868 1884 1970 1937 οὐκ

268 1981 584 2055 ᾑσχύνετος
608 1981 683 2035 Τὸ
710 1980 945 2051 πρᾶγμα
967 1978 1217 2050 πράττει,
1246 1975 1340 2030 καί
1370 1975 1471 2028 οὐκ
1504 1972 1841 2045 αἰσχύνεται,
1873 1971 1970 2027 καὶ

270 2069 337 2125 τὸ
370 2071 529 2143 ῥῆμα
559 2069 822 2142 ἐρυθριᾷ;
851 2065 1109 2120 Διαϐόλου
1129 2063 1186 2119 δέ
1208 2066 1325 2119 ἐστι
1350 2060 1659 2135 κακουργία
1691 2060 1854 2130 αὕτη.
1881 2061 1975 2115 Ἐν

271 2159 343 2230 τῇ
384 2157 632 2230 ἁμαρτία
669 2156 768 2210 οὐκ
792 2153 1017 2228 ἀφίησιν
1044 2151 1205 2207 αὐτὸν
1227 2149 1599 2223 αἰσχύνεσθαι,
1628 2148 1765 2203 ἀλλά
1799 2149 1969 2221 δημο-

275 2244 564 2301 σιεύεσθαι
583 2261 598 2276 ο
616 2239 726 2298 οῖδε
757 2243 886 2314 γὰρ,
911 2243 994 2296 ὅτι
1020 2241 1115 2296 ἐὰν
1137 2240 1425 2312 αἰσχυνθῇ,
1448 2238 1639 2309 φεύγει
1665 2238 1765 2310 τὴν
1783 2238 1969 2310 ἁμαρ-

271 2335 435 2390 τίαν·
469 2334 529 2387 ἐν
554 2334 621 2405 τῇ
657 2331 920 2404 μετανοίᾳ
937 2332 1080 2384 ποιεῖ
1106 2328 1271 2383 αὐτὸν
1302 2326 1689 2399 αἰσχύνεσθαι,
1718 2321 1825 2381 οἵδε
1860 2325 1972 2399 γὰρ

270 2424 361 2479 ὅτι
391 2420 785 2494 αἰσχυνόμενος
811 2419 872 2473 οὐ
928 2419 1198 2490 μετανοεῖ.
1235 2414 1339 2469 Δύο
1370 2413 1518 2469 κακὰ
1547 2415 1710 2479 ποιεῖ,
1742 2413 1840 2468 καὶ
1889 2412 1977 2479 εἰςΔ

272 2511 380 2584 τὴν
400 2508 679 2582 ἁμαρτίαν
705 2507 876 2570 ἕλκει,
908 2506 1004 2560 καὶ
1020 2503 1117 2577 τὴν
1138 2502 1428 2577 μετάνοιαν
1454 2501 1662 2573 ἐπέχει.
1691 2501 1757 2554 Τί
1780 2501 1972 2573 αἰσχύ-

272 2618 346 2673 νῃ
366 2599 595 2665 λοιπόν;
624 2599 752 2653 Ὅτε
774 2594 1069 2668 ἐπόρνευες
1089 2635 1104 2661 ,
1142 2589 1247 2648 οὐκ
1273 2590 1510 2665 ᾐσχύνου
1529 2606 1545 2621 θ
1598 2592 1687 2645 ὅτε
1729 2592 1791 2646 τὸ
1826 2591 1971 2663 φάρ-

279 2706 460 2762 μακον
485 2688 756 2760 ἐπιτίθης,
782 2686 1014 2759 αἰσχύνῃ
1036 2703 1050 2753 ;
1074 2686 1163 2740 ὅτε
1189 2683 1551 2747 ἀπαλλάττεις
1572 2682 1763 2738 ἐαυτὸν
1791 2683 1973 2755 ἀμαρ-

275 2778 423 2843 τίας,
448 2776 716 2850 αἰσχύνῃς
756 2774 1154 2843 Τότεῶφειλες
1197 2771 1573 2844 αἰσχύνεσθαι,
1615 2771 1736 2825 τότε
1764 2769 1871 2825 ἔδει
1909 2787 1970 2824 σε

275 2867 636 2939 αἰσχύνεσθαι
667 2905 683 2931 ,
725 2866 817 2920 ὅτε
848 2864 1188 2938 ἡμάρτανες.
1213 2862 1345 2916 Ὅτε
1390 2860 1572 2931 ὲγίνου
1623 2854 1969 2933 ἁμαρτωλὸς,

274 2957 382 3012 οὐκ
435 2955 672 3029 ᾐσχύνου
699 2973 714 2988 ο
759 2954 850 3009 ὅτε
900 2954 1026 3027 γίνῃ
1086 2952 1311 3031 δίκαιος,
1368 2947 1634 3020 αἰσχύνῃ;
1684 2947 1834 3017 Λέγε
1862 2946 1971 3015 τὰς

274 3046 534 3115 ἀνομίας
565 3057 685 3100 σου
714 3041 964 3111 πρῶτος,
998 3041 1100 3095 ἵνα
1122 3034 1464 3107 δικαιωθῇς.
1486 3031 1559 3089 Ὠ
1588 3033 1970 3108 φιλανθρωπία

275 3135 579 3189 Δεσπότουέ
614 3132 728 3187 Οὐκ
760 3127 936 3197 εἶπεν,
970 3130 1101 3184 Ἵνα
1120 3128 1196 3200 μὴ
1237 3125 1531 3198 κολασθῇς,
1563 3124 1679 3180 ἀλλ’
1721 3123 1858 3179 ἰνα
1885 3122 1971 3177 δι-

275 3220 545 3291 καιωθῇς
565 3236 579 3250 ·
626 3221 728 3274 οὐκ
761 3219 921 3293 ἢρκει
954 3216 1124 3289 αὐτῷ,
1158 3216 1241 3270 ὅτι
1269 3216 1332 3268 οὐ
1367 3214 1620 3280 κολάζεις
1648 3213 1832 3277 αὐτὸν,
1886 3211 1967 3266 ἔτι

276 3312 374 3365 καὶ
397 3310 609 3364 δίκαιον
631 3309 805 3372 ποιεῖς
824 3323 839 3374 ;
861 3307 972 3360 Καὶ
988 3304 1152 3360 πάνυ.
1199 3301 1360 3357 Ἀλλά
1379 3301 1616 3375 πρόσεχε
1650 3301 1790 3374 μετά
1810 3302 1969 3373 ἀκρι-

274 3399 437 3464 ϐείας
483 3398 561 3471 τῷ
598 3396 762 3469 λόγῳ.
826 3396 1047 3450 Δίκαιον
1076 3392 1239 3447 αὐτὴν
1270 3389 1432 3447 ποιῶ.
1497 3391 1607 3445 Καὶ
1654 3389 1758 3444 ποῦ
1809 3389 1968 3445 τοῦτο

274 3470 541 3559 ἐποίησεν
554 3503 570 3553 ;
616 3487 740 3540 Ἑπί
765 3482 859 3539 τοῦ
883 3480 1109 3557 λῃστοῦ,
1147 3481 1235 3535 ἴνα
1258 3470 1388 3554 εἴπῃ
1412 3479 1572 3550 μόνον
1591 3480 1788 3545 ἐκεῖνο,
1815 3477 1970 3534 Οὐδὲ

274 3574 441 3645 φοϐῇ
478 3574 560 3630 σὺ
588 3573 697 3628 τὸν
719 3573 893 3639 Θεὸν,
923 3570 1002 3641 τῷ
1028 3569 1230 3641 ἑταίρῳ
1262 3566 1450 3622 αὑτοῦ.
1494 3567 1605 3622 Καὶ
1647 3564 1822 3636 ἡμεῖς
1848 3566 1970 3637 μὲν

274 3663 527 3730 δικαίως
543 3678 559 3692 ο
607 3661 685 3727 ἇξ
689 3677 747 3715 ια
774 3661 885 3732 γὰρ
920 3653 1008 3714 ὧν
1059 3655 1404 3726 ἐπράξαμεν
1441 3652 1964 3724 ἀπολαμϐάνομεν.

274 3751 448 3821 Λέγει
482 3750 618 3823 πρὸς
643 3748 802 3803 αὐτὸν
828 3749 857 3800 6
885 3747 1098 3819 Σωτήρ·
1132 3741 1406 3813 Σήμερον
1417 3739 1544 3811 μετ’
1572 3740 1721 3811 ἐμοῦ
1744 3742 1860 3811 ἔσῃ
1896 3741 1969 3797 ἐν

275 3836 358 3907 τῷ
390 3838 763 3910 παραδείσῳ.
818 3836 933 3893 Οὐκ
986 3830 1162 3898 εἶπεν,
1207 3831 1561 3887 ’Δπαλλάττω
1600 3840 1661 3883 σε
1688 3828 1967 3896 κολάσεως

278 3928 375 3982 καὶ
390 3927 686 4002 τιμωρίας,
718 3924 832 3981 ἀλλ’
855 3925 935 3989 εἰς
961 3923 1053 3978 τὸν
1082 3916 1649 3994 παράδεισον⁷“είσάγει
1693 3917 1858 3974 αὐτὸν
1885 3917 1966 3972 δί-

275 4035 461 4075 καιον.

346 4101 512 4170 Εἶδες
550 4104 660 4159 ἀπὸ
704 4101 1144 4175 ἐξομολογήσεως
1200 4098 1408 4153 δίκαιον
1457 4096 1785 4169 γενόμενονς
1820 4096 1962 4152 Πολὺ

278 4192 666 4266 φιλάνθρωπός
690 4195 837 4249 ἐστιν
864 4193 895 4246 6
916 4189 1051 4255 Θεός
1071 4205 1086 4221 ο
1122 4185 1253 4243 Υἰοῦ
1279 4187 1379 4241 ούκ
1411 4186 1687 4257 ἐφείσατο,
1720 4186 1807 4241 ίνα
1838 4185 1960 4240 δούς

276 4281 371 4339 λου
408 4283 699 4354 φείσηται·
735 4278 1020 4353 παρέδωκε
1070 4277 1163 4331 τὸν
1221 4273 1528 4347 Μονόγενῆ,
1572 4274 1661 4329 ῖνα
1714 4273 1964 4349 ἀγοράσῃ

275 4370 501 4434 δούλους
547 4365 871 4439 ἀγνώμονας
893 4380 908 4394 ‘
962 4364 1025 4420 τὸ
1082 4358 1222 4435 αἷμα
1278 4359 1374 4416 τοῦ
1407 4359 1541 4415 Υίοῦ
1594 4356 1762 4416 αὑτοῦ
1791 4360 1962 4432 τιμὴν

278 4457 605 4515 κατέϐαλεν.
630 4451 700 4508 Ὦ
733 4452 1112 4525 φιλανθρωπία
1137 4450 1431 4505 Δεσπότου.
1467 4449 1578 4503 Καὶ
1608 4449 1684 4522 μή
1724 4464 1813 4520 μοι
1834 4449 1959 4519 λέγε

277 4548 467 4603 πάλιν·
502 4544 792 4617 Ἥμαρτον
831 4530 1020 4608 πολλὰ,
1057 4538 1153 4595 καὶ
1184 4537 1300 4603 πῶς
1335 4538 1635 4609 δυνήσομαι
1678 4536 1959 4610 σωθῆναι;

372 4635 436 4689 οὐ
463 4633 709 4697 δύνασαι,
741 4634 770 4686 6
801 4630 1079 4702 Δεσπότης
1137 4644 1230 4682 σου
1258 4625 1480 4681 δύναται
1499 4667 1513 4691 ,
1548 4626 1645 4680 καὶ
1673 4624 1847 4691 οὕτως
1885 4626 1962 4691 ὡς

277 4719 556 4794 ἐξαλεῖψαι
570 4721 640 4776 τά
663 4717 816 4794 [544]
831 4717 1052 4791 ἁμαρτῆ
1059 4734 1226 4788 ματα.
1248 4713 1490 4789 Πρόσεχε
1511 4712 1651 4786 μετά
1673 4714 1961 4787 ἀκριϐείας

276 4809 356 4882 τῷ
384 4810 548 4882 λόγῳ·
572 4808 745 4872 οὕτως
768 4804 1039 4875 ἐξαλείφει
1058 4803 1128 4858 τά
1145 4802 1538 4876 ἁμαρτήματα,
1557 4802 1634 4866 ὡς
1654 4803 1795 4875 μήτε
1814 4801 1960 4873 ἴχνος

278 4899 459 4954 αὐτῶν
492 4901 696 4970 μεῖναι.
730 4893 854 4950 Ἐπὶ
878 4894 975 4966 μὲν
997 4891 1107 4965 γὰρ
1132 4891 1242 4945 τῶν
1265 4893 1533 4964 σωμάτων
1563 4890 1664 4945 οὐκ
1680 4889 1760 4945 ἔνι
1776 4890 1959 4958 τοῦτο,

280 4986 418 5043 ἀλλά
448 4986 550 5043 κᾶν
581 4985 839 5061 μυριάκις
875 4980 1153 5053 σπουδάσῃ
1180 4982 1208 5032 6
1265 4979 1470 5052 ἰατρὸς,
1528 4978 1631 5034 κάν
1682 4974 1957 5053 φάρμακα

279 5074 441 5148 ἐπιθῇ
473 5075 553 5148 τῷ
588 5072 905 5146 τραύματι,
956 5067 1145 5141 τὸμὲν
1192 5069 1414 5140 τραῦμα
1463 5068 1765 5139 ἠφάνισενο
1817 5066 1962 5124 ἀλλά

281 5162 539 5228 πολλάκις
572 5160 788 5234 ἐπλήγη
812 5177 898 5224 τις
946 5158 1026 5222 εἰς
1053 5156 1150 5229 τὴν
1174 5155 1298 5227 ὄψιν
1322 5195 1337 5221 ,
1376 5155 1472 5211 καὶ
1502 5154 1564 5212 τὸ
1592 5155 1693 5227 μὲν
1730 5153 1956 5227 τραῦμα,

1450 352 1542 411 DE
1577 343 2055 410 PCENITENTIA.
2097 340 2334 403 HOMIL.
2376 344 2509 405 VIII.

3649 352 3757 412 540

2070 460 2134 514 τὸ
2164 462 2458 537 ἀνίσχυρον
2489 465 2590 537 τῆς
2606 466 2825 541 τέχνης,
2857 469 2954 525 καὶ
2974 470 3031 525 τὸ
3056 469 3271 535 εὐτελὲς
3296 469 3407 525 τῶν
3429 471 3755 544 φαρμάκων.

2083 549 2143 604 '0
2164 549 2222 604 δέ
2250 551 2383 618 Θεὸς
2417 554 2548 609 ὅταν
2580 554 2839 631 ἐξαλείφῃ
2867 557 2936 612 τά
2989 559 3386 633 ἁμαρτήματα,
3422 559 3546 613 οὐδέ
3594 560 3760 632 οὐλὴν

2070 637 2316 711 ἀφίησιν,
2371 641 2495 696 οὐδὲ
2549 641 2694 715 ἴχνος
2742 648 3022 719 συγχωρεῖ
3075 650 3276 720 μεῖναι,
3311 646 3449 702 ἀλλὰ
3474 648 3616 721 μετὰ
3658 651 3760 722 τῆς

2071 727 2281 796 ὑγιείας
2306 729 2398 783 καὶ
2418 729 2519 802 τὴν
2547 732 2850 805 εὐμορφίαν
2873 734 3179 807 χαρίζεται,
3208 736 3348 807 μετά
3371 736 3472 808 τῆς
3512 736 3760 792 ἀπαλλα·

2070 815 2177 888 γῆς
2205 817 2307 889 τῆς
2344 818 2621 885 κολάσεως
2646 823 2742 875 καὶ
2771 823 3122 895 δικαιοσύνην
3149 824 3354 890 δίδωσι,
3377 826 3471 880 καὶ
3499 829 3646 881 ποιεῖ
3664 826 3757 882 τὸν

2069 906 2431 979 ἡμαρτηκότα
2461 910 2577 964 ἴσον
2594 904 2732 964 εἷναι
2754 910 2834 984 τῷ
2865 910 2939 983 μὴ
2970 899 3335 985 ημαρτηκότι.
3374 914 3621 987 Ἀναιριῖ
3646 915 3761 989 γάρ

2068 993 2131 1048 τὸ
2164 995 2497 1070 ἁμάρτημα,
2533 1000 2625 1053 καὶ
2654 1003 2798 1054 ποιεῖ
2822 1000 2955 1055 αὐτὸ
2983 1002 3118 1075 μηδέ
3156 999 3295 1058 εἶναι
3317 1044 3331 1066 ,
3371 1003 3508 1076 μηδέ
3541 1006 3762 1076 γεγονέ-

2069 1098 2158 1136 ναι
2178 1100 2194 1115 ο
2227 1082 2371 1138 οὕτω
2414 1085 2645 1140 καθόλου
2689 1088 2824 1143 αὐτὸ
2849 1090 3095 1162 ἀναιρεῖ·
3141 1090 3241 1145 οὐκ
3269 1089 3421 1164 οὐλὴ,
3453 1092 3555 1147 οὐκ
3585 1093 3756 1165 ῐχνος,

2069 1171 2170 1226 οὐκ
2194 1172 2431 1245 ἐλεγχος,
2462 1176 2522 1229 οὐ
2549 1177 2764 1249 δεῖγμα.
3039 1190 3042 1193 ‘

2144 1267 2217 1330 γ’.
2242 1260 2346 1316 Καὶ
2379 1263 2549 1317 πόθεν
2571 1265 2731 1337 δῆλον
2744 1265 2939 1335 τοῦτο;
2968 1259 3069 1321 Ὧν
3080 1266 3191 1339 γάρ
3217 1266 3327 1337 ἐγὼ
3354 1267 3519 1337 λέγω,
3533 1268 3627 1324 καὶ
3656 1271 3763 1336 τὰς

2069 1347 2376 1417 ἀποδείξεις
2401 1353 2605 1423 ὀφείλω
2634 1355 3037 1430 παρασχέσθαι,
3072 1356 3214 1410 ὥστε
3252 1356 3329 1429 μὴ
3358 1357 3756 1428 ἀποφαίνεσθαι

2073 1437 2253 1509 μόνον,
2291 1440 2407 1494 ἀλλ⁹
2435 1443 2819 1498 ἀποδεικνύναι
2847 1443 2956 1498 ἀπὸ
2980 1443 3091 1499 τῶν
3113 1443 3366 1518 Γραφῶν,
3390 1446 3477 1500 ἵνα
3505 1446 3759 1520 ἀσφαλὴς

2072 1526 2231 1600 μείνῃ
2269 1530 2700 1605 η’πληροφορία.
2745 1532 2969 1602 Εἰσάγω
3006 1528 3101 1588 οὖν
3130 1534 3261 1605 ὑμῖν
3295 1533 3617 1607 ἀνθρώπους
3664 1553 3757 1591 τε-

2067 1620 2579 1690 τραυματισμένους
2605 1660 2621 1685 ,
2655 1619 2828 1693 δῆμον
2874 1620 3190 1694 ὁλόκληρον,
3247 1620 3423 1677 ἑλκῶν
3459 1623 3754 1695 γέμοντας,

2071 1705 2383 1775 σηπεδόνος,
2419 1707 2721 1781 σκωλήκων
2742 1749 2757 1774 ,
2796 1708 2917 1764 ὅλον
2945 1708 3171 1783 τραῦμα
3197 1709 3378 1777 ὄντας,
3428 1710 3549 1765 ὅλον
3578 1710 3756 1781 ἕλκος,

2069 1793 2165 1846 καί¹
2195 1792 2338 1848 οὕτω
2360 1795 2698 1867 δυναμένους
2713 1796 3142 1869 θεραπευθῆναι,
3167 1797 3243 1862 ὡς
3267 1797 3347 1871 μὴ
3369 1800 3552 1870 μεῖναι
3571 1800 3756 1873 οὐλὴν,

2067 1879 2144 1945 ὡς
2173 1880 2248 1954 μὴ
2283 1884 2466 1955 μεῖναι
2497 1883 2662 1956 ἴχνος,
2693 1885 2770 1952 ὡς
2813 1886 2888 1959 μὴ
2922 1889 3103 1959 μεῖναι
3142 1886 3370 1957 δεῖγμα’
3403 1886 3504 1958 οὐχ
3523 1886 3582 1942 ἐν
3605 1889 3762 1961 ἔχον-

2069 1984 2167 2035 τας
2189 1969 2433 2043 τραῦμα,
2448 1973 2518 2026 ὀὐ
2542 1973 2658 2037 δύο,
2688 1974 2751 2028 οὐ
2785 1975 2933 2047 τρία,
2965 1976 3028 2030 οὐ
3057 1975 3323 2048 τέσσαρα,
3356 1976 3473 2032 ἀλλ’
3508 1978 3619 2033 ἀπὸ
3656 1996 3757 2033 πο-

2068 2055 2194 2110 δῶν¹
2221 2058 2328 2123 ἕως
2379 2060 2623 2132 κεφαλῆς
2651 2060 2875 2134 τραῦμα
2907 2062 3087 2130 ὄντας.
3124 2066 3368 2140 Πρόσεχε
3417 2068 3557 2140 μετά
3603 2068 3763 2140 ἀκρι-

2069 2142 2222 2208 ϐείας
2249 2144 2328 2218 τῷ
2359 2146 2501 2219 λόγῳ
2521 2166 2535 2179 ·
2567 2149 2748 2213 κοινὸς
2773 2149 2881 2222 γάρ
2902 2152 2931 2205 6
2960 2150 3117 2220 λόγος
3155 2147 3308 2221 οὗτος
3337 2155 3494 2226 ήμῶν
3522 2154 3616 2209 καὶ
3646 2170 3754 2208 σω-

2068 2231 2277 2304 τήριος.
2322 2234 2595 2307 Φάρμακα
2632 2235 3033 2303 κατασκευάζω
3083 2238 3194 2292 τῶν
3237 2240 3440 2314 ἰατρῶν
3487 2240 3752 2312 βελτίονα,

2069 2314 2157 2373 οἷα
2183 2320 2311 2376 οὔτε
2345 2323 2588 2394 βασιλεῖς
2620 2326 3035 2381 κατασκευάσαι
3077 2328 3355 2384 δύνανται.
3405 2328 3672 2394 Βασιλεὺς
3701 2329 3755 2384 τί

2068 2407 2323 2479 δύναται;
2356 2412 2742 2485 Δεσμωτηρίου
2776 2413 3049 2480 ἐκϐαλεῖν,
3090 2415 3319 2490 γεέννης
3361 2416 3420 2471 δὲ
3449 2416 3752 2491 ἐλευθερῶ-

2072 2514 2161 2554 σαι
2190 2500 2252 2554 οὐ
2284 2501 2535 2555 δύναται·
2567 2503 2829 2574 χρήματα
2868 2503 3238 2575 χαρίσασθαι,
3285 2504 3466 2578 ψυχὴν
3488 2506 3546 2560 δὲ
3580 2507 3753 2562 σῶσαι
3794 2532 3800 2537 έ

2068 2588 2130 2642 ού
2162 2589 2404 2645 δύναται.
2446 2589 2607 2644 Ἀλλά
2650 2594 2717 2662 τῇ
2752 2592 2897 2664 χειρὶ
2923 2592 3025 2663 τῆς
3059 2593 3348 2664 μετανοίας
3398 2596 3545 2667 ὑμᾶς
3577 2597 3758 2667 ἐγχει-

2073 2675 2227 2749 ρίζω,
2260 2679 2365 2732 ἵνα·
2375 2678 2583 2751 μάθητε
2613 2678 2786 2750 αὐτῆς
2813 2680 2913 2751 τὴν
2943 2678 3196 2752 δύναμιν,
3233 2681 3320 2736 ἵνα
3352 2683 3562 2755 μάθητε
3582 2685 3756 2757 αὐτῆς

2067 2766 2168 2839 τὴν
2198 2768 2371 2838 ἰσχὺν,
2406 2767 2493 2821 ἴνα
2524 2766 2735 2839 μάθητε
2773 2768 2855 2821 ὅτι
2886 2768 2949 2822 ού
2984 2769 3326 2841 περιγίνεται
3365 2771 3538 2844 αὐτῆς
3573 2773 3758 2845 ἀμάρ-

2068 2871 2241 2926 τημα,
2273 2855 2395 2909 οὐδὲ
2428 2855 2544 2908 ἔστι
2576 2855 2896 2927 παρανομία
2939 2856 3200 2928 ἰσχύουσα
3230 2859 3618 2931 περιγενέσθαι
3653 2862 3757 2915 αὺ-

2067 2944 2168 3015 τῆς
2199 2943 2297 3016 τῆς
2326 2943 2631 3015 δυνάμεως.
2689 2942 2840 3008 Τέως
2890 2944 3100 3014 εἰσάγω
3131 2946 3230 3017 οὐχ
3279 2946 3397 3011 ἕνα,
3446 2946 3507 3001 οὐ
3551 2947 3666 3015 δύο,
3692 2949 3753 3004 οὐ

2068 3030 2236 3103 τρεῖς,
2277 3030 2417 3086 ἀλλὰ
2455 3030 2702 3102 χιλιάδας
2750 3030 2955 3095 πολλὰς
2998 3032 3349 3105 ήλκωμένας,
3389 3053 3756 3109 τετραυματι-

2069 3123 2296 3195 σμένας,
2330 3123 2541 3194 μυρίων
2567 3120 2987 3194 ἁμαρτημάτων
3007 3122 3308 3193 γεμούσας,
3331 3124 3442 3179 ἀπὸ
3458 3125 3561 3197 τῆς
3589 3144 3757 3198 μετα-

2065 3210 2218 3276 νοίας
2263 3210 2573 3283 δυναμένας
2612 3208 2874 3283 σωθῆναι,
2926 3209 3005 3276 ὡς
3036 3211 3172 3282 μηδὲ
3203 3210 3369 3283 ίχνος,
3404 3213 3540 3286 μηδὲ
3590 3215 3757 3287 οὐλὴν

2066 3300 2211 3373 ἔχειν
2233 3299 2343 3355 τῶν
2372 3299 2547 3355 ἑλκῶν
2578 3298 2689 3355 τῶν
2727 3300 3032 3372 προτέρων.
3081 3300 3250 3355 Ἀλλά
3281 3305 3583 3376 προσέχετε
3615 3306 3757 3377 μετά

2066 3389 2356 3463 ἀκριϐείας
2369 3380 2449 3461 τῷ
2472 3387 2636 3460 λόγῳ,
2659 3388 2756 3442 καλ⁵
2778 3389 2853 3460 μὴ
2877 3384 3175 3460 προσέχετε
3201 3390 3383 3462 μόνον,
3411 3390 3548 3448 ἀλλά
3570 3394 3665 3448 καὶ
3684 3398 3754 3469 τῇ

2070 3480 2261 3552 μνήμῃ
2316 3477 2635 3551 παραδίδοτε
2674 3478 2742 3533 τὰ
2771 3478 3064 3549 λεγόμενα,
3093 3480 3180 3536 ῐνα
3233 3482 3484 3549 καὶτοὺς
3535 3470 3755 3541 ἀπολει-

2067 3566 2727 3640 φθένταςσυμδιὸάσητε,
2761 3568 2855 3623 καὶ
2895 3568 3040 3623 οὕτω
3072 3572 3140 3642 τῇ
3178 3569 3420 3646 ὠφελείᾳ
3454 3572 3566 3628 τῶν
3603 3561 3791 3649 εἰρη-’“

2070 3659 2273 3730 μένων
2306 3658 2548 3731 ἐρήμους
2602 3657 2764 3724 θντας
2840 3658 3298 3734 σπουδαιοτέρους
3349 3650 3781 3736 καταστήσητε,’

2065 3747 2337 3821 Παρέστω
2368 3747 2551 3803 τοίνυν
2588 3748 2819 3813 Ἡσαΐας
2863 3747 2893 3800 ό
2931 3749 3040 3804 τῶν
3074 3750 3328 3822 Σεραφὶμ
3352 3751 3577 3826 θεωρὸς,
3614 3756 3645 3809 6
3690 3753 3755 3808 τὸ

2068 3836 2335 3907 μυστικὸν
2362 3836 2526 3907 μέλος
2569 3835 2813 3900 ἀκούσας
2837 3837 3036 3902 ἐκεῖνο,
3063 3840 3092 3892 6
3139 3839 3311 3911 μυρία
3349 3839 3595 3912 περὶτοῦ
3621 3843 3666 3896 Χ
3676 3861 3757 3917 ριο

2066 3922 2192 3978 στοῦ
2230 3921 2510 3993 προειπών
2529 3938 2542 3953 ·
2575 3923 2949 3996 ἐρωτήσωμεν
2981 3924 3036 3978 τί
3064 3941 3260 3997 φησιν’
3291 3926 3543 3995 Ὄριισις
3571 3928 3653 3999 ἣν
3668 3932 3754 3986 ετ..

2062 4011 2172 4066 δεν
2202 4011 2453 4078 Ἡσαΐας
2487 4010 2639 4066 κατά
2660 4009 2773 4081 τῆς
2811 4010 3132 4080 Ἰουδαίας,
3166 4012 3266 4068 καί
3299 4017 3453 4072 κατὰ
3486 4015 3600 4086 τῆς
3648 4019 3756 4076 ἰε-

2054 4097 2405 4171 ρουσαλήμ.
2440 4099 2579 4154 Εἰπὲ
2616 4099 2718 4171 τὴν
2769 4099 2959 4172 ὅρασιν
3017 4100 3087 4174 ἢν
3147 4098 3309 4169 εἶδες,
3371 4105 3603 4173 Ἄκουε,
3646 4110 3752 4164 οὐ-

2054 4189 2230 4259 ρανέ,
2273 4185 2688 4255 καὶένωτίζου,
2721 4188 2822 4260 γῆ,
2853 4188 2944 4243 ὅτι
2967 4191 3183 4259 Κύριος
3212 4190 3542 4261 ἐλάλησεν.
3581 4196 3751 4251 Ἀλλά

2065 4275 2401 4349 ἐπηγγείλω,
2422 4276 2518 4331 καὶ¹
2561 4275 2699 4332 ἀλλα
2743 4274 2940 4346 λέγεις.
3002 4275 3151 4351 {545]
3195 4279 3331 4334 Ποῖα
3381 4280 3519 4338 ἄλλα
3574 4283 3749 4356 ἐπηγ-

2062 4363 2371 4442 γειλάμην;
2440 4364 2767 4435 ’Δρχόμενος
2825 4362 3006 4433 λέγεις
3026 4380 3041 4396 ο
3100 4366 3350 4435 Ὀρασις
3417 4371 3569 4424 κατά
3634 4371 3749 4442 τῆς

2076 4450 2372 4519 Ἰουδαίας
2422 4451 2522 4507 καὶ
2579 4450 2733 4506 κατὰ
2786 4451 3189 4524 Ἰερουσαλὴμ
3211 4495 3227 4520 ,
3281 4454 3376 4509 καὶ
3425 4457 3585 4526 ἀφεὶς
3646 4459 3751 4532 τὴν

2074 4543 2336 4599 Ἰουδαίαν
2361 4582 2376 4609 ,
2417 4541 2511 4597 καί
2546 4542 2645 4613 τὴν
2682 4541 3063 4616 Ἰερουσαλὴμ,
3108 4543 3324 4616 οὐρανῷ
3358 4546 3751 4622 προσδιαλέγῃ,

2062 4634 2159 4690 καὶ
2192 4632 2287 4689 ἐπὶ
2319 4632 2421 4708 τὴν
2447 4630 2555 4705 γῆν
2582 4631 2839 4697 ἐκκλίνας
2863 4632 2955 4687 τὸν
2984 4632 3163 4703 λόγον,
3192 4634 3413 4706 ἀφῆκας
3440 4638 3567 4702 τοὺς
3596 4637 3746 4708 λογι-

2061 4723 2195 4788 κοὺς
2223 4721 2568 4795 ἀνθρώπους,
2601 4723 2697 4777 καὶ⁸
2738 4723 2853 4787 τοῖς
2890 4722 3108 4793 ἀλόγοις
3141 4724 3428 4796 στοιχείοις
3478 4725 3743 4802 διαλέγῃ;

2074 4811 2294 4884 Ἐπειδὴ
2310 4806 2435 4866 τῶν
2464 4810 2675 4882 ἀλόγων
2706 4808 3040 4882 ἀλογώτεροι
3064 4810 3112 4864 οἱ
3134 4810 3341 4880 λογικοὶ
3370 4812 3619 4881 ἐγένοντο
3642 4832 3655 4844 ·
3679 4816 3755 4871 ούί

2059 4898 2147 4956 διὰ
2176 4898 2336 4955 τοῦτο
2361 4899 2418 4954 δὲ
2445 4894 2627 4972 μόνον,
2668 4898 2783 4954 ἀλλ’
2818 4897 3008 4967 ἐπειδὴ
3041 4896 3251 4969 μέλλων
3287 4900 3316 4952 6
3348 4899 3589 4973 Μωῦσῆς
3610 4903 3743 4955 ⁴εἰσ·-

2060 4990 2215 5060 άγειν
2243 4984 2443 5052 αὐτοὺς
2480 4990 2561 5052 εἰς
2593 4987 2694 5059 τὴν
2732 4986 2838 5057 γῆν
2860 4985 2960 5058 τῆς
2996 4980 3353 5055 ἐπαγγελίας,
3384 4987 3480 5042 καὶ
3520 4989 3759 5062 ἀφορῶν.

2057 5078 2129 5133 τά
2157 5076 2419 5148 μέλλοντα
2434 5074 2676 5142 ἔσεσθαι,
2693 5074 2775 5151 ὅτι
2804 5072 2873 5127 τά
2903 5071 3317 5144 παραδεδομένα
3349 5073 3574 5146 ἔμελλον
3599 5095 3739 5151 παρ·

2060 5154 2219 5221 ιδέῖν.
2245 5165 2475 5243 Ἄκουε,
2510 5150 2751 5241 οὐρανέ,
2781 5160 2938 5233 φησὶ,
2968 5160 3097 5243 καις
3117 5154 3463 5231 προσεχέτω
3504 5163 3583 5235 γῆ
3627 5150 3739 5234 py}-

278 5249 606 5326 διώρθωσεν,
634 5253 669 5324 ἡ
694 5250 753 5305 δὲ
773 5248 904 5321 οὐλὴ
934 5244 1308 5317 ἐναπέμεινεν,
1330 5244 1552 5316 ἔλεγχον
1572 5240 1669 5298 τοῦ
1700 5243 1954 5315 τραύμα-
2051 5269 2219 5325 ματα
2242 5240 2640 5322 aia-td,sz
2656 5266 2797 5321 μου.
2826 5240 3284 5323 Διαμαρτῦρομαι
3306 5250 3437 5322 ὑμῖν
3457 5251 3549 5306 τὸν
3576 5253 3740 5325 οὐρα-

279 5325 768 5412 τοςπεριφέρουσα
797 5335 896 5408 τὴν
925 5331 1202 5405 ἀμορφίαν
1234 5325 1334 5403 τῆς
1360 5330 1564 5401 δψεωςδ
1591 5330 1686 5385 καὶ
1719 5329 1956 5403 φιλονει-

280 5428 367 5478 κεῖ
402 5428 569 5500 μυρία
602 5428 630 5480 6
665 5424 846 5497 ἰατρὸς
868 5418 1157 5492 ἐξαλεῖψαι
1182 5419 1279 5475 καὶ
1300 5419 1401 5490 τὴν
1427 5416 1610 5492 οὐλὴν,
1639 5420 1699 5473 οὐ
1729 5418 1954 5475 δύναται

280 5510 370 5566 δέ’
400 5513 710 5569 ἀντιπίπτει
742 5511 852 5581 γάρ
884 5508 1032 5581 αὐτῷ
1058 5510 1093 5579 ἠ
1128 5506 1385 5563 ἀσθένεια
1420 5507 1520 5571 τῆς
1559 5506 1802 5576 φύσεως,
1858 5507 1955 5562 καὶ

282 5730 487 5847 πρίει-ἵε
525 5731 636 5782 say.
680 5730 730 5781 in
774 5729 895 5780 mor"
941 5729 1161 5780 cumam
1201 5731 1399 5781 deam“-
1437 5720 1577 5794 θῦε-³
1611 5722 1719 5780 huic
1770 5729 1942 5781 vitiata

2057 5342 2147 5397 νὺν
2170 5343 2269 5397 καί
2288 5330 2392 5413 τὴν
2418 5341 2543 5412 γῆν,
2569 5339 2599 5393 6
2621 5337 2863 5410 Μωῦσῆς
2884 5353 3078 5409 φησιν,
3110 5338 3194 5393 ὅτι
3225 5338 3322 5393 ἐὰν
3345 5338 3625 5411 εἰσέλθητε
3656 5342 3740 5406 εἰς

2055 5430 2158 5502 τὴν
2187 5430 2293 5498 γῆν
2322 5425 2662 5496 ἐπαγγελίας
2684 5466 2707 5491 ν
2754 5424 2851 5481 κὰῐ
2896 5423 3332 5497 ἐγκαταλείπητε
3393 5424 3598 5496 Κύριον
3643 5427 3755 5483 τὸν·

2056 5517 2210 5582 Θεδν,
2239 5517 2394 5589 ἔχετε
2439 5514 2899 5587 διασκεδασθῆναι
2946 5515 3029 5579 εἰς
3050 5512 3233 5569 πάντα
3248 5512 3324 5567 ’τά
3340 5511 3497 5584 ῑθνη.
3528 5509 3737 5569 Ἦλθεν

2067 5607 2314 5675 Ἡσαΐας,
2342 5604 2566 5678 ἔμελλεν
2592 5606 2632 5676 ή
2661 5592 3163 5677 ἀπειλὴείς-έργον
3190 5601 3581 5674 ἐκφέρεσθαι·
3632 5606 3738 5660 οὑκ

2056 5695 2283 5767 ἠδύνατο
2298 5691 2553 5751 nidiﬁcia
2571 5692 2801 5749 καλέσαι
2824 5691 2916 5747 τὸν
2942 5689 3304 5755 ἀποθανόντα,
3343 5691 3439 5746 καὶ
3456 5692 3583 5756 τοὺς
3610 5693 3742 5750 τότε

2056 5782 2397 5850 ἀκούσαντας
2416 5782 2533 5838 καῖ
2561 5775 3022 5853 τελευτήσαντας,
3065 5780 3161 5834 καὶ
3190 5777 3350 5835 καλεῖ
3373 5778 3445 5835 τὰ
3469 5783 3747 5854 στοιχεῖα.
