  <div class='ocr_page' id='page_1' title='image "/cluster/home/n/w/nwhite01/storage/ocr_20150623/49:no.2:pt.1/coo.31924054869486/339.png"; bbox 0 0 4100 6466; ppageno 0'>
   <div class='ocr_carea' id='block_1_1' title="bbox 401 437 2073 514">
    <p class='ocr_par' dir='ltr' id='par_1_1' title="bbox 401 437 2073 514">
     <span class='ocr_line' id='line_1_1' title="bbox 401 437 2073 514; baseline 0.001 -21"><span class='ocrx_word' id='word_1_1' title='bbox 401 439 549 509; x_wconf 82' lang='grc' dir='ltr'><strong>ἆπερ</strong></span> <span class='ocrx_word' id='word_1_2' title='bbox 569 437 960 512; x_wconf 79' lang='grc' dir='ltr'><strong>διεμαρτύρετο</strong></span> <span class='ocrx_word' id='word_1_3' title='bbox 979 439 1240 509; x_wconf 73' lang='grc' dir='ltr'><strong>Μωῡσῆς.</strong></span> <span class='ocrx_word' id='word_1_4' title='bbox 1284 440 1416 494; x_wconf 79' lang='grc' dir='ltr'><strong>Ἰδοὺ</strong></span> <span class='ocrx_word' id='word_1_5' title='bbox 1436 439 1766 512; x_wconf 72' lang='grc' dir='ltr'><strong>ἐξεϐλήθητε</strong></span> <span class='ocrx_word' id='word_1_6' title='bbox 1787 442 1886 514; x_wconf 82' lang='grc' dir='ltr'><strong>τῆς</strong></span> <span class='ocrx_word' id='word_1_7' title='bbox 1907 442 2073 511; x_wconf 79' lang='grc' dir='ltr'><strong>ἑπαγ-</strong></span> 
     </span>
    </p>
   </div>
   <div class='ocr_carea' id='block_1_2' title="bbox 399 523 2074 597">
    <p class='ocr_par' dir='ltr' id='par_1_2' title="bbox 399 523 2074 597">
     <span class='ocr_line' id='line_1_2' title="bbox 399 523 2074 597; baseline 0.002 -16"><span class='ocrx_word' id='word_1_8' title='bbox 399 528 608 597; x_wconf 81' lang='grc' dir='ltr'><strong>γελίας,</strong></span> <span class='ocrx_word' id='word_1_9' title='bbox 625 523 670 582; x_wconf 83' lang='grc' dir='ltr'><strong>ὦ</strong></span> <span class='ocrx_word' id='word_1_10' title='bbox 694 530 932 583; x_wconf 76' lang='grc' dir='ltr'><strong>Ἰουδαῖοι</strong></span> <span class='ocrx_word' id='word_1_11' title='bbox 958 546 970 559; x_wconf 91' lang='grc'><strong>·</strong></span> <span class='ocrx_word' id='word_1_12' title='bbox 1008 528 1114 581; x_wconf 80' lang='grc' dir='ltr'><strong>ίδοὺ</strong></span> <span class='ocrx_word' id='word_1_13' title='bbox 1141 529 1631 596; x_wconf 88' lang='grc' dir='ltr'><strong>ἐγκαταλελοίπατε</strong></span> <span class='ocrx_word' id='word_1_14' title='bbox 1647 530 1740 583; x_wconf 83' lang='grc' dir='ltr'><strong>τὸν</strong></span> <span class='ocrx_word' id='word_1_15' title='bbox 1759 529 1892 584; x_wconf 88' lang='grc' dir='ltr'><strong>Θεόν</strong></span> <span class='ocrx_word' id='word_1_16' title='bbox 1912 545 1924 557; x_wconf 91' lang='grc'><strong>·</strong></span> <span class='ocrx_word' id='word_1_17' title='bbox 1953 529 2074 594; x_wconf 84' lang='grc' dir='ltr'><strong>πῶς</strong></span> 
     </span>
    </p>
   </div>
   <div class='ocr_carea' id='block_1_3' title="bbox 403 615 2074 688">
    <p class='ocr_par' dir='ltr' id='par_1_3' title="bbox 403 615 2074 688">
     <span class='ocr_line' id='line_1_3' title="bbox 403 615 2074 688; baseline 0 -18"><span class='ocrx_word' id='word_1_18' title='bbox 403 633 465 670; x_wconf 79' lang='grc' dir='ltr'><strong>σε</strong></span> <span class='ocrx_word' id='word_1_19' title='bbox 493 617 727 680; x_wconf 79' lang='grc' dir='ltr'><strong>καλέσω,</strong></span> <span class='ocrx_word' id='word_1_20' title='bbox 753 618 961 687; x_wconf 78' lang='grc' dir='ltr'><strong>Μωῦσῆ</strong></span> <span class='ocrx_word' id='word_1_21' title='bbox 982 635 996 684; x_wconf 89' lang='grc'>;</span> <span class='ocrx_word' id='word_1_22' title='bbox 1015 616 1285 680; x_wconf 80' lang='grc' dir='ltr'><strong>ἀπέθανες</strong></span> <span class='ocrx_word' id='word_1_23' title='bbox 1303 617 1412 688; x_wconf 90' lang='grc' dir='ltr'><strong>γάρ</strong></span> <span class='ocrx_word' id='word_1_24' title='bbox 1442 617 1537 671; x_wconf 76' lang='grc' dir='ltr'><strong>καὶ</strong></span> <span class='ocrx_word' id='word_1_25' title='bbox 1550 615 1927 688; x_wconf 86' lang='grc' dir='ltr'><strong>ἐτελεύτησας.</strong></span> <span class='ocrx_word' id='word_1_26' title='bbox 1948 617 2074 681; x_wconf 99' lang='grc' dir='ltr'><strong>Πῶς</strong></span> 
     </span>
    </p>
   </div>
   <div class='ocr_carea' id='block_1_4' title="bbox 403 703 2074 776">
    <p class='ocr_par' dir='ltr' id='par_1_4' title="bbox 403 703 2074 776">
     <span class='ocr_line' id='line_1_4' title="bbox 403 703 2074 776; baseline 0.001 -20"><span class='ocrx_word' id='word_1_27' title='bbox 403 704 617 759; x_wconf 80' lang='grc' dir='ltr'><strong>καλέσω</strong></span> <span class='ocrx_word' id='word_1_28' title='bbox 636 704 726 756; x_wconf 79' lang='grc' dir='ltr'><strong>τὸν</strong></span> <span class='ocrx_word' id='word_1_29' title='bbox 777 703 1020 776; x_wconf 81' lang='grc' dir='ltr'><strong>Ἀαρών;</strong></span> <span class='ocrx_word' id='word_1_30' title='bbox 1065 704 1315 771; x_wconf 79' lang='grc' dir='ltr'><strong>κάκεῖνος</strong></span> <span class='ocrx_word' id='word_1_31' title='bbox 1357 704 1582 776; x_wconf 69' lang='grc' dir='ltr'><strong>τελευτῇ</strong></span> <span class='ocrx_word' id='word_1_32' title='bbox 1631 705 1926 776; x_wconf 81' lang='grc' dir='ltr'><strong>παρεδόθη.</strong></span> <span class='ocrx_word' id='word_1_33' title='bbox 1959 706 2074 758; x_wconf 85' lang='grc' dir='ltr'><strong>Οὑκ</strong></span> 
     </span>
    </p>
   </div>
   <div class='ocr_carea' id='block_1_5' title="bbox 401 791 2073 864">
    <p class='ocr_par' dir='ltr' id='par_1_5' title="bbox 401 791 2073 864">
     <span class='ocr_line' id='line_1_5' title="bbox 401 791 2073 864; baseline -0.001 -17"><span class='ocrx_word' id='word_1_34' title='bbox 401 793 545 864; x_wconf 82' lang='grc' dir='ltr'><strong>ἔχεις</strong></span> <span class='ocrx_word' id='word_1_35' title='bbox 573 793 688 856; x_wconf 83' lang='grc' dir='ltr'><strong>πῶς</strong></span> <span class='ocrx_word' id='word_1_36' title='bbox 719 793 946 846; x_wconf 86' lang='grc' dir='ltr'><strong>καλέσαι</strong></span> <span class='ocrx_word' id='word_1_37' title='bbox 969 791 1288 864; x_wconf 83' lang='grc' dir='ltr'><strong>ἄνθρωπον;</strong></span> <span class='ocrx_word' id='word_1_38' title='bbox 1320 792 1562 846; x_wconf 82' lang='grc' dir='ltr'><strong>Κάλεσον</strong></span> <span class='ocrx_word' id='word_1_39' title='bbox 1588 793 1657 847; x_wconf 87' lang='grc' dir='ltr'><strong>τά</strong></span> <span class='ocrx_word' id='word_1_40' title='bbox 1687 796 1946 864; x_wconf 85' lang='grc' dir='ltr'><strong>στοιχεῖα.</strong></span> <span class='ocrx_word' id='word_1_41' title='bbox 1973 792 2073 846; x_wconf 89' lang='grc' dir='ltr'><strong>Διά</strong></span> 
     </span>
    </p>
   </div>
   <div class='ocr_carea' id='block_1_6' title="bbox 398 880 2072 954">
    <p class='ocr_par' dir='ltr' id='par_1_6' title="bbox 398 880 2072 954">
     <span class='ocr_line' id='line_1_6' title="bbox 398 880 2072 954; baseline -0.002 -18"><span class='ocrx_word' id='word_1_42' title='bbox 398 883 510 954; x_wconf 85' lang='grc' dir='ltr'><strong>γὰρ</strong></span> <span class='ocrx_word' id='word_1_43' title='bbox 535 882 694 936; x_wconf 85' lang='grc' dir='ltr'><strong>τοῦτο</strong></span> <span class='ocrx_word' id='word_1_44' title='bbox 717 880 873 950; x_wconf 81' lang='grc' dir='ltr'><strong>κάγὼ</strong></span> <span class='ocrx_word' id='word_1_45' title='bbox 906 882 1013 948; x_wconf 78' lang='grc' dir='ltr'><strong>ζῶν</strong></span> <span class='ocrx_word' id='word_1_46' title='bbox 1041 882 1160 953; x_wconf 77' lang='grc' dir='ltr'><strong>οὐχὶ</strong></span> <span class='ocrx_word' id='word_1_47' title='bbox 1179 881 1272 934; x_wconf 82' lang='lat' dir='ltr'><em>16v</em></span> <span class='ocrx_word' id='word_1_48' title='bbox 1314 881 1523 952; x_wconf 81' lang='grc' dir='ltr'><strong>Ἀαρὼν</strong></span> <span class='ocrx_word' id='word_1_49' title='bbox 1558 882 1718 952; x_wconf 82' lang='grc' dir='ltr'><strong>μόνον</strong></span> <span class='ocrx_word' id='word_1_50' title='bbox 1741 921 1755 946; x_wconf 94' lang='grc'><strong>,</strong></span> <span class='ocrx_word' id='word_1_51' title='bbox 1803 883 1897 937; x_wconf 73' lang='grc' dir='ltr'><strong>καὶ</strong></span> <span class='ocrx_word' id='word_1_52' title='bbox 1921 882 2072 936; x_wconf 85' lang='grc' dir='ltr'><strong>τόνδε</strong></span> 
     </span>
    </p>
   </div>
   <div class='ocr_carea' id='block_1_7' title="bbox 401 968 2069 1041">
    <p class='ocr_par' dir='ltr' id='par_1_7' title="bbox 401 968 2069 1041">
     <span class='ocr_line' id='line_1_7' title="bbox 401 968 2069 1041; baseline -0.001 -19"><span class='ocrx_word' id='word_1_53' title='bbox 401 971 492 1030; x_wconf 69' lang='grc' dir='ltr'><strong>καὶ</strong></span> <span class='ocrx_word' id='word_1_54' title='bbox 521 969 671 1022; x_wconf 87' lang='grc' dir='ltr'><strong>τόνδε</strong></span> <span class='ocrx_word' id='word_1_55' title='bbox 700 969 1174 1040; x_wconf 78' lang='grc' dir='ltr'><strong>διεμαρτυράμην,</strong></span> <span class='ocrx_word' id='word_1_56' title='bbox 1200 968 1497 1040; x_wconf 82' lang='grc' dir='ltr'><strong>ἐπειδήπερ</strong></span> <span class='ocrx_word' id='word_1_57' title='bbox 1529 969 1752 1040; x_wconf 70' lang='grc' dir='ltr'><strong>ἔμελλον</strong></span> <span class='ocrx_word' id='word_1_58' title='bbox 1791 969 2069 1041; x_wconf 82' lang='grc' dir='ltr'><strong>τελευτᾷν,</strong></span> 
     </span>
    </p>
   </div>
   <div class='ocr_carea' id='block_1_8' title="bbox 397 1056 2067 1128">
    <p class='ocr_par' dir='ltr' id='par_1_8' title="bbox 397 1056 2067 1128">
     <span class='ocr_line' id='line_1_8' title="bbox 397 1056 2067 1128; baseline -0.001 -16"><span class='ocrx_word' id='word_1_59' title='bbox 397 1058 533 1113; x_wconf 82' lang='grc' dir='ltr'><strong>άλλά</strong></span> <span class='ocrx_word' id='word_1_60' title='bbox 561 1060 656 1112; x_wconf 66' lang='grc' dir='ltr'><strong>καὶ⁸</strong></span> <span class='ocrx_word' id='word_1_61' title='bbox 687 1057 757 1111; x_wconf 81' lang='grc' dir='ltr'><strong>τά</strong></span> <span class='ocrx_word' id='word_1_62' title='bbox 789 1059 1029 1127; x_wconf 82' lang='grc' dir='ltr'><strong>στοιχεῖα</strong></span> <span class='ocrx_word' id='word_1_63' title='bbox 1063 1056 1132 1112; x_wconf 86' lang='grc' dir='ltr'><strong>τὰ</strong></span> <span class='ocrx_word' id='word_1_64' title='bbox 1163 1057 1396 1128; x_wconf 83' lang='grc' dir='ltr'><strong>μένοντα</strong></span> <span class='ocrx_word' id='word_1_65' title='bbox 1435 1056 1880 1128; x_wconf 82' lang='grc' dir='ltr'><strong>διαμαρτύρομαι</strong></span> <span class='ocrx_word' id='word_1_66' title='bbox 1915 1057 2067 1127; x_wconf 88' lang='grc' dir='ltr'><strong>ύμῖν,</strong></span> 
     </span>
    </p>
   </div>
   <div class='ocr_carea' id='block_1_9' title="bbox 395 1144 2066 1220">
    <p class='ocr_par' dir='ltr' id='par_1_9' title="bbox 395 1144 2066 1220">
     <span class='ocr_line' id='line_1_9' title="bbox 395 1144 2066 1220; baseline 0 -18"><span class='ocrx_word' id='word_1_67' title='bbox 395 1148 486 1202; x_wconf 72' lang='grc' dir='ltr'><strong>τὸν</strong></span> <span class='ocrx_word' id='word_1_68' title='bbox 517 1147 742 1220; x_wconf 79' lang='grc' dir='ltr'><strong>οὐρανὸν</strong></span> <span class='ocrx_word' id='word_1_69' title='bbox 770 1149 864 1201; x_wconf 83' lang='grc' dir='ltr'><strong>καὶ</strong></span> <span class='ocrx_word' id='word_1_70' title='bbox 897 1148 994 1218; x_wconf 84' lang='grc' dir='ltr'><strong>τὴν</strong></span> <span class='ocrx_word' id='word_1_71' title='bbox 1016 1147 1138 1217; x_wconf 83' lang='grc' dir='ltr'><strong>γῆν.</strong></span> <span class='ocrx_word' id='word_1_72' title='bbox 1166 1147 1330 1214; x_wconf 84' lang='grc' dir='ltr'><strong>Λέγει</strong></span> <span class='ocrx_word' id='word_1_73' title='bbox 1357 1144 1449 1202; x_wconf 77' lang='grc' dir='ltr'><strong>οὖν</strong></span> <span class='ocrx_word' id='word_1_74' title='bbox 1471 1150 1500 1202; x_wconf 94' lang='lat'><strong>6</strong></span> <span class='ocrx_word' id='word_1_75' title='bbox 1537 1149 1782 1211; x_wconf 78' lang='grc' dir='ltr'><strong>Ἡσαΐας·</strong></span> <span class='ocrx_word' id='word_1_76' title='bbox 1837 1150 2066 1218; x_wconf 73' lang='grc' dir='ltr'><strong>Ἄκουε,</strong></span> 
     </span>
    </p>
   </div>
   <div class='ocr_carea' id='block_1_10' title="bbox 398 1232 2069 1309">
    <p class='ocr_par' dir='ltr' id='par_1_10' title="bbox 398 1232 2069 1309">
     <span class='ocr_line' id='line_1_10' title="bbox 398 1232 2069 1309; baseline -0.001 -20"><span class='ocrx_word' id='word_1_77' title='bbox 398 1235 634 1308; x_wconf 63' lang='grc' dir='ltr'><strong>οιὺμινὲ,</strong></span> <span class='ocrx_word' id='word_1_78' title='bbox 661 1234 758 1288; x_wconf 78' lang='grc' dir='ltr'><strong>καί</strong></span> <span class='ocrx_word' id='word_1_79' title='bbox 781 1234 1078 1295; x_wconf 84' lang='grc' dir='ltr'><strong>ἐνωτίζου,</strong></span> <span class='ocrx_word' id='word_1_80' title='bbox 1109 1232 1207 1303; x_wconf 73' lang='grc' dir='ltr'><strong>γῆ.</strong></span> <span class='ocrx_word' id='word_1_81' title='bbox 1249 1233 1423 1304; x_wconf 83' lang='grc' dir='ltr'><strong>Ὑμᾶς</strong></span> <span class='ocrx_word' id='word_1_82' title='bbox 1454 1233 1561 1309; x_wconf 85' lang='grc' dir='ltr'><strong>γάρ</strong></span> <span class='ocrx_word' id='word_1_83' title='bbox 1586 1235 1888 1289; x_wconf 84' lang='grc' dir='ltr'><strong>ἐνετείλατο</strong></span> <span class='ocrx_word' id='word_1_84' title='bbox 1905 1237 2069 1289; x_wconf 86' lang='grc' dir='ltr'><strong>Μωῦ-</strong></span> 
     </span>
    </p>
   </div>
   <div class='ocr_carea' id='block_1_11' title="bbox 397 1321 2072 1394">
    <p class='ocr_par' dir='ltr' id='par_1_11' title="bbox 397 1321 2072 1394">
     <span class='ocr_line' id='line_1_11' title="bbox 397 1321 2072 1394; baseline -0.001 -16"><span class='ocrx_word' id='word_1_85' title='bbox 397 1324 498 1394; x_wconf 81' lang='grc' dir='ltr'><strong>σῆς</strong></span> <span class='ocrx_word' id='word_1_86' title='bbox 521 1323 747 1384; x_wconf 79' lang='grc' dir='ltr'><strong>καλέσαι</strong></span> <span class='ocrx_word' id='word_1_87' title='bbox 776 1325 1034 1393; x_wconf 85' lang='grc' dir='ltr'><strong>σήμερον.</strong></span> <span class='ocrx_word' id='word_1_88' title='bbox 1069 1323 1142 1374; x_wconf 77' lang='grc' dir='ltr'><strong>Οὐ</strong></span> <span class='ocrx_word' id='word_1_89' title='bbox 1167 1321 1253 1375; x_wconf 77' lang='grc' dir='ltr'><strong>διὰ</strong></span> <span class='ocrx_word' id='word_1_90' title='bbox 1282 1321 1440 1375; x_wconf 87' lang='grc' dir='ltr'><strong>τοῦτο</strong></span> <span class='ocrx_word' id='word_1_91' title='bbox 1463 1323 1518 1376; x_wconf 77' lang='grc' dir='ltr'><strong>δὲ</strong></span> <span class='ocrx_word' id='word_1_92' title='bbox 1547 1323 1706 1394; x_wconf 87' lang='grc' dir='ltr'><strong>μόνον</strong></span> <span class='ocrx_word' id='word_1_93' title='bbox 1731 1323 1869 1378; x_wconf 86' lang='grc' dir='ltr'><strong>αὑτά</strong></span> <span class='ocrx_word' id='word_1_94' title='bbox 1916 1324 2072 1388; x_wconf 75' lang='grc' dir='ltr'><strong>καλεῖ</strong></span> 
     </span>
    </p>
   </div>
   <div class='ocr_carea' id='block_1_12' title="bbox 393 1410 2067 1484">
    <p class='ocr_par' dir='ltr' id='par_1_12' title="bbox 393 1410 2067 1484">
     <span class='ocr_line' id='line_1_12' title="bbox 393 1410 2067 1484; baseline 0.001 -19"><span class='ocrx_word' id='word_1_95' title='bbox 393 1412 463 1466; x_wconf 86' lang='grc' dir='ltr'><strong>τά</strong></span> <span class='ocrx_word' id='word_1_96' title='bbox 486 1415 743 1484; x_wconf 79' lang='grc' dir='ltr'><strong>στοιχεῖα,</strong></span> <span class='ocrx_word' id='word_1_97' title='bbox 759 1410 872 1464; x_wconf 79' lang='grc' dir='ltr'><strong>ἀλλ’</strong></span> <span class='ocrx_word' id='word_1_98' title='bbox 891 1410 1078 1480; x_wconf 80' lang='grc' dir='ltr'><strong>ἐπειδὴ</strong></span> <span class='ocrx_word' id='word_1_99' title='bbox 1093 1410 1340 1481; x_wconf 81' lang='grc' dir='ltr'><strong>διελέχθη</strong></span> <span class='ocrx_word' id='word_1_100' title='bbox 1369 1413 1481 1473; x_wconf 87' lang='grc' dir='ltr'><strong>τοῖς</strong></span> <span class='ocrx_word' id='word_1_101' title='bbox 1519 1411 1813 1478; x_wconf 84' lang='grc' dir='ltr'><strong>Ἰουδαίοις.</strong></span> <span class='ocrx_word' id='word_1_102' title='bbox 1836 1415 2067 1478; x_wconf 80' lang='grc' dir='ltr'><strong>Ἄκουε,</strong></span> 
     </span>
    </p>
   </div>
   <div class='ocr_carea' id='block_1_13' title="bbox 393 1497 2067 1569">
    <p class='ocr_par' dir='ltr' id='par_1_13' title="bbox 393 1497 2067 1569">
     <span class='ocr_line' id='line_1_13' title="bbox 393 1497 2067 1569; baseline 0.027 -15"><span class='ocrx_word' id='word_1_103' title='bbox 393 1499 642 1567; x_wconf 56' lang='grc' dir='ltr'><strong>οὐρανέ,</strong></span> <span class='ocrx_word' id='word_1_104' title='bbox 685 1497 874 1569; x_wconf 61' lang='lat' dir='ltr'><strong>amp</strong></span> <span class='ocrx_word' id='word_1_105' title='bbox 916 1497 978 1561; x_wconf 60' lang='grc' dir='ltr'><strong>τὸ</strong></span> <span class='ocrx_word' id='word_1_106' title='bbox 1027 1498 1202 1568; x_wconf 55' lang='lat' dir='ltr'><strong>mm</strong></span> <span class='ocrx_word' id='word_1_107' title='bbox 1244 1499 1618 1569; x_wconf 63' lang='grc' dir='ltr'><strong>κατήνεγηας·</strong></span> <span class='ocrx_word' id='word_1_108' title='bbox 1662 1499 1996 1566; x_wconf 64' lang='grc' dir='ltr'><strong>ἐνωτίίουν</strong></span> <span class='ocrx_word' id='word_1_109' title='bbox 2026 1502 2067 1569; x_wconf 56' lang='grc' dir='ltr'><strong>τί</strong></span> 
     </span>
    </p>
   </div>
   <div class='ocr_carea' id='block_1_14' title="bbox 393 1585 2067 1660">
    <p class='ocr_par' dir='ltr' id='par_1_14' title="bbox 393 1585 2067 1660">
     <span class='ocr_line' id='line_1_14' title="bbox 393 1585 2067 1660; baseline 0 -19"><span class='ocrx_word' id='word_1_110' title='bbox 393 1587 495 1660; x_wconf 76' lang='grc' dir='ltr'><strong>γῆ,</strong></span> <span class='ocrx_word' id='word_1_111' title='bbox 515 1589 578 1641; x_wconf 77' lang='grc' dir='ltr'><strong>σὺ</strong></span> <span class='ocrx_word' id='word_1_112' title='bbox 604 1587 712 1660; x_wconf 83' lang='grc' dir='ltr'><strong>γὰρ</strong></span> <span class='ocrx_word' id='word_1_113' title='bbox 739 1587 837 1658; x_wconf 79' lang='grc' dir='ltr'><strong>τὴν</strong></span> <span class='ocrx_word' id='word_1_114' title='bbox 863 1588 1277 1658; x_wconf 85' lang='grc' dir='ltr'><strong>ὀρτυγομήτραν</strong></span> <span class='ocrx_word' id='word_1_115' title='bbox 1303 1585 1530 1650; x_wconf 78' lang='grc' dir='ltr'><strong>ἔδωκας.</strong></span> <span class='ocrx_word' id='word_1_116' title='bbox 1555 1587 1794 1652; x_wconf 77' lang='grc' dir='ltr'><strong>Ἀκουε,</strong></span> <span class='ocrx_word' id='word_1_117' title='bbox 1824 1588 2067 1657; x_wconf 83' lang='grc' dir='ltr'><strong>οὐρανὲ,</strong></span> 
     </span>
    </p>
   </div>
   <div class='ocr_carea' id='block_1_15' title="bbox 394 1673 2068 1748">
    <p class='ocr_par' dir='ltr' id='par_1_15' title="bbox 394 1673 2068 1748">
     <span class='ocr_line' id='line_1_15' title="bbox 394 1673 2068 1748; baseline 0.001 -19"><span class='ocrx_word' id='word_1_118' title='bbox 394 1677 577 1731; x_wconf 80' lang='grc' dir='ltr'><strong>ἄκουε</strong></span> <span class='ocrx_word' id='word_1_119' title='bbox 595 1693 611 1709; x_wconf 78' lang='grc' dir='ltr'><strong>ο</strong></span> <span class='ocrx_word' id='word_1_120' title='bbox 654 1676 718 1728; x_wconf 79' lang='grc' dir='ltr'><strong>σὺ</strong></span> <span class='ocrx_word' id='word_1_121' title='bbox 757 1675 864 1745; x_wconf 82' lang='grc' dir='ltr'><strong>γὰρ</strong></span> <span class='ocrx_word' id='word_1_122' title='bbox 888 1673 949 1726; x_wconf 88' lang='lat'><strong>16</strong></span> <span class='ocrx_word' id='word_1_123' title='bbox 985 1674 1158 1745; x_wconf 80' lang='grc' dir='ltr'><strong>μάννα</strong></span> <span class='ocrx_word' id='word_1_124' title='bbox 1191 1675 1556 1744; x_wconf 85' lang='grc' dir='ltr'><strong>κατήνεγκας,</strong></span> <span class='ocrx_word' id='word_1_125' title='bbox 1585 1676 1649 1728; x_wconf 72' lang='grc' dir='ltr'><strong>σὺ</strong></span> <span class='ocrx_word' id='word_1_126' title='bbox 1672 1676 1781 1748; x_wconf 81' lang='grc' dir='ltr'><strong>γὰρ</strong></span> <span class='ocrx_word' id='word_1_127' title='bbox 1807 1677 1947 1746; x_wconf 88' lang='grc' dir='ltr'><strong>ὑπὲρ</strong></span> <span class='ocrx_word' id='word_1_128' title='bbox 1969 1676 2068 1748; x_wconf 83' lang='grc' dir='ltr'><strong>τὴν</strong></span> 
     </span>
    </p>
   </div>
   <div class='ocr_carea' id='block_1_16' title="bbox 395 1757 2066 1839">
    <p class='ocr_par' dir='ltr' id='par_1_16' title="bbox 395 1757 2066 1839">
     <span class='ocr_line' id='line_1_16' title="bbox 395 1757 2066 1839; baseline -0.001 -19"><span class='ocrx_word' id='word_1_129' title='bbox 395 1763 558 1839; x_wconf 76' lang='grc' dir='ltr'><strong>φύσιν</strong></span> <span class='ocrx_word' id='word_1_130' title='bbox 587 1762 844 1828; x_wconf 76' lang='grc' dir='ltr'><strong>ἐπεδείξω</strong></span> <span class='ocrx_word' id='word_1_131' title='bbox 863 1779 876 1792; x_wconf 88' lang='grc'><strong>·</strong></span> <span class='ocrx_word' id='word_1_132' title='bbox 913 1761 1025 1815; x_wconf 77' lang='grc' dir='ltr'><strong>ἄνω</strong></span> <span class='ocrx_word' id='word_1_133' title='bbox 1050 1757 1138 1832; x_wconf 80' lang='grc' dir='ltr'><strong>ἧς,</strong></span> <span class='ocrx_word' id='word_1_134' title='bbox 1167 1762 1260 1815; x_wconf 73' lang='grc' dir='ltr'><strong>καὶ</strong></span> <span class='ocrx_word' id='word_1_135' title='bbox 1289 1761 1468 1815; x_wconf 75' lang='grc' dir='ltr'><strong>ἅλωνα</strong></span> <span class='ocrx_word' id='word_1_136' title='bbox 1501 1764 1779 1834; x_wconf 86' lang='grc' dir='ltr'><strong>ἐμιμήσω.</strong></span> <span class='ocrx_word' id='word_1_137' title='bbox 1828 1764 2066 1818; x_wconf 77' lang='grc' dir='ltr'><strong>Ὲνωτίο</strong></span> 
     </span>
    </p>
   </div>
   <div class='ocr_carea' id='block_1_17' title="bbox 394 1846 2066 1923">
    <p class='ocr_par' dir='ltr' id='par_1_17' title="bbox 394 1846 2066 1923">
     <span class='ocr_line' id='line_1_17' title="bbox 394 1846 2066 1923; baseline -0.002 -14"><span class='ocrx_word' id='word_1_138' title='bbox 394 1852 516 1918; x_wconf 79' lang='grc' dir='ltr'><strong>ζου,</strong></span> <span class='ocrx_word' id='word_1_139' title='bbox 677 1853 739 1905; x_wconf 79' lang='grc' dir='ltr'><strong>σὺ</strong></span> <span class='ocrx_word' id='word_1_140' title='bbox 773 1849 878 1923; x_wconf 85' lang='grc' dir='ltr'><strong>γάρ</strong></span> <span class='ocrx_word' id='word_1_141' title='bbox 905 1851 1054 1903; x_wconf 85' lang='grc' dir='ltr'><strong>κάτω</strong></span> <span class='ocrx_word' id='word_1_142' title='bbox 1084 1846 1172 1922; x_wconf 83' lang='grc' dir='ltr'><strong>ἦς,</strong></span> <span class='ocrx_word' id='word_1_143' title='bbox 1204 1852 1296 1904; x_wconf 75' lang='grc' dir='ltr'><strong>καὶ</strong></span> <span class='ocrx_word' id='word_1_144' title='bbox 1329 1849 1608 1922; x_wconf 79' lang='grc' dir='ltr'><strong>τράπεζαν</strong></span> <span class='ocrx_word' id='word_1_145' title='bbox 1640 1852 2066 1923; x_wconf 83' lang='grc' dir='ltr'><strong>ἐσχεδιασμένην</strong></span> 
     </span>
    </p>
   </div>
   <div class='ocr_carea' id='block_1_18' title="bbox 392 1941 2065 2014">
    <p class='ocr_par' dir='ltr' id='par_1_18' title="bbox 392 1941 2065 2014">
     <span class='ocr_line' id='line_1_18' title="bbox 392 1941 2065 2014; baseline -0.004 -14"><span class='ocrx_word' id='word_1_146' title='bbox 392 1942 812 2006; x_wconf 73' lang='grc' dir='ltr'><strong>κατεσκεύασας.</strong></span> <span class='ocrx_word' id='word_1_147' title='bbox 852 1943 1049 2012; x_wconf 87' lang='grc' dir='ltr'><strong>Ἥργει</strong></span> <span class='ocrx_word' id='word_1_148' title='bbox 1079 1943 1111 2013; x_wconf 87' lang='grc' dir='ltr'><strong>ή</strong></span> <span class='ocrx_word' id='word_1_149' title='bbox 1147 1941 1327 2010; x_wconf 90' lang='grc' dir='ltr'><strong>φύσις,</strong></span> <span class='ocrx_word' id='word_1_150' title='bbox 1357 1942 1452 1996; x_wconf 76' lang='grc' dir='ltr'><strong>καὶ</strong></span> <span class='ocrx_word' id='word_1_151' title='bbox 1489 1941 1777 2014; x_wconf 76' lang='grc' dir='ltr'><strong>εἰργάζετο</strong></span> <span class='ocrx_word' id='word_1_152' title='bbox 1812 1944 1845 2014; x_wconf 82' lang='grc' dir='ltr'><strong>ή</strong></span> <span class='ocrx_word' id='word_1_153' title='bbox 1882 1943 2065 2014; x_wconf 59' lang='grc' dir='ltr'><strong>χάριςγ</strong></span> 
     </span>
    </p>
   </div>
   <div class='ocr_carea' id='block_1_19' title="bbox 391 2029 2063 2102">
    <p class='ocr_par' dir='ltr' id='par_1_19' title="bbox 391 2029 2063 2102">
     <span class='ocr_line' id='line_1_19' title="bbox 391 2029 2063 2102; baseline -0.001 -16"><span class='ocrx_word' id='word_1_154' title='bbox 391 2033 513 2088; x_wconf 85' lang='grc' dir='ltr'><strong>οὑδέ</strong></span> <span class='ocrx_word' id='word_1_155' title='bbox 541 2031 678 2101; x_wconf 89' lang='grc' dir='ltr'><strong>βοῶν</strong></span> <span class='ocrx_word' id='word_1_156' title='bbox 716 2029 965 2102; x_wconf 81' lang='grc' dir='ltr'><strong>ἐργασία,</strong></span> <span class='ocrx_word' id='word_1_157' title='bbox 995 2029 1088 2092; x_wconf 67' lang='grc' dir='ltr'><strong>καὶ</strong></span> <span class='ocrx_word' id='word_1_158' title='bbox 1112 2031 1140 2082; x_wconf 97' lang='lat'><strong>6</strong></span> <span class='ocrx_word' id='word_1_159' title='bbox 1173 2029 1373 2099; x_wconf 79' lang='grc' dir='ltr'><strong>στάχυς</strong></span> <span class='ocrx_word' id='word_1_160' title='bbox 1408 2029 1928 2100; x_wconf 84' lang='grc' dir='ltr'><strong>παρεσκευασμένος</strong></span> <span class='ocrx_word' id='word_1_161' title='bbox 1952 2047 1964 2060; x_wconf 71' lang='grc' dir='ltr'><strong><em>ο</em></strong></span> <span class='ocrx_word' id='word_1_162' title='bbox 2002 2031 2063 2084; x_wconf 89' lang='grc' dir='ltr'><strong>οὑ</strong></span> 
     </span>
    </p>
   </div>
   <div class='ocr_carea' id='block_1_20' title="bbox 396 2111 2067 2191">
    <p class='ocr_par' dir='ltr' id='par_1_20' title="bbox 396 2111 2067 2191">
     <span class='ocr_line' id='line_1_20' title="bbox 396 2111 2067 2191; baseline 0 -19"><span class='ocrx_word' id='word_1_163' title='bbox 396 2121 670 2191; x_wconf 80' lang='grc' dir='ltr'><strong>μαγείρων</strong></span> <span class='ocrx_word' id='word_1_164' title='bbox 695 2121 894 2188; x_wconf 88' lang='grc' dir='ltr'><strong>χεῖρες,</strong></span> <span class='ocrx_word' id='word_1_165' title='bbox 927 2118 1025 2170; x_wconf 79' lang='grc' dir='ltr'><strong>οὐκ</strong></span> <span class='ocrx_word' id='word_1_166' title='bbox 1055 2116 1356 2186; x_wconf 87' lang='grc' dir='ltr'><strong>ἐπίταγμα,</strong></span> <span class='ocrx_word' id='word_1_167' title='bbox 1380 2115 1496 2168; x_wconf 85' lang='grc' dir='ltr'><strong>ἀλλ’</strong></span> <span class='ocrx_word' id='word_1_168' title='bbox 1521 2111 1588 2188; x_wconf 78' lang='grc' dir='ltr'><strong>ἦν</strong></span> <span class='ocrx_word' id='word_1_169' title='bbox 1612 2115 1671 2169; x_wconf 88' lang='lat'><strong>16</strong></span> <span class='ocrx_word' id='word_1_170' title='bbox 1697 2116 1872 2186; x_wconf 87' lang='grc' dir='ltr'><strong>μάννα</strong></span> <span class='ocrx_word' id='word_1_171' title='bbox 1889 2118 2067 2172; x_wconf 85' lang='grc' dir='ltr'><strong>πάντα</strong></span> 
     </span>
    </p>
   </div>
   <div class='ocr_carea' id='block_1_21' title="bbox 393 2202 2069 2279">
    <p class='ocr_par' dir='ltr' id='par_1_21' title="bbox 393 2202 2069 2279">
     <span class='ocr_line' id='line_1_21' title="bbox 393 2202 2069 2279; baseline -0.001 -19"><span class='ocrx_word' id='word_1_172' title='bbox 393 2208 698 2279; x_wconf 82' lang='grc' dir='ltr'><strong>γινόμενον,</strong></span> <span class='ocrx_word' id='word_1_173' title='bbox 725 2205 874 2277; x_wconf 83' lang='grc' dir='ltr'><strong>πηγὴ</strong></span> <span class='ocrx_word' id='word_1_174' title='bbox 909 2204 1219 2278; x_wconf 77' lang='grc' dir='ltr'><strong>ἡγιασμένη</strong></span> <span class='ocrx_word' id='word_1_175' title='bbox 1239 2221 1253 2235; x_wconf 73' lang='grc' dir='ltr'><strong>ο</strong></span> <span class='ocrx_word' id='word_1_176' title='bbox 1286 2206 1319 2274; x_wconf 83' lang='grc' dir='ltr'>ἡ</span> <span class='ocrx_word' id='word_1_177' title='bbox 1355 2202 1514 2272; x_wconf 82' lang='grc' dir='ltr'><strong>φύσις</strong></span> <span class='ocrx_word' id='word_1_178' title='bbox 1546 2203 1648 2272; x_wconf 82' lang='grc' dir='ltr'><strong>τῆς</strong></span> <span class='ocrx_word' id='word_1_179' title='bbox 1677 2204 1883 2268; x_wconf 80' lang='grc' dir='ltr'><strong>οἰκείας</strong></span> <span class='ocrx_word' id='word_1_180' title='bbox 1907 2205 2069 2258; x_wconf 86' lang='grc' dir='ltr'><strong>ἀσθε-</strong></span> 
     </span>
    </p>
   </div>
   <div class='ocr_carea' id='block_1_22' title="bbox 391 2289 2063 2368">
    <p class='ocr_par' dir='ltr' id='par_1_22' title="bbox 391 2289 2063 2368">
     <span class='ocr_line' id='line_1_22' title="bbox 391 2289 2063 2368; baseline -0.002 -20"><span class='ocrx_word' id='word_1_181' title='bbox 391 2295 539 2359; x_wconf 88' lang='grc' dir='ltr'><strong>νείας</strong></span> <span class='ocrx_word' id='word_1_182' title='bbox 571 2293 886 2348; x_wconf 82' lang='grc' dir='ltr'><strong>ἐπελάθετο.</strong></span> <span class='ocrx_word' id='word_1_183' title='bbox 917 2291 1042 2355; x_wconf 89' lang='grc' dir='ltr'><strong>Πῶς</strong></span> <span class='ocrx_word' id='word_1_184' title='bbox 1065 2290 1135 2344; x_wconf 86' lang='grc' dir='ltr'><strong>τά</strong></span> <span class='ocrx_word' id='word_1_185' title='bbox 1172 2291 1362 2368; x_wconf 76' lang='grc' dir='ltr'><strong>ἱμάτια</strong></span> <span class='ocrx_word' id='word_1_186' title='bbox 1405 2289 1586 2344; x_wconf 86' lang='grc' dir='ltr'><strong>αὑτῶν</strong></span> <span class='ocrx_word' id='word_1_187' title='bbox 1624 2291 1685 2343; x_wconf 82' lang='grc' dir='ltr'><strong>οὑ</strong></span> <span class='ocrx_word' id='word_1_188' title='bbox 1720 2292 2016 2364; x_wconf 86' lang='grc' dir='ltr'><strong>κατετρίϐη</strong></span> <span class='ocrx_word' id='word_1_189' title='bbox 2048 2308 2063 2358; x_wconf 89' lang='lat'><strong>;</strong></span> 
     </span>
    </p>
   </div>
   <div class='ocr_carea' id='block_1_23' title="bbox 391 2377 2068 2452">
    <p class='ocr_par' dir='ltr' id='par_1_23' title="bbox 391 2377 2068 2452">
     <span class='ocr_line' id='line_1_23' title="bbox 391 2377 2068 2452; baseline 0.001 -20"><span class='ocrx_word' id='word_1_190' title='bbox 391 2383 508 2446; x_wconf 83' lang='grc' dir='ltr'><strong>πῶς</strong></span> <span class='ocrx_word' id='word_1_191' title='bbox 537 2382 606 2436; x_wconf 86' lang='grc' dir='ltr'><strong>τά</strong></span> <span class='ocrx_word' id='word_1_192' title='bbox 658 2382 980 2452; x_wconf 86' lang='grc' dir='ltr'><strong>ὑποδήματα</strong></span> <span class='ocrx_word' id='word_1_193' title='bbox 1029 2379 1206 2432; x_wconf 80' lang='grc' dir='ltr'><strong>αὐτῶν</strong></span> <span class='ocrx_word' id='word_1_194' title='bbox 1245 2380 1345 2448; x_wconf 65' lang='grc' dir='ltr'><strong>ούδς</strong></span> <span class='ocrx_word' id='word_1_195' title='bbox 1393 2377 1844 2449; x_wconf 84' lang='grc' dir='ltr'><strong>ἐπαλαιώθησαν;</strong></span> <span class='ocrx_word' id='word_1_196' title='bbox 1882 2380 2068 2433; x_wconf 84' lang='grc' dir='ltr'><strong>Πάντα</strong></span> 
     </span>
    </p>
   </div>
   <div class='ocr_carea' id='block_1_24' title="bbox 388 2467 2065 2543">
    <p class='ocr_par' dir='ltr' id='par_1_24' title="bbox 388 2467 2065 2543">
     <span class='ocr_line' id='line_1_24' title="bbox 388 2467 2065 2543; baseline -0.002 -19"><span class='ocrx_word' id='word_1_197' title='bbox 388 2473 638 2543; x_wconf 81' lang='grc' dir='ltr'><strong>ἐγένοντο</strong></span> <span class='ocrx_word' id='word_1_198' title='bbox 661 2471 796 2541; x_wconf 80' lang='grc' dir='ltr'><strong>πρὸς</strong></span> <span class='ocrx_word' id='word_1_199' title='bbox 821 2469 918 2540; x_wconf 81' lang='grc' dir='ltr'><strong>τὴν</strong></span> <span class='ocrx_word' id='word_1_200' title='bbox 950 2467 1156 2520; x_wconf 89' lang='grc' dir='ltr'><strong>τούτων</strong></span> <span class='ocrx_word' id='word_1_201' title='bbox 1206 2467 1502 2524; x_wconf 80' lang='grc' dir='ltr'><strong>διακονίαν.</strong></span> <span class='ocrx_word' id='word_1_202' title='bbox 1546 2468 1785 2531; x_wconf 77' lang='grc' dir='ltr'><strong>Ἀκουε,</strong></span> <span class='ocrx_word' id='word_1_203' title='bbox 1823 2467 2065 2535; x_wconf 86' lang='grc' dir='ltr'><strong>οὐρανὲ,</strong></span> 
     </span>
    </p>
   </div>
   <div class='ocr_carea' id='block_1_25' title="bbox 390 2554 2068 2632">
    <p class='ocr_par' dir='ltr' id='par_1_25' title="bbox 390 2554 2068 2632">
     <span class='ocr_line' id='line_1_25' title="bbox 390 2554 2068 2632; baseline -0.003 -18"><span class='ocrx_word' id='word_1_204' title='bbox 390 2560 489 2614; x_wconf 80' lang='grc' dir='ltr'><strong>καὶ</strong></span> <span class='ocrx_word' id='word_1_205' title='bbox 529 2556 826 2622; x_wconf 78' lang='grc' dir='ltr'><strong>ἐνωτίζου,</strong></span> <span class='ocrx_word' id='word_1_206' title='bbox 882 2555 982 2626; x_wconf 78' lang='grc' dir='ltr'><strong>γῆ.</strong></span> <span class='ocrx_word' id='word_1_207' title='bbox 1035 2555 1191 2610; x_wconf 86' lang='grc' dir='ltr'><strong>Μετά</strong></span> <span class='ocrx_word' id='word_1_208' title='bbox 1228 2555 1336 2608; x_wconf 88' lang='grc' dir='ltr'><strong>τῶν</strong></span> <span class='ocrx_word' id='word_1_209' title='bbox 1370 2554 1781 2632; x_wconf 75' lang='grc' dir='ltr'><strong>ὑπομνημάτων</strong></span> <span class='ocrx_word' id='word_1_210' title='bbox 1838 2555 2068 2609; x_wconf 73' lang='grc' dir='ltr'><strong>καὶτῶν</strong></span> 
     </span>
    </p>
   </div>
   <div class='ocr_carea' id='block_1_26' title="bbox 389 2642 2068 2721">
    <p class='ocr_par' dir='ltr' id='par_1_26' title="bbox 389 2642 2068 2721">
     <span class='ocr_line' id='line_1_26' title="bbox 389 2642 2068 2721; baseline -0.005 -16"><span class='ocrx_word' id='word_1_211' title='bbox 389 2646 718 2721; x_wconf 83' lang='grc' dir='ltr'><strong>εὐεργεσιῶν</strong></span> <span class='ocrx_word' id='word_1_212' title='bbox 753 2645 998 2708; x_wconf 86' lang='grc' dir='ltr'><strong>ἐκείνων,</strong></span> <span class='ocrx_word' id='word_1_213' title='bbox 1039 2642 1317 2714; x_wconf 76' lang='grc' dir='ltr'><strong>ὑϐρίζεται</strong></span> <span class='ocrx_word' id='word_1_214' title='bbox 1363 2645 1392 2695; x_wconf 92' lang='lat'><strong>6</strong></span> <span class='ocrx_word' id='word_1_215' title='bbox 1423 2643 1722 2715; x_wconf 79' lang='grc' dir='ltr'><strong>Δεσπότης.</strong></span> <span class='ocrx_word' id='word_1_216' title='bbox 1765 2643 1882 2697; x_wconf 85' lang='grc' dir='ltr'><strong>Τίνι</strong></span> <span class='ocrx_word' id='word_1_217' title='bbox 1915 2644 2068 2698; x_wconf 85' lang='grc' dir='ltr'><strong>ἐντύ-</strong></span> 
     </span>
    </p>
   </div>
   <div class='ocr_carea' id='block_1_27' title="bbox 389 2730 2066 2809">
    <p class='ocr_par' dir='ltr' id='par_1_27' title="bbox 389 2730 2066 2809">
     <span class='ocr_line' id='line_1_27' title="bbox 389 2730 2066 2809; baseline 0.001 -22"><span class='ocrx_word' id='word_1_218' title='bbox 389 2755 499 2809; x_wconf 59' lang='lat' dir='ltr'><strong>Xo);</strong></span> <span class='ocrx_word' id='word_1_219' title='bbox 532 2737 566 2807; x_wconf 87' lang='grc' dir='ltr'>ἢ</span> <span class='ocrx_word' id='word_1_220' title='bbox 601 2737 757 2806; x_wconf 87' lang='grc' dir='ltr'><strong>ὑμῖν;</strong></span> <span class='ocrx_word' id='word_1_221' title='bbox 797 2732 1119 2804; x_wconf 50' lang='grc' dir='ltr'><strong>ΙΑίνθρωπον</strong></span> <span class='ocrx_word' id='word_1_222' title='bbox 1157 2732 1258 2785; x_wconf 87' lang='grc' dir='ltr'><strong>οὑκ</strong></span> <span class='ocrx_word' id='word_1_223' title='bbox 1305 2730 1416 2802; x_wconf 87' lang='grc' dir='ltr'><strong>ἐχω</strong></span> <span class='ocrx_word' id='word_1_224' title='bbox 1450 2731 1544 2784; x_wconf 79' lang='grc' dir='ltr'><strong>τὸν</strong></span> <span class='ocrx_word' id='word_1_225' title='bbox 1567 2732 1856 2786; x_wconf 89' lang='grc' dir='ltr'><strong>ἀκούοντα.</strong></span> <span class='ocrx_word' id='word_1_226' title='bbox 1919 2733 2066 2788; x_wconf 85' lang='grc' dir='ltr'><strong>Ἰδοὺ</strong></span> 
     </span>
    </p>
   </div>
   <div class='ocr_carea' id='block_1_28' title="bbox 388 2817 2069 2895">
    <p class='ocr_par' dir='ltr' id='par_1_28' title="bbox 388 2817 2069 2895">
     <span class='ocr_line' id='line_1_28' title="bbox 388 2817 2069 2895; baseline -0.005 -14"><span class='ocrx_word' id='word_1_227' title='bbox 388 2823 598 2895; x_wconf 78' lang='grc' dir='ltr'><strong>ἦλθον,</strong></span> <span class='ocrx_word' id='word_1_228' title='bbox 623 2821 720 2877; x_wconf 81' lang='grc' dir='ltr'><strong>καί</strong></span> <span class='ocrx_word' id='word_1_229' title='bbox 745 2823 857 2875; x_wconf 81' lang='grc' dir='ltr'><strong>οὐκ</strong></span> <span class='ocrx_word' id='word_1_230' title='bbox 893 2817 972 2890; x_wconf 82' lang='grc' dir='ltr'><strong>ἦν</strong></span> <span class='ocrx_word' id='word_1_231' title='bbox 1002 2819 1312 2888; x_wconf 80' lang='grc' dir='ltr'><strong>ἅνθρωπος</strong></span> <span class='ocrx_word' id='word_1_232' title='bbox 1332 2835 1346 2849; x_wconf 75' lang='grc' dir='ltr'><strong><em>ο</em></strong></span> <span class='ocrx_word' id='word_1_233' title='bbox 1376 2818 1673 2886; x_wconf 80' lang='grc' dir='ltr'><strong>ἐλάλησα,</strong></span> <span class='ocrx_word' id='word_1_234' title='bbox 1723 2821 1821 2893; x_wconf 76' lang='grc' dir='ltr'><strong>καί</strong></span> <span class='ocrx_word' id='word_1_235' title='bbox 1849 2822 1960 2875; x_wconf 84' lang='grc' dir='ltr'><strong>οὐκ</strong></span> <span class='ocrx_word' id='word_1_236' title='bbox 1990 2818 2069 2892; x_wconf 80' lang='grc' dir='ltr'><strong>ἦν</strong></span> 
     </span>
    </p>
   </div>
   <div class='ocr_carea' id='block_1_29' title="bbox 389 2906 2068 2980">
    <p class='ocr_par' dir='ltr' id='par_1_29' title="bbox 389 2906 2068 2980">
     <span class='ocr_line' id='line_1_29' title="bbox 389 2906 2068 2980; baseline -0.01 -13"><span class='ocrx_word' id='word_1_237' title='bbox 389 2917 424 2972; x_wconf 76' lang='grc' dir='ltr'><strong>ό</strong></span> <span class='ocrx_word' id='word_1_238' title='bbox 443 2911 874 2979; x_wconf 79' lang='grc' dir='ltr'><strong>ἀκουσόμενος.</strong></span> <span class='ocrx_word' id='word_1_239' title='bbox 900 2909 1026 2971; x_wconf 86' lang='grc' dir='ltr'><strong>Τοῖς</strong></span> <span class='ocrx_word' id='word_1_240' title='bbox 1047 2906 1259 2974; x_wconf 76' lang='grc' dir='ltr'><strong>ἀλόγοις</strong></span> <span class='ocrx_word' id='word_1_241' title='bbox 1290 2907 1630 2976; x_wconf 82' lang='grc' dir='ltr'><strong>διαλέγομαι,</strong></span> <span class='ocrx_word' id='word_1_242' title='bbox 1668 2908 1854 2980; x_wconf 81' lang='grc' dir='ltr'><strong>ἐπειδὴ</strong></span> <span class='ocrx_word' id='word_1_243' title='bbox 1892 2910 1940 2962; x_wconf 77' lang='grc' dir='ltr'><strong>οἱ</strong></span> <span class='ocrx_word' id='word_1_244' title='bbox 1979 2908 2068 2963; x_wconf 86' lang='grc' dir='ltr'><strong>λο-</strong></span> 
     </span>
    </p>
   </div>
   <div class='ocr_carea' id='block_1_30' title="bbox 389 2993 2066 3072">
    <p class='ocr_par' dir='ltr' id='par_1_30' title="bbox 389 2993 2066 3072">
     <span class='ocr_line' id='line_1_30' title="bbox 389 2993 2066 3072; baseline -0.003 -17"><span class='ocrx_word' id='word_1_245' title='bbox 389 3001 538 3068; x_wconf 75' lang='grc' dir='ltr'><strong>γικοὶ</strong></span> <span class='ocrx_word' id='word_1_246' title='bbox 563 3001 643 3063; x_wconf 86' lang='grc' dir='ltr'><strong>είς</strong></span> <span class='ocrx_word' id='word_1_247' title='bbox 671 2997 878 3066; x_wconf 85' lang='grc' dir='ltr'><strong>ἀλόγων</strong></span> <span class='ocrx_word' id='word_1_248' title='bbox 904 2994 1176 3072; x_wconf 85' lang='grc' dir='ltr'><strong>εὐτέλειαν</strong></span> <span class='ocrx_word' id='word_1_249' title='bbox 1200 2993 1632 3065; x_wconf 85' lang='grc' dir='ltr'><strong>κατηνέχθησαν.</strong></span> <span class='ocrx_word' id='word_1_250' title='bbox 1664 2995 1762 3048; x_wconf 88' lang='grc' dir='ltr'><strong>Διά</strong></span> <span class='ocrx_word' id='word_1_251' title='bbox 1790 2995 1951 3049; x_wconf 85' lang='grc' dir='ltr'><strong>τοῦτο</strong></span> <span class='ocrx_word' id='word_1_252' title='bbox 1972 2997 2066 3050; x_wconf 73' lang='grc' dir='ltr'><strong>καὶ</strong></span> 
     </span>
    </p>
   </div>
   <div class='ocr_carea' id='block_1_31' title="bbox 389 3072 2070 3159">
    <p class='ocr_par' dir='ltr' id='par_1_31' title="bbox 389 3072 2070 3159">
     <span class='ocr_line' id='line_1_31' title="bbox 389 3072 2070 3159; baseline -0.002 -17"><span class='ocrx_word' id='word_1_253' title='bbox 389 3089 546 3151; x_wconf 75' lang='grc' dir='ltr'><strong>ἄλλος</strong></span> <span class='ocrx_word' id='word_1_254' title='bbox 578 3087 864 3158; x_wconf 82' lang='grc' dir='ltr'><strong>προφήτης</strong></span> <span class='ocrx_word' id='word_1_255' title='bbox 883 3082 1072 3154; x_wconf 88' lang='grc' dir='ltr'><strong>βλέπει</strong></span> <span class='ocrx_word' id='word_1_256' title='bbox 1096 3081 1185 3134; x_wconf 84' lang='grc' dir='ltr'><strong>τὸν</strong></span> <span class='ocrx_word' id='word_1_257' title='bbox 1215 3081 1440 3151; x_wconf 73' lang='grc' dir='ltr'><strong>βασιλέα</strong></span> <span class='ocrx_word' id='word_1_258' title='bbox 1459 3083 1805 3153; x_wconf 86' lang='grc' dir='ltr'><strong>μαινόμενον,</strong></span> <span class='ocrx_word' id='word_1_259' title='bbox 1827 3083 1890 3137; x_wconf 82' lang='lat'><strong>16</strong></span> <span class='ocrx_word' id='word_1_260' title='bbox 1912 3072 2070 3159; x_wconf 59' lang='grc' dir='ltr'><strong>εἴδω-ε</strong></span> 
     </span>
    </p>
   </div>
   <div class='ocr_carea' id='block_1_32' title="bbox 389 3169 2065 3246">
    <p class='ocr_par' dir='ltr' id='par_1_32' title="bbox 389 3169 2065 3246">
     <span class='ocr_line' id='line_1_32' title="bbox 389 3169 2065 3246; baseline -0.004 -14"><span class='ocrx_word' id='word_1_261' title='bbox 389 3188 478 3241; x_wconf 69' lang='grc' dir='ltr'><strong>λον</strong></span> <span class='ocrx_word' id='word_1_262' title='bbox 509 3174 960 3246; x_wconf 86' lang='grc' dir='ltr'><strong>θεραπευόμενον,</strong></span> <span class='ocrx_word' id='word_1_263' title='bbox 986 3171 1077 3225; x_wconf 86' lang='grc' dir='ltr'><strong>τὸν</strong></span> <span class='ocrx_word' id='word_1_264' title='bbox 1109 3169 1238 3224; x_wconf 86' lang='grc' dir='ltr'><strong>Θεὸν</strong></span> <span class='ocrx_word' id='word_1_265' title='bbox 1263 3169 1615 3245; x_wconf 74' lang='grc' dir='ltr'><strong>ὑϐριζόμενον</strong></span> <span class='ocrx_word' id='word_1_266' title='bbox 1636 3210 1650 3235; x_wconf 93' lang='grc'><strong>,</strong></span> <span class='ocrx_word' id='word_1_267' title='bbox 1705 3173 1833 3235; x_wconf 82' lang='grc' dir='ltr'><strong>τοὺς</strong></span> <span class='ocrx_word' id='word_1_268' title='bbox 1869 3173 2065 3238; x_wconf 79' lang='grc' dir='ltr'><strong>ἄλλους</strong></span> 
     </span>
    </p>
   </div>
   <div class='ocr_carea' id='block_1_33' title="bbox 388 3247 2065 3331">
    <p class='ocr_par' dir='ltr' id='par_1_33' title="bbox 388 3247 2065 3331">
     <span class='ocr_line' id='line_1_33' title="bbox 388 3247 2065 3331; baseline 0.004 -21"><span class='ocrx_word' id='word_1_269' title='bbox 388 3267 631 3327; x_wconf 68' lang='grc' dir='ltr'><strong>ἃπαντας</strong></span> <span class='ocrx_word' id='word_1_270' title='bbox 653 3259 1084 3331; x_wconf 77' lang='grc' dir='ltr'><strong>κατεπτηχότας,</strong></span> <span class='ocrx_word' id='word_1_271' title='bbox 1122 3257 1216 3328; x_wconf 75' lang='grc' dir='ltr'><strong>καὶ</strong></span> <span class='ocrx_word' id='word_1_272' title='bbox 1252 3247 1398 3326; x_wconf 79' lang='grc' dir='ltr'><strong>λέγει</strong></span> <span class='ocrx_word' id='word_1_273' title='bbox 1423 3273 1436 3287; x_wconf 72' lang='grc' dir='ltr'><strong>ο</strong></span> <span class='ocrx_word' id='word_1_274' title='bbox 1479 3258 1806 3324; x_wconf 65' lang='grc' dir='ltr'><strong>Ἄκουσον,</strong></span> <span class='ocrx_word' id='word_1_275' title='bbox 1849 3263 2065 3318; x_wconf 80' lang='grc' dir='ltr'><strong>θυσια-</strong></span> 
     </span>
    </p>
   </div>
   <div class='ocr_carea' id='block_1_34' title="bbox 388 3341 2066 3420">
    <p class='ocr_par' dir='ltr' id='par_1_34' title="bbox 388 3341 2066 3420">
     <span class='ocr_line' id='line_1_34' title="bbox 388 3341 2066 3420; baseline -0.012 -12"><span class='ocrx_word' id='word_1_276' title='bbox 388 3351 658 3420; x_wconf 81' lang='grc' dir='ltr'><strong>στήριον,</strong></span> <span class='ocrx_word' id='word_1_277' title='bbox 686 3347 956 3406; x_wconf 74' lang='grc' dir='ltr'><strong>ἄκουσόν</strong></span> <span class='ocrx_word' id='word_1_278' title='bbox 977 3361 1118 3414; x_wconf 89' lang='grc' dir='ltr'><strong>μου.</strong></span> <span class='ocrx_word' id='word_1_279' title='bbox 1146 3342 1293 3413; x_wconf 85' lang='grc' dir='ltr'><strong>Λίθῳ</strong></span> <span class='ocrx_word' id='word_1_280' title='bbox 1321 3341 1540 3418; x_wconf 72' lang='grc' dir='ltr'><strong>διαλέγῃ</strong></span> <span class='ocrx_word' id='word_1_281' title='bbox 1555 3343 1575 3408; x_wconf 75' lang='grc' dir='ltr'><strong>ς’</strong></span> <span class='ocrx_word' id='word_1_282' title='bbox 1601 3345 1744 3398; x_wconf 84' lang='grc' dir='ltr'><strong>Ναί·</strong></span> <span class='ocrx_word' id='word_1_283' title='bbox 1772 3346 1962 3418; x_wconf 78' lang='grc' dir='ltr'><strong>ἐπειδὴ</strong></span> <span class='ocrx_word' id='word_1_284' title='bbox 1986 3347 2066 3402; x_wconf 82' lang='grc' dir='ltr'><strong>λι-</strong></span> 
     </span>
    </p>
   </div>
   <div class='ocr_carea' id='block_1_35' title="bbox 388 3429 2064 3508">
    <p class='ocr_par' dir='ltr' id='par_1_35' title="bbox 388 3429 2064 3508">
     <span class='ocr_line' id='line_1_35' title="bbox 388 3429 2064 3508; baseline -0.008 -15"><span class='ocrx_word' id='word_1_285' title='bbox 388 3442 482 3500; x_wconf 86' lang='grc' dir='ltr'><strong>θου</strong></span> <span class='ocrx_word' id='word_1_286' title='bbox 529 3436 983 3508; x_wconf 84' lang='grc' dir='ltr'><strong>ἀναισθητότερος</strong></span> <span class='ocrx_word' id='word_1_287' title='bbox 1023 3435 1051 3486; x_wconf 91' lang='lat'><strong>6</strong></span> <span class='ocrx_word' id='word_1_288' title='bbox 1096 3429 1367 3502; x_wconf 85' lang='grc' dir='ltr'><strong>βασιλεύς.</strong></span> <span class='ocrx_word' id='word_1_289' title='bbox 1420 3432 1726 3496; x_wconf 60' lang='grc' dir='ltr'><strong>Ἃγυουσόν</strong></span> <span class='ocrx_word' id='word_1_290' title='bbox 1763 3451 1905 3503; x_wconf 81' lang='grc' dir='ltr'><strong>μου,</strong></span> <span class='ocrx_word' id='word_1_291' title='bbox 1960 3439 2064 3489; x_wconf 85' lang='grc' dir='ltr'><strong>θυ.</strong></span> 
     </span>
    </p>
   </div>
   <div class='ocr_carea' id='block_1_36' title="bbox 387 3518 2062 3608">
    <p class='ocr_par' dir='ltr' id='par_1_36' title="bbox 387 3518 2062 3608">
     <span class='ocr_line' id='line_1_36' title="bbox 387 3518 2062 3608; baseline -0.004 -24"><span class='ocrx_word' id='word_1_292' title='bbox 387 3528 765 3608; x_wconf 65' lang='grc' dir='ltr'><strong>σιαστιῖριον,</strong></span> <span class='ocrx_word' id='word_1_293' title='bbox 788 3526 1060 3584; x_wconf 81' lang='grc' dir='ltr'><strong>ἄκουσον</strong></span> <span class='ocrx_word' id='word_1_294' title='bbox 1077 3534 1090 3548; x_wconf 86' lang='grc'><em>’</em></span> <span class='ocrx_word' id='word_1_295' title='bbox 1117 3519 1260 3574; x_wconf 83' lang='grc' dir='ltr'><strong>τάδε</strong></span> <span class='ocrx_word' id='word_1_296' title='bbox 1278 3518 1438 3608; x_wconf 57' lang='grc' dir='ltr'><strong>λέγει</strong></span> <span class='ocrx_word' id='word_1_297' title='bbox 1461 3521 1694 3608; x_wconf 62' lang='grc' dir='ltr'><strong>Κύριος.</strong></span> <span class='ocrx_word' id='word_1_298' title='bbox 1727 3522 1836 3587; x_wconf 74' lang='grc' dir='ltr'><strong>Καὶ</strong></span> <span class='ocrx_word' id='word_1_299' title='bbox 1861 3524 2062 3590; x_wconf 78' lang='grc' dir='ltr'><strong>εὐθέως</strong></span> 
     </span>
    </p>
   </div>
   <div class='ocr_carea' id='block_1_37' title="bbox 387 3607 2062 3691">
    <p class='ocr_par' dir='ltr' id='par_1_37' title="bbox 387 3607 2062 3691">
     <span class='ocr_line' id='line_1_37' title="bbox 387 3607 2062 3691; baseline -0.002 -23"><span class='ocrx_word' id='word_1_300' title='bbox 387 3615 663 3690; x_wconf 72' lang='grc' dir='ltr'><strong>διεσχίσθη</strong></span> <span class='ocrx_word' id='word_1_301' title='bbox 691 3614 751 3668; x_wconf 88' lang='lat'><strong>16</strong></span> <span class='ocrx_word' id='word_1_302' title='bbox 784 3610 1161 3691; x_wconf 71' lang='grc' dir='ltr'><strong>θυσιαστήριον</strong></span> <span class='ocrx_word' id='word_1_303' title='bbox 1182 3624 1196 3639; x_wconf 73' lang='grc' dir='ltr'><strong>ο</strong></span> <span class='ocrx_word' id='word_1_304' title='bbox 1231 3607 1325 3673; x_wconf 78' lang='grc' dir='ltr'><strong>καὶ</strong></span> <span class='ocrx_word' id='word_1_305' title='bbox 1353 3609 1380 3660; x_wconf 90' lang='lat'><strong>6</strong></span> <span class='ocrx_word' id='word_1_306' title='bbox 1405 3607 1549 3673; x_wconf 89' lang='grc' dir='ltr'><strong>λίθος</strong></span> <span class='ocrx_word' id='word_1_307' title='bbox 1572 3609 1822 3678; x_wconf 72' lang='grc' dir='ltr'><strong>ἤκουσεν,</strong></span> <span class='ocrx_word' id='word_1_308' title='bbox 1863 3612 1891 3664; x_wconf 93' lang='lat'><strong>6</strong></span> <span class='ocrx_word' id='word_1_309' title='bbox 1914 3611 2062 3675; x_wconf 89' lang='grc' dir='ltr'><strong>λίθος</strong></span> 
     </span>
    </p>
   </div>
   <div class='ocr_carea' id='block_1_38' title="bbox 388 3692 2063 3777">
    <p class='ocr_par' dir='ltr' id='par_1_38' title="bbox 388 3692 2063 3777">
     <span class='ocr_line' id='line_1_38' title="bbox 388 3692 2063 3777; baseline 0.002 -27"><span class='ocrx_word' id='word_1_310' title='bbox 388 3694 622 3777; x_wconf 68' lang='grc' dir='ltr'><strong>ὲρράγη,</strong></span> <span class='ocrx_word' id='word_1_311' title='bbox 658 3701 750 3755; x_wconf 75' lang='grc' dir='ltr'><strong>καὶ</strong></span> <span class='ocrx_word' id='word_1_312' title='bbox 776 3697 956 3768; x_wconf 80' lang='grc' dir='ltr'><strong>ἐξέχεε</strong></span> <span class='ocrx_word' id='word_1_313' title='bbox 992 3693 1090 3767; x_wconf 84' lang='grc' dir='ltr'><strong>τὴν</strong></span> <span class='ocrx_word' id='word_1_314' title='bbox 1120 3694 1328 3748; x_wconf 87' lang='grc' dir='ltr'><strong>θυσίαν.</strong></span> <span class='ocrx_word' id='word_1_315' title='bbox 1364 3692 1486 3758; x_wconf 82' lang='grc' dir='ltr'><strong>Πῶς</strong></span> <span class='ocrx_word' id='word_1_316' title='bbox 1530 3695 1630 3748; x_wconf 88' lang='grc' dir='ltr'><strong>οὑκ</strong></span> <span class='ocrx_word' id='word_1_317' title='bbox 1657 3696 1889 3768; x_wconf 75' lang='grc' dir='ltr'><strong>ἤκουσεν</strong></span> <span class='ocrx_word' id='word_1_318' title='bbox 1918 3700 1945 3751; x_wconf 98' lang='lat'><strong>6</strong></span> <span class='ocrx_word' id='word_1_319' title='bbox 1971 3697 2063 3752; x_wconf 79' lang='grc' dir='ltr'><strong>ἀν·-</strong></span> 
     </span>
    </p>
   </div>
   <div class='ocr_carea' id='block_1_39' title="bbox 389 3779 2060 3865">
    <p class='ocr_par' dir='ltr' id='par_1_39' title="bbox 389 3779 2060 3865">
     <span class='ocr_line' id='line_1_39' title="bbox 389 3779 2060 3865; baseline -0.002 -21"><span class='ocrx_word' id='word_1_320' title='bbox 389 3793 636 3865; x_wconf 77' lang='grc' dir='ltr'><strong>θρωποςς</strong></span> <span class='ocrx_word' id='word_1_321' title='bbox 679 3786 940 3856; x_wconf 80' lang='grc' dir='ltr'><strong>Ἑξέτέινε</strong></span> <span class='ocrx_word' id='word_1_322' title='bbox 982 3779 1133 3857; x_wconf 67' lang='grc'><strong>[546]</strong></span> <span class='ocrx_word' id='word_1_323' title='bbox 1160 3782 1258 3854; x_wconf 80' lang='grc' dir='ltr'><strong>τὴν</strong></span> <span class='ocrx_word' id='word_1_324' title='bbox 1291 3784 1446 3853; x_wconf 84' lang='grc' dir='ltr'><strong>χεῖρα</strong></span> <span class='ocrx_word' id='word_1_325' title='bbox 1494 3781 1659 3836; x_wconf 89' lang='grc' dir='ltr'><strong>αὑτοῦ</strong></span> <span class='ocrx_word' id='word_1_326' title='bbox 1692 3785 1938 3856; x_wconf 85' lang='grc' dir='ltr'><strong>ἁρπάσαι</strong></span> <span class='ocrx_word' id='word_1_327' title='bbox 1968 3787 2060 3842; x_wconf 85' lang='grc' dir='ltr'><strong>τὸν</strong></span> 
     </span>
    </p>
   </div>
   <div class='ocr_carea' id='block_1_40' title="bbox 387 3869 2061 3952">
    <p class='ocr_par' dir='ltr' id='par_1_40' title="bbox 387 3869 2061 3952">
     <span class='ocr_line' id='line_1_40' title="bbox 387 3869 2061 3952; baseline -0.003 -19"><span class='ocrx_word' id='word_1_328' title='bbox 387 3881 675 3952; x_wconf 77' lang='grc' dir='ltr'><strong>προφήτην</strong></span> <span class='ocrx_word' id='word_1_329' title='bbox 699 3893 712 3906; x_wconf 88' lang='grc'><strong>·</strong></span> <span class='ocrx_word' id='word_1_330' title='bbox 751 3877 846 3929; x_wconf 76' lang='grc' dir='ltr'><strong>καὶ</strong></span> <span class='ocrx_word' id='word_1_331' title='bbox 897 3874 949 3927; x_wconf 85' lang='grc' dir='ltr'><strong>τί</strong></span> <span class='ocrx_word' id='word_1_332' title='bbox 975 3874 1118 3926; x_wconf 86' lang='grc' dir='ltr'><strong>ποιεῖ</strong></span> <span class='ocrx_word' id='word_1_333' title='bbox 1147 3872 1175 3923; x_wconf 94' lang='lat'><strong>6</strong></span> <span class='ocrx_word' id='word_1_334' title='bbox 1215 3869 1385 3935; x_wconf 74' lang='lat'><strong>956;;</strong></span> <span class='ocrx_word' id='word_1_335' title='bbox 1430 3869 1722 3943; x_wconf 83' lang='grc' dir='ltr'><strong>Ἐξήρανεν</strong></span> <span class='ocrx_word' id='word_1_336' title='bbox 1767 3875 1931 3928; x_wconf 87' lang='grc' dir='ltr'><strong>αὑτοῦ</strong></span> <span class='ocrx_word' id='word_1_337' title='bbox 1963 3875 2061 3948; x_wconf 78' lang='grc' dir='ltr'><strong>τὴν</strong></span> 
     </span>
    </p>
   </div>
   <div class='ocr_carea' id='block_1_41' title="bbox 383 3956 2061 4037">
    <p class='ocr_par' dir='ltr' id='par_1_41' title="bbox 383 3956 2061 4037">
     <span class='ocr_line' id='line_1_41' title="bbox 383 3956 2061 4037; baseline 0.001 -20"><span class='ocrx_word' id='word_1_338' title='bbox 383 3968 562 4036; x_wconf 80' lang='grc' dir='ltr'><strong>χεῖρα.</strong></span> <span class='ocrx_word' id='word_1_339' title='bbox 600 3965 774 4022; x_wconf 83' lang='grc' dir='ltr'><strong>Βλέπε</strong></span> <span class='ocrx_word' id='word_1_340' title='bbox 795 3964 846 4018; x_wconf 91' lang='grc' dir='ltr'><strong>τί</strong></span> <span class='ocrx_word' id='word_1_341' title='bbox 873 3963 1118 4037; x_wconf 86' lang='grc' dir='ltr'><strong>ἐποίησε,</strong></span> <span class='ocrx_word' id='word_1_342' title='bbox 1140 3959 1304 4031; x_wconf 86' lang='grc' dir='ltr'><strong>βλέπε</strong></span> <span class='ocrx_word' id='word_1_343' title='bbox 1334 3956 1744 4032; x_wconf 80' lang='grc' dir='ltr'><strong>φιλανθρωπίαν</strong></span> <span class='ocrx_word' id='word_1_344' title='bbox 1763 3965 2061 4034; x_wconf 87' lang='grc' dir='ltr'><strong>Δεσπότου,</strong></span> 
     </span>
    </p>
   </div>
   <div class='ocr_carea' id='block_1_42' title="bbox 389 4042 2063 4138">
    <p class='ocr_par' dir='ltr' id='par_1_42' title="bbox 389 4042 2063 4138">
     <span class='ocr_line' id='line_1_42' title="bbox 389 4042 2063 4138; baseline 0 -31"><span class='ocrx_word' id='word_1_345' title='bbox 389 4054 484 4108; x_wconf 71' lang='grc' dir='ltr'><strong>καὶ</strong></span> <span class='ocrx_word' id='word_1_346' title='bbox 520 4054 792 4128; x_wconf 82' lang='grc' dir='ltr'><strong>ἁμαρτίαν</strong></span> <span class='ocrx_word' id='word_1_347' title='bbox 822 4052 1031 4109; x_wconf 89' lang='grc' dir='ltr'><strong>δούλου.</strong></span> <span class='ocrx_word' id='word_1_348' title='bbox 1070 4053 1170 4120; x_wconf 75' lang='grc' dir='ltr'><strong>Διὰ</strong></span> <span class='ocrx_word' id='word_1_349' title='bbox 1189 4056 1241 4109; x_wconf 89' lang='grc' dir='ltr'><strong>τί</strong></span> <span class='ocrx_word' id='word_1_350' title='bbox 1274 4056 1334 4136; x_wconf 75' lang='grc' dir='ltr'><strong>ἐξ</strong></span> <span class='ocrx_word' id='word_1_351' title='bbox 1351 4056 1521 4138; x_wconf 77' lang='grc' dir='ltr'><strong>ἀρχῆς</strong></span> <span class='ocrx_word' id='word_1_352' title='bbox 1547 4042 1646 4121; x_wconf 73' lang='grc' dir='ltr'><strong>οὑκ</strong></span> <span class='ocrx_word' id='word_1_353' title='bbox 1679 4053 1938 4127; x_wconf 72' lang='grc' dir='ltr'><strong>ἐξήρανεν</strong></span> <span class='ocrx_word' id='word_1_354' title='bbox 1966 4055 2063 4110; x_wconf 82' lang='grc' dir='ltr'><strong>αὑ-</strong></span> 
     </span>
    </p>
   </div>
   <div class='ocr_carea' id='block_1_43' title="bbox 387 4142 2064 4224">
    <p class='ocr_par' dir='ltr' id='par_1_43' title="bbox 387 4142 2064 4224">
     <span class='ocr_line' id='line_1_43' title="bbox 387 4142 2064 4224; baseline -0.001 -28"><span class='ocrx_word' id='word_1_355' title='bbox 387 4143 482 4216; x_wconf 85' lang='grc' dir='ltr'><strong>τοῦ</strong></span> <span class='ocrx_word' id='word_1_356' title='bbox 505 4145 602 4216; x_wconf 77' lang='grc' dir='ltr'><strong>τὴν</strong></span> <span class='ocrx_word' id='word_1_357' title='bbox 630 4145 815 4224; x_wconf 83' lang='grc' dir='ltr'><strong>χεῖρα;</strong></span> <span class='ocrx_word' id='word_1_358' title='bbox 843 4142 961 4217; x_wconf 71' lang='grc' dir='ltr'><strong>Ἵνα</strong></span> <span class='ocrx_word' id='word_1_359' title='bbox 987 4142 1065 4224; x_wconf 84' lang='grc' dir='ltr'><strong>τῷ</strong></span> <span class='ocrx_word' id='word_1_360' title='bbox 1097 4144 1260 4214; x_wconf 70' lang='grc' dir='ltr'><strong>πάθει</strong></span> <span class='ocrx_word' id='word_1_361' title='bbox 1297 4143 1392 4196; x_wconf 90' lang='grc' dir='ltr'><strong>τοῦ</strong></span> <span class='ocrx_word' id='word_1_362' title='bbox 1427 4143 1574 4210; x_wconf 85' lang='grc' dir='ltr'><strong>λίθου</strong></span> <span class='ocrx_word' id='word_1_363' title='bbox 1623 4142 2064 4220; x_wconf 68' lang='grc' dir='ltr'><strong>σωφρονέστερος</strong></span> 
     </span>
    </p>
   </div>
   <div class='ocr_carea' id='block_1_44' title="bbox 388 4226 2059 4311">
    <p class='ocr_par' dir='ltr' id='par_1_44' title="bbox 388 4226 2059 4311">
     <span class='ocr_line' id='line_1_44' title="bbox 388 4226 2059 4311; baseline -0.001 -25"><span class='ocrx_word' id='word_1_364' title='bbox 388 4233 631 4311; x_wconf 81' lang='grc' dir='ltr'><strong>γένηται.</strong></span> <span class='ocrx_word' id='word_1_365' title='bbox 656 4226 730 4303; x_wconf 79' lang='grc' dir='ltr'><strong>Ἐἰ</strong></span> <span class='ocrx_word' id='word_1_366' title='bbox 761 4232 868 4302; x_wconf 83' lang='grc' dir='ltr'><strong>γὰρ</strong></span> <span class='ocrx_word' id='word_1_367' title='bbox 900 4231 974 4302; x_wconf 86' lang='grc' dir='ltr'><strong>μὴ</strong></span> <span class='ocrx_word' id='word_1_368' title='bbox 1004 4230 1227 4302; x_wconf 83' lang='grc' dir='ltr'><strong>ἐσχίσθη</strong></span> <span class='ocrx_word' id='word_1_369' title='bbox 1265 4232 1294 4283; x_wconf 92' lang='lat'><strong>6</strong></span> <span class='ocrx_word' id='word_1_370' title='bbox 1341 4230 1522 4295; x_wconf 89' lang='grc' dir='ltr'><strong>λίθος,</strong></span> <span class='ocrx_word' id='word_1_371' title='bbox 1586 4230 1879 4301; x_wconf 81' lang='grc' dir='ltr'><strong>ἐφειδόμην</strong></span> <span class='ocrx_word' id='word_1_372' title='bbox 1936 4246 2059 4285; x_wconf 74' lang='grc' dir='ltr'><strong>σοῦ’</strong></span> 
     </span>
    </p>
   </div>
   <div class='ocr_carea' id='block_1_45' title="bbox 389 4317 2063 4390">
    <p class='ocr_par' dir='ltr' id='par_1_45' title="bbox 389 4317 2063 4390">
     <span class='ocr_line' id='line_1_45' title="bbox 389 4317 2063 4390; baseline 0.001 -18"><span class='ocrx_word' id='word_1_373' title='bbox 389 4321 578 4390; x_wconf 73' lang='grc' dir='ltr'><strong>ἐπειδὴ</strong></span> <span class='ocrx_word' id='word_1_374' title='bbox 610 4319 664 4384; x_wconf 76' lang='grc' dir='ltr'><strong>δὲ</strong></span> <span class='ocrx_word' id='word_1_375' title='bbox 692 4317 972 4389; x_wconf 85' lang='grc' dir='ltr'><strong>διεσχίσθη</strong></span> <span class='ocrx_word' id='word_1_376' title='bbox 997 4320 1025 4373; x_wconf 93' lang='lat'><strong>6</strong></span> <span class='ocrx_word' id='word_1_377' title='bbox 1057 4317 1224 4382; x_wconf 90' lang='grc' dir='ltr'><strong>λίθος,</strong></span> <span class='ocrx_word' id='word_1_378' title='bbox 1256 4319 1350 4372; x_wconf 74' lang='grc' dir='ltr'><strong>καὶ</strong></span> <span class='ocrx_word' id='word_1_379' title='bbox 1384 4319 1448 4374; x_wconf 80' lang='grc' dir='ltr'><strong>σὺ</strong></span> <span class='ocrx_word' id='word_1_380' title='bbox 1477 4319 1538 4377; x_wconf 89' lang='grc' dir='ltr'><strong>οὑ</strong></span> <span class='ocrx_word' id='word_1_381' title='bbox 1585 4317 1936 4389; x_wconf 83' lang='grc' dir='ltr'><strong>διωρθώθης,</strong></span> <span class='ocrx_word' id='word_1_382' title='bbox 1970 4319 2063 4373; x_wconf 80' lang='grc' dir='ltr'><strong>ἐπὶ</strong></span> 
     </span>
    </p>
   </div>
   <div class='ocr_carea' id='block_1_46' title="bbox 391 4395 2064 4480">
    <p class='ocr_par' dir='ltr' id='par_1_46' title="bbox 391 4395 2064 4480">
     <span class='ocr_line' id='line_1_46' title="bbox 391 4395 2064 4480; baseline -0.001 -20"><span class='ocrx_word' id='word_1_383' title='bbox 391 4407 452 4478; x_wconf 75' lang='grc' dir='ltr'><strong>σε</strong></span> <span class='ocrx_word' id='word_1_384' title='bbox 476 4408 626 4480; x_wconf 86' lang='grc' dir='ltr'><strong>φέρω</strong></span> <span class='ocrx_word' id='word_1_385' title='bbox 646 4407 746 4470; x_wconf 81' lang='grc' dir='ltr'><strong>τὴν</strong></span> <span class='ocrx_word' id='word_1_386' title='bbox 773 4405 962 4475; x_wconf 75' lang='grc' dir='ltr'><strong>ὀργήν.</strong></span> <span class='ocrx_word' id='word_1_387' title='bbox 1021 4403 1286 4470; x_wconf 81' lang='grc' dir='ltr'><strong>Ἐξέτεινε</strong></span> <span class='ocrx_word' id='word_1_388' title='bbox 1324 4404 1422 4476; x_wconf 84' lang='grc' dir='ltr'><strong>τὴν</strong></span> <span class='ocrx_word' id='word_1_389' title='bbox 1467 4409 1620 4476; x_wconf 82' lang='grc' dir='ltr'><strong>χεῖρα</strong></span> <span class='ocrx_word' id='word_1_390' title='bbox 1675 4395 1920 4476; x_wconf 78' lang='grc' dir='ltr'><strong>ἁρπάσαι</strong></span> <span class='ocrx_word' id='word_1_391' title='bbox 1972 4404 2064 4459; x_wconf 83' lang='lat' dir='ltr'><em>16v</em></span> 
     </span>
    </p>
   </div>
   <div class='ocr_carea' id='block_1_47' title="bbox 389 4490 2060 4566">
    <p class='ocr_par' dir='ltr' id='par_1_47' title="bbox 389 4490 2060 4566">
     <span class='ocr_line' id='line_1_47' title="bbox 389 4490 2060 4566; baseline -0.003 -18"><span class='ocrx_word' id='word_1_392' title='bbox 389 4495 701 4566; x_wconf 79' lang='grc' dir='ltr'><strong>προφήτην,</strong></span> <span class='ocrx_word' id='word_1_393' title='bbox 731 4493 827 4545; x_wconf 74' lang='grc' dir='ltr'><strong>καὶ</strong></span> <span class='ocrx_word' id='word_1_394' title='bbox 860 4490 1131 4561; x_wconf 77' lang='grc' dir='ltr'><strong>ἐξηράνθη</strong></span> <span class='ocrx_word' id='word_1_395' title='bbox 1163 4492 1196 4560; x_wconf 88' lang='grc' dir='ltr'><strong>ή</strong></span> <span class='ocrx_word' id='word_1_396' title='bbox 1226 4490 1368 4561; x_wconf 88' lang='grc' dir='ltr'><strong>χείρ.</strong></span> <span class='ocrx_word' id='word_1_397' title='bbox 1403 4491 1659 4560; x_wconf 73' lang='grc' dir='ltr'><strong>Είστήκει</strong></span> <span class='ocrx_word' id='word_1_398' title='bbox 1693 4491 1753 4543; x_wconf 88' lang='lat'><strong>16</strong></span> <span class='ocrx_word' id='word_1_399' title='bbox 1778 4491 2060 4562; x_wconf 86' lang='grc' dir='ltr'><strong>τρόπαιον·</strong></span> 
     </span>
    </p>
   </div>
   <div class='ocr_carea' id='block_1_48' title="bbox 390 4569 2060 4652">
    <p class='ocr_par' dir='ltr' id='par_1_48' title="bbox 390 4569 2060 4652">
     <span class='ocr_line' id='line_1_48' title="bbox 390 4569 2060 4652; baseline -0.002 -18"><span class='ocrx_word' id='word_1_400' title='bbox 390 4579 678 4652; x_wconf 78' lang='grc' dir='ltr'><strong>δορυφόροι</strong></span> <span class='ocrx_word' id='word_1_401' title='bbox 715 4576 958 4630; x_wconf 87' lang='grc' dir='ltr'><strong>τοσοῦτοι</strong></span> <span class='ocrx_word' id='word_1_402' title='bbox 1013 4577 1106 4630; x_wconf 83' lang='grc' dir='ltr'><strong>καὶ</strong></span> <span class='ocrx_word' id='word_1_403' title='bbox 1154 4577 1452 4648; x_wconf 76' lang='grc' dir='ltr'><strong>στρατηγοὶ</strong></span> <span class='ocrx_word' id='word_1_404' title='bbox 1479 4578 1572 4630; x_wconf 75' lang='grc' dir='ltr'><strong>καὶ</strong></span> <span class='ocrx_word' id='word_1_405' title='bbox 1621 4576 1842 4652; x_wconf 82' lang='grc' dir='ltr'><strong>βοήθεια</strong></span> <span class='ocrx_word' id='word_1_406' title='bbox 1870 4569 2060 4650; x_wconf 82' lang='grc' dir='ltr'><strong>πολλὴ,</strong></span> 
     </span>
    </p>
   </div>
   <div class='ocr_carea' id='block_1_49' title="bbox 388 4649 2066 4740">
    <p class='ocr_par' dir='ltr' id='par_1_49' title="bbox 388 4649 2066 4740">
     <span class='ocr_line' id='line_1_49' title="bbox 388 4649 2066 4740; baseline -0.001 -20"><span class='ocrx_word' id='word_1_407' title='bbox 388 4649 483 4740; x_wconf 40' lang='grc' dir='ltr'><strong>καὶ</strong></span> <span class='ocrx_word' id='word_1_408' title='bbox 511 4649 609 4740; x_wconf 80' lang='grc' dir='ltr'><strong>τὴν</strong></span> <span class='ocrx_word' id='word_1_409' title='bbox 628 4669 786 4740; x_wconf 83' lang='grc' dir='ltr'><strong>χεῖρα</strong></span> <span class='ocrx_word' id='word_1_410' title='bbox 813 4656 975 4717; x_wconf 77' lang='grc' dir='ltr'><strong>αὑτοῦ</strong></span> <span class='ocrx_word' id='word_1_411' title='bbox 997 4663 1273 4740; x_wconf 75' lang='grc' dir='ltr'><strong>συστεῖλαι</strong></span> <span class='ocrx_word' id='word_1_412' title='bbox 1292 4664 1392 4718; x_wconf 84' lang='grc' dir='ltr'><strong>οὑκ</strong></span> <span class='ocrx_word' id='word_1_413' title='bbox 1410 4663 1674 4732; x_wconf 78' lang='grc' dir='ltr'><strong>ἠδύναντο</strong></span> <span class='ocrx_word' id='word_1_414' title='bbox 1695 4682 1708 4696; x_wconf 76' lang='grc' dir='ltr'><strong>ο</strong></span> <span class='ocrx_word' id='word_1_415' title='bbox 1745 4649 1863 4720; x_wconf 80' lang='grc' dir='ltr'><strong>ἀλλ’</strong></span> <span class='ocrx_word' id='word_1_416' title='bbox 1891 4649 2066 4737; x_wconf 83' lang='grc' dir='ltr'><strong>εἱστή-</strong></span> 
     </span>
    </p>
   </div>
   <div class='ocr_carea' id='block_1_50' title="bbox 387 4749 2070 4829">
    <p class='ocr_par' dir='ltr' id='par_1_50' title="bbox 387 4749 2070 4829">
     <span class='ocr_line' id='line_1_50' title="bbox 387 4749 2070 4829; baseline 0.001 -26"><span class='ocrx_word' id='word_1_417' title='bbox 387 4770 474 4807; x_wconf 68' lang='grc' dir='ltr'><strong>κει</strong></span> <span class='ocrx_word' id='word_1_418' title='bbox 513 4757 547 4828; x_wconf 83' lang='grc' dir='ltr'><strong>ή</strong></span> <span class='ocrx_word' id='word_1_419' title='bbox 590 4753 712 4827; x_wconf 70' lang='grc' dir='ltr'><strong>χεὶρ</strong></span> <span class='ocrx_word' id='word_1_420' title='bbox 740 4751 922 4829; x_wconf 78' lang='grc' dir='ltr'><strong>φωνὴν</strong></span> <span class='ocrx_word' id='word_1_421' title='bbox 952 4753 1195 4819; x_wconf 84' lang='grc' dir='ltr'><strong>ἀφιεῖσα,</strong></span> <span class='ocrx_word' id='word_1_422' title='bbox 1221 4749 1618 4820; x_wconf 45' lang='grc' dir='ltr'><strong>,στηλιτεύουσα</strong></span> <span class='ocrx_word' id='word_1_423' title='bbox 1666 4751 1766 4821; x_wconf 79' lang='grc' dir='ltr'><strong>τῆς</strong></span> <span class='ocrx_word' id='word_1_424' title='bbox 1808 4752 2070 4816; x_wconf 87' lang='grc' dir='ltr'><strong>ἀσεϐείας</strong></span> 
     </span>
    </p>
   </div>
   <div class='ocr_carea' id='block_1_51' title="bbox 385 4836 2064 4914">
    <p class='ocr_par' dir='ltr' id='par_1_51' title="bbox 385 4836 2064 4914">
     <span class='ocr_line' id='line_1_51' title="bbox 385 4836 2064 4914; baseline -0.004 -17"><span class='ocrx_word' id='word_1_425' title='bbox 385 4843 486 4914; x_wconf 84' lang='grc' dir='ltr'><strong>τὴν</strong></span> <span class='ocrx_word' id='word_1_426' title='bbox 517 4838 705 4913; x_wconf 73' lang='grc' dir='ltr'><strong>ἧτταν,</strong></span> <span class='ocrx_word' id='word_1_427' title='bbox 735 4840 828 4894; x_wconf 77' lang='grc' dir='ltr'><strong>καὶ</strong></span> <span class='ocrx_word' id='word_1_428' title='bbox 857 4837 1112 4900; x_wconf 86' lang='grc' dir='ltr'><strong>ἀσεϐείας</strong></span> <span class='ocrx_word' id='word_1_429' title='bbox 1156 4837 1218 4890; x_wconf 85' lang='grc' dir='ltr'><strong>τὸ</strong></span> <span class='ocrx_word' id='word_1_430' title='bbox 1259 4836 1538 4907; x_wconf 81' lang='grc' dir='ltr'><strong>τρόπαιον,</strong></span> <span class='ocrx_word' id='word_1_431' title='bbox 1565 4836 1660 4890; x_wconf 89' lang='grc' dir='ltr'><strong>τοῦ</strong></span> <span class='ocrx_word' id='word_1_432' title='bbox 1686 4838 1822 4891; x_wconf 87' lang='grc' dir='ltr'><strong>Θεοῦ</strong></span> <span class='ocrx_word' id='word_1_433' title='bbox 1873 4839 2064 4908; x_wconf 74' lang='grc' dir='ltr'><strong>φιλανο</strong></span> 
     </span>
    </p>
   </div>
   <div class='ocr_carea' id='block_1_52' title="bbox 392 4923 2072 5001">
    <p class='ocr_par' dir='ltr' id='par_1_52' title="bbox 392 4923 2072 5001">
     <span class='ocr_line' id='line_1_52' title="bbox 392 4923 2072 5001; baseline -0.001 -18"><span class='ocrx_word' id='word_1_434' title='bbox 392 4931 663 5001; x_wconf 87' lang='grc' dir='ltr'><strong>θρωπίαν,</strong></span> <span class='ocrx_word' id='word_1_435' title='bbox 699 4925 950 4982; x_wconf 84' lang='grc' dir='ltr'><strong>κάκείνου</strong></span> <span class='ocrx_word' id='word_1_436' title='bbox 979 4925 1078 4998; x_wconf 81' lang='grc' dir='ltr'><strong>τὴν</strong></span> <span class='ocrx_word' id='word_1_437' title='bbox 1115 4924 1392 4980; x_wconf 89' lang='grc' dir='ltr'><strong>ἀπόνοιαν.</strong></span> <span class='ocrx_word' id='word_1_438' title='bbox 1440 4923 1544 4982; x_wconf 75' lang='grc' dir='ltr'><strong>Καὶ</strong></span> <span class='ocrx_word' id='word_1_439' title='bbox 1584 4925 1859 4988; x_wconf 82' lang='grc' dir='ltr'><strong>συστεῖλαι</strong></span> <span class='ocrx_word' id='word_1_440' title='bbox 1893 4925 2072 4999; x_wconf 72' lang='grc' dir='ltr'><strong>αὐτὴν⁵</strong></span> 
     </span>
    </p>
   </div>
   <div class='ocr_carea' id='block_1_53' title="bbox 390 5003 2039 5090">
    <p class='ocr_par' dir='ltr' id='par_1_53' title="bbox 390 5003 2039 5090">
     <span class='ocr_line' id='line_1_53' title="bbox 390 5003 2039 5090; baseline -0.002 -17"><span class='ocrx_word' id='word_1_441' title='bbox 390 5003 491 5074; x_wconf 74' lang='grc' dir='ltr'><strong>οὐκ</strong></span> <span class='ocrx_word' id='word_1_442' title='bbox 518 5015 798 5090; x_wconf 71' lang='grc' dir='ltr'><strong>ἠδύναντο.</strong></span> <span class='ocrx_word' id='word_1_443' title='bbox 1823 5005 1826 5008; x_wconf 47' lang='grc'><strong>’</strong></span> <span class='ocrx_word' id='word_1_444' title='bbox 2034 5023 2039 5029; x_wconf 73' lang='lat'><em>‘</em></span> 
     </span>
    </p>
   </div>
   <div class='ocr_carea' id='block_1_54' title="bbox 467 5133 2065 5209">
    <p class='ocr_par' dir='ltr' id='par_1_54' title="bbox 467 5133 2065 5209">
     <span class='ocr_line' id='line_1_54' title="bbox 467 5133 2065 5209; baseline -0.007 -13"><span class='ocrx_word' id='word_1_445' title='bbox 467 5144 529 5197; x_wconf 85' lang='grc' dir='ltr'><strong>δ’.</strong></span> <span class='ocrx_word' id='word_1_446' title='bbox 564 5140 701 5196; x_wconf 83' lang='grc' dir='ltr'><strong>Ἀλλ’</strong></span> <span class='ocrx_word' id='word_1_447' title='bbox 731 5141 819 5193; x_wconf 85' lang='grc' dir='ltr'><strong>ἴνα</strong></span> <span class='ocrx_word' id='word_1_448' title='bbox 851 5137 925 5209; x_wconf 81' lang='grc' dir='ltr'><strong>μὴ</strong></span> <span class='ocrx_word' id='word_1_449' title='bbox 941 5137 1098 5205; x_wconf 88' lang='grc' dir='ltr'><strong>λόγον</strong></span> <span class='ocrx_word' id='word_1_450' title='bbox 1121 5137 1186 5188; x_wconf 90' lang='grc' dir='ltr'><strong>ἐκ</strong></span> <span class='ocrx_word' id='word_1_451' title='bbox 1208 5134 1368 5203; x_wconf 91' lang='grc' dir='ltr'><strong>λόγου</strong></span> <span class='ocrx_word' id='word_1_452' title='bbox 1390 5133 1705 5204; x_wconf 80' lang='grc' dir='ltr'><strong>ὑφαίνοντες</strong></span> <span class='ocrx_word' id='word_1_453' title='bbox 1737 5138 1836 5208; x_wconf 81' lang='grc' dir='ltr'><strong>τῆς</strong></span> <span class='ocrx_word' id='word_1_454' title='bbox 1861 5139 2065 5206; x_wconf 50' lang='lat' dir='ltr'><strong>om“,</strong></span> 
     </span>
    </p>
   </div>
   <div class='ocr_carea' id='block_1_55' title="bbox 399 5218 2065 5299">
    <p class='ocr_par' dir='ltr' id='par_1_55' title="bbox 399 5218 2065 5299">
     <span class='ocr_line' id='line_1_55' title="bbox 399 5218 2065 5299; baseline 0.003 -20"><span class='ocrx_word' id='word_1_455' title='bbox 399 5248 538 5294; x_wconf 84' lang='grc' dir='ltr'><strong>σεως</strong></span> <span class='ocrx_word' id='word_1_456' title='bbox 565 5225 973 5296; x_wconf 74' lang='grc' dir='ltr'><strong>ἐπιλαθώμεθα,</strong></span> <span class='ocrx_word' id='word_1_457' title='bbox 996 5225 1128 5296; x_wconf 85' lang='grc' dir='ltr'><strong>φέρε</strong></span> <span class='ocrx_word' id='word_1_458' title='bbox 1152 5218 1243 5277; x_wconf 85' lang='grc' dir='ltr'><strong>οῦν</strong></span> <span class='ocrx_word' id='word_1_459' title='bbox 1260 5223 1297 5278; x_wconf 78' lang='grc' dir='ltr'><strong>δι</strong></span> <span class='ocrx_word' id='word_1_460' title='bbox 1315 5223 1760 5295; x_wconf 85' lang='grc' dir='ltr'><strong>ἐπηγγειλάμεθα</strong></span> <span class='ocrx_word' id='word_1_461' title='bbox 1781 5227 2065 5299; x_wconf 80' lang='grc' dir='ltr'><strong>δείξωμεν.</strong></span> 
     </span>
    </p>
   </div>
   <div class='ocr_carea' id='block_1_56' title="bbox 399 5310 2065 5387">
    <p class='ocr_par' dir='ltr' id='par_1_56' title="bbox 399 5310 2065 5387">
     <span class='ocr_line' id='line_1_56' title="bbox 399 5310 2065 5387; baseline 0.005 -26"><span class='ocrx_word' id='word_1_462' title='bbox 399 5319 463 5371; x_wconf 79' lang='grc' dir='ltr'><strong>Τί</strong></span> <span class='ocrx_word' id='word_1_463' title='bbox 497 5318 552 5382; x_wconf 66' lang='grc' dir='ltr'>δὲ</span> <span class='ocrx_word' id='word_1_464' title='bbox 585 5313 1039 5386; x_wconf 72' lang='grc' dir='ltr'><strong>ἐπηγγειλάμην;</strong></span> <span class='ocrx_word' id='word_1_465' title='bbox 1071 5312 1194 5377; x_wconf 66' lang='grc' dir='ltr'><strong>’.Οτι</strong></span> <span class='ocrx_word' id='word_1_466' title='bbox 1221 5312 1269 5364; x_wconf 84' lang='grc' dir='ltr'><strong>εί</strong></span> <span class='ocrx_word' id='word_1_467' title='bbox 1304 5310 1473 5383; x_wconf 91' lang='grc' dir='ltr'><strong>μυρία</strong></span> <span class='ocrx_word' id='word_1_468' title='bbox 1493 5311 1788 5382; x_wconf 76' lang='grc' dir='ltr'><strong>τραύματὰ</strong></span> <span class='ocrx_word' id='word_1_469' title='bbox 1821 5333 1903 5379; x_wconf 91' lang='grc' dir='ltr'><strong>τις</strong></span> <span class='ocrx_word' id='word_1_470' title='bbox 1929 5316 2065 5387; x_wconf 80' lang='grc' dir='ltr'><strong>ἔχει,</strong></span> 
     </span>
    </p>
   </div>
   <div class='ocr_carea' id='block_1_57' title="bbox 401 5396 2068 5474">
    <p class='ocr_par' dir='ltr' id='par_1_57' title="bbox 401 5396 2068 5474">
     <span class='ocr_line' id='line_1_57' title="bbox 401 5396 2068 5474; baseline 0 -18"><span class='ocrx_word' id='word_1_471' title='bbox 401 5405 723 5474; x_wconf 74' lang='grc' dir='ltr'><strong>μετανοήσει</strong></span> <span class='ocrx_word' id='word_1_472' title='bbox 751 5400 809 5453; x_wconf 83' lang='grc' dir='ltr'><strong>δὲ</strong></span> <span class='ocrx_word' id='word_1_473' title='bbox 843 5399 939 5452; x_wconf 71' lang='grc' dir='ltr'><strong>καὶ</strong></span> <span class='ocrx_word' id='word_1_474' title='bbox 971 5397 1186 5468; x_wconf 87' lang='grc' dir='ltr'><strong>ποιήσει</strong></span> <span class='ocrx_word' id='word_1_475' title='bbox 1209 5396 1268 5450; x_wconf 86' lang='lat'><strong>16</strong></span> <span class='ocrx_word' id='word_1_476' title='bbox 1293 5398 1557 5468; x_wconf 86' lang='grc' dir='ltr'><strong>χρηστὸν,</strong></span> <span class='ocrx_word' id='word_1_477' title='bbox 1595 5397 1770 5464; x_wconf 82' lang='grc' dir='ltr'><strong>οὑτως</strong></span> <span class='ocrx_word' id='word_1_478' title='bbox 1811 5403 1952 5457; x_wconf 78' lang='grc' dir='ltr'><strong>αὑτὰ</strong></span> <span class='ocrx_word' id='word_1_479' title='bbox 1978 5404 2068 5470; x_wconf 81' lang='grc' dir='ltr'><strong>ἐξ-</strong></span> 
     </span>
    </p>
   </div>
   <div class='ocr_carea' id='block_1_58' title="bbox 396 5483 2068 5564">
    <p class='ocr_par' dir='ltr' id='par_1_58' title="bbox 396 5483 2068 5564">
     <span class='ocr_line' id='line_1_58' title="bbox 396 5483 2068 5564; baseline -0.001 -17"><span class='ocrx_word' id='word_1_480' title='bbox 396 5491 607 5559; x_wconf 83' lang='grc' dir='ltr'><strong>αλείφει</strong></span> <span class='ocrx_word' id='word_1_481' title='bbox 626 5493 654 5543; x_wconf 93' lang='lat'><strong>6</strong></span> <span class='ocrx_word' id='word_1_482' title='bbox 681 5487 832 5554; x_wconf 82' lang='grc' dir='ltr'><strong>Θεὸς,</strong></span> <span class='ocrx_word' id='word_1_483' title='bbox 857 5486 933 5548; x_wconf 84' lang='grc' dir='ltr'><strong>ὡς</strong></span> <span class='ocrx_word' id='word_1_484' title='bbox 964 5485 1098 5556; x_wconf 88' lang='grc' dir='ltr'><strong>μηδέ</strong></span> <span class='ocrx_word' id='word_1_485' title='bbox 1124 5483 1307 5554; x_wconf 80' lang='grc' dir='ltr'><strong>οὐλὴν,</strong></span> <span class='ocrx_word' id='word_1_486' title='bbox 1335 5485 1468 5556; x_wconf 88' lang='grc' dir='ltr'><strong>μηδέ</strong></span> <span class='ocrx_word' id='word_1_487' title='bbox 1501 5485 1674 5554; x_wconf 79' lang='grc' dir='ltr'><strong>ἴχνος,</strong></span> <span class='ocrx_word' id='word_1_488' title='bbox 1710 5489 1845 5558; x_wconf 86' lang='grc' dir='ltr'><strong>μηδέ</strong></span> <span class='ocrx_word' id='word_1_489' title='bbox 1870 5485 2068 5564; x_wconf 83' lang='grc' dir='ltr'><strong>δεῖγμα</strong></span> 
     </span>
    </p>
   </div>
   <div class='ocr_carea' id='block_1_59' title="bbox 401 5567 2070 5648">
    <p class='ocr_par' dir='ltr' id='par_1_59' title="bbox 401 5567 2070 5648">
     <span class='ocr_line' id='line_1_59' title="bbox 401 5567 2070 5648; baseline -0.001 -15"><span class='ocrx_word' id='word_1_490' title='bbox 401 5579 685 5648; x_wconf 85' lang='grc' dir='ltr'><strong>φαίνεσθαι</strong></span> <span class='ocrx_word' id='word_1_491' title='bbox 703 5575 813 5630; x_wconf 90' lang='grc' dir='ltr'><strong>τῶν</strong></span> <span class='ocrx_word' id='word_1_492' title='bbox 839 5573 1118 5645; x_wconf 88' lang='grc' dir='ltr'><strong>προτέρων</strong></span> <span class='ocrx_word' id='word_1_493' title='bbox 1152 5573 1561 5643; x_wconf 83' lang='grc' dir='ltr'><strong>ἁμαρτημάτων</strong></span> <span class='ocrx_word' id='word_1_494' title='bbox 1585 5590 1600 5605; x_wconf 69' lang='grc' dir='ltr'><strong><em>ο</em></strong></span> <span class='ocrx_word' id='word_1_495' title='bbox 1628 5575 1799 5628; x_wconf 87' lang='grc' dir='ltr'><strong>ταῦτα</strong></span> <span class='ocrx_word' id='word_1_496' title='bbox 1836 5567 2070 5648; x_wconf 86' lang='grc' dir='ltr'><strong>ὑποσχό-</strong></span> 
     </span>
    </p>
   </div>
   <div class='ocr_carea' id='block_1_60' title="bbox 405 5654 2066 5735">
    <p class='ocr_par' dir='ltr' id='par_1_60' title="bbox 405 5654 2066 5735">
     <span class='ocr_line' id='line_1_60' title="bbox 405 5654 2066 5735; baseline 0.001 -18"><span class='ocrx_word' id='word_1_497' title='bbox 405 5683 584 5735; x_wconf 87' lang='grc' dir='ltr'><strong>μενος,</strong></span> <span class='ocrx_word' id='word_1_498' title='bbox 617 5663 791 5718; x_wconf 86' lang='grc' dir='ltr'><strong>ταῦτα</strong></span> <span class='ocrx_word' id='word_1_499' title='bbox 835 5661 1098 5727; x_wconf 82' lang='grc' dir='ltr'><strong>ἐπιδεῖξαι</strong></span> <span class='ocrx_word' id='word_1_500' title='bbox 1146 5654 1495 5731; x_wconf 87' lang='grc' dir='ltr'><strong>πειράσομαι.</strong></span> <span class='ocrx_word' id='word_1_501' title='bbox 1553 5662 1791 5732; x_wconf 76' lang='grc' dir='ltr'><strong>Ἄκουε,</strong></span> <span class='ocrx_word' id='word_1_502' title='bbox 1824 5666 2066 5734; x_wconf 76' lang='grc' dir='ltr'><strong>οὐρανέ,</strong></span> 
     </span>
    </p>
   </div>
   <div class='ocr_carea' id='block_1_61' title="bbox 403 5747 2063 5826">
    <p class='ocr_par' dir='ltr' id='par_1_61' title="bbox 403 5747 2063 5826">
     <span class='ocr_line' id='line_1_61' title="bbox 403 5747 2063 5826; baseline 0.004 -25"><span class='ocrx_word' id='word_1_503' title='bbox 403 5748 498 5812; x_wconf 67' lang='grc' dir='ltr'><strong>καὶ</strong></span> <span class='ocrx_word' id='word_1_504' title='bbox 528 5750 816 5821; x_wconf 68' lang='grc' dir='ltr'><strong>ἑνωτίζου,</strong></span> <span class='ocrx_word' id='word_1_505' title='bbox 841 5749 936 5824; x_wconf 68' lang='grc' dir='ltr'><strong>γῆ,</strong></span> <span class='ocrx_word' id='word_1_506' title='bbox 959 5749 1048 5820; x_wconf 83' lang='grc' dir='ltr'><strong>ὅτι</strong></span> <span class='ocrx_word' id='word_1_507' title='bbox 1081 5749 1293 5820; x_wconf 81' lang='grc' dir='ltr'><strong>Κύριος</strong></span> <span class='ocrx_word' id='word_1_508' title='bbox 1321 5747 1648 5818; x_wconf 59' lang='grc' dir='ltr'><strong>ἐλάλησεν.</strong></span> <span class='ocrx_word' id='word_1_509' title='bbox 1702 5751 1839 5805; x_wconf 83' lang='grc' dir='ltr'><strong>Εἰπέ</strong></span> <span class='ocrx_word' id='word_1_510' title='bbox 1885 5771 1973 5826; x_wconf 89' lang='grc' dir='ltr'><strong>μοι</strong></span> <span class='ocrx_word' id='word_1_511' title='bbox 2009 5755 2063 5808; x_wconf 86' lang='grc' dir='ltr'><strong>τί</strong></span> 
     </span>
    </p>
   </div>
   <div class='ocr_carea' id='block_1_62' title="bbox 1169 318 2065 389">
    <p class='ocr_par' dir='ltr' id='par_1_62' title="bbox 1169 318 2065 378">
     <span class='ocr_line' id='line_1_62' title="bbox 1169 318 2065 378; baseline 0 -3"><span class='ocrx_word' id='word_1_512' title='bbox 1169 320 1224 375; x_wconf 92' lang='lat' dir='ltr'><strong>S.</strong></span> <span class='ocrx_word' id='word_1_513' title='bbox 1259 318 1548 376; x_wconf 67' lang='lat' dir='ltr'><strong>JOANNIS</strong></span> <span class='ocrx_word' id='word_1_514' title='bbox 1585 320 2065 378; x_wconf 67' lang='grc' dir='ltr'><strong>αωιιδυδτοιι]</strong></span> 
     </span>
    </p>
   </div>
   <div class='ocr_carea' id='block_1_63' title="bbox 2168 318 3041 389">
    <p class='ocr_par' dir='ltr' id='par_1_63' title="bbox 2168 322 3041 389">
     <span class='ocr_line' id='line_1_63' title="bbox 2168 322 3041 389; baseline 0.014 -13"><span class='ocrx_word' id='word_1_515' title='bbox 2168 322 2447 383; x_wconf 78' lang='lat' dir='ltr'><strong>RCHIEP.</strong></span> <span class='ocrx_word' id='word_1_516' title='bbox 2491 326 3041 389; x_wconf 77' lang='lat' dir='ltr'><strong>CONSTANTINOP.</strong></span> 
     </span>
    </p>
   </div>
   <div class='ocr_carea' id='block_1_64' title="bbox 3757 340 3856 399">
    <p class='ocr_par' dir='ltr' id='par_1_64' title="bbox 3757 340 3856 399">
     <span class='ocr_line' id='line_1_64' title="bbox 3757 340 3856 399; baseline 0.01 -1"><span class='ocrx_word' id='word_1_517' title='bbox 3757 340 3856 399; x_wconf 68' lang='grc' dir='ltr'><strong>τις</strong></span> 
     </span>
    </p>
   </div>
   <div class='ocr_carea' id='block_1_65' title="bbox 2177 443 3853 527">
    <p class='ocr_par' dir='ltr' id='par_1_65' title="bbox 2177 443 3853 527">
     <span class='ocr_line' id='line_1_65' title="bbox 2177 443 3853 527; baseline 0.01 -33"><span class='ocrx_word' id='word_1_518' title='bbox 2177 443 2467 515; x_wconf 85' lang='grc' dir='ltr'><strong>ἐλάλησεν;</strong></span> <span class='ocrx_word' id='word_1_519' title='bbox 2515 445 2687 512; x_wconf 82' lang='grc' dir='ltr'><strong>Υίοὺς</strong></span> <span class='ocrx_word' id='word_1_520' title='bbox 2717 445 3020 515; x_wconf 76' lang='grc' dir='ltr'><strong>ἐγέννησα</strong></span> <span class='ocrx_word' id='word_1_521' title='bbox 3046 445 3145 500; x_wconf 80' lang='grc' dir='ltr'><strong>καὶ</strong></span> <span class='ocrx_word' id='word_1_522' title='bbox 3173 445 3432 514; x_wconf 74' lang='grc' dir='ltr'><strong>ὕψωσα,</strong></span> <span class='ocrx_word' id='word_1_523' title='bbox 3467 448 3647 505; x_wconf 74' lang='grc' dir='ltr'><strong>αὐτοὶ</strong></span> <span class='ocrx_word' id='word_1_524' title='bbox 3686 453 3752 510; x_wconf 78' lang='grc' dir='ltr'><strong>δέ</strong></span> <span class='ocrx_word' id='word_1_525' title='bbox 3781 473 3853 527; x_wconf 81' lang='grc' dir='ltr'><strong>με</strong></span> 
     </span>
    </p>
   </div>
   <div class='ocr_carea' id='block_1_66' title="bbox 2175 530 3852 610">
    <p class='ocr_par' dir='ltr' id='par_1_66' title="bbox 2175 530 3852 610">
     <span class='ocr_line' id='line_1_66' title="bbox 2175 530 3852 610; baseline 0.007 -26"><span class='ocrx_word' id='word_1_526' title='bbox 2175 530 2496 601; x_wconf 79' lang='grc' dir='ltr'><strong>ἠθέτησαν.</strong></span> <span class='ocrx_word' id='word_1_527' title='bbox 2516 535 2710 603; x_wconf 75' lang='grc' dir='ltr'><strong>Ἔγνω</strong></span> <span class='ocrx_word' id='word_1_528' title='bbox 2723 534 2881 598; x_wconf 80' lang='grc' dir='ltr'><strong>βοῦς</strong></span> <span class='ocrx_word' id='word_1_529' title='bbox 2903 535 3010 587; x_wconf 86' lang='grc' dir='ltr'><strong>τὸν</strong></span> <span class='ocrx_word' id='word_1_530' title='bbox 3030 533 3437 603; x_wconf 79' lang='grc' dir='ltr'><strong>κτησάμενον,</strong></span> <span class='ocrx_word' id='word_1_531' title='bbox 3471 536 3712 610; x_wconf 81' lang='grc' dir='ltr'><strong>[ἀλόγων</strong></span> <span class='ocrx_word' id='word_1_532' title='bbox 3735 541 3852 597; x_wconf 80' lang='grc' dir='ltr'><strong>ἀλο-</strong></span> 
     </span>
    </p>
   </div>
   <div class='ocr_carea' id='block_1_67' title="bbox 2173 619 3852 694">
    <p class='ocr_par' dir='ltr' id='par_1_67' title="bbox 2173 619 3852 694">
     <span class='ocr_line' id='line_1_67' title="bbox 2173 619 3852 694; baseline 0.007 -22"><span class='ocrx_word' id='word_1_533' title='bbox 2173 619 2452 693; x_wconf 85' lang='grc' dir='ltr'><strong>γώτεροι,]</strong></span> <span class='ocrx_word' id='word_1_534' title='bbox 2490 622 2589 675; x_wconf 77' lang='grc' dir='ltr'><strong>καὶ</strong></span> <span class='ocrx_word' id='word_1_535' title='bbox 2629 623 2770 688; x_wconf 80' lang='grc' dir='ltr'><strong>ὄνος</strong></span> <span class='ocrx_word' id='word_1_536' title='bbox 2810 621 2928 689; x_wconf 82' lang='grc' dir='ltr'><strong>τὴν</strong></span> <span class='ocrx_word' id='word_1_537' title='bbox 2971 621 3207 691; x_wconf 66' lang='grc' dir='ltr'><strong>φάτνην</strong></span> <span class='ocrx_word' id='word_1_538' title='bbox 3258 624 3369 680; x_wconf 86' lang='grc' dir='ltr'><strong>τοῦ</strong></span> <span class='ocrx_word' id='word_1_539' title='bbox 3415 627 3639 694; x_wconf 80' lang='grc' dir='ltr'><strong>κυρίου</strong></span> <span class='ocrx_word' id='word_1_540' title='bbox 3674 630 3852 685; x_wconf 80' lang='grc' dir='ltr'><strong>αὐτοῦ</strong></span> 
     </span>
    </p>
   </div>
   <div class='ocr_carea' id='block_1_68' title="bbox 2177 706 3851 784">
    <p class='ocr_par' dir='ltr' id='par_1_68' title="bbox 2177 706 3851 784">
     <span class='ocr_line' id='line_1_68' title="bbox 2177 706 3851 784; baseline 0.007 -24"><span class='ocrx_word' id='word_1_541' title='bbox 2177 706 2346 778; x_wconf 77' lang='grc' dir='ltr'><strong>[ὄνων</strong></span> <span class='ocrx_word' id='word_1_542' title='bbox 2369 707 2781 781; x_wconf 73' lang='grc' dir='ltr'><strong>ὀνωδέστεροιο]</strong></span> <span class='ocrx_word' id='word_1_543' title='bbox 2836 711 3082 778; x_wconf 75' lang='grc' dir='ltr'><strong>Ἰσραὴλ</strong></span> <span class='ocrx_word' id='word_1_544' title='bbox 3111 711 3180 764; x_wconf 80' lang='grc' dir='ltr'><strong>δέ</strong></span> <span class='ocrx_word' id='word_1_545' title='bbox 3199 729 3277 781; x_wconf 80' lang='grc' dir='ltr'><strong>με</strong></span> <span class='ocrx_word' id='word_1_546' title='bbox 3304 715 3426 768; x_wconf 81' lang='grc' dir='ltr'><strong>οὐκ</strong></span> <span class='ocrx_word' id='word_1_547' title='bbox 3466 714 3650 784; x_wconf 70' lang='grc' dir='ltr'><strong>ἔγνω,</strong></span> <span class='ocrx_word' id='word_1_548' title='bbox 3703 718 3796 770; x_wconf 78' lang='grc' dir='ltr'><strong>καί</strong></span> <span class='ocrx_word' id='word_1_549' title='bbox 3817 719 3851 776; x_wconf 78' lang='grc' dir='ltr'><strong>ό</strong></span> 
     </span>
    </p>
   </div>
   <div class='ocr_carea' id='block_1_69' title="bbox 2171 797 3848 884">
    <p class='ocr_par' dir='ltr' id='par_1_69' title="bbox 2171 797 3848 884">
     <span class='ocr_line' id='line_1_69' title="bbox 2171 797 3848 884; baseline 0.005 -36"><span class='ocrx_word' id='word_1_550' title='bbox 2171 797 2321 861; x_wconf 72' lang='grc' dir='ltr'><strong>λαός</strong></span> <span class='ocrx_word' id='word_1_551' title='bbox 2332 813 2408 865; x_wconf 83' lang='grc' dir='ltr'><strong>με</strong></span> <span class='ocrx_word' id='word_1_552' title='bbox 2429 799 2499 850; x_wconf 86' lang='grc' dir='ltr'><strong>οὐ</strong></span> <span class='ocrx_word' id='word_1_553' title='bbox 2521 797 2813 865; x_wconf 80' lang='grc' dir='ltr'><strong>συνῆκεν.</strong></span> <span class='ocrx_word' id='word_1_554' title='bbox 2846 798 2990 852; x_wconf 79' lang='grc' dir='ltr'><strong>Οὐαὶ</strong></span> <span class='ocrx_word' id='word_1_555' title='bbox 3022 800 3197 865; x_wconf 81' lang='grc' dir='ltr'><strong>ἔθνος</strong></span> <span class='ocrx_word' id='word_1_556' title='bbox 3234 799 3625 870; x_wconf 70' lang='grc' dir='ltr'><strong>ἀμαρτωλάν.</strong></span> <span class='ocrx_word' id='word_1_557' title='bbox 3658 803 3754 857; x_wconf 74' lang='grc' dir='ltr'><strong>Διά</strong></span> <span class='ocrx_word' id='word_1_558' title='bbox 3779 803 3848 884; x_wconf 57' lang='grc' dir='ltr'><strong>τί,</strong></span> 
     </span>
    </p>
   </div>
   <div class='ocr_carea' id='block_1_70' title="bbox 2173 884 3847 958">
    <p class='ocr_par' dir='ltr' id='par_1_70' title="bbox 2173 884 3847 958">
     <span class='ocr_line' id='line_1_70' title="bbox 2173 884 3847 958; baseline 0.006 -22"><span class='ocrx_word' id='word_1_559' title='bbox 2173 884 2357 954; x_wconf 72' lang='grc' dir='ltr'><strong>φησιν,</strong></span> <span class='ocrx_word' id='word_1_560' title='bbox 2389 884 2490 945; x_wconf 82' lang='grc' dir='ltr'><strong>οὐκ</strong></span> <span class='ocrx_word' id='word_1_561' title='bbox 2515 884 2592 938; x_wconf 85' lang='grc' dir='ltr'><strong>ἐνι</strong></span> <span class='ocrx_word' id='word_1_562' title='bbox 2623 885 2892 956; x_wconf 74' lang='grc' dir='ltr'><strong>σωτηρίας</strong></span> <span class='ocrx_word' id='word_1_563' title='bbox 2916 887 3100 952; x_wconf 86' lang='grc' dir='ltr'><strong>ἐλπίς;</strong></span> <span class='ocrx_word' id='word_1_564' title='bbox 3136 889 3279 942; x_wconf 79' lang='grc' dir='ltr'><strong>Οὐαὶ</strong></span> <span class='ocrx_word' id='word_1_565' title='bbox 3306 889 3404 942; x_wconf 79' lang='grc' dir='ltr'><strong>διὰ</strong></span> <span class='ocrx_word' id='word_1_566' title='bbox 3427 889 3485 942; x_wconf 89' lang='grc' dir='ltr'><strong>τί</strong></span> <span class='ocrx_word' id='word_1_567' title='bbox 3508 888 3707 958; x_wconf 80' lang='grc' dir='ltr'><strong>λέγεις,</strong></span> <span class='ocrx_word' id='word_1_568' title='bbox 3733 891 3847 946; x_wconf 71' lang='grc' dir='ltr'><strong>είπέ</strong></span> 
     </span>
    </p>
   </div>
   <div class='ocr_carea' id='block_1_71' title="bbox 2175 976 3847 1048">
    <p class='ocr_par' dir='ltr' id='par_1_71' title="bbox 2175 976 3847 1048">
     <span class='ocr_line' id='line_1_71' title="bbox 2175 976 3847 1048; baseline 0.005 -22"><span class='ocrx_word' id='word_1_569' title='bbox 2175 991 2266 1044; x_wconf 92' lang='grc' dir='ltr'><strong>μοι</strong></span> <span class='ocrx_word' id='word_1_570' title='bbox 2292 991 2306 1039; x_wconf 91' lang='lat'><strong>;</strong></span> <span class='ocrx_word' id='word_1_571' title='bbox 2341 976 2462 1030; x_wconf 84' lang='grc' dir='ltr'><strong>Ὅτι</strong></span> <span class='ocrx_word' id='word_1_572' title='bbox 2491 977 2590 1047; x_wconf 82' lang='grc' dir='ltr'><strong>οὑχ</strong></span> <span class='ocrx_word' id='word_1_573' title='bbox 2611 976 2847 1045; x_wconf 76' lang='grc' dir='ltr'><strong>εὑρίσκω</strong></span> <span class='ocrx_word' id='word_1_574' title='bbox 2873 977 3035 1033; x_wconf 74' lang='grc' dir='ltr'><strong>ἴασιν.</strong></span> <span class='ocrx_word' id='word_1_575' title='bbox 3074 977 3222 1031; x_wconf 72' lang='grc' dir='ltr'><strong>Οὐαί</strong></span> <span class='ocrx_word' id='word_1_576' title='bbox 3249 977 3338 1032; x_wconf 79' lang='grc' dir='ltr'><strong>διὰ</strong></span> <span class='ocrx_word' id='word_1_577' title='bbox 3373 978 3430 1032; x_wconf 89' lang='grc' dir='ltr'><strong>τί</strong></span> <span class='ocrx_word' id='word_1_578' title='bbox 3472 979 3700 1048; x_wconf 74' lang='grc' dir='ltr'><strong>λέγεις;</strong></span> <span class='ocrx_word' id='word_1_579' title='bbox 3734 981 3847 1035; x_wconf 76' lang='grc' dir='ltr'><strong>Ὅτι</strong></span> 
     </span>
    </p>
   </div>
   <div class='ocr_carea' id='block_1_72' title="bbox 2172 1060 3848 1135">
    <p class='ocr_par' dir='ltr' id='par_1_72' title="bbox 2172 1060 3848 1135">
     <span class='ocr_line' id='line_1_72' title="bbox 2172 1060 3848 1135; baseline 0.006 -21"><span class='ocrx_word' id='word_1_580' title='bbox 2172 1061 2418 1134; x_wconf 76' lang='grc' dir='ltr'><strong>ἐπέθηκα</strong></span> <span class='ocrx_word' id='word_1_581' title='bbox 2465 1063 2756 1135; x_wconf 86' lang='grc' dir='ltr'><strong>φάρμακα,</strong></span> <span class='ocrx_word' id='word_1_582' title='bbox 2811 1064 2907 1117; x_wconf 76' lang='grc' dir='ltr'><strong>καὶ</strong></span> <span class='ocrx_word' id='word_1_583' title='bbox 2950 1064 3051 1124; x_wconf 84' lang='grc' dir='ltr'><strong>οὑκ</strong></span> <span class='ocrx_word' id='word_1_584' title='bbox 3088 1060 3200 1132; x_wconf 77' lang='grc' dir='ltr'><strong>εἶξε</strong></span> <span class='ocrx_word' id='word_1_585' title='bbox 3236 1064 3297 1119; x_wconf 88' lang='lat'><strong>16</strong></span> <span class='ocrx_word' id='word_1_586' title='bbox 3324 1065 3493 1130; x_wconf 84' lang='grc' dir='ltr'><strong>ἐλκος</strong></span> <span class='ocrx_word' id='word_1_587' title='bbox 3520 1082 3535 1097; x_wconf 91' lang='grc'><strong>·</strong></span> <span class='ocrx_word' id='word_1_588' title='bbox 3580 1067 3670 1122; x_wconf 80' lang='grc' dir='ltr'><strong>διὰ</strong></span> <span class='ocrx_word' id='word_1_589' title='bbox 3699 1066 3848 1124; x_wconf 86' lang='grc' dir='ltr'><strong>τοῦτο</strong></span> 
     </span>
    </p>
   </div>
   <div class='ocr_carea' id='block_1_73' title="bbox 2170 1146 3848 1225">
    <p class='ocr_par' dir='ltr' id='par_1_73' title="bbox 2170 1146 3848 1225">
     <span class='ocr_line' id='line_1_73' title="bbox 2170 1146 3848 1225; baseline 0.004 -21"><span class='ocrx_word' id='word_1_590' title='bbox 2170 1150 2547 1221; x_wconf 81' lang='grc' dir='ltr'><strong>ἀπεστράφην.</strong></span> <span class='ocrx_word' id='word_1_591' title='bbox 2579 1151 2642 1204; x_wconf 94' lang='grc' dir='ltr'><strong>Τί</strong></span> <span class='ocrx_word' id='word_1_592' title='bbox 2670 1146 2762 1206; x_wconf 81' lang='grc' dir='ltr'><strong>οὖν</strong></span> <span class='ocrx_word' id='word_1_593' title='bbox 2795 1151 2903 1222; x_wconf 77' lang='grc' dir='ltr'><strong>ἔχω</strong></span> <span class='ocrx_word' id='word_1_594' title='bbox 2941 1151 3200 1222; x_wconf 78' lang='grc' dir='ltr'><strong>ποιῆσαι;</strong></span> <span class='ocrx_word' id='word_1_595' title='bbox 3233 1152 3357 1206; x_wconf 78' lang='grc' dir='ltr'><strong>οὐδὲ</strong></span> <span class='ocrx_word' id='word_1_596' title='bbox 3393 1151 3739 1225; x_wconf 88' lang='grc' dir='ltr'><strong>θεραπεῦσαι</strong></span> <span class='ocrx_word' id='word_1_597' title='bbox 3763 1172 3848 1210; x_wconf 88' lang='grc' dir='ltr'><strong>κο-</strong></span> 
     </span>
    </p>
   </div>
   <div class='ocr_carea' id='block_1_74' title="bbox 2172 1238 3914 1314">
    <p class='ocr_par' dir='ltr' id='par_1_74' title="bbox 2172 1238 3914 1314">
     <span class='ocr_line' id='line_1_74' title="bbox 2172 1238 3914 1314; baseline 0.003 -22"><span class='ocrx_word' id='word_1_598' title='bbox 2172 1238 2282 1292; x_wconf 89' lang='grc' dir='ltr'><strong>πιῶ</strong></span> <span class='ocrx_word' id='word_1_599' title='bbox 2299 1251 2347 1294; x_wconf 68' lang='grc' dir='ltr'><strong>δ.</strong></span> <span class='ocrx_word' id='word_1_600' title='bbox 2382 1239 2548 1296; x_wconf 84' lang='grc' dir='ltr'><strong>Οὐαί.</strong></span> <span class='ocrx_word' id='word_1_601' title='bbox 2595 1239 2912 1312; x_wconf 86' lang='grc' dir='ltr'><strong>Θρηνοῦσαν</strong></span> <span class='ocrx_word' id='word_1_602' title='bbox 2937 1243 3172 1311; x_wconf 82' lang='grc' dir='ltr'><strong>γυναῖκα</strong></span> <span class='ocrx_word' id='word_1_603' title='bbox 3208 1245 3496 1314; x_wconf 80' lang='grc' dir='ltr'><strong>μιμεῖται⁹</strong></span> <span class='ocrx_word' id='word_1_604' title='bbox 3535 1242 3631 1296; x_wconf 76' lang='grc' dir='ltr'><strong>καὶ</strong></span> <span class='ocrx_word' id='word_1_605' title='bbox 3679 1243 3847 1310; x_wconf 85' lang='grc' dir='ltr'><strong>καλῶς</strong></span> <span class='ocrx_word' id='word_1_606' title='bbox 3909 1281 3914 1285; x_wconf 91' lang='grc'><strong>-</strong></span> 
     </span>
    </p>
   </div>
   <div class='ocr_carea' id='block_1_75' title="bbox 2171 1328 3841 1402">
    <p class='ocr_par' dir='ltr' id='par_1_75' title="bbox 2171 1328 3841 1402">
     <span class='ocr_line' id='line_1_75' title="bbox 2171 1328 3841 1402; baseline 0.005 -22"><span class='ocrx_word' id='word_1_607' title='bbox 2171 1330 2335 1381; x_wconf 86' lang='grc' dir='ltr'><strong>ποιεῖ.</strong></span> <span class='ocrx_word' id='word_1_608' title='bbox 2367 1328 2698 1400; x_wconf 81' lang='grc' dir='ltr'><strong>Παρακαλῶ,</strong></span> <span class='ocrx_word' id='word_1_609' title='bbox 2731 1329 3028 1400; x_wconf 84' lang='grc' dir='ltr'><strong>προσέχετέ</strong></span> <span class='ocrx_word' id='word_1_610' title='bbox 3055 1344 3146 1399; x_wconf 89' lang='grc' dir='ltr'><strong>μοι</strong></span> <span class='ocrx_word' id='word_1_611' title='bbox 3177 1328 3316 1400; x_wconf 78' lang='grc' dir='ltr'><strong>μετὰ</strong></span> <span class='ocrx_word' id='word_1_612' title='bbox 3343 1330 3662 1402; x_wconf 82' lang='grc' dir='ltr'><strong>ἀκριϐείας.</strong></span> <span class='ocrx_word' id='word_1_613' title='bbox 3685 1333 3841 1398; x_wconf 81' lang='grc' dir='ltr'><strong>Οὐαί,</strong></span> 
     </span>
    </p>
   </div>
   <div class='ocr_carea' id='block_1_76' title="bbox 2167 1413 3845 1487">
    <p class='ocr_par' dir='ltr' id='par_1_76' title="bbox 2167 1413 3845 1487">
     <span class='ocr_line' id='line_1_76' title="bbox 2167 1413 3845 1487; baseline 0.007 -21"><span class='ocrx_word' id='word_1_614' title='bbox 2167 1413 2256 1468; x_wconf 87' lang='grc' dir='ltr'><strong>διὰ</strong></span> <span class='ocrx_word' id='word_1_615' title='bbox 2280 1415 2362 1481; x_wconf 84' lang='grc' dir='ltr'><strong>τί;</strong></span> <span class='ocrx_word' id='word_1_616' title='bbox 2396 1416 2612 1486; x_wconf 84' lang='grc' dir='ltr'><strong>Ἐπειδὴ</strong></span> <span class='ocrx_word' id='word_1_617' title='bbox 2644 1416 2737 1468; x_wconf 65' lang='grc' dir='ltr'><strong>καλ⁵</strong></span> <span class='ocrx_word' id='word_1_618' title='bbox 2753 1416 2816 1474; x_wconf 91' lang='lat'><strong>16</strong></span> <span class='ocrx_word' id='word_1_619' title='bbox 2835 1416 2964 1480; x_wconf 84' lang='grc' dir='ltr'><strong>αὑτὸ</strong></span> <span class='ocrx_word' id='word_1_620' title='bbox 2994 1417 3086 1470; x_wconf 77' lang='grc' dir='ltr'><strong>ἐπὶ</strong></span> <span class='ocrx_word' id='word_1_621' title='bbox 3117 1420 3391 1487; x_wconf 85' lang='grc' dir='ltr'><strong>σωμάτων</strong></span> <span class='ocrx_word' id='word_1_622' title='bbox 3422 1418 3662 1487; x_wconf 84' lang='grc' dir='ltr'><strong>γίνεται.</strong></span> <span class='ocrx_word' id='word_1_623' title='bbox 3687 1421 3845 1476; x_wconf 74' lang='grc' dir='ltr'><strong>Ὅταν</strong></span> 
     </span>
    </p>
   </div>
   <div class='ocr_carea' id='block_1_77' title="bbox 2169 1503 3845 1579">
    <p class='ocr_par' dir='ltr' id='par_1_77' title="bbox 2169 1503 3845 1579">
     <span class='ocr_line' id='line_1_77' title="bbox 2169 1503 3845 1579; baseline 0.004 -23"><span class='ocrx_word' id='word_1_624' title='bbox 2169 1503 2278 1574; x_wconf 80' lang='grc' dir='ltr'><strong>γὰρ</strong></span> <span class='ocrx_word' id='word_1_625' title='bbox 2306 1503 2390 1576; x_wconf 74' lang='grc' dir='ltr'><strong>ἴδῃ</strong></span> <span class='ocrx_word' id='word_1_626' title='bbox 2413 1505 2442 1556; x_wconf 92' lang='lat'><strong>6</strong></span> <span class='ocrx_word' id='word_1_627' title='bbox 2476 1503 2657 1574; x_wconf 83' lang='grc' dir='ltr'><strong>ἰατρὸς</strong></span> <span class='ocrx_word' id='word_1_628' title='bbox 2688 1503 2778 1558; x_wconf 86' lang='grc' dir='ltr'><strong>τὸν</strong></span> <span class='ocrx_word' id='word_1_629' title='bbox 2812 1503 3071 1558; x_wconf 89' lang='grc' dir='ltr'><strong>νοσοῦντα</strong></span> <span class='ocrx_word' id='word_1_630' title='bbox 3091 1505 3193 1568; x_wconf 83' lang='grc' dir='ltr'><strong>οὑκ</strong></span> <span class='ocrx_word' id='word_1_631' title='bbox 3223 1504 3424 1576; x_wconf 72' lang='grc' dir='ltr'><strong>ἔχοντα</strong></span> <span class='ocrx_word' id='word_1_632' title='bbox 3458 1507 3734 1579; x_wconf 86' lang='grc' dir='ltr'><strong>σωτηρίας</strong></span> <span class='ocrx_word' id='word_1_633' title='bbox 3763 1509 3845 1569; x_wconf 63' lang='grc' dir='ltr'><strong>ἐλ,</strong></span> 
     </span>
    </p>
   </div>
   <div class='ocr_carea' id='block_1_78' title="bbox 2170 1589 3844 1667">
    <p class='ocr_par' dir='ltr' id='par_1_78' title="bbox 2170 1589 3844 1667">
     <span class='ocr_line' id='line_1_78' title="bbox 2170 1589 3844 1667; baseline 0.003 -25"><span class='ocrx_word' id='word_1_634' title='bbox 2170 1589 2318 1654; x_wconf 88' lang='grc' dir='ltr'><strong>πίδα,</strong></span> <span class='ocrx_word' id='word_1_635' title='bbox 2341 1589 2590 1662; x_wconf 79' lang='grc' dir='ltr'><strong>δακρύει,</strong></span> <span class='ocrx_word' id='word_1_636' title='bbox 2619 1590 2714 1642; x_wconf 73' lang='grc' dir='ltr'><strong>καὶ</strong></span> <span class='ocrx_word' id='word_1_637' title='bbox 2741 1591 2790 1644; x_wconf 89' lang='grc' dir='ltr'><strong>οί</strong></span> <span class='ocrx_word' id='word_1_638' title='bbox 2823 1590 3012 1648; x_wconf 86' lang='grc' dir='ltr'><strong>οίκεῖοι</strong></span> <span class='ocrx_word' id='word_1_639' title='bbox 3050 1590 3145 1643; x_wconf 71' lang='grc' dir='ltr'><strong>καὶ</strong></span> <span class='ocrx_word' id='word_1_640' title='bbox 3179 1593 3566 1667; x_wconf 82' lang='grc' dir='ltr'><strong>προσήκοντες</strong></span> <span class='ocrx_word' id='word_1_641' title='bbox 3597 1594 3844 1667; x_wconf 77' lang='grc' dir='ltr'><strong>όλοφυρό·</strong></span> 
     </span>
    </p>
   </div>
   <div class='ocr_carea' id='block_1_79' title="bbox 2173 1665 3842 1754">
    <p class='ocr_par' dir='ltr' id='par_1_79' title="bbox 2173 1665 3842 1754">
     <span class='ocr_line' id='line_1_79' title="bbox 2173 1665 3842 1754; baseline 0.005 -26"><span class='ocrx_word' id='word_1_642' title='bbox 2173 1693 2322 1746; x_wconf 87' lang='grc' dir='ltr'><strong>μενοι</strong></span> <span class='ocrx_word' id='word_1_643' title='bbox 2344 1676 2690 1740; x_wconf 74' lang='grc' dir='ltr'><strong>στενάςουσιν</strong></span> <span class='ocrx_word' id='word_1_644' title='bbox 2713 1692 2728 1707; x_wconf 76' lang='grc' dir='ltr'><strong>ο</strong></span> <span class='ocrx_word' id='word_1_645' title='bbox 2756 1675 2871 1731; x_wconf 79' lang='grc' dir='ltr'><strong>ἀλλ’</strong></span> <span class='ocrx_word' id='word_1_646' title='bbox 2898 1677 3015 1730; x_wconf 81' lang='grc' dir='ltr'><strong>ἐκεῖ</strong></span> <span class='ocrx_word' id='word_1_647' title='bbox 3033 1677 3158 1748; x_wconf 83' lang='grc' dir='ltr'><strong>είκῆ</strong></span> <span class='ocrx_word' id='word_1_648' title='bbox 3187 1679 3282 1731; x_wconf 79' lang='grc' dir='ltr'><strong>καὶ</strong></span> <span class='ocrx_word' id='word_1_649' title='bbox 3310 1680 3520 1750; x_wconf 87' lang='grc' dir='ltr'><strong>μάτην.</strong></span> <span class='ocrx_word' id='word_1_650' title='bbox 3549 1665 3722 1736; x_wconf 48' lang='grc' dir='ltr'><strong>’Ὅταν</strong></span> <span class='ocrx_word' id='word_1_651' title='bbox 3741 1665 3842 1754; x_wconf 75' lang='grc' dir='ltr'><strong>γὰρ</strong></span> 
     </span>
    </p>
   </div>
   <div class='ocr_carea' id='block_1_80' title="bbox 2172 1762 3840 1841">
    <p class='ocr_par' dir='ltr' id='par_1_80' title="bbox 2172 1762 3840 1841">
     <span class='ocr_line' id='line_1_80' title="bbox 2172 1762 3840 1841; baseline 0.006 -26"><span class='ocrx_word' id='word_1_652' title='bbox 2172 1762 2342 1836; x_wconf 78' lang='grc' dir='ltr'><strong>μέλλῃ</strong></span> <span class='ocrx_word' id='word_1_653' title='bbox 2363 1763 2619 1834; x_wconf 78' lang='grc' dir='ltr'><strong>τελευτᾷν</strong></span> <span class='ocrx_word' id='word_1_654' title='bbox 2649 1762 2972 1829; x_wconf 84' lang='grc' dir='ltr'><strong>ὁτελευτῶν,</strong></span> <span class='ocrx_word' id='word_1_655' title='bbox 3003 1763 3106 1818; x_wconf 75' lang='grc' dir='ltr'><strong>κᾶν</strong></span> <span class='ocrx_word' id='word_1_656' title='bbox 3137 1764 3165 1816; x_wconf 94' lang='lat'><strong>6</strong></span> <span class='ocrx_word' id='word_1_657' title='bbox 3189 1765 3398 1836; x_wconf 87' lang='grc' dir='ltr'><strong>κόσμος</strong></span> <span class='ocrx_word' id='word_1_658' title='bbox 3427 1767 3553 1832; x_wconf 83' lang='grc' dir='ltr'><strong>ὅλος</strong></span> <span class='ocrx_word' id='word_1_659' title='bbox 3585 1768 3840 1841; x_wconf 75' lang='grc' dir='ltr'><strong>θρηνήσῃ,</strong></span> 
     </span>
    </p>
   </div>
   <div class='ocr_carea' id='block_1_81' title="bbox 2169 1841 3844 1928">
    <p class='ocr_par' dir='ltr' id='par_1_81' title="bbox 2169 1841 3844 1928">
     <span class='ocr_line' id='line_1_81' title="bbox 2169 1841 3844 1928; baseline 0.005 -25"><span class='ocrx_word' id='word_1_660' title='bbox 2169 1851 2267 1910; x_wconf 81' lang='grc' dir='ltr'><strong>οὑκ</strong></span> <span class='ocrx_word' id='word_1_661' title='bbox 2301 1853 2481 1921; x_wconf 82' lang='grc' dir='ltr'><strong>ἐγερεῖ</strong></span> <span class='ocrx_word' id='word_1_662' title='bbox 2534 1851 2727 1905; x_wconf 86' lang='grc' dir='ltr'><strong>αὑτόν·</strong></span> <span class='ocrx_word' id='word_1_663' title='bbox 2753 1852 2895 1906; x_wconf 84' lang='grc' dir='ltr'><strong>ὥστε</strong></span> <span class='ocrx_word' id='word_1_664' title='bbox 2931 1851 3158 1916; x_wconf 88' lang='grc' dir='ltr'><strong>πένθους</strong></span> <span class='ocrx_word' id='word_1_665' title='bbox 3197 1854 3226 1906; x_wconf 89' lang='grc' dir='ltr'><strong>ό</strong></span> <span class='ocrx_word' id='word_1_666' title='bbox 3264 1853 3493 1925; x_wconf 83' lang='grc' dir='ltr'><strong>θρῆνος,</strong></span> <span class='ocrx_word' id='word_1_667' title='bbox 3526 1857 3589 1910; x_wconf 84' lang='grc' dir='ltr'><strong>ού</strong></span> <span class='ocrx_word' id='word_1_668' title='bbox 3637 1841 3844 1928; x_wconf 65' lang='grc' dir='ltr'><strong>διορθώ-Δ</strong></span> 
     </span>
    </p>
   </div>
   <div class='ocr_carea' id='block_1_82' title="bbox 2171 1939 3842 2018">
    <p class='ocr_par' dir='ltr' id='par_1_82' title="bbox 2171 1939 3842 2018">
     <span class='ocr_line' id='line_1_82' title="bbox 2171 1939 3842 2018; baseline 0.006 -26"><span class='ocrx_word' id='word_1_669' title='bbox 2171 1957 2326 2004; x_wconf 89' lang='grc' dir='ltr'><strong>σεως.</strong></span> <span class='ocrx_word' id='word_1_670' title='bbox 2375 1941 2499 1994; x_wconf 80' lang='grc' dir='ltr'><strong>Ἐπὶ</strong></span> <span class='ocrx_word' id='word_1_671' title='bbox 2517 1939 2574 1993; x_wconf 85' lang='grc' dir='ltr'><strong>δὲ</strong></span> <span class='ocrx_word' id='word_1_672' title='bbox 2595 1941 2693 2012; x_wconf 84' lang='grc' dir='ltr'><strong>τῆς</strong></span> <span class='ocrx_word' id='word_1_673' title='bbox 2717 1941 2896 2014; x_wconf 77' lang='grc' dir='ltr'><strong>ψυχῆς</strong></span> <span class='ocrx_word' id='word_1_674' title='bbox 2922 1943 3024 1996; x_wconf 82' lang='grc' dir='ltr'><strong>οὑκ</strong></span> <span class='ocrx_word' id='word_1_675' title='bbox 3052 1942 3169 1997; x_wconf 82' lang='grc' dir='ltr'><strong>ἐστι</strong></span> <span class='ocrx_word' id='word_1_676' title='bbox 3202 1942 3388 2009; x_wconf 88' lang='grc' dir='ltr'><strong>τοῦτο,</strong></span> <span class='ocrx_word' id='word_1_677' title='bbox 3430 1946 3550 1999; x_wconf 84' lang='grc' dir='ltr'><strong>ἀλλ’</strong></span> <span class='ocrx_word' id='word_1_678' title='bbox 3595 1945 3689 2000; x_wconf 81' lang='grc' dir='ltr'><strong>ἐὰν</strong></span> <span class='ocrx_word' id='word_1_679' title='bbox 3720 1946 3842 2018; x_wconf 84' lang='grc' dir='ltr'><strong>θρη-</strong></span> 
     </span>
    </p>
   </div>
   <div class='ocr_carea' id='block_1_83' title="bbox 2169 2027 3835 2106">
    <p class='ocr_par' dir='ltr' id='par_1_83' title="bbox 2169 2027 3835 2106">
     <span class='ocr_line' id='line_1_83' title="bbox 2169 2027 3835 2106; baseline 0 -20"><span class='ocrx_word' id='word_1_680' title='bbox 2169 2029 2358 2100; x_wconf 79' lang='grc' dir='ltr'><strong>νήσῃς,</strong></span> <span class='ocrx_word' id='word_1_681' title='bbox 2387 2027 2648 2092; x_wconf 85' lang='grc' dir='ltr'><strong>πολλάκις</strong></span> <span class='ocrx_word' id='word_1_682' title='bbox 2680 2029 2915 2100; x_wconf 85' lang='grc' dir='ltr'><strong>ἐγείρεις</strong></span> <span class='ocrx_word' id='word_1_683' title='bbox 2946 2030 3036 2084; x_wconf 88' lang='grc' dir='ltr'><strong>τὸν</strong></span> <span class='ocrx_word' id='word_1_684' title='bbox 3080 2031 3270 2102; x_wconf 86' lang='grc' dir='ltr'><strong>νεκρὸν</strong></span> <span class='ocrx_word' id='word_1_685' title='bbox 3316 2035 3385 2104; x_wconf 81' lang='grc' dir='ltr'><strong>τῇ</strong></span> <span class='ocrx_word' id='word_1_686' title='bbox 3419 2033 3592 2106; x_wconf 73' lang='grc' dir='ltr'><strong>ψυχῇ.</strong></span> <span class='ocrx_word' id='word_1_687' title='bbox 3627 2033 3725 2088; x_wconf 81' lang='grc' dir='ltr'><strong>Διὰ</strong></span> <span class='ocrx_word' id='word_1_688' title='bbox 3751 2033 3835 2103; x_wconf 77' lang='grc' dir='ltr'><strong>τίς</strong></span> 
     </span>
    </p>
   </div>
   <div class='ocr_carea' id='block_1_84' title="bbox 2170 2103 3838 2194">
    <p class='ocr_par' dir='ltr' id='par_1_84' title="bbox 2170 2103 3838 2194">
     <span class='ocr_line' id='line_1_84' title="bbox 2170 2103 3838 2194; baseline 0.005 -25"><span class='ocrx_word' id='word_1_689' title='bbox 2170 2115 2293 2169; x_wconf 89' lang='grc' dir='ltr'><strong>Ὅτι</strong></span> <span class='ocrx_word' id='word_1_690' title='bbox 2320 2116 2381 2168; x_wconf 86' lang='lat'><strong>16</strong></span> <span class='ocrx_word' id='word_1_691' title='bbox 2408 2115 2565 2187; x_wconf 87' lang='grc' dir='ltr'><strong>σῶμα</strong></span> <span class='ocrx_word' id='word_1_692' title='bbox 2592 2116 2691 2187; x_wconf 83' lang='grc' dir='ltr'><strong>μὲν</strong></span> <span class='ocrx_word' id='word_1_693' title='bbox 2715 2116 3008 2184; x_wconf 86' lang='grc' dir='ltr'><strong>άποθανὸν,</strong></span> <span class='ocrx_word' id='word_1_694' title='bbox 3042 2117 3142 2179; x_wconf 83' lang='grc' dir='ltr'><strong>οὑκ</strong></span> <span class='ocrx_word' id='word_1_695' title='bbox 3181 2103 3461 2192; x_wconf 82' lang='grc' dir='ltr'><strong>ἐγείρεται</strong></span> <span class='ocrx_word' id='word_1_696' title='bbox 3500 2103 3727 2194; x_wconf 79' lang='grc' dir='ltr'><strong>δυνάμει</strong></span> <span class='ocrx_word' id='word_1_697' title='bbox 3754 2124 3838 2176; x_wconf 85' lang='grc' dir='ltr'><strong>ἀν-</strong></span> 
     </span>
    </p>
   </div>
   <div class='ocr_carea' id='block_1_85' title="bbox 2169 2201 3838 2282">
    <p class='ocr_par' dir='ltr' id='par_1_85' title="bbox 2169 2201 3838 2282">
     <span class='ocr_line' id='line_1_85' title="bbox 2169 2201 3838 2282; baseline 0.005 -28"><span class='ocrx_word' id='word_1_698' title='bbox 2169 2201 2434 2275; x_wconf 82' lang='grc' dir='ltr'><strong>θρωπίνῃ,</strong></span> <span class='ocrx_word' id='word_1_699' title='bbox 2451 2203 2596 2276; x_wconf 72' lang='grc' dir='ltr'><strong>ψυχὴ</strong></span> <span class='ocrx_word' id='word_1_700' title='bbox 2617 2204 2673 2257; x_wconf 79' lang='grc' dir='ltr'><strong>δὲ</strong></span> <span class='ocrx_word' id='word_1_701' title='bbox 2689 2204 3031 2258; x_wconf 83' lang='grc' dir='ltr'><strong>ἀποθανοῦσα</strong></span> <span class='ocrx_word' id='word_1_702' title='bbox 3055 2204 3340 2277; x_wconf 80' lang='grc' dir='ltr'><strong>διορθώσει</strong></span> <span class='ocrx_word' id='word_1_703' title='bbox 3359 2207 3660 2280; x_wconf 90' lang='grc' dir='ltr'><strong>ἐγείρεται.</strong></span> <span class='ocrx_word' id='word_1_704' title='bbox 3675 2209 3838 2282; x_wconf 72' lang='grc' dir='ltr'><strong>Βλέπε</strong></span> 
     </span>
    </p>
   </div>
   <div class='ocr_carea' id='block_1_86' title="bbox 2167 2291 3841 2363">
    <p class='ocr_par' dir='ltr' id='par_1_86' title="bbox 2167 2291 3841 2363">
     <span class='ocr_line' id='line_1_86' title="bbox 2167 2291 3841 2363; baseline 0.002 -16"><span class='ocrx_word' id='word_1_705' title='bbox 2167 2291 2387 2362; x_wconf 80' lang='grc' dir='ltr'><strong>πόρνον,</strong></span> <span class='ocrx_word' id='word_1_706' title='bbox 2417 2292 2511 2344; x_wconf 79' lang='grc' dir='ltr'><strong>καὶ</strong></span> <span class='ocrx_word' id='word_1_707' title='bbox 2541 2291 2837 2362; x_wconf 88' lang='grc' dir='ltr'><strong>θρήνησον·</strong></span> <span class='ocrx_word' id='word_1_708' title='bbox 2877 2292 2970 2347; x_wconf 75' lang='grc' dir='ltr'><strong>καὶ</strong></span> <span class='ocrx_word' id='word_1_709' title='bbox 2985 2294 3196 2363; x_wconf 83' lang='grc' dir='ltr'><strong>ἐγερεῖς</strong></span> <span class='ocrx_word' id='word_1_710' title='bbox 3227 2294 3395 2348; x_wconf 83' lang='grc' dir='ltr'><strong>αὑτὸν</strong></span> <span class='ocrx_word' id='word_1_711' title='bbox 3427 2295 3710 2360; x_wconf 87' lang='grc' dir='ltr'><strong>πολλάκις.</strong></span> <span class='ocrx_word' id='word_1_712' title='bbox 3745 2297 3841 2350; x_wconf 78' lang='grc' dir='ltr'><strong>Διά</strong></span> 
     </span>
    </p>
   </div>
   <div class='ocr_carea' id='block_1_87' title="bbox 2166 2377 3834 2456">
    <p class='ocr_par' dir='ltr' id='par_1_87' title="bbox 2166 2377 3834 2456">
     <span class='ocr_line' id='line_1_87' title="bbox 2166 2377 3834 2456; baseline 0.005 -24"><span class='ocrx_word' id='word_1_713' title='bbox 2166 2377 2325 2432; x_wconf 89' lang='grc' dir='ltr'><strong>τοῦτο</strong></span> <span class='ocrx_word' id='word_1_714' title='bbox 2348 2380 2442 2440; x_wconf 73' lang='grc' dir='ltr'><strong>καὶ</strong></span> <span class='ocrx_word' id='word_1_715' title='bbox 2464 2379 2676 2442; x_wconf 79' lang='grc' dir='ltr'><strong>Παῦλος</strong></span> <span class='ocrx_word' id='word_1_716' title='bbox 2696 2381 2795 2434; x_wconf 82' lang='grc' dir='ltr'><strong>οὑκ</strong></span> <span class='ocrx_word' id='word_1_717' title='bbox 2827 2379 3034 2452; x_wconf 74' lang='grc' dir='ltr'><strong>ἔγραφε</strong></span> <span class='ocrx_word' id='word_1_718' title='bbox 3067 2382 3249 2451; x_wconf 86' lang='grc' dir='ltr'><strong>μόνον,</strong></span> <span class='ocrx_word' id='word_1_719' title='bbox 3271 2383 3397 2436; x_wconf 79' lang='grc' dir='ltr'><strong>οὐδὲ</strong></span> <span class='ocrx_word' id='word_1_720' title='bbox 3428 2384 3684 2456; x_wconf 73' lang='grc' dir='ltr'><strong>παρῄνει,</strong></span> <span class='ocrx_word' id='word_1_721' title='bbox 3708 2384 3834 2440; x_wconf 74' lang='grc' dir='ltr'><strong>ἀλλὰ</strong></span> 
     </span>
    </p>
   </div>
   <div class='ocr_carea' id='block_1_88' title="bbox 2168 2465 3830 2540">
    <p class='ocr_par' dir='ltr' id='par_1_88' title="bbox 2168 2465 3830 2540">
     <span class='ocr_line' id='line_1_88' title="bbox 2168 2465 3830 2540; baseline 0.004 -21"><span class='ocrx_word' id='word_1_722' title='bbox 2168 2467 2262 2525; x_wconf 70' lang='grc' dir='ltr'><strong>καὶ</strong></span> <span class='ocrx_word' id='word_1_723' title='bbox 2279 2467 2491 2538; x_wconf 82' lang='grc' dir='ltr'><strong>ἐθρήνει</strong></span> <span class='ocrx_word' id='word_1_724' title='bbox 2521 2466 2660 2536; x_wconf 87' lang='grc' dir='ltr'><strong>μετά</strong></span> <span class='ocrx_word' id='word_1_725' title='bbox 2679 2465 2948 2538; x_wconf 77' lang='grc' dir='ltr'><strong>δακρύων,</strong></span> <span class='ocrx_word' id='word_1_726' title='bbox 2968 2468 3232 2522; x_wconf 83' lang='grc' dir='ltr'><strong>νουθετῶν</strong></span> <span class='ocrx_word' id='word_1_727' title='bbox 3251 2469 3349 2523; x_wconf 85' lang='grc' dir='ltr'><strong>ἐνα</strong></span> <span class='ocrx_word' id='word_1_728' title='bbox 3373 2470 3628 2526; x_wconf 79' lang='grc' dir='ltr'><strong>ἕκαστον.</strong></span> <span class='ocrx_word' id='word_1_729' title='bbox 3645 2473 3830 2540; x_wconf 87' lang='grc' dir='ltr'><strong>Ἔστω,</strong></span> 
     </span>
    </p>
   </div>
   <div class='ocr_carea' id='block_1_89' title="bbox 2169 2554 3831 2632">
    <p class='ocr_par' dir='ltr' id='par_1_89' title="bbox 2169 2554 3831 2632">
     <span class='ocr_line' id='line_1_89' title="bbox 2169 2554 3831 2632; baseline 0.004 -27"><span class='ocrx_word' id='word_1_730' title='bbox 2169 2554 2458 2619; x_wconf 80' lang='grc' dir='ltr'><strong>νουθετεῖς,</strong></span> <span class='ocrx_word' id='word_1_731' title='bbox 2485 2555 2537 2607; x_wconf 89' lang='grc' dir='ltr'><strong>τί</strong></span> <span class='ocrx_word' id='word_1_732' title='bbox 2557 2555 2650 2607; x_wconf 75' lang='grc' dir='ltr'><strong>καὶ</strong></span> <span class='ocrx_word' id='word_1_733' title='bbox 2671 2555 2927 2626; x_wconf 78' lang='grc' dir='ltr'><strong>δακρύεις</strong></span> <span class='ocrx_word' id='word_1_734' title='bbox 2952 2572 2968 2622; x_wconf 90' lang='lat'><strong>;</strong></span> <span class='ocrx_word' id='word_1_735' title='bbox 3002 2557 3117 2610; x_wconf 85' lang='grc' dir='ltr'><strong>Ἵνα</strong></span> <span class='ocrx_word' id='word_1_736' title='bbox 3134 2557 3229 2610; x_wconf 80' lang='grc' dir='ltr'><strong>ἐὰν</strong></span> <span class='ocrx_word' id='word_1_737' title='bbox 3257 2559 3336 2629; x_wconf 84' lang='grc' dir='ltr'><strong>μὴ</strong></span> <span class='ocrx_word' id='word_1_738' title='bbox 3366 2559 3567 2632; x_wconf 75' lang='grc' dir='ltr'><strong>ἰσχύσῃ</strong></span> <span class='ocrx_word' id='word_1_739' title='bbox 3598 2561 3633 2631; x_wconf 86' lang='grc' dir='ltr'><strong>ή</strong></span> <span class='ocrx_word' id='word_1_740' title='bbox 3659 2559 3831 2619; x_wconf 56' lang='grc' dir='ltr'><strong>νουθεν</strong></span> 
     </span>
    </p>
   </div>
   <div class='ocr_carea' id='block_1_90' title="bbox 2171 2640 3828 2718">
    <p class='ocr_par' dir='ltr' id='par_1_90' title="bbox 2171 2640 3828 2718">
     <span class='ocr_line' id='line_1_90' title="bbox 2171 2640 3828 2718; baseline 0.004 -24"><span class='ocrx_word' id='word_1_741' title='bbox 2171 2642 2281 2706; x_wconf 90' lang='grc' dir='ltr'><strong>σία,</strong></span> <span class='ocrx_word' id='word_1_742' title='bbox 2314 2640 2381 2698; x_wconf 77' lang='grc' dir='ltr'><strong>τὰ</strong></span> <span class='ocrx_word' id='word_1_743' title='bbox 2417 2641 2629 2713; x_wconf 88' lang='grc' dir='ltr'><strong>δάκρυα</strong></span> <span class='ocrx_word' id='word_1_744' title='bbox 2655 2642 2918 2714; x_wconf 77' lang='grc' dir='ltr'><strong>βοηθήσῃ.</strong></span> <span class='ocrx_word' id='word_1_745' title='bbox 2949 2642 3107 2697; x_wconf 88' lang='grc' dir='ltr'><strong>Οῦτω</strong></span> <span class='ocrx_word' id='word_1_746' title='bbox 3139 2647 3234 2699; x_wconf 73' lang='grc' dir='ltr'><strong>καὶ</strong></span> <span class='ocrx_word' id='word_1_747' title='bbox 3259 2647 3288 2697; x_wconf 93' lang='lat'><strong>6</strong></span> <span class='ocrx_word' id='word_1_748' title='bbox 3317 2647 3614 2718; x_wconf 86' lang='grc' dir='ltr'><strong>προφήτης</strong></span> <span class='ocrx_word' id='word_1_749' title='bbox 3637 2647 3828 2718; x_wconf 82' lang='grc' dir='ltr'><strong>θρηνεῖ.</strong></span> 
     </span>
    </p>
   </div>
   <div class='ocr_carea' id='block_1_91' title="bbox 2181 2729 3833 2807">
    <p class='ocr_par' dir='ltr' id='par_1_91' title="bbox 2181 2729 3833 2807">
     <span class='ocr_line' id='line_1_91' title="bbox 2181 2729 3833 2807; baseline 0.004 -24"><span class='ocrx_word' id='word_1_750' title='bbox 2181 2730 2239 2784; x_wconf 86' lang='lat'><strong>&#39;0</strong></span> <span class='ocrx_word' id='word_1_751' title='bbox 2267 2730 2544 2801; x_wconf 89' lang='grc' dir='ltr'><strong>Δεσπότης</strong></span> <span class='ocrx_word' id='word_1_752' title='bbox 2573 2730 2730 2802; x_wconf 82' lang='grc' dir='ltr'><strong>ἡμῶν</strong></span> <span class='ocrx_word' id='word_1_753' title='bbox 2770 2729 2892 2785; x_wconf 86' lang='grc' dir='ltr'><strong>ίδὼν</strong></span> <span class='ocrx_word' id='word_1_754' title='bbox 2936 2730 3035 2802; x_wconf 80' lang='grc' dir='ltr'><strong>τήν</strong></span> <span class='ocrx_word' id='word_1_755' title='bbox 3086 2732 3450 2807; x_wconf 83' lang='grc' dir='ltr'><strong>Ἰερουσαλὴμ</strong></span> <span class='ocrx_word' id='word_1_756' title='bbox 3498 2737 3833 2789; x_wconf 71' lang='grc' dir='ltr'><strong>πεπτωκυῖαν</strong></span> 
     </span>
    </p>
   </div>
   <div class='ocr_carea' id='block_1_92' title="bbox 2168 2817 3826 2892">
    <p class='ocr_par' dir='ltr' id='par_1_92' title="bbox 2168 2817 3826 2892">
     <span class='ocr_line' id='line_1_92' title="bbox 2168 2817 3826 2892; baseline 0.002 -22"><span class='ocrx_word' id='word_1_757' title='bbox 2168 2817 2348 2887; x_wconf 86' lang='grc' dir='ltr'><strong>λέγει·</strong></span> <span class='ocrx_word' id='word_1_758' title='bbox 2389 2819 2785 2888; x_wconf 78' lang='grc' dir='ltr'><strong>Ἰερουσαλὴμ</strong></span> <span class='ocrx_word' id='word_1_759' title='bbox 2809 2820 2846 2888; x_wconf 81' lang='grc' dir='ltr'><strong><em>ἠ</em></strong></span> <span class='ocrx_word' id='word_1_760' title='bbox 2869 2819 3316 2876; x_wconf 73' lang='grc' dir='ltr'><strong>ἀποκτείνουσα</strong></span> <span class='ocrx_word' id='word_1_761' title='bbox 3341 2823 3488 2890; x_wconf 87' lang='grc' dir='ltr'><strong>τοὺς</strong></span> <span class='ocrx_word' id='word_1_762' title='bbox 3513 2823 3826 2892; x_wconf 64' lang='grc' dir='ltr'><strong>προφήτας,</strong></span> 
     </span>
    </p>
   </div>
   <div class='ocr_carea' id='block_1_93' title="bbox 2168 2907 3825 2980">
    <p class='ocr_par' dir='ltr' id='par_1_93' title="bbox 2168 2907 3825 2980">
     <span class='ocr_line' id='line_1_93' title="bbox 2168 2907 3825 2980; baseline 0.005 -20"><span class='ocrx_word' id='word_1_763' title='bbox 2168 2909 2268 2961; x_wconf 78' lang='grc' dir='ltr'><strong>καὶ</strong></span> <span class='ocrx_word' id='word_1_764' title='bbox 2339 2907 2743 2967; x_wconf 74' lang='grc' dir='ltr'><strong>λιθοϐολοῦσα</strong></span> <span class='ocrx_word' id='word_1_765' title='bbox 2792 2907 2936 2974; x_wconf 87' lang='grc' dir='ltr'><strong>τοὺς</strong></span> <span class='ocrx_word' id='word_1_766' title='bbox 2983 2909 3492 2979; x_wconf 76' lang='grc' dir='ltr'><strong>ἀπεσταλμένους</strong></span> <span class='ocrx_word' id='word_1_767' title='bbox 3541 2912 3690 2980; x_wconf 79' lang='grc' dir='ltr'><strong>πρὸς</strong></span> <span class='ocrx_word' id='word_1_768' title='bbox 3743 2908 3825 2968; x_wconf 70' lang='grc' dir='ltr'><strong>σέ.</strong></span> 
     </span>
    </p>
   </div>
   <div class='ocr_carea' id='block_1_94' title="bbox 2179 2995 3828 3070">
    <p class='ocr_par' dir='ltr' id='par_1_94' title="bbox 2179 2995 3828 3070">
     <span class='ocr_line' id='line_1_94' title="bbox 2179 2995 3828 3070; baseline 0.002 -21"><span class='ocrx_word' id='word_1_769' title='bbox 2179 2995 2558 3050; x_wconf 87' lang='grc' dir='ltr'><strong>Ἀνακαλεῖται</strong></span> <span class='ocrx_word' id='word_1_770' title='bbox 2601 2995 2701 3066; x_wconf 81' lang='grc' dir='ltr'><strong>τὴν</strong></span> <span class='ocrx_word' id='word_1_771' title='bbox 2746 2995 2902 3050; x_wconf 88' lang='grc' dir='ltr'><strong>πόλιν</strong></span> <span class='ocrx_word' id='word_1_772' title='bbox 2931 3001 3302 3063; x_wconf 79' lang='grc' dir='ltr'><strong>πεπτωκυῖαν,</strong></span> <span class='ocrx_word' id='word_1_773' title='bbox 3337 3001 3434 3059; x_wconf 77' lang='grc' dir='ltr'><strong>καὶ</strong></span> <span class='ocrx_word' id='word_1_774' title='bbox 3477 3002 3718 3070; x_wconf 89' lang='grc' dir='ltr'><strong>μιμεῖται</strong></span> <span class='ocrx_word' id='word_1_775' title='bbox 3745 2997 3828 3062; x_wconf 70' lang='grc' dir='ltr'><strong>ἄν·</strong></span> 
     </span>
    </p>
   </div>
   <div class='ocr_carea' id='block_1_95' title="bbox 2166 3081 3827 3158">
    <p class='ocr_par' dir='ltr' id='par_1_95' title="bbox 2166 3081 3827 3158">
     <span class='ocr_line' id='line_1_95' title="bbox 2166 3081 3827 3158; baseline 0.004 -21"><span class='ocrx_word' id='word_1_776' title='bbox 2166 3082 2380 3155; x_wconf 88' lang='grc' dir='ltr'><strong>θρωπον</strong></span> <span class='ocrx_word' id='word_1_777' title='bbox 2409 3081 2730 3155; x_wconf 76' lang='grc' dir='ltr'><strong>θρηνοῦντα.</strong></span> <span class='ocrx_word' id='word_1_778' title='bbox 2760 3085 2871 3138; x_wconf 83' lang='grc' dir='ltr'><strong>Καὶ</strong></span> <span class='ocrx_word' id='word_1_779' title='bbox 2899 3087 2926 3138; x_wconf 85' lang='grc' dir='ltr'><strong>ό</strong></span> <span class='ocrx_word' id='word_1_780' title='bbox 2955 3086 3261 3158; x_wconf 69' lang='grc' dir='ltr'><strong>προφήτης*</strong></span> <span class='ocrx_word' id='word_1_781' title='bbox 3294 3088 3442 3142; x_wconf 76' lang='grc' dir='ltr'><strong>Οὐαὶ</strong></span> <span class='ocrx_word' id='word_1_782' title='bbox 3469 3088 3645 3154; x_wconf 74' lang='grc' dir='ltr'><strong>ἔθνος</strong></span> <span class='ocrx_word' id='word_1_783' title='bbox 3661 3087 3827 3155; x_wconf 63' lang='grc' dir='ltr'><strong>ἀμαρε</strong></span> 
     </span>
    </p>
   </div>
   <div class='ocr_carea' id='block_1_96' title="bbox 2164 3170 3826 3248">
    <p class='ocr_par' dir='ltr' id='par_1_96' title="bbox 2164 3170 3826 3248">
     <span class='ocr_line' id='line_1_96' title="bbox 2164 3170 3826 3248; baseline 0.002 -24"><span class='ocrx_word' id='word_1_784' title='bbox 2164 3171 2378 3235; x_wconf 77' lang='grc' dir='ltr'><strong>τωλόν,</strong></span> <span class='ocrx_word' id='word_1_785' title='bbox 2425 3171 2575 3238; x_wconf 77' lang='grc' dir='ltr'><strong>λαὸς</strong></span> <span class='ocrx_word' id='word_1_786' title='bbox 2623 3170 2865 3241; x_wconf 78' lang='grc' dir='ltr'><strong>πλήρης</strong></span> <span class='ocrx_word' id='word_1_787' title='bbox 2916 3171 3244 3242; x_wconf 78' lang='grc' dir='ltr'><strong>ἁμαρτιῶν·</strong></span> <span class='ocrx_word' id='word_1_788' title='bbox 3295 3175 3374 3247; x_wconf 85' lang='grc' dir='ltr'><strong>μὴ</strong></span> <span class='ocrx_word' id='word_1_789' title='bbox 3421 3175 3537 3248; x_wconf 77' lang='grc' dir='ltr'><strong>ἔχει</strong></span> <span class='ocrx_word' id='word_1_790' title='bbox 3588 3174 3730 3243; x_wconf 84' lang='grc' dir='ltr'><strong>ὑγιὲς</strong></span> <span class='ocrx_word' id='word_1_791' title='bbox 3770 3172 3826 3236; x_wconf 80' lang='grc' dir='ltr'><strong>τὸ</strong></span> 
     </span>
    </p>
   </div>
   <div class='ocr_carea' id='block_1_97' title="bbox 2167 3257 3821 3338">
    <p class='ocr_par' dir='ltr' id='par_1_97' title="bbox 2167 3257 3821 3338">
     <span class='ocr_line' id='line_1_97' title="bbox 2167 3257 3821 3338; baseline 0.002 -25"><span class='ocrx_word' id='word_1_792' title='bbox 2167 3258 2346 3330; x_wconf 87' lang='grc' dir='ltr'><strong>σῶμα.</strong></span> <span class='ocrx_word' id='word_1_793' title='bbox 2377 3257 2531 3322; x_wconf 81' lang='grc' dir='ltr'><strong>Εἶδες</strong></span> <span class='ocrx_word' id='word_1_794' title='bbox 2559 3259 2756 3324; x_wconf 78' lang='grc' dir='ltr'><strong>αὐτοὺς</strong></span> <span class='ocrx_word' id='word_1_795' title='bbox 2786 3259 3168 3330; x_wconf 84' lang='grc' dir='ltr'><strong>ήλκωμένους;</strong></span> <span class='ocrx_word' id='word_1_796' title='bbox 3209 3263 3454 3334; x_wconf 82' lang='grc' dir='ltr'><strong>Σπέρμα</strong></span> <span class='ocrx_word' id='word_1_797' title='bbox 3482 3263 3630 3338; x_wconf 71' lang='grc'><strong>[547]</strong></span> <span class='ocrx_word' id='word_1_798' title='bbox 3654 3279 3821 3330; x_wconf 69' lang='grc' dir='ltr'><strong>πονη-</strong></span> 
     </span>
    </p>
   </div>
   <div class='ocr_carea' id='block_1_98' title="bbox 2155 3344 3825 3422">
    <p class='ocr_par' dir='ltr' id='par_1_98' title="bbox 2155 3344 3825 3422">
     <span class='ocr_line' id='line_1_98' title="bbox 2155 3344 3825 3422; baseline 0.001 -22"><span class='ocrx_word' id='word_1_799' title='bbox 2155 3346 2296 3415; x_wconf 85' lang='grc' dir='ltr'><strong>ρὸν,</strong></span> <span class='ocrx_word' id='word_1_800' title='bbox 2337 3344 2459 3400; x_wconf 75' lang='grc' dir='ltr'><strong>υίοί</strong></span> <span class='ocrx_word' id='word_1_801' title='bbox 2500 3346 2730 3416; x_wconf 84' lang='grc' dir='ltr'><strong>ἄνομοι.</strong></span> <span class='ocrx_word' id='word_1_802' title='bbox 2765 3347 2867 3402; x_wconf 90' lang='grc' dir='ltr'><strong>Διά</strong></span> <span class='ocrx_word' id='word_1_803' title='bbox 2908 3347 2962 3403; x_wconf 86' lang='grc' dir='ltr'><strong>τί</strong></span> <span class='ocrx_word' id='word_1_804' title='bbox 3007 3347 3244 3420; x_wconf 89' lang='grc' dir='ltr'><strong>θρηνεῖς,</strong></span> <span class='ocrx_word' id='word_1_805' title='bbox 3283 3351 3408 3405; x_wconf 86' lang='grc' dir='ltr'><strong>είπέ</strong></span> <span class='ocrx_word' id='word_1_806' title='bbox 3441 3368 3566 3422; x_wconf 86' lang='grc' dir='ltr'><strong>μοι;</strong></span> <span class='ocrx_word' id='word_1_807' title='bbox 3607 3352 3825 3419; x_wconf 76' lang='grc' dir='ltr'><strong>Ἐγκατ-</strong></span> 
     </span>
    </p>
   </div>
   <div class='ocr_carea' id='block_1_99' title="bbox 2163 3432 3828 3507">
    <p class='ocr_par' dir='ltr' id='par_1_99' title="bbox 2163 3432 3828 3507">
     <span class='ocr_line' id='line_1_99' title="bbox 2163 3432 3828 3507; baseline 0.002 -17"><span class='ocrx_word' id='word_1_808' title='bbox 2163 3435 2398 3490; x_wconf 77' lang='grc' dir='ltr'><strong>ελίπετε</strong></span> <span class='ocrx_word' id='word_1_809' title='bbox 2421 3433 2530 3487; x_wconf 85' lang='grc' dir='ltr'><strong>τὸν</strong></span> <span class='ocrx_word' id='word_1_810' title='bbox 2556 3434 2796 3503; x_wconf 81' lang='grc' dir='ltr'><strong>Κύριον,</strong></span> <span class='ocrx_word' id='word_1_811' title='bbox 2823 3435 2920 3489; x_wconf 82' lang='grc' dir='ltr'><strong>καί</strong></span> <span class='ocrx_word' id='word_1_812' title='bbox 2947 3437 3360 3506; x_wconf 79' lang='grc' dir='ltr'><strong>παρωργίσατε</strong></span> <span class='ocrx_word' id='word_1_813' title='bbox 3382 3439 3492 3493; x_wconf 85' lang='grc' dir='ltr'><strong>τὸν</strong></span> <span class='ocrx_word' id='word_1_814' title='bbox 3515 3438 3710 3507; x_wconf 74' lang='grc' dir='ltr'><strong>’Ἃγιον</strong></span> <span class='ocrx_word' id='word_1_815' title='bbox 3729 3432 3828 3494; x_wconf 86' lang='grc' dir='ltr'><strong>τοῦ.</strong></span> 
     </span>
    </p>
   </div>
   <div class='ocr_carea' id='block_1_100' title="bbox 2178 3509 3819 3596">
    <p class='ocr_par' dir='ltr' id='par_1_100' title="bbox 2178 3509 3819 3596">
     <span class='ocr_line' id='line_1_100' title="bbox 2178 3509 3819 3596; baseline 0 -18"><span class='ocrx_word' id='word_1_816' title='bbox 2178 3509 2442 3591; x_wconf 71' lang='grc' dir='ltr'><strong>Ἰσραήλ.</strong></span> <span class='ocrx_word' id='word_1_817' title='bbox 2477 3521 2539 3575; x_wconf 84' lang='grc' dir='ltr'><strong>Τί</strong></span> <span class='ocrx_word' id='word_1_818' title='bbox 2565 3521 2651 3576; x_wconf 76' lang='grc' dir='ltr'><strong>ἐτι</strong></span> <span class='ocrx_word' id='word_1_819' title='bbox 2678 3521 2984 3593; x_wconf 60' lang='lat' dir='ltr'><strong>Jun-pits;</strong></span> <span class='ocrx_word' id='word_1_820' title='bbox 3007 3517 3072 3576; x_wconf 91' lang='grc' dir='ltr'><strong>Τί</strong></span> <span class='ocrx_word' id='word_1_821' title='bbox 3102 3523 3209 3594; x_wconf 81' lang='grc' dir='ltr'><strong>έχω</strong></span> <span class='ocrx_word' id='word_1_822' title='bbox 3240 3524 3388 3595; x_wconf 81' lang='grc' dir='ltr'><strong>ὑμᾶς</strong></span> <span class='ocrx_word' id='word_1_823' title='bbox 3415 3525 3647 3596; x_wconf 77' lang='grc' dir='ltr'><strong>πλῆξαι;</strong></span> <span class='ocrx_word' id='word_1_824' title='bbox 3672 3521 3819 3593; x_wconf 78' lang='grc' dir='ltr'><strong>λιμῷ,</strong></span> 
     </span>
    </p>
   </div>
   <div class='ocr_carea' id='block_1_101' title="bbox 2162 3603 3830 3688">
    <p class='ocr_par' dir='ltr' id='par_1_101' title="bbox 2162 3603 3830 3688">
     <span class='ocr_line' id='line_1_101' title="bbox 2162 3603 3830 3688; baseline 0 -21"><span class='ocrx_word' id='word_1_825' title='bbox 2162 3611 2414 3686; x_wconf 73' lang='grc' dir='ltr'><strong>ἢλοιμῷς</strong></span> <span class='ocrx_word' id='word_1_826' title='bbox 2439 3603 2595 3668; x_wconf 71' lang='grc' dir='ltr'><strong>Πᾶσα</strong></span> <span class='ocrx_word' id='word_1_827' title='bbox 2622 3611 2859 3684; x_wconf 87' lang='grc' dir='ltr'><strong>τιμωρία</strong></span> <span class='ocrx_word' id='word_1_828' title='bbox 2881 3607 3032 3683; x_wconf 75' lang='grc' dir='ltr'><strong>ἦλθε,</strong></span> <span class='ocrx_word' id='word_1_829' title='bbox 3067 3612 3162 3664; x_wconf 69' lang='grc' dir='ltr'><strong>καὶ</strong></span> <span class='ocrx_word' id='word_1_830' title='bbox 3187 3615 3220 3684; x_wconf 91' lang='grc' dir='ltr'><strong>ή</strong></span> <span class='ocrx_word' id='word_1_831' title='bbox 3257 3613 3425 3667; x_wconf 87' lang='grc' dir='ltr'><strong>κακία</strong></span> <span class='ocrx_word' id='word_1_832' title='bbox 3455 3613 3607 3688; x_wconf 88' lang='grc' dir='ltr'><strong>ὑμῶν</strong></span> <span class='ocrx_word' id='word_1_833' title='bbox 3635 3611 3830 3667; x_wconf 68' lang='grc' dir='ltr'><strong>οὐκάν-Δ</strong></span> 
     </span>
    </p>
   </div>
   <div class='ocr_carea' id='block_1_102' title="bbox 2161 3697 3822 3773">
    <p class='ocr_par' dir='ltr' id='par_1_102' title="bbox 2161 3697 3822 3773">
     <span class='ocr_line' id='line_1_102' title="bbox 2161 3697 3822 3773; baseline -0.001 -22"><span class='ocrx_word' id='word_1_834' title='bbox 2161 3698 2344 3773; x_wconf 83' lang='grc' dir='ltr'><strong>ηλώθη</strong></span> <span class='ocrx_word' id='word_1_835' title='bbox 2354 3716 2366 3728; x_wconf 88' lang='grc'><strong>·</strong></span> <span class='ocrx_word' id='word_1_836' title='bbox 2381 3698 2806 3769; x_wconf 86' lang='grc' dir='ltr'><strong>Προστιθέντες</strong></span> <span class='ocrx_word' id='word_1_837' title='bbox 2820 3697 3270 3770; x_wconf 86' lang='grc' dir='ltr'><strong>ἀνομίας.Πᾶσα</strong></span> <span class='ocrx_word' id='word_1_838' title='bbox 3284 3699 3520 3771; x_wconf 72' lang='grc' dir='ltr'><strong>κεφαλὴ</strong></span> <span class='ocrx_word' id='word_1_839' title='bbox 3531 3701 3617 3766; x_wconf 82' lang='grc' dir='ltr'><strong>είς</strong></span> <span class='ocrx_word' id='word_1_840' title='bbox 3628 3697 3822 3766; x_wconf 75' lang='grc' dir='ltr'><strong>πόνον,</strong></span> 
     </span>
    </p>
   </div>
   <div class='ocr_carea' id='block_1_103' title="bbox 2163 3782 3824 3858">
    <p class='ocr_par' dir='ltr' id='par_1_103' title="bbox 2163 3782 3824 3858">
     <span class='ocr_line' id='line_1_103' title="bbox 2163 3782 3824 3858; baseline 0 -15"><span class='ocrx_word' id='word_1_841' title='bbox 2163 3789 2262 3844; x_wconf 77' lang='grc' dir='ltr'><strong>καί</strong></span> <span class='ocrx_word' id='word_1_842' title='bbox 2289 3787 2458 3842; x_wconf 84' lang='grc' dir='ltr'><strong>πᾶσα</strong></span> <span class='ocrx_word' id='word_1_843' title='bbox 2495 3785 2708 3856; x_wconf 80' lang='grc' dir='ltr'><strong>καρδία</strong></span> <span class='ocrx_word' id='word_1_844' title='bbox 2729 3788 2815 3852; x_wconf 82' lang='grc' dir='ltr'><strong>εὶς</strong></span> <span class='ocrx_word' id='word_1_845' title='bbox 2838 3787 3059 3855; x_wconf 78' lang='grc' dir='ltr'><strong>λύπην.</strong></span> <span class='ocrx_word' id='word_1_846' title='bbox 3092 3787 3213 3841; x_wconf 83' lang='grc' dir='ltr'><strong>Οὐκ</strong></span> <span class='ocrx_word' id='word_1_847' title='bbox 3233 3789 3323 3843; x_wconf 71' lang='grc' dir='ltr'><strong>ἔνι</strong></span> <span class='ocrx_word' id='word_1_848' title='bbox 3341 3788 3589 3858; x_wconf 85' lang='grc' dir='ltr'><strong>τραῦμα,</strong></span> <span class='ocrx_word' id='word_1_849' title='bbox 3626 3787 3694 3840; x_wconf 83' lang='grc' dir='ltr'><strong>οὐ</strong></span> <span class='ocrx_word' id='word_1_850' title='bbox 3709 3782 3824 3854; x_wconf 66' lang='grc' dir='ltr'><strong>μώο.</strong></span> 
     </span>
    </p>
   </div>
   <div class='ocr_carea' id='block_1_104' title="bbox 2161 3872 3824 3946">
    <p class='ocr_par' dir='ltr' id='par_1_104' title="bbox 2161 3872 3824 3946">
     <span class='ocr_line' id='line_1_104' title="bbox 2161 3872 3824 3946; baseline -0.002 -16"><span class='ocrx_word' id='word_1_851' title='bbox 2161 3878 2320 3945; x_wconf 74' lang='grc' dir='ltr'><strong>λωψ.</strong></span> <span class='ocrx_word' id='word_1_852' title='bbox 2358 3873 2535 3930; x_wconf 86' lang='grc' dir='ltr'><strong>Καινά</strong></span> <span class='ocrx_word' id='word_1_853' title='bbox 2563 3875 2592 3914; x_wconf 70' lang='grc' dir='ltr'><strong>ι)</strong></span> <span class='ocrx_word' id='word_1_854' title='bbox 2619 3873 2940 3945; x_wconf 80' lang='grc' dir='ltr'><strong>πράγματα.</strong></span> <span class='ocrx_word' id='word_1_855' title='bbox 2982 3872 3095 3944; x_wconf 85' lang='grc' dir='ltr'><strong>Πρὸ</strong></span> <span class='ocrx_word' id='word_1_856' title='bbox 3128 3875 3325 3946; x_wconf 89' lang='grc' dir='ltr'><strong>μικροῦ</strong></span> <span class='ocrx_word' id='word_1_857' title='bbox 3357 3876 3575 3944; x_wconf 79' lang='grc' dir='ltr'><strong>ἔλεγες·</strong></span> <span class='ocrx_word' id='word_1_858' title='bbox 3601 3873 3824 3942; x_wconf 61' lang='grc' dir='ltr'><strong>Σπέρμα</strong></span> 
     </span>
    </p>
   </div>
   <div class='ocr_carea' id='block_1_105' title="bbox 2163 3950 3817 4033">
    <p class='ocr_par' dir='ltr' id='par_1_105' title="bbox 2163 3950 3817 4033">
     <span class='ocr_line' id='line_1_105' title="bbox 2163 3950 3817 4033; baseline -0.004 -15"><span class='ocrx_word' id='word_1_859' title='bbox 2163 3964 2452 4033; x_wconf 77' lang='grc' dir='ltr'><strong>πονηρὸν,</strong></span> <span class='ocrx_word' id='word_1_860' title='bbox 2484 3962 2602 4018; x_wconf 66' lang='lat' dir='ltr'><strong>vlo!</strong></span> <span class='ocrx_word' id='word_1_861' title='bbox 2633 3950 2864 4031; x_wconf 77' lang='grc' dir='ltr'><strong>ἄνομοι,</strong></span> <span class='ocrx_word' id='word_1_862' title='bbox 2880 3961 3300 4031; x_wconf 70' lang='grc' dir='ltr'><strong>ἐγκατελίπετε</strong></span> <span class='ocrx_word' id='word_1_863' title='bbox 3329 3963 3443 4018; x_wconf 85' lang='grc' dir='ltr'><strong>τὸν</strong></span> <span class='ocrx_word' id='word_1_864' title='bbox 3468 3965 3697 4032; x_wconf 81' lang='grc' dir='ltr'><strong>Κύριον,</strong></span> <span class='ocrx_word' id='word_1_865' title='bbox 3726 3955 3817 4012; x_wconf 67' lang='grc' dir='ltr'><strong>καί</strong></span> 
     </span>
    </p>
   </div>
   <div class='ocr_carea' id='block_1_106' title="bbox 2163 4045 3815 4127">
    <p class='ocr_par' dir='ltr' id='par_1_106' title="bbox 2163 4045 3815 4127">
     <span class='ocr_line' id='line_1_106' title="bbox 2163 4045 3815 4127; baseline -0.006 -19"><span class='ocrx_word' id='word_1_866' title='bbox 2163 4053 2574 4124; x_wconf 76' lang='grc' dir='ltr'><strong>παρωργίσατε</strong></span> <span class='ocrx_word' id='word_1_867' title='bbox 2617 4051 2725 4106; x_wconf 85' lang='grc' dir='ltr'><strong>τὸν</strong></span> <span class='ocrx_word' id='word_1_868' title='bbox 2787 4050 2997 4127; x_wconf 74' lang='grc' dir='ltr'><strong>Ἀγιον</strong></span> <span class='ocrx_word' id='word_1_869' title='bbox 3046 4049 3154 4105; x_wconf 88' lang='grc' dir='ltr'><strong>τοῦ</strong></span> <span class='ocrx_word' id='word_1_870' title='bbox 3212 4051 3452 4123; x_wconf 72' lang='grc' dir='ltr'><strong>Ἰσραήλ</strong></span> <span class='ocrx_word' id='word_1_871' title='bbox 3470 4069 3484 4083; x_wconf 89' lang='grc'><strong>·</strong></span> <span class='ocrx_word' id='word_1_872' title='bbox 3533 4051 3642 4116; x_wconf 74' lang='grc' dir='ltr'><strong>καὶ,</strong></span> <span class='ocrx_word' id='word_1_873' title='bbox 3686 4045 3815 4101; x_wconf 81' lang='grc' dir='ltr'><strong>Οὐαί</strong></span> 
     </span>
    </p>
   </div>
   <div class='ocr_carea' id='block_1_107' title="bbox 2163 4134 3814 4212">
    <p class='ocr_par' dir='ltr' id='par_1_107' title="bbox 2163 4134 3814 4212">
     <span class='ocr_line' id='line_1_107' title="bbox 2163 4134 3814 4212; baseline -0.007 -17"><span class='ocrx_word' id='word_1_874' title='bbox 2163 4141 2338 4207; x_wconf 80' lang='grc' dir='ltr'><strong>ἔθνος</strong></span> <span class='ocrx_word' id='word_1_875' title='bbox 2364 4136 2749 4209; x_wconf 75' lang='grc' dir='ltr'><strong>ἀμαρτωλόνί</strong></span> <span class='ocrx_word' id='word_1_876' title='bbox 2773 4135 3026 4208; x_wconf 88' lang='grc' dir='ltr'><strong>Θρηνεῖς,</strong></span> <span class='ocrx_word' id='word_1_877' title='bbox 3067 4138 3264 4212; x_wconf 80' lang='grc' dir='ltr'><strong>κόπτῃ,</strong></span> <span class='ocrx_word' id='word_1_878' title='bbox 3299 4139 3488 4212; x_wconf 84' lang='grc' dir='ltr'><strong>ὀδύρῃ,</strong></span> <span class='ocrx_word' id='word_1_879' title='bbox 3519 4134 3814 4202; x_wconf 87' lang='grc' dir='ltr'><strong>καταλέγεις</strong></span> 
     </span>
    </p>
   </div>
   <div class='ocr_carea' id='block_1_108' title="bbox 2164 4221 3816 4299">
    <p class='ocr_par' dir='ltr' id='par_1_108' title="bbox 2164 4221 3816 4299">
     <span class='ocr_line' id='line_1_108' title="bbox 2164 4221 3816 4299; baseline -0.006 -18"><span class='ocrx_word' id='word_1_880' title='bbox 2164 4227 2233 4289; x_wconf 75' lang='grc' dir='ltr'><strong>τὰ</strong></span> <span class='ocrx_word' id='word_1_881' title='bbox 2259 4226 2569 4299; x_wconf 89' lang='grc' dir='ltr'><strong>τραύματα,</strong></span> <span class='ocrx_word' id='word_1_882' title='bbox 2607 4227 2702 4280; x_wconf 68' lang='grc' dir='ltr'><strong>καὶ</strong></span> <span class='ocrx_word' id='word_1_883' title='bbox 2729 4223 2968 4280; x_wconf 87' lang='grc' dir='ltr'><strong>ἐπανιὼν</strong></span> <span class='ocrx_word' id='word_1_884' title='bbox 2994 4225 3192 4295; x_wconf 76' lang='grc' dir='ltr'><strong>λέγεις,</strong></span> <span class='ocrx_word' id='word_1_885' title='bbox 3231 4227 3382 4281; x_wconf 81' lang='grc' dir='ltr'><strong>Οὔτε</strong></span> <span class='ocrx_word' id='word_1_886' title='bbox 3419 4225 3662 4295; x_wconf 80' lang='grc' dir='ltr'><strong>τραῦμα,</strong></span> <span class='ocrx_word' id='word_1_887' title='bbox 3692 4221 3816 4276; x_wconf 79' lang='grc' dir='ltr'><strong>οὔτε</strong></span> 
     </span>
    </p>
   </div>
   <div class='ocr_carea' id='block_1_109' title="bbox 2161 4302 3814 4387">
    <p class='ocr_par' dir='ltr' id='par_1_109' title="bbox 2161 4302 3814 4387">
     <span class='ocr_line' id='line_1_109' title="bbox 2161 4302 3814 4387; baseline -0.007 -17"><span class='ocrx_word' id='word_1_888' title='bbox 2161 4315 2426 4387; x_wconf 72' lang='grc' dir='ltr'><strong>μώλωψ;</strong></span> <span class='ocrx_word' id='word_1_889' title='bbox 2471 4314 2746 4385; x_wconf 72' lang='grc' dir='ltr'><strong>Πρόσεχε⁹</strong></span> <span class='ocrx_word' id='word_1_890' title='bbox 2777 4310 2999 4384; x_wconf 87' lang='grc' dir='ltr'><strong>τραῦμα</strong></span> <span class='ocrx_word' id='word_1_891' title='bbox 3030 4302 3150 4365; x_wconf 87' lang='grc' dir='ltr'><strong>τότε</strong></span> <span class='ocrx_word' id='word_1_892' title='bbox 3187 4312 3423 4380; x_wconf 88' lang='grc' dir='ltr'><strong>γίνεται,</strong></span> <span class='ocrx_word' id='word_1_893' title='bbox 3475 4313 3601 4365; x_wconf 85' lang='grc' dir='ltr'><strong>ὅταν</strong></span> <span class='ocrx_word' id='word_1_894' title='bbox 3639 4307 3696 4361; x_wconf 90' lang='lat'><strong>16</strong></span> <span class='ocrx_word' id='word_1_895' title='bbox 3724 4303 3814 4375; x_wconf 64' lang='grc' dir='ltr'><strong>μὲν</strong></span> 
     </span>
    </p>
   </div>
   <div class='ocr_carea' id='block_1_110' title="bbox 2166 4389 3817 4475">
    <p class='ocr_par' dir='ltr' id='par_1_110' title="bbox 2166 4389 3817 4475">
     <span class='ocr_line' id='line_1_110' title="bbox 2166 4389 3817 4475; baseline -0.004 -18"><span class='ocrx_word' id='word_1_896' title='bbox 2166 4404 2294 4457; x_wconf 83' lang='grc' dir='ltr'><strong>ἄλλο</strong></span> <span class='ocrx_word' id='word_1_897' title='bbox 2323 4403 2489 4475; x_wconf 80' lang='grc' dir='ltr'><strong>μέρος</strong></span> <span class='ocrx_word' id='word_1_898' title='bbox 2529 4401 2623 4455; x_wconf 88' lang='grc' dir='ltr'><strong>τοῦ</strong></span> <span class='ocrx_word' id='word_1_899' title='bbox 2663 4399 2914 4470; x_wconf 82' lang='grc' dir='ltr'><strong>σώματος</strong></span> <span class='ocrx_word' id='word_1_900' title='bbox 2945 4400 3095 4469; x_wconf 89' lang='grc' dir='ltr'><strong>ὑγιές</strong></span> <span class='ocrx_word' id='word_1_901' title='bbox 3123 4395 3180 4473; x_wconf 85' lang='grc' dir='ltr'><strong>ᾖ,</strong></span> <span class='ocrx_word' id='word_1_902' title='bbox 3212 4397 3270 4454; x_wconf 77' lang='grc' dir='ltr'><strong>ἓν</strong></span> <span class='ocrx_word' id='word_1_903' title='bbox 3311 4401 3370 4454; x_wconf 87' lang='grc' dir='ltr'><strong>δὲ</strong></span> <span class='ocrx_word' id='word_1_904' title='bbox 3413 4401 3576 4473; x_wconf 85' lang='grc' dir='ltr'><strong>μέρος</strong></span> <span class='ocrx_word' id='word_1_905' title='bbox 3601 4393 3689 4464; x_wconf 83' lang='grc' dir='ltr'><strong>τοῦ</strong></span> <span class='ocrx_word' id='word_1_906' title='bbox 3722 4389 3817 4458; x_wconf 64' lang='grc' dir='ltr'><strong>σὼέ,</strong></span> 
     </span>
    </p>
   </div>
   <div class='ocr_carea' id='block_1_111' title="bbox 2169 4475 3811 4564">
    <p class='ocr_par' dir='ltr' id='par_1_111' title="bbox 2169 4475 3811 4564">
     <span class='ocr_line' id='line_1_111' title="bbox 2169 4475 3811 4564; baseline -0.009 -19"><span class='ocrx_word' id='word_1_907' title='bbox 2169 4475 2336 4564; x_wconf 78' lang='grc' dir='ltr'><strong>ματος</strong></span> <span class='ocrx_word' id='word_1_908' title='bbox 2372 4489 2695 4561; x_wconf 85' lang='grc' dir='ltr'><strong>ἀναίσθητον</strong></span> <span class='ocrx_word' id='word_1_909' title='bbox 2729 4488 2866 4562; x_wconf 76' lang='grc' dir='ltr'><strong>μένῃ</strong></span> <span class='ocrx_word' id='word_1_910' title='bbox 2887 4505 2902 4520; x_wconf 72' lang='grc' dir='ltr'><strong>ο</strong></span> <span class='ocrx_word' id='word_1_911' title='bbox 2950 4488 3184 4542; x_wconf 88' lang='grc' dir='ltr'><strong>ἐνταῦθα</strong></span> <span class='ocrx_word' id='word_1_912' title='bbox 3223 4499 3246 4527; x_wconf 77' lang='grc' dir='ltr'><strong>ο</strong></span> <span class='ocrx_word' id='word_1_913' title='bbox 3281 4488 3341 4542; x_wconf 78' lang='grc' dir='ltr'><strong>δὲ</strong></span> <span class='ocrx_word' id='word_1_914' title='bbox 3365 4476 3562 4563; x_wconf 71' lang='grc' dir='ltr'><strong>λέγει,</strong></span> <span class='ocrx_word' id='word_1_915' title='bbox 3602 4486 3678 4538; x_wconf 83' lang='grc' dir='ltr'><strong>ὅτι</strong></span> <span class='ocrx_word' id='word_1_916' title='bbox 3706 4479 3811 4545; x_wconf 78' lang='grc' dir='ltr'><strong>ὅλον</strong></span> 
     </span>
    </p>
   </div>
   <div class='ocr_carea' id='block_1_112' title="bbox 2166 4564 3812 4651">
    <p class='ocr_par' dir='ltr' id='par_1_112' title="bbox 2166 4564 3812 4651">
     <span class='ocr_line' id='line_1_112' title="bbox 2166 4564 3812 4651; baseline -0.005 -20"><span class='ocrx_word' id='word_1_917' title='bbox 2166 4577 2386 4651; x_wconf 88' lang='grc' dir='ltr'><strong>τραῦμά</strong></span> <span class='ocrx_word' id='word_1_918' title='bbox 2413 4579 2579 4649; x_wconf 76' lang='grc' dir='ltr'><strong>ἐστιν.</strong></span> <span class='ocrx_word' id='word_1_919' title='bbox 2600 4577 2747 4632; x_wconf 81' lang='grc' dir='ltr'><strong>Οὔτε</strong></span> <span class='ocrx_word' id='word_1_920' title='bbox 2769 4575 3018 4646; x_wconf 87' lang='grc' dir='ltr'><strong>τραῦμα,</strong></span> <span class='ocrx_word' id='word_1_921' title='bbox 3039 4578 3177 4631; x_wconf 86' lang='grc' dir='ltr'><strong>οὔτε</strong></span> <span class='ocrx_word' id='word_1_922' title='bbox 3198 4577 3447 4647; x_wconf 50' lang='lat' dir='ltr'><strong>gmw,</strong></span> <span class='ocrx_word' id='word_1_923' title='bbox 3472 4576 3606 4630; x_wconf 83' lang='grc' dir='ltr'><strong>οὔτε</strong></span> <span class='ocrx_word' id='word_1_924' title='bbox 3625 4564 3812 4636; x_wconf 71' lang='grc' dir='ltr'><strong>πληγὴ</strong></span> 
     </span>
    </p>
   </div>
   <div class='ocr_carea' id='block_1_113' title="bbox 2167 4655 3807 4737">
    <p class='ocr_par' dir='ltr' id='par_1_113' title="bbox 2167 4655 3807 4737">
     <span class='ocr_line' id='line_1_113' title="bbox 2167 4655 3807 4737; baseline -0.008 -15"><span class='ocrx_word' id='word_1_925' title='bbox 2167 4659 2641 4737; x_wconf 59' lang='grc' dir='ltr'><strong>φλεγμαίνουσα,</strong></span> <span class='ocrx_word' id='word_1_926' title='bbox 2675 4663 2812 4736; x_wconf 85' lang='grc' dir='ltr'><strong>ἀλλά</strong></span> <span class='ocrx_word' id='word_1_927' title='bbox 2838 4663 2946 4717; x_wconf 87' lang='grc' dir='ltr'><strong>ἀπὸ</strong></span> <span class='ocrx_word' id='word_1_928' title='bbox 2977 4665 3152 4717; x_wconf 87' lang='grc' dir='ltr'><strong>ποδῶν</strong></span> <span class='ocrx_word' id='word_1_929' title='bbox 3181 4665 3286 4728; x_wconf 76' lang='grc' dir='ltr'><strong>ἕως</strong></span> <span class='ocrx_word' id='word_1_930' title='bbox 3315 4662 3557 4734; x_wconf 83' lang='grc' dir='ltr'><strong>κεφαλῆς</strong></span> <span class='ocrx_word' id='word_1_931' title='bbox 3588 4660 3680 4713; x_wconf 76' lang='grc' dir='ltr'><strong>οὐκ</strong></span> <span class='ocrx_word' id='word_1_932' title='bbox 3707 4655 3807 4709; x_wconf 80' lang='grc' dir='ltr'><strong>ἐστι</strong></span> 
     </span>
    </p>
   </div>
   <div class='ocr_carea' id='block_1_114' title="bbox 2171 4739 3808 4826">
    <p class='ocr_par' dir='ltr' id='par_1_114' title="bbox 2171 4739 3808 4826">
     <span class='ocr_line' id='line_1_114' title="bbox 2171 4739 3808 4826; baseline -0.009 -17"><span class='ocrx_word' id='word_1_933' title='bbox 2171 4755 2436 4826; x_wconf 82' lang='grc' dir='ltr'><strong>μάλαγμα</strong></span> <span class='ocrx_word' id='word_1_934' title='bbox 2477 4750 2766 4824; x_wconf 83' lang='grc' dir='ltr'><strong>ἐπιθεῖναι,</strong></span> <span class='ocrx_word' id='word_1_935' title='bbox 2794 4750 2918 4806; x_wconf 74' lang='grc' dir='ltr'><strong>οὔτε</strong></span> <span class='ocrx_word' id='word_1_936' title='bbox 2948 4751 3147 4814; x_wconf 79' lang='grc' dir='ltr'><strong>ἔλαιον,</strong></span> <span class='ocrx_word' id='word_1_937' title='bbox 3176 4750 3300 4805; x_wconf 77' lang='grc' dir='ltr'><strong>οὔτε</strong></span> <span class='ocrx_word' id='word_1_938' title='bbox 3338 4751 3713 4818; x_wconf 24' lang='grc' dir='ltr'><strong>καταδέσμουλς.</strong></span> <span class='ocrx_word' id='word_1_939' title='bbox 3745 4739 3808 4796; x_wconf 80' lang='grc' dir='ltr'><em>Ἠ</em></span> 
     </span>
    </p>
   </div>
   <div class='ocr_carea' id='block_1_115' title="bbox 2167 4831 3808 4912">
    <p class='ocr_par' dir='ltr' id='par_1_115' title="bbox 2167 4831 3808 4912">
     <span class='ocr_line' id='line_1_115' title="bbox 2167 4831 3808 4912; baseline -0.018 1"><span class='ocrx_word' id='word_1_940' title='bbox 2167 4839 2243 4912; x_wconf 67' lang='grc' dir='ltr'><strong><em>Ὺῆ</em></strong></span> <span class='ocrx_word' id='word_1_941' title='bbox 2274 4839 2442 4912; x_wconf 73' lang='grc' dir='ltr'><strong>ὑμῶν</strong></span> <span class='ocrx_word' id='word_1_942' title='bbox 2463 4840 2703 4910; x_wconf 80' lang='grc' dir='ltr'><strong>ἕρημος,</strong></span> <span class='ocrx_word' id='word_1_943' title='bbox 2725 4842 2785 4894; x_wconf 81' lang='grc' dir='ltr'><strong>αἱ</strong></span> <span class='ocrx_word' id='word_1_944' title='bbox 2817 4841 3027 4912; x_wconf 66' lang='grc' dir='ltr'><strong>πόλεις</strong></span> <span class='ocrx_word' id='word_1_945' title='bbox 3049 4840 3468 4909; x_wconf 82' lang='grc' dir='ltr'><strong>πυρίκαυστοι,</strong></span> <span class='ocrx_word' id='word_1_946' title='bbox 3503 4835 3614 4904; x_wconf 84' lang='grc' dir='ltr'><strong>τὴν</strong></span> 
     </span>
    </p>
   </div>
   <div class='ocr_carea' id='block_1_116' title="bbox 2166 4919 3809 5002">
    <p class='ocr_par' dir='ltr' id='par_1_116' title="bbox 2166 4919 3809 5002">
     <span class='ocr_line' id='line_1_116' title="bbox 2166 4919 3809 5002; baseline -0.004 -17"><span class='ocrx_word' id='word_1_947' title='bbox 2166 4929 2334 5002; x_wconf 78' lang='grc' dir='ltr'><strong>ὑμῶν</strong></span> <span class='ocrx_word' id='word_1_948' title='bbox 2375 4930 2681 4996; x_wconf 76' lang='grc' dir='ltr'><strong>ἀλλότριοι</strong></span> <span class='ocrx_word' id='word_1_949' title='bbox 2712 4929 3120 4984; x_wconf 81' lang='grc' dir='ltr'><strong>κατεσθίουσι.</strong></span> <span class='ocrx_word' id='word_1_950' title='bbox 3162 4929 3345 4982; x_wconf 83' lang='grc' dir='ltr'><strong>Πάντα</strong></span> <span class='ocrx_word' id='word_1_951' title='bbox 3376 4926 3546 4982; x_wconf 87' lang='grc' dir='ltr'><strong>ταῦτα</strong></span> <span class='ocrx_word' id='word_1_952' title='bbox 3573 4919 3809 4988; x_wconf 68' lang='grc' dir='ltr'><strong>ἐποίησαν,</strong></span> 
     </span>
    </p>
   </div>
   <div class='ocr_carea' id='block_1_117' title="bbox 2169 5007 3803 5088">
    <p class='ocr_par' dir='ltr' id='par_1_117' title="bbox 2169 5007 3803 5088">
     <span class='ocr_line' id='line_1_117' title="bbox 2169 5007 3803 5088; baseline -0.005 -17"><span class='ocrx_word' id='word_1_953' title='bbox 2169 5019 2264 5084; x_wconf 69' lang='grc' dir='ltr'><strong>καὶ</strong></span> <span class='ocrx_word' id='word_1_954' title='bbox 2288 5018 2444 5088; x_wconf 89' lang='grc' dir='ltr'><strong>ὑμεῖς</strong></span> <span class='ocrx_word' id='word_1_955' title='bbox 2464 5017 2523 5068; x_wconf 89' lang='grc' dir='ltr'><strong>οὑ</strong></span> <span class='ocrx_word' id='word_1_956' title='bbox 2543 5013 2888 5088; x_wconf 86' lang='grc' dir='ltr'><strong>διωρθώθητε</strong></span> <span class='ocrx_word' id='word_1_957' title='bbox 2908 5031 2922 5045; x_wconf 77' lang='grc' dir='ltr'><strong>ο</strong></span> <span class='ocrx_word' id='word_1_958' title='bbox 2945 5016 3123 5070; x_wconf 88' lang='grc' dir='ltr'><strong>πάντα</strong></span> <span class='ocrx_word' id='word_1_959' title='bbox 3150 5016 3383 5085; x_wconf 88' lang='grc' dir='ltr'><strong>ἐποίησα</strong></span> <span class='ocrx_word' id='word_1_960' title='bbox 3401 5014 3468 5069; x_wconf 77' lang='grc' dir='ltr'><strong>τά</strong></span> <span class='ocrx_word' id='word_1_961' title='bbox 3493 5011 3591 5082; x_wconf 82' lang='grc' dir='ltr'><strong>τῆς</strong></span> <span class='ocrx_word' id='word_1_962' title='bbox 3611 5007 3803 5075; x_wconf 80' lang='grc' dir='ltr'><strong>τέχνης.</strong></span> 
     </span>
    </p>
   </div>
   <div class='ocr_carea' id='block_1_118' title="bbox 2167 5091 3801 5178">
    <p class='ocr_par' dir='ltr' id='par_1_118' title="bbox 2167 5091 3801 5178">
     <span class='ocr_line' id='line_1_118' title="bbox 2167 5091 3801 5178; baseline -0.007 -21"><span class='ocrx_word' id='word_1_963' title='bbox 2167 5098 2284 5157; x_wconf 73' lang='grc' dir='ltr'><strong>δ’δέ</strong></span> <span class='ocrx_word' id='word_1_964' title='bbox 2328 5101 2546 5172; x_wconf 81' lang='grc' dir='ltr'><strong>νοσερός</strong></span> <span class='ocrx_word' id='word_1_965' title='bbox 2602 5101 2751 5176; x_wconf 82' lang='grc' dir='ltr'><strong>μένει</strong></span> <span class='ocrx_word' id='word_1_966' title='bbox 2800 5101 3010 5178; x_wconf 83' lang='grc' dir='ltr'><strong>νεκρός.</strong></span> <span class='ocrx_word' id='word_1_967' title='bbox 3055 5102 3252 5168; x_wconf 86' lang='grc' dir='ltr'><strong>Δεῦτε,</strong></span> <span class='ocrx_word' id='word_1_968' title='bbox 3300 5102 3592 5157; x_wconf 83' lang='grc' dir='ltr'><strong>ἀκούσατε</strong></span> <span class='ocrx_word' id='word_1_969' title='bbox 3637 5091 3801 5158; x_wconf 73' lang='grc' dir='ltr'><strong>λόγον</strong></span> 
     </span>
    </p>
   </div>
   <div class='ocr_carea' id='block_1_119' title="bbox 2169 5178 3801 5262">
    <p class='ocr_par' dir='ltr' id='par_1_119' title="bbox 2169 5178 3801 5262">
     <span class='ocr_line' id='line_1_119' title="bbox 2169 5178 3801 5262; baseline -0.013 -15"><span class='ocrx_word' id='word_1_970' title='bbox 2169 5193 2413 5260; x_wconf 64' lang='grc' dir='ltr'><strong>Κυρίου,</strong></span> <span class='ocrx_word' id='word_1_971' title='bbox 2437 5193 2490 5244; x_wconf 82' lang='grc' dir='ltr'><strong>οἱ</strong></span> <span class='ocrx_word' id='word_1_972' title='bbox 2522 5189 2810 5259; x_wconf 78' lang='grc' dir='ltr'><strong>ἄρχοντες</strong></span> <span class='ocrx_word' id='word_1_973' title='bbox 2835 5189 3114 5262; x_wconf 79' lang='grc' dir='ltr'><strong>Σοδόμων</strong></span> <span class='ocrx_word' id='word_1_974' title='bbox 3141 5190 3240 5244; x_wconf 79' lang='grc' dir='ltr'><strong>καὶ</strong></span> <span class='ocrx_word' id='word_1_975' title='bbox 3280 5188 3598 5259; x_wconf 71' lang='grc' dir='ltr'><strong>Γομόρρας.</strong></span> <span class='ocrx_word' id='word_1_976' title='bbox 3629 5178 3684 5234; x_wconf 87' lang='grc' dir='ltr'><strong>Τί</strong></span> <span class='ocrx_word' id='word_1_977' title='bbox 3711 5187 3801 5243; x_wconf 85' lang='grc' dir='ltr'><strong>μοι</strong></span> 
     </span>
    </p>
   </div>
   <div class='ocr_carea' id='block_1_120' title="bbox 2169 5264 3799 5348">
    <p class='ocr_par' dir='ltr' id='par_1_120' title="bbox 2169 5264 3799 5348">
     <span class='ocr_line' id='line_1_120' title="bbox 2169 5264 3799 5348; baseline -0.013 -15"><span class='ocrx_word' id='word_1_978' title='bbox 2169 5278 2403 5348; x_wconf 81' lang='grc' dir='ltr'><strong>πλῆθος</strong></span> <span class='ocrx_word' id='word_1_979' title='bbox 2433 5277 2551 5331; x_wconf 87' lang='grc' dir='ltr'><strong>τῶν</strong></span> <span class='ocrx_word' id='word_1_980' title='bbox 2580 5277 2804 5332; x_wconf 87' lang='grc' dir='ltr'><strong>θυσιῶν</strong></span> <span class='ocrx_word' id='word_1_981' title='bbox 2831 5277 2998 5347; x_wconf 79' lang='grc' dir='ltr'><strong>ὑμῶν</strong></span> <span class='ocrx_word' id='word_1_982' title='bbox 3015 5292 3034 5341; x_wconf 87' lang='grc'><strong><em>;</em></strong></span> <span class='ocrx_word' id='word_1_983' title='bbox 3081 5277 3147 5330; x_wconf 90' lang='grc' dir='ltr'><strong>Τί</strong></span> <span class='ocrx_word' id='word_1_984' title='bbox 3196 5272 3320 5343; x_wconf 77' lang='grc' dir='ltr'><strong>οὗνς</strong></span> <span class='ocrx_word' id='word_1_985' title='bbox 3367 5269 3672 5344; x_wconf 87' lang='grc' dir='ltr'><strong>Σοδομηνοῖς</strong></span> <span class='ocrx_word' id='word_1_986' title='bbox 3700 5264 3799 5348; x_wconf 77' lang='grc' dir='ltr'><strong>δια-</strong></span> 
     </span>
    </p>
   </div>
   <div class='ocr_carea' id='block_1_121' title="bbox 2169 5347 3791 5440">
    <p class='ocr_par' dir='ltr' id='par_1_121' title="bbox 2169 5347 3791 5440">
     <span class='ocr_line' id='line_1_121' title="bbox 2169 5347 3791 5440; baseline -0.011 -20"><span class='ocrx_word' id='word_1_987' title='bbox 2169 5347 2424 5437; x_wconf 71' lang='grc' dir='ltr'><strong>λέγέτάις</strong></span> <span class='ocrx_word' id='word_1_988' title='bbox 2481 5365 2648 5437; x_wconf 73' lang='grc' dir='ltr'><strong>Οὐχὶ,</strong></span> <span class='ocrx_word' id='word_1_989' title='bbox 2701 5365 2836 5420; x_wconf 85' lang='grc' dir='ltr'><strong>ἀλλὰ</strong></span> <span class='ocrx_word' id='word_1_990' title='bbox 2909 5364 3196 5440; x_wconf 70' lang='grc' dir='ltr'><strong>Ἰουδαίους</strong></span> <span class='ocrx_word' id='word_1_991' title='bbox 3259 5359 3580 5436; x_wconf 49' lang='lat' dir='ltr'><strong>sesamo»;</strong></span> <span class='ocrx_word' id='word_1_992' title='bbox 3625 5347 3791 5407; x_wconf 84' lang='grc' dir='ltr'><strong>καλεῖ⁶</strong></span> 
     </span>
    </p>
   </div>
   <div class='ocr_carea' id='block_1_122' title="bbox 2233 5631 3064 5696">
    <p class='ocr_par' dir='ltr' id='par_1_122' title="bbox 2233 5631 3064 5696">
     <span class='ocr_line' id='line_1_122' title="bbox 2233 5631 3064 5696; baseline -0.005 -11"><span class='ocrx_word' id='word_1_993' title='bbox 2233 5637 2257 5665; x_wconf 79' lang='grc'>³</span> <span class='ocrx_word' id='word_1_994' title='bbox 2295 5635 2443 5686; x_wconf 85' lang='lat' dir='ltr'><strong>Savil.</strong></span> <span class='ocrx_word' id='word_1_995' title='bbox 2467 5635 2522 5684; x_wconf 85' lang='grc' dir='ltr'><strong>οὑ</strong></span> <span class='ocrx_word' id='word_1_996' title='bbox 2547 5634 2746 5696; x_wconf 86' lang='grc' dir='ltr'><strong>δύναμαι</strong></span> <span class='ocrx_word' id='word_1_997' title='bbox 2765 5631 3064 5696; x_wconf 81' lang='grc' dir='ltr'><strong>θεραπεῦσαι.</strong></span> 
     </span>
    </p>
   </div>
   <div class='ocr_carea' id='block_1_123' title="bbox 2232 5695 2970 5745">
    <p class='ocr_par' dir='ltr' id='par_1_123' title="bbox 2232 5695 2970 5745">
     <span class='ocr_line' id='line_1_123' title="bbox 2232 5695 2970 5745; baseline -0.007 0"><span class='ocrx_word' id='word_1_998' title='bbox 2232 5698 2260 5738; x_wconf 78' lang='lat' dir='ltr'><strong>b</strong></span> <span class='ocrx_word' id='word_1_999' title='bbox 2281 5697 2362 5745; x_wconf 85' lang='lat' dir='ltr'><strong>Sic</strong></span> <span class='ocrx_word' id='word_1_1000' title='bbox 2383 5697 2534 5745; x_wconf 76' lang='lat' dir='ltr'><strong>Savil.</strong></span> <span class='ocrx_word' id='word_1_1001' title='bbox 2555 5699 2620 5745; x_wconf 81' lang='lat' dir='ltr'><strong>Al.</strong></span> <span class='ocrx_word' id='word_1_1002' title='bbox 2644 5695 2825 5744; x_wconf 56' lang='lat' dir='ltr'><strong>Morel;</strong></span> <span class='ocrx_word' id='word_1_1003' title='bbox 2841 5695 2970 5744; x_wconf 82' lang='grc' dir='ltr'><strong>κενά.</strong></span> 
     </span>
    </p>
   </div>
   <div class='ocr_carea' id='block_1_124' title="bbox 2240 5755 3251 5822">
    <p class='ocr_par' dir='ltr' id='par_1_124' title="bbox 2240 5755 3251 5822">
     <span class='ocr_line' id='line_1_124' title="bbox 2240 5755 3251 5822; baseline -0.004 -12"><span class='ocrx_word' id='word_1_1004' title='bbox 2240 5764 2262 5792; x_wconf 74' lang='grc'><strong>(⁵</strong></span> <span class='ocrx_word' id='word_1_1005' title='bbox 2291 5759 2440 5810; x_wconf 76' lang='lat' dir='ltr'><strong>Savil.</strong></span> <span class='ocrx_word' id='word_1_1006' title='bbox 2462 5760 2682 5822; x_wconf 79' lang='grc' dir='ltr'><strong>σώματος</strong></span> <span class='ocrx_word' id='word_1_1007' title='bbox 2702 5760 2758 5821; x_wconf 82' lang='grc' dir='ltr'><strong>ἐχ</strong></span> <span class='ocrx_word' id='word_1_1008' title='bbox 2784 5761 3012 5821; x_wconf 59' lang='grc' dir='ltr'><strong>,τραῦμα</strong></span> <span class='ocrx_word' id='word_1_1009' title='bbox 3039 5755 3251 5807; x_wconf 79' lang='grc' dir='ltr'><strong>ἐνταῦθα.</strong></span> 
     </span>
    </p>
   </div>
  </div>
