4100 6460
341 406 444 478 ἓιι

339 511 450 568 μαι,
472 511 508 570 q
526 505 599 549 ιω·
621 503 950 552 eontestatus
977 497 1332 569 eratMoyses.
1356 496 1494 554 Ecce
1520 515 1550 554 a
1580 499 1934 570 promissione

345 588 618 656 excidistis
645 631 660 656 ,
706 605 740 644 o
776 588 945 645 Judaei
978 605 994 644 :
1026 605 1152 645 ecce
1189 589 1547 660 dereliquistis
1579 591 1768 648 Deum.
1818 592 1936 660 Quo

344 692 501 755 pacto
541 691 594 738 te
631 682 936 747 advocabo,
983 683 1231 755 Moyses?
1268 683 1550 741 defunctus
1593 685 1736 740 enim
1777 701 1855 753 es,
1884 695 1936 741 et

353 777 508 831 sitam
529 773 731 832 obiisti.
762 775 881 842 Quo
907 786 1060 846 pacto
1090 776 1216 831 item
1250 777 1516 832 Aaronem
1546 777 1820 833 evocztbo?
1850 777 1938 833 ille

350 884 561 938 quoque
622 877 850 923 mortem
913 868 1188 937 uppetivit.
1268 866 1384 922 Non
1453 877 1608 938 potes
1666 867 1936 924 hominem

346 959 608 1016 evocare?
648 973 813 1014 evoca
859 959 1142 1014 elementa.
1185 958 1386 1014 ldcirco
1412 960 1554 1013 enim
1585 967 1638 1014 et
1683 975 1782 1030 ego
1809 959 1936 1014 dum

349 1052 599 1120 viverem,
638 1067 745 1107 non
781 1055 1048 1107 Aaronem
1096 1052 1290 1119 solum,
1335 1067 1440 1107 non
1484 1053 1632 1108 illum
1683 1061 1737 1109 et
1789 1053 1936 1108 illum

349 1145 686 1200 contestabar
707 1187 722 1211 ,
753 1145 875 1215 quia
904 1145 1100 1200 obituri
1139 1153 1320 1212 erant;
1356 1145 1451 1201 sed
1493 1145 1752 1200 elementa
1774 1189 1788 1213 ,
1819 1163 1939 1216 quae

349 1245 584 1302 manent,
608 1253 800 1306 nempe
821 1238 1010 1291 caelum
1049 1247 1102 1293 et
1130 1247 1350 1304 terram,
1382 1245 1674 1293 contestor.
1705 1239 1790 1294 Ait
1835 1240 1936 1308 igi-

346 1336 435 1382 tur
465 1328 644 1393 Isaias,
667 1329 824 1397 Audi,
853 1331 1053 1397 mlum,
1082 1340 1130 1385 et
1152 1331 1358 1386 auribus
1385 1332 1602 1399 percipe,
1635 1341 1786 1386 terra.
1828 1332 1937 1387 Vos

346 1421 487 1476 enim
507 1423 664 1491 jussit
689 1422 897 1495 Moyses
923 1423 1081 1479 hodie
1104 1424 1386 1481 advocare.
1409 1423 1590 1495 Neque
1611 1425 1746 1480 hanc
1766 1425 1938 1480 solum

347 1513 416 1568 ob
442 1531 655 1569 causam
695 1525 850 1571 vocat
875 1517 1160 1584 elementa,
1188 1519 1281 1574 sed
1310 1519 1432 1590 quia
1459 1518 1676 1575 Judaaos
1704 1520 1941 1590 alloque-

344 1603 521 1660 batur.
557 1607 714 1674 Audi,
757 1606 938 1663 caelum
960 1624 980 1673 ;
1008 1619 1060 1662 tu
1086 1609 1228 1663 enim
1259 1625 1450 1664 manna
1498 1609 1757 1665 demisisti
1786 1629 1800 1665 :
1829 1609 1939 1664 Au-

343 1697 481 1751 ribus
509 1699 730 1770 percipe,
778 1710 950 1766 terra;
977 1708 1035 1755 tu
1081 1716 1309 1771 namque
1353 1701 1681 1757 coturnicem
1726 1701 1938 1756 dedisti.

344 1791 502 1860 Audi,
528 1793 730 1859 ctelum,
753 1794 874 1848 audi
903 1812 919 1850 :
951 1803 1004 1850 tu
1029 1795 1171 1850 enim
1193 1809 1384 1849 manna
1408 1794 1668 1850 demisiSti
1686 1811 1702 1861 ;
1722 1803 1776 1849 tu
1796 1795 1940 1849 enim

344 1899 464 1955 quae
489 1901 647 1954 supra
677 1897 919 1941 naturam
941 1897 1094 1943 erant
1114 1888 1401 1942 exhibuisti
1435 1906 1452 1942 :
1478 1903 1690 1943 sursum
1714 1903 1856 1953 eras,
1882 1897 1938 1944 et

342 1990 524 2032 aream
573 1977 886 2034 imitabaris.
945 1979 1165 2034 Auribus
1209 1981 1433 2051 percipe,
1469 1989 1601 2034 terra
1638 1995 1658 2034 :
1703 1988 1758 2034 tu
1799 1981 1940 2037 enim

343 2065 592 2128 deorsum
633 2084 752 2122 eras
781 2109 797 2134 ,
841 2078 895 2123 et
959 2071 1376 2138 extemporalem
1433 2085 1673 2125 mensam
1713 2070 1932 2139 parasti.

343 2157 522 2212 Otiosa
549 2169 659 2213 erat
689 2168 898 2225 natura,
925 2169 976 2213 et
994 2161 1160 2229 gratia
1186 2170 1402 2229 operata
1425 2169 1508 2214 est
1538 2176 1552 2213 ε
1584 2161 1743 2215 boum
1765 2159 1942 2213 nullus

345 2260 463 2305 erat
489 2250 657 2316 labor,
688 2261 742 2306 et
770 2252 913 2321 Spica
943 2251 1341 2321 proferebatur:
1374 2268 1478 2306 non
1506 2267 1795 2322 coquorum
1825 2267 1940 2306 ma-

343 2359 466 2408 nus,
491 2359 598 2398 non
623 2345 829 2413 jussum
860 2345 1046 2400 aderat
1081 2363 1094 2400 :
1122 2345 1216 2400 sed
1255 2361 1450 2400 manna
1477 2345 1637 2399 fontis
1663 2345 1834 2398 sancti
1862 2345 1942 2398 in-

343 2446 456 2506 star
477 2437 715 2492 omnium
745 2438 916 2494 vicem
948 2437 1233 2507 supplebat
1272 2456 1286 2494 :
1319 2446 1503 2492 natura
1535 2437 1763 2507 propria:
1789 2437 1941 2492 infir-

343 2528 545 2594 mitatis
601 2528 1032 2589 obliviscebatur.
1095 2529 1213 2596 Quo
1265 2537 1418 2600 pacto
1479 2529 1720 2598 ipsorum
1767 2538 1944 2587 vestes

343 2618 554 2684 detrita:
579 2635 685 2674 non
712 2620 880 2675 sunt?
908 2620 1186 2686 Quomodo
1205 2622 1440 2696 ipsorum
1457 2622 1817 2677 calceamenta
1837 2638 1942 2676 non

344 2719 470 2783 sunt
493 2719 754 2767 vetustate
775 2713 1128 2781 consumpta?
1159 2714 1348 2768 Omnia
1377 2714 1444 2768 ad
1468 2714 1678 2768 illorum
1705 2713 1945 2770 ministe-

346 2801 485 2865 rium
542 2802 922 2864 inserviebam.
969 2803 1126 2869 Audi,
1173 2803 1376 2871 cwlum,
1408 2812 1455 2859 et
1482 2805 1688 2859 auribus
1722 2806 1940 2876 percipe,

345 2900 501 2957 terra.
531 2892 659 2947 Post
691 2901 768 2962 tot
799 2894 1018 2958 monita,
1047 2904 1166 2965 post
1194 2904 1270 2949 tot
1313 2894 1594 2960 beneficia,
1623 2897 1942 2952 contumelia

347 2982 578 3037 allicitur
607 2984 882 3044 Dominus.
915 2985 1083 3055 Quem
1131 2986 1412 3054 alloquar?
1440 3002 1565 3040 num
1592 2988 1730 3041 vos?
1759 2986 1941 3042 Nemi-

347 3089 470 3127 nem
498 3073 587 3144 qui
613 3075 790 3129 audiat
821 3075 1015 3135 habeo.
1046 3075 1179 3137 Ecce
1196 3077 1328 3144 veni,
1352 3085 1398 3131 et
1420 3079 1592 3132 nullus
1623 3087 1729 3132 erat
1751 3078 1902 3133 homo
1922 3093 1941 3132 :

346 3167 582 3239 loquutus
612 3185 745 3234 sum,
777 3186 869 3223 nec
889 3181 1000 3226 erat
1026 3171 1112 3241 qui
1131 3171 1346 3225 audiret.
1386 3171 1773 3227 lrrationabilia
1803 3171 1943 3226 allo-

344 3272 502 3326 quar,
550 3259 979 3329 quandoquidem
1026 3261 1370 3318 rationabiles
1399 3261 1464 3318 ad
1504 3261 1944 3323 irrationabilium

344 3347 602 3410 vilitatem
626 3350 829 3420 delapsi
855 3361 996 3406 sunt.
1022 3351 1379 3422 Quamobrem
1411 3354 1547 3408 alius
1578 3355 1840 3423 propheta
1866 3355 1944 3409 vi-

343 3439 437 3495 det
464 3441 727 3509 furentem
762 3458 966 3514 regem,
995 3443 1192 3501 idolum
1219 3447 1364 3505 cultu
1401 3445 1742 3511 honoratum,
1775 3447 1942 3502 Deum

341 3535 662 3601 contumelia
693 3535 962 3604 affectum,
1007 3538 1141 3599 alios
1171 3553 1360 3594 omnes
1381 3541 1654 3605 attonitos,
1686 3550 1740 3595 et
1767 3540 1894 3595 dicit
1925 3555 1942 3603 ;

344 3626 482 3679 Audi
523 3645 620 3691 me,
672 3629 851 3693 altare,
903 3630 1028 3682 audi
1068 3647 1146 3691 me
1194 3632 1270 3699 (5,
1322 3629 1450 3701 Reg.
1501 3633 1587 3693 15.
1633 3632 1726 3702 2).
1782 3631 1942 3702 Lapi-

344 3717 468 3788 dem
497 3734 563 3772 ne
590 3719 913 3800 alloqucris?
942 3720 1114 3784 Etiam
1149 3739 1163 3774 :
1187 3721 1620 3792 quandoquidem
1649 3739 1740 3777 rex
1768 3723 1944 3778 minus

342 3820 428 3865 est
470 3825 689 3881 compos
735 3829 1008 3879 Sensuum,
1051 3829 1210 3884 quam
1253 3815 1405 3882 lapis.
1448 3815 1584 3876 Audi
1620 3833 1717 3881 me,
1759 3817 1939 3883 altare,

343 3901 512 3973 audi;
542 3903 650 3956 lucc
673 3904 796 3957 dicit
826 3903 1097 3959 Dominus.
1129 3906 1197 3960 Et
1235 3906 1410 3960 statim
1457 3907 1624 3962 altare
1671 3907 1940 3974 diruptum

342 4002 430 4066 est
462 4013 476 4049 :
504 4005 558 4051 et
577 3996 712 4065 lapis
731 3997 954 4062 audivit,
982 3999 1118 4068 lapis
1141 3999 1385 4068 diruptus
1412 4009 1514 4062 est,
1540 4011 1594 4054 et
1619 3998 1941 4055 sacrificium

342 4082 554 4141 effudit.
588 4086 867 4153 Quomodo
882 4103 987 4142 non
1018 4089 1218 4142 audivit
1239 4089 1434 4143 homo?
1452 4089 1712 4143 Extendit
1728 4105 1942 4145 manum

343 4189 518 4244 suam,
577 4188 632 4232 ut
675 4187 885 4248 raperet
925 4180 1236 4248 prOphetam
1267 4199 1279 4246 ς
1310 4191 1364 4243 et
1411 4181 1536 4251 quid
1581 4180 1705 4236 facit
1761 4181 1944 4238 Deus?

341 4267 581 4338 Arefecit
608 4269 722 4338 ejus
751 4286 988 4338 manum.
1013 4271 1148 4326 Vide
1171 4272 1421 4342 quidnam
1467 4272 1669 4337 fecerit,
1693 4272 1813 4328 vide
1839 4273 1944 4327 Do-

345 4358 480 4412 mini
509 4359 846 4426 clementiam
880 4403 894 4425 ,
927 4371 978 4426 et
1007 4363 1145 4416 servi
1191 4373 1488 4432 peccatum.
1522 4363 1698 4430 Quare
1745 4379 1852 4419 non
1877 4363 1945 4419 ab

340 4447 499 4502 initio
523 4464 737 4504 manum
767 4452 882 4521 ejus
924 4451 1182 4514 arefecit?
1208 4453 1277 4509 Ut
1317 4453 1528 4522 dirupto
1558 4454 1731 4524 lapide
1757 4456 1944 4525 resipi-

342 4549 542 4596 sceret.
576 4541 786 4598 Etenim
839 4543 884 4598 si
917 4544 1048 4615 lapis
1078 4546 1321 4615 diruptus
1347 4563 1453 4608 non
1501 4548 1708 4613 fuisset,
1738 4549 1830 4604 tibi
1854 4564 1946 4618 pe-

345 4631 677 4700 percissem:
728 4635 849 4704 quia
879 4651 1007 4691 vero
1053 4636 1307 4698 discissus
1356 4647 1437 4692 est
1475 4638 1630 4708 lapis,
1679 4647 1733 4700 et
1755 4649 1806 4692 tu
1839 4657 1943 4694 non

344 4723 661 4779 emendatus
700 4741 781 4789 es,
812 4726 944 4780 iram
972 4728 1025 4782 in
1065 4736 1117 4782 te
1143 4729 1421 4791 transfero.
1454 4730 1705 4794 Extendit
1731 4745 1944 4784 manum

345 4819 408 4868 ut
454 4825 666 4884 raperet
711 4817 1048 4887 prophetam,
1085 4830 1138 4874 et
1181 4820 1408 4877 arefacta
1439 4829 1522 4878 est
1571 4837 1779 4883 manus.
1811 4822 1946 4878 Ere-

346 4915 494 4962 ctum
524 4916 638 4962 erat
686 4917 943 4977 tropaeum
978 4928 992 4963 :
1023 4909 1248 4965 aderant
1296 4919 1372 4966 tot
1399 4912 1658 4968 satellites
1685 4922 1739 4967 et
1786 4913 1946 4968 duces

347 4997 646 5062 exercitus,
664 4999 921 5052 auxilium
950 5001 1154 5070 ingens,
1179 5009 1232 5054 et
1254 5016 1466 5055 manum
1489 5003 1605 5072 ejus
1629 5003 1947 5062 contrahere

349 5105 457 5142 non
501 5098 782 5158 poterant;
831 5093 925 5147 sed
955 5093 1126 5148 stabat
1155 5108 1342 5147 manus
1382 5110 1512 5149 voce
1538 5096 1816 5150 declarans
1843 5097 1945 5150 im-

348 5167 561 5248 pietatis
595 5180 1042 5250 prolligationem,
1083 5183 1298 5252 pietatis
1345 5194 1624 5254 tropazum,
1677 5187 1770 5241 Dei
1819 5201 1944 5256 erga

349 5269 599 5340 homines
625 5272 1027 5344 benignitatem,
1061 5275 1203 5330 illius
1227 5275 1508 5329 insaniam.
1539 5277 1605 5345 Et
1634 5277 1778 5332 illam
1813 5292 1944 5332 cou-

353 5361 567 5438 trahere
591 5378 695 5418 non
725 5375 989 5436 poterant.

422 5456 479 5510 4.
505 5453 705 5514 Verum
737 5473 803 5515 ne
832 5460 1054 5517 verbum
1080 5475 1145 5514 ex
1179 5459 1346 5514 verbo
1375 5467 1618 5516 texentes
1647 5460 1945 5530 argumenti

354 5545 754 5617 obliviscamur,
797 5565 894 5622 age
940 5567 1058 5617 qua:
1088 5552 1308 5621 polliciti
1347 5567 1532 5606 sumus
1576 5552 1943 5607 ostendamus.

355 5639 618 5707 Quidnam
651 5642 871 5710 polliciti
908 5659 1093 5698 sumus
1122 5645 1145 5696 2
1172 5645 1324 5712 Quod
1357 5645 1399 5702 si
1426 5647 1546 5716 quis
1584 5645 1852 5701 sexcentis
1879 5645 1950 5700 sit

359 5731 583 5788 affectus
609 5731 940 5798 vulneribus,
968 5735 1438 5806 parnitentiamque
1465 5744 1605 5807 agat,
1650 5746 1702 5790 et
1751 5736 1947 5791 bonum

363 5831 631 5893 operetur,
680 5825 760 5880 sic
796 5840 858 5880 ea
883 5825 1084 5879 delebit
1128 5826 1290 5892 Deus,
1334 5837 1390 5881 ut
1437 5843 1536 5882 nec
1566 5825 1786 5883 cicatrix
1807 5869 1824 5895 ,
1851 5842 1950 5881 nec

307 5976 310 5980 ,
361 5914 663 5995 vemigium.
702 5930 802 5982 nec
848 5915 1097 5986 iudicium.
1136 5917 1374 6003 priurum
1404 5928 1744 5993 peccatorum
1786 5933 1949 5990 appa-

1449 403 1540 460 DE
1581 403 2051 462 ΡιΕΝΙΤΕΝΤΙΑ.
2095 405 2318 463 llO.\llL.
2364 406 2502 464 VIII.

3524 410 3634 466 333

2043 510 2179 556 reat.
2205 501 2331 556 Haec
2357 503 2598 570 promisi,
2631 502 2746 558 huic
2775 502 3151 561 demonsurare
3171 506 3427 564 conabor.
3457 505 3592 560 Audi
3609 546 3628 574 ,

2041 592 2242 657 caelum,
2281 602 2328 648 et
2385 594 2591 649 auribus
2638 611 2840 666 percipe
2875 636 2892 662 ,
2925 607 3080 663 terra,
3111 604 3230 668 quia
3266 597 3514 652 Dominus
3551 598 3630 652 lo-

2041 696 2226 755 quutus
2253 695 2324 740 est
2352 684 2506 755 (Isai.
2530 689 2583 742 1.
2611 687 2666 742 2.
2699 688 2766 741 ad
2794 688 2874 759 4.)
2903 690 2997 744 Dic
3038 689 3190 753 mihi,
3223 689 3350 759 quid
3373 689 3630 759 loquutus

2043 778 2160 832 est?
2189 777 2352 833 Filios
2367 780 2517 850 genui
2545 789 2590 834 et
2621 780 2858 846 exaltaei,
2891 782 2994 852 ipsi
3019 792 3190 835 autem
3211 790 3508 850 spreverunt
3533 798 3634 836 me.

2047 868 2290 938 Cognovit
2311 870 2399 922 bos
2419 886 2778 938 possessorem,
2807 871 3260 927 irrationabilibus
3291 871 3634 926 irrationabi-

2043 961 2244 1018 liores:
2274 971 2321 1016 et
2344 964 2517 1017 asinus
2559 980 2782 1034 prtesepe
2815 963 3008 1019 domini
3042 965 3157 1031 sui,
3189 965 3357 1020 asinis
3391 964 3638 1020 hebetio-
3684 998 3690 1002 -

2044 1069 2153 1108 res.
2183 1053 2351 1108 Israel
2374 1065 2541 1109 autem
2572 1072 2650 1108 me
2675 1072 2778 1109 non
2807 1057 3056 1126 cognovit,
3099 1065 3144 1109 et
3182 1055 3402 1127 populus
3431 1070 3634 1109 menon

2045 1147 2312 1202 intellexit.
2353 1146 2443 1202 Va:
2469 1148 2608 1218 genti
2647 1149 2930 1217 peccatrici.
2983 1147 3110 1210 Cur,
3141 1147 3332 1218 inquit,
3375 1147 3515 1201 nulla
3553 1153 3638 1201 est

2044 1253 2170 1309 spes
2194 1238 2379 1293 salutis
2397 1239 2420 1291 ?
2441 1239 2553 1304 Qua
2575 1238 2645 1293 de
2671 1253 2830 1293 causa
2855 1237 3008 1306 dicis,
3035 1237 3160 1293 Vw?
3185 1238 3318 1305 Quia
3355 1252 3464 1292 non
3487 1237 3636 1292 inve-

2048 1333 2139 1389 nio
2161 1333 2444 1389 medelam.
2476 1333 2589 1401 Qua
2620 1335 2689 1389 de
2710 1349 2868 1388 causa
2885 1333 3040 1396 dicis,
3083 1331 3212 1387 Var?
3242 1331 3373 1400 Quia
3397 1330 3637 1386 medica-

2046 1437 2227 1483 menta
2254 1427 2502 1490 adhibui,
2535 1442 2635 1481 nec
2669 1427 2833 1482 cessit
2853 1426 3001 1481 ulcus
3031 1427 3045 1478 !
3085 1426 3208 1480 ideo
3251 1438 3468 1479 aversus
3496 1437 3636 1477 sum.

2048 1520 2185 1588 Quid
2214 1520 2342 1574 mihi
2368 1520 2526 1589 igitur
2547 1519 2848 1574 faciendum
2879 1527 2963 1574 est
2989 1519 3013 1572 ?
3040 1518 3156 1573 Non
3177 1516 3429 1571 laborabo
3452 1523 3510 1570 ut
3535 1528 3635 1569 cu-

2046 1628 2184 1668 rem.
2215 1611 2304 1666 Va:
2334 1612 2356 1666 !
2393 1611 2667 1666 Mulierem
2710 1618 3060 1680 repraesentat
3093 1609 3475 1664 lamentantem
3512 1624 3527 1661 :
3582 1615 3637 1660 et

2049 1702 2185 1758 bene
2209 1702 2354 1758 facit.
2371 1703 2641 1766 Animum,
2661 1717 2863 1770 quzeso,
2890 1701 3022 1755 mihi
3052 1699 3306 1754 adhibete
3331 1698 3638 1768 diligenter.

2059 1793 2169 1859 γω,
2199 1795 2414 1865 quare?
2453 1795 2587 1860 Quia
2628 1794 2856 1862 idipsum
2885 1794 2938 1847 in
2966 1791 3282 1862 corporibus
3322 1791 3433 1844 fieri
3480 1789 3641 1843 solet.

2047 1885 2182 1942 Cum
2199 1887 2341 1941 enim
2368 1885 2561 1940 viderit
2584 1885 2821 1940 medicus
2840 1899 3038 1954 aegrum
3058 1882 3258 1936 nullam
3285 1881 3472 1935 salutis
3490 1893 3642 1947 spem

2049 1977 2354 2044 habentem,
2381 1978 2705 2047 lacrymatur
2729 1985 2818 2033 :et
2843 1973 3120 2030 domestici
3153 1981 3208 2027 et
3227 1972 3414 2026 affines
3438 1969 3645 2041 ejulant

2049 2079 2206 2138 atque
2228 2070 2608 2136 lamentantur,
2637 2068 2734 2124 sed
2763 2067 2959 2122 frustra
2992 2067 3244 2135 nulloque
3286 2065 3459 2118 fructu
3484 2081 3498 2116 :
3528 2079 3644 2118 mo-

2049 2161 2274 2215 riturum
2318 2162 2461 2215 enim
2510 2176 2578 2216 ne
2630 2159 2860 2214 mundus
2912 2158 3126 2228 quidem
3169 2165 3310 2211 totus
3355 2155 3643 2225 deplorans

2051 2253 2323 2310 excitabit.
2354 2255 2604 2308 Planctus
2634 2268 2763 2323 ergo
2791 2253 2880 2307 ille
2905 2252 2971 2305 ad
2995 2252 3196 2305 luctum
3221 2250 3389 2315 valet,
3421 2264 3529 2302 non
3576 2246 3644 2303 ad

2049 2345 2453 2400 restaurandam
2471 2346 2775 2400 sanitatem.
2808 2343 2975 2398 Secus
2991 2352 3170 2396 autem
3192 2341 3244 2395 in
3272 2341 3448 2395 anima
3474 2357 3488 2394 :
3518 2355 3642 2394 nam

2051 2435 2096 2490 si
2124 2434 2356 2500 ﬂeveris,
2381 2451 2524 2503 srepe
2547 2434 2797 2503 eum,qui
2825 2434 3000 2487 anima
3031 2443 3274 2486 mortuus
3304 2439 3414 2496 est,
3442 2430 3645 2485 excita-

2051 2525 2153 2581 bis.
2194 2525 2408 2592 Quare?
2449 2527 2581 2592 Quia
2628 2540 2824 2594 corpus
2868 2534 3139 2578 mortuum
3180 2523 3231 2576 vi
3279 2522 3508 2576 humana
3537 2536 3644 2574 non

2053 2619 2340 2684 excitatur,
2387 2618 2563 2672 anima
2591 2632 2720 2674 vero
2747 2626 2956 2670 mortua
2982 2615 3318 2670 correctione
3359 2612 3644 2667 excitatur.

2053 2711 2280 2780 Respice
2311 2711 2678 2773 fornicarium,
2703 2720 2755 2764 et
2781 2710 2951 2779 plora,
2980 2722 3231 2777 saepeque
3259 2706 3404 2759 illum
3443 2704 3647 2759 excita-

2051 2805 2154 2861 bis.
2177 2803 2409 2873 Ideoque
2437 2803 2631 2858 Paulus
2657 2817 2763 2856 non
2812 2800 3082 2855 scribebat
3123 2811 3179 2853 et
3207 2795 3528 2852 admonebat
3553 2808 3647 2849 so-

2052 2898 2160 2954 lum
2193 2937 2210 2964 ,
2259 2897 2356 2951 sed
2383 2895 2542 2950 etiam
2570 2911 2690 2950 cum
2739 2891 2991 2964 lacrymis
3017 2899 3072 2946 et
3101 2890 3354 2960 lamentis
3388 2886 3646 2942 hortaba-

2058 2999 2146 3044 tur
2175 3003 2630 3058 unumquemque.
2663 2987 2793 3040 Esto
2813 2986 3124 3048 admoneas,
3145 2999 3242 3038 cur
3256 2983 3414 3036 etiam
3443 2979 3648 3050 ploras?

2054 3079 2125 3136 Ut
2153 3079 2198 3134 si
2227 3095 2332 3133 non
2360 3079 2533 3132 valeat
2557 3076 2874 3140 admonitio,
2901 3075 3225 3129 auxilientur
3251 3073 3523 3142 lacrymae.
3554 3069 3647 3124 Sic

2054 3181 2108 3228 et
2140 3171 2397 3241 propheta
2430 3171 2770 3223 lamentatur.
2805 3168 3060 3222 Dominus
3089 3166 3215 3221 item
3244 3173 3428 3220 noster
3452 3162 3640 3216 videns

2053 3264 2352 3334 proximam
2379 3261 2728 3334 Jerosolyma:
2756 3259 2965 3313 ruinam
2996 3258 3126 3313 dicit
3151 3275 3165 3311 :
3193 3256 3504 3320 Jerusalem,
3527 3267 3644 3323 qua:

2053 3356 2240 3410 occidis
2297 3355 2596 3424 prophetas,
2643 3362 2690 3408 et
2730 3352 2928 3423 lapidas
2961 3368 3045 3405 eos
3089 3351 3178 3420 qui
3204 3350 3272 3402 ad
3292 3359 3339 3402 te
3364 3347 3503 3402 missi
3532 3354 3647 3400 sunt

2055 3445 2075 3518 (
2105 3446 2293 3501 Matth.
2322 3446 2418 3502 25.
2439 3445 2552 3515 57).
2585 3444 2780 3501 Urbem
2815 3443 3103 3514 compellat
3139 3442 3246 3512 jam
3287 3442 3511 3510 lapsam,
3544 3437 3644 3495 ho»

2055 3539 2360 3609 mincmque
2413 3539 2681 3607 lugentem
2723 3536 2978 3590 imitatur.
3033 3533 3300 3604 Pr0pheta
3352 3547 3515 3593 vero,
3553 3529 3663 3585 Va.

2053 3631 2191 3701 genti
2234 3629 2498 3700 peccatrici
2524 3670 2538 3692 ,
2573 3626 2761 3698 papula
2813 3627 2960 3696 pleno
3009 3625 3226 3694 peccatis
3259 3622 3278 3696 (
3305 3621 3559 3678 Isai.1.4
3583 3622 3601 3691 )
3627 3639 3649 3676 :

2054 3721 2184 3778 nihil
2214 3721 2373 3776 habet
2393 3737 2580 3775 sanum
2603 3735 2796 3790 corpus
2826 3718 2973 3773 illud.
2999 3718 3242 3773 Vidistin‘
3261 3732 3354 3772 eos
3379 3715 3650 3772 ulceribus

2053 3813 2289 3882 plenos?
2319 3813 2513 3866 Semini
2535 3828 2768 3877 nequam,
2793 3813 2983 3880 populo
3030 3809 3177 3880 pleno
3223 3809 3460 3878 peccatis.
3515 3805 3644 3872 Cur,

2053 3920 2257 3974 qumso,
2285 3903 2629 3958 lamentatis?
2665 3901 3019 3970 Dercliquistis
3053 3899 3327 3952 Dominum
3349 3941 3361 3961 ,
3395 3907 3439 3950 et
3466 3898 3643 3951 irrita-

2053 3995 2142 4048 stis
2170 3995 2417 4050 Sanctum
2438 3992 2622 4048 Israel.
2655 3992 2791 4058 Quid
2817 3992 2950 4044 ultra
2978 3989 3327 4060 percutiamini
3361 3987 3522 4056 (Ibid.
3547 3987 3604 4058 5)
3621 3988 3647 4042 τ

2053 4085 2168 4152 Qua
2195 4101 2290 4140 vos
2317 4085 2467 4155 plaga
2501 4084 2722 4138 feriam?
2749 4082 2963 4138 famene
2993 4097 3058 4136 an
3090 4092 3239 4151 peste
3262 4081 3286 4133 ?
3315 4079 3486 4134 Omne
3514 4094 3646 4149 snp-

2053 4181 2196 4249 plicii
2237 4195 2406 4250 genus
2454 4178 2708 4245 accessit,
2737 4185 2791 4231 et
2834 4175 3066 4245 nequitia
3112 4183 3288 4229 vestra
3329 4181 3646 4241 consumpta

2055 4290 2162 4329 non
2210 4283 2294 4329 est
2349 4291 2362 4328 :
2409 4271 2661 4326 Addentes
2711 4268 3170 4339 prtevaricationes.
3215 4267 3376 4320 Omne
3415 4273 3566 4334 caput
3592 4263 3648 4318 in

2055 4366 2298 4432 laborem,
2337 4373 2387 4418 et
2414 4381 2561 4418 omne
2607 4381 2694 4416 cor
2719 4364 2771 4416 in
2798 4363 3054 4416 tristitiam
3077 4378 3095 4416 :
3121 4378 3220 4414 non
3252 4369 3325 4414 est
3352 4360 3524 4430 plaga,
3543 4376 3645 4412 non

2054 4460 2268 4514 cicatrix
2295 4457 2455 4524 (Ibid.
2479 4457 2554 4525 ϐ).
2581 4457 2688 4510 Res
2714 4470 2847 4508 nova
2866 4455 2906 4507 ί.
2931 4454 3094 4507 Paulo
3123 4461 3246 4507 ante
3276 4451 3490 4506 dicebas
3513 4467 3526 4502 :
3550 4449 3650 4504 Se-

2055 4568 2167 4604 men
2188 4566 2401 4618 nequam
2427 4589 2442 4614 ,
2471 4547 2568 4616 ﬁlii
2593 4547 2772 4618 iniqui,
2807 4545 3139 4615 dereliquistis
3186 4542 3478 4608 Dominum,
3505 4549 3551 4594 et
3572 4544 3648 4594 ir-

2055 4645 2244 4698 ritastis
2267 4643 2512 4697 Sanctum
2538 4639 2722 4703 Israel;
2740 4649 2812 4706 et,
2839 4637 2931 4693 Vae
2945 4638 3081 4709 genti
3110 4636 3392 4708 peccatrici.
3422 4633 3652 4689 Lamen-

2059 4737 2206 4797 taris,
2237 4737 2389 4803 luges
2413 4775 2429 4799 ,
2483 4733 2725 4803 quereris
2753 4773 2768 4796 ,
2797 4732 3015 4786 vulnera
3058 4744 3342 4793 recenses;
3371 4735 3427 4781 et
3455 4724 3651 4780 deinde

2058 4827 2213 4891 dicis,
2247 4825 2426 4895 Neque
2473 4826 2688 4887 vulnus,
2721 4839 2879 4893 neque
2917 4821 3169 4876 cicatrix?
3197 4818 3446 4874 Attende.
3499 4817 3651 4870 Tunc

2057 4917 2250 4971 vulnus
2277 4917 2508 4971 efficitur
2532 4959 2548 4983 ,
2580 4931 2700 4971 cum
2753 4915 2857 4968 alia
2883 4911 3124 4980 corporis
3166 4918 3318 4979 parte
3348 4906 3597 4962 lncolmni
3631 4945 3650 4974 ,

2059 5025 2161 5064 una
2189 5009 2431 5078 corporis
2457 5023 2582 5078 pars
2626 5021 2788 5062 sensu
2841 5004 3094 5059 destituta
3138 5011 3317 5057 manet
3363 5017 3378 5054 :
3410 4999 3496 5056 hic
3519 5015 3652 5055 vero

2059 5101 2220 5165 dicit,
2250 5110 2416 5156 totum
2447 5113 2642 5166 corpus
2669 5111 2791 5151 esse
2831 5095 3027 5148 vulnus
3056 5110 3071 5146 :
3103 5091 3284 5163 Neque
3312 5089 3524 5157 uulnus,
3559 5108 3650 5145 ne-

2059 5209 2154 5262 que
2175 5191 2404 5254 cicatrix,
2438 5202 2600 5258 neque
2629 5188 2781 5258 plaga
2809 5197 3037 5250 tumens;
3055 5185 3150 5240 sed
3180 5201 3209 5239 a
3238 5183 3461 5254 pedibus
3482 5197 3653 5253 usque

2059 5283 2124 5336 ad
2148 5291 2306 5350 caput
2340 5295 2445 5334 non
2481 5287 2656 5349 potest
2682 5279 2881 5347 imponi
2915 5277 3212 5332 fomentum
3244 5319 3258 5341 ,
3291 5291 3400 5330 non
3440 5274 3640 5337 oleum,

2059 5391 2166 5429 non
2220 5373 2492 5444 ligamina.
2547 5371 2704 5425 Terra
2734 5379 2893 5425 vestra
2935 5369 3150 5434 deserta,
3201 5369 3424 5422 civitates
3477 5376 3650 5420 vestra

2059 5483 2310 5522 succensa:
2338 5467 2466 5537 igni,
2496 5467 2726 5536 regiones
2751 5473 2942 5518 vestras
2981 5464 3139 5517 alieni
3167 5461 3435 5515 comedunt
3465 5461 3482 5529 (
3513 5458 3645 5512 Ibid.

2062 5560 2137 5628 7).
2172 5557 2298 5613 Haec
2327 5556 2506 5612 omnia
2544 5555 2668 5623 feci,
2699 5565 2754 5611 et
2773 5571 2870 5610 vos
2913 5571 3020 5609 non
3063 5553 3364 5621 resipuistis
3391 5566 3406 5606 :
3435 5565 3651 5605 omnem

2061 5649 2279 5704 adhibui
2305 5658 2472 5703 artem
2497 5687 2513 5714 ,
2541 5654 2597 5702 et
2619 5660 2764 5717 aager
2808 5654 3052 5702 mortuus
3097 5651 3296 5698 manet.
3330 5640 3527 5708 Venite,
3556 5657 3652 5694 au-

2063 5742 2166 5796 dite
2188 5740 2392 5794 verbum
2432 5738 2642 5794 Domini
2665 5779 2681 5804 ,
2711 5738 2960 5808 principes
2991 5734 3335 5791 Sodomorum
3359 5744 3406 5788 et
3434 5729 3650 5787 Gomor-

2065 5834 2191 5888 r/ue.
2247 5832 2360 5899 Quo
2400 5832 2525 5884 mihi
2577 5829 2946 5884 multitudinem
3004 5827 3317 5882 victinmrum
3368 5834 3658 5882 vestrarum

2125 5929 2139 5958 '
2176 5926 2248 5976 sic
2270 5922 2410 5974 savil.
2433 5931 2485 5976 Al
2503 5921 2685 5980 March,
2710 5931 2788 5970 res
2813 5930 2947 5968 vane.
