4100 6430
523 394 631 453 διε
1272 394 1331 440 8.
1374 394 1655 440 suam“:
1685 394 2122 436 υηιςιδυδ-ιυα

529 480 917 557 (IsaiJJO)?
957 476 1097 549 Quid
1145 475 1337 548 igitur?
1389 472 1763 531 Sodomitasne
1789 467 2122 540 alloquitur?

529 571 996 647 Nequaquam,sed
1009 569 1226 626 Judteos
1239 566 1544 623 Sodomitas
1567 563 1824 634 appellat.
1856 559 2119 628 Quoniam

531 672 672 726 enim
693 681 886 722 eorum
919 677 1100 718 mores
1129 659 1478 715 imitabantur
1496 699 1513 723 ,
1544 671 1732 714 eorum
1762 653 1895 723 ipsis
1924 667 2120 708 nomen

531 761 780 834 imponit.
809 757 1005 820 Venite,
1037 755 1211 810 audite
1239 753 1442 808 verbum
1470 750 1697 814 Domini,
1731 748 1985 819 principes
2015 745 2122 801 So-

531 858 797 911 domorum
821 859 868 905 et
898 848 1218 904 Gomorrae.
1246 845 1360 909 Quo
1385 842 1511 895 mihi
1556 839 1932 894 multitudinem
1975 837 2120 890 victi-

532 962 730 1001 marum
759 952 1037 998 vestrarum
1064 940 1090 994 ?
1139 938 1262 991 dicit
1310 935 1582 990 Dominus.
1615 931 1807 986 Plenus
1835 947 1945 984 sum
1973 929 2100 986 nolo

533 1039 727 1092 caustis
751 1036 964 1090 arietum
985 1075 1000 1100 ,
1027 1041 1074 1086 et
1102 1030 1309 1100 adipem
1352 1043 1601 1101 agnorum
1631 1025 1769 1079 nolo.
1801 1024 1862 1079 Si
1897 1020 2125 1089 offeratis

538 1133 661 1186 mihi
689 1131 927 1193 similam,
959 1143 1142 1182 vanum
1168 1141 1188 1180 :
1220 1123 1496 1194 thymiama
1522 1119 1825 1174 abaminatio
1861 1126 1933 1171 est
1960 1116 2122 1169 mihi:

535 1223 824 1280 neontenias
849 1213 1039 1275 uestras
1060 1228 1104 1272 et
1131 1217 1338 1272 sabbata
1365 1214 1472 1268 odit
1501 1213 1672 1266 anima
1692 1227 1801 1264 mea
1830 1227 1849 1264 :
1869 1209 2124 1282 jejunium

541 1327 588 1370 et
611 1316 744 1369 diem
775 1330 1016 1384 magnum
1043 1328 1145 1365 non
1167 1310 1296 1380 fero.
1327 1307 1455 1363 Cum
1485 1305 1803 1360 extenderitis
1841 1318 2024 1355 manus
2044 1316 2128 1354 tte-

528 1417 668 1461 stras
711 1405 780 1457 ad
821 1420 900 1458 me
922 1444 938 1468 ,
974 1412 1200 1455 avertam
1242 1398 1414 1453 oculos
1441 1414 1574 1451 meos
1601 1413 1632 1449 a
1657 1395 1795 1450 vobis
1822 1393 1984 1463 (Ibid.
2028 1394 2127 1448 l5-

539 1498 838 1566 15).Estne
869 1496 944 1549 ira
978 1494 1101 1548 huic
1126 1491 1391 1561 aequalis?
1426 1489 1691 1558 Propheta
1735 1487 1925 1541 czclum
1961 1485 2126 1540 advo—

536 1601 644 1656 cat,
675 1590 996 1644 lamentatur
1019 1629 1036 1655 ,
1073 1586 1258 1655 ejulat,
1291 1585 1482 1653 plorat,
1511 1583 1747 1651 dicitque
1772 1581 1882 1646 illi,
1910 1578 2031 1634 Non
2061 1587 2132 1635 ed

533 1681 740 1742 vulnus.
787 1697 888 1733 non
917 1687 990 1732 est
1015 1677 1271 1731 cicatrix:
1307 1675 1446 1730 Deus
1487 1674 1777 1737 irascitur,
1824 1687 1930 1726 non
1971 1671 2135 1726 susci-

537 1776 615 1846 pit
639 1775 931 1838 victimam,
957 1786 1063 1825 non
1116 1769 1476 1835 ncomeniam,
1520 1783 1625 1822 non
1677 1765 1991 1829 sabbatum,
2025 1778 2132 1818 non

537 1869 792 1930 similam,
825 1883 932 1920 non
963 1865 1283 1928 orationem,
1314 1877 1422 1916 non
1451 1876 1701 1915 manuum
1722 1859 2113 1913 extensionem.

549 1957 796 2012 Vidistin‘
819 1957 970 2010 ulcus
989 1959 1013 2007 ‘t
1056 1954 1292 2010 vidistin”
1314 1953 1557 2008 morbum
1604 1949 1955 2005 incurabilem
1981 1989 1996 2015 ,
2026 1960 2134 2002 non

541 2048 720 2116 unius,
751 2063 854 2102 non
883 2047 1111 2101 duorum
1133 2089 1146 2110 ,
1177 2060 1287 2100 non
1309 2045 1522 2110 decem,
1546 2042 1642 2098 sed
1687 2041 1978 2097 multorum
2017 2037 2138 2094 mil-

551 2141 685 2195 lium
716 2139 900 2206 ?Quid
931 2139 1092 2208 igitur
1137 2146 1324 2208 postea
1353 2137 1376 2191 ?
1412 2134 1680 2190 Labantini
1703 2175 1718 2195 ,
1764 2131 1944 2186 mundi
1985 2138 2138 2186 estote

543 2234 563 2306 (
599 2233 737 2286 Ibid.
773 2232 840 2286 16
864 2232 903 2300 ).
946 2230 1082 2285 Num
1130 2238 1214 2284 est
1260 2237 1538 2300 peccatum
1567 2240 1666 2298 pro
1693 2240 1798 2295 quo
1827 2224 1897 2278 sit
1946 2222 2137 2292 despe-

541 2323 815 2380 randum?
843 2322 959 2392 ipse
991 2321 1248 2376 Dominus
1275 2361 1291 2389 ,
1319 2319 1409 2391 qui
1447 2318 1574 2374 dicit
1593 2337 1620 2386 ,·
1646 2316 1762 2372 Non
1802 2314 1962 2371 audio
1996 2329 2134 2380 vos;

554 2415 686 2470 dicit
715 2416 898 2476 etiam.
926 2413 1213 2468 Lavamini.
1269 2414 1352 2469 Ad
1383 2412 1509 2483 quid
1557 2413 1672 2467 haec
1702 2411 1936 2480 loqueris
1964 2409 1990 2463 ?
2029 2407 2139 2462 Cur

543 2509 643 2562 ista
671 2508 694 2560 ?
721 2509 879 2562 amho
909 2519 1032 2561 sunt
1061 2506 1211 2560 utilia
1243 2523 1256 2560 :
1291 2506 1379 2560 illa
1408 2546 1424 2569 ,
1450 2514 1510 2559 ut
1553 2514 1784 2560 terream
1813 2518 1827 2567 ;
1883 2500 1999 2554 hmo
2033 2541 2048 2564 ,
2079 2504 2138 2552 ul.

545 2601 834 2657 attraham.
875 2600 930 2656 Si
984 2615 1090 2654 non
1118 2599 1271 2654 audis
1309 2599 1431 2653 illos
1455 2640 1470 2661 ,
1503 2612 1652 2668 spem
1695 2596 1883 2651 salutis
1912 2608 2016 2647 non
2046 2593 2142 2646 ha-

546 2695 715 2750 bent:
747 2695 791 2749 si
819 2709 968 2764 spem
1015 2694 1202 2748 salutis
1231 2709 1336 2748 non
1366 2694 1564 2748 habent
1592 2733 1608 2757 ,
1639 2706 1734 2747 cur
1762 2690 1895 2744 dicis
1921 2730 1937 2754 ,
1976 2687 2140 2741 Lava-

546 2787 670 2841 mini
703 2787 727 2840 ?
759 2786 954 2840 Verum
983 2787 1140 2840 Pater
1161 2795 1244 2840 est
1272 2786 1499 2840 ﬁliorum
1522 2799 1728 2850 amans,
1751 2783 1898 2838 solus
1928 2784 2096 2837 bonus
2119 2821 2136 2846 ,

553 2877 673 2946 plus
695 2891 854 2947 quam
890 2886 1040 2946 pater
1068 2875 1135 2930 ad
1166 2875 1690 2930 commiserationem
1721 2888 1942 2944 pronus.
1985 2872 2057 2927 Et
2082 2880 2142 2927 ut

550 2967 732 3022 discas
761 2969 933 3037 ipsum
960 2981 1080 3021 esse
1106 2975 1336 3037 patrem,
1367 2966 1442 3020 ait
1471 2965 1596 3030 illis,
1617 2965 1756 3030 Quid
1780 2966 1968 3036 faciam
1997 3004 2010 3026 ,
2037 2961 2142 3016 Ju-

547 3067 614 3118 da
641 3064 666 3117 ?
692 3064 774 3117 Au
803 3063 982 3118 nescis
1014 3062 1146 3133 quid
1189 3062 1423 3117 facturus
1458 3062 1574 3118 sis?
1621 3061 1752 3117 Novi
1808 3064 1964 3131 plane
1990 3102 2004 3125 ,
2048 3058 2144 3115 sed

550 3155 712 3211 nolo:
744 3155 910 3225 exigit
937 3166 1276 3225 peccatorum
1313 3163 1524 3221 natura,
1554 3153 1647 3210 sed
1675 3153 1889 3209 cohibet
1909 3153 2144 3207 clemen-

547 3249 636 3304 tiae
658 3248 984 3318 magnitudo.
1013 3248 1150 3314 Quid
1201 3248 1388 3302 faciam
1423 3247 1563 3303 tibi?
1591 3261 1878 3316 parcamne
1924 3244 2054 3299 tibi?
2091 3251 2148 3298 at

545 3342 763 3412 segnior
788 3341 1003 3398 evades.
1030 3341 1298 3397 Ultionem
1325 3341 1392 3396 de
1422 3349 1479 3396 te
1507 3339 1761 3395 sumam?
1809 3339 1903 3393 sed
1948 3338 1998 3392 id
2037 3352 2145 3391 non

551 3435 749 3503 patitur
777 3435 1058 3489 clementia
1084 3449 1223 3488 mea.
1250 3433 1388 3502 Quid
1416 3433 1607 3488 faciam
1639 3433 1772 3488 tibi?
1799 3448 1868 3487 an
1892 3441 1948 3485 ut
1970 3430 2144 3486 Sodo-

549 3539 695 3580 mam
732 3534 785 3578 te
828 3541 1023 3594 ponam
1049 3567 1064 3592 ,
1111 3527 1195 3580 vel
1239 3535 1296 3580 ut
1341 3523 1699 3580 Gomorrham
1753 3532 1990 3578 evertam
2046 3519 2147 3576 te?

553 3617 885 3672 Conversum
913 3627 994 3672 est
1024 3632 1118 3670 cor
1162 3632 1360 3670 meum.
1395 3615 1602 3670 Aliectu
1630 3615 1745 3669 licet
1778 3627 1977 3668 vacuus
2001 3655 2015 3676 ,
2044 3611 2148 3667 ho-

554 3707 754 3762 minem
783 3708 974 3762 allectu
1021 3707 1302 3777 przeditum
1349 3707 1630 3772 imitatur;
1661 3707 1771 3760 imo
1821 3705 1996 3774 potius
2036 3719 2152 3759 ma-

550 3807 686 3852 trem
717 3798 881 3868 prolis
927 3807 1220 3853 amantem.
1241 3798 1572 3853 Conversum
1597 3807 1679 3852 est
1718 3812 1816 3852 cor
1845 3811 2056 3863 meum;
2086 3811 2150 3852 ac

555 3907 596 3918 υ

553 3988 638 4031 DE
683 3987 1128 4044 ΡΟΕΝΙΤΕΝΤῙΔ,
1174 3987 1258 4029 ΕΤ
1299 3987 1384 4028 DE
1440 3984 1521 4028 118
1565 3984 1674 4037 QUI
1722 3989 1760 4028 Δ
1805 3983 2142 4028 αοιιιῑοτιέ

2249 3984 2610 4042 Βπυπηυπτ,

1272 382 1331 440 8.
1374 375 1655 440 JOANMS
1685 374 2165 436 CHRYSOSTOMI
2205 371 2523 431 ABCHIEP.
2564 367 3101 429 CONSTANTINOP.

3700 378 3797 436 ω

2231 487 2277 545 si
2313 486 2458 542 dicat
2483 487 2674 542 mulier
2701 487 2770 542 de
2801 503 2986 558 puero,
3017 487 3348 542 Conversum
3377 495 3462 540 est
3504 500 3598 542 cor
3637 503 3798 546 meum

2225 588 2468 636 materno
2495 593 2664 635 more.
2697 579 2765 634 At
2796 585 2900 634 non
2927 579 3056 633 satis
3083 577 3266 633 habuit
3287 577 3469 649 priora
3493 579 3576 633 illa
3594 579 3799 651 dixisse,

2225 671 2345 734 sed,
2393 669 2651 724 Turbatus
2676 685 2786 724 sum
2815 669 2867 723 in
2897 670 3189 742 pauitantia
3233 685 3342 724 mea
3376 668 3397 741 (
3425 667 3552 725 Osee
3621 665 3700 728 Hi.
3730 675 3794 745 8).

2233 762 2446 816 Deusne
2473 755 2964 816 turbatur?Absit.
3016 759 3222 815 Numen
3270 760 3588 816 turbationis
3629 779 3801 834 expers

2228 863 2310 909 est
2336 871 2351 919 ;
2383 853 2499 919 sed,
2535 861 2591 909 ut
2615 853 2724 924 jam
2751 854 2886 920 dixi,
2920 863 3161 908 nostrum
3195 853 3446 924 loquendi
3477 871 3672 911 morem
3697 857 3802 911 iml-

2229 953 2390 1001 tatur.
2421 945 2749 1000 Conversum
2801 955 2882 1000 est
2921 960 3014 1000 cor
3049 961 3263 1010 meum;
3312 946 3596 1014 Lavamini,
3647 946 3806 1002 mundi

2230 1047 2404 1094 estote.
2433 1036 2568 1105 Quid
2610 1052 2727 1091 smn
2767 1037 2920 1091 vobis
2951 1036 3260 1107 pollicitus?
3284 1036 3438 1104 Quod
3469 1049 3761 1108 peccatores
3788 1077 3804 1104 ,

2229 1131 2388 1185 etiam
2433 1129 2697 1184 sexcentis
2726 1137 2947 1184 onustos
2973 1131 3206 1200 peccatis
3231 1171 3246 1196 ,
3300 1129 3667 1200 ulceribusque
3705 1129 3808 1201 ple.

2233 1237 2350 1287 nos,
2382 1221 2426 1276 si
2461 1221 2828 1290 pmnitcntiam
2858 1230 3056 1292 agant,
3088 1221 3226 1276 Deus
3255 1228 3536 1290 susceptos
3561 1223 3627 1275 ita
3652 1229 3805 1291 curet,

2233 1323 2289 1368 ut
2321 1329 2389 1368 ne
2419 1314 2702 1384 vestigium
2735 1355 2749 1380 ,
2781 1321 2840 1368 ut
2891 1327 2959 1367 ne
3002 1312 3302 1368 cicatricem
3327 1354 3344 1380 ,
3378 1321 3436 1366 ut
3481 1328 3548 1368 ne
3578 1312 3809 1368 indicium

2233 1407 2446 1478 quidem
2473 1416 2814 1478 peccatorum
2838 1405 3119 1476 relinquat.
3145 1403 3430 1470 Lavamini,
3456 1405 3630 1459 mundi
3651 1414 3808 1470 estote,

2235 1500 2430 1567 auferte
2457 1499 2702 1570 nequitias
2750 1507 2941 1551 vestras
2983 1497 3044 1550 ab
3071 1497 3338 1551 animabus
3385 1497 3561 1551 vestris
3595 1513 3614 1552 :
3653 1496 3813 1552 discite

2235 1594 2357 1647 bene
2382 1595 2546 1660 facere
2574 1594 2593 1662 (
2627 1590 2753 1646 Isai.
2787 1591 2836 1645 1.
2871 1590 2954 1645 16.
2988 1588 3095 1660 17).
3126 1589 3194 1644 Ει
3221 1589 3348 1658 quid
3381 1588 3505 1642 boni
3557 1587 3812 1658 pra‘cipis?

2233 1681 2470 1735 Judicate
2519 1682 2804 1751 pupillum,
2847 1690 2894 1734 et
2915 1681 3198 1752 justi/irate
3239 1679 3470 1733 viduam.
3515 1679 3626 1734 Non
3655 1679 3813 1750 gravia

2239 1783 2506 1842 prtecepta
2561 1783 2704 1838 smn,
2758 1771 2852 1826 scd
2882 1771 2947 1825 ad
2972 1785 3090 1840 qua:
3137 1779 3322 1824 natura
3353 1771 3468 1838 ipsa
3513 1784 3672 1838 prona
3719 1769 3813 1822 sit:

2237 1865 2446 1920 mulieri
2469 1865 2610 1919 enim
2642 1866 2890 1919 convenit
2913 1863 3300 1918 misericordia.
3343 1863 3410 1918 Et
3436 1864 3612 1929 venite,
3643 1871 3688 1916 et
3715 1863 3809 1917 dis-

2238 1956 2530 2028 ceptemus(
2562 1955 2700 2014 Ibid.
2727 1957 2792 2012 18
2816 1955 2857 2028 ).
2910 1956 3047 2012 Dicit
3085 1956 3363 2022 Dominus,
3389 1955 3651 2011 modicum
3677 1953 3815 2024 quid-

2240 2053 2384 2123 piam
2415 2053 2572 2107 facile
2596 2095 2611 2118 ,
2634 2064 2684 2108 et
2714 2061 2816 2123 ego
2841 2052 2984 2124 quod
3011 2053 3272 2122 reliquum
3323 2060 3410 2106 est
3456 2049 3643 2105 addam
3673 2065 3685 2100 :
3711 2046 3816 2102 exi-

2239 2158 2402 2215 guum
2423 2143 2619 2215 aliquid
2642 2143 2768 2198 mihi
2795 2143 2939 2211 date,
2970 2153 3023 2198 et
3045 2153 3214 2199 totum
3243 2157 3343 2212 ego
3372 2142 3684 2213 impertiam.
3723 2137 3814 2192 Vc-

2241 2238 2364 2292 nite.
2395 2236 2637 2304 Quonam
2663 2237 2962 2292 abeamus?
3015 2236 3097 2291 Ad
3145 2251 3252 2300 me,
3293 2250 3453 2307 quem
3485 2231 3811 2304 provocastis,

2241 2343 2399 2399 quem
2428 2327 2704 2394 irritastis;
2728 2327 2794 2382 ad
2823 2342 2910 2382 me
2935 2327 3024 2398 qui
3049 2326 3190 2392 dico,
3217 2324 3340 2380 Non
3366 2325 3523 2379 audio
3549 2339 3652 2387 vos,
3673 2328 3726 2375 ut
3747 2321 3817 2374 in-

2243 2421 2626 2476 terminatione
2651 2421 2922 2492 perterriti
2948 2463 2963 2487 ,
2999 2420 3130 2474 iram
3173 2418 3397 2474 sedetis.
3426 2415 3615 2472 Venite
3639 2413 3699 2468 ad
3721 2426 3815 2466 non

2245 2511 2551 2567 audientem
2582 2553 2598 2580 ,
2629 2523 2687 2567 ut
2713 2511 2914 2566 audiat.
2965 2511 3034 2566 Et.
3073 2510 3198 2581 quid
3250 2509 3418 2566 facis?
3448 2507 3562 2563 Non
3602 2505 3820 2575 relinquo

2246 2603 2533 2672 vestigium
2566 2643 2582 2668 ,
2623 2617 2728 2656 non
2761 2603 2988 2657 indicem
3020 2645 3036 2670 ,
3068 2617 3174 2656 non
3203 2600 3532 2656 cicatricem.
3572 2597 3756 2662 Venite,
3781 2601 3821 2648 et

2247 2694 2599 2764 disceptemus,
2627 2693 2751 2748 dicit
2784 2692 3029 2748 Dominus
3063 2708 3081 2744 :
3129 2700 3184 2746 et
3222 2690 3392 2756 addit,
3439 2689 3502 2744 Si
3521 2688 3699 2758 fuerint
3722 2700 3822 2753 pec-

2247 2795 2361 2840 cata
2384 2796 2548 2841 vestra
2571 2795 2628 2856 ut
2656 2787 2914 2840 coccinum
2937 2825 2952 2851 ,
2986 2784 3130 2854 quasi
3156 2784 3320 2837 nivem
3366 2779 3607 2835 dealbabo
3649 2789 3668 2850 (
3697 2774 3818 2829 Ibid.

2250 2879 2360 2949 18).
2411 2877 2670 2934 Numcubi
2719 2877 2985 2934 cicatrix?
3035 2875 3287 2930 numcubi
3331 2887 3464 2942 ruga
3511 2870 3666 2926 etiam
3711 2879 3818 2921 cum

2249 2973 2429 3027 colore
2455 2970 2810 3040 expiationis?
2835 2969 2901 3023 Et
2930 2968 2974 3023 si
2999 2968 3185 3039 fuerint
3212 2974 3265 3018 ut
3293 2965 3570 3028 coccinum,
3596 2960 3731 3032 quasi
3749 2957 3820 3010 la-

2253 3079 2372 3118 nam
2404 3061 2672 3117 dealbabo.
2732 3060 2998 3118 Numcubi
3052 3061 3320 3130 nigricans
3363 3055 3555 3113 color?
3598 3047 3822 3108 numcubi

2252 3156 2458 3210 macula
2485 3154 2596 3209 ?Et
2622 3168 2730 3225 quo
2759 3161 2914 3224 pacto
2967 3153 3102 3208 ﬁunt
3129 3151 3272 3206 ista?
3300 3149 3438 3205 Num
3466 3148 3582 3202 alite
3609 3141 3819 3216 promis-

2253 3246 2484 3301 siones?
2528 3261 2592 3301 os
2639 3247 2781 3301 enim
2831 3245 3040 3300 Domini
3091 3244 3207 3299 hrec
3255 3243 3531 3312 loquutum
3577 3245 3674 3294 est.
3720 3232 3822 3291 Non

2254 3337 2426 3392 solum
2451 3337 2868 3407 magnitudinem
2892 3336 3069 3391 vidisti
3108 3336 3493 3406 promissorum
3521 3373 3536 3398 ,
3564 3328 3653 3385 sed
3679 3335 3729 3383 et
3748 3324 3821 3379 di-

2254 3431 2510 3502 gnitatem
2537 3430 2830 3500 largientis.
2861 3430 2970 3485 Deo
2999 3432 3140 3485 enim
3173 3426 3446 3499 possibilia
3476 3431 3598 3480 sunt
3616 3419 3777 3475 omnia
3800 3456 3814 3482 ,

2256 3523 2343 3592 qui
2374 3531 2550 3592 pOIest
2571 3537 2600 3576 a
2630 3521 2847 3577 sordido
2871 3521 3046 3577 facere
3065 3521 3346 3577 mundum.
3367 3519 3521 3574 Hunc
3549 3515 3698 3585 igitur
3718 3522 3822 3564 cum

2257 3615 2602 3680 audierimus,
2633 3625 2687 3672 et
2711 3615 3039 3686 poenitentia:
3069 3613 3330 3669 medelam
3362 3610 3663 3666 noverimus
3685 3645 3698 3667 .
3723 3602 3823 3674 glo-

2258 3707 2391 3760 riam
2441 3705 2540 3776 ipsi
2589 3705 3016 3760 transmittamus
3048 3721 3065 3759 :
3094 3705 3218 3775 quia
3267 3701 3434 3774 ipsius
3461 3707 3544 3756 est
3585 3693 3741 3768 gloria
3778 3695 3825 3745 et

2262 3797 2546 3866 imperium
2571 3797 2624 3852 in
2646 3797 2863 3852 saecula.
2891 3797 3084 3852 Amen.

2683 3985 2970 4037 ITEMQUE
3012 3983 3096 4024 DE
3151 3981 3350 4025 εΑοιιΔ
3394 3977 3602 4024 MENSA
3641 3972 3718 4018 ΕΤ
3755 3966 3827 4013 οι

2048 4062 2302 4106 ,ιουιειο
2335 4050 2375 4106 ¹.

1192 4187 1410 4228 ιῐοιιιιιλ
1438 4187 1487 4226 IX
1496 4209 1510 4226 ο

631 4309 1091 4381 Quemadmodum
1143 4308 1274 4362 nihil
1307 4307 1525 4378 prodest
1569 4306 1632 4361 iis
1658 4307 1746 4375 qui
1777 4305 2066 4371 seminant,
2112 4304 2157 4359 si

558 4404 710 4474 juxta
764 4403 903 4456 viam
944 4405 1147 4455 semina
1189 4399 1387 4468 jaciant
1418 4417 1428 4451 :
1461 4398 1530 4452 ita
1576 4412 1750 4468 neque
1799 4396 1953 4452 nobis
2000 4394 2156 4465 quid-

562 4511 724 4566 quam
759 4495 1019 4566 prodcrit,
1061 4493 1105 4545 si
1136 4491 1422 4545 Christiani
1472 4489 1734 4551 dicamur,
1777 4487 1877 4543 nisi
1905 4503 2023 4558 qum
2066 4502 2162 4556 ap-

564 4585 837 4657 pellationi
880 4593 1076 4637 nostra:
1102 4581 1429 4638 conveniant
1467 4595 1629 4649 Opera
1663 4588 2000 4648 prmstemus.
2031 4577 2160 4647 Ejus

562 4676 661 4739 rci,
705 4676 749 4730 si
796 4676 987 4745 placet,
1014 4671 1281 4728 adhibebo
1310 4672 1411 4725 lidc
1458 4671 1674 4742 dignum
1720 4680 1907 4725 testem
1940 4669 2160 4724 fratrem

563 4771 657 4827 Dei
701 4769 961 4825 Iacobum
1005 4767 1307 4821 dicentem:
1339 4763 1495 4818 Fides
1539 4765 1646 4818 sine
1691 4762 1926 4833 operibus
1961 4771 2164 4815 mortua

561 4877 634 4920 est
666 4862 866 4937 (Iacob.
895 4862 948 4916 2.
981 4859 1093 4933 17).
1128 4861 1267 4930 Ergo
1293 4859 1487 4928 ubique
1517 4872 1652 4926 opus
1677 4866 1759 4910 cst
1790 4855 2160 4909 mandatorum

563 4955 876 5024 Operatione
901 4971 914 5008 :
947 4969 1066 5006 nam
1098 4952 1182 5005 illa
1209 4951 1450 5011 absente,
1485 4964 1655 5012 neque
1675 4947 1963 5001 Christiani
1993 4946 2165 5000 nomi-

570 5048 654 5100 nis
682 5045 969 5116 appellatio
989 5045 1140 5098 nobis
1174 5042 1429 5114 prodesse
1461 5039 1675 5110 poterit.
1713 5038 1778 5094 Et
1818 5053 1886 5093 ne
1927 5037 2161 5092 mireris.

563 5136 700 5206 Quid
745 5136 915 5202 enim,
955 5135 1043 5191 dic
1093 5133 1245 5195 mihi,
1293 5132 1424 5186 lucri
1470 5129 1632 5185 habet
1680 5130 1832 5185 miles
1871 5128 2082 5200 quando
2109 5129 2161 5183 in

567 5229 806 5284 exercitu
833 5236 935 5293 est,
964 5227 1066 5282 nisi
1093 5226 1284 5281 militia
1310 5223 1499 5294 dignus
1526 5222 1592 5277 sit
1610 5265 1625 5290 ,
1653 5233 1704 5278 et
1732 5238 1828 5294 pro
1853 5237 1976 5292 rege
2007 5237 2037 5276 a
2059 5235 2164 5292 quo

657 5485 855 5538 Titulus
907 5484 956 5534 in
1016 5483 1236 5536 Colbert.
1261 5519 1275 5542 ,
1339 5482 1566 5545 Ejusdem
1598 5483 1662 5534 de
1691 5483 1973 5534 necessitate
2010 5477 2167 5545 sacris

568 5550 825 5602 assistendi
839 5548 1068 5602 collectis.
1084 5541 1267 5608 rejecto
1282 5541 1412 5608 omni
1423 5545 1776 5608 impedimento,
1793 5551 1840 5594 et
1861 5541 2168 5608 depteniten-

567 5610 655 5669 tia,
679 5623 836 5661 sermo
858 5606 1149 5673 trigesimus,
1169 5606 1438 5673 secundum
1457 5607 1803 5673 .tlsszgrdinem.
1837 5606 2024 5654 Initium
2048 5616 2168 5673 vero

572 5665 811 5722 sermonis
832 5687 903 5722 suc
920 5665 1070 5720 habet
1095 5683 1107 5718 :
1133 5665 1320 5728 Dilecti,
1348 5682 1443 5719 non
1475 5665 1649 5728 sufficit
1689 5681 1774 5717 nos
1811 5673 1990 5728 temere
2015 5671 2068 5728 et
2091 5665 2166 5714 in-

574 5733 788 5796 consulto
809 5733 1106 5796 Curiatium;
1137 5729 1401 5796 nominari,
1418 5737 1482 5790 et,
1517 5727 1567 5796 si
1585 5728 1792 5796 placeat,
1827 5727 2065 5796 adhibebo
2082 5733 2166 5796 _te-

575 5797 697 5857 ξιέηι
717 5791 817 5857 ﬁde
840 5794 1043 5857 dignum
1073 5795 1279 5857 fratrem
1311 5787 1402 5846 Dei
1431 5787 1662 5846 Jacobiim
1693 5789 1973 5844 dicentem:
2001 5787 2164 5841 Fides.

575 5846 700 5903 laus
717 5846 954 5918 deestﬂt
975 5868 1034 5908 ne
1057 5846 1267 5908 mireris.

2262 4169 2445 4237 alitur,
2494 4170 2761 4226 militet'?
2804 4169 2963 4225 Forte
3005 4176 3204 4230 autem,
3257 4149 3726 4221 tametsi-terribile
3758 4160 3828 4210 est

2263 4261 2402 4331 quod
2433 4261 2645 4329 dicitur,
2689 4262 2877 4317 melius
2917 4261 2966 4316 ei
3012 4269 3126 4316 erat
3166 4275 3270 4314 non
3313 4258 3558 4317 militare,
3599 4263 3746 4322 quam
3781 4245 3829 4300 in

2263 4352 2452 4407 militia
2481 4368 2664 4408 curam
2693 4363 2748 4408 et
2782 4353 3038 4408 honorem
3085 4351 3225 4422 regis
3263 4350 3554 4422 negligere.
3583 4341 3680 4411 Qui
3702 4338 3826 4394 enim

2265 4445 2376 4500 fieri
2407 4454 2582 4516 potest
2609 4455 2669 4501 ut
2707 4461 2812 4500 non
2857 4446 3111 4516 puniatur
3141 4443 3206 4508 is,
3235 4443 3322 4510 qui
3364 4455 3394 4495 a
3439 4453 3562 4508 rege
3601 4431 3824 4492 nutritur,

2265 4552 2363 4608 pro
2405 4552 2530 4608 rege
2578 4546 2754 4591 autem
2800 4550 2906 4590 non
2955 4534 3166 4590 certat?
3213 4531 3349 4600 Quid
3399 4539 3572 4586 autem
3609 4523 3721 4578 dico
3744 4529 3826 4588 pro

2264 4632 2431 4701 rege?
2471 4631 2671 4684 utinam
2701 4629 2861 4685 etiam
2894 4643 2989 4699 pro
3034 4626 3231 4682 nostris
3257 4622 3532 4678 animabus
3561 4629 3727 4674 curam
3749 4622 3829 4680 ge~

2265 4739 2510 4779 rcremus
2546 4723 2654 4777 lEt
2696 4721 2985 4792 quomodo,
3029 4720 3122 4785 ait,
3165 4717 3419 4790 possibile
3462 4715 3514 4769 in
3561 4705 3743 4767 mundo
3781 4705 3827 4753 el

2269 4817 2447 4872 medio
2474 4815 2750 4870 hominum
2793 4817 2870 4870 sic
2898 4823 3198 4869 versantem
3244 4807 3481 4866 salvari?
3522 4801 3652 4873 Quid
3690 4793 3824 4890 dicis,

2269 4909 2471 4964 homo?
2512 4909 2599 4962 Vis
2644 4907 2877 4962 breviter
2920 4904 3198 4961 ostendam
3244 4918 3349 4958 non
3398 4915 3515 4955 esse
3543 4897 3707 4950 locum
3747 4897 3824 4954 qm

2266 5001 2452 5065 saivet,
2501 4999 2593 5054 sed
2637 5014 2815 5053 mores
2837 5008 2892 5054 et
2919 4998 3242 5052 voluntatem
3265 4994 3289 5047 ’ἰ
3311 4992 3478 5048 Adam
3510 4989 3559 5042 in
3584 4978 3823 5057 paradiso.

2267 5104 2326 5148 ut
2355 5094 2406 5149 in
2449 5101 2603 5163 portu
2636 5091 2966 5164 naufragium
3013 5089 3136 5145 fecit
3165 5086 3316 5160 (Gen.
3345 5087 3399 5155 5)
3431 5101 3444 5138 :
3475 5079 3604 5136 Loth
3651 5076 3719 5164 in
3739 5069 3824 5164 si»

2267 5157 2599 5244 domis-sicut
2625 5186 2678 5240 in
2709 5157 2894 5255 pelago
2923 5157 3273 5237 servatus‘cst
3301 5177 3448 5250 (Gen.
3503 5170 3588 5240 19';
3613 5185 3624 5221 :
3649 5157 3822 5255 10bit!

2267 5291 2506 5335 stercore
2561 5251 2877 5348 justilicauis
2924 5285 3004 5330 est
3049 5273 3168 5344 (Job
3211 5271 3267 5344 ἓ)
3311 5268 3472 5328 :Sat'll
3516 5263 3601 5320 ille
3645 5259 3693 5313 in

2269 5371 2441 5426 sauris
2495 5386 2719 5426 versans
2787 5384 2951 5439 regno
3007 5365 3254 5437 prmsenti
3317 5373 3370 5416 et
3419 5360 3591 5413 futuro
3649 5339 3830 5403 excidit

2271 5463 2320 5534 (Ι
2336 5463 2484 5534 οηεθο
2504 5463 2614 5532 i3).
2638 5462 2751 5518 Non
2775 5471 2856 5518 est
2876 5459 3136 5522 defensio,
3159 5455 3298 5527 quod
3332 5452 3482 5516 dicis,
3506 5441 3614 5501 Non

2271 5557 2322 5610 in
2341 5554 2538 5609 mundo
2563 5553 2786 5616 versari,
2816 5563 2974 5621 atque
3007 5550 3057 5604 in
3090 5546 3266 5602 medio
3284 5541 3604 5614 negotiorum
3622 5526 3813 5621 salvan.

2273 5646 2378 5704 Sed
2409 5645 2526 5704 hanc
2551 5644 2728 5717 gravia
2757 5618 2900 5697 unde
2936 5638 3222 5696 accidunt?
3247 5637 3378 5705 Quia
3407 5631 3493 5686 alii
3518 5618 3698 5683 divinis
3720 5623 3826 5687 prﬁ-

2336 5786 2350 5817 ’
2382 5792 2430 5834 In
2447 5783 2602 5839 Colb.,
2615 5780 2741 5843 Quid
2758 5779 2888 5832 enim
2903 5777 3029 5830 lucri
3045 5775 3184 5826 habet
3365 5781 3429 5823 es
3445 5756 3627 5822 militia:
3643 5747 3730 5808 πίδί
3745 5751 3829 5806 qua

2274 5831 2477 5899 t'irtu't'e‘
2487 5831 2699 5898 mila—item
2714 5831 2850 5896 decet
2866 5855 2961 5909 pro
2985 5851 3096 5903 rege
3119 5831 3328 5888 nutttet?
