4100 6452
186 461 280 518 545

178 573 354 636 cibus,
374 568 463 623 alii
483 565 676 623 divinis
696 564 1048 620 conventibus
1075 563 1379 632 frequentes
1395 577 1500 616 non
1523 560 1722 616 adestis
1735 559 1776 612 ί.

189 665 377 718 Annon
427 658 621 713 videtis
657 672 751 712 eos
791 656 880 727 qui
908 655 1096 710 voiunt
1135 653 1444 724 dignitatem
1488 667 1520 708 a
1569 660 1779 706 terreno

179 768 311 825 irege
351 750 618 821 accipere,
650 746 919 819 quomodo
948 745 1205 814 assident,
1243 743 1512 815 quomodo
1550 743 1684 797 alios
1710 741 1778 796 ad

178 841 624 918 patrocinandum
670 840 912 906 incitant,
958 847 1016 893 ut
1053 837 1324 909 potiantur
1352 851 1419 892 eo
1454 835 1598 907 quod
1632 848 1780 904 qure-

189 935 505 995 runt‘lﬂaac
544 948 645 1004 ego
674 932 898 987 dixerim
941 931 1007 985 ad
1053 945 1148 985 eos
1178 929 1268 1000 qui
1295 927 1502 983 divinas
1530 926 1780 982 collectas

182 1029 518 1097 relinquunt,
545 1033 599 1080 et
619 1023 719 1079 sub
744 1023 930 1078 horam
955 1021 1208 1077 terribilis
1235 1027 1291 1075 et
1317 1019 1556 1092 mysticae
1580 1032 1780 1073 mensas

188 1118 467 1189 colloquiis
502 1124 557 1172 et
589 1115 741 1170 vanis
788 1112 1324 1170 sermocinationibus
1351 1110 1595 1180 occupati
1632 1117 1777 1164 sunt.

188 1209 323 1276 Quid
374 1208 536 1274 lacis,
585 1205 794 1260 homo?
841 1220 944 1259 non
997 1204 1287 1274 promisisti
1340 1201 1642 1270 sacerdoti,
1689 1196 1780 1271 qui

188 1298 340 1363 dixit,
365 1299 584 1354 Sursum
613 1305 827 1351 mentem
851 1305 900 1350 et
923 1295 1102 1362 corda,
1129 1301 1184 1350 et
1203 1292 1398 1358 dixisti,
1424 1291 1687 1346 Habemus
1711 1290 1781 1345 ad

189 1391 505 1447 Dominum?
535 1405 640 1444 non
677 1389 940 1444 revereris
970 1396 1025 1441 et
1053 1385 1347 1453 erubescis,
1385 1384 1527 1456 quod
1553 1383 1640 1438 illa
1667 1384 1779 1452 ipsa

187 1485 318 1540 hora
349 1483 575 1539 mendax
618 1481 944 1537 inveniaris?
974 1479 1167 1550 Papae!
1218 1493 1402 1534 mensa
1431 1476 1655 1548 mystica
1682 1490 1783 1544 pa-

182 1585 434 1641 rata-est,
463 1583 518 1631 et
542 1590 710 1645 agnus
724 1573 823 1630 Dei
850 1587 946 1643 pro
972 1581 1024 1628 te
1053 1572 1378 1638 immolatur,
1409 1570 1660 1625 sacerdos
1682 1582 1780 1638 pro

175 1677 240 1722 ‘te
265 1665 499 1737 angitur,
531 1665 667 1735 ignis
695 1663 988 1733 spiritualis
1019 1677 1086 1717 ex
1131 1677 1280 1717 sacra
1316 1676 1498 1716 mensa
1527 1659 1779 1728 erumpit,

173 1759 475 1814 Cherubin)
500 1756 731 1821 adstant,
759 1754 1037 1824 Seraphim
1057 1753 1336 1820 advolant,
1365 1761 1420 1807 et
1449 1752 1667 1821 spiritus
1689 1766 1779 1805 sex

175 1851 299 1904 alas
330 1848 590 1903 habentes
622 1847 810 1901 faciem
852 1854 1056 1915 tegunt,
1087 1860 1274 1899 omnes
1315 1844 1645 1912 incorporeas
1672 1843 1782 1894 vir-

187 1951 331 1995 tutes
359 1955 454 2009 pro
498 1950 549 1995 te
576 1954 696 1994 cum
740 1939 1017 1994 sacerdote
1055 1936 1392 1993 intercedunt
1419 1955 1432 1991 :
1463 1937 1598 2006 ignis
1627 1935 1784 2005 spiri-

185 2032 411 2088 tuzilis'e
442 2031 590 2086 tario
617 2031 913 2099 descendit,
941 2031 1160 2101 sanguis
1201 2030 1255 2084 in
1304 2039 1511 2086 cratere
1555 2030 1606 2084 in
1638 2038 1780 2084 tuam

185 2125 609 2196 puriﬁcationem
652 2140 720 2180 ex
757 2125 1102 2179 immaculato
1134 2125 1310 2179 latere
1335 2123 1535 2178 ell'usus
1573 2132 1655 2177 est
1686 2139 1699 2175 :
1728 2129 1782 2176 et

185 2233 292 2272 non
324 2217 596 2272 erubescis
624 2231 689 2271 ac
730 2216 1016 2282 revereris,
1057 2231 1155 2270 nec
1195 2224 1246 2271 te
1272 2215 1435 2284 pudet
1465 2216 1515 2270 iu
1558 2215 1643 2268 illa
1675 2224 1784 2270 tre-

183 2312 380 2368 menda
407 2311 536 2366 hora
565 2311 873 2365 mendacem
905 2320 959 2365 te
985 2308 1351 2379 deprehendi?
1371 2309 1597 2364 Centum
1627 2322 1783 2361 sexa-

183 2404 330 2473 ginta
361 2413 482 2458 oeto
502 2401 663 2456 horas
692 2400 920 2455 habente
950 2399 1308 2464 hebdomada,
1341 2414 1497 2452 unam
1529 2405 1585 2452 et
1612 2397 1779 2452 solam

183 2486 376 2551 horam
423 2495 523 2550 sibi
553 2493 653 2564 ipsi
699 2492 999 2562 segregavit
1031 2492 1189 2557 Deus,
1235 2500 1290 2546 et
1326 2489 1472 2544 hanc
1520 2489 1571 2542 in
1619 2503 1780 2557 opera

185 2586 486 2650 Stecularia,
527 2593 582 2640 et
622 2585 676 2638 in
708 2583 954 2647 ridicula,
987 2592 1041 2637 et
1087 2583 1140 2637 in
1169 2597 1301 2636 vana
1339 2581 1601 2650 colloquia
1630 2579 1779 2634 insu-

184 2677 289 2732 mis
309 2678 336 2731 ?
376 2675 511 2731 Cum
540 2691 644 2746 qua
675 2684 855 2745 postea
884 2673 1078 2730 liducia
1116 2674 1181 2728 ad
1222 2674 1476 2744 mysteria
1511 2672 1781 2727 accedes?

181 2783 309 2825 cum
334 2784 435 2838 qua
468 2768 668 2837 polluta
691 2767 1058 2822 conscientia?
1084 2765 1221 2820 Num
1259 2767 1304 2820 si
1340 2775 1546 2821 stercus
1575 2766 1628 2820 in
1661 2781 1776 2818 ma-

185 2860 348 2914 nibus
392 2858 641 2924 haberes,
673 2857 902 2913 auderes
926 2858 1237 2927 contingere
1266 2856 1532 2910 ﬁmbriam
1577 2857 1780 2911 terreni

182 2951 330 3023 regis
345 2951 401 3004 εἳ

212 3034 215 3037 ’
254 3041 328 3096 In
351 3039 680 3095 Eucharistia
707 3057 810 3095 non
837 3040 1004 3108 panis,
1037 3056 1139 3094 non
1153 3040 1332 3094 uinum
1359 3050 1452 3106 est,
1485 3041 1574 3096 sed
1598 3057 1781 3112 corpus

187 3143 233 3190 et
274 3134 486 3201 sanguis
529 3133 734 3186 Christi.
759 3132 932 3187 -—Ne
975 3133 1126 3202 quasi
1174 3148 1362 3202 panem
1404 3132 1456 3187 id
1499 3133 1775 3203 respicias,

187 3239 292 3280 neu
319 3223 474 3294 quasi
508 3225 689 3278 vinum
731 3224 1047 3280 existimes:
1080 3239 1251 3293 neque
1295 3224 1438 3279 enim
1485 3223 1602 3278 lucc
1645 3223 1784 3277 sicut

188 3318 382 3386 reliqui
419 3317 522 3371 cibi
555 3318 606 3370 in
637 3333 908 3372 secessum
940 3316 1160 3371 vadunt.
1195 3315 1350 3371 Absit
1377 3333 1390 3368 :
1437 3331 1504 3371 ne
1531 3317 1608 3370 sic
1637 3315 1784 3384 cogi-

188 3417 292 3465 tes.
347 3407 804 3476 Quemadmodum
856 3407 998 3462 euim
1039 3423 1164 3463 cera
1220 3407 1324 3477 igni
1376 3407 1612 3473 admota,
1653 3405 1782 3460 nihil

187 3501 504 3558 subSIantia:
531 3501 812 3568 amittitur,
841 3501 974 3555 nihil
999 3501 1278 3570 superlluit
1302 3520 1318 3555 :
1346 3499 1424 3555 sic
1448 3510 1502 3555 et
1543 3500 1633 3555 hic
1658 3509 1782 3568 puta

188 3593 447 3664 mysteria
465 3592 708 3646 consumi
729 3593 968 3662 corporis
987 3591 1304 3645 substantia.
1330 3592 1551 3661 Propter
1565 3591 1704 3662 quod
1733 3600 1786 3646 et

187 3682 513 3738 accedentes
552 3699 621 3738 ne
662 3683 858 3753 putetis
901 3698 995 3737 vos
1039 3684 1281 3752 accipere
1319 3683 1554 3738 divinum
1591 3699 1786 3753 corpus

188 3789 252 3829 ex
271 3774 516 3838 homine,
548 3774 641 3830 sed
669 3791 734 3829 ex
765 3775 893 3844 ipsis
932 3774 1212 3844 Seraphim
1258 3774 1459 3844 forcipe
1497 3775 1693 3846 ignem,
1725 3785 1783 3831 ut

188 3863 398 3919 scilicet
419 3863 584 3919 Isaias
605 3865 737 3918 vidit
767 3864 920 3938 (Isai.
949 3865 1030 3937 6),
1054 3865 1289 3920 divinum
1320 3881 1515 3936 corpus
1543 3868 1786 3936 accipere

190 3966 380 4028 putate
410 3968 502 4012 :et
542 3959 693 4028 quasi
737 3959 918 4013 divino
962 3969 1016 4014 et
1061 3959 1341 4028 impolluto
1380 3959 1533 4014 lateri
1587 3959 1785 4013 admoti

189 4051 370 4117 labiis,
423 4051 500 4107 sic
528 4051 749 4105 salutari
783 4052 1024 4122 sanguini
1069 4052 1466 4121 participenius.
1499 4051 1779 4119 Quocirca,

187 4141 414 4207 fratres,
446 4157 542 4195 oro
573 4156 668 4195 vos
693 4151 747 4196 et
779 4142 1028 4206 obsecro,
1062 4157 1129 4197 ne
1165 4142 1403 4196 absimus
1431 4141 1498 4195 ab
1518 4142 1785 4209 ecclesiis,

188 4250 374 4306 neque
421 4234 489 4289 ibi
532 4234 812 4304 colloquiis
839 4244 894 4290 et
931 4235 1225 4304 garrulitati
1267 4250 1555 4290 vacemus:
1586 4245 1788 4290 stemus

190 4334 496 4382 trementes
533 4335 588 4380 et
634 4326 826 4392 timidi,
858 4326 1104 4380 demissis
1141 4325 1331 4391 oculis,
1381 4326 1581 4380 elevata
1609 4336 1786 4380 autem

189 4419 400 4482 anima,
433 4407 708 4487 gementes
733 4418 849 4472 sine
878 4432 1028 4484 voce,
1052 4417 1341 4486 jubilantes
1378 4416 1562 4472 corde.
1595 4419 1790 4471 Annon

191 4511 398 4567 videtis
437 4525 554 4577 eos,
583 4511 674 4580 qui
717 4511 975 4577 sensibili,
1021 4509 1373 4580 corruptibili,
1406 4510 1706 4580 temporali,
1736 4517 1794 4564 et

257 4690 280 4720 ι
303 4681 434 4757 _neg.
457 4699 469 4735 :
502 4693 597 4757 non
617 4690 687 4735 est
723 4683 938 4757 defensio
961 4684 1090 4757 quod
1111 4682 1237 4756 dicis
1265 4696 1284 4734 :
1303 4681 1607 4757 .lmpqssibile
1640 4688 1710 4734 est

194 4747 365 4811 medio
381 4744 689 4811 'negotiorwn
698 4744 982 4811 _ver'santem'
996 4745 1175 4811 saluari
1186 4760 1214 4811 _;_
1228 4747 1313 4811 sed
1333 4744 1660 4811 eddiscqrnus
1673 4744 1796 4796 oriri

192 4825 262 4862 ex
287 4809 382 4858 hoc
405 4806 531 4870 quod
555 4808 777 4872 precibus
799 4814 845 4858 et
867 4808 1140 4871 prcesertim
1161 4807 1338 4858 divinis
1353 4807 1451 4858 illis
1474 4806 1684 4858 collectis
1701 4821 1795 4859 non

197 4885 447 4924 racemus.

263 4938 286 4967 ³
312 4940 484 4997 Totum
506 4933 635 4982 hunc
659 4931 814 4982 locum
839 4932 910 4981 sic
929 4931 1052 4993 legit
1075 4939 1190 4997 Reg.
1215 4945 1228 4980 :
1249 4939 1397 4997 Papae
1413 4931 1434 4981 .’
1471 4939 1590 4997 Cum
1632 4945 1797 4984 mensa

195 4993 627 5064 mystica_‘parqta
657 5001 743 5053 est,
779 5000 825 5043 et
869 4991 1021 5056 agnus
1048 4991 1260 5064 Dei'pro
1293 4991 1336 5042 te
1359 4992 1797 5064 immolatur;cunt

195 5053 334 5122 ignis
356 5053 622 5122 spiritualis
638 5070 665 5106 e
677 5053 1014 5122 sacramensa
1031 5053 1238 5116 erumpit
1259 5068 1410 5122 ;_cum
1441 5056 1633 5122 adstant
1650 5053 1797 5122 Sera-

234 5115 362 5189 him,
380 5115 491 5189 cunt
512 5117 764 5189 cherubim
783 5117 1006 5187 advolant
1025 5130 1050 5188 ;.
1218 5115 1416 5189 spiritus
1445 5130 1534 5166 sex
1575 5118 1680 5189 alas
1712 5119 1800 5168 ha-

230 5176 368 5232 entes
391 5178 567 5242 faciem
588 5185 784 5242 tegunt;
807 5192 918 5242 cum
948 5177 1074 5241 ignis
1105 5177 1158 5228 in
1184 5176 1358 5240 spiritu
1382 5180 1664 5242 descendit;
1687 5193 1798 5231 cum

199 5240 407 5305 sanguis
428 5242 480 5292 in
502 5240 788 5292 cratei'e.....
812 5240 989 5305 effusus
1012 5245 1097 5290 est.
1126 5248 1227 5305 Non
1244 5247 1289 5289 te
1312 5240 1478 5303 pudet,
1502 5253 1597 5305 non
1628 5242 1798 5293 erube-

200 5301 324 5361 scis,
348 5317 501 5366 neque
533 5315 678 5366 curas
710 5316 799 5366 pro
837 5301 882 5353 te
910 5302 1016 5366 ipso
1053 5302 1251 5366 quidem
1284 5301 1439 5366 Deum
1462 5301 1692 5366 placare.
1715 5317 1798 5354 ne-

202 5320 324 5361 scis,
348 5317 501 5366 neque
533 5316 678 5354 curas
708 5316 799 5413 pro
837 5316 882 5353 te
910 5316 1016 5366 ipso
1053 5316 1251 5364 qutaem
1284 5316 1439 5351 Deum
1477 5316 1692 5361 placare.
1715 5317 1798 5354 ne-

202 5381 305 5433 que
329 5364 635 5433 conscientia,
658 5379 686 5433 ᾳ
714 5377 869 5433 _tomo,
900 5371 944 5415 te
979 5371 1171 5415 accusat
1195 5361 1217 5412 ?
1241 5363 1368 5433 quod
1401 5363 1602 5423 scilicet,
1619 5372 1799 5428 septem

204 5425 320 5479 dies
361 5426 561 5477 habente
599 5426 928 5484 hebdomada,
961 5439 1109 5476 unum
1139 5438 1232 5474 non
1253 5425 1451 5475 tribuas
1489 5433 1588 5475 Deo
1609 5425 1679 5476 ετ
1705 5434 1800 5477 toto

203 5491 383 5550 corde,
425 5489 510 5540 sed
533 5488 585 5552 in
606 5487 692 5538 illa
707 5489 814 5552 ipsa
837 5487 916 5552 die
931 5487 1066 5552 panis
1091 5485 1404 5552 colloquiiset
1436 5487 1634 5552 negotiis
1656 5488 1798 5552 judi:

207 5548 416 5616 cialibus
438 5549 710 5616 indulgeas.
727 5548 791 5600 'Et
823 5550 940 5616 quid
979 5549 1104 5616 dico,
1140 5562 1286 5616 unum
1318 5548 1448 5616 client
1467 5548 1696 5616 ?'utinam
1729 5550 1802 5602 vel

209 5621 314 5665 tres
337 5613 479 5664 horas
505 5609 604 5663 Deo
617 5625 726 5675 cum
741 5612 923 5675 ardore
940 5609 1330 5675 persolverimus!
1352 5609 1461 5675 sed,
1487 5624 1514 5661 ο
1536 5615 1686 5675 corda
1702 5619 1801 5662 tor-

208 5677 394 5746 pentia,
418 5683 500 5726 aut
521 5676 676 5746 potius
695 5672 921 5746 ingrata!
941 5672 1090 5723 unam
1106 5680 1166 5746 .et
1185 5672 1354 5745 solum
1374 5672 1504 5744 diem
1524 5673 1622 5746 sibi
1639 5686 1802 5746 segre-

206 5735 346 5802 gavit
367 5747 510 5802 Deus,
522 5735 580 5802 :et
589 5736 731 5802 illam
738 5735 788 5786 in
800 5735 1195 5802 operaswculari

209 5795 427 5871 quacum
461 5798 645 5871 ﬁducia
667 5801 732 5851 ad
764 5795 992 5869 mysteria
1023 5802 1185 5871 postea
1207 5795 1426 5871 accedes,
1473 5803 1555 5847 aut
1598 5795 1804 5871 quacum

211 5857 552 5913 caiucientia?
574 5871 713 5921 Num,
747 5861 790 5912 si
812 5857 990 5921 manus
1005 5857 1210 5921 pollutas
1231 5867 1314 5908 aut
1337 5864 1547 5921 stercore
1571 5857 1803 5921 cantami-

209 5929 360 5976 autas
379 5923 599 5985 haberes,
623 5919 867 5990 ﬁtnbriam
889 5919 1018 5985 regis
1040 5919 1246 5973 auderes
1269 5919 1542 5986 comingere
1561 5919 1588 5974 .9

1308 450 1396 507 DE
1439 445 1903 506 [’(ENITENTIA.
1946 442 2174 501 HOMIL.
2220 445 2307 504 IX.

800 5734 1281 5800 operaswcularia...
1327 5733 1528 5800 insumis
1548 5733 1568 5784 .'
1591 5744 1629 5784 0
1644 5728 1800 5797 homo,
1822 5776 1828 5784 .

3371 444 3474 501 3le

1886 566 2100 613 terreno
2151 559 2262 629 regi
2303 557 2623 625 assistunt‘,
2653 572 2812 628 quam
2854 557 2960 614 sint
3007 556 3328 625 immobiles,
3366 576 3474 616 non

1883 650 2180 720 loquentes,
2214 665 2319 704 non
2346 650 2666 720 agitati,non
2707 650 2890 705 oculos
2936 649 3041 706 huc
3081 658 3137 705 et
3176 649 3303 704 illuc
3348 652 3474 705 mit-

1885 752 2077 809 tentes,
2107 742 2202 798 sed
2241 743 2442 809 maesti,
2465 743 2703 811 demissi,
2735 742 3214 814 pertimescentes?
3239 744 3317 798 Ex
3344 746 3477 813 Ipsis

1883 838 2260 894 documentum
2287 835 2528 905 accipite,
2561 850 2594 889 o
2616 835 2880 903 homines,
2903 845 2957 891 et
2982 837 3061 891 sic
3084 835 3318 890 assistite
3339 835 3475 903 Deo,

1883 932 2046 986 veluti
2075 931 2144 986 ad
2188 939 2464 986 terrenum
2504 944 2682 1000 regem
2718 929 3035 984 accedentes
3063 929 3236 985 facitis
3265 947 3278 983 :
3307 929 3476 984 multo

1883 1026 2054 1096 magis
2098 1025 2297 1080 caelesti
2324 1024 2435 1094 regi
2477 1039 2597 1078 cum
2629 1023 2821 1077 timore
2860 1021 3075 1077 adstare
3099 1029 3330 1093 oportet.
3360 1022 3477 1077 Hoc

1883 1133 2028 1189 saepe
2055 1116 2198 1184 dico,
2247 1126 2302 1174 et
2339 1117 2517 1172 dicere
2563 1130 2668 1169 non
2698 1113 2940 1181 cessabo,
2993 1113 3164 1169 donec
3201 1123 3474 1169 correctos

1884 1210 2113 1288 videam.
2169 1209 2533 1279 lngredientes
2577 1215 2754 1262 autem
2785 1207 2839 1260 in
2884 1207 3187 1272 ecclesiam,
3217 1215 3278 1261 ut
3314 1205 3474 1261 decet

1885 1302 2052 1357 Deum
2075 1301 2413 1364 accedamus,
2446 1315 2514 1355 ne
2539 1299 2788 1355 vindicta;
2826 1299 3166 1369 cupiditatem
3211 1301 3262 1354 in
3291 1307 3472 1354 mente

1885 1394 2166 1457 habentes,
2195 1391 2452 1447 adversus
2478 1406 2575 1446 nos
2614 1406 2911 1460 precemur,
2952 1390 3192 1446 dicentes
3221 1407 3235 1444 :
3265 1387 3476 1444 Dimitte

1884 1485 2065 1552 nobis,
2127 1485 2258 1538 sicut
2320 1494 2368 1539 et
2420 1500 2511 1538 nos
2569 1483 2868 1537 dimittimus
2925 1481 3231 1536 debitoribus
3290 1483 3476 1535 nostris

1886 1579 2098 1652 (Matth.
2127 1580 2180 1635 6.
2209 1579 2321 1650 l2).
2358 1579 2622 1634 Terribile
2651 1579 2795 1634 enim
2825 1587 2909 1633 est
2935 1579 3056 1645 hoc,
3088 1578 3231 1650 quod
3257 1577 3474 1645 dicitur,

1885 1681 1939 1726 et
1966 1671 2134 1726 ferme
2168 1672 2246 1726 sic
2270 1670 2335 1724 ad
2365 1671 2530 1725 Deum
2558 1669 2772 1735 clamat,
2801 1670 2890 1738 qui
2921 1670 3022 1724 hoc
3054 1669 3184 1724 dicit
3210 1687 3226 1724 :
3261 1669 3472 1734 Dimisi,

1887 1764 2129 1828 Domine,
2175 1763 2417 1828 dimitte;
2469 1762 2627 1826 solvi,
2668 1761 2850 1826 solve;
2898 1762 3095 1832 ignovi,
3140 1761 3476 1831 ignosce:si

1883 1855 2102 1922 retinui,
2135 1855 2338 1919 retine;
2367 1854 2412 1909 si
2442 1869 2547 1908 non
2587 1853 2724 1908 solvi
2750 1853 3015 1922 proximo,
3049 1868 3223 1922 neque
3252 1861 3306 1907 tu
3354 1867 3474 1908 mea

1887 1948 2063 2003 solvas
2109 1957 2322 2017 peccata
2364 1963 2377 1999 :
2415 1945 2468 2000 in
2521 1961 2623 2015 qua
2670 1959 2921 2001 mensura
2972 1945 3164 2000 metior
3205 1944 3469 2015 proximo,

1883 2039 2071 2096 eadem
2097 2037 2396 2094 remeliaris
2421 2036 2572 2090 mihi.

1960 2129 2085 2184 Post
2138 2141 2355 2183 mortem
2405 2127 2535 2183 nihil
2582 2125 3134 2197 meremur.—Igitur
3185 2140 3304 2181 cum
3356 2125 3471 2182 haec

1884 2221 2140 2285 sciamus,
2172 2235 2237 2274 ac
2260 2219 2400 2274 diem
2442 2219 2588 2272 illum
2631 2217 2923 2272 terribilem
2953 2217 3107 2272 nobis
3140 2227 3473 2286 reputemus,

1886 2325 1941 2369 et
1971 2314 2146 2383 ignem
2179 2313 2347 2379 illum,
2381 2321 2435 2367 et
2465 2311 2757 2368 terribilem
2791 2319 3175 2365 tormentorum
3213 2310 3386 2364 locum
3417 2311 3470 2364 in

1885 2414 2120 2460 mentem
2147 2405 2490 2475 accipiamus,
2533 2413 2906 2458 convertamus
2937 2418 3034 2456 nos
3061 2402 3112 2456 in
3138 2409 3410 2472 posterum
3441 2416 3472 2455 a

1884 2497 1969 2551 via
1998 2511 2099 2566 qua
2143 2495 2462 2550 erravimus.
2501 2495 2692 2550 Veniet
2733 2495 2877 2548 enim
2909 2493 3041 2548 liora
3072 2493 3286 2564 quando
3327 2493 3474 2548 thea-

1886 2597 2026 2642 trum
2057 2587 2179 2642 vitaa
2205 2587 2363 2656 hujus
2401 2587 2657 2652 solvetur,
2703 2595 2760 2642 et
2787 2587 2964 2640 nullus
2995 2595 3176 2655 postea
3205 2586 3470 2641 certabit:

1886 2696 1994 2735 non
2020 2688 2104 2734 est
2133 2687 2254 2749 post
2286 2677 2442 2749 hujus
2468 2678 2591 2732 vitae
2620 2679 2777 2733 linem
2808 2678 3098 2748 negotiatio
3122 2695 3134 2730 :
3167 2675 3268 2732 hoc
3301 2676 3477 2731 soluto

1887 2771 2097 2826 theatro
2135 2787 2364 2828 coronas
2405 2771 2600 2825 mereri
2645 2785 2751 2824 non
2779 2769 2956 2824 datur.
3004 2769 3116 2824 Hoc
3145 2777 3354 2838 tempus
3395 2774 3478 2821 est

1885 2864 2235 2933 poenitentiae,
2270 2861 2398 2916 illud
2419 2861 2604 2932 judicii
2637 2880 2650 2914 :
2686 2861 2786 2916 hoc
2812 2877 3064 2931 agonum.
3100 2859 3227 2913 illud
3254 2874 3478 2914 corona-

1885 2969 2004 3008 rum
2035 2972 2050 3008 :
2086 2954 2187 3008 hoc
2230 2953 2448 3018 laboris,
2496 2951 2625 3006 illud
2654 2951 2999 3006 relaxationis
3025 2967 3038 3002 :
3066 2951 3166 3004 hoc
3201 2964 3476 3014 aerlnnmn,

1886 3045 2018 3101 illud
2044 3045 2432 3100 retributionis.
2456 3041 2779 3108 Excitemni,
2805 3041 3048 3104 obsecro,
3073 3038 3400 3100 excitemini,
3421 3045 3478 3091 et

1887 3152 2007 3208 qua:
2032 3136 2286 3191 dicuntur
2323 3135 2561 3188 suaviter
2595 3133 2894 3187 audiamus.
2927 3132 3169 3186 Viximus
3209 3131 3259 3183 in
3287 3144 3472 3192 carne,

1886 3230 2129 3284 vivamus
2154 3227 2376 3296 posthac
2402 3226 2455 3280 in
2494 3225 2682 3295 spiritu
2713 3242 2727 3278 :
2756 3223 2984 3277 viximus
3015 3224 3068 3276 in
3095 3220 3473 3290 voluptatibus,

1887 3321 2130 3377 vivamus
2157 3320 2208 3372 in
2237 3318 2524 3372 virtutibus
2553 3334 2565 3370 :
2596 3317 2827 3370 viximus
2858 3316 2913 3368 in
2955 3313 3296 3384 negligentia,
3329 3311 3478 3366 viva-

1885 3426 2008 3466 mus
2048 3411 2098 3464 in
2133 3409 2462 3479 pmnitentia.
2498 3408 2634 3475 Quid
2671 3407 2892 3475 superbit
2924 3416 3056 3458 terra
3105 3413 3149 3457 et
3189 3403 3314 3456 cinis
3347 3401 3477 3473 (Ec-

1884 3502 2088 3557 cli.10.
2115 3501 2218 3572 9)?
2257 3501 2393 3567 Quid
2426 3499 2650 3562 iullaris,
2691 3498 2886 3552 homo?
2917 3496 3040 3565 quid
3080 3511 3335 3565 arrogans
3375 3494 3475 3548 es?

1890 3595 2016 3666 quid
2035 3609 2220 3665 speras
2238 3609 2300 3648 ex
2323 3593 2488 3663 gloria
2513 3591 2693 3647 mundi
2715 3599 2769 3645 et
2791 3590 2987 3644 divitiis
3006 3589 3029 3642 ?
3047 3588 3390 3658 Egrediamur
3411 3585 3476 3640 ad

1889 3689 2155 3758 sepulcra,
2185 3688 2446 3752 obsecro;
2479 3685 2752 3741 videamus
2783 3684 2854 3739 ibi
2896 3683 3170 3754 mysteria,
3204 3680 3480 3735 videamus

1889 3781 2215 3848 discerptam
2249 3790 2514 3839 naturam,
2545 3793 2667 3834 ossa
2698 3791 2939 3840 corrosa,
2982 3789 3206 3842 corpora
3239 3770 3480 3841 putrefa-

1889 3884 1998 3929 cta.
2028 3872 2085 3928 Si
2112 3873 2327 3942 sapiens
2352 3886 2434 3935 es,
2467 3870 2778 3932 considera;
2823 3868 2866 3922 si
2908 3865 3164 3936 prudens,
3207 3864 3294 3918 die
3324 3863 3477 3924 mihi,

1889 3965 2011 4036 quis
2058 3965 2166 4019 illic
2205 3979 2299 4018 rex
2346 3972 2401 4018 et
2431 3963 2550 4032 quis
2591 3962 2853 4031 privatus,
2897 3959 3016 4028 quis
3042 3957 3237 4010 nobilis
3281 3963 3334 4009 et
3362 3954 3483 4023 quis

1892 4072 2114 4122 servus,
2169 4056 2286 4125 quis
2330 4053 2546 4123 sapiens
2585 4062 2640 4107 et
2687 4051 2806 4121 quis
2859 4045 3150 4117 insipiens?
3207 4045 3307 4101 Ubi
3365 4042 3483 4116 pul-

1889 4148 2139 4204 chritudo
2187 4147 2295 4201 illic
2338 4143 2736 4207 adolescentiae,
2787 4141 2873 4196 ubi
2908 4140 3174 4210 gratiosus
3209 4144 3478 4206 aspectus,

1891 4241 1982 4298 ubi
2007 4241 2147 4296 oculi
2176 4239 2423 4310 speciosi,
2452 4238 2541 4291 ubi
2561 4238 2778 4307 elegans
2805 4247 2984 4297 nasus,
3012 4231 3100 4286 ubi
3129 4230 3293 4300 ignita
3318 4228 3480 4294 labia,

1893 4336 1983 4392 ubi
2015 4332 2352 4405 pulchritudo
2397 4343 2675 4402 genarum,
2727 4327 2815 4382 ubi
2847 4326 2993 4380 frons
3022 4321 3274 4376 radians?
3304 4333 3482 4374 annon

1892 4427 2073 4484 omnia
2100 4426 2277 4480 cinis?
2309 4439 2485 4478 nonne
2523 4421 2703 4476 omnia
2751 4418 2960 4488 pulvis?
2989 4429 3165 4470 nonne
3190 4413 3368 4468 omnia
3405 4409 3487 4465 fa-

1897 4521 2016 4575 villa
2032 4521 2058 4574 ?
2086 4533 2266 4574 nonne
2290 4517 2467 4571 omnia
2495 4513 2732 4570 vermis?
2762 4526 2942 4566 nonne
2967 4509 3145 4564 omnia
3184 4505 3409 4576 putredo
3430 4511 3490 4560 et

1898 4612 2092 4669 fmtor?
2121 4610 2247 4666 Haec
2273 4609 2453 4664 animo
2495 4613 2832 4676 reputantes,
2865 4603 3076 4668 fratres,
3108 4609 3163 4656 et
3189 4608 3487 4654 extremum

1901 4705 2044 4761 diem
2075 4705 2254 4759 animo
2286 4709 2582 4764 versantes,
2627 4696 2754 4752 dum
2799 4704 3012 4764 tempus
3056 4692 3333 4754 habemus,
3361 4703 3487 4744 con-

1897 4807 2167 4856 vertamur
2193 4811 2223 4850 a
2251 4795 2334 4849 via
2358 4803 2562 4859 nostra,
2591 4807 2693 4862 qua
2722 4789 3035 4844 erravimus.
3067 4785 3334 4854 Sanguine
3364 4797 3487 4850 pre-

1901 4893 2038 4947 tioso
2068 4887 2328 4958 redempti
2349 4900 2536 4943 sumus
2565 4885 2642 4955 (ί.
2670 4882 2814 4936 Petr.
2849 4881 2926 4949 l).
2952 4880 3175 4946 Propter
3200 4886 3269 4937 te,
3302 4875 3486 4936 homo,

1903 4984 2044 5038 Deus
2084 4993 2244 5051 super
2278 4989 2475 5034 terram
2515 4979 2662 5030 visus
2707 4982 2808 5039 est,
2840 4985 2945 5026 non
2979 4971 3178 5024 habens
3213 4967 3300 5021 ubi
3329 4974 3491 5034 caput

1902 5076 2125 5133 reclinet
2168 5071 2316 5145 (Luc.
2342 5071 2395 5126 9.
2425 5070 2539 5139 58).
2573 5069 2750 5136 Papte,
2799 5080 2911 5119 rem
2957 5061 3289 5118 mirabilem!
3327 5059 3491 5128 judex

1902 5168 1968 5224 ad
1998 5165 2226 5222 tribunal
2265 5163 2474 5219 ducitur
2517 5167 2734 5232 propter
2776 5171 2935 5213 reos:
2965 5156 3070 5209 vita
3117 5164 3344 5207 mortem
3389 5165 3490 5221 gu-

1968 5348 1985 5379 ί
2017 5354 2236 5409 Βρενω.
2262 5349 2337 5392 Stc
2361 5335 2565 5409 salutari
2587 5334 2808 5409 sanguini
2831 5331 3127 5409 participare
3144 5329 3305 5409 animo
3315 5327 3494 5409 ducite,

1903 5391 2306 5470 ηερτὶὲξῖὂέέενὸ,
2353 5400 2413 5450 ab
2437 5397 2651 5470 ecclesiis
2675 5391 2914 5470 "absitiius,
2957 5391 3107 5470 neque
3146 5391 3495 5470 colloquiis}?

1905 5461 2202 5534 dulgeamus
2219 5479 2236 5515 :
2254 5461 2447 5534 stemus.
2465 5461 2588 5534 sicut
2611 5466 2908 5534 prteceptum
2923 5461 3496 5534 est,_treme1_t_tesft-t_tn_t_t-

1906 5516 2130 5591 {litauit
2169 5516 2374 5578 demisso
2396 5516 2552 5574 maesti
2565 5516 2654 5591 ,_in
2675 5516 2858 5571 terram
2881 5519 3060 5591 οευέοδε
3083 5516 3492 5591 Fatum—[’93.-

1907 5578 2247 5655 usitatum,
2273 5597 2522 5655 _Geznamus
2559 5578 2662 5655 sint?
2700 5596 2829 5640 υοεεν
2862 5585 3015 5655 ,ςρτεῖε
3026 5578 3309 5655 ἔέλῆίίῖἶηίέἕς
3336 5584 3498 5655 dier

1906 5637 2247 5713 Edél'ééi'iiii
2269 5637 2379 5713 huic
2402 5655 2592 5713 terreno
2613 5653 2659 5695 et
2676 5637 2979 5713 corruptibili
2993 5637 3040 5690 et
3055 5637 3312 5713 temporali
3323 5643 3372 5713 ﬁt
3386 5649 3497 5713 seu:

1907 5697 2040 5769 iiqu
2060 5697 2440 5778 iééi‘gisusnm;
2474 5708 2670 5778 Reliqua
2688 5707 2752 5778 _ad
2775 5697 2921 5778 fidem
2943 5716 3099 5778 usque
3123 5697 3499 5778 adeo‘dLillJ‘e-runt

1907 5759 2390 5836 HéEiéJ§éJééiisu,
2409 5759 2466 5822 ut
2490 5759 2700 5822 exséribi
2715 5768 2874 5836 omnia
2895 5759 3099 5836 Opus'sit
3123 5762 3189 5821 ei,
3225 5763 3308 5836 qui

1908 5822 2039 5890 {xiiii
2056 5822 2246 5901 ipsis
2257 5822 2618 5901 repraesentare
2661 5829 2811 5893 velit;
2854 5822 2986 5892 quod
3017 5839 3138 5876 sane
3175 5822 3307 5873 nullo
3333 5831 3496 5886 οριιω

1911 5902 2072 5968 pretio
2093 5898 2254 5951 ﬁeret.
