4100 6424
402 271 498 328 851

1343 268 1408 326 ΙΝ
1447 266 1612 326 DIE}!
1649 265 1976 325 NA'I‘ALEM
2018 266 2079 320 D.
2121 264 2184 321 Ν.
2225 264 2389 322 JESU
2429 261 2721 322 CHRISTI.

3596 278 3704 334 35!

402 395 3698 426 ’ΜΗ-Ἦ

401 498 674 544 ιιυιιιιιΑ
716 497 780 540 IN
825 492 1210 538 SEBVA'I‘ORIS
1254 490 1477 535 NOS’I‘M
1518 489 1668 532 JESU
1733 487 1958 531 CHRIS’I‘

2066 487 2209 530 DIEM
2273 490 2592 548 NATALEM,
2647 495 2756 548 QUI
2809 497 3057 549 QUIDEH
3119 501 3262 547 DIES
3319 503 3698 551 ικαοοαιτυε

479 596 696 644 Δυιιυϐ
740 594 898 638 ILHS
940 590 1364 647 TEMPOBIBUS,
1410 589 1576 632 ANTE
1619 587 1854 631 PAUCOS
1896 585 2215 630 ADMODUM
2259 589 2458 634 ANNOS
2499 593 2908 642 INNOTUBRA‘I‘
2949 601 3072 643 PI!!!
3117 602 3402 661 ALIQUOS,
3447 605 3557 660 QUI
3615 607 3698 650 BI

473 698 824 747 onerosum
867 693 1205 739 νειηκιιλκτ
1245 690 1456 744 unus
1499 687 1971 733 INDICAVERANT
2018 665 2132 751 (a).

1818 829 2243 887 om

467 982 520 1036 l.
546 979 677 1047 Quae
713 976 823 1048 jam
846 975 974 1030 olim
1017 970 1335 1043 patriarcha
1374 966 1675 1032 ardebant,
1717 965 1993 1036 prophetae
2095 965 2327 1048 vestram
2351 961 2576 1020 dicenda
2599 964 2826 1024 dederit.
2856 971 2991 1040 Quid
3019 974 3176 1045 igitur
3204 976 3462 1036 hodierno
3485 982 3575 1040 die
3597 999 3693 1040 au-

395 1072 786 1147 prrcdieebant,
815 1068 944 1138 justi
969 1078 1191 1121 cernere
1214 1061 1502 1131 cupiebant
1520 1058 1732 1130 (Matth.
1757 1058 1844 1113 13.
1870 1057 1988 1128 t7),

393 1183 459 1224 ea
485 1179 734 1229 evenere,
763 1171 818 1217 et
846 1161 1006 1216 ﬁnem
1035 1158 1293 1212 hodierno
1315 1153 1404 1210 die
1428 1158 1750 1222 acceperunt
1776 1165 1791 1203 :
1816 1149 1988 1204 Deus-

396 1275 501 1332 que
528 1272 626 1329 per
653 1269 867 1311 carnem
892 1253 945 1308 in
976 1261 1117 1307 terra
1145 1249 1293 1304 visus
1320 1254 1423 1312 est,
1449 1253 1504 1300 et
1530 1258 1654 1299 cum
1683 1238 1988 1297 hominibus

390 1359 744 1406 conversatus
756 1354 842 1402 est
860 1342 1088 1414 (Βαναεή
1124 1342 1182 1397 ‘5.
1199 1339 1313 1403 '58).
1332 1337 1672 1395 Gaudeamus
1689 1332 1912 1405 proinde
1930 1341 1988 1387 et

387 1441 736 1505 exsultemus,
754 1437 954 1494 dilecti.
971 1435 1106 1491 Nam
1122 1433 1168 1490 si
1187 1434 1421 1488 Joannes
1439 1429 1678 1486 adhuein
1697 1436 1847 1482 utero
1867 1440 1985 1480 ma-

387 1543 564 1600 terno,
589 1531 753 1588 Maria
772 1528 1101 1600 ingrediente
1114 1525 1181 1582 ad
1203 1521 1763 1591 Elizabet,exsultavit
1781 1536 1795 1574 :
1814 1518 1984 1573 multo

387 1627 561 1699 magis
580 1639 695 1688 nos,
717 1637 822 1679 non
843 1621 1086 1689 Mariam,
1102 1617 1198 1676 sed
1218 1619 1502 1690 ipsummet
1522 1616 1864 1672 Servatorem
1885 1629 1981 1668 no-

384 1729 557 1778 strum
583 1717 746 1774 hodie
772 1725 955 1772 natum
975 1714 1387 1783 conspicientes,
1411 1709 1684 1766 exsultare
1709 1716 1764 1762 et
1784 1705 1981 1779 gaudio

381 1814 580 1887 gestire
604 1827 701 1882 par
725 1819 840 1876 est;
868 1818 924 1865 et
942 1807 1216 1880 suspicere
1235 1813 1397 1874 atque
1419 1817 1540 1858 cum
1563 1810 1784 1872 stupore
1801 1797 1978 1855 admi-

381 1909 490 1963 rari
507 1902 889 1961 incarnationis
905 1900 1022 1971 ejus
1035 1894 1477 1968 magnitudinem,
1493 1892 1643 1950 omni
1657 1890 1978 1963 cogitatione

381 1999 739 2071 superiorem.
773 1995 974 2051 Tecum
999 1991 1143 2048 enim
1170 1996 1357 2059 reputa
1383 1992 1643 2057 quantum
1667 1983 1770 2051 sit,
1805 1982 1976 2037 solem

378 2108 448 2149 ex
483 2091 632 2146 czelis
668 2085 1081 2144 descendentem
1121 2081 1307 2137 videre
1345 2082 1401 2134 in
1441 2087 1584 2134 terra
1627 2082 1932 2132 currentem
1955 2112 1972 2140 ,

380 2185 670 2254 radiosque
695 2180 822 2236 hinc
841 2192 969 2234 suos
988 2174 1237 2232 omnibus
1256 2172 1609 2229 emittentem.
1632 2167 1787 2237 Quod
1806 2168 1853 2222 si
1869 2166 1975 2223 tale

374 2276 576 2348 aliquid
598 2276 652 2330 in
678 2272 860 2330 sensili
882 2271 975 2326 illo
990 2268 1243 2326 luminari
1257 2266 1530 2331 eveniens,
1547 2263 1740 2319 merito
1759 2274 1969 2363 omnes,

374 2373 638 2440 quotquot
659 2365 714 2420 id
740 2363 1018 2429 viderent,
1048 2362 1102 2416 in
1128 2369 1402 2431 stuporem
1421 2364 1669 2454 raperet:
1689 2351 1972 2454 considera

375 2474 521 2517 nunc
546 2456 676 2512 mibi
711 2464 766 2512 et
789 2453 1059 2527 perpende
1077 2494 1094 2518 ,
1123 2467 1284 2523 quam
1311 2451 1468 2520 longe
1494 2447 1668 2518 majus
1693 2447 1791 2513 sit,
1813 2445 1970 2514 justi-

373 2554 465 2609 tiae
502 2550 672 2606 solem
714 2562 784 2602 ex
820 2558 1003 2605 nostra
1039 2559 1202 2603 carne
1237 2543 1419 2600 radios
1452 2556 1581 2598 suos
1617 2539 1968 2611 ejaeulantem

371 2645 952 2718 aspicere,animasque
965 2649 1176 2697 nostras
1191 2637 1542 2694 illustrantem
1555 2675 1568 2688 .
1587 2631 1967 2690 Desiderabam

368 2753 472 2810 ego
488 2739 596 2809 jam
621 2735 826 2808 pridem
851 2735 994 2790 diem
1021 2731 1164 2787 hunc
1184 2731 1368 2785 videre
1393 2745 1408 2794 ;
1441 2728 1600 2797 idque
1623 2741 1730 2782 non
1753 2725 1964 2796 simpli-

366 2834 523 2898 citer,
551 2830 646 2885 sed
663 2843 785 2884 cum
806 2835 949 2882 tanta
981 2823 1308 2894 frequentia,
1336 2828 1534 2891 quanta
1558 2833 1701 2874 nune
1718 2819 1918 2873 adeatis
1945 2833 1961 2872 :

366 2921 767 2991 identidemque
783 2917 975 2973 intueri
1001 2914 1320 2986 exoptabam
1340 2913 1606 2968 theatrum
1627 2917 1868 2966 nostrum
1891 2911 1962 2964 ita

366 3013 648 3085 compleri,
674 3008 1125 3083 quemadmodum
1153 3019 1296 3061 nune
1308 3004 1493 3060 videre
1509 3013 1612 3059 est.
1628 3002 1796 3073 Cujus
1814 3001 1960 3057 desi-

364 3106 502 3162 derii
536 3103 646 3160 mei
681 3116 891 3160 summa
918 3099 1149 3170 denique
1184 3099 1385 3154 evenit.
1429 3096 1678 3152 Nondum
1717 3095 1959 3150 decimus

363 3210 539 3252 annus
567 3203 651 3251 est
677 3209 745 3250 ex
772 3209 879 3264 quo
906 3191 994 3247 hic
1021 3193 1136 3261 ipse
1164 3190 1280 3246 dies
1305 3188 1590 3244 manifeste
1612 3187 1770 3243 nobis
1798 3187 1955 3242 inno-

362 3287 465 3342 tuit
493 3303 508 3340 :
535 3294 771 3341 attamen
794 3325 810 3350 ,
838 3283 1064 3354 perinde
1088 3298 1151 3338 ac
1175 3283 1222 3337 si
1241 3282 1352 3352 jam
1379 3281 1504 3336 olim
1533 3295 1567 3335 a
1597 3280 1777 3334 multis
1802 3280 1956 3336 annis

361 3379 519 3434 nobis
543 3376 772 3432 traditus
795 3383 958 3441 esset,
981 3375 1054 3429 ita
1078 3388 1237 3443 opera
1265 3382 1439 3428 vestra
1465 3372 1764 3428 celebratus
1787 3370 1955 3426 incla-

358 3472 491 3526 ruit.
525 3471 700 3538 Quare
729 3483 834 3524 non
862 3467 1142 3534 erraverit,
1171 3466 1258 3536 qui
1289 3464 1538 3521 eumdem
1569 3479 1765 3519 novum
1795 3463 1954 3518 simul

359 3570 419 3618 et
460 3563 736 3632 antiquum
783 3566 1055 3627 nuncupet
1083 3575 1096 3610 :
1129 3570 1325 3611 novum
1372 3555 1586 3626 quidem
1629 3553 1773 3626 quod
1811 3568 1954 3610 nunc

357 3657 578 3712 demum
607 3655 750 3709 illius
777 3652 962 3706 notitia
988 3650 1056 3704 ad
1081 3664 1177 3703 nos
1205 3647 1534 3718 pervenerit;
1559 3649 1834 3718 antiquum
1860 3662 1952 3703 ve-

358 3763 422 3803 ro
448 3757 502 3802 et
528 3753 816 3811 vetustum,
839 3741 980 3814 quod
1005 3741 1251 3796 celeriter
1273 3739 1651 3795 vetustioribus
1676 3748 1834 3794 aetate
1859 3753 1952 3794 ve-

359 3839 440 3895 lut
458 3853 654 3909 suppar
673 3835 914 3892 redditus
933 3835 1022 3900 sit,
1047 3844 1098 3888 et
1124 3831 1190 3887 ad
1212 3832 1452 3888 eamdem
1476 3846 1598 3886 cum
1625 3833 1756 3902 ipsis
1775 3833 1948 3888 aetatis

359 3943 668 3986 mensuram
711 3925 1032 3998 pervenerit.
1074 3923 1145 3980 Ut
1171 3923 1314 3980 enim
1343 3937 1618 3994 generosa:
1651 3931 1706 3979 et
1742 3923 1948 3979 nobiles

353 4022 552 4092 stirpes
578 4017 735 4074 simul
757 4028 918 4089 atque
945 4028 1103 4072 terra:
1128 4016 1434 4071 inseruntur
1457 4059 1473 4083 ,
1505 4017 1666 4072 etiam
1699 4016 1949 4073 celeriter

354 4114 411 4170 in
431 4111 762 4168 altitudinem
781 4123 1028 4179 magnam
1046 4116 1410 4175 succrescunt,
1435 4106 1796 4179 fructibusque
1814 4125 1945 4164 one-

351 4217 542 4264 rantur
574 4224 588 4261 :
617 4221 724 4261 non
749 4204 902 4260 aliter
927 4203 1014 4258 hic
1037 4203 1152 4257 dies
1175 4244 1190 4270 ,
1217 4218 1339 4257 cum
1371 4201 1439 4257 ab
1466 4202 1686 4260 exordio
1715 4203 1780 4258 iis
1802 4244 1817 4268 ,
1853 4204 1944 4274 qui

354 4301 410 4356 in
441 4299 730 4356 Occidente
758 4297 1034 4360 habitant,
1063 4295 1308 4365 cognitus
1344 4293 1544 4361 fuerit,
1573 4310 1715 4350 nunc
1741 4295 1808 4350 ad
1845 4311 1945 4350 nos

354 4391 572 4447 demum
604 4404 708 4443 non
736 4397 862 4442 ante
888 4385 1084 4440 multos
1110 4400 1283 4440 annos
1309 4385 1652 4439 transmissus
1677 4427 1692 4452 ,
1722 4398 1944 4456 repente

355 4484 428 4537 ita
471 4480 734 4546 increvit,
774 4479 1043 4548 talemque
1083 4475 1202 4531 tulit
1238 4475 1502 4543 fructum,
1545 4477 1756 4546 qualem
1803 4494 1946 4535 nunc

354 4586 576 4629 cernere
597 4572 740 4638 licet,
763 4570 927 4640 septis
949 4568 1146 4624 nostris
1167 4567 1362 4638 ubique
1384 4567 1614 4635 refertis,
1639 4572 1944 4642 temploque

353 4665 606 4720 universo
643 4678 754 4733 prae
795 4660 1132 4716 multitudine
1170 4659 1604 4715 concurrentium
1639 4671 1939 4731 angustato.

352 4757 472 4826 Quo
493 4765 674 4811 vestro
703 4762 808 4807 tam
837 4762 1084 4821 prompto
1116 4751 1293 4806 studio
1319 4751 1536 4821 dignum
1572 4753 1847 4821 praemium
1877 4755 1945 4810 ab

353 4865 420 4906 eo
440 4890 456 4915 ,
483 4848 571 4918 qui
603 4847 760 4901 hodie
792 4844 1084 4901 secundum
1113 4859 1328 4902 carnem
1358 4845 1600 4900 Chrisms
1630 4856 1784 4901 natus
1820 4859 1905 4903 est
1926 4889 1942 4915 ,

353 4948 697 5008 exspectate:
721 4937 812 4992 ille
839 4936 988 4991 vobis
1014 4935 1152 4990 bane
1178 4936 1505 4992 alacritatem
1533 4938 1745 4994 abunde
1765 4954 1946 4996 remu-

352 5030 666 5096 nerabitur;
713 5029 1000 5084 maximum
1045 5027 1306 5097 siquidem
1349 5044 1473 5098 erga
1517 5041 1698 5084 natum
1745 5034 1943 5088 amoris

354 5122 606 5176 indicium
637 5130 720 5176 est
747 5120 982 5176 studium
1021 5119 1280 5174 hodierno
1309 5119 1395 5174 die
1426 5121 1741 5190 impensum.
1791 5122 1944 5190 Quod

353 5213 399 5267 si
426 5212 677 5268 nonnulla
718 5214 880 5267 etiam
915 5226 944 5266 a
979 5211 1133 5266 nobis
1170 5211 1444 5266 conservis
1477 5215 1667 5268 vestris
1702 5213 1769 5268 ad
1807 5215 1944 5269 hanc

354 5317 469 5357 rem
493 5300 736 5356 facientia
763 5301 939 5356 afferri
970 5309 1232 5371 oporteat,
1257 5316 1319 5355 ea
1347 5300 1580 5357 feremus
1600 5317 1654 5359 et
1681 5319 1800 5368 nos,
1823 5321 1942 5375 qua:

357 5395 682 5464 poterimus;
709 5394 793 5450 vel
815 5395 1011 5464 potius,
1039 5409 1157 5465 qua:
1177 5393 1353 5448 divina
1379 5397 1548 5465 gratia
1568 5395 1636 5452 ad
1661 5397 1942 5453 utilitatem

411 5639 428 5671 ι
467 5637 575 5688 Duo
597 5639 700 5682 Mss.
734 5665 752 5694 ,
771 5643 866 5682 non
889 5642 1174 5695 possumus;
1209 5639 1262 5682 et
1283 5645 1415 5694 mox,
1438 5631 1752 5687 lmmiamur.

415 5739 486 5796 tu)
508 5733 690 5784 Collata
714 5745 822 5782 cum
847 5732 960 5784 Ms-t.
985 5734 1146 5799 Regiis
1169 5733 1310 5795 l959,
1330 5735 1472 5798 2026,
1496 5738 1638 5802 2028,
1662 5742 1810 5792 2343.

661 5816 927 5883 Parnm.
977 5827 1092 5887 Gn.
1139 5827 1364 5892 XLIX.

1807 5907 1880 5925 -έασ

2094 1047 2211 1142 dire
2238 1054 2470 1122 cupitis?
2501 1057 2627 1126 quid
2652 1060 2819 1128 aliud,
2847 1078 3006 1134 quam
3031 1067 3100 1122 de
3126 1069 3228 1125 hoe
3253 1071 3370 1142 ipso
3397 1073 3525 1131 die?
3553 1075 3688 1134 Nam

2092 1141 2294 1200 multos
2312 1145 2471 1200 etiam
2493 1164 2637 1206 nunc
2657 1152 2796 1208 inter
2812 1170 2872 1211 se
2891 1156 2960 1212 de
2979 1173 3046 1213 eo
3067 1160 3181 1230 ipso
3199 1141 3496 1236 disceptare
3517 1171 3687 1240 probe

2091 1233 2218 1290 novi
2248 1253 2262 1292 :
2293 1246 2350 1293 et
2383 1238 2484 1296 hos
2516 1243 2731 1314 quidem
2772 1247 2918 1304 illum
2962 1233 3394 1326 reprehendere,
3423 1233 3559 1318 alios
3587 1264 3684 1319 de—

2091 1326 2338 1396 fendere;
2367 1335 2565 1390 multus
2595 1339 2789 1409 ubique
2816 1341 2884 1398 de
2907 1343 3006 1400 hoc
3034 1345 3121 1402 die
3149 1363 3348 1418 sermo,
3377 1355 3570 1424 partim
3599 1357 3680 1412 in.

2088 1421 2410 1490 cusantium,
2441 1427 2590 1495 quasi
2618 1444 2787 1486 novus
2816 1433 2906 1502 sit,
2933 1450 3182 1509 nuncque
3208 1421 3396 1498 recens
3419 1446 3678 1514 invectus,

2088 1511 2281 1580 partim
2311 1516 2558 1572 eumdem
2589 1526 3039 1594 propugnantium
3061 1571 3077 1596 ,
3107 1539 3377 1602 tamquam
3405 1511 3680 1608 antiquum

2085 1617 2150 1659 ac
2175 1615 2477 1676 vetustum;
2509 1626 2630 1666 cum
2658 1625 2711 1670 et
2740 1615 2869 1671 olim
2900 1621 3228 1678 nativitatem
3261 1626 3379 1696 ejus
3409 1630 3682 1699 prOphetzc

2085 1695 2450 1790 praedixerint,
2470 1710 2528 1758 et
2545 1703 2655 1772 jam
2687 1705 2810 1763 inde
2835 1724 2867 1764 a
2896 1712 3190 1780 primordio
3215 1695 3426 1790 abiipsa
3449 1695 3677 1780 Thracia

2085 1783 2264 1842 Gades
2281 1803 2449 1860 usque
2470 1793 2825 1856 incolentibus
2845 1802 3156 1861 manifestus
3177 1818 3232 1862 et
3250 1783 3476 1867 celebris
3495 1814 3674 1871 fuerit.

2086 1874 2330 1946 Agedum
2369 1882 2529 1952 igitur
2552 1925 2570 1952 ,
2603 1885 2669 1942 de
2709 1887 2858 1945 hisce
2896 1905 3200 1951 sermonem
3231 1901 3588 1959 exordiamur.
3623 1908 3678 1962 Si

2083 1969 2229 2024 enim
2254 1969 2342 2027 hic
2369 1973 2483 2045 ipse
2504 1977 2620 2033 dies
2646 1979 2822 2037 adhuc
2848 1983 2900 2038 in
2925 1983 3310 2058 disceptatione
3335 1995 3538 2062 positus
3565 2005 3677 2053 tan-

2084 2067 2141 2117 ta
2168 2062 2334 2120 animi
2360 2068 2522 2122 vestri
2550 2073 2906 2142 propensione
2932 2075 3147 2146 fruitur,
3177 2083 3359 2153 utique
3384 2085 3431 2140 si
3457 2089 3634 2144 notior
3656 2130 3672 2154 ,

2079 2162 2239 2224 atque
2257 2157 2394 2252 adeo
2415 2161 2730 2221 manifestus
2750 2167 2960 2234 evadat,
2983 2169 3124 2227 haud
3147 2173 3306 2231 dubie
3326 2177 3484 2250 longe
3505 2181 3674 2252 majo-

2079 2261 2194 2302 rem
2216 2248 2439 2320 hujusce
2456 2253 2618 2310 studii
2638 2258 2803 2313 vestri
2823 2259 3057 2318 fructum
3079 2267 3355 2338 percipiet,
3379 2248 3671 2343 perspicui-

2079 2345 2207 2406 tate,
2231 2356 2349 2411 quae
2370 2358 2436 2399 ex
2459 2345 2560 2402 hac
2579 2347 2803 2408 docendi
2824 2354 3031 2412 ratione
3051 2369 3317 2426 nascetur,
3345 2361 3481 2420 hanc
3499 2367 3666 2436 ipsam

2075 2431 2240 2486 animi
2267 2437 2429 2492 vestri
2457 2438 2793 2498 affectionem
2817 2446 3075 2517 majorem
3112 2451 3164 2505 in
3193 2453 3343 2508 vobis
3381 2431 3666 2515 efficiente.

2150 2521 2329 2583 Tribus
2371 2526 2881 2590 demonstrationibus
2911 2539 3088 2606 probat
3127 2558 3185 2596 eo
3227 2552 3447 2616 tempore
3491 2559 3666 2608 natum

2072 2631 2180 2670 esse
2209 2616 2482 2676 Christum.
2530 2621 2805 2696 Evangelii
2843 2631 3135 2700 prtedicatio
3170 2637 3354 2705 qualis.
3385 2669 3457 2678 —
3487 2639 3670 2698 Habeo

2074 2723 2235 2771 porro
2265 2721 2373 2767 tres
2399 2713 2466 2770 ad
2494 2715 2825 2783 probandum
2853 2720 3344 2783 demonstrationes
3369 2769 3383 2794 ,
3416 2747 3511 2801 per
3535 2749 3670 2804 quas

2071 2804 2288 2860 omnino
2316 2807 2662 2878 intelligimus
2689 2811 2793 2869 hoe
2824 2815 2996 2884 ipsum
3023 2833 3144 2874 esse
3173 2830 3411 2891 tempus,
3441 2841 3548 2895 quo
3574 2828 3665 2882 le-

2068 2907 2161 2949 sus
2181 2895 2426 2953 Christus
2448 2900 2704 2959 Dominus
2721 2917 2905 2962 noster
2921 2923 2985 2964 ac
3001 2909 3142 2966 Deus
3159 2911 3390 2969 Verbum
3416 2920 3468 2970 in
3491 2918 3662 2975 lucem

2067 2993 2155 3041 est
2178 2987 2370 3044 editus.
2405 2990 2639 3058 Quarum
2681 2996 2799 3051 haec
2835 2998 3006 3067 prima
3045 3011 3144 3066 est,
3195 3004 3337 3073 quod
3392 3017 3534 3063 tanta
3574 3025 3667 3064 οε·-

2065 3074 2276 3134 leritate
2299 3093 2698 3152 quaquaversus
2727 3087 2827 3140 hoc
2857 3088 3049 3144 festum
3075 3090 3445 3150 denuntiatum
3474 3099 3576 3164 sit,
3607 3109 3663 3154 et

2066 3166 2137 3221 ad
2169 3175 2376 3225 tantum
2403 3169 2673 3244 fastigium
2703 3179 3033 3245 excreverit,
3059 3181 3300 3254 adeoque
3329 3186 3656 3245 inclaruerit.

2065 3258 2135 3314 Et
2156 3261 2299 3332 quod
2325 3261 2586 3321 Gamaliel
2611 3267 2679 3324 de
2720 3269 3097 3338 praedicatione
3120 3275 3253 3330 dixit
3281 3294 3294 3330 :
3327 3279 3587 3348 Quoniam
3613 3285 3657 3339 si

2060 3359 2145 3406 est
2179 3367 2250 3408 ex
2277 3353 2583 3414 hominibus
2605 3398 2621 3425 ,
2667 3359 3020 3431 dissolvetur;
3069 3366 3112 3420 si
3139 3383 3270 3422 vero
3303 3385 3369 3425 ex
3401 3371 3511 3429 Deo
3535 3386 3652 3438 est.

2060 3459 2165 3498 non
2195 3449 2419 3515 potestis
2449 3449 2466 3481 ¹
2492 3449 2787 3510 dissolvere
2817 3455 2946 3511 illud
2967 3499 2982 3525 ,
3014 3474 3081 3514 ne
3109 3460 3246 3516 forte
3274 3472 3329 3518 et
3357 3465 3466 3520 Deo
3494 3483 3658 3538 repu-

2057 3549 2225 3605 gnare
2255 3539 2600 3598 inveniamini
2632 3543 2765 3615 (Act.
2791 3546 2842 3601 5.
2872 3547 2961 3603 58.
2989 3549 3078 3621 39)
3107 3569 3119 3605 :
3151 3551 3254 3608 hoc
3278 3563 3333 3610 et
3357 3571 3456 3626 ego
3485 3558 3657 3615 fideno

2061 3636 2145 3683 ter
2168 3629 2237 3686 de
2259 3631 2349 3688 die
2373 3633 2476 3690 hoc
2496 3638 2950 3705 pronuntiaverim
2976 3661 2990 3697 :
3013 3646 3266 3712 quoniam
3289 3663 3356 3703 ex
3381 3649 3491 3706 Deo
3516 3652 3657 3710 Deus

2061 3717 2415 3784 Verbum,est
2447 3725 2649 3782 idcirco
2677 3744 2783 3784 non
2810 3731 2983 3786 solum
3012 3749 3118 3788 non
3148 3735 3464 3794 dissolutum
3491 3757 3652 3800 esse:

2055 3811 2181 3880 quin
2223 3815 2397 3882 petius
2442 3832 2542 3888 per
2571 3835 2742 3876 annos
2775 3823 3014 3893 singulos
3054 3828 3227 3896 majus
3265 3830 3652 3892 incrementum

2055 3916 2270 3960 sumere
2297 3906 2687 3979 clarioremque
2720 3913 2950 3970 evadere
2977 3932 2990 3968 :
3020 3919 3273 3986 quoniam
3302 3929 3358 3975 et
3386 3921 3477 3978 illa
3511 3941 3653 3995 pra:-

2054 3994 2251 4052 dicatio
2268 4013 2560 4068 paucorum
2583 4017 2846 4061 annorum
2867 4009 3040 4078 spatio
3060 4011 3365 4069 universum
3388 3994 3652 4077 terrarum

2053 4088 2240 4144 orbem
2280 4093 2593 4162 occupavit;
2626 4110 2950 4168 quamquam
2992 4103 3344 4160 tentoriorum
3384 4109 3646 4180 opiﬁces,

2055 4179 2365 4249 piscatores,
2388 4183 2657 4242 literarum
2676 4188 2836 4244 rudes
2855 4200 2909 4246 et
2930 4192 3160 4264 imperiti
3182 4196 3425 4257 homines
3446 4179 3641 4270 essent,

2052 4272 2142 4364 qui
2187 4273 2330 4329 illam
2360 4291 2764 4347 quoquoversus
2789 4281 3086 4350 perferrent
3113 4303 3129 4340 :
3161 4303 3334 4358 neque
3362 4291 3647 4364 quidquam

2051 4362 2419 4421 ministrorum
2461 4368 2639 4424 vilitas
2685 4373 2907 4439 nocuit,
2959 4390 3078 4431 cum
3125 4382 3356 4448 potentia
3401 4362 3523 4452 ejus
3559 4392 3648 4454 qui

2052 4457 2472 4526 przedicabatur,
2505 4462 2685 4518 omnia
2713 4466 3030 4537 anticiparet
3052 4510 3069 4536 ,
3103 4471 3484 4543 impedimenta
3517 4482 3645 4535 sub-

2052 4558 2314 4618 moveret,
2343 4565 2407 4607 ae
2430 4567 2581 4610 suam
2610 4555 2719 4610 vim
2747 4570 3041 4617 exsereret.

2120 4639 2176 4696 2.
2218 4643 2394 4699 Altera
2407 4643 2790 4705 demonstratio.
2812 4650 2898 4706 Ea:
2914 4661 3136 4725 tempore
3153 4657 3505 4729 descriptionis
3520 4670 3646 4716 τεθη-

2059 4752 2158 4806 pus
2191 4737 2501 4793 Nativitatis
2537 4749 2704 4808 patet.
2729 4773 2796 4782 ——
2821 4743 2978 4808 Quod
3007 4745 3054 4798 si
3083 4745 3206 4814 quis
3227 4745 3369 4802 forte
3393 4751 3642 4819 pervica-

2063 4828 2197 4896 cior,
2221 4828 2328 4883 illis
2356 4847 2478 4900 quae
2502 4830 2647 4888 dicta
2682 4840 2811 4888 sunt.
2835 4849 2946 4888 non
2973 4836 3280 4905 acquiescat
3311 4856 3324 4891 :
3357 4846 3441 4894 est
3471 4840 3640 4897 altera

2057 4921 2468 4984 demonstratio.
2487 4939 2646 4992 quam
2664 4923 2973 4980 aﬂ‘eremus.
2993 4924 3123 4991 Quae
3139 4942 3270 4983 vero
3284 4928 3420 4984 ista?
3435 4929 3566 4997 Quae
3582 4932 3636 4987 in

2059 5004 2424 5076 descriptione
2444 5009 2554 5074 illa,
2577 5011 2732 5079 cujus
2748 5009 3035 5082 Evangelia
3058 5015 3392 5073 mentionem
3409 5017 3634 5086 faciunt,

2059 5095 2163 5150 sita
2179 5105 2279 5151 est.
2304 5097 2531 5152 Factum
2552 5110 2626 5153 est
2650 5102 2808 5168 enim,
2827 5102 3006 5172 inquit
3022 5106 3354 5176 evangelista
3378 5109 3528 5178 (Luc.
3554 5113 3632 5180 2),

2047 5196 2103 5243 in
2131 5190 2303 5244 diebus
2326 5190 2428 5244 illis
2449 5231 2468 5259 ,
2493 5198 2617 5246 exiit
2638 5197 2860 5248 edictum
2887 5211 2920 5251 a
2947 5199 3148 5252 Cazsare
3171 5203 3398 5271 Augusto
3418 5242 3434 5268 ,
3463 5213 3519 5256 ut
3555 5203 3638 5256 tle—

2048 5283 2345 5338 scriberetur
2371 5284 2630 5341 uniuersus
2654 5285 2806 5342 orbis.
2848 5286 2976 5343 Htec
3013 5290 3287 5362 descriptio
3318 5295 3481 5364 prima
3505 5298 3647 5368 [item

2049 5381 2121 5427 est
2147 5373 2361 5445 praeside
2397 5373 2566 5446 Syria:
2589 5376 2823 5442 Cyrenio.
2858 5378 2926 5433 Et
2950 5381 3090 5436 ibant
3126 5401 3298 5439 omnes
3315 5426 3330 5450 ,
3357 5395 3410 5438 ut
3437 5386 3634 5454 proﬁte-

2049 5473 2242 5530 rentur,
2269 5466 2456 5537 singuli
2479 5467 2802 5523 inanitatem
2827 5488 2991 5526 suam.
3023 5473 3256 5549 Ascendit
3281 5484 3451 5529 autem
3470 5486 3518 5530 et
3540 5473 3641 5530 Io-

2048 5561 2175 5630 seph
2198 5576 2229 5613 a
2257 5557 2471 5614 Galilwa
2496 5562 2558 5614 de
2582 5562 2781 5616 civitate
2810 5562 3070 5619 Nazaretlt
3095 5567 3148 5621 in
3175 5565 3414 5622 Judwam
3437 5608 3456 5634 ,
3484 5569 3537 5622 in
3562 5570 3638 5623 eis

2049 5652 2250 5706 nitatem
2288 5649 2456 5706 Dauid
2477 5692 2493 5720 ,
2522 5667 2636 5723 qua:
2661 5663 2869 5710 uocatur
2893 5654 3182 5730 Bethlehetn
3205 5700 3220 5724 ,
3251 5675 3308 5714 eo
3347 5659 3484 5731 quod
3515 5675 3641 5714 esset

2043 5750 2112 5802 de
2146 5740 2297 5796 domo
2330 5753 2375 5796 et
2410 5742 2608 5814 familia
2651 5743 2815 5802 David
2841 5762 2860 5803 :
2886 5758 2938 5802 ut
2975 5750 3294 5821 proﬁteretur
3329 5767 3442 5805 cum
3477 5751 3642 5808 Maris

3219 5838 3298 5900 2'2
