4100 6448
504 339 607 393 355

505 460 814 522 desponsata
852 449 949 506 sibi
988 460 1144 502 uxore
1183 451 1492 514 prazgnantc.
1538 435 1754 491 Factum
1780 445 1849 490 est
1882 443 2050 489 autem
2076 477 2089 499 ,

502 565 620 604 cum
656 553 816 602 essent
853 543 920 596 ibi
945 583 958 606 ,
986 537 1174 609 impleti
1204 543 1321 589 sunt
1357 533 1463 587 dies
1489 539 1542 584 ut
1569 538 1764 602 pareret
1790 544 1807 582 :
1831 537 1876 581 et
1905 527 2094 598 peperit

505 641 670 706 litium
697 653 844 693 suum
875 629 1258 704 primogenitum
1284 666 1300 691 ,
1325 635 1374 679 et
1416 624 1597 694 pannis
1637 637 1750 675 eum
1782 618 2016 684 involvit,
2048 626 2096 670 et

504 731 765 786 reclinavit
793 743 905 781 eum
942 724 995 778 in
1037 721 1278 791 prtesepio
1305 736 1322 772 :
1347 718 1467 788 quia
1496 732 1596 770 non
1632 723 1739 769 erat
1770 713 1838 766 eis
1877 713 2015 766 locus
2044 712 2096 764 in

507 821 801 878 diversorio.
829 820 907 872 Ex
933 817 1015 870 his
1039 815 1224 884 liquet,
1253 813 1439 880 primre
1465 807 1836 876 descriptionis
1859 815 2098 874 tempore

510 925 692 970 natum
724 926 862 966 esse.
897 909 965 964 Et
991 908 1074 962 cui
1103 915 1310 960 veteres
1350 901 1690 956 historiarum
1730 897 1942 952 codices
1965 937 1980 961 ,
2009 896 2097 966 qui

510 1008 694 1062 Romae
721 1001 927 1073 publice
953 1007 1323 1059 asservantur,
1356 993 1595 1046 lectitare
1626 991 1785 1044 libeat
1805 1031 1819 1053 ,
1849 986 2101 1057 perfacile

507 1099 669 1153 etiam
701 1107 906 1163 tempus
937 1092 1088 1161 hujus
1115 1087 1488 1157 descriptionis
1514 1093 1758 1138 accurate
1778 1082 1985 1136 discere
2010 1096 2100 1147 po-

509 1194 655 1249 terit.
686 1191 952 1246 Ca‘tcrnni
981 1187 1106 1253 quid
1135 1186 1234 1238 hoc
1260 1184 1322 1236 ad
1355 1197 1451 1236 nos
1479 1180 1619 1234 dicat
1647 1179 1854 1247 aliquis,
1881 1176 1969 1246 qui
1999 1176 2105 1230 illic

511 1301 685 1357 neque
715 1300 898 1339 sumus
927 1296 1098 1350 neque
1141 1279 1332 1332 luimus
1365 1273 1653 1344 umquam?
1685 1273 1972 1335 Ausculta;
2005 1286 2102 1323 nc-

511 1393 615 1450 que
635 1376 864 1438 difﬁdas,
895 1377 1016 1444 quia
1042 1371 1232 1425 abillis
1255 1368 1343 1438 qui
1366 1375 1604 1422 exactam
1633 1365 1789 1432 hujus
1817 1364 1890 1416 rei
1920 1359 2103 1429 cogni-

512 1471 714 1526 tionem
746 1465 938 1520 habent
972 1464 1166 1533 quique
1196 1461 1338 1514 illam
1381 1458 1564 1512 urbem
1599 1454 1932 1518 inhabitant,
1966 1453 2106 1505 hunc

512 1562 657 1615 diem
681 1556 984 1625 accepimus
1010 1573 1024 1608 :
1047 1569 1165 1606 nam
1193 1551 1267 1604 illi
1293 1549 1412 1619 ipsi,
1439 1549 1527 1618 qui
1554 1547 1658 1600 illic
1684 1554 2104 1609 commorantur,

515 1652 684 1707 multo
704 1659 826 1703 ante
847 1655 901 1702 et
919 1663 980 1700 ex
1006 1645 1218 1713 antiqua
1243 1641 1524 1696 traditione
1550 1638 1722 1708 ipsum
1745 1636 2104 1702 celebrantes,

515 1741 583 1797 ad
614 1754 713 1795 nos
739 1753 906 1808 usque
936 1735 1077 1790 illius
1107 1733 1348 1787 notitiam
1380 1745 1517 1784 nunc
1545 1728 1972 1783 transmiserunt.
2006 1724 2111 1780 Nc-

516 1848 622 1905 que
657 1832 802 1903 enim
841 1826 1169 1897 evangelista
1209 1823 1525 1895 simpliciter
1553 1821 1707 1876 nobis
1741 1819 1870 1874 illud
1900 1828 2110 1887 tempus

517 1925 802 1988 indicavit;
832 1921 925 1976 sed
954 1921 1047 1984 ita,
1080 1926 1138 1972 ut
1162 1917 1320 1972 etiam
1351 1929 1454 1968 una
1487 1914 1627 1968 hunc
1651 1911 1793 1967 diem
1817 1909 1972 1965 nobis
1999 1923 2112 1962 ma-

519 2016 769 2072 nifestum
802 2011 1047 2067 redderet
1077 2019 1129 2062 et
1158 2006 1492 2076 exploratum
1517 2045 1532 2071 ,
1563 2003 1762 2072 Deique
1791 1999 2115 2055 incarnatio-

519 2123 642 2162 nem
675 2107 1016 2175 patefaceret.
1052 2099 1236 2169 Neque
1263 2099 1404 2151 enim
1432 2103 1621 2165 su0pte
1647 2093 1899 2162 impulsu,
1931 2101 2023 2145 aut
2045 2105 2113 2145 ex

518 2213 580 2253 se
608 2197 724 2268 ipso
755 2196 1024 2263 Augustus
1063 2191 1294 2245 edictum
1326 2189 1428 2241 hoc
1455 2185 1844 2257 promulgavit,
1876 2183 1970 2238 sed
2001 2181 2112 2237 Deo

519 2290 756 2343 animum
803 2287 969 2355 ipsius
1014 2283 1349 2346 concitante,
1397 2288 1456 2333 ut
1494 2277 1580 2332 vel
1623 2276 1818 2331 invitus
1866 2273 2115 2330 adventui

521 2378 793 2450 linigeniti
819 2376 1170 2432 subserviret.
1201 2377 1270 2428 At
1295 2372 1420 2442 quid
1449 2371 1584 2434 hoc,
1614 2370 1790 2440 inquis
1809 2410 1824 2434 ,
1851 2366 1918 2422 ad
1942 2367 2115 2421 incar-

521 2471 795 2527 nationem
827 2467 1210 2523 ostendendam
1236 2462 1490 2518 momenti
1513 2460 1708 2516 habet?
1730 2459 1845 2514 Non
1868 2473 2113 2529 parvum,

522 2563 737 2628 dilecte,
767 2575 940 2631 neque
967 2559 1138 2614 ubivis
1164 2556 1377 2610 obvium
1398 2595 1412 2621 ,
1444 2553 1538 2608 sed
1568 2567 1817 2623 magnum
1849 2550 2070 2614 omnino
2100 2566 2113 2602 :

522 2657 765 2724 adeoque
796 2667 958 2707 unum
985 2667 1049 2704 ex
1080 2649 1144 2704 iis
1171 2650 1272 2702 hoc
1295 2657 1408 2710 est,
1437 2660 1557 2716 quae
1583 2643 1888 2700 necessario
1917 2657 1978 2697 ac
2005 2654 2118 2696 stu-

523 2747 678 2802 diose
707 2751 1034 2814 qumruntur.
1067 2739 1236 2808 Quale
1266 2736 1480 2792 tandem
1509 2735 1678 2791 illud?
1723 2734 1942 2792 Galiltea
1970 2735 2118 2804 regio

524 2836 770 2908 qua-dam
799 2841 881 2888 est
897 2833 1227 2897 Palmstinaa;
1255 2827 1516 2885 Nazareth
1538 2839 1716 2882 autem
1744 2828 1796 2882 in
1821 2843 1882 2882 ea
1904 2827 2114 2882 civitas.

525 2929 732 2984 llursus
755 2925 941 2982 Judrea
971 2925 1118 2994 regio
1143 2933 1244 2984 est,
1271 2922 1339 2976 ab
1365 2921 1628 2991 indigenis
1654 2919 1757 2975 hoc
1781 2920 1999 2974 nomine
2023 2933 2119 2974 vo-

523 3021 719 3084 citata;
752 3015 1064 3073 Bethlehem
1085 3029 1214 3070 vero
1239 3013 1438 3068 Judaea:
1461 3013 1672 3067 civitas.
1701 3011 1968 3067 Christum
1997 3026 2120 3081 por-

525 3127 590 3169 ro
632 3124 822 3166 omnes
867 3107 1143 3179 prophetae
1175 3105 1533 3176 praedixerant
1555 3145 1572 3174 ,
1602 3119 1708 3160 non
1739 3119 1769 3159 a
1812 3102 2072 3159 Nazareth
2101 3145 2118 3172 ,

525 3207 622 3263 sed
649 3221 678 3260 λ
709 3203 1026 3260 Betlrlehem
1058 3210 1370 3264 venturum,
1404 3200 1617 3269 illicqne
1645 3197 1990 3254 nasciturum.
2046 3197 2120 3252 lta

525 3298 672 3354 enim
715 3296 975 3365 scriptum
1005 3304 1088 3348 est
1119 3310 1134 3348 :
1164 3291 1230 3346 Et
1260 3302 1313 3346 tu
1343 3289 1635 3344 Bethlehem
1666 3299 1802 3343 terra
1826 3289 1967 3342 Juda
1991 3328 2006 3354 ,
2035 3303 2124 3341 ne-

526 3405 776 3464 quaquam
819 3389 1032 3442 minima
1073 3403 1125 3440 es
1160 3385 1213 3440 in
1250 3381 1560 3454 principibus
1591 3380 1755 3436 Iuda.
1803 3381 1962 3436 Exte
1989 3383 2123 3434 enim

535 3484 666 3537 exict
694 3481 820 3535 Dux
847 3521 861 3543 ,
890 3480 974 3549 qui
999 3488 1133 3546 reget
1163 3475 1407 3548 populum
1436 3487 1601 3527 meum
1628 3471 1796 3526 Israel
1823 3470 2032 3540 (Matth.
2064 3470 2118 3526 2.

529 3575 566 3628 ϐ
609 3588 624 3637 ;
658 3571 816 3624 Mich.
847 3571 900 3626 5.
930 3567 1028 3640 2).
1073 3568 1139 3620 Et
1179 3565 1349 3620 Judaei
1392 3563 1520 3617 olim
1559 3567 1626 3617 ab
1655 3561 1866 3617 Herode
1896 3561 2126 3615 interro-

528 3665 660 3736 gati,
691 3663 779 3718 ubi
813 3671 1124 3716 nasceretur
1151 3658 1396 3712 Christus
1424 3697 1438 3720 ,
1471 3657 1572 3710 hoc
1599 3656 1770 3723 ipsum
1799 3655 1852 3709 ei
1882 3654 2123 3708 testimo-

529 3758 677 3811 nium
707 3754 1023 3809 retulerunt.
1073 3751 1220 3804 Hanc
1247 3749 1490 3803 eamdem
1527 3747 1597 3802 ob
1625 3761 1840 3800 causam
1873 3746 2126 3814 loquente

530 3844 857 3902 Nathanaele
884 3843 950 3895 ad
982 3839 1304 3911 Philippum,
1323 3848 1610 3910 postquam
1633 3837 1680 3890 ei
1703 3837 1921 3900 dicenti,
1946 3834 2127 3888 Iesum

531 3956 566 3993 a
596 3935 859 3991 Nazareth
885 3934 1162 3988 invenimus
1184 3931 1362 4004 (Joan.
1399 3931 1448 3984 1.
1480 3929 1712 3998 45-47),
1743 3928 2124 3995 rcSpondisset,

536 4033 580 4084 Α
609 4027 870 4083 Nazaretlt
901 4035 1063 4097 potest
1091 4024 1285 4093 aliquid
1315 4022 1429 4075 boni
1467 4037 1573 4075 esse
1592 4020 1618 4074 ?
1644 4020 1890 4074 Christus
1916 4019 1982 4073 de
2013 4019 2128 4087 ipso

529 4120 611 4175 ait
640 4139 654 4174 :
683 4117 815 4172 Ecce
840 4131 952 4171 vere
977 4114 1214 4169 Israelita
1241 4155 1256 4179 ,
1285 4113 1338 4166 in
1369 4129 1472 4183 quo
1512 4111 1658 4165 dolus
1688 4127 1787 4162 non
1827 4118 1918 4163 est.
1967 4107 2130 4177 Cujus

532 4221 712 4267 autem
747 4209 824 4264 rei
850 4209 1018 4280 gratia
1047 4209 1218 4277 ipsum
1252 4207 1320 4259 ita
1351 4203 1784 4259 commendavit?
1809 4201 1961 4268 Quod
1993 4217 2132 4255 nuu-

533 4304 612 4361 tio
641 4304 730 4359 illo
770 4302 996 4371 Philippi
1038 4315 1143 4355 non
1194 4298 1433 4369 protinus
1476 4295 1636 4351 fuerit
1674 4296 1929 4363 abreptus
1963 4309 1975 4343 :
2007 4307 2128 4346 nam

537 4395 824 4451 manifeste
847 4396 1109 4463 planeque
1129 4391 1353 4456 sciebat,
1382 4405 1554 4458 neque
1575 4389 1629 4442 in
1650 4384 1934 4453 Nazareth,
1959 4398 2131 4454 neque

538 4491 592 4544 in
622 4488 839 4542 Gadilaea
863 4485 1134 4540 Christum
1161 4482 1309 4536 nasci
1339 4483 1561 4546 debere,
1587 4479 1682 4534 sed
1714 4479 1767 4532 in
1792 4477 1976 4531 Judzca
2001 4486 2054 4530 et
2080 4476 2131 4530 in

538 4579 855 4638 Bethlehem
881 4595 893 4629 :
918 4578 1059 4645 quod
1085 4587 1140 4631 et
1162 4577 1231 4628 ita
1256 4575 1451 4628 factum
1475 4571 1662 4625 fuerat.
1690 4567 2133 4637 Quandoquidem

539 4689 670 4744 ergo
697 4670 1000 4740 Philippum
1033 4669 1084 4722 id
1111 4667 1348 4731 latebat,
1378 4663 1672 4720 Natbanael
1709 4671 1887 4716 autem
1914 4677 2014 4731 pro
2037 4675 2134 4730 pe-

539 4767 661 4823 ritia
686 4779 847 4836 quam
875 4762 1006 4832 legis
1036 4759 1300 4822 habebat,
1328 4773 1450 4812 cum
1482 4757 1644 4809 sciret
1671 4770 1732 4808 ea
1758 4795 1773 4820 ,
1803 4769 1922 4824 qua:
1951 4770 1978 4805 a
2011 4767 2136 4822 pro-

541 4857 722 4928 phetis
749 4856 888 4911 dicta
923 4863 1125 4918 essent,
1158 4864 1474 4920 responsum
1505 4848 1756 4900 vaticinia
1785 4847 2032 4914 superius
2061 4845 2138 4898 al-

543 4949 652 5002 lato
689 4956 1109 5002 consentaneum
1144 4943 1343 5007 dabat,
1373 4958 1402 4996 a
1432 4940 1695 4995 Nazareth
1729 4937 1999 4993 Christum
2031 4953 2138 4992 non

542 5054 824 5098 venturum
874 5061 887 5096 :
935 5053 1216 5114 preptcrea
1262 5043 1423 5095 etiam
1469 5039 1638 5109 inquit
1684 5038 1974 5092 Christus:
2011 5037 2142 5091 Ecce

543 5151 656 5189 vero
702 5135 938 5188 Israelita
966 5175 982 5200 ,
1016 5134 1069 5187 in
1111 5149 1209 5204 quo
1251 5132 1398 5186 dolus
1444 5148 1544 5185 non
1586 5140 1677 5184 est.
1729 5130 1838 5184 Hae
1881 5130 2041 5183 etiam
2072 5129 2141 5184 de

542 5241 703 5284 causa
725 5227 940 5296 quidam
959 5226 1262 5281 Judteorum
1274 5223 1564 5278 Nicodemo
1581 5223 1855 5276 dicebant:
1878 5222 2133 5288 Scrutare,

545 5329 592 5373 et
620 5319 732 5373 vide
759 5319 878 5388 quia
904 5334 931 5371 e
958 5316 1172 5372 Galiltea
1215 5318 1459 5387 propheta
1489 5315 1863 5369 nouexcitatur
1884 5313 2062 5381 (Joan.
2085 5313 2138 5366 7.

546 5412 660 5479 52).
695 5411 760 5464 Et
790 5423 974 5464 rursus
1006 5426 1017 5462 :
1054 5408 1242 5462 Nonne
1267 5425 1296 5460 a
1321 5407 1614 5461 Bethlehem
1656 5407 1899 5470 castello,
1926 5405 2010 5456 ubi
2034 5413 2140 5456 erat

547 5504 741 5571 David,
769 5503 1000 5557 Christus
1028 5503 1156 5555 venit
1185 5497 1344 5571 (Ibid.
1377 5499 1469 5571 42)
1491 5499 1516 5552 ?
1542 5501 1716 5568 Atque
1741 5499 1876 5550 adeo
1903 5512 2141 5550 comnm-

551 5598 632 5649 uis
661 5596 901 5651 omnium
951 5594 1212 5648 sententia
1251 5581 1368 5646 erat
1391 5633 1406 5657 ,
1438 5591 1577 5645 haud
1607 5591 1769 5644 dubie
1808 5591 1954 5643 illinc
1978 5630 1993 5656 ,
2036 5604 2140 5641 non

551 5701 728 5743 autem
756 5703 788 5742 a
815 5688 1031 5744 Caldam
1055 5727 1070 5754 ,
1105 5697 1388 5740 venturum
1416 5699 1555 5739 esse.

627 5780 740 5845 Qua
765 5770 1028 5835 occasione
1054 5778 1282 5835 Christus
1308 5787 1456 5832 natus
1481 5779 1534 5830 in
1574 5771 2143 5843 Betltlehem.-—-ltaque

1237 326 1292 384 5.
1333 322 1610 382 JOANNIS
1645 318 2120 377 CllRYSOSTOMl
2160 319 2478 376 ARClllEP.
2519 316 3054 378 CONSTANT‘INOP.

3669 319 3763 375 35’.

2200 453 2322 492 cum
2368 434 2564 506 Joseph
2614 444 2667 490 et
2715 434 2898 503 Maria,
2947 436 3092 489 cives
3133 432 3548 500 Bethlehemitm,
3599 437 3768 491 relicta

2201 529 2367 599 patria
2397 529 2448 582 in
2479 527 2738 583 Nazareth
2770 527 2929 581 vitam
2980 541 3127 580 suam
3175 525 3541 590 instituissent.
3588 537 3638 582 et
3675 531 3772 584 illic

2200 629 2679 687 commorarentur,
2712 629 2767 673 ut
2811 619 3056 674 videlicet
3098 634 3240 688 stepc
3266 620 3443 674 multis
3490 620 3772 675 hominibus

2202 727 2300 766 usu
2329 713 2512 766 venire
2538 711 2695 778 solet,
2725 711 2812 780 qui
2844 725 2875 764 e
2903 711 3228 775 cititalibus,
3260 710 3594 765 undeortum
3623 711 3770 766 duxe-

2165 807 2174 816 ‘
2206 812 2345 869 rant,
2375 803 2720 872 emigrantes,
2750 802 2800 855 iu
2837 801 2954 854 aliis
2987 802 3036 854 in
3067 801 3345 871 quibuSab
3373 801 3522 856 initio
3544 805 3646 856 nati
3673 821 3765 856 nou

2205 893 2433 960 fuerant,
2457 905 2882 957 commercatur;
2916 901 3297 964 oporteretque
3317 892 3583 948 Christum
3603 895 3651 948 in
3677 895 3768 950 Be-

2208 987 2441 1041 tl:lchem
2476 987 2620 1040 nasci
2646 1004 2658 1038 :
2685 987 2811 1040 exiit
2842 986 3100 1049 edictum,
3130 985 3295 1053 quod,
3317 986 3424 1041 Deo
3452 988 3520 1041 ita
3548 997 3774 1043 statuen-

2209 1088 2279 1143 te,
2311 1081 2471 1132 ctiun
2504 1079 2694 1132 invitos
2728 1079 2868 1131 illam
2919 1078 2972 1132 in
3003 1078 3184 1132 urbem
3215 1080 3487 1148 compulit.
3519 1079 3625 1134 Lex
3648 1080 3776 1134 enim

2208 1187 2325 1240 qua:
2349 1170 2568 1239 jubebat
2594 1185 3025 1238 unumquemque
3053 1170 3105 1223 in
3127 1172 3292 1238 patria
3323 1185 3416 1223 sua
3450 1186 3637 1225 nomen
3669 1188 3778 1240 pro—

2212 1264 2367 1329 ﬁteri,
2390 1263 2566 1332 adt-git
2595 1278 2689 1317 eos
2719 1279 2748 1316 a
2778 1262 3039 1316 Nazareth
3066 1263 3256 1332 pedem
3277 1262 3467 1318 efferre
3483 1273 3538 1317 et
3563 1264 3610 1317 iu
3630 1263 3778 1318 Beth-

2211 1357 2383 1411 lehcm
2437 1357 2613 1411 redire
2640 1357 2704 1410 ad
2746 1371 2940 1410 nomen
2998 1357 3106 1412 illic
3161 1372 3313 1411 suum
3365 1356 3779 1413 describendum.

2214 1451 2322 1506 lloc
2352 1467 2478 1520 ergo
2521 1451 2864 1506 subindicans
2901 1451 3226 1520 evangelista
3264 1452 3338 1504 ait
3368 1468 3380 1502 :
3411 1451 3644 1504 Ascendit
3677 1467 3782 1521 ergo

2209 1544 2400 1614 Joseph
2445 1563 2476 1598 a
2517 1545 2731 1599 Gali/tea
2767 1561 2829 1598 ex
2859 1546 3058 1599 civitate
3095 1543 3355 1598 Nazaretlt
3383 1545 3435 1596 in
3463 1542 3709 1609 Judteam,
3736 1543 3782 1597 in

2211 1640 2460 1694 civitatem
2499 1639 2684 1704 David,
2721 1655 2834 1711 qua:
2860 1649 3062 1693 vocatur
3089 1637 3402 1702 Bethlehem,
3425 1653 3482 1690 eo
3510 1636 3638 1707 quod
3669 1644 3785 1689 esset

2213 1732 2276 1786 de
2304 1731 2454 1785 domo
2487 1741 2534 1785 et
2577 1732 2775 1801 familia
2803 1729 2972 1785 David
3003 1747 3022 1784 :
3050 1739 3104 1783 ut
3148 1732 3467 1799 proﬁteretur
3495 1745 3608 1782 cum
3634 1727 3786 1780 Maria

2215 1826 2523 1895 desponsata
2546 1827 2641 1878 sibi
2661 1842 2818 1879 uxore
2834 1835 3144 1895 pra'gnante.
3169 1823 3386 1877 Factum
3406 1834 3476 1878 est
3492 1832 3669 1888 autem,
3686 1838 3788 1876 cum

2213 1929 2373 1974 essent
2396 1919 2486 1986 ibi,
2511 1919 2708 1990 impleti
2731 1929 2847 1973 sunt
2873 1921 2998 1986 dies,
3022 1929 3077 1973 ut
3100 1930 3311 1988 pareret,
3359 1930 3407 1974 et
3433 1919 3620 1990 peperit
3643 1919 3788 1988 ﬁlium

2217 2028 2365 2066 suum
2395 2012 2784 2084 primogenitum
2812 2011 2960 2081 (Luc.
2990 2011 3045 2064 2.
3071 2012 3217 2082 4-7).

2288 2107 2342 2160 '5.
2373 2105 2597 2172 Vidisti,
2627 2104 2843 2169 dilecte,
2874 2105 3242 2174 providentem
3269 2104 3361 2159 Dei
3400 2103 3791 2159 administratio~

2217 2212 2362 2259 nem,
2393 2212 2490 2266 per
2535 2196 2778 2251 infideles
2817 2205 2978 2267 atque
3008 2195 3190 2251 fideles
3215 2212 3278 2251 ea
3307 2211 3430 2266 qua:
3471 2195 3537 2250 ad
3565 2211 3622 2250 se
3649 2195 3794 2265 perti-

2218 2297 2347 2344 nent
2373 2288 2734 2358 dispensantis
2766 2306 2780 2342 :
2814 2302 3005 2357 nempe
3033 2297 3092 2342 ut
3111 2288 3218 2341 vim
3250 2287 3643 2357 potentiamque
3667 2286 3793 2355 ejus,

2217 2380 2367 2450 quia
2397 2394 2529 2434 vero
2574 2379 2742 2449 ipsius
2779 2380 2922 2434 cultu
2970 2378 3130 2433 alieni
3183 2387 3330 2443 sunt,
3381 2386 3689 2449 agnoscant.
3733 2376 3792 2432 Et

2220 2471 2371 2527 stella
2396 2471 2612 2541 quidem
2643 2484 2825 2542 magos
2862 2470 2931 2524 ab
2955 2469 3176 2526 Oriente
3218 2471 3470 2540 perduxit
3511 2469 3722 2542 (Matth.
3743 2468 3791 2522 2.

2222 2563 2276 2618 1.
2309 2574 2356 2618 et
2381 2563 2440 2636 2)
2466 2580 2480 2630 ;
2508 2572 2562 2618 at
2589 2564 2675 2618 lex
2706 2563 2926 2618 Mariam
2957 2564 3008 2618 in
3041 2563 3268 2633 patriam
3298 2579 3330 2617 a
3357 2563 3633 2634 prophetis
3674 2576 3795 2632 prte-

2221 2654 2416 2708 dictam
2473 2654 2649 2708 traxit.
2697 2654 2832 2709 Hinc
2870 2655 3023 2709 nobis
3083 2653 3361 2710 evidenter
3410 2665 3616 2711 constat
3657 2655 3799 2709 etiam

2224 2742 2494 2814 Virginem
2521 2743 2688 2814 ipsam
2715 2760 2780 2800 ex
2810 2760 3006 2815 genere
3035 2744 3287 2799 Davidico
3312 2744 3498 2800 fuisse.
3534 2745 3658 2800 Nam
3684 2743 3799 2798 sic:

2224 2834 2534 2891 Bethlehem
2561 2845 2736 2890 ortum
2763 2835 2933 2902 duxit,
2968 2837 3312 2891 manifestum
3341 2845 3460 2903 est,
3489 2834 3629 2907 quod
3653 2836 3794 2890 etiam

2221 2941 2293 2982 ex
2321 2927 2484 2982 domo
2506 2935 2561 2981 et
2586 2926 2783 2981 familia
2815 2926 2978 2981 David
3019 2925 3198 2982 fuerit.
3229 2926 3384 2993 Quod
3421 2928 3546 2983 item
3574 2927 3795 2996 superius

2223 3018 2508 3075 manifeste
2536 3019 2719 3074 docuit
2747 3019 3092 3089 evangelista,
3132 3035 3254 3074 cum
3278 3019 3440 3086 dixit,
3470 3019 3696 3074 Ascendit
3717 3033 3801 3070 auo

2224 3120 2322 3165 tem
2348 3121 2398 3165 et
2423 3109 2619 3181 Ioseph
2646 3127 2710 3166 ea:
2739 3109 2954 3166 Galilata
2983 3128 3098 3165 cum
3128 3109 3181 3164 Μ
3188 3113 3323 3178 aria,
3351 3129 3415 3166 eo
3439 3113 3571 3181 quod
3610 3119 3726 3164 esset
3750 3123 3801 3162 ea

2225 3200 2376 3257 domo
2413 3213 2460 3257 et
2497 3204 2697 3275 familia
2737 3201 2905 3257 David
2936 3201 3087 3273 (Luc.
3115 3203 3170 3258 9..
3199 3204 3276 3275 4).
3321 3202 3458 3258 Nam
3485 3219 3602 3259 eum
3629 3200 3802 3257 seriem

2225 3296 2407 3365 Stirpis
2458 3295 2656 3365 Joseph
2700 3296 3094 3362 recensuisset,
3144 3295 3303 3365 hujus
3359 3310 3540 3351 autem
3591 3293 3804 3364 majores

2226 3402 2386 3441 nemo
2430 3397 2488 3440 ut
2533 3386 2673 3441 illius
2718 3395 3132 3455 enumerasset,
3179 3403 3248 3442 ne
3295 3387 3424 3442 hinc
3460 3388 3550 3442 tibi
3603 3385 3799 3440 dubita-

2229 3483 2302 3531 tio
2331 3479 2582 3542 oriretur,
2632 3495 2696 3533 ac
2732 3479 2958 3544 diceres,
3009 3478 3148 3533 unde
3189 3493 3318 3547 ergo
3361 3477 3638 3532 manifeste
3679 3481 3804 3544 patet

2228 3571 2390 3625 etiam
2417 3571 2584 3639 ipsam
2607 3583 2639 3623 e
2667 3569 2830 3622 David
2860 3569 3078 3623 ortam?
3101 3568 3310 3624 audies.
3337 3566 3408 3622 In
3431 3584 3614 3630 mense,
3637 3563 3804 3634 inquit,

2229 3675 2370 3718 sexto
2415 3665 2597 3717 missus
2643 3674 2718 3717 est
2763 3666 2971 3734 angelus
3014 3662 3222 3717 Gabriel
3265 3680 3297 3715 a
3327 3661 3438 3716 Deo
3481 3664 3532 3715 in
3573 3660 3800 3713 civitatem

2232 3755 2485 3823 Galilaue,
2523 3758 2608 3811 cui
2651 3775 2830 3812 nomen
2863 3756 3145 3822 Nazareth,
3179 3757 3246 3809 ad
3274 3757 3520 3827 virginem
3556 3756 3806 3820 desponsa-

2230 3859 2334 3905 tam
2376 3853 2504 3916 viro,
2557 3851 2637 3904 cui
2683 3867 2865 3904 nomen
2915 3859 3021 3902 erat
3072 3848 3284 3918 Joseph,
3354 3849 3418 3901 de
3469 3848 3613 3900 domo
3657 3843 3804 3896 Dauid

2233 3944 2407 4016 (Luc.
2459 3946 2510 3998 l.
2559 3944 2650 3998 26.
2695 3943 2763 3996 27
2795 3946 2831 4013 ).
2887 3943 3017 4008 ρυω
3069 3940 3260 4004 verba,
3315 3941 3380 3993 de
3427 3941 3574 3993 domo
3626 3931 3775 3989 David
3792 3967 3807 3994 ι

2232 4035 2540 4106 accipienda
2569 4043 2696 4088 sunt
2740 4043 3007 4104 tamquam
3034 4031 3105 4087 de
3146 4032 3360 4101 Virgine
3399 4033 3560 4096 dicta,
3607 4025 3734 4098 quod
3759 4031 3804 4077 et

2235 4129 2324 4185 hic
2353 4128 2632 4184 manifeste
2662 4128 2948 4182 iudicatum
2979 4135 3081 4179 est.
3117 4128 3289 4194 Atque
3320 4123 3422 4179 hac
3446 4125 3512 4178 de
3540 4136 3687 4176 causa
3709 4114 3808 4170 edi-

2236 4231 2381 4276 ctum
2413 4230 2468 4276 et
2494 4221 2579 4275 lex
2611 4221 2699 4274 illa
2731 4219 3061 4289 promulgata
3093 4216 3211 4282 fuit,
3258 4232 3378 4285 quae
3405 4231 3497 4270 eos
3525 4215 3576 4267 in
3618 4207 3810 4265 Bethle-

2237 4311 2360 4366 hem
2405 4311 2628 4367 duceret
2655 4327 2668 4365 :
2697 4311 2855 4364 simul
2889 4321 3051 4378 atque
3090 4308 3232 4363 enim
3261 4308 3312 4360 in
3343 4308 3607 4361 civitatem
3647 4311 3805 4354 ascert-

2237 4403 2467 4467 dissent,
2498 4403 2780 4459 confestim
2822 4403 2980 4456 etiam
3025 4401 3182 4456 Jesus
3212 4399 3450 4454 nascitur
3481 4416 3494 4452 :
3524 4412 3585 4451 ae
3615 4388 3816 4464 proinde

2239 4499 2400 4554 etiam
2432 4498 2486 4551 in
2538 4495 2765 4566 prtesepi
2795 4494 3084 4550 reclinatur
3109 4510 3123 4558 ;
3151 4492 3292 4562 quod
3337 4491 3569 4560 undique
3596 4483 3736 4542 multi
3761 4492 3818 4534 eo

2241 4589 2663 4654 concurrissent,
2715 4597 2772 4642 et
2813 4588 2928 4641 loca
2973 4594 3463 4655 przeoccupasseut,
3513 4585 3816 4648 magnasque

2241 4681 2540 4736 divertendi
2585 4678 2855 4750 angustias
2902 4677 3208 4732 effecissent
3236 4696 3248 4729 :
3276 4691 3383 4744 quo
3425 4675 3477 4728 in
3523 4673 3637 4726 loco
3673 4666 3816 4720 etiam

2246 4776 2385 4845 magi
2419 4775 2567 4829 illum
2607 4774 2985 4827 adoraverunt.
3018 4770 3085 4825 Ut
3112 4780 3289 4823 autem
3322 4767 3566 4837 (lmjusce
3591 4760 3710 4826 diei)
3745 4753 3817 4845 di-

2245 4866 2556 4920 lucidiorem
2586 4863 2762 4916 adhuc
2784 4861 3296 4920 demwistrationem
3326 4855 3624 4916 exhibeam,
3650 4855 3820 4901 vestris

2225 4972 2462 5021 _meeum
2488 4954 2762 5023 adsurgite
2789 4952 2982 5006 animis
3005 4967 3020 5016 ;
3053 4967 3174 5005 nam
3203 4949 3496 5018 longiorem
3521 4956 3691 4998 rerum
3719 4949 3818 4990 mc-

2246 5050 2473 5103 moriam
2519 5046 2754 5099 excitare
2783 5053 2838 5098 et
2884 5042 3088 5112 priscas
3131 5041 3273 5110 leges
3317 5039 3539 5093 recitare
3577 5027 3744 5087 statui,
3774 5029 3820 5076 ut

2247 5159 2310 5198 ex
2340 5141 2483 5196 omni
2519 5149 2669 5209 parte
2711 5139 2862 5193 vobis
2898 5137 3196 5192 orationem
3241 5141 3478 5187 nostram
3518 5117 3820 5182 manifestio-

2247 5250 2360 5289 rem
2391 5232 2631 5286 reddam.

2318 5329 2428 5384 Lex
2455 5327 2756 5382 Judazorum
2779 5325 3011 5396 quautam
3030 5323 3339 5392 antiqua.—-
3358 5320 3462 5374 Lex
3487 5323 3596 5368 erat
3621 5308 3818 5366 Judmis,

2248 5437 2418 5492 eaque
2465 5424 2779 5490 Perantiqua
2810 5435 2823 5471 :
2856 5417 2949 5471 sed
2980 5431 3099 5485 age,
3131 5413 3306 5483 potius
3348 5409 3505 5481 paulo
3545 5404 3696 5456 altius
3719 5408 3819 5492 ser-

2252 5530 2463 5568 monem
2495 5524 2818 5582 repetamus.
2844 5510 2962 5576 Quo
2986 5520 3226 5576 tempore
3247 5507 3312 5558 ab
3330 5495 3649 5572 zEgyptiacis
3673 5487 3822 5582 tutius

2250 5615 2305 5660 et
2331 5579 2875 5660 barbara—Pharaonis
2907 5599 3184 5672 tyrannide
3216 5597 3558 5650 llebrmornm
3592 5579 3818 5654 populum

2253 5697 2395 5752 Deus
2441 5697 2722 5761 liberavit;
2755 5693 2939 5751 videns
2968 5693 3112 5761 ipsos
3153 5685 3440 5758 impietatis
3466 5679 3631 5734 adhuc
3658 5680 3820 5726 sccmn

2255 5790 2505 5860 reliquias
2533 5790 2758 5858 habere,
2797 5788 3062 5856 rebusque
3103 5779 3351 5836 omnibus
3377 5774 3478 5830 sub
3520 5778 3720 5827 sensum
3744 5772 3820 5811 ca-
