4100 6420
405 199 509 254 855

398 318 540 381 κύῳ.
561 310 822 383 Ἐγένετο
843 311 912 366 δὲ
933 314 1000 367 ἐν
1016 311 1095 378 τῷ
1109 308 1259 366 εἶναι
1281 311 1652 378 αὐτοὺς-ἐκεῖ,
1671 309 1979 374 ἐπλήσθη-

397 415 522 454 σαν
540 400 598 450 αι
620 396 827 466 ἡμέραι
849 397 954 451 τοῦ
971 396 1166 450 τεκεῖν
1178 397 1372 464 αὐτήν
1388 412 1402 426 ο
1415 395 1512 448 καὶ
1532 395 1698 448 ἔτεκε
1723 393 1827 447 τὸν
1847 393 1984 446 υἱὸν

397 478 590 547 αὐτῆς
609 479 716 533 τὸν
737 481 1132 548 πρωτότοκον,
1161 479 1258 534 καί
1277 477 1750 547 ἐσπαργάνωσεν
1773 475 1978 537 αὑτὸν,

401 565 498 619 καί
531 563 853 618 ἀνέκλινεν
875 562 1064 617 αὐτὸν
1104 562 1174 616 ἐν
1222 561 1296 630 τῇ
1333 561 1551 632 φάτνῃ,
1579 561 1728 614 διότι
1762 561 1874 613 οὐκ
1903 554 1984 624 ἦν

400 647 605 713 αὐτοῖς
636 649 821 712 τόπος
859 646 929 699 ἐν
961 645 1040 711 τῷ
1078 646 1466 714 καταλύματι.
1510 643 1672 697 Ὅθεν
1695 643 1874 713 δῆλον,
1901 642 1984 694 ὅτι

403 731 547 787 κατὰ
585 731 684 802 τὴν
717 731 942 803 πρώτην
973 729 1300 802 ἀπογραφὴν
1344 728 1560 799 ἐτέχθη.
1597 729 1708 781 Καὶ
1736 729 1848 790 τοῖς
1880 728 1984 797 ἀρ-

403 817 751 888 χαίοιςιτοῖς
788 815 1021 886 δημοσίᾳ
1052 815 1323 883 κειμένοις
1351 812 1568 876 κώδιξιν
1591 813 1682 865 ἐπὶ
1714 812 1814 880 τῆς
1854 809 1988 862 ’[’ώ-

407 917 515 970 μης
543 899 752 962 ἔξεστιν
775 899 1065 968 ἐντυχόντα
1088 899 1181 951 καὶ
1208 898 1300 950 τὸν
1329 897 1516 968 καιρὸν
1539 895 1636 966 τῆς
1659 893 1986 966 ἀπογραφῆς

408 984 665 1055 μαθόντα,
697 983 939 1053 ἀκριϐῶς
993 983 1190 1036 εἰδέναι
1241 982 1332 1034 τὸν
1374 981 1717 1052 βουλόμενον.
1769 979 1834 1030 Τί
1891 973 1986 1031 οὖν

405 1067 544 1137 πρὸς
574 1068 741 1137 ἡμᾶς,
767 1067 918 1137 φησί,
943 1066 1101 1118 τοῦτο
1133 1066 1260 1128 τοὺς
1283 1065 1382 1118 οὐκ
1408 1064 1569 1126 ὄντας
1600 1065 1715 1116 ἐκεῖ
1735 1059 1859 1114 οὔτε
1884 1079 1988 1114 πα-

408 1151 835 1224 ραγενομένους-ς
886 1151 1024 1202 Ἀλλ’
1051 1150 1238 1213 ἄκουε,
1271 1144 1366 1202 καῖ
1399 1148 1472 1218 μὴ
1492 1148 1732 1212 ἀπίστει,
1767 1147 1850 1199 ὅτι
1883 1163 1990 1198 πα-

406 1237 479 1310 ρὰ
507 1235 614 1290 τῶν
653 1234 901 1306 ἀκριϐῶς
929 1234 1103 1288 ταῦτα
1143 1235 1378 1290 εἰδότων,
1407 1233 1503 1286 καί
1534 1231 1633 1302 τὴν
1659 1231 1816 1284 πόλιν
1849 1229 1991 1283 ἐκεί-

405 1337 505 1392 νην
527 1319 820 1373 οἰκούντων
847 1318 1261 1389 παρειλήφαμεν
1277 1316 1375 1388 τὴν
1404 1317 1634 1386 ἡμέραν.
1655 1317 1718 1368 Οί
1743 1315 1852 1386 γὰρ
1875 1316 1992 1367 ἐκεῖ

405 1404 796 1474 διατρίϐοντες,
849 1402 1055 1456 ἀνωθεν
1107 1401 1201 1454 καὶ
1235 1403 1300 1454 ἐκ
1349 1400 1588 1462 παλαιᾶς
1641 1399 1992 1470 παραδόσεως

407 1489 577 1559 αὐτὴν
602 1487 994 1551 ἐπιτελοῦντες,
1022 1487 1175 1540 αὐτοὶ
1201 1486 1296 1538 νῦν
1321 1485 1487 1555 αὐτῆς
1513 1487 1647 1554 ἡμῖν
1668 1485 1764 1555 τὴν
1791 1482 1992 1552 γνῶσιν

406 1571 798 1641 διεπέμψαντο.
851 1570 987 1623 Οὐδὲ
1035 1569 1144 1640 γὰρ
1173 1571 1200 1622 6
1239 1568 1631 1639 εύαγγελιστὴς
1671 1566 1857 1629 ἁπλῶς
1901 1566 1992 1618 τὸν

408 1655 600 1726 καιρὸν
633 1655 1018 1725 ἐπεσημήνατο
1041 1652 1250 1716 τοῦτον,
1282 1651 1396 1705 ἀλλ’
1426 1651 1566 1704 ὥστε
1588 1651 1682 1704 καὶ
1725 1651 1822 1721 τὴν
1853 1649 1992 1718 ἡμέ-

409 1755 515 1808 ραν
549 1740 682 1808 ἡμῖν
711 1737 875 1808 δήλην
908 1737 1132 1806 ποιῆσαι
1163 1735 1255 1792 καὶ
1285 1733 1582 1807 γνώριμον,
1617 1735 1711 1788 καὶ
1740 1732 1834 1787 τοῦ
1857 1732 1991 1786 Θεοῦ

407 1821 508 1893 τὴν
555 1821 866 1892 οἰκονομίαν
917 1819 1380 1885 ἐνδείξασθαι.οὑ
1437 1818 1546 1888 γὰρ
1604 1816 1836 1878 οἴκοθεν,
1873 1816 1994 1869 οὐδὲ

405 1905 546 1976 παρ’
583 1904 778 1958 ἑαυτοῦ
809 1906 932 1957 τότε
976 1904 1004 1955 6
1043 1902 1354 1971 Αὔγουστος
1393 1902 1455 1954 τὸ
1495 1901 1674 1971 δόγμα
1716 1899 1876 1953 τοῦτο
1909 1898 1995 1964 ἐξ·

408 1988 682 2058 ἐπεμψεν,
716 1987 853 2041 ἀλλὰ
887 1987 980 2040 τοῦ
1009 1986 1145 2039 Θεοῦ
1176 1986 1451 2048 κινοῦντος
1483 1985 1648 2038 αὐτοῦ
1677 1983 1774 2055 τὴν
1797 1983 1995 2054 ψυχὴν,

408 2071 501 2124 ἵνα
525 2071 620 2124 καὶ
659 2072 808 2124 ἄκων
837 2071 946 2140 ὐπη
959 2071 1251 2140 ρετήσηται
1283 2071 1346 2138 τῇ
1384 2068 1478 2120 τοῦ
1511 2066 1851 2136 Μονογενοῦς
1865 2085 2004 2140 παρ-

411 2157 591 2226 ουσίᾳ.
652 2157 763 2210 Καὶ
821 2153 873 2207 τί
901 2153 1062 2207 τοῦτο
1100 2152 1341 2205 συντελεῖ
1375 2151 1511 2222 πρὸς
1554 2150 1652 2221 τὴν
1687 2150 2000 2219 οἰκονομίαν

412 2235 638 2308 ταύτην,
672 2235 870 2306 φησίν;
910 2238 985 2290 06
1027 2235 1244 2307 μικρὸν,
1273 2233 1474 2288 οὐδὲτὸ
1506 2234 1689 2304 τυχὸν,
1725 2232 1998 2303 ἀγαπητὲ,

413 2319 552 2374 ἀλλά
567 2321 662 2374 καὶ
692 2319 898 2392 σφόδρα
925 2319 1086 2389 μέγα,
1117 2317 1211 2371 καὶ
1231 2319 1338 2372 τῶν
1366 2319 1678 2384 ἀναγκαίων
1712 2316 1805 2370 καὶ
1838 2334 2002 2370 σπου-

412 2402 729 2474 δαζομένων
758 2404 816 2456 ἐν
838 2404 888 2456 ι).
922 2405 1081 2456 Ποῖον
1116 2401 1180 2474 δὴ
1210 2401 1394 2468 τοῦτο;
1443 2401 1509 2454 Ἢ
1547 2399 1805 2453 Γαλιλαία
1846 2399 2003 2471 χώρα

414 2485 500 2548 τίς
547 2489 695 2539 ἐστιν
738 2486 795 2538 ἐν
839 2486 1194 2557 Παλαιστίνῃ,
1235 2487 1268 2556 ἡ
1309 2485 1366 2538 δὲ
1403 2483 1658 2554 Ναζαρὲθ
1709 2483 1864 2546 πόλις
1899 2483 2003 2553 τῆς

417 2570 730 2634 Γαλιλαίας.
781 2571 950 2624 Πάλιν
1001 2569 1152 2643 [557]
1195 2571 1228 2641 ή
1275 2569 1504 2624 Ἰουδαία
1545 2567 1698 2640 χώρα
1735 2569 1819 2632 τίς
1859 2570 2000 2633 ἐστι,

415 2654 572 2726 παρά
591 2655 700 2707 τῶν
733 2654 1016 2726 ἐγχωρίων
1054 2653 1198 2707 οὕτω
1235 2653 1566 2723 καλουμένη,
1607 2654 1641 2724 ή
1671 2652 1728 2706 δὲ
1758 2650 2006 2724 Βηθλεέμ

415 2737 576 2802 πόλις
595 2737 696 2807 τῆς
717 2738 994 2800 Ἰουδαίας.
1011 2738 1114 2790 Τὸν
1128 2737 1184 2790 δὲ
1210 2737 1446 2808 Χριστὸν
1474 2737 1523 2789 οἱ
1546 2736 1820 2806 προφῆται
1837 2733 2006 2806 πρού-

414 2823 573 2892 λεγον
593 2822 854 2886 ἅπαντες,
881 2821 984 2875 οὐκ
999 2821 1106 2875 ἀπὸ
1121 2822 1215 2891 τῆς
1229 2818 1499 2890 Ναζαρὲθ,
1515 2817 1630 2870 ἀλλ’
1643 2818 1752 2872 ἀπὸ
1761 2817 1862 2889 τῆς
1875 2816 2015 2888 Βηθ-

415 2902 551 2978 λεέμ
584 2907 758 2978 ἥξειν,
816 2906 910 2959 καὶ
937 2907 1054 2958 ἐκεῖ
1077 2904 1453 2976 τεχθήσεσθαι.
1485 2902 1641 2958 οὕτω
1665 2903 1774 2976 γὰρ
1799 2905 2005 2976 γέγρα-

415 3003 566 3040 πταιο
597 2986 707 3041 Καὶ
735 2986 818 3042 σὺ
841 2987 1132 3056 Βηθλεὲμ,
1162 2986 1239 3057 γῆ
1277 2987 1483 3055 Ἰούδα,
1510 2986 1785 3056 οὐδαμῶς
1802 2987 2007 3056 ἐλαχί-

414 3086 534 3139 στη
549 3067 688 3125 εἶέν
706 3071 830 3138 τοῖς
848 3072 1142 3142 ἡγεμόσιν
1169 3071 1355 3126 Ἰούδα
1371 3087 1388 3104 ο
1401 3072 1470 3125 ἐκ
1493 3070 1610 3126 σοῦ
1635 3072 1746 3141 γὰρ
1764 3070 2007 3134 ἐξελεύ-

415 3170 591 3210 σεται
627 3155 984 3226 ἡγούμενος,
1021 3155 1192 3222 ὅστις
1236 3156 1516 3224 ποιμανεῖ
1551 3154 1660 3208 τὸν
1699 3155 1854 3210 λαόν
1885 3172 2004 3225 μου

416 3237 530 3292 τὸν
557 3237 944 3306 Ἰσραήλ.Καὶ
966 3241 1014 3292 οἱ
1047 3239 1289 3292 Ἰουδαῖοι
1314 3240 1364 3291 οί
1381 3239 1501 3291 τότε
1532 3237 1681 3310 παρὰ
1708 3237 1803 3292 τοῦ
1832 3238 2007 3308 Ἠρώ-

413 3320 510 3374 δου
556 3321 922 3394 ἐρωτώμενοι,
983 3321 1086 3376 ποῦ
1132 3324 1161 3375 6
1207 3321 1442 3392 Χριστὸς
1488 3323 1767 3390 γεννᾶται,
1803 3322 2008 3395 ταύτην

416 3399 575 3459 εἶπεν
613 3406 764 3476 αὐτῷ
794 3409 895 3476 τὴν
932 3406 1264 3478 μαρτυρίαν.
1313 3405 1412 3458 Διά
1451 3405 1610 3459 τοῦτο
1640 3407 1735 3460 καὶ
1765 3407 1858 3460 τοῦ
1889 3408 2007 3462 Να-

418 3488 626 3561 θαναὴλ
661 3491 907 3553 εἰπόντος
948 3491 1086 3560 πρὸς
1123 3491 1212 3543 τὸν
1241 3491 1528 3554 Φίλιππον,
1567 3492 1754 3563 ἐπειδὴ
1801 3493 2009 3556 ἐκεῖνος

419 3573 625 3640 ἔλεγεν,
660 3574 898 3640 Ἰησοῦν
919 3573 1027 3626 τὸν
1049 3574 1168 3628 ἀπὸ
1197 3572 1495 3642 Ναζαρὲθο
1523 3575 1886 3646 εὑρήκαμεν,
1913 3578 2008 3630 Ἐκ

420 3653 685 3723 Ναζαρὲθ
713 3655 969 3710 δύναταί
1005 3673 1056 3708 τι
1082 3655 1308 3724 ἀγαθόν
1329 3653 1479 3710 εἶναι
1503 3675 1522 3722 ;
1552 3659 1580 3710 6
1608 3658 1843 3728 Χριστὸς
1881 3661 2010 3729 περὶ

419 3739 589 3794 αὐτοῦ
607 3756 772 3811 φησιν
791 3758 803 3771 ·
839 3739 952 3793 Ἴδε
979 3739 1220 3807 ἀληθῶς
1251 3740 1624 3808 Ἰσραηλίτης
1645 3741 1716 3793 ἐν
1745 3735 1794 3806 ᾧ
1827 3740 2010 3808 δόλος

419 3823 535 3877 οὐκ
565 3822 718 3880 ἔστι.
747 3823 860 3877 Kal
891 3822 1058 3886 τίνος,
1093 3823 1278 3892 φησὶν,
1305 3823 1490 3876 ἕνεκεν
1519 3823 1682 3876 αὑτὸν
1705 3825 1967 3896 ἐπῄνεσεν
1991 3844 2005 3892 ;

436 3904 659 3977 Ἐπειδὴ
687 3906 752 3960 οὐ
777 3906 1104 3978 συνηρπάγη
1127 3910 1192 3977 τῇ
1220 3906 1565 3977 ἀπαγγελίᾳ(ι
1598 3907 1691 3958 τοῦ
1717 3907 2006 3973 Φιλίππου,

422 3989 539 4044 ἀλλ’
552 3991 669 4063 ᾔδει
683 3991 870 4061 σαφῶς
893 3991 988 4045 καὶ
1004 3991 1266 4062 ἀκριϐῶς,
1284 3992 1365 4045 ὅτι
1391 3991 1492 4045 οὐκ
1507 3994 1564 4046 ἐν
1582 3992 1858 4063 Ναζαρὲθ,
1885 3993 2010 4047 οὒτε

423 4075 485 4128 ἐν
512 4078 577 4146 τῇ
603 4075 862 4145 Γαλιλαίᾳ
890 4075 996 4128 ἔδει
1028 4076 1120 4128 τὸν
1139 4075 1374 4148 Χριστὸν
1402 4076 1680 4146 τεχθῆναι,
1723 4076 1836 4130 ἀλλ’
1859 4079 1916 4130 ἐν
1944 4081 2008 4150 τῇ

437 4157 670 4230 Ἰουδαίᾳ
696 4159 791 4213 καὶ
815 4161 872 4212 ἐν
913 4161 980 4230 τῇ
1034 4159 1311 4230 Βηθλεέμ·
1344 4160 1480 4231 ὅπερ
1511 4155 1604 4212 οὖν
1639 4161 1731 4212 καὶ
1775 4161 2008 4229 ἐγένετο.

424 4241 581 4296 Ἐπεὶ
593 4239 686 4297 οὖν
697 4245 725 4295 6
739 4244 837 4314 μὲν
851 4243 1116 4307 Φίλιππος
1128 4243 1286 4297 τοῦτο
1297 4243 1579 4315 ἠγνόησεν,
1594 4245 1621 4298 ό
1631 4244 1686 4298 δὲ
1698 4245 1746 4297 Ν
1749 4245 2008 4318 αθαναὴλ,

426 4325 524 4380 ἆτε
558 4327 872 4399 νομομαθὴς
905 4326 1001 4390 ὢν,
1029 4328 1362 4398 ἀπεκρίνατο
1393 4327 1462 4381 τὰ
1509 4328 1650 4383 κατά
1679 4329 1778 4401 τὴν
1809 4330 2014 4384 ἄνωθεν

427 4410 765 4481 προφητείαν
791 4412 1072 4482 εἰρημένα,
1086 4411 1260 4476 εἰδὼς,
1288 4412 1370 4464 ὅτι
1385 4413 1483 4464 οὑκ
1500 4412 1564 4465 ἐκ
1583 4410 1836 4483 Ναζαρὲθ
1854 4413 1972 4482 ἥξει
1987 4414 2016 4465 6

426 4495 695 4567 Χριστός·
751 4495 839 4548 διὰ
899 4495 1059 4549 τοῦτο
1111 4497 1205 4550 καί
1262 4499 1291 4550 6
1323 4497 1576 4568 Χριστὸς,
1614 4498 1728 4552 Ἴδε
1776 4497 2017 4566 ἀληθῶς

442 4581 835 4647 Ἰσραηλίτης,
859 4581 1044 4650 φησιν,
1070 4573 1202 4646 ἐνῷ
1218 4579 1402 4646 δόλος
1425 4582 1536 4634 οὐκ
1565 4580 1717 4634 ἐστι.
1738 4581 1836 4634 Διὰ
1861 4581 2018 4635 τοῦτο

428 4663 524 4717 καί
557 4680 704 4724 τινες
727 4665 836 4716 τῶν
869 4665 1135 4718 Ἰουδαίων
1156 4665 1340 4734 ἔλεγον
1384 4666 1522 4736 πρὸς
1544 4665 1634 4718 τὸν
1678 4665 2014 4736 Νικόδημονο

443 4749 831 4816 Ἐρεύνησον,
868 4750 966 4802 καί
998 4749 1107 4813 ιδε,
1141 4749 1228 4803 ὅτι
1252 4749 1563 4820 προφήτης
1593 4751 1662 4804 ἐκ
1696 4749 1807 4818 τῆς
1840 4753 2021 4806 Γαλι-

430 4832 611 4896 λαίας
631 4833 743 4884 οὐκ
779 4831 1109 4899 ἐγήγερται.
1133 4832 1245 4888 Kal
1272 4834 1434 4886 πάλιν
1457 4831 1690 4902 ἀλλαχοῦ
1706 4847 1720 4860 ·
1752 4835 1872 4888 Οὐκ
1901 4833 2020 4888 ἀπὸ

434 4913 703 4983 Βηθλεὲμ
759 4913 872 4982 τῆς
935 4914 1152 4982 κώμης,
1198 4914 1352 4971 ὅπου
1382 4913 1462 4987 ἦν
1477 4915 1678 4980 Δαυῒδ,
1709 4919 1742 4970 ό
1767 4918 2022 4984 Χριστὸς

433 4997 688 5067 ἔρχεται.
713 4999 823 5052 Kal
845 4998 995 5068 κοινὴ
1014 4999 1227 5051 πάντων
1251 5000 1424 5070 ψῆφος
1441 4995 1530 5071 ἦν,
1554 5001 1636 5054 ὅτι
1652 5000 1867 5063 πάντως
1883 5003 2024 5054 ἐκεῖ·

435 5079 528 5134 θεν
559 5082 721 5134 αὐτὸν
749 5082 828 5135 δεῖ
851 5081 1274 5153 παραγενέσθαι,
1300 5083 1402 5136 οὐκ
1445 5083 1554 5136 ἀπὸ
1593 5085 1692 5154 τῆς
1713 5083 2020 5149 Γαλιλαίας.

499 5200 526 5270 ξι
544 5201 857 5270 βῳιὶεειςῡε
877 5201 1225 5270 εωεηόείίοηρ
1251 5199 1722 5270 ιεωροιιυπιμείιίᾷε
1735 5197 1896 5270 Ιξῑειειί
1921 5201 2025 5270 D0-

438 5260 578 5315 Inini.
593 5260 858 5323 legéndum
872 5263 1232 5317 contenditroic
1247 5260 1470 5325 ἀρχείοις,
1495 5262 1722 5325 οτεὶιίνὶε.
1737 5260 1802 5310 At
1815 5269 2025 5323 prmer-

436 5336 583 5387 quam
597 5325 726 5384 quod
744 5327 1012 5374 reclamant
1034 5338 1149 5372 mss.
1166 5324 1358 5384 omnes,
1372 5337 1465 5371 non
1491 5324 1635 5372 video
1653 5336 1753 5385 quo
1776 5330 1919 5384 pacto
1937 5325 2024 5386 ἀρ-

439 5383 586 5435 ·ιείοις
603 5386 843 5435 quadrare
871 5393 1041 5435 posset
1061 5387 1123 5435 ad
1142 5398 1312 5435 vocem
1345 5394 1640 5435 sequentem
1661 5385 1850 5435 κώδιειν
1865 5397 1876 5408 ·
1913 5396 2024 5433 nam

458 5385 586 5442 ἐίοις
603 5386 843 5446 quadrare
871 5393 1041 5447 posset
1061 5387 1123 5435 ad
1142 5398 1312 5435 vocem
1345 5394 1640 5446 sequentem
1661 5385 1850 5440 κώδιξιν
1865 5397 1876 5408 ·
1913 5385 2024 5433 nam

439 5402 649 5546 19PM;
675 5455 754 5495 est
774 5446 1133 5497 subslantivum
1153 5456 1208 5497 et
1239 5447 1320 5496 hic
1339 5447 1614 5509 requiritur
1643 5447 1960 5507 adjectivum.

563 5508 670 5546 nun
692 5520 804 5546 man,
839 5510 1248 5546 σπηυλαΐηιιέυων
1273 5510 1353 5546 νηὶ
1370 5508 1699 5546 πνευματικῶν
1722 5508 1790 5546 ιν-

561 5508 670 5571 Duo
692 5520 806 5556 mss.
839 5510 1252 5571 σπουδαζομένων,
1273 5510 1353 5558 καὶ
1370 5508 1699 5569 πνευματικῶν
1722 5508 1790 5556 ιν.

509 5570 534 5598 °
553 5569 664 5620 Duo
679 5582 779 5617 mss
808 5570 1067 5620 εὓοηνέναι.

503 5627 531 5670 δ
555 5629 659 5681 Alii
680 5637 738 5695 τῇ
758 5627 970 5693 ἀγγελίᾳ.

1354 196 1420 252 ΙΝ
1467 194 1630 250 DIEM
1672 190 2000 249 NATALEM
2040 192 2102 247 D.
2139 191 2203 247 Ν.
2244 190 2412 248 JESU
2452 191 2750 250 CHRISTI.

3571 197 3694 266 ιιι,

2179 307 2333 361 Ἐπεὶ
2370 302 2463 362 οὖν
2490 307 2519 361 6
2561 307 2758 378 Ἰωσὴφ
2792 307 2938 380 καὶὴ
2971 309 3160 382 Μαρία
3197 309 3296 380 τῆς
3325 309 3570 382 Βηθλεὲμ
3589 312 3680 366 6v-

2091 408 2183 456 τες
2220 392 2454 456 πολῖται,
2477 392 2692 462 ἐκείνην
2709 392 2959 461 ἀφέντες,
2991 394 3047 446 ἐν
3073 396 3138 465 τῇ
3161 392 3414 464 Ναζαρὲθ
3440 393 3531 446 τὸν
3565 393 3680 464 βίον

2093 475 2274 528 αὐτῶν
2315 477 2740 545 κατεστήσαντο,
2768 476 2930 528 κάκεῖ
2955 476 3223 548 διέτριϐον
3265 473 3372 546 (οἷα
3414 476 3477 547 δὴ
3512 477 3680 530 πολλά

2099 558 2421 630 συμϐαίνειν
2442 559 2590 622 εἰκὸς
2617 559 2710 612 ἐπὶ
2733 559 2945 613 πολλῶν
2969 560 3293 630 ἀνθρώπων,
3321 562 3423 615 τὰς
3456 561 3556 632 μὲν
3583 562 3682 614 πό-

2097 643 2231 708 λεις,
2267 643 2390 698 ὅθεν
2416 645 2688 712 ἐγένοντο,
2713 644 3256 715 καταλιμπανόντων,
3283 646 3340 698 ἐν
3374 646 3564 710 ἄλλαις
3599 647 3678 710 δὲ,

2097 729 2156 782 ἐν
2179 725 2267 792 αἷς
2304 729 2405 781 οὐκ
2437 728 2682 799 ἐφύησαν
2711 729 2860 800 παρά
2885 729 2984 800 τὴν
3020 729 3214 802 ἀρχὴν,
3246 730 3677 802 διατριϐόντων),

2095 811 2204 866 ἔδει
2227 812 2284 865 δὲ
2314 811 2406 865 τὸν
2435 812 2672 883 Χριστὸν
2701 814 2759 866 ἐν
2795 813 3043 886 Βηθλεὲμ
3069 815 3326 886 τεχθῆναι
3349 832 3364 846 ο
3387 814 3578 884 ἐξῆλθε
3619 815 3683 866 τὸ

2094 896 2292 966 δόγμα,
2326 894 2422 947 καὶ
2468 895 2700 958 ἄκοντας
2731 897 2928 958 αὐτοὺς
2961 897 3235 951 συνωθοῦν
3280 898 3361 960 εἰς
3393 899 3492 966 τὴν
3526 897 3685 949 πόλιν

2095 979 2332 1048 ἐκείνην,
2365 977 2460 1032 τοῦ
2483 977 2619 1030 Θεοῦ
2645 979 2815 1044 οὕτως
2843 980 3271 1051 οἰκονομοῦντος.
3308 981 3367 1035 '0
3392 981 3500 1052 γὰρ
3520 980 3686 1050 νόμος

2097 1064 2126 1115 6
2160 1061 2398 1116 κελεύων
2425 1061 2654 1115 ἕκαστον
2683 1064 2762 1126 εἰς
2787 1062 2884 1133 τὴν
2913 1063 3048 1117 ἰδίαν
3075 1062 3497 1134 ἀπογράψασθαι
3517 1074 3543 1102 ο
3578 1079 3686 1115 πα-

2097 1147 2276 1218 τρίδα,
2323 1145 2635 1217 ἠνάγκαζεν
2693 1147 2902 1200 ἐκεῖθεν
2945 1149 3144 1212 αὐτοὺς
3190 1148 3531 1211 ἀνίστασθαι,
3577 1147 3686 1200 ἀπὸ

2098 1233 2198 1300 τῆς
2226 1229 2479 1301 Ναζαρὲθ
2533 1229 2698 1297 λέγω,
2735 1230 2828 1282 καὶ
2873 1229 3128 1302 ἔρχεσθαι
3158 1233 3238 1294 εἰς
3272 1231 3372 1302 τὴν
3414 1231 3682 1300 Βηθλεὲμ,

2101 1312 2244 1367 ὥστε
2273 1313 2714 1382 ἀπογράφεσθαι.
2745 1313 2918 1365 Τοῦτο
2965 1313 3097 1380 γοῦν
3145 1314 3276 1367 αὐτὸ
3315 1313 3688 1382 αἰνιττόμενος

2100 1398 2195 1450 καὶ
2227 1399 2254 1450 6
2281 1396 2698 1467 εὐαγγελιστὴς,
2742 1396 2959 1465 ἔλεγεν·
3007 1398 3203 1466 Ἀνέϐη
3258 1398 3327 1450 δὲ
3358 1397 3458 1452 καὶ
3503 1402 3535 1450 ό
3575 1397 3688 1452 Ἰω-

2101 1481 2232 1549 σὴφ
2263 1481 2378 1534 ἀπὸ
2409 1478 2518 1546 τῆς
2546 1483 2896 1548 Γαλιλαίας,
2923 1482 2992 1536 ἐκ
3032 1483 3263 1548 πόλεως
3293 1480 3574 1550 Ναζαρὲθ,
3600 1483 3688 1546 είς

2103 1564 2219 1632 τὴν
2269 1564 2578 1628 Ἰουδαίαν,
2617 1567 2707 1629 εὶς
2764 1567 2948 1619 πόλιν
2994 1567 3196 1629 Δαυῒδ,
3248 1566 3381 1633 ἣτις
3422 1567 3691 1620 καλεῖται

2106 1647 2396 1717 Βηθλεὲμ,
2418 1647 2515 1700 διὰ
2537 1646 2601 1700 τὸ
2625 1643 2778 1700 εἶναι
2805 1649 2994 1702 αὐτόν
3021 1650 3092 1713 ἐξ
3121 1651 3292 1703 οῑκου
3321 1649 3417 1703 καί
3443 1647 3695 1718 πατριᾶς

2107 1730 2307 1794 Δαυῒδ,
2336 1730 2789 1800 ἀπογράφεσθαι
2813 1731 2936 1785 σὺν
2956 1733 3194 1802 Μαριὰμ
3222 1732 3298 1801 τῇ
3318 1750 3694 1802 μεμνηστευ-

2101 1813 2254 1882 μένῃ
2293 1811 2455 1877 αὐτῷ
2493 1815 2731 1882 γυναικὶ
2763 1816 2922 1883 οῠσῃ
2959 1816 3171 1885 ἐνκύῳ.
3206 1817 3317 1869 Καὶ
3351 1815 3586 1885 ἐγένετο
3624 1817 3694 1870 ἐν

2105 1894 2186 1960 τῷ
2216 1892 2369 1950 εἷναι
2405 1895 2627 1962 αὐτοὺς
2651 1895 2794 1962 ἐκεῖ,
2829 1899 3234 1966 ἐπλήσθησαν
3257 1903 3316 1953 al
3344 1898 3557 1968 ἡμέραι
3585 1899 3695 1953 τοῦ

2107 1980 2301 2034 τεκεῖν
2318 1978 2534 2048 αὐτὴν,
2567 1979 2665 2033 καὶ
2703 1979 2872 2034 ἔτεκε
2889 1983 2996 2036 τὸν
3024 1981 3162 2036 υίὸν
3190 1981 3386 2052 αὐτῆς
3414 1982 3521 2037 τὸν
3541 1997 3696 2051 πρω-

2105 2065 2375 2120 τότοκον.

2176 2157 2248 2219 γ’.
2286 2145 2460 2217 Εἶδες,
2485 2151 2758 2223 ἀγαπητέ,
2786 2151 3096 2223 οἰκονομίαν
3123 2150 3281 2213 Θεοῦ,
3321 2150 3416 2204 καὶ⁵
3443 2150 3534 2204 διά
3585 2149 3696 2202 τῶν

2107 2235 2352 2288 ἀπίστων
2375 2237 2472 2288 καὶ
2503 2236 2610 2289 τῶν
2640 2236 2849 2291 πιστῶν
2883 2235 2952 2290 τὰ
2979 2235 3099 2290 καθ’
3131 2235 3321 2289 ἐαυτὸν
3346 2233 3695 2305 οἰκονομοῦν-

2107 2337 2218 2382 τος,
2249 2321 2336 2373 ἵνα
2361 2319 2608 2391 μάθωσιν
2631 2323 2681 2374 οἱ
2699 2320 2970 2391 ἀλλότριοι
2994 2321 3094 2390 τῆς
3113 2320 3395 2383 εὐσεϐείας
3422 2319 3520 2390 τὴν
3541 2319 3696 2389 ἰσχὺν

2109 2405 2204 2457 καὶ¹
2245 2405 2346 2476 τὴν
2397 2405 2625 2476 δύναμιν
2657 2406 2846 2460 αὑτοῦ.
2885 2406 2997 2460 Καὶ
3027 2407 3056 2457 6
3089 2404 3189 2475 μὲν
3219 2404 3396 2474 ἀστὴρ
3437 2403 3562 2466 τοὺς
3595 2401 3698 2472 μά-

2109 2506 2240 2557 γους
2264 2490 2472 2559 ἤγαγεν
2499 2490 2609 2543 ἀπὸ
2652 2491 2752 2558 τῆς
2783 2489 3070 2560 ἀνατολῆς,
3095 2491 3123 2543 6
3153 2489 3209 2542 δὲ
3227 2489 3389 2558 νόμος
3414 2486 3564 2560 [558]
3599 2486 3698 2558 τὴν

2111 2573 2346 2644 Μαριὰμ
2368 2567 2550 2627 εἷλκεν
2578 2573 2673 2626 ἐπὶ
2701 2571 2798 2644 τὴν
2830 2572 3066 2644 πατρίδα
3088 2572 3187 2643 τὴν
3221 2572 3325 2625 ὑπὸ
3349 2571 3458 2624 τῶν
3484 2587 3700 2642 προφη-

2109 2655 2221 2709 τῶν
2249 2658 2572 2728 εἰρημένην.
2617 2655 2901 2710 Ἐντεῦθεν
2939 2658 3071 2728 ήμῖν
3097 2657 3256 2726 δῆλόν
3286 2657 3454 2717 ἐστιν,
3493 2655 3574 2709 ὅτι
3605 2655 3701 2707 καὶ

2110 2741 2144 2810 ὴ
2179 2741 2454 2810 Παρθένος
2484 2742 2550 2794 ἐκ
2574 2741 2764 2809 γένους
2793 2739 2909 2794 ἐστί
2930 2739 3215 2794 Δαυῖδικοῦ
3234 2758 3248 2770 '
3282 2739 3471 2810 ἐπειδὴ
3501 2738 3608 2810 γὰρ
3635 2739 3700 2791 ἐκ

2109 2822 2210 2892 τῆς
2241 2822 2490 2894 Βηθλεὲμ
2509 2819 2598 2894 ἦν,
2629 2822 2854 2893 εῦδηλον
2881 2823 3071 2878 ὅτικαὶ
3098 2826 3163 2878 ἐκ
3194 2823 3288 2876 τοῦ
3316 2824 3464 2876 οἴκου
3493 2821 3701 2892 καὶτῆς

2111 2909 2348 2977 πατριᾶς
2375 2902 2445 2977 ἦν
2474 2906 2570 2960 τοῦ
2601 2906 2786 2962 Δαυῖδ.
2817 2906 2990 2960 Τοῦτο
3013 2906 3108 2960 καὶ
3135 2906 3414 2977 ἀνωτέρω·
3435 2904 3702 2977 ἐδήλωσεν

2110 2991 2140 3043 6
2173 2990 2588 3062 εὐαγγελιστὴς,
2621 2992 2680 3044 ἐν
2719 2985 2801 3053 οἷς
2831 2990 3018 3060 ἔλεγεν
3040 3007 3054 3022 ·
3100 2989 3299 3057 Ἀνέϐη
3343 2989 3412 3042 δὲ
3449 2988 3545 3042 καὶ
3589 2989 3701 3041 διω-

2111 3072 2242 3141 σὴφ
2263 3073 2384 3127 ἀπὸ
2413 3073 2524 3140 τῆς
2545 3073 2880 3139 Γαλιλαίας
2906 3073 3030 3127 σὺν
3050 3072 3308 3141 Μαριὰμ,
3333 3070 3433 3125 διὰ
3460 3069 3526 3124 τὸ
3546 3066 3701 3124 εἶναι

2112 3155 2303 3209 αὐτὸν
2336 3155 2407 3220 ἐξ
2441 3157 2616 3211 οῑκου
2646 3156 2748 3210 καί
2785 3154 3040 3225 πατριᾶς
3077 3155 3280 3210 Δαυῖδ.
3333 3153 3553 3225 Ἐπειδὴ
3589 3151 3700 3224 γὰρ

2113 3245 2142 3297 6
2168 3244 2265 3314 μὲν
2303 3245 2500 3314 Ἰωσὴφ
2533 3245 2952 3317 ἐγενεαλογήθη,
2983 3245 3110 3307 τοὺς
3149 3244 3208 3297 δέ
3256 3243 3461 3313 ταύτης
3500 3241 3703 3313 προγόο

2113 3344 2239 3392 νους
2263 3327 2439 3392 οὐδεὶς
2466 3329 2596 3398 ήμίν
2626 3327 2934 3400 ἠρίθμησεν
2964 3326 3159 3391 οὕτως,
3190 3326 3267 3390 ώς
3297 3327 3423 3386 τοὺς
3447 3324 3658 3379 ἐκείνου
3680 3339 3698 3356 ο

2117 3411 2204 3464 ἵνα
2240 3411 2314 3483 μὴ
2345 3411 2694 3484 ἀμφιϐάλλῃς
2727 3412 2822 3466 καὶ
2869 3411 3054 3485 λέγῃς,
3085 3409 3258 3464 Πόθεν
3286 3406 3379 3464 οὖν
3409 3409 3592 3480 δῆλον,
3616 3408 3702 3462 ὅτι

2115 3497 2182 3550 ἐκ
2205 3495 2298 3548 τοῦ
2330 3495 2492 3550 Δαυῖδ
2521 3498 2639 3549 ἐστι
2684 3496 2778 3550 καὶ
2807 3495 2978 3566 αὐτή;
3002 3496 3237 3549 ἄκουσον
3258 3509 3273 3525 ο
3318 3495 3416 3546 Ἐν
3453 3491 3535 3558 τῷ
3554 3491 3704 3562 μηνί

2115 3579 2198 3645 τῷ
2214 3579 2366 3647 ἕκτῳ
2392 3578 2709 3648 ἀπεστάλη
2752 3583 2786 3634 ό
2818 3577 3075 3648 ἅγγελος
3111 3577 3382 3645 Γαϐριὴλ
3438 3575 3558 3630 ὑπὸ
3597 3574 3704 3630 τοῦ

2121 3663 2271 3718 Θεοῦ
2301 3666 2390 3729 είς
2412 3664 2594 3718 πόλιν
2615 3661 2729 3730 τῆς
2756 3663 3113 3726 Γαλιλαίας,
3137 3655 3177 3732 ᾖ
3211 3661 3398 3729 ὄνομα
3418 3659 3704 3727 Ναζαρὲθ.

2118 3745 2268 3814 πρὸς
2296 3746 2598 3816 παρθένον
2632 3745 3175 3816 μεμνηστευμένην
3215 3743 3410 3812 ἀνδρὶ,
3447 3737 3495 3810 ᾧ
3519 3743 3708 3810 ὄνομα

2117 3830 2355 3898 Ἰωσὴφ,
2391 3829 2460 3892 ἐξ
2493 3829 2665 3884 οἴκου
2703 3828 2886 3884 Δαυΐδ
2916 3829 2960 3882 ί.
3013 3827 3108 3893 Τὸ,
3167 3828 3238 3892 ἐξ
3277 3828 3449 3882 οῑκου
3491 3817 3706 3889 Δαύῒδ,

2121 3913 2248 3983 περὶ
2281 3913 2380 3982 τῆς
2426 3911 2704 3984 Παρθένου
2749 3911 3090 3980 ὑποληπτέον
3123 3910 3410 3981 είρῆσθαν
3432 3911 3570 3980 ὅπερ
3612 3905 3707 3963 οὖν

2125 3997 2220 4047 καὶ
2249 3994 2485 4049 ἐνταῦθα
2529 3994 2842 4064 δεδήλωται.
2877 3992 2976 4047 Διά
2996 3992 3152 4046 τοῦτο
3178 3993 3271 4046 καὶ
3295 3993 3355 4046 τὸ
3377 3993 3705 4063 πρόσταγμα

2127 4079 2220 4133 καὶ
2250 4080 2278 4131 6
2309 4079 2471 4149 νόμος
2511 4074 2666 4142 οὗτος
2719 4079 2932 4148 ἐφοίτα,
2973 4076 3190 4145 ἀνάγων
3216 4077 3309 4128 ἐπὶ
3336 4075 3434 4146 τὴν
3459 4075 3708 4146 Βηθλεὲμ

2126 4164 2322 4228 αύτούς
2342 4180 2356 4194 ’
2387 4163 2524 4234 ὁμοῦ
2561 4181 2620 4216 τε
2649 4162 2760 4232 γὰρ
2789 4164 2888 4232 τῆς
2919 4159 3128 4225 πόλεως
3157 4159 3452 4229 ἐπέϐησαν,
3479 4161 3574 4212 καὶ
3605 4159 3709 4228 ’1η-

2132 4250 2258 4314 σοῦς
2290 4249 2492 4313 εὐθέως
2527 4247 2789 4302 ἐτίκτετο.
2825 4246 3027 4302 Διὸκαὶ
3047 4245 3105 4298 ὲν
3137 4245 3317 4318 φάτνῃ
3336 4244 3705 4308 κατεκλίνετο,

2130 4334 2342 4388 πολλῶν
2381 4330 2720 4400 πανταχόθεν
2740 4327 2864 4384 τότε
2901 4331 3326 4401 συντρεχόντων,
3365 4327 3461 4380 καὶ
3485 4329 3610 4390 τοὺς
3629 4329 3710 4380 τό-

2127 4435 2262 4481 πους
2307 4413 2964 4488 προκαταλαμϐανόντων,
3027 4414 3123 4467 καὶ
3171 4410 3372 4482 πολλὴν
3413 4409 3710 4464 ποιούντων

2127 4501 2224 4572 τὴν
2254 4498 2644 4569 στενοχωρίαν·
2670 4497 2792 4550 ὅθεν
2818 4499 2935 4550 ἐκεῖ
2963 4495 3123 4552 αὐτὸν
3157 4496 3252 4550 καὶ
3277 4495 3326 4550 οἰ
3357 4495 3521 4566 μάγοι
3549 4510 3710 4566 προσ-

2128 4586 2420 4656 εκύνησαν.
2467 4583 2584 4635 ’Ἰνα
2630 4580 2686 4634 δὲ
2741 4579 3082 4650 σαφεστέραν
3144 4579 3240 4633 καὶ
3281 4577 3710 4649 γνωριμωτέραν

2131 4671 2261 4739 ὑμῖν
2285 4655 2568 4730 ἀπόδειξιν
2596 4665 2989 4734 παράσχωμαι,
3015 4661 3341 4732 διανάστητέ
3382 4678 3498 4731 μοι,
3529 4677 3707 4730 παρα-

2130 4751 2304 4815 καλῶ,
2361 4749 2484 4803 νῦν⁶
2535 4750 2628 4802 καί⁵
2669 4748 2780 4818 γὰρ
2837 4745 3055 4818 μακρὰν
3096 4747 3338 4816 ἱστορίαν
3380 4743 3708 4811 ἀνακινῆσαι

2133 4835 2431 4906 βούλομαι,
2472 4834 2568 4886 καὶ
2621 4832 2884 4892 παλαιοὺς
2941 4828 3249 4896 ἀναγνῶναι
3294 4826 3522 4894 νόμους,
3567 4822 3708 4876 ὥστε

2130 4919 2392 4975 πάντοθεν
2423 4917 2550 4988 ὑμῖν
2584 4915 2836 4984 γενέσθαι
2872 4913 2964 4966 τὸν
2990 4913 3144 4980 λόγον
3178 4909 3529 4978 σαφέστερον.

2202 5003 2384 5074 Νόμος
2417 4997 2486 5072 ἦν
2515 4998 2744 5062 παλαιὸς
2768 4999 2880 5060 τοῖς
2920 4994 3192 5057 Ἰουδαίοις
3213 5010 3226 5022 ·
3265 4992 3464 5063 μᾶλλον
3491 4992 3549 5046 δὲ
3571 4993 3713 5046 ἀνω-

2128 5086 2273 5159 τέρω
2303 5083 2393 5137 τὸν
2442 5083 2597 5152 λόγον
2648 5081 2968 5150 ἀγάγωμεν⁸
3006 5079 3136 5130 Ὅτε
3181 5075 3290 5129 τῶν
3325 5075 3710 5144 Αἰγυπτιακῶν

2132 5167 2376 5239 θορύϐων
2422 5166 2516 5221 καὶ
2554 5167 2655 5236 τῆς
2705 5163 2799 5217 τοῦ
2833 5163 3110 5236 ϐαρϐάρου
3138 5162 3453 5234 τυραννίδος
3484 5161 3575 5216 τὸν
3602 5160 3712 5214 τῶν

2143 5251 2410 5323 Ἐϐραίων
2468 5249 2641 5319 δῆμον
2684 5245 2996 5318 ἀπήλλαξεν
3045 5249 3074 5300 6
3119 5246 3287 5309 Θεὸς,
3327 5245 3469 5318 ὁρῶν
3517 5244 3713 5308 αὐτοὺς

2131 5333 2213 5389 ῑτι
2254 5333 2481 5403 λείψανα
2524 5330 2776 5395 ἀσεϐείας
2823 5330 3044 5403 ἔχοντας
3079 5329 3174 5384 καὶ
3230 5329 3358 5400 περὶ
3384 5326 3453 5382 τά
3479 5326 3717 5398 αἰσθητὰ.

2132 5400 2525 5490 ἐπτοημένους,
2551 5417 2648 5470 καὶ
2680 5400 2883 5488 μεγέθη
2917 5400 3012 5470 καὶ
3045 5415 3214 5487 κάλλη
3241 5411 3386 5468 ναῶν
3407 5408 3714 5484 θαυμάζον-

2196 5564 2731 5677 ⁸Ιᾶ1ἐῖῇάπογράφιώω,
2757 5571 2811 5613 ει
2840 5563 2914 5654 3ti
2934 5561 3074 5611 iam.

2257 5665 2271 5676 .
2380 5627 2430 5684 ἐξ
2447 5643 2475 5675 0
2495 5643 2583 5676 κου
2603 5628 2684 5674 καὶ
2701 5630 2898 5684 πατριᾶς
2919 5622 3074 5672 Δαυίδ.

2257 5628 2292 5677 Α
2301 5626 2356 5676 lii
2380 5627 2430 5684 ἐξ
2447 5622 2583 5676 ϐῖκον
2603 5628 2684 5674 καὶ
2701 5630 2898 5687 πατριᾶς
2919 5622 3086 5679 Amata.~
