4100 6434
441 250 550 308 355

437 383 560 431 τας,
594 365 885 433 ἐκέλευσεν
932 365 1117 432 αὐτοῖς
1177 367 1605 442 οἰκοδομηθῆναι
1636 370 1788 437 ναὸν,
1814 372 1940 445 οὐχὶ
1964 374 2032 445 τῇ

440 451 760 524 πολυτελείᾳ
814 451 915 521 τῆς
957 450 1090 523 ῦλης
1129 452 1310 523 μόνον,
1356 453 1479 508 οὐδὲ
1542 457 1612 529 τῇ
1665 456 1912 530 ποικιλίᾳ
1934 455 2038 528 τῆς

439 533 656 608 τέχνης,
698 534 834 590 ἀλλά
877 535 972 589 καὶ
1004 534 1083 607 τῷ
1126 537 1369 609 σχήματι
1421 540 1523 611 τῆς
1569 540 1861 612 οἰκοδομῆς
1902 540 2039 595 πάν-

440 636 540 686 τας
568 621 696 685 τοὺς
722 622 783 674 ἐν
826 622 895 693 τῇ
939 622 1012 694 γῇ
1049 622 1209 686 ναοὺς
1251 622 1699 696 ἀποκρύπτοντα.
1726 624 1841 680 Καὶ
1865 624 2038 681 καθά-

442 722 548 776 περ
579 704 764 778 πατὴρ
798 704 1156 779 φιλόστοργος
1184 706 1273 761 διὰ
1304 706 1508 763 πολλοῦ
1548 707 1747 782 χρόνου
1793 708 1889 763 τὸν
1918 709 2038 765 υἰὸν

440 790 533 845 τὸν
586 787 785 845 ἐαυτοῦ
823 792 1045 862 μιαροῖς
1095 788 1411 863 ἀνθρώποις
1459 792 1559 847 καὶ
1619 792 1886 865 φθορεῦσι
1941 794 2039 849 καὶ

440 874 676 940 ἀσώτοις
713 876 1241 949 συναναστραφέντα
1265 878 1362 931 καὶ
1405 877 1611 949 πολλῆς
1649 876 2038 933 ἀπολαύσαντα

438 960 653 1035 τρυφῆς
681 959 886 1027 λαϐὼν,
923 962 1069 1033 μετά
1095 961 1401 1031 ἀσφαλείας
1433 962 1531 1017 καὶ
1572 962 1906 1035 σεμνότητος
1941 965 2038 1018 ἐπὶ

440 1046 649 1102 πλείονι
703 1046 1030 1119 καθίστησιν
1063 1047 1230 1102 αὐτὸν
1262 1048 1520 1121 ἀφθονίᾳ,
1565 1048 1711 1104 ὥστε
1740 1052 1879 1122 μήτε
1910 1066 2035 1104 στε-

439 1130 819 1204 νοχωρηθέντα
862 1134 974 1187 τῶν
1019 1134 1307 1207 προτέρων
1365 1136 1590 1207 μνήμην
1631 1135 1842 1201 λαϐεῖν,
1895 1139 2034 1210 μήτε

439 1218 524 1285 εἰς
570 1217 874 1290 ἐπιθυμίαν
925 1220 1156 1275 ἐκείνων
1200 1220 1407 1275 ἐλθεῖν·
1461 1220 1607 1276 οὕτω
1653 1223 1752 1277 καὶ
1815 1225 1845 1277 6
1902 1224 2036 1290 Θεὸς

441 1303 662 1377 βλέπων
689 1306 818 1368 τοὺς
845 1316 870 1344 ⁸
914 1304 1204 1370 Ἰουδαίους
1234 1308 1367 1378 περί
1398 1306 1469 1360 τά
1489 1308 1728 1381 αἰσθητά
1757 1309 2035 1381 ἐπτοημέ-

438 1406 588 1455 νους,
629 1391 726 1445 καὶ
783 1391 843 1444 ἐν
894 1389 1106 1455 τούτοις
1153 1393 1358 1464 πολλὴν
1394 1396 1635 1449 ποιεῖται
1672 1396 1773 1467 τὴν
1807 1395 2037 1468 ὑπερϐο-

438 1475 541 1550 λὴν
570 1517 588 1541 ,
636 1474 779 1531 ὥστε
831 1477 1032 1542 αὐτοὺς
1106 1478 1380 1549 μηδέποτε
1434 1481 1517 1543 εἰς
1577 1481 1876 1553 ἐπιθυμίαν
1925 1481 2036 1536 τῶν

440 1561 761 1632 Αἰγυπτίων
793 1560 827 1633 ἢ
857 1561 969 1617 τῶν
999 1563 1469 1634 παρἈίγυπτίοις
1503 1563 1702 1619 ἐλθεῖν.
1733 1567 1845 1620 Καὶ
1872 1568 2039 1623 ποιεῖ-

438 1662 534 1700 ται
569 1645 666 1700 τὸν
701 1645 831 1700 ναὸν
869 1646 1008 1719 πρὸς
1046 1647 1146 1719 τὴν
1178 1648 1369 1702 εἰκόνα
1403 1647 1500 1701 τοῦ
1547 1648 1755 1722 κόσμου
1810 1650 2035 1715 παντὸς,

439 1728 539 1784 τοῦ
563 1747 626 1784 τε
654 1729 916 1801 αἰσθητοῦ
955 1731 1054 1787 καὶ
1082 1730 1299 1803 νοητοῦ.
1356 1732 1628 1805 Καθάπερ
1667 1733 1781 1806 γάρ
1814 1734 1935 1787 ἐστι
1963 1735 2034 1805 γῆ

442 1816 539 1870 καί
557 1814 810 1887 οὐρανὸς,
827 1814 925 1869 καὶ
948 1816 1115 1887 μέσον
1141 1816 1474 1891 διάφραγμα
1491 1818 1552 1872 τὸ
1574 1818 1864 1889 στερέωμα
1881 1816 2034 1890 [339]

439 1897 621 1953 τοῦτο’
650 1898 796 1954 οὕτω
824 1900 1079 1955 κάκεῖνον
1112 1901 1371 1956 ἐκέλευσε
1402 1900 1682 1970 γενέσθαι.
1706 1904 1816 1957 Kal
1844 1904 1926 1967 εἰς
1944 1902 2039 1957 δύο

438 1979 715 2054 διατεμὼν
741 1983 835 2039 τὸν
863 1983 992 2037 ναὸν
1041 1982 1255 2047 τοῦτον,
1298 1986 1396 2039 καὶ
1440 1985 1849 2055 καταπέτασμα
1877 1986 2038 2055 ἀφεὶς

444 2064 642 2138 μέσον,
676 2066 741 2120 τὸ
786 2066 887 2138 μὲν
929 2065 1036 2133 ἔξω
1068 2068 1165 2122 τοῦ
1207 2068 1707 2140 καταπετάσματος
1731 2069 1866 2122 πᾶσι
1906 2085 2037 2123 συν-

440 2150 732 2224 εχώρησεν
786 2147 930 2205 εἶναι
996 2150 1208 2223 βατδν,
1248 2153 1310 2207 τὸ
1367 2151 1427 2206 δὲ
1480 2152 1631 2208 ἔνδον
1685 2152 1889 2208 άϐατον
1940 2153 2039 2208 καὶ

440 2237 669 2292 ἀθέατον
691 2238 852 2300 πᾶσι,
877 2238 1016 2309 πλὴν
1038 2237 1130 2291 τοῦ
1151 2238 1455 2311 ἀρχιερέως
1486 2239 1671 2311 μόνου.
1696 2239 1808 2294 Kal
1829 2239 1911 2293 ὅτι
1940 2238 2038 2310 οὐχ

440 2323 713 2396 ἡμέτερος
742 2323 918 2378 ταῦτα
941 2324 1270 2396 στοχασμὸς,
1289 2324 1406 2379 ἀλλ’
1437 2326 1496 2381 ἐν
1524 2324 1683 2398 τύπῳ
1703 2324 1799 2379 τοῦ
1828 2324 2037 2395 κόσμου

441 2406 647 2472 παντὸς
676 2409 707 2460 6
760 2407 891 2472 ναὸς
939 2408 1375 2469 κατεσκεύαστο,
1432 2408 1669 2463 ἄκουσον
1708 2408 1761 2462 τί
1812 2408 2040 2480 φησινό

443 2490 657 2556 Παῦλος
683 2531 697 2554 ,
747 2492 883 2563 περὶ
936 2491 1030 2545 τοῦ
1065 2490 1305 2563 Χριστοῦ
1347 2493 1523 2561 λέγων
1562 2494 1642 2557 εἰς
1679 2492 1773 2546 τὸν
1807 2491 2040 2563 οὐρανὸν

440 2576 764 2641 ἀναϐάντος·
803 2578 887 2630 Οὐ
910 2577 1021 2646 γὰρ
1051 2579 1141 2642 εἰς
1164 2578 1567 2652 χειροποίητα,
1584 2578 1725 2648 ἅγια
1751 2574 2043 2645 εἰσῆλθεν

441 2664 481 2716 ὁ
503 2660 783 2729 Χριστὸς,
814 2660 1119 2716 ἀντίτυπα
1165 2661 1289 2715 τῶν
1334 2660 1643 2730 ἀληθινῶν
1662 2679 1676 2692 ·
1708 2661 1925 2723 δεικνὺς
1956 2662 2042 2713 ὅτι

435 2746 513 2802 ’τά
542 2745 780 2802 ἐνταῦθα
805 2747 1078 2802 ἀντίτυπα
1099 2743 1170 2819 ἦν
1193 2746 1308 2801 τῶν
1333 2744 1359 2783 ιο
1391 2745 1687 2819 ἀληθινῶν.
1708 2746 1833 2800 ’Ὁτι
1860 2745 1918 2798 δὲ
1946 2745 2044 2799 καί⁵

439 2830 507 2887 ’σὺ
538 2831 942 2902 καταπέτασμα
965 2830 1172 2903 διεῖργε
1193 2829 1263 2883 τὰ
1282 2830 1452 2899 ’Ἅγια
1473 2830 1584 2884 τῶν
1604 2830 1776 2898 ἁγίων
1800 2829 1908 2882 ἀπὸ
1932 2827 2043 2883 τῶν

432 2914 622 2984 ⁴ἀγίων
649 2913 762 2968 τῶν
787 2911 914 2981 ἐξω,
962 2914 1219 2988 καθάπερ
1272 2910 1426 2979 οὗτος
1462 2915 1493 2968 6
1544 2914 1775 2986 οὐρανὸς
1802 2913 1874 2966 τά
1902 2914 2044 2987 ύπέρ

444 2996 610 3053 ἀύτὸν
637 2997 976 3069 ἀποτειχίζει
1019 2997 1225 3052 τούτων
1269 2997 1378 3052 τῶν
1413 2995 1540 3052 καθ’
1572 2997 1722 3069 ἡμᾶς
1751 2997 2041 3064 ἁπάντων,

445 3083 682 3138 ἄκουσον
711 3079 830 3146 πῶς
869 3082 966 3136 καὶ
1003 3080 1166 3135 τοῦτο
1188 3081 1438 3154 ᾐνίξατο,
1478 3080 1573 3135 τὸν
1607 3080 1839 3153 οὐρανὸν
1875 3096 2046 3135 κατα-

445 3165 709 3237 πέτασμα
743 3164 1004 3229 καλέσας.
1034 3166 1174 3238 Περί⁵
1203 3166 1314 3237 γὰρ
1347 3165 1447 3237 τῆς
1480 3165 1700 3229 ἐλπίδος
1728 3163 1928 3232 λέγων,
1961 3166 2045 3218 ὅτι

445 3248 525 3314 ὡς
553 3249 803 3321 ἄγκυραν
830 3250 1003 3322 αὐτὴν
1032 3250 1232 3322 ἐχομεν
1268 3251 1367 3319 τῆς
1387 3250 1571 3321 ψυχῆς
1608 3250 1827 3321 ἀσφαλῆ
1866 3266 1927 3303 τε
1950 3250 2047 3303 καὶ

435 3332 700 3405 βεϐαίαν,
726 3334 1002 3406 ἐπήγαγεο
1029 3331 1142 3387 Καί
1168 3331 1607 3402 εἰσερχομένην
1636 3335 1721 3400 εἰς
1748 3332 1816 3386 τὸ
1833 3330 2049 3385 ἐσώτε-

444 3430 560 3487 ρον
578 3416 700 3471 ’τοῦ
721 3414 1284 3485 καταπετάσματος,
1327 3416 1483 3470 ὅπου
1524 3415 1864 3486 πρόδρομος
1892 3414 2047 3484 ὑπὲρ

434 3488 622 3570 ’ἡμῶν
648 3498 943 3569 εἰσῆλθεν
975 3499 1219 3567 Ἰησοῦς
1239 3510 1288 3565 ιι,
1305 3497 1462 3568 ὑπὲρ
1487 3499 1597 3553 τὸν
1617 3499 1884 3568 οὐρανὸν
1901 3499 2044 3556 ἄνω.

460 3585 628 3656 Ὁρᾷς
684 3584 806 3648 πῶς
852 3583 1263 3655 καταπέτασμα
1316 3583 1409 3637 τὸν
1465 3583 1696 3655 οὐρανὸν
1756 3584 2045 3650 ἐκάλεσεν;

426 3669 606 3735 -Ἐξω
638 3666 740 3740 μέν
756 3664 852 3723 οὖν
883 3666 979 3721 τοῦ
1017 3666 1516 3736 καταπετάσματος
1548 3662 1618 3737 ἦν
1645 3668 1678 3739 ή
1703 3666 1919 3738 λυχνία,
1955 3669 2050 3722 καὶ

330 3813 337 3819 .
424 3752 485 3826 ⁸ή
516 3751 787 3826 τράπεζαν
836 3753 930 3807 καὶ
957 3751 1141 3823 βωμὸς
1174 3751 1434 3823 χαλκοῦς,
1466 3750 1567 3814 τὰς
1599 3749 1788 3815 θυσίας
1820 3750 2048 3823 δεχόμε-

423 3855 542 3902 ⁸νος
572 3837 772 3892 καί-’τά
799 3834 1248 3906 ὁλοκαυτώματα·
1280 3834 1391 3889 ἔσω
1410 3834 1468 3889 δὲ
1496 3834 1591 3889 τοῦ
1623 3836 2051 3906 καταπετάσμα-

451 3924 546 3990 τος
576 3925 609 3996 ἡ
632 3922 888 3987 κιδωτδς,
907 3922 1435 3994 περικεκαλυμμένη
1466 3917 1496 3958 δ
1526 3920 1792 3976 πάντοθεν
1817 3921 2047 3992 χρυσίῳ,

422 4007 555 4072 τὰς
598 4007 813 4072 πλάκας
858 4007 1056 4079 ἔχουσα
1110 4007 1211 4077 τῆς
1268 4005 1570 4077 διαθήκης,
1619 4007 1713 4059 καὶ
1751 4005 1852 4076 τὴν
1925 4004 2053 4059 στά-

416 4092 431 4120 "
457 4108 590 4165 μνον
632 4091 741 4164 τὴν
785 4091 1025 4163 χρυσῆν,
1059 4090 1155 4144 καὶ
1186 4089 1284 4161 τὴν
1328 4088 1523 4161 ῥάϐδον
1566 4089 1774 4161 ’Δαρὼν
1798 4088 1897 4160 τὴν
1925 4088 2052 4159 βλαυ

456 4176 759 4249 στήσασαν,
822 4174 917 4229 καὶ
985 4173 1167 4246 βωμὸν
1223 4172 1481 4245 χρυσοῦν,
1543 4173 1667 4244 οὐχὶ
1698 4171 1900 4229 θυσιῶν
1931 4173 2054 4227 οὐδὲ

435 4258 950 4332 ’ὁλοκαυτωμζάὶτωι
968 4258 1107 4314 ἀλλά
1132 4257 1476 4329 θυμιάματος
1506 4257 1688 4327 μόνου.
1724 4257 1835 4309 Kal
1855 4256 1924 4311 τὰ
1956 4257 2054 4323 μὲν

412 4352 426 4362 ’
457 4343 565 4411 εξω
592 4341 789 4399 ’πατεῖν
816 4345 983 4399 πᾶσιν
1029 4345 1242 4413 ἐφεῖτο,
1269 4342 1339 4397 τά
1363 4342 1423 4397 δέ
1453 4341 1601 4399 ἔνδον
1630 4343 1777 4414 μόνῳ
1799 4341 1879 4414 τῷ
1911 4342 2053 4413 ἀρχ-

418 4449 425 4455 ’
460 4426 618 4502 ιερεῖ.
663 4430 775 4484 Kal
805 4427 1014 4483 τούτων
1051 4428 1109 4481 δὲ
1156 4427 1338 4482 αὐτῶν
1388 4427 1699 4499 μαρτυρίαν
1745 4423 2056 4498 παρέξομαι

412 4524 417 4527 ⁷
459 4510 647 4576 πάλιν,
683 4510 776 4566 τοῦ
808 4512 1026 4566 Παύλου
1060 4509 1206 4565 οὕτω
1261 4527 1379 4575 πως
1426 4509 1681 4581 λέγοντος
1703 4525 1718 4541 ·
1772 4505 1918 4580 Εἶχε
1939 4508 2058 4579 μὲν

414 4595 427 4617 '
460 4591 579 4652 οὖν
601 4599 643 4666 ἡ
677 4596 877 4665 πρώτη
907 4595 1112 4665 σκηνὴ
1149 4595 1511 4667 δικαιώματα
1552 4595 1856 4665 λατρείας,
1893 4594 1961 4648 τό
1980 4609 2059 4646 ’τε

412 4686 423 4691 ’
463 4677 639 4751 ἅγιον
669 4680 991 4751 κοσμικόν.
1020 4680 1214 4749 ’Δγιον
1245 4680 1303 4734 δέ
1332 4679 1597 4751 κοσμικόν
1635 4678 1791 4735 καλεῖ
1824 4680 1921 4752 τὴν
1954 4676 2060 4744 ἔξω

465 4763 694 4837 σκηνὴν.
730 4763 922 4836 ἐπειδὴ
958 4762 1038 4835 τῷ
1075 4763 1270 4834 κόσμῳ
1309 4763 1471 4817 παντί
1502 4762 1731 4817 εἰσιέναι
1780 4762 1941 4832 θέμις
1966 4758 2056 4833 ἦν·

426 4844 639 4923 ’·Ἐνῇ
663 4849 704 4920 ἦ
728 4867 796 4903 τε
823 4851 1051 4918 λυχνία
1078 4849 1179 4905 καί
1204 4850 1244 4919 ἠ
1270 4846 1526 4918 τράπεζα
1556 4847 1659 4902 καί
1688 4849 1730 4915 ἡ
1774 4848 2061 4916 πρόθεσις

463 4933 588 4989 τῶν
624 4928 839 5004 ἄρτων.
880 4933 1046 4990 Μετὰ
1076 4934 1147 4988 δὲ
1178 4934 1244 4988 τὸ
1286 4934 1582 5003 ’δεύτερον
1623 4932 2061 5003 καταπέτασμα

439 5016 673 5088 ’σκηνὴ
706 5021 745 5089 ἠ
775 5018 1073 5089 λεγομένη
1110 5018 1183 5074 τὰ
1215 5020 1379 5089 Ἅγια
1410 5018 1529 5072 τῶν
1550 5018 1756 5087 ἀτίων,
1777 5019 2062 5089 χρυσοῦν

408 5173 429 5191 δ’
468 5103 704 5173 ἔχουσα
731 5103 1138 5173 θυμιατήριον,
1174 5102 1275 5157 καί
1297 5102 1415 5168 τὴν
1437 5103 1688 5157 κιϐωτὸν
1715 5103 1826 5172 τῆς
1859 5102 2063 5191 διαθήὶ
2100 5136 2105 5139 -

470 5204 585 5255 κης
624 5185 1230 5258 περικεκαλυμμένην
1270 5186 1572 5243 πάντοθεν
1618 5190 1872 5258 χρυσίῳ
1922 5189 1993 5243 ὲν
2022 5181 2063 5258 ᾖ

537 5502 687 5574 *ΑΔῐίἰ
712 5502 739 5550 6
759 5502 1061 5574 Θεὸςλαόὼν
1091 5502 1219 5562 τούς,
1240 5501 1328 5574 filii
1417 5502 1536 5574 Θεὸς
1558 5504 1747 5566 βλέπων
1767 5502 1893 5565 τούς,
1920 5515 2067 5566 quam

474 5569 776 5626 postremam
805 5566 1076 5614 lectionem
1088 5580 1095 5586 ν
1107 5565 1341 5628 sequitur
1360 5565 1632 5629 interpres.

537 5623 567 5664 δ
589 5625 688 5674 ΜῙὶ
707 5624 767 5675 ἦν
792 5625 983 5674 ἐκείνων
1003 5628 1117 5675 τῶν.

540 5642 567 5664 ³
589 5642 688 5674 All!
707 5642 767 5685 ην
792 5642 983 5674 εκεινων
1003 5643 1117 5675 των.

540 5687 566 5751 τε
593 5685 693 5751 Alii
716 5687 931 5744 εἰσῆλθεν
950 5688 1172 5751 Χριστός-

541 5743 570 5785 ἆ
589 5746 689 5796 Alii
710 5743 1181 5811 κατακεκαλυμμένη.

1157 250 1214 307 S.
1254 248 1542 310 JOANNIS
1578 251 2072 315 CHRYSOSTOMI
2110 258 2434 322 ARCIIIEP.
2474 265 3028 330 CONSTANTINOP.

3623 279 3731 335 556

2144 376 2419 449 στάμνος
2439 382 2648 454 κρυσῆ
2673 384 2909 457 ἔχουσα
2951 385 3017 442 τό
3064 385 3290 456 μάννα,
3318 387 3416 443 καί
3447 387 3486 458 ή
3507 387 3737 459 ῥάϐδος

2152 459 2371 532 Ἀαρὼν
2396 465 2436 534 ἠ
2470 466 2914 536 βλαστήσασα,
2966 470 3067 526 καί
3098 472 3162 525 αἰ
3193 469 3422 537 πλάκες
3466 469 3579 542 τῆς
3605 471 3735 529 δια-

2140 544 2352 615 θήκης·
2380 550 2659 620 ὑπεράνω
2685 551 2756 607 δέ
2775 553 2969 623 αὐτῆς
2989 554 3280 626 Χερουϐὶμ
3305 553 3515 625 δόξης,
3547 573 3733 613 ma.

2140 630 2464 693 σκιάζοντα
2499 633 2569 690 τὸ
2607 635 2984 707 ἱλαστήριον.
3041 640 3273 694 Τούτων
3302 637 3373 693 δὲ
3407 639 3563 694 οὕτω
3587 656 3732 696 κατ-

2138 716 2720 787 εσκευασμένων,εἰς
2725 720 2842 789 μὲν
2851 720 2970 790 τὴν
2982 721 3224 791 πρώτην
3233 721 3475 792 σκηνὴν
3486 722 3732 781 διαπανο

2138 797 2244 865 τὸς
2256 800 2523 854 εἰσίασιν
2540 803 2596 855 οἰ
2623 802 2820 873 ἱερεῖς,
2842 805 2949 873 τὰς
2974 807 3251 876 λατρείας
3284 806 3729 877 ἐπιτελοῦντες

2137 884 2228 949 εἰς
2251 881 2322 936 δὲ
2348 882 2465 952 τὴν
2489 883 2782 956 δευτέραν
2827 887 2992 954 ἅπαξ
3025 890 3133 946 τοῦ
3155 891 3441 947 ἐνιαυτοῦ
3468 891 3660 963 μόνος
3695 894 3733 948 ὁ

2138 966 2476 1037 ἀρχιερεὺς,
2499 971 2574 1025 οὐ
2603 970 2785 1040 χωρὶς
2811 972 3084 1043 αἵματος,
3116 974 3148 1027 ὃ
3199 973 3531 1046 προσφέρει
3576 975 3733 1044 ὑπὲρ

2138 1050 2360 1106 ἑαυτοῦ
2390 1054 2488 1108 καὶ
2524 1051 2645 1108 τῶν
2680 1054 2787 1110 τοῦ
2820 1056 2975 1111 λαοῦ
3003 1057 3417 1128 ἀγνοημάτων.
3457 1059 3623 1131 Ὁρᾷς
3648 1061 3735 1114 ὅτι

2138 1134 2237 1189 καὶ
2275 1135 2437 1204 μόνος
2471 1137 2781 1209 εἰσέρχεται
2819 1140 2850 1194 6
2911 1140 3233 1213 ἀρχιερεὺς,
3280 1143 3378 1197 καὶ
3429 1141 3581 1211 ἅπαξ
3633 1143 3730 1198 τοῦ

2139 1219 2393 1275 ἐνιαυτοῦ
2422 1223 2624 1288 παντός
2645 1240 2659 1290 ;

2210 1304 2365 1370 δ¹ηΤί
2399 1303 2496 1362 οὖν
2530 1310 3055 1384 ταῦτα,φησί,πρδς
3075 1313 3175 1384 τὴν
3189 1312 3562 1385 προκειμένην
3597 1313 3736 1387 ήμὲ·

2144 1409 2278 1464 ραν;
2317 1393 2674 1466 Ἀναμείνατε
2704 1397 2921 1469 μικρὸν,
2953 1398 3047 1452 καὶ
3079 1397 3156 1470 μὴ
3178 1397 3519 1469 θορυὸεῖσθε.
3554 1399 3733 1453 Ι’Δνω-

2141 1476 2233 1531 θεν
2253 1476 2362 1549 γὰρ
2390 1476 2489 1548 τὴν
2520 1481 2705 1551 πηγὴν
2735 1478 3105 1552 διορύττομεν,
3137 1481 3235 1534 καί⁵
3257 1482 3344 1534 ἐπ’
3369 1482 3541 1553 αὐτὴν
3564 1481 3735 1536 σπεύ-

2137 1561 2303 1632 δομεν
2330 1561 2429 1634 τὴν
2464 1563 2709 1635 κορυφὴν
2743 1564 2917 1618 ἐλθεῖν
2937 1606 2949 1625 ,
2996 1566 3136 1619 ὥστε
3171 1567 3288 1636 μετ’
3320 1567 3576 1632 εὐκολίας
3605 1567 3735 1636 ύμῖν

2140 1646 2355 1701 ἅπαντα
2381 1647 2633 1715 γενέσθαι
2660 1648 2817 1720 δῆλα·
2845 1648 3048 1720 μᾶλλον
3070 1648 3149 1713 δὲ,
3176 1650 3266 1705 ἵνα
3293 1649 3370 1722 μὴ
3396 1652 3562 1724 μέχρι
3578 1649 3734 1724 [560]

2138 1730 2337 1785 πολλοῦ
2369 1733 2399 1786 6
2428 1731 2587 1802 λόγος
2622 1735 3084 1805 συνεσκιασμένος
3109 1731 3168 1808 ᾖ,
3202 1735 3338 1806 μηδὲ
3359 1736 3735 1804 ἀσαφέστερος

2138 1814 2217 1870 ὢν
2239 1816 2609 1889 ἀπαγορεύειν
2656 1819 2801 1889 ὑμᾶς
2855 1821 3061 1891 ποιήσῃ
3105 1818 3245 1889 πρὸς
3300 1818 3363 1870 τὸ
3417 1818 3591 1889 μῆκος
3625 1818 3736 1873 τῶν

2140 1899 2476 1970 λεγομένων,
2513 1900 2616 1973 ήδη
2657 1900 2758 1972 τὴν
2789 1901 2971 1955 αἰτίαν
3001 1902 3129 1972 ὑμῖν
3174 1902 3307 1974 ἐρῶ,
3359 1902 3426 1955 δι’
3461 1904 3529 1973 ἣν
3558 1901 3737 1955 ταῦτα

2141 1984 2321 2038 πάντα
2363 1984 2683 2056 ἀνεκίνησα.
2726 1985 2824 2049 Τίς
2871 1981 2964 2040 οὖν
3012 1988 3160 2040 ἐστιν
3187 1987 3221 2057 ή
3263 1986 3446 2052 αἰτία;
3502 1984 3603 2050 Ἓξ
3627 1985 3733 2053 μῆο

2140 2086 2238 2133 νας
2269 2070 2327 2123 ἐν
2355 2070 2555 2140 γαστρὶ
2580 2068 2813 2140 ἐχούσης
2844 2069 2943 2140 τῆς
2996 2069 3282 2125 Ἐλισάῦετ
3316 2069 3409 2124 τὸν
3455 2068 3736 2141 Ἰωάννην,

2140 2155 2175 2226 ἠ
2200 2154 2390 2227 Μαρία
2425 2154 2630 2225 ῆρξατο
2665 2153 3082 2225 συλλαμϐάνειν.
3131 2154 3229 2211 Ἂν
3261 2155 3438 2208 τοίνυν
3473 2152 3741 2225 μάθωμεν

2144 2243 2296 2304 ποῖος
2327 2241 2535 2303 ἐκεῖνος
2573 2239 2603 2290 ὁ
2633 2239 2740 2310 μὴν
2778 2240 2807 2292 6
2850 2240 3008 2304 ἕκτος
3034 2234 3124 2310 ἦν,
3171 2238 3434 2311 εἰσόμεθα
3463 2238 3559 2292 καὶ
3609 2239 3744 2292 πότε

2141 2323 2349 2396 ἤρξατο
2378 2321 2778 2393 συλλαμϐάνειν
2821 2324 2855 2395 ἡ
2892 2322 3103 2394 Μαρίαο
3138 2317 3261 2376 εἶτα
3297 2320 3586 2393 μαθόντες.
3612 2321 3747 2374 πότε

2141 2404 2346 2478 ῆρξατο
2398 2403 2823 2475 συλλαμϐάνειν,
2871 2405 3135 2477 εἰσόμεθα
3182 2405 3280 2458 καὶ
3331 2404 3464 2459 πότε
3525 2402 3737 2466 ἔτεκεν,

2142 2490 2304 2545 ἐννέα
2333 2490 2510 2561 μῆνας
2541 2489 2948 2561 ἀριθμήσαντες
2972 2491 3037 2544 ἐκ
3069 2489 3170 2559 τῆς
3199 2487 3531 2559 συλλήψεως.

2216 2573 2389 2628 Πόθεν
2421 2568 2515 2626 οὖν
2564 2572 2826 2643 εἰσόμεθα
2850 2613 2865 2637 ,
2915 2575 3067 2637 ποῖος
3108 2568 3175 2644 ἦν
3228 2576 3257 2626 ὁ
3289 2571 3450 2635 ἕκτος
3487 2573 3593 2641 μὴν
3635 2567 3741 2639 τῆς

2144 2659 2395 2730 κυήσεως
2419 2657 2521 2725 τῆς
2546 2655 2830 2711 Ἐλισάϐετ
2851 2674 2865 2721 ;
2883 2655 2979 2708 Ἂν
2999 2655 3262 2726 μάθωμεν
3285 2656 3441 2716 ποῖος
3459 2649 3525 2723 ἦν
3549 2654 3577 2705 6
3606 2650 3739 2723 μὴν,

2144 2743 2268 2797 καθ’
2315 2743 2376 2796 ὃν
2427 2741 2633 2812 ἤρξατο
2682 2740 3107 2812 ωλλαμσάνειν.
3149 2740 3321 2796 Πόθεν
3362 2739 3421 2794 δὲ
3475 2736 3743 2808 εἰσόμεθα

2146 2829 2298 2890 ποῖος
2339 2821 2409 2897 ἦν
2440 2829 2467 2879 ὁ
2503 2825 2630 2895 μὴν,
2672 2824 2795 2878 καθ’
2827 2824 2885 2878 δν
2948 2823 3281 2891 συνέλαϐεν;
3320 2825 3419 2877 Ἂν
3478 2821 3743 2893 μάθωμεν

2147 2911 2291 2964 κατά
2321 2911 2475 2962 ποῖον
2509 2907 2702 2979 καιρὸν
2734 2907 3102 2979 εὐηγγελίσθη
3147 2908 3423 2978 Ζαχαρίας
3453 2906 3482 2958 ὁ
3528 2904 3744 2974 ⁴ταύτης

2147 2995 2309 3065 ἀνήρ.
2339 2992 2479 3048 Αὐτὸ
2507 2991 2565 3044 δὲ
2609 2989 2770 3045 τοῦτο
2818 2992 2983 3047 πόθεν
3038 2993 3172 3063 ἡμῖν
3224 2992 3380 3045 ἐσται
3428 2987 3742 3061 γνώριμονς

2160 3078 2295 3131 Ἀπὸ
2326 3076 2434 3131 τῶν
2461 3075 2625 3131 θείων
2648 3074 2905 3146 Γραφῶν·
2926 3073 3110 3138 καθὼς
3144 3074 3209 3131 τὸ
3229 3074 3385 3143 ἅγιον
3408 3070 3743 3140 Εὐαγγέλιον

2148 3162 2317 3231 λέγει,
2339 3161 2422 3214 ὅτι
2455 3161 2534 3224 εἰς
2559 3159 2629 3213 τὰ
2648 3161 2816 3228 ’Ἅγια
2845 3159 2953 3214 τῶν
2981 3158 3153 3228 ἁγίων
3180 3158 3330 3213 ἔνδον
3359 3157 3490 3211 ὄντα
3519 3156 3610 3209 τὸν
3635 3156 3751 3208 Ζαα

2147 3247 2348 3319 χαρίαν
2373 3248 2403 3299 6
2427 3244 2659 3314 ἄγγελος
2685 3241 3100 3314 εὐηγγελίσατο,
3128 3243 3224 3297 καὶ
3247 3238 3400 3296 εἶπεν
3433 3238 3583 3310 αὐτῴ
3614 3239 3746 3307 περί

2146 3330 2244 3385 τοῦ
2273 3328 2501 3384 τοκετοῦ
2549 3328 2819 3383 Ἰωάννου.
2856 3328 2953 3382 Ἂν
2985 3328 3163 3382 τοίνυν
3183 3324 3476 3397 ἀποδειχθῇ
3504 3334 3530 3363 ε
3556 3322 3747 3392 σαφῶς

2149 3415 2258 3471 ἀπὸ
2271 3415 2379 3469 τῶν
2396 3413 2650 3485 Γραφῶν,
2671 3414 2755 3467 ὅτι
2772 3412 2867 3465 καὶ
2891 3411 3043 3477 ἅπαξ
3064 3413 3354 3484 εἰσήρχετο
3374 3412 3455 3474 εἰς
3483 3408 3553 3463 τὰ
3575 3408 3745 3477 Ἅγια

2148 3500 2258 3555 τῶν
2290 3498 2463 3568 ἀγίων
2490 3500 2520 3553 6
2546 3498 2859 3569 ἀρχιερεὺς,
2906 3498 3001 3552 καὶ
3054 3496 3235 3568 μόνος,
3282 3496 3379 3549 καὶ
3422 3495 3592 3557 πότε,
3649 3492 3747 3546 καὶ

2151 3583 2292 3655 ποίῳ
2315 3582 2447 3654 μηνὶ
2472 3581 2567 3637 τοῦ
2600 3582 2852 3637 ἐνιαυτοῦ
2880 3583 2942 3636 τὸ
2990 3581 3137 3647 ἅπαξ
3183 3579 3343 3634 τοῦτο
3400 3578 3744 3649 εἰσέρχεται,

2151 3668 2377 3740 εὐδηλος
2409 3666 2565 3721 ἐσται
2606 3668 2635 3721 6
2661 3667 2873 3738 καιρὸς,
2896 3665 3020 3720 καθ’
3049 3666 3110 3719 ὃν
3138 3663 3526 3736 εὐηγγελίσθη·
3552 3661 3746 3715 τούτου

2151 3754 2208 3809 δέ
2231 3753 2529 3823 γενομένου
2549 3751 2735 3821 δήλου,
2754 3750 2851 3805 καὶ⁸
2884 3752 2918 3822 ή
2949 3748 3095 3823 ἀρχὴ
3123 3750 3225 3820 τῆς
3249 3748 3566 3820 συλλήψεως
3592 3747 3747 3801 ἐσται

2152 3841 2265 3901 τοῖς
2302 3837 2433 3890 πᾶσι
2461 3835 2759 3906 γνώριμος.
2811 3834 2932 3888 Ὅτι
2968 3834 3066 3904 μὲν
3106 3830 3200 3887 οὖν
3243 3832 3389 3898 ἅπαξ
3425 3830 3521 3884 τοῦ
3568 3832 3749 3883 ἐνιαυ-

2153 3922 2249 3978 τοῦ
2279 3921 2588 3992 εἰσήρχετο,
2617 3920 2711 3973 καί
2737 3921 2768 3972 ό
2796 3918 3009 3981 Παῦλος
3039 3918 3299 3990 ἐδήλωσε,
3324 3918 3420 3972 καὶ
3448 3919 3477 3970 6
3503 3914 3749 3983 Μωῦσῆς

2153 4005 2213 4059 δὲ
2238 4004 2399 4059 τοῦτο
2419 4003 2554 4059 αὐτὸ
2575 4002 2737 4072 δῆλον
2761 4004 2924 4067 ποιεί,
2942 4001 3087 4055 οὕτω
3117 4002 3314 4071 λέγων·
3337 3999 3448 4057 Καὶ
3478 3998 3751 4065 ἐλάλησε

2155 4090 2371 4158 Κύριος
2430 4087 2583 4155 πρὸς
2638 4083 2904 4154 Μωῢσῆν
2951 4084 3148 4154 λέγων
3175 4100 3187 4113 ·
3252 4083 3545 4151 Λάλησον
3600 4079 3750 4148 πρὸς

2117 4211 2123 4218 -
2169 4172 2396 4241 Ἀαρὼν
2424 4172 2534 4225 τὸν
2559 4171 2829 4240 ἀδελφόν
2865 4184 3004 4235 σου,
3040 4171 3140 4224 καί
3187 4169 3274 4240 μὴ
3304 4165 3751 4236 εἰσπορευέσθω

2157 4257 2368 4313 πᾶσαν
2382 4254 2542 4324 ὥραν
2570 4257 2659 4322 εἰς
2702 4254 2769 4309 τὸ
2795 4255 2970 4324 ἅγιον
2990 4252 3057 4307 τὸ
3078 4252 3381 4322 ἐσώτερον
3417 4251 3526 4305 τοῦ
3566 4266 3747 4304 κατα·

2159 4342 2542 4414 πετάσματος
2564 4343 2653 4408 εἰς
2699 4339 2766 4395 τὸ
2804 4340 3137 4409 πρόσωπον
3166 4336 3277 4393 τοῦ
3313 4335 3668 4403 ίλαστηρίου
3701 4329 3750 4397 τ,

2110 4454 2111 4459 η
2161 4430 2194 4483 ὅ
2221 4429 2391 4484 ἐστιν
2421 4425 2522 4480 ὲπί
2550 4423 2662 4493 τῆς
2687 4422 2939 4478 κιϐωτοῦ
2976 4422 3085 4477 τοῦ
3118 4421 3477 4492 μαρτυρίου,
3512 4418 3611 4473 καί
3639 4419 3752 4472 οὐκ

2159 4509 2568 4568 ἀποθανεῖται.
2615 4507 2728 4561 Kal
2773 4505 2956 4561 πάλιν
2985 4505 3098 4560 Kal
3138 4505 3259 4572 πᾶς
3297 4505 3608 4573 ἄνθρωπος
3640 4501 3754 4555 οὐκ

2160 4597 2334 4653 ἔσται
2362 4596 2434 4651 ἐν
2452 4595 2527 4664 τῇ
2553 4591 2757 4662 σκηνῇ
2792 4591 2900 4646 τοῦ
2937 4591 3295 4661 μαρτυρίου,
3326 4584 3754 4658 εἰσπορευομέ-

2110 4693 2116 4699 ·
2161 4699 2276 4737 νου
2306 4679 2498 4735 αὐτοῦ
2524 4678 2925 4743 ἐξιλάσασθαι
2961 4678 3052 4742 εἰς
3074 4674 3148 4730 τὰ
3174 4675 3333 4745 ἅγια,
3353 4673 3467 4742 ἕως
3485 4672 3565 4728 ἂν
3582 4670 3755 4737 ἐξέλ-

2164 4768 2258 4834 θῃ,
2300 4764 2401 4818 καί
2438 4761 2784 4827 ἐξιλάσεται
2830 4760 2967 4828 περί
3015 4760 3259 4824 ἑαυτοῦ,
3310 4759 3410 4814 καί
3441 4757 3550 4812 τοῦ
3582 4757 3754 4812 οἵκου

2163 4847 2382 4910 αὑτοῦ,
2429 4845 2530 4900 καὶ
2580 4846 2787 4912 πάσης
2840 4843 2954 4914 τῆς
3011 4843 3378 4915 συναγωγῆς
3430 4841 3552 4896 τῶν
3608 4837 3756 4895 υἰῶν

2175 4932 2438 5004 Ἰσραήλ·
2475 4931 2574 4986 καί
2617 4930 2966 4997 ἐξελάσει-ται
2986 4930 3087 4985 ἐπὶ
3116 4930 3183 4984 τὸ
3213 4928 3652 4998 θυσιαστήριον
3688 4926 3753 4979 τό

2165 5017 2373 5072 ἔναντι
2398 5015 2644 5085 Κυρίου.
2676 5015 2801 5069 ’Ὀτι
2839 5015 2938 5085 μὲν
2962 5008 3059 5067 οὖν
3094 5015 3158 5067 οὐ
3189 5012 3281 5067 διὰ
3331 5012 3539 5076 παντὸς
3581 5010 3757 5082 εἰσῄει

2165 5105 2247 5166 εἰς
2295 5101 2365 5155 τὰ
2399 5102 2566 5168 ’Ἅγια
2608 5099 2716 5153 τῶν
2778 5098 2973 5166 ἁγίων,
3007 5097 3134 5151 οὔτε
3185 5097 3335 5152 ἐνδον
3391 5096 3548 5161 ὕντος
3588 5092 3756 5148 αὐτοῦ

2166 5186 2408 5256 ἅψασθαι
2440 5183 2597 5255 θέμις
2626 5180 2695 5255 ἦν
2735 5201 2878 5246 τινα,
2934 5183 3049 5237 ἀλλ’
3090 5183 3196 5248 ἔξω
3230 5181 3381 5254 παρὰ
3420 5182 3482 5236 τὸ
3516 5181 3759 5237 καταπέ-

2165 5287 2352 5340 τασμα
2378 5270 2622 5330 ἑστάναι,
2671 5268 2833 5337 δῆλον
2863 5268 2974 5321 ἀπὸ
3004 5268 3231 5322 τούτων.
3277 5267 3442 5321 Ἀλλὰ
3497 5267 3759 5337 κατέχετε

2096 5354 2103 5359 ’
2166 5355 2230 5426 δὴ
2261 5354 2433 5409 ταῦτα
2457 5354 2595 5423 μετά
2617 5354 2925 5426 ἀκριϐείας.
2951 5354 3277 5407 ’Υπόλοιπον
3302 5354 3411 5426 γάρ
3428 5355 3543 5405 ἐστι
3564 5353 3757 5418 δεῖξαι,

2156 5441 2321 5502 ,ποῖος
2366 5434 2435 5510 ἦν
2464 5441 2491 5492 ὁ
2522 5439 2734 5510 καιρὸς,
2767 5440 2889 5493 καθ’
2921 5439 2980 5493 ὃν
3019 5440 3196 5510 εἰσῄει
3234 5440 3314 5504 εἰς
3349 5440 3420 5494 τὰ
3450 5439 3618 5509 ’Ἅγια
3648 5437 3758 5491 τῶν

2231 5629 2257 5689 Ἀ
2285 5627 2383 5675 Alii
2403 5627 2741 5689 ἀποδείξωμεν.

2239 5687 2262 5729 τ
2287 5689 2369 5753 Sic
2403 5689 2523 5738 edit.
2566 5684 2703 5753 εἰς’το
2721 5687 2981 5753 πρόσωπον
3011 5687 3099 5737 τοῦ
3136 5689 3432 5753 ἰλαστηρίου,
3464 5702 3579 5739 mss.
3612 5684 3675 5741 εἰς
3706 5684 3761 5732 τὸ

2175 5752 2471 5816 ἰὶαστήριον.
2496 5754 2549 5800 et
2562 5750 2636 5801 sic
2661 5751 2783 5813 legit
2803 5750 3073 5812 interpres.
