4100 6424
445 479 551 534 35⁸5

442 591 691 646 dentibus
719 589 784 644 ad
829 588 1084 643 insaniam
1117 599 1284 654 usque
1312 583 1571 642 addictos.
1608 581 2032 650 templornmque

442 681 819 755 magnitudinis
869 695 931 735 ac
997 675 1409 749 pulchritudinis
1462 671 1814 728 admiratione
1860 671 2028 734 duci,

443 775 698 844 templum
746 772 873 843 ipsis
916 768 1167 826 aediﬁcari
1211 766 1483 837 praecipit,
1529 762 1671 834 quod
1716 777 1822 816 non
1870 759 2030 814 modo

441 866 679 920 materiae
723 861 1110 934 magniﬁcentia
1159 871 1318 929 atque
1362 857 1491 912 artis
1533 854 1806 920 varietate,
1855 852 1947 908 sed
1977 859 2031 906 et

437 967 720 1014 structum-
745 954 937 1021 forma,
956 961 1146 1008 caetera
1176 950 1375 1017 omnia,
1402 963 1519 1018 quae
1545 947 1742 1016 ubique
1766 955 2027 1000 terrarum

435 1058 588 1103 erant
637 1047 853 1116 templa,
899 1046 1230 1100 obscuraret.
1273 1041 1343 1096 Et
1383 1038 1828 1112 quemadmodum
1878 1046 2029 1106 pater

437 1141 725 1196 liberorum
752 1153 940 1193 amans
968 1138 1131 1191 ﬁlium
1162 1135 1473 1205 profligatis,
1503 1131 1838 1204 perniciosis,
1870 1128 2027 1184 lasci-

436 1233 518 1288 vis
563 1231 868 1287 hominibus
898 1246 1073 1295 usum,
1121 1229 1391 1298 nimioque
1420 1227 1548 1280 luxu
1590 1223 1928 1287 dissolutum,
1961 1219 2028 1276 ad

436 1340 498 1381 se
541 1325 700 1394 longo
732 1323 985 1392 temporis
1025 1319 1306 1376 intervallo
1350 1316 1636 1386 recipiens,
1670 1322 1782 1368 tuto
1823 1319 1880 1367 et
1905 1326 2028 1366 eum

440 1417 698 1488 dignitate
723 1416 776 1470 in
800 1413 990 1486 majori
1016 1428 1194 1468 rerum
1220 1409 1539 1466 abundantia
1561 1405 1854 1469 constituit,
1878 1419 1948 1459 ne
1973 1403 2028 1457 in

437 1510 708 1582 angustias
751 1508 953 1578 aliquas
998 1505 1290 1576 conjectus,
1339 1503 1576 1572 priorum
1620 1495 2026 1559 recordatione,

433 1611 594 1672 atque
618 1601 779 1655 etiam
825 1597 1113 1668 cupiditate
1141 1594 1460 1664 corripiatur
1491 1609 1504 1644 :
1535 1591 1605 1644 ita
1637 1589 1779 1644 Deus
1815 1586 2028 1642 Judaeos

414 1695 501 1750 .ad
551 1708 639 1749 res
685 1692 911 1750 sensilcs
955 1706 1076 1747 cum
1137 1698 1355 1756 stupore
1400 1699 1695 1757 propensos
1739 1681 1944 1746 videns,
1974 1678 2027 1733 in

434 1785 581 1841 hisce
613 1784 741 1856 ipsis
769 1783 929 1846 rebus
953 1779 1463 1856 (praestantissimum
1503 1773 1700 1845 aliquid
1744 1772 1927 1836 elﬁcit,
1960 1783 2029 1824 ne

416 1892 684 1946 .umquam
717 1883 899 1945 postea
948 1872 1320 1944 Egyptiorum
1364 1877 1455 1924 aut
1501 1883 1687 1923 eorum
1722 1880 1840 1935 quae
1889 1860 2028 1932 apud

406 1967 720 2038 ,Egyptios
775 1965 981 2036 experti
1050 1963 1296 2031 fuerant,
1358 1959 1647 2031 cupiditate
1710 1963 2029 2026 caperentur

437 2060 652 2130 (Exod.
704 2057 814 2129 26)
851 2076 864 2112 :
896 2056 1259 2126 templumque
1307 2053 1438 2124 ipsis
1495 2051 1680 2107 statuit
1725 2049 1790 2104 ad
1843 2044 2028 2102 mundi

404 2150 723 2220 .exemplar,
747 2148 1015 2216 totiusque
1036 2147 1291 2214 universi,
1337 2155 1446 2200 tam
1485 2143 1626 2214 quod
1656 2156 1839 2205 sensu,
1867 2155 2026 2210 quam

433 2243 577 2314 quod
601 2243 718 2298 solo
745 2241 1018 2297 intellectu
1055 2239 1260 2312 percipi
1301 2244 1496 2308 potest.
1527 2235 1675 2290 Sicut
1715 2232 1856 2288 enim
1885 2240 2028 2285 terra

428 2344 530 2399 est,
562 2341 618 2388 et
634 2333 843 2399 celum,
874 2339 930 2386 et
969 2330 1224 2395 medium,
1253 2328 1534 2400 sepimenti
1578 2328 1765 2390 instar,
1810 2323 1912 2378 hoc
1939 2324 2028 2376 lir-

427 2435 761 2482 rnomentum
797 2443 811 2479 :
841 2426 912 2479 ita
940 2434 993 2478 et
1023 2423 1152 2478 illud
1182 2437 1394 2493 quoque
1420 2420 1536 2476 ﬁeri
1571 2419 1752 2490 jussit.
1780 2417 2028 2487 Duasque

428 2521 484 2575 in
525 2527 703 2588 partes
733 2517 904 2571 diviso
946 2516 1046 2570 hoc
1077 2514 1296 2584 templo,
1343 2521 1398 2568 et
1441 2511 1506 2566 ad
1545 2510 1780 2565 medium
1809 2507 2028 2563 obtento

426 2610 570 2676 velo,
614 2623 732 2663 eam
765 2615 992 2676 partem,
1026 2621 1144 2675 qua:
1183 2613 1332 2660 extra
1379 2603 1556 2659 velum
1603 2609 1737 2665 erat,
1780 2598 2027 2655 omnibus

426 2699 759 2770 ingrediendi
787 2705 1109 2768 potestatem
1159 2696 1285 2750 fecit
1317 2713 1329 2749 :
1361 2694 1427 2749 ad
1468 2693 1690 2748 alteram
1721 2707 1850 2746 vero
1881 2690 2026 2744 illam

426 2790 738 2845 interiorem
781 2787 1020 2855 nemini,
1068 2795 1424 2856 praeterquam
1466 2797 1678 2838 summo
1719 2779 2024 2850 sacerdoti,

423 2883 624 2938 aditum
655 2889 818 2952 atque
845 2881 1089 2935 intuitum
1116 2887 1298 2948 patere
1318 2876 1578 2946 permisit.
1598 2872 1861 2929 Caeterum
1884 2869 2026 2942 quod

427 2975 545 3030 haec
575 2990 682 3028 non
729 2981 912 3029 nostra
961 2971 1269 3041 conjectura
1315 2970 1402 3034 sit,
1446 2967 1542 3024 sed
1587 2965 1729 3036 quod
1768 2964 2025 3030 templum

428 3079 612 3119 revera
642 3063 805 3117 totius
833 3061 1016 3116 mundi
1046 3060 1111 3114 ad
1142 3058 1447 3127 exemplum
1485 3063 1811 3112 exstructum
1841 3053 2022 3120 fuerit,

428 3154 553 3208 audi
599 3152 727 3222 quid
780 3152 974 3207 Paulus
1004 3151 1072 3205 de
1111 3149 1327 3204 Christo
1373 3148 1426 3202 in
1471 3148 1658 3202 ctelum
1703 3143 2026 3201 ascendente

425 3247 649 3315 loquens
677 3243 820 3300 dicat
850 3263 862 3298 :
891 3243 1014 3298 Non
1035 3243 1166 3297 enim
1201 3243 1256 3296 in
1281 3243 1574 3312 manufacta
1597 3247 1775 3292 sancta
1802 3237 2025 3292 introivit

424 3339 672 3403 Christus,
692 3337 1001 3404 exemplaria
1026 3351 1255 3391 verorum
1280 3333 1466 3405 (Hebr.
1489 3334 1544 3389 9.
1559 3332 1652 3402 24)
1675 3350 1688 3387 :
1711 3331 2020 3397 ostendens,

431 3431 571 3500 quod
600 3445 720 3500 quae
765 3429 905 3499 apud
936 3443 1035 3484 nos
1073 3435 1216 3492 sunt,
1263 3441 1514 3482 verorum
1543 3425 1651 3482 sint
1678 3423 2023 3494 exemplaria.

427 3524 578 3592 Quod
604 3538 764 3594 porro
787 3523 963 3578 velum
987 3522 1263 3576 dirimeret
1289 3529 1473 3576 sancta
1515 3526 1821 3574 sanctorum
1847 3532 1878 3571 a
1903 3532 2028 3570 san-

428 3615 533 3668 ctis
558 3623 706 3670 extra
733 3614 944 3685 positis,
975 3613 1109 3668 sicut
1139 3613 1243 3667 hoc
1265 3612 1457 3666 caelum
1499 3626 1620 3680 quae
1648 3624 1809 3680 super
1836 3624 1895 3664 se
1923 3609 2023 3663 sita

427 3714 570 3773 sunt,
599 3705 667 3760 ab
691 3705 937 3762 omnibus
962 3720 1080 3774 quae
1123 3702 1263 3772 apud
1291 3716 1390 3758 nos
1415 3709 1558 3768 sunt,
1588 3700 1840 3771 disjungit
1863 3717 1875 3752 :
1901 3699 2024 3755 audi

425 3795 693 3866 quomodo
735 3795 894 3850 etiam
924 3795 1026 3850 hoc
1053 3793 1489 3856 subindicaverit,
1536 3806 1660 3848 cum
1687 3792 1876 3845 caelum
1921 3805 2020 3845 ve-

428 3888 540 3941 lum
570 3886 828 3957 appellat.
855 3885 932 3940 De
959 3899 1054 3954 spe
1103 3897 1330 3952 namque
1375 3881 1632 3946 referens,
1663 3880 1806 3952 quod
1851 3880 2022 3950 ipsam

424 3981 564 4036 sicut
591 3980 878 4035 anehoram
917 3979 1110 4033 anima:
1153 3977 1444 4032 habeamus
1470 3990 1632 4031 unam
1659 3990 1724 4030 ac
1766 3975 1973 4029 ﬁrmam
2005 4015 2020 4041 ,

425 4070 620 4126 deinde
669 4069 940 4141 snbjungit
973 4088 986 4124 :
1020 4068 1085 4122 Et
1122 4068 1433 4122 incedentem
1464 4083 1620 4137 usque
1665 4065 1733 4119 ad
1780 4065 2024 4120 interiora

427 4162 733 4226 selaminis;
782 4159 864 4214 ubi
912 4175 1195 4232 praecursor
1233 4175 1325 4228 pro
1378 4158 1521 4212 nobis
1568 4157 1788 4211 introivit
1831 4155 2020 4224 Iesus,

429 4270 589 4323 supra
609 4253 790 4307 mlum
805 4269 1006 4307 sursum
1032 4249 1216 4322 (Hebr.
1236 4251 1289 4304 6.
1314 4249 1403 4304 19.
1427 4248 1544 4320 20).
1573 4248 1735 4304 Vides
1755 4246 2022 4318 quomodo

426 4346 617 4401 caelum
666 4345 914 4399 velamen
965 4341 1351 4414 appellaverit?
1400 4340 1564 4396 Extra
1610 4340 1786 4396 velum
1842 4349 2021 4394 autem

431 4447 550 4493 erat
577 4436 978 4504 candelabrum,
1027 4442 1081 4490 et
1125 4448 1332 4501 mensa,
1379 4441 1435 4488 et
1475 4432 1641 4488 altare
1686 4447 1905 4496 aereum,
1953 4431 2021 4486 ad

427 4531 694 4587 sacrificia
733 4539 789 4586 et
833 4531 1262 4585 bolocautomata
1291 4525 1626 4597 excipienda.
1669 4525 1814 4580 Intra
1842 4523 2020 4579 velum

425 4638 555 4678 vero
605 4636 727 4676 arca
775 4623 1118 4677 circumtecta
1145 4634 1212 4675 ex
1258 4618 1403 4674 omni
1451 4624 1601 4688 parte
1628 4631 1783 4684 auro,
1813 4614 2022 4671 tabulas

428 4712 730 4769 testamenti
749 4712 971 4778 habens,
989 4720 1044 4768 et
1064 4726 1250 4765 urnam
1279 4725 1518 4774 auream,
1543 4706 1814 4777 utvirgam
1841 4707 2020 4760 Aaron

425 4821 544 4876 quae
571 4803 903 4869 fronduerat,
933 4812 988 4857 et
1012 4803 1180 4857 altare
1222 4817 1466 4867 aureum,
1498 4815 1604 4854 non
1651 4797 1780 4853 illud
1815 4797 2020 4852 sacriﬁ-

427 4899 632 4955 ciorum
680 4907 734 4952 et
762 4895 1216 4960 bolocaustorum,
1248 4893 1343 4949 sed
1388 4893 1552 4948 solius
1596 4891 1907 4947 sufﬁmenti.
1954 4890 2024 4947 Et

429 5007 526 5062 per
555 5006 618 5046 ea
662 5005 782 5062 qua:
809 4999 960 5044 extra
987 4996 1160 5054 erant,
1187 4987 1436 5042 omnibus
1466 4987 1715 5043 incedere
1757 4985 1837 5041 fas
1863 4997 2017 5052 erat;

427 5100 522 5156 per
551 5099 614 5138 ea
660 5097 789 5138 vero
832 5099 950 5154 quae
999 5082 1162 5147 intus,
1214 5079 1318 5135 soli
1367 5095 1580 5136 summo
1627 5078 1912 5135 sacerdoti.
1943 5078 2023 5136 De

425 5177 574 5229 hisce
603 5174 732 5242 ipsis
758 5190 942 5231 rursus
973 5171 1334 5228 testimonium
1361 5186 1427 5227 ex
1455 5171 1619 5226 Paulo
1644 5171 1803 5236 dabo,
1827 5172 1914 5241 qui
1943 5171 2022 5228 sic

425 5265 500 5319 ait
529 5281 544 5318 :
578 5263 773 5319 Habuit
812 5265 1015 5336 quidem
1056 5265 1196 5332 prius
1225 5261 1602 5316 tabernaculum
1628 5262 2022 5333 justiﬁcationes

424 5356 658 5423 cultura,
705 5365 754 5411 et
789 5367 1020 5411 sanctum
1062 5355 1304 5411 sarculare
1347 5353 1520 5426 (Hebr.
1559 5355 1614 5411 9.
1649 5354 1702 5427 1)
1737 5365 2017 5411 :sanctum

425 5447 683 5504 maculare
711 5447 945 5518 appellat
965 5447 1199 5503 exterius
1221 5447 1618 5502 tabernaculum
1647 5463 1662 5500 :
1688 5446 2023 5519 quandoqui-

416 5547 538 5604 dem
573 5545 674 5601 toti
700 5542 903 5601 mundo
937 5537 1144 5608 ingredi
1184 5538 1379 5594 licebat
1408 5556 1422 5592 :
1452 5539 1508 5592 in
1532 5555 1630 5609 quo
1657 5539 2020 5595 candelabrum

431 5637 475 5683 et
505 5645 678 5682 mensa
702 5639 748 5682 et
779 5630 1056 5700 propositio
1085 5646 1294 5701 panum.
1325 5629 1450 5686 Post
1491 5631 1824 5685 uelamentum
1852 5643 2019 5687 autem

426 5721 701 5778 secundum
714 5721 1110 5790 tabernaculum,
1127 5722 1262 5793 quod
1297 5723 1482 5778 dicitur
1499 5732 1674 5780 sancta
1693 5734 1980 5779 sanctorum
1999 5763 2016 5794 ,

426 5829 635 5866 aureum
655 5813 840 5869 habens
857 5813 1189 5883 thuribulum,
1208 5825 1254 5871 et
1273 5833 1447 5872 arcam
1459 5817 1740 5872 testamenti
1755 5816 2022 5874 circumte-

424 5914 561 5961 ctaru
585 5921 645 5959 es
671 5907 810 5961 omni
852 5920 989 5979 parte
1034 5925 1193 5977 auro,
1219 5908 1271 5964 in
1307 5925 1405 5980 qua
1451 5925 1582 5966 urna
1633 5925 1787 5966 aurea
1830 5907 2016 5968 habent

1401 466 1466 523 ιΝ
1507 466 1672 521 οιΕΜ
1707 463 2037 520 NATALEM
2077 463 2139 518 D.
2179 461 2244 518 N.
2282 463 2445 523 JESU
2485 463 2784 524 CHRISTI.

3631 469 3740 528 356

2144 593 2352 643 manna,
2384 587 2429 632 et
2456 581 2594 651 virga
2621 581 2792 635 Aaron
2815 595 2930 652 qua:
2950 579 3266 652 fronduerat,
3307 593 3355 639 et
3378 584 3562 642 tabula:
3587 597 3738 642 testa-

2139 668 2293 723 menti
2328 684 2346 724 :
2380 686 2533 741 super
2573 687 2686 725 eam
2714 683 2879 726 autem
2907 683 3048 728 erant
3092 675 3359 730 Cherubim
3399 661 3609 748 glorior,
3646 679 3736 743 ob,-

2139 760 2426 815 umbrantiu
2471 763 2898 833 propitiatorium.
2944 763 3045 819 His
3088 783 3203 821 vero
3227 766 3300 822 ita
3341 770 3650 839 compositis,
3682 771 3735 826 in

2139 853 2299 923 priori
2321 853 2522 922 quidem
2552 855 2878 910 tabernaculo
2907 874 3103 928 semper
3130 859 3402 915 introibant
3427 862 3733 931 sacerdotes,

2134 946 2500 1016 sacriﬁciorum
2541 948 2702 1019 oﬂicia
2743 960 3183 1019 consummantes;
3223 951 3278 1007 in
3313 954 3534 1009 secundo
3567 965 3738 1010 autem

2133 1038 2287 1091 semel
2310 1039 2364 1092 in
2399 1055 2534 1092 anno
2560 1041 2697 1096 solus
2726 1043 2973 1111 pontifex,
3008 1060 3110 1098 non
3135 1045 3242 1099 sine
3279 1048 3545 1116 sanguine,
3587 1065 3738 1120 quem

2135 1129 2282 1198 offert
2303 1148 2395 1201 pro
2423 1148 2517 1185 sua
2538 1141 2587 1186 et
2601 1133 2777 1204 populi
2803 1134 3091 1205 ignorantia
3117 1134 3302 1204 (Hebr.
3321 1138 3374 1193 9.
3397 1139 3542 1211 2.7).
3572 1139 3736 1196 Vides

2135 1220 2305 1276 solum
2335 1221 2538 1291 ingredi
2556 1239 2822 1278 summum
2844 1225 3202 1296 sacerdotem,
3223 1227 3382 1298 idque
3401 1230 3566 1286 semel
3588 1229 3736 1286 dum-

2135 1319 2278 1367 taxat
2308 1321 2418 1367 toto
2443 1313 2627 1369 anno?

2203 1405 2259 1458 4.
2287 1403 2484 1458 Verum
2514 1405 2640 1476 quid
2672 1405 2808 1472 haec,
2851 1407 3050 1478 inquis,
3101 1409 3167 1465 ad
3204 1423 3522 1482 praesentem
3554 1415 3734 1472 diem?

2135 1493 2456 1565 Exspectate
2501 1497 2792 1567 paulisper,
2848 1513 2948 1554 nec
2996 1501 3438 1559 tumultuemini:
3483 1522 3514 1562 a
3558 1509 3734 1578 capite

2133 1588 2273 1641 enim
2307 1587 2503 1643 fontem
2533 1588 2801 1656 ducimus,
2830 1599 2883 1646 et
2911 1591 2977 1646 ad
3009 1592 3182 1663 ipsum
3204 1595 3283 1651 rei
3310 1595 3580 1669 fastigium
3608 1615 3732 1669 per-

2133 1680 2317 1735 venire
2352 1680 2746 1748 contendimus,
2775 1691 2834 1737 ut
2884 1694 3077 1740 cuncta
3113 1687 3263 1742 nullo
3310 1693 3525 1761 negotio
3579 1692 3732 1749 vobis

2133 1778 2316 1840 aperta
2345 1778 2504 1841 atque
2531 1782 2812 1842 perspecta
2841 1774 2970 1830 sint.
3002 1775 3255 1842 Quinimo
3282 1795 3353 1836 ne
3376 1780 3574 1838 diutius
3605 1799 3727 1839 ver-

2132 1861 2320 1916 borum
2347 1864 2727 1933 integumentis
2763 1874 2946 1922 nostra
2976 1867 3324 1927 obumbretur
3360 1874 3554 1941 oratio,
3596 1892 3732 1933 neve

2133 1951 2454 2023 implicatior
2473 1955 2587 2021 ﬁat,
2616 1957 2885 2029 nimiaque
2906 1975 3114 2029 eorum,
3149 1977 3270 2032 quae
3304 1963 3575 2034 dicuntur,
3608 1967 3727 2022 lon-

2131 2043 2371 2112 gitudine
2394 2045 2760 2117 defatigemiui
2786 2065 2799 2101 :
2823 2049 2935 2120 jam
2952 2049 3213 2108 rationem
3240 2053 3392 2110 vobis
3433 2071 3725 2126 exponam,

2132 2150 2228 2188 cur
2252 2134 2366 2191 haec
2406 2137 2606 2207 omnia,
2655 2148 2760 2194 tam
2810 2141 2920 2197 alte
2971 2143 3218 2212 repetita,
3265 2147 3548 2202 moverim.
3595 2147 3727 2216 Qua:

2131 2242 2293 2297 porro
2314 2228 2472 2300 hujus
2498 2231 2576 2286 rei
2604 2232 2772 2287 ratio?
2796 2231 2930 2289 Cum
2956 2250 3169 2292 menses
3185 2237 3297 2308 jam
3341 2253 3437 2295 sex
3484 2241 3728 2299 Elizabet

2130 2318 2387 2376 Joannem
2413 2322 2467 2376 in
2497 2331 2652 2379 utero
2671 2334 2924 2395 gestaret,
2949 2335 3059 2381 tum
3073 2327 3236 2384 Maria
3261 2331 3526 2402 concepit.
3549 2331 3729 2403 Itaque

2131 2412 2177 2468 si
2201 2412 2493 2483 discamus,
2524 2416 2769 2488 quisnam
2797 2427 2980 2474 sextus
3005 2420 3096 2477 ille
3135 2423 3338 2478 mensis
3367 2422 3543 2492 fuerit,
3579 2435 3730 2480 certo

2130 2506 2288 2560 etiam
2317 2507 2576 2576 sciemus,
2607 2511 2821 2582 quando
2845 2514 3071 2585 cceperit
3096 2514 3260 2572 Maria
3286 2518 3588 2588 concipere.
3621 2521 3730 2577 De-

2131 2595 2256 2651 inde
2298 2611 2420 2652 cum
2477 2601 2918 2670 cognoverimus,
2975 2605 3244 2674 quodnam
3293 2615 3587 2679 conceptus
3641 2611 3728 2668 sui

2131 2687 2450 2759 principium
2472 2689 2737 2758 habuerit,
2763 2695 2944 2767 utique
2972 2695 3186 2766 quando
3216 2701 3484 2769 pepererit
3525 2715 3727 2774 cogno-

2130 2793 2362 2849 scemus,
2397 2797 2588 2838 novem
2619 2800 2832 2842 menses
2857 2801 2888 2841 a
2912 2789 3262 2860 conceptione
3291 2803 3654 2850 numerantes.

2199 2869 2484 2928 Zacharias
2511 2891 2609 2944 quo
2640 2885 2862 2946 tempore
2882 2879 3122 2948 angelum
3147 2879 3460 2953 alloquutus.
3479 2914 3550 2925 —
3575 2884 3730 2944 Unde

2131 2959 2310 3029 igitur,
2337 2964 2580 3034 quisnam
2604 2964 2696 3020 ille
2717 2976 2901 3022 sextus
2922 2969 3127 3026 mensis
3155 2971 3315 3027 fuerit
3347 2977 3725 3046 prmgnationis

2129 3049 2390 3118 Elizabet,
2414 3055 2571 3109 nobis
2589 3058 2896 3112 constabit?
2923 3059 3058 3115 Hinc
3087 3063 3314 3132 scilicet,
3343 3065 3387 3120 si
3415 3082 3523 3138 quo
3540 3085 3727 3129 mense

2130 3143 2345 3212 gravida
2379 3144 2495 3199 ﬁeri
2524 3147 2768 3216 coeperit,
2799 3149 3180 3220 intelligamus.
3205 3153 3359 3212 Unde
3382 3166 3583 3225 autem,
3607 3162 3728 3232 quis

2129 3234 2219 3290 ille
2246 3235 2425 3304 fuerit,
2453 3235 2828 3295 addiscemus?
2885 3240 2943 3296 Si
2972 3243 3202 3298 sciamus
3227 3261 3333 3315 quo
3361 3255 3602 3320 tempore
3627 3251 3727 3307 ιω-

2133 3337 2242 3382 tum
2273 3327 2376 3383 hac
2396 3329 2464 3384 de
2490 3345 2550 3386 re
2575 3332 2820 3387 nuntium
2848 3332 3132 3390 Zacharias
3162 3337 3278 3408 ejus
3318 3341 3540 3397 maritus
3565 3358 3725 3400 acce-

2129 3423 2288 3493 perit.
2315 3423 2583 3479 Caeterum
2631 3424 2733 3481 hoc
2791 3427 2965 3499 ipsum
3009 3430 3152 3487 unde
3204 3435 3359 3490 nobis
3399 3437 3724 3509 explicatum

2130 3512 2370 3568 erit‘tEx
2401 3515 2596 3572 divinis
2626 3516 2954 3588 Seripturis:
2983 3525 3252 3592 quomodo
3283 3543 3492 3583 sacrum
3543 3531 3726 3587 Evan-

2127 3606 2324 3677 geliuin
2352 3607 2518 3664 refert
2543 3609 2816 3669 Zacharia:
2839 3615 3077 3671 versanti
3113 3616 3252 3674 intra
3295 3630 3477 3677 sancta
3515 3633 3729 3682 sancto-

2127 3713 2249 3752 rum
2275 3701 2524 3770 angelum
2556 3701 2736 3758 laetum
2762 3704 3004 3762 attulisse
3045 3710 3313 3779 nuntium,
3370 3722 3425 3769 et
3456 3715 3524 3770 de
3571 3726 3729 3786 partu

2128 3790 2351 3845 Joannis
2371 3793 2420 3846 ei
2451 3794 2782 3863 praedixisse.
2829 3796 2886 3852 Si
2936 3814 3064 3870 ergo
3089 3815 3120 3856 e
3161 3804 3329 3859 sacris
3370 3805 3541 3862 literis
3585 3811 3729 3868 clare

2127 3881 2486 3951 docuerimus,
2520 3886 2687 3941 semel
2717 3886 2993 3945 dumtaxat
3021 3901 3205 3948 sancta
3234 3907 3539 3954 sanctorum
3579 3916 3728 3957 sum-

2127 3988 2274 4027 mum
2323 3974 2657 4032 sacerdotem
2699 3978 2819 4036 sine
2869 3979 2980 4036 ullo
3029 3984 3225 4040 comite
3275 3986 3502 4057 ingredi,
3540 4000 3728 4064 etquo

2129 4074 2394 4137 tempore,
2429 4077 2482 4125 et
2506 4079 2672 4141 quoto
2714 4071 2843 4127 anni
2871 4088 3058 4132 mense
3079 4117 3096 4143 ,
3121 4077 3274 4133 unica
3302 4079 3388 4134 illa
3411 4083 3526 4138 vice
3553 4084 3726 4140 intro-

2127 4166 2214 4213 eat
2248 4175 2263 4214 :
2292 4160 2350 4215 in
2374 4163 2736 4232 cognitionem
2783 4176 3022 4234 apertam
3059 4172 3338 4240 temporis,
3391 4189 3498 4245 quo
3542 4175 3724 4234 laetum

2128 4250 2277 4306 illum
2317 4254 2560 4308 nuntium
2587 4256 2824 4326 accepit,
2860 4257 3206 4316 deveniemus
3235 4279 3249 4315 :
3288 4277 3394 4332 quo
3430 4263 3723 4336 declarato,

2128 4345 2287 4400 etiam
2317 4346 2639 4417 principium
2665 4350 3034 4420 conceptionis
3061 4354 3304 4422 protinus
3330 4357 3579 4414 omnibus
3607 4359 3725 4416 elu-

2125 4446 2326 4493 cescet.
2381 4437 2565 4508 Itaque
2589 4439 2730 4509 quod
2751 4441 2920 4496 semel
2951 4451 3154 4498 tantum
3181 4445 3233 4498 in
3261 4459 3405 4502 anno
3430 4447 3536 4504 huc
3565 4448 3726 4507 intro-

2129 4527 2316 4592 iretur,
2372 4529 2534 4583 etiam
2565 4529 2760 4587 Paulus
2808 4532 3170 4591 manifestavit
3199 4553 3214 4590 :
3247 4539 3373 4608 quin
3417 4549 3472 4597 et
3511 4541 3726 4616 Moyses

2130 4618 2356 4688 idipsum
2384 4630 2569 4690 aperte
2597 4623 2852 4691 ostendit,
2887 4625 2992 4682 hoc
3037 4628 3200 4683 modo
3241 4628 3508 4702 loquens:
3543 4631 3609 4687 Et
3645 4635 3725 4690 lo-

2125 4720 2310 4781 quutus
2335 4721 2407 4766 est
2455 4711 2707 4770 Dominus
2753 4716 2822 4769 ad
2855 4715 3088 4789 Moysen.
3116 4720 3288 4775 dicens
3333 4736 3354 4776 :
3401 4721 3630 4793 Loquere
3652 4726 3724 4780 ad

2127 4803 2300 4858 Aaron
2329 4805 2541 4874 fratrem
2570 4816 2731 4870 tuum,
2761 4816 2808 4861 et
2852 4824 2912 4863 ne
2950 4811 3090 4864 omni
3123 4819 3347 4880 tempore
3399 4812 3720 4884 ingrediatur

2125 4897 2493 4965 sanctuarium,
2525 4897 2662 4968 quod
2689 4908 2762 4952 est
2787 4899 2922 4952 intra
2947 4900 3113 4954 velum
3147 4917 3320 4956 coram
3345 4904 3717 4976 prapitiatorio,

2125 4990 2262 5062 quod
2290 4999 2363 5046 est
2387 5007 2546 5061 supra
2573 5009 2744 5046 arcam
2770 4993 3059 5061 testimonii,
3095 5000 3142 5047 et
3178 5010 3280 5051 non
3305 4996 3552 5052 moriatur
3569 4998 3720 5069 (Leu.

2128 5081 2217 5137 16.
2250 5082 2324 5151 1).
2371 5081 2440 5138 Et
2468 5082 2661 5137 iterum
2691 5101 2708 5138 :
2739 5081 2804 5136 Et
2824 5084 2989 5138 omnis
3027 5086 3176 5140 homo
3224 5103 3326 5144 non
3355 5089 3448 5145 erit
3471 5089 3527 5144 in
3552 5089 3739 5151 tubera.

2126 5172 2311 5227 naculo
2337 5174 2630 5240 testimonii,
2657 5174 2860 5243 quando
2911 5175 3022 5245 ipse
3049 5181 3395 5235 sanctuarium
3439 5184 3728 5254 ingreditur;

2125 5264 2196 5319 ad
2221 5263 2562 5334 expiandum,
2591 5265 2750 5319 donec
2778 5266 3109 5338 egrediatur;
3137 5279 3184 5324 et
3224 5271 3446 5343 expiabit
3479 5289 3573 5343 pro
3596 5287 3720 5332 seet

2126 5356 2279 5412 domo
2305 5372 2419 5424 sua,
2443 5365 2490 5411 et
2538 5373 2632 5427 pro
2679 5359 2908 5415 uniuerso
2943 5371 3074 5416 actu
3117 5358 3284 5420 Israel
3313 5363 3474 5438 (Ibid.
3508 5365 3619 5438 l7).
3651 5366 3744 5422 Ea.

2127 5449 2349 5522 expiabit
2372 5465 2528 5520 super
2550 5450 2731 5517 altare,
2760 5453 2897 5521 quod
2921 5461 2996 5509 est
3023 5469 3198 5510 coram
3223 5454 3443 5514 Domino
3463 5455 3573 5527 (Ib.
3602 5457 3717 5528 {8).

2127 5540 2208 5596 Ex
2239 5541 2322 5597 his
2350 5540 2534 5611 liquet,
2564 5555 2671 5597 non
2710 5544 2949 5614 quolibet
2994 5553 3233 5617 tempore
3273 5547 3327 5604 in
3354 5556 3538 5604 sancta
3587 5563 3719 5605 san-

2127 5643 2335 5688 ctorum
2378 5634 2677 5704 ingressum
2709 5635 2894 5703 fuisse,
2920 5644 2973 5692 et
3001 5635 3128 5693 dum
3155 5641 3298 5700 intus
3327 5648 3490 5705 esset.
3515 5641 3716 5698 nemini

2128 5726 2206 5781 fas
2234 5723 2400 5782 fuisse
2429 5741 2491 5782 ea
2520 5727 2833 5799 contingere
2856 5769 2871 5796 ,
2903 5728 3000 5786 sed
3030 5739 3182 5786 extra
3208 5731 3386 5788 velum
3415 5733 3716 5792 consisteno

2127 5816 2255 5872 dum
2285 5816 2470 5874 fuisse.
2491 5817 2692 5876 Verum
2730 5819 2845 5876 haec
2873 5836 2972 5877 vos
2999 5821 3188 5878 sedulo.
3227 5833 3408 5882 mente
3433 5836 3609 5882 vestra
3641 5836 3715 5883 te-

2077 5901 2083 5908 ’
2131 5917 2272 5969 ncte.
2323 5909 2602 5984 Reliquum
2633 5911 2774 5969 enim
2805 5920 2907 5982 est,
2956 5921 3012 5970 ut
3051 5913 3317 5988 quodnam
3349 5915 3478 5978 illud
3508 5927 3737 5991 tempus,
