4100 6460
503 527 609 582 357

506 642 686 707 fuerit,
719 656 824 710 quo
853 638 997 694 solus
1025 635 1424 709 ingrediebatur
1460 634 1512 691 in
1543 643 1724 690 sancta
1765 645 2094 700 sanctorum,

505 731 666 802 idque
692 731 860 786 semel
890 731 1168 784 dumtaxat
1211 729 1267 784 in
1301 743 1464 792 anno,
1512 727 1666 782 vobis
1714 727 2098 782 demonstrem.

505 826 622 892 Qua
648 824 853 878 ratione
884 832 1059 876 autem
1093 820 1196 876 hoc
1225 819 1465 891 patebit?
1494 820 1570 875 Ex
1615 819 1804 875 eodem
1850 818 2098 873 nimirum

504 915 608 970 hoc
639 915 775 970 libro
823 930 835 965 :
879 915 946 968 ita
979 915 1119 969 enim
1151 913 1386 968 dicitur:
1423 911 1599 967 Mense
1627 913 1858 982 septimo,
1907 911 2101 965 decima

503 1008 592 1060 die
618 1007 821 1070 mensis,
854 1005 1184 1059 humiliabitis
1213 1005 1411 1059 animas
1457 1014 1665 1070 vestras,
1694 1012 1740 1056 et
1783 1019 1930 1056 omne
1971 1017 2100 1073 opus

501 1115 603 1151 non
628 1098 826 1166 facietis
855 1114 873 1150 :
891 1098 993 1151 sive
1019 1098 1282 1167 indigena,
1310 1097 1412 1152 sive
1438 1097 1650 1162 advena,
1675 1095 1762 1167 qui
1785 1094 1993 1148 additur
2019 1094 2100 1148 in-

502 1204 576 1243 ter
597 1208 700 1245 vos.
732 1189 795 1243 In
826 1193 920 1243 hac
937 1193 1066 1244 enim
1097 1191 1178 1244 dic
1205 1190 1427 1260 expiatio
1458 1191 1552 1242 erit
1579 1190 1746 1254 vestri,
1780 1198 1834 1242 ut
1860 1187 2099 1241 emunde-

500 1283 626 1336 niini
653 1285 714 1336 ab
741 1283 971 1337 omnibus
992 1283 1208 1352 peccatis
1236 1283 1409 1336 vestris
1440 1298 1459 1335 :
1485 1297 1656 1336 coram
1695 1279 1917 1334 Domino
1951 1297 2100 1334 mun-

502 1375 700 1428 demini
721 1391 739 1428 :
770 1376 976 1428 sabbata
1001 1375 1347 1441 sabbatorum,
1375 1374 1570 1443 requies
1599 1374 1692 1426 erit
1728 1373 1836 1426 lucc
1861 1372 2013 1438 vobis,
2053 1381 2100 1426 et

501 1467 830 1520 Immiliubitis
873 1467 1070 1520 animas
1118 1476 1344 1528 vestras;
1382 1465 1570 1529 eritque
1611 1464 1748 1518 vobis
1804 1464 1897 1518 hoc
1935 1463 2101 1534 legiti-

502 1575 638 1611 mum
665 1559 1045 1627 sempiternum.
1089 1556 1329 1626 Expiabit
1355 1565 1520 1610 autem
1547 1555 1798 1617 sacerdos,
1821 1571 1969 1623 quem
1997 1571 2100 1607 un-

500 1650 686 1714 a'erint,
718 1661 763 1702 et
788 1650 940 1719 cujus
965 1665 1144 1701 manus
1166 1648 1491 1712 initiaverint,
1526 1657 1580 1700 ut
1603 1647 1887 1700 sacerdotio
1909 1647 2098 1718 funga-

503 1755 587 1793 tur
608 1750 717 1810 post
742 1750 937 1810 patrem
952 1755 1124 1804 suum,
1145 1747 1192 1792 et
1223 1739 1461 1794 induetur
1485 1738 1616 1794 stola
1631 1747 1826 1802 sancta,
1852 1747 1900 1791 et
1923 1741 2102 1810 expia.

502 1833 572 1887 bit
616 1844 794 1887 sancta
826 1842 1137 1898 sanctorum,
1183 1841 1231 1887 et
1272 1831 1655 1886 tabernaculum
1696 1831 2002 1895 testimonii;
2053 1839 2102 1884 et

502 1927 667 1978 altare
687 1924 943 1994 expiabit;
971 1933 1014 1976 et
1041 1940 1133 1992 pro
1156 1923 1477 1978 sacerdotum
1505 1921 1742 1994 peccatis,
1788 1932 1835 1974 et
1863 1937 1956 1992 pro
1983 1921 2100 1973 uni-

502 2033 644 2069 rerso
673 2014 848 2086 papnli
873 2026 1000 2068 ctetu
1021 2015 1262 2086 expiabit.
1296 2014 1508 2084 Eritque
1533 2013 1626 2067 hoc
1657 2012 1795 2068 vobis
1822 2012 2101 2084 legitimum

501 2108 885 2178 sempiternum,
920 2117 972 2159 ut
1023 2107 1235 2175 expietis
1285 2123 1378 2178 pro
1411 2107 1532 2175 ﬁliis
1561 2104 1730 2160 Israel
1769 2105 1832 2159 ab
1872 2104 2103 2159 omnibus

502 2199 720 2270 peccatis
748 2215 945 2252 eorum.
980 2196 1154 2252 Semel
1173 2199 1225 2252 in
1245 2214 1382 2252 anno
1409 2198 1515 2268 ﬁet,
1547 2197 1678 2251 sicut
1707 2197 1946 2268 pra-cepit
1988 2194 2102 2249 Do-

501 2290 671 2343 minus
693 2287 864 2360 Hoysi
883 2286 1070 2359 (Lerit.
1111 2291 1315 2363 16-29).
1344 2285 1421 2342 De
1450 2285 1589 2342 festo
1615 2286 2101 2342 Tabernacniornm

505 2381 593 2436 hic
622 2397 803 2436 sermo
834 2390 917 2436 est
949 2399 961 2434 :
997 2391 1125 2436 tunc
1173 2377 1316 2436 enim
1357 2380 1523 2436 semel
1567 2394 1808 2434 summus
1850 2379 2102 2435 sacerdos

502 2475 790 2544 quotamiis
819 2472 1218 2544 ingrediebalur
1250 2489 1263 2525 :
1295 2471 1440 2542 quod
1467 2481 1521 2527 et
1549 2472 1667 2543 ipse
1704 2471 1990 2543 explicavit
2019 2471 2103 2528 his

505 2567 709 2633 verbis,
739 2567 990 2636 quoniam
1018 2566 1174 2621 semel
1199 2565 1252 2620 in
1268 2549 1404 2620 dnuo
1424 2565 1525 2621 hoc
1551 2565 1660 2636 ﬁet.

575 2661 631 2716 5.
682 2657 742 2713 Si
784 2673 913 2730 ergo
960 2659 1080 2714 testi
1128 2657 1620 2715 Tabernaculorum
1673 2666 1916 2729 tempore
1957 2655 2103 2712 solus

503 2766 749 2807 summus
794 2749 1048 2806 sacerdos
1093 2749 1392 2822 ingreditur
1428 2747 1482 2806 in
1525 2760 1709 2806 sancta
1755 2757 2100 2816 sanctorum;

503 2858 604 2914 age
642 2841 897 2912 deinceps
935 2841 1303 2910 ostendamus,
1359 2852 1485 2898 tunc
1526 2841 1798 2898 Zacharias
1852 2841 2101 2914 angelum

502 2937 835 3008 apparuisse,
885 2936 1102 3007 quando
1132 2937 1184 2992 in
1234 2936 1435 2991 sanctis
1478 2945 1786 2992 sanctorum
1817 2945 1971 2993 erat:
2001 2934 2103 2990 soli

502 3031 647 3084 enim
693 3028 794 3100 ipsi
841 3028 1119 3084 incensum
1171 3029 1402 3086 adolenti
1460 3031 1744 3086 visusest:
1774 3029 1920 3086 solus
1974 3043 2104 3084 vero

502 3135 798 3189 numquam
845 3120 1146 3192 ingreditur
1190 3135 1432 3178 summus
1488 3121 1774 3188 sacerdos,
1821 3121 1922 3178 nisi
1975 3130 2103 3178 tunc

505 3213 784 3286 temporis.
832 3213 975 3269 Nihil
1026 3224 1204 3270 autem
1237 3213 1465 3285 impedit
1511 3215 1640 3286 quin
1672 3214 1786 3285 ipsa
1823 3213 2102 3270 audiamus

501 3309 664 3363 verba
695 3309 1062 3379 evangelista.
1093 3306 1217 3361 Fuit
1233 3308 1285 3361 in
1305 3307 1480 3361 diebus
1503 3305 1723 3361 Herodis
1751 3307 1882 3377 regis
1905 3306 2104 3362 Judtece

502 3400 741 3454 sacerdos
761 3401 969 3470 quidam
1000 3400 1201 3454 nomine
1220 3398 1520 3465 Zacharias,
1553 3408 1599 3453 et
1624 3415 1755 3453 uxor
1779 3399 1918 3454 illius
1955 3399 2020 3453 de
2039 3400 2104 3468 ﬁ-

501 3487 666 3544 liabus
691 3489 885 3554 Aaron,
917 3499 963 3543 et
990 3505 1186 3544 nomen
1202 3490 1313 3559 ejus
1345 3486 1576 3542 Elizabet
1621 3487 1770 3558 (Luc.
1799 3489 1850 3543 Ι.
1887 3489 1964 3558 5).
1990 3487 2102 3541 Fa-

503 3589 639 3632 ctum
665 3589 738 3634 est
763 3588 953 3645 autem,
976 3596 1091 3632 cum
1106 3579 1216 3648 ipse
1234 3579 1515 3633 sacerdotio
1538 3582 1834 3651 fungeretur
1855 3579 1908 3634 in
1927 3579 2105 3633 ordine

502 3671 624 3725 vicis
647 3686 757 3726 sure
783 3681 901 3725 ante
941 3667 1130 3734 Deum,
1161 3669 1440 3724 secundant
1489 3669 1905 3724 consuetudinem
1931 3686 2102 3724 sacer-

503 3765 648 3830 dotii,
676 3773 810 3817 sorte
831 3763 972 3830 eaiit,
1000 3773 1054 3816 ut
1075 3763 1338 3816 incensum
1364 3771 1591 3832 poneret,
1621 3761 1879 3832 ingressus
1903 3762 1957 3815 in
1977 3771 2103 3815 tem-

506 3856 646 3922 plum
703 3853 932 3909 Domini.
981 3853 1048 3910 Et
1065 3855 1228 3909 omnis
1268 3854 1536 3908 multitudo
1585 3853 1762 3925 papuli
1803 3865 1909 3908 erat
1947 3869 2101 3908 orans

505 3946 650 4017 foris,
675 3948 802 4000 liora
821 3947 1013 4002 incensi
1033 3945 1194 4018 (Ibid.
1215 3945 1403 4019 8-l0).
1426 3945 1540 4002 Hoc
1559 3945 1679 4002 loco
1705 3946 1757 4001 in
1786 3947 2101 4002 memoriam

503 4053 723 4103 revoca,
747 4039 959 4105 dilecte,
982 4039 1342 4094 testimonium
1366 4037 1520 4104 illud,
1544 4037 1686 4109 quod
1702 4037 1776 4091 ait
1803 4056 1816 4092 :
1845 4036 1913 4090 Et
1938 4038 2102 4091 omnis

503 4132 653 4184 homo
699 4148 798 4184 non
835 4131 930 4183 erit
980 4129 1033 4182 in
1091 4128 1414 4183 tabernaculo
1453 4128 1742 4192 testimonii,
1791 4127 2104 4199 ingrediente

501 4223 614 4292 ipso
631 4221 698 4274 ad
718 4221 1029 4290 expiandum
1056 4223 1110 4275 in
1132 4231 1307 4276 sancta
1336 4229 1658 4287 sanctorum,
1689 4219 1847 4273 donec
1874 4219 2103 4289 egredia-

502 4325 584 4370 tur
609 4313 792 4388 (Levit.
827 4317 913 4370 16.
945 4316 1058 4386 17).
1081 4314 1330 4386 Apparuit
1358 4324 1529 4368 autem
1554 4313 1631 4367 illi
1654 4311 1864 4383 angelus
1888 4310 2101 4366 Domini

501 4418 641 4462 stans
665 4425 694 4460 a
722 4408 914 4462 dextris
942 4408 1120 4461 altaris
1165 4406 1356 4460 incensi
1390 4405 1538 4478 (Luc.
1588 4405 1640 4460 l.
1674 4403 1788 4474 ll).
1823 4402 1940 4457 Non
1965 4402 2100 4457 dixit

501 4503 688 4556 altaris
729 4501 1141 4568 sacriﬁciorum,
1192 4499 1286 4556 sed
1313 4501 1490 4554 altaris
1541 4500 1731 4553 incensi
1767 4513 1786 4552 :
1817 4506 2098 4568 propterea

502 4593 646 4666 quod
695 4593 864 4647 altare
905 4593 1289 4648 sacriﬁciorum
1355 4601 1410 4646 et
1472 4591 1904 4649 bolocaustornm
1965 4588 2099 4644 foris

502 4693 668 4752 esset,
701 4685 844 4738 intus
881 4699 1009 4738 vero
1036 4682 1260 4749 incensi,
1286 4692 1341 4736 ut
1390 4682 1469 4737 vel
1494 4681 1638 4744 hinc,
1671 4681 1814 4751 quod
1870 4681 1967 4750 ipsi
1997 4679 2099 4734 soli

499 4779 927 4848 conspiceretur,
959 4786 1014 4832 ct
1045 4775 1186 4845 quod
1244 4776 1450 4829 dicatur
1491 4772 1718 4845 populus
1748 4773 1920 4845 ipsum
1967 4771 2099 4827 foris

499 4881 862 4941 exspectasse,
894 4868 1234 4924 manifestum
1254 4866 1464 4932 evadat,
1494 4867 1546 4920 in
1568 4875 1750 4920 sancta
1789 4875 2096 4919 sanctorum

501 4960 680 5031 ipsum
708 4960 1008 5030 ingressum
1039 4959 1226 5014 fuisse.
1253 4957 1321 5012 Et
1352 4957 1580 5012 turbatus
1600 4965 1675 5011 est
1700 4955 1981 5011 Zacharias
2019 4955 2096 5009 vi-

500 5050 645 5117 dens,
664 5062 710 5106 et
725 5055 873 5105 timor
893 5051 1073 5106 cecidit
1088 5067 1243 5120 super
1262 5051 1451 5120 ipsum.
1480 5048 1622 5103 Dixit
1646 5057 1816 5104 autem
1835 5049 1906 5102 ad
1927 5048 2097 5118 ipsum

498 5143 710 5212 angelus
730 5157 750 5196 :
777 5140 859 5196 Ne
879 5143 1077 5209 timeas,
1102 5140 1357 5196 Zucharia
1376 5156 1395 5205 ;
1416 5139 1657 5205 quoniam
1697 5139 1872 5194 audita
1897 5149 1972 5194 est
2010 5141 2098 5195 de-

501 5234 725 5303 precatio
751 5244 858 5300 tua,
901 5243 948 5287 et
987 5251 1117 5288 uxor
1142 5243 1229 5286 tua
1257 5232 1486 5287 Elizabet
1514 5233 1677 5302 pariet
1706 5232 1796 5286 tibi
1821 5233 2005 5304 ﬁlium,
2051 5241 2100 5286 et

499 5325 696 5381 vocabis
715 5341 896 5380 nomen
923 5327 1033 5396 ejus
1055 5323 1310 5379 Joannem
1332 5323 1438 5396 (Ib.
1467 5323 1687 5397 12.13).
1705 5323 1772 5378 Et
1801 5334 1915 5379 erat
1956 5323 2097 5394 plebs

497 5427 795 5489 exspectans
823 5415 1129 5473 Zachariam
1163 5431 1182 5469 :
1209 5425 1258 5471 et
1297 5416 1646 5484 mirabantur,
1683 5417 1821 5486 quod
1872 5417 2098 5473 tardaret

497 5511 674 5578 ipsein
704 5508 1179 5582 templo.Egressns
1213 5519 1382 5564 autem
1411 5509 1675 5576 innuebat,
1707 5526 1865 5580 neque
1898 5519 2097 5581 poterat

499 5603 634 5674 loqui
651 5602 777 5672 ipsis
800 5601 907 5674 (Ib.
937 5601 1025 5658 2|.
1055 5601 1343 5671 2'2).Vides
1371 5601 1509 5657 intra
1533 5602 1710 5658 velum
1732 5599 2096 5658 fuisse?Tunc

501 5696 660 5767 igitur
689 5695 832 5751 hunc
872 5697 1050 5752 laetum
1085 5695 1327 5750 nuntium
1377 5693 1607 5766 accepit.
1636 5692 1870 5765 Tempus
1914 5703 2094 5749 autem

500 5794 610 5841 tum
637 5796 753 5842 erat
774 5785 892 5843 festi
921 5786 1408 5844 Tabernaculorum
1453 5794 1508 5843 et
1529 5787 1724 5858 jejunii
1758 5805 1772 5842 :
1817 5787 1921 5844 hoc
1945 5787 2092 5843 enim

502 5879 589 5930 illa
632 5880 792 5932 verba
844 5877 943 5935 sibi
993 5880 1219 5947 volunt,
1269 5878 1619 5936 Humiliabitis
1661 5879 1859 5936 animos
1909 5890 2095 5936 vestras

503 5969 687 6040 μετα.
724 5969 806 6026 l6.
856 5968 970 6041 29),
1028 5971 1186 6043 idque
1239 5989 1265 6028 a
1317 5971 1518 6030 Iudaeis
1549 5973 1648 6032 sub
1679 5973 1838 6030 linem
1885 5973 2087 6032 mensis

1249 521 1308 578 S.
1346 519 1626 576 JOANNIS
1666 517 2140 575 CHRYSOSTOMI
2182 519 2502 577 ARCHIEP.
2544 521 3084 582 CONSTANTINOP.
3685 525 3776 586 358

2217 634 2566 703 Septembris,
2589 639 2733 707 quod
2749 647 2803 694 et
2823 654 2917 695 vos
2940 641 3223 705 testamini,
3247 640 3624 698 celebrabatur.
3647 645 3780 702 Tunc

2210 727 2354 780 enim
2405 728 2578 797 longis
2614 730 2954 800 copiosisque
2996 731 3324 787 orationibus
3367 736 3419 787 in
3462 733 3668 790 Judzeos
3709 741 3778 790 usi

2208 832 2410 884 Sumus,
2442 820 2802 890 importunum
2829 838 3014 877 eorum
3041 824 3300 894 jejunium
3322 836 3650 884 accusantes.
3676 828 3777 884 litae

2207 927 2336 982 ergo
2363 922 2604 982 tempore
2627 915 2785 970 etiam
2813 915 3052 972 Elizabet
3078 934 3210 972 uxor
3229 917 3504 975 Zachariae
3526 925 3775 994 concepit.

2207 1004 2276 1057 Et
2323 1004 2628 1060 occultabat
2679 1022 2737 1061 se
2776 1009 3047 1064 mensibus
3097 1010 3372 1080 quinque,
3425 1013 3644 1068 dicens:
3692 1015 3774 1070 Sic

2207 1096 2333 1148 mihi
2355 1097 2474 1165 fecit
2527 1097 2780 1154 Dominus
2816 1101 2869 1154 in
2911 1101 3108 1166 diebus,
3155 1103 3332 1171 quibus
3351 1107 3571 1176 respeazit
3596 1111 3784 1180 auferre

2207 1188 2535 1258 opprobrium
2553 1207 2718 1245 meum
2736 1193 2868 1246 inter
2895 1193 3119 1248 homines
3141 1192 3295 1264 (an.
3322 1193 3373 1249 Ι.
3396 1196 3511 1267 25).
3534 1197 3781 1254 Caeterum

2208 1292 2566 1352 opportunum
2601 1299 2744 1339 nunc
2777 1284 3008 1354 videtur,
3042 1296 3098 1340 ut
3123 1287 3470 1344 ostendamus
3521 1299 3781 1360 praeterea.

2207 1389 2328 1427 cum
2361 1386 2572 1430 sextum
2605 1375 2716 1445 jam
2747 1392 2985 1431 mensem
3031 1377 3140 1446 ipsa
3166 1377 3428 1434 Joannem
3455 1381 3506 1434 in
3538 1392 3684 1436 utero
3701 1396 3790 1452 ge-

2207 1476 2394 1532 staret,
2418 1467 2634 1522 Mariam
2661 1471 2840 1524 [sctum
2861 1470 2927 1524 de
2948 1473 3294 1540 conceptione
3321 1487 3416 1527 sua
3439 1476 3677 1529 nuntium
3699 1491 3780 1529 ac-

2207 1557 2434 1626 cepisse.
2472 1558 2696 1624 Quando
2718 1561 2860 1614 enim
2887 1561 3026 1615 venit
3055 1561 3121 1614 ad
3152 1577 3273 1616 eam
3301 1561 3537 1630 Gabriel,
3559 1574 3612 1618 et
3630 1564 3779 1620 dixit:

2209 1646 2294 1702 Ne
2321 1650 2516 1714 timeas,
2549 1649 2717 1704 Maria
2735 1669 2753 1716 ;
2773 1652 3007 1705 invenisti
3025 1653 3157 1706 enim
3178 1656 3398 1724 gratiam
3439 1656 3580 1722 apud
3603 1656 3774 1713 Deum.

2213 1737 2281 1793 Et
2306 1755 2417 1794 ecce
2446 1741 2704 1811 concipies
2753 1743 2810 1795 in
2833 1752 2993 1807 utero,
3026 1752 3077 1796 et
3089 1745 3258 1812 paries
3290 1745 3480 1813 ﬁlium,
3511 1755 3557 1800 et
3601 1747 3784 1801 vocabis

2209 1848 2390 1888 nomen
2415 1834 2525 1904 ejus
2552 1833 2731 1888 Jesum
2763 1832 2912 1904 (Luc.
2947 1835 2997 1888 l.
3031 1834 3121 1890 50.
3154 1836 3268 1906 51).
3296 1836 3539 1907 Cumque
3563 1837 3670 1908 ipsa
3693 1836 3787 1895 hoc

2209 1938 2459 1980 sermone
2485 1926 2808 1993 turbaretur,
2840 1925 3166 1996 modumque
3185 1927 3302 1997 ejus
3332 1927 3410 1982 rei
3427 1927 3632 1984 discere
3650 1944 3785 1998 quae-

2210 2024 2374 2081 reret,
2428 2017 2764 2089 respondens
2808 2019 3028 2089 angelus
3076 2018 3212 2073 dixit
3257 2019 3332 2074 ad
3378 2035 3539 2076 eam:
3579 2019 3790 2091 Spiritus

2209 2117 2415 2163 sanctus
2443 2111 2759 2178 superveniet
2778 2110 2831 2164 in
2853 2121 2919 2176 te,
2951 2119 2999 2164 et
3019 2114 3178 2164 virtus
3204 2111 3463 2166 Altissimi
3490 2112 3792 2167 obumbrabit

2211 2201 2303 2253 tibi
2328 2217 2346 2254 :
2372 2199 2583 2271 ideoque
2611 2211 2662 2256 et
2685 2201 2821 2272 quod
2842 2211 3077 2256 nascetur
3101 2217 3166 2256 ea:
3193 2213 3241 2256 te
3265 2212 3521 2270 sanctum,
3545 2203 3793 2259 vocabitur

2213 2288 2377 2345 Filius
2389 2289 2502 2348 Dei.
2519 2293 2590 2348 Et
2611 2308 2724 2347 ecce
2749 2290 2980 2346 Elizabet
3001 2302 3219 2364 cognata
3245 2303 3353 2359 tua,
3378 2304 3426 2349 et
3449 2296 3566 2364 ipsa
3581 2295 3794 2368 concepit

2209 2381 2377 2451 ﬁlium
2405 2386 2457 2437 in
2510 2393 2770 2438 senectute
2806 2401 2901 2438 sua
2923 2400 2944 2438 .°
2973 2393 3020 2439 et
3063 2385 3145 2438 hic
3173 2387 3362 2441 mensis
3403 2396 3480 2441 est
3507 2395 3671 2442 sextus
3697 2387 3790 2454 illi,

2209 2488 2326 2542 quae
2349 2481 2566 2528 vocatur
2615 2474 2822 2540 sterilis,
2867 2475 2988 2542 quia
3026 2491 3126 2529 non
3174 2475 3269 2529 erit
3311 2476 3618 2548 impossibile
3665 2474 3793 2547 apud

2211 2563 2379 2619 Deum
2427 2580 2576 2618 omne
2598 2564 2801 2619 verbum
2848 2563 3008 2634 (Ibid.
3039 2566 3252 2636 55-37).
3283 2566 3440 2635 Quod
3467 2569 3510 2623 si
3534 2583 3658 2639 ergo
3685 2575 3796 2638 post

2211 2669 2449 2710 mensem
2479 2654 2784 2726 Gorpizeum
2813 2671 2909 2712 seu
2936 2657 3304 2727 Septembrem
3351 2659 3788 2715 Elizabetconce-

2212 2745 2310 2818 pit,
2345 2756 2402 2801 ut
2430 2757 2705 2802 ostensum
2731 2757 2816 2803 est
2842 2765 2857 2802 :
2886 2747 3238 2804 adnumerare
3259 2759 3477 2820 oportet
3500 2765 3594 2807 sex
3624 2750 3688 2806 ab
3725 2763 3788 2806 eo

2211 2837 2559 2894 intermedios
2594 2853 2808 2894 menses
2837 2855 2851 2892 :
2881 2849 3006 2894 sunt
3025 2848 3204 2895 autem
3232 2839 3310 2910 hi,
3359 2841 3787 2914 liyperberetaeus

2211 2929 2329 2985 sive
2370 2929 2624 2995 October,
2672 2929 2802 2985 Dius
2845 2929 2959 2986 sive
3009 2929 3338 3000 November,
3382 2933 3682 3004 Appellaus
3707 2947 3794 2988 seu

2211 3019 2527 3088 December,
2550 3020 2856 3076 Audonteus
2875 3036 2970 3077 seu
2995 3021 3301 3092 Januarius,
3329 3023 3564 3081 Peritius
3589 3040 3678 3082 seu
3702 3023 3798 3080 Pc-

2210 3111 2478 3178 bruarius,
2508 3112 2730 3184 Dystrus
2750 3128 2847 3168 seu
2872 3111 3110 3167 Martius.

2284 3205 2639 3277 Conceptionis
2684 3205 2869 3260 mensis
2916 3205 3128 3275 primus.
3151 3235 3225 3246 -—
3265 3204 3457 3277 itaque
3497 3215 3619 3280 post
3664 3206 3796 3263 hunc

2211 3307 2422 3356 sextum
2450 3313 2690 3354 mensem
2718 3298 3042 3369 principium
3068 3301 3447 3370 conceptionis
3472 3301 3670 3372 accepit
3697 3299 3795 3356 Ma-

2210 3390 2290 3444 ria
2321 3405 2336 3444 :
2369 3405 2400 3444 a
2438 3404 2547 3460 quo
2575 3389 2621 3444 si
2665 3404 2863 3446 novem
2889 3404 3110 3446 menses
3133 3406 3510 3459 numeremus,
3552 3393 3725 3462 utique
3745 3392 3799 3446 in

2214 3492 2531 3551 prtesentem
2554 3481 2701 3537 hunc
2730 3497 2972 3537 mensem
2999 3482 3368 3538 deveniemus.
3400 3484 3504 3540 Est
3527 3486 3680 3556 igitur
3697 3483 3796 3554 pri-

2213 3587 2333 3627 mus
2348 3572 2715 3642 conceptionis
2737 3574 2939 3628 mensis
2961 3573 3159 3643 Aprilis
3181 3575 3294 3628 sive
3311 3573 3598 3639 Xanticns,
3617 3572 3797 3630 deinde

2210 3663 2534 3718 Artemisius
2577 3679 2670 3718 seu
2711 3663 2901 3730 Maius,
2921 3664 3110 3720 Desius
3152 3665 3271 3720 sive
3293 3664 3514 3734 Junius,
3546 3665 3796 3720 Panemus

2209 3757 2324 3812 sive
2367 3756 2562 3822 Julius,
2597 3755 2782 3824 Loius,
2811 3758 2925 3812 sive
2955 3758 3248 3827 Augustus,
3280 3756 3567 3828 Gorpiams
3592 3773 3681 3814 seu
3707 3757 3798 3812 Se-

2211 3849 2474 3919 ptember,
2538 3847 3012 3920 llyperberetaeus,
3055 3848 3169 3904 sive
3215 3847 3473 3918 October,
3523 3849 3646 3904 Dius
3692 3847 3797 3902 sive

2208 3940 2530 4007 November,
2590 3941 2898 4012 Appellteus
2961 3954 3056 3994 seu
3115 3939 3434 3996 December.
3503 3942 3673 4010 Atque
3718 3935 3798 3991 hic

2211 4033 2413 4088 mensis
2439 4041 2543 4099 est,
2572 4048 2729 4103 quem
2761 4039 3082 4102 prarsentem
3125 4031 3406 4098 habemus,
3442 4047 3550 4102 quo
3575 4040 3629 4087 et
3665 4031 3796 4084 hunc

2210 4127 2354 4182 diem
2375 4126 2731 4182 celebramus.
2763 4125 2834 4182 Ut
2859 4132 3038 4181 autem
3064 4125 3206 4195 quod
3233 4124 3354 4178 dico
3380 4126 3546 4180 etiam
3572 4121 3793 4194 apertius

2209 4219 2363 4274 vobis
2392 4219 2696 4286 clariusque
2734 4218 2940 4283 evadat,
2974 4217 3206 4272 breviter
3247 4216 3364 4272 haec
3407 4233 3618 4272 rursum
3646 4229 3793 4284 repe-

2211 4320 2348 4376 tens,
2378 4311 2648 4367 dilectioni
2679 4320 2872 4367 vestra:
2903 4311 3217 4366 edisseram.
3247 4309 3428 4366 Semel
3463 4311 3516 4365 in
3554 4323 3691 4364 anno
3715 4307 3792 4361 in-

2209 4401 2551 4474 grediebatur
2579 4403 2725 4459 solus
2751 4417 2993 4457 summus
3019 4400 3270 4456 sacerdos
3300 4401 3352 4454 in
3384 4411 3570 4456 sancta
3597 4407 3797 4455 sancto-

2208 4510 2347 4559 rum,
2399 4494 2558 4565 idque
2613 4494 2862 4564 Gorpiaeo
2907 4509 3001 4548 seu
3049 4493 3350 4563 Septembri
3398 4509 3604 4549 mense.
3654 4491 3794 4547 Tunc

2211 4588 2481 4658 ingressus
2523 4595 2607 4642 est
2647 4586 2933 4642 Zacharias
2980 4588 3031 4640 in
3075 4597 3256 4641 sancta
3309 4595 3651 4652 sanctorum,
3681 4592 3797 4638 tunc

2208 4681 2454 4737 nuntium
2495 4681 2564 4736 de
2610 4680 2832 4736 Joannis
2884 4681 3160 4737 nativitate
3210 4681 3414 4736 habuit.
3463 4681 3613 4737 Illinc
3635 4679 3791 4735 abiit:

2207 4782 2334 4829 tunc
2361 4787 2494 4828 uxor
2518 4773 2636 4842 ejus
2666 4772 2930 4842 concepit.
2981 4772 3110 4827 Post
3154 4789 3395 4827 mensem
3445 4782 3622 4828 autem
3665 4772 3794 4827 Gor-

2207 4866 2400 4936 pimum
2439 4880 2534 4920 seu
2573 4864 2964 4935 Septembrem,
3009 4879 3130 4920 cum
3175 4876 3381 4919 sextum
3408 4866 3519 4935 jam
3565 4875 3795 4919 mensem

2208 4958 2323 5028 ipsa
2373 4959 2427 5013 in
2473 4967 2629 5013 utero
2659 4957 2902 5023 haberet,
2935 4957 3023 5027 qui
3073 4956 3276 5013 scilicet
3303 4967 3386 5012 est
3437 4959 3662 5030 Dystrus
3708 4969 3795 5008 seu

2204 5048 2443 5115 Martius,
2475 5050 2590 5120 ipsa
2613 5049 2848 5120 denique
2885 5048 3048 5103 Maria
3082 5048 3348 5118 concepit.
3375 5049 3420 5102 Α
3449 5048 3676 5104 Xantico
3705 5057 3794 5099 seu

2205 5142 2376 5214 Aprili
2415 5142 2576 5214 igitur
2603 5142 2931 5213 incipiendo,
2965 5157 3159 5197 novem
3206 5156 3419 5196 menses
3460 5142 3504 5195 si
3550 5152 3790 5195 numere-

2205 5251 2342 5302 mus,
2374 5235 2427 5290 in
2469 5244 2789 5304 praesentem
2835 5233 3153 5302 incidemus,
3181 5247 3289 5304 quo
3333 5232 3588 5288 Dominus
3617 5235 3790 5283 noster

2202 5325 2361 5383 Jesus
2384 5325 2630 5382 Christus
2663 5334 2820 5381 natus
2848 5333 2952 5381 est.

2276 5419 2330 5476 6.
2370 5419 2545 5490 Atque
2579 5418 2762 5475 omnia
2795 5417 3032 5489 quidem,
3059 5431 3180 5488 quas
3208 5415 3276 5473 de
3320 5417 3423 5472 hoc
3447 5415 3534 5470 die
3575 5409 3788 5468 dicenda

2203 5519 2377 5578 erant,
2416 5513 2568 5568 vobis
2605 5512 2864 5568 hactenus
2903 5511 3270 5581 exposuimus.
3304 5509 3473 5566 Unum
3517 5515 3715 5560 tantum
3743 5499 3786 5554 si

2203 5620 2347 5661 nunc
2395 5605 2672 5670 addidero,
2701 5603 2928 5660 orationi
2957 5618 3092 5659 mete
3139 5603 3300 5658 linem
3344 5602 3644 5671 imponam;
3675 5605 3789 5666 qua

2204 5695 2407 5767 majora
2446 5706 2597 5761 sunt,
2642 5693 2913 5751 communi
2964 5693 3170 5749 doctori
3211 5692 3433 5749 dicenda
3467 5688 3785 5759 relinquens.

2273 5785 2522 5852 Inﬁdeles
2549 5785 2847 5841 Christiana
2871 5785 3113 5855 dogmata
3141 5783 3396 5848 irrident;
3433 5778 3786 5836 Hareticorum

2203 5879 2407 5936 delicta.
2442 5910 2512 5923 --
2554 5878 2818 5947 Quoniam
2869 5877 3012 5934 enim
3066 5875 3219 5931 multi
3263 5874 3627 5936 ethnicorum,
3673 5885 3786 5926 cum

2212 5973 2432 6032 audiunt
2465 5973 2631 6030 Deum
2663 5973 2714 6030 in
2746 5986 2906 6030 carne
2935 5978 3140 6040 natum,
3172 5967 3394 6028 irrident
3436 5979 3551 6036 nos,
3579 5974 3630 6023 et
3663 5966 3794 6022 inse-
