4100 6424
351 442 456 500 359

331 566 557 620 etantur,
591 554 892 624 multosque
931 567 996 606 ex
1037 533 1448 619 simplicioribus
1497 545 1711 600 turbant
1755 553 1913 612 atque

334 648 658 718 inquietant:
679 659 816 716 opus
839 654 942 707 est,
965 656 1085 697 cum
1111 641 1176 695 ad
1200 640 1360 710 ipsos,
1385 648 1493 692 tum
1519 636 1586 692 ad
1610 632 1912 705 hujusmodi

330 737 421 806 qui
468 735 614 790 hisce
667 734 1318 806 turbantur,_sermonem
1368 727 1626 796 dirigere,
1684 739 1752 779 ne
1791 721 1917 793 quid

336 844 587 897 umquam
637 816 845 881 insanis
891 822 1195 879 hominibus
1233 819 1632 889 acquiescentes
1675 828 1916 870 commo-

339 929 585 986 reantur,
617 927 710 974 aut
747 919 1024 973 turbentur
1048 931 1115 971 ex
1140 911 1442 984 hujusmodi
1472 909 1760 965 inﬁdelium
1792 906 1914 962 irri-

332 1012 505 1067 sione.
529 1011 660 1066 Nam
691 1019 746 1066 et
775 1010 924 1081 parvi
963 1009 1112 1079 pueri
1151 1022 1240 1062 res
1261 1005 1448 1069 serias,
1481 1012 1638 1074 atque
1662 1001 1798 1056 adeo
1822 1015 1917 1056 ne-

330 1105 591 1159 cessarias
629 1085 772 1172 saepe
812 1101 967 1156 nobis
992 1100 1312 1171 agitantibus
1350 1096 1527 1152 ridere
1565 1094 1775 1148 solent:
1807 1105 1912 1145 non

332 1204 512 1250 tamen
543 1194 736 1248 idcirco
764 1193 906 1249 risus
945 1191 1032 1246 hic
1057 1197 1425 1260 argumentum
1455 1195 1536 1241 est
1565 1198 1767 1247 rerum,
1795 1196 1914 1250 quae

335 1287 592 1352 ridentur,
621 1284 859 1350 vilitatis,
889 1282 983 1338 sed
1018 1297 1224 1345 eorum,
1249 1279 1338 1348 qui
1367 1277 1559 1341 rident,
1589 1273 1912 1329 stoliditatis.

329 1378 481 1446 Quod
525 1377 663 1432 idem
693 1376 847 1431 nobis
881 1375 948 1429 de
989 1373 1137 1428 hisce
1175 1371 1403 1429 ethnicis
1429 1369 1607 1424 dicere
1633 1367 1790 1422 licet:
1823 1366 1915 1434 qui

333 1471 510 1540 pueris
541 1470 672 1539 ipsis
712 1482 876 1538 prope
915 1465 1236 1520 amantiores
1273 1479 1392 1518 cum
1422 1461 1548 1525 sint,
1580 1474 1640 1514 ea
1671 1457 1910 1524 irrident,

329 1579 451 1633 qua:
479 1563 724 1632 religioso
763 1559 992 1631 quodam
1037 1558 1262 1611 horrore
1303 1563 1463 1624 atque
1489 1552 1634 1606 omni
1679 1550 1913 1604 admira-

332 1656 478 1710 tione
521 1653 676 1724 plena
723 1659 878 1716 sunt,
917 1651 1003 1704 illa
1056 1657 1255 1713 autem,
1287 1661 1404 1716 qua:
1457 1659 1642 1698 revera
1693 1639 1913 1695 ridenda

330 1756 500 1812 erant,
551 1743 830 1815 magniﬁce
875 1741 1136 1796 extollunt
1189 1747 1346 1806 atque
1395 1743 1674 1792 exornant.
1720 1734 1912 1787 Verum

331 1840 474 1892 enim
504 1851 633 1892 vero
659 1845 714 1891 et
739 1843 920 1888 nostra
961 1833 1033 1887 ita
1062 1832 1130 1885 ab
1156 1831 1284 1900 ipsis
1313 1829 1467 1883 irrisa
1499 1828 1550 1882 in
1579 1827 1790 1896 propria
1816 1840 1911 1880 sua

333 1929 677 1985 nihilominus
705 1925 982 1995 majestate
1027 1923 1334 1993 perdurant,
1366 1921 1515 1974 nullo
1556 1934 1650 1988 per
1679 1919 1912 1988 ipsorum

335 2023 522 2084 risum,
568 2017 708 2086 quod
758 2016 823 2069 ad
875 2013 1230 2084 praestantiam
1280 2026 1428 2066 suam
1481 2009 1689 2074 attinet,
1721 2008 1915 2062 damno

332 2120 552 2179 accepto
579 2125 594 2162 :
623 2117 677 2162 et
701 2108 935 2176 ipsorum
958 2113 1163 2166 contra,
1196 2103 1318 2156 licet
1349 2108 1624 2165 exornata,
1657 2101 1912 2169 privatam

333 2215 483 2255 suam
538 2197 915 2267 turpitudinem
976 2193 1221 2264 produnt.
1269 2191 1455 2246 Nonne
1501 2192 1642 2245 enim
1691 2189 1912 2243 extremi

335 2291 608 2362 cujusdam
639 2289 870 2358 stuporis
894 2297 997 2354 est,
1031 2287 1148 2340 illos
1173 2299 1395 2340 errones
1424 2283 1476 2338 in
1498 2283 1721 2353 lapides,
1750 2281 1910 2352 ligna,

336 2402 392 2446 et
439 2391 563 2444 vilia
608 2385 911 2458 signadeos
955 2399 1080 2437 suos
1123 2381 1455 2446 inducentes,
1484 2387 1538 2432 et
1565 2388 1830 2446 tamquam
1861 2377 1911 2429 in

333 2496 549 2538 carcere
586 2481 834 2549 quopiam
874 2474 1273 2537 concludentes,
1304 2471 1435 2524 nihil
1464 2478 1639 2524 tamen
1669 2467 1914 2521 arbitrari

335 2589 395 2628 se
422 2581 575 2642 turpe
599 2579 690 2624 aut
717 2569 902 2624 dicere
929 2575 1020 2620 aut
1058 2563 1236 2619 facere
1260 2580 1272 2616 :
1316 2577 1414 2616 nos
1439 2569 1614 2614 autem
1643 2573 1912 2622 accusare,

333 2662 477 2734 quod
523 2675 846 2724 asseramus,
895 2659 1058 2712 Deum
1106 2654 1206 2708 sibi
1256 2652 1510 2721 templum
1559 2651 1734 2704 vivum
1782 2663 1915 2703 con-

335 2754 593 2810 struxisse
618 2767 686 2808 ex
710 2751 909 2819 Spiritu
939 2758 1144 2809 sancto,
1179 2761 1274 2814 per
1302 2743 1446 2814 quod
1493 2743 1607 2796 orbi
1654 2751 1915 2796 terrarum

337 2845 587 2900 universo
615 2841 858 2913 profuit?
899 2840 963 2894 Et
990 2835 1287 2904 cuiusmodi
1314 2834 1527 2888 tandem
1567 2835 1668 2888 hoc
1694 2847 1914 2886 accusa-

337 2936 499 2992 tionis
535 2932 736 3004 genus?
783 2931 840 2985 Si
885 2929 1025 2984 enim
1071 2936 1225 3002 turpe
1263 2933 1346 2986 est
1375 2925 1538 2984 Deum
1586 2925 1640 2984 in
1685 2928 1917 2983 humano

337 3046 564 3102 corpore
607 3029 865 3093 habitare,
911 3027 1078 3081 multo
1110 3023 1276 3094 magis
1324 3023 1376 3076 in
1419 3022 1563 3091 ligno
1607 3029 1661 3074 et
1710 3018 1914 3088 lapide:

337 3137 466 3178 sane
507 3131 652 3174 tanto
695 3119 919 3187 turpius,
947 3125 1146 3187 quanto
1189 3114 1320 3182 lapis
1350 3123 1405 3167 et
1454 3113 1652 3181 lignum
1702 3111 1917 3165 homine

337 3215 492 3268 vilius
521 3232 534 3266 :
567 3213 666 3266 nisi
714 3211 852 3265 forte
878 3210 990 3278 ipsa
1019 3207 1240 3262 materia
1271 3220 1460 3260 sensus
1498 3207 1716 3272 experte
1753 3218 1919 3273 genus

339 3312 578 3360 nostrum
609 3301 866 3370 abjectius
903 3300 1005 3354 illis
1047 3312 1166 3353 esse
1199 3296 1455 3351 videatur.
1489 3295 1626 3363 Quin
1667 3295 1824 3350 etiam
1865 3294 1918 3348 in

337 3395 471 3451 feles
497 3403 551 3448 et
577 3409 736 3448 canes
767 3392 888 3461 ipsi,
920 3390 1069 3445 multi
1107 3397 1284 3444 autem
1326 3387 1698 3442 haereticorum
1736 3385 1789 3439 in
1818 3384 1920 3438 alia

337 3487 556 3556 insuper
597 3485 744 3540 hisce
787 3483 1215 3554 iguominiosiora
1262 3481 1459 3536 audent
1503 3479 1592 3534 Dei
1633 3478 1919 3534 essentiam

340 3580 632 3635 habitatum
675 3578 986 3630 immittere.
1016 3574 1166 3642 Quod
1192 3588 1294 3628 nos
1332 3588 1503 3642 neque
1544 3568 1788 3634 dicimus,
1823 3585 1922 3623 ne-

340 3687 448 3740 que
475 3670 712 3724 dicentes
732 3665 1015 3734 aliquando
1038 3663 1221 3716 audire
1259 3663 1632 3716 sustineamus.
1665 3661 1768 3714 Sed
1794 3658 1921 3712 illud

343 3769 546 3816 tantum
589 3757 899 3820 asserimus,
941 3753 1209 3808 Christum
1253 3766 1466 3805 carnem
1495 3749 1765 3814 mundam,
1797 3763 1922 3802 san-

342 3862 515 3918 ctam,
563 3847 1084 3919 irreprehensibilem
1127 3851 1446 3915 peccatoque
1487 3841 1633 3896 omni
1681 3842 1923 3895 inacces-

343 3954 490 4008 sam,‘
511 3958 577 3998 ex
606 3940 841 4011 virgineo
871 3947 1022 3992 utero
1072 3936 1420 4007 prodeuntem
1446 3932 1815 4002 assumpsisse,
1847 3939 1926 3984 at-

343 4048 452 4102 que
473 4033 545 4086 ita
573 4044 726 4086 suum
768 4030 1075 4098 ﬁgmentum
1106 4036 1456 4080 restaurasse.
1485 4025 1561 4077 Ac
1588 4023 1660 4076 illi
1687 4021 1920 4089 quidem,

347 4133 403 4179 et
427 4123 516 4192 qui
541 4124 654 4193 pari
681 4136 800 4176 cum
831 4120 958 4189 ipsis
987 4119 1262 4187 impietate
1289 4117 1602 4185 delinquunt
1625 4113 1921 4178 Manichmi,

347 4216 402 4270 in
437 4229 598 4270 canes
637 4222 692 4268 et
733 4212 915 4266 simias
959 4210 1204 4278 ferasque
1243 4209 1417 4263 omnis
1455 4208 1666 4276 generis
1695 4205 1925 4259 divinam

349 4309 636 4362 essentiam
666 4305 976 4360 indueentes
1007 4319 1021 4354 :
1057 4300 1285 4355 animam
1313 4300 1454 4354 enim
1485 4298 1730 4352 omnibus
1759 4297 1841 4350 his
1862 4312 1927 4350 ex

349 4397 437 4454 illa
466 4397 696 4452 essentia
723 4409 845 4450 esse
869 4393 1083 4456 dicunt;
1127 4408 1230 4446 non
1272 4390 1491 4445 horrent
1519 4405 1692 4459 neque
1731 4387 1926 4444 erube—

353 4497 508 4544 scunt
531 4505 543 4541 :
579 4502 674 4541 nos
701 4501 827 4540 vero
856 4485 968 4539 Deo
995 4483 1207 4553 indigna
1234 4481 1412 4536 dicere
1440 4481 1607 4546 aiunt,
1647 4481 1769 4549 quia
1797 4478 1929 4533 nihil

353 4583 542 4636 horum
565 4596 632 4634 ne
651 4578 969 4650 cogitatione
998 4577 1212 4648 quidem
1239 4575 1584 4637 admittimus,
1607 4574 1700 4629 sed
1726 4582 1928 4628 tantum

352 4671 496 4741 quod
549 4671 657 4724 Deo
695 4671 1020 4724 conveniens
1065 4678 1222 4739 atque
1273 4668 1470 4723 decens
1511 4675 1626 4722 erat
1668 4666 1926 4721 dicimus:

355 4777 545 4832 nempe
581 4761 752 4830 ipsum
789 4759 1091 4824 advenisse,
1146 4770 1199 4814 et
1238 4759 1338 4813 hoc
1376 4757 1732 4828 generationis
1771 4757 1931 4811 modo

354 4855 627 4924 proprium
655 4867 808 4907 suum
837 4867 970 4919 opus
1000 4861 1344 4906 restaurasse.
1367 4851 1502 4918 Quid
1525 4851 1640 4905 ais?
1665 4850 1749 4905 dic
1779 4849 1930 4904 mihi.

355 4944 528 5008 Tune,
548 4943 638 5012 qui
683 4942 1064 4996 homicidarum
1115 4950 1168 4994 et
1214 4942 1656 5012 praestigiatorum
1699 4941 1930 4994 animam

357 5037 552 5092 divina:
576 5035 822 5091 essentia:
848 5048 967 5089 esse
993 5033 1205 5097 asseris,
1230 5048 1330 5088 nos
1351 5048 1602 5089 accusare
1631 5033 1817 5100 audes,
1844 5032 1934 5102 qui

357 5129 551 5184 horum
579 5127 791 5198 quidem
833 5123 966 5182 nihil
993 5139 1100 5179 non
1126 5123 1287 5178 modo
1313 5139 1420 5179 non
1449 5125 1667 5181 terimus
1691 5134 1781 5179 aut
1803 5138 1929 5180 sus-

355 5221 590 5278 tinemus
629 5218 814 5274 audire
835 5259 853 5286 ,
882 5217 978 5272 sed
1005 5217 1094 5286 qui
1133 5215 1221 5270 illa
1249 5215 1452 5285 dicunt,
1477 5217 1668 5287 impios
1689 5231 1810 5274 esse
1845 5217 1936 5288 ju-

356 5313 633 5370 dicamus?
657 5310 793 5380 Quid
822 5311 979 5382 igitur
1000 5308 1264 5365 dicimus?
1289 5307 1421 5364 Illud
1445 5308 1728 5364 nimirum:
1769 5310 1934 5365 Deum

358 5415 668 5463 constructo
713 5412 899 5460 sancto
943 5403 1049 5459 hoc
1087 5401 1187 5457 sibi
1227 5402 1448 5472 templo,
1473 5417 1570 5472 per
1594 5402 1822 5472 idipsum
1867 5419 1934 5459 ex

368 5499 502 5556 caelo
559 5497 826 5553 caelestem
874 5496 1154 5566 quemdam
1207 5509 1384 5550 rerum
1432 5505 1624 5549 statum
1672 5495 1724 5550 in
1772 5495 1935 5550 vitam

370 5597 605 5645 nostram
631 5586 912 5642 invexisse.
939 5585 1007 5640 Et
1025 5583 1206 5655 quidni
1233 5583 1423 5639 merito
1459 5583 1649 5640 millies
1673 5599 1772 5640 vos
1794 5585 1940 5655 capi-

364 5680 436 5735 tls
456 5676 762 5740 damnandi,
793 5683 906 5730 tum
931 5675 1002 5732 ob
1039 5674 1452 5740 accusationem,
1479 5689 1582 5744 qua
1633 5689 1733 5731 nos
1773 5679 1942 5745 impe-

365 5769 496 5836 titis,
520 5778 631 5823 tum
675 5766 747 5822 ob
785 5763 1126 5836 impietatem,
1153 5777 1311 5832 quam
1355 5761 1409 5818 in
1455 5762 1621 5818 Deum
1661 5763 1944 5820 admittere

366 5875 471 5916 non
515 5857 802 5915 desistitis?
855 5855 913 5910 Si
956 5852 1099 5908 enim
1141 5851 1253 5908 Deo
1299 5861 1379 5908 est
1421 5852 1694 5922 indecens,
1742 5861 1800 5910 ut
1847 5870 1942 5912 vos

1293 425 1358 482 IN
1401 427 1561 484 DIEM
1600 426 1926 485 NATALEM
1973 432 2032 485 D.
2076 431 2138 484 N.
2177 430 2341 488 .IESU
2377 429 2675 488 CHRISTI.

3497 435 3599 491 560

2021 539 2216 604 dicitis,
2259 539 2557 598 inhabitare
2609 557 2804 613 corpus
2844 560 3032 615 purum
3079 555 3133 601 et
3180 547 3599 613 immaculatum,

2020 634 2188 689 multo
2211 643 2354 690 certe
2379 635 2712 690 indecentius
2738 645 2822 691 est
2862 639 3280 708 pra:stigiatoris,
3321 641 3600 709 sepulcro—

2019 740 2138 779 rum
2183 725 2506 792 suﬁ'ossoris,
2547 726 2784 792 latronis,
2814 727 2922 782 IIIIO
2965 729 3134 784 simia:
3157 741 3212 786 et
3255 732 3436 797 canis;
3492 748 3600 789 non

2020 827 2196 872 autem
2221 826 2460 871 sanctum
2492 816 2622 870 illud
2649 827 2806 886 atque
2832 819 3322 888 incontaminatum,
3353 824 3602 895 quodque

2020 924 2162 964 nunc
2211 909 2262 962 in
2307 908 2525 963 dextera
2553 909 2725 964 Patris
2755 911 2925 965 sedet.
2955 913 3104 979 Quod
3133 915 3276 969 enim
3322 917 3598 982 damnum,

2019 1011 2110 1054 aut
2136 1001 2340 1054 macula
2382 1001 2491 1054 Deo
2515 1003 2799 1056 accesserit
2844 1018 2909 1057 ex
2957 1003 3056 1057 hac
3098 1009 3434 1060 (Bconornia?
3485 1008 3600 1062 Non

2019 1095 2210 1148 videtis
2255 1094 2421 1148 solem
2473 1093 2638 1158 hunc,
2669 1097 2820 1164 cujus
2859 1111 3052 1165 corpus
3099 1099 3370 1164 sensibile,
3413 1116 3601 1154 corru-

2020 1187 2190 1256 ptioni
2215 1186 2508 1255 subjectum
2531 1197 2689 1257 atque
2719 1188 2986 1242 inﬁrmum
3011 1199 3110 1252 est,
3137 1201 3452 1262 rumpantur
3478 1192 3604 1248 licet

2018 1279 2211 1333 millies
2238 1278 2353 1332 lucc
2380 1279 2661 1333 audientes
2702 1280 2926 1349 gentiles
2964 1295 3027 1334 ac
3056 1281 3366 1337 Manichrci?
3420 1284 3603 1354 Neque

2018 1385 2146 1424 vero
2171 1370 2250 1423 sol
2277 1370 2570 1435 dumtaxat,
2595 1370 2688 1424 sed
2719 1371 2878 1424 etiam
2909 1381 3074 1438 terra,
3109 1389 3279 1438 mare,
3309 1384 3466 1442 atque
3489 1392 3605 1428 om-

2019 1463 2102 1515 nis
2126 1462 2344 1515 omnino
2392 1477 2570 1516 rerum
2603 1462 2798 1517 fabrica
2827 1462 2926 1517 sub
2967 1474 3239 1532 aspectum
3268 1465 3486 1532 cadens,
3513 1482 3605 1520 va-

2018 1554 2168 1608 nitati
2199 1554 2437 1624 subjecta
2463 1564 2566 1610 est.
2608 1555 2741 1610 Nam
2781 1557 2904 1611 audi
2935 1557 3158 1611 Paulum
3197 1557 3300 1612 hoc
3329 1558 3604 1612 manifeste

2017 1647 2320 1713 docentem,
2349 1647 2474 1702 dum
2504 1648 2622 1702 ait:
2665 1647 2888 1701 Vanitati
2929 1649 3062 1702 enim
3105 1661 3337 1704 creatura
3380 1651 3606 1719 subjecta

2017 1751 2110 1805 est,
2139 1758 2238 1794 non
2267 1742 2456 1808 uolens,
2492 1741 2581 1796 sed
2629 1750 2831 1811 prapter
2859 1758 2990 1804 eum,
3023 1743 3111 1813 qui
3156 1743 3367 1814 subjecit
3413 1761 3524 1796 eam
3552 1745 3605 1798 in

2017 1847 2107 1897 spe
2136 1832 2308 1901 (Rom.
2337 1831 2390 1886 8.
2418 1832 2529 1902 20).
2573 1831 2672 1899 Qui
2699 1832 2894 1888 deinde
2921 1833 3200 1888 ostendere
3240 1835 3420 1888 volens
3447 1834 3605 1904 quid-

2020 1939 2140 1977 nam
2177 1926 2245 1979 sit
2294 1925 2422 1978 illud
2463 1925 2680 1978 vanitati
2711 1925 3009 1994 subjectum
3038 1941 3178 1992 esse,
3205 1927 3481 1980 subintnlit
3518 1926 3604 1980 di-

2018 2031 2146 2072 cens
2178 2034 2190 2069 :
2226 2016 2357 2081 Quia
2384 2025 2430 2070 et
2461 2017 2573 2085 ipsa
2599 2024 2831 2070 creatura
2868 2017 3156 2071 liberabitur
3179 2035 3212 2070 a
3235 2020 3466 2073 servitute
3493 2034 3608 2072 cor-

2017 2108 2285 2171 ruptionis,
2315 2108 2367 2160 in
2395 2108 2673 2161 libertatem
2705 2109 2882 2180 gloria:
2907 2110 3130 2178 ﬁliorum
3158 2108 3256 2163 Dei
3298 2111 3344 2183 (1
3353 2110 3457 2166 bid.
3489 2111 3603 2182 21).

2015 2198 2218 2267 Nempe
2243 2200 2586 2268 corruptibile
2609 2200 2738 2269 quid
2767 2216 2908 2254 nunc
2927 2210 3009 2255 est
3037 2212 3312 2258 creatura:
3342 2203 3604 2274 siquidem

2017 2289 2342 2358 eorruptioni
2373 2291 2572 2344 servire
2601 2291 2730 2344 nihil
2758 2301 2842 2346 est
2871 2292 3037 2357 aliud,
3069 2309 3228 2363 quam
3258 2296 3606 2364 corruptibile

2021 2395 2160 2435 esse.
2193 2381 2344 2449 Quod
2373 2381 2418 2435 si
2449 2397 2577 2451 ergo
2620 2383 2723 2446 sol,
2763 2398 2954 2453 corpus
3001 2387 3342 2454 corruptibile
3365 2403 3483 2442 cum
3513 2389 3600 2452 sit,

2021 2473 2216 2542 ubique
2258 2475 2436 2529 radios
2465 2491 2591 2530 suos
2637 2477 2851 2543 emittit,
2880 2492 3056 2544 emno,
3090 2480 3354 2546 sordibus,
3382 2481 3608 2547 aliisque

2022 2564 2204 2617 multis
2226 2565 2275 2618 id
2302 2581 2470 2635 genus
2497 2567 2656 2620 rebus
2682 2581 2800 2621 sese
2822 2571 3244 2633 commnnicans,
3266 2570 3395 2624 nihil
3427 2581 3606 2625 tamen

2025 2670 2092 2709 ex
2119 2655 2219 2710 hac
2262 2657 2498 2712 fmditate
2527 2672 2904 2726 corporearum
2934 2660 3230 2714 istiusmodi
3273 2662 3508 2715 sordium
3554 2662 3610 2716 in

2028 2761 2124 2801 sua
2165 2747 2252 2801 illa
2285 2749 2511 2816 puritate
2540 2748 2767 2812 laeditur,
2793 2750 2886 2804 sed
2921 2751 3146 2804 mundos
3173 2751 3292 2806 illos
3321 2767 3444 2805 suos
3473 2755 3522 2806 in
3549 2768 3610 2807 se

2023 2839 2200 2892 radios
2246 2839 2487 2905 retrahit,
2519 2855 2583 2895 ae
2634 2842 2816 2896 multis
2860 2859 3070 2897 rursum
3118 2845 3451 2912 corporibus,
3489 2861 3610 2915 qua:

2023 2929 2197 3001 ipsum
2227 2932 2542 3002 suscipiunt,
2571 2935 2678 2988 vim
2728 2949 2879 2989 suam
2925 2936 3279 3003 virtutemque
3309 2938 3608 3005 participat,

2024 3041 2087 3081 ac
2117 3026 2259 3079 noxii
2296 3034 2386 3079 aut
2414 3026 2611 3080 sordidi
2639 3042 2705 3081 ex
2737 3027 2840 3082 illis
2862 3043 2926 3082 ne
2955 3029 3228 3082 minimum
3257 3029 3470 3098 quidem
3495 3030 3611 3097 ipse

2023 3116 2075 3171 in
2099 3131 2156 3170 se
2194 3117 2498 3185 recipiens:
2544 3127 2742 3185 quanto
2772 3118 2940 3187 magis
2987 3118 3204 3186 justitize
3247 3119 3336 3174 ille
3380 3119 3491 3183 Sol,
3521 3119 3611 3176 ille

2026 3209 2290 3263 Virtutum
2325 3208 2756 3277 incorporearum
2789 3208 3063 3275 Dominus,
3094 3210 3144 3263 in
3178 3226 3365 3281 puram
3393 3225 3610 3266 carnem

2023 3299 2328 3368 ingrediens
2353 3315 2456 3353 non
2489 3299 2660 3353 solum
2693 3315 2800 3352 non
2825 3298 3128 3368 inquinatus
3155 3310 3256 3364 est,
3285 3299 3378 3354 sed
3423 3310 3610 3354 contra

2025 3392 2185 3446 etiam
2231 3392 2502 3461 puriorem
2551 3406 2667 3446 eam
2714 3391 2886 3460 ipsam
2929 3393 3355 3462 sanctioremque
3397 3393 3612 3449 cll‘ecit?

2024 3485 2197 3552 Atque
2244 3482 2356 3536 haec
2387 3482 2598 3551 quidem
2626 3483 2803 3536 omnia
2835 3493 3011 3536 mente
3037 3482 3330 3547 volventes,
3361 3494 3417 3537 et
3458 3499 3610 3536 com-

2026 3583 2386 3631 memorantes
2423 3575 2654 3628 divinam
2705 3590 2913 3636 vocem,
2957 3574 3266 3629 dicentem:
3311 3574 3612 3629 Inhabitabo

2025 3667 2078 3718 in
2107 3665 2230 3731 illis,
2258 3675 2304 3718 et
2333 3667 2654 3719 inambulabo
2701 3665 2883 3738 (Leuit.
2915 3667 3005 3722 26.
3041 3667 3136 3730 12;
3169 3666 3222 3719 2.
3257 3668 3372 3719 Cor.
3403 3665 3456 3720 6.
3490 3667 3611 3736 16);

2027 3765 2081 3809 et
2107 3772 2314 3810 rursum
2355 3775 2367 3810 :
2409 3757 2510 3811 Vos
2540 3757 2777 3825 templum
2806 3757 2898 3810 Dei
2927 3759 3065 3823 estis,
3083 3767 3129 3809 et
3155 3757 3378 3826 Spiritus
3407 3756 3503 3810 Dei
3528 3759 3614 3810 in-

2028 3845 2216 3898 habitat
2257 3846 2312 3898 in
2349 3846 2482 3899 vobis
2514 3848 2587 3918 (l.
2621 3847 2737 3900 Cor.
2773 3849 2826 3902 5.
2873 3847 2981 3918 16),
3012 3849 3170 3900 etiam
3218 3864 3317 3902 nos
3359 3847 3615 3906 adversus

2028 3933 2160 3987 istos
2188 3934 2448 3999 dicamus,
2477 3946 2530 3989 et
2571 3937 2894 4004 impudentia
2937 3938 3214 4006 impiorum
3247 3953 3337 3991 ora
3365 3939 3613 3994 obstrua-

2030 4041 2170 4094 mus,
2201 4029 2504 4097 nostrisque
2533 4030 2740 4083 interim
2773 4030 2924 4084 bonis
2955 4029 3214 4096 lzetemur,
3241 4045 3302 4085 ae
3333 4031 3497 4085 Deum
3528 4032 3613 4086 in-

2031 4127 2308 4173 carnatum
2333 4119 2402 4173 ob
2430 4129 2534 4173 tam
2581 4119 2937 4189 indulgentem
2967 4120 3033 4175 ad
3062 4137 3160 4176 nos
3191 4138 3357 4192 usque
3406 4123 3485 4177 sui
3515 4124 3614 4179 de-

2033 4211 2345 4265 missionem
2392 4210 2780 4282 gloriﬁcemus,
2826 4219 2879 4265 et
2931 4227 3026 4280 pro
3073 4212 3266 4266 virium
3312 4221 3617 4268 nostrarum

2033 4300 2280 4356 facultate
2331 4301 2647 4371 condignam
2701 4301 2800 4370 ipsi
2844 4302 3237 4357 venerationem
3283 4304 3620 4373 gratiamque.

2033 4393 2357 4448 reddamus:
2390 4394 2498 4447 Deo
2546 4401 2722 4447 autem
2752 4393 2893 4449 nulla
2919 4410 2951 4448 a
2985 4393 3137 4466 nobis
3181 4394 3466 4466 gratiarum
3521 4411 3617 4464 par

2036 4484 2320 4539 retributio
2351 4483 2468 4538 ﬁeri
2495 4493 2674 4553 queat,
2705 4485 2803 4538 nisi
2837 4485 3009 4539 solum
3035 4465 3117 4550 ea,
3146 4465 3263 4556 qua:
3289 4486 3532 4540 consistit
3561 4485 3622 4541 in.

2035 4584 2216 4630 nostra
2241 4575 2645 4645 animarumque
2674 4585 2973 4630 nostrarum
3021 4576 3213 4644 salute,
3243 4586 3401 4647 atque
3429 4579 3480 4631 in
3506 4577 3623 4632 vir-.

2039 4669 2165 4722 tutis
2203 4668 2396 4721 studio.

2110 4760 2162 4814 7.
2215 4761 2338 4826 Quis
2389 4761 2567 4814 modus
2613 4761 2880 4815 accedendi
2922 4760 2988 4813 ad
3044 4760 3213 4814 divina
3251 4762 3505 4830 mysteria.
3547 4755 3650 4798 ——'

2037 4851 2116 4907 Ne
2140 4852 2306 4907 simus
2331 4867 2458 4921 ergo
2484 4852 2571 4906 hic
2605 4853 2790 4920 ingrati
2817 4867 2942 4921 erga
2977 4852 3105 4905 tanti
3142 4851 3192 4903 in
3235 4865 3331 4903 nos
3373 4849 3627 4904 beneﬁcii

2038 4952 2333 5008 auctorem,
2357 4943 2450 4998 sed
2472 4957 2661 4998 omnes
2689 4943 2865 4996 omnia
2903 4942 2951 4996 ei
2991 4955 3087 5008 pro
3112 4939 3253 4994 virili
3289 4940 3575 4994 offeramus
3595 4977 3621 5008 ,ι

2043 5038 2235 5103 ﬁdem,
2273 5051 2458 5107 spem,
2501 5036 2807 5100 caritatem,
2841 5033 3281 5103 temperantiam,
3319 5031 3624 5088 miscricor-

2040 5131 2183 5187 diam
2207 5171 2224 5197 ,
2253 5129 2685 5200 hospitalitatem.
2713 5127 2780 5182 Et
2801 5127 2869 5182 ad
2895 5127 3037 5198 quod
3063 5141 3233 5197 nuper
3255 5141 3351 5182 vos
3371 5125 3623 5181 cohorta-

2043 5232 2128 5278 tus
2153 5236 2294 5285 sum,
2316 5220 2383 5275 ad
2404 5219 2457 5273 id
2482 5219 2643 5275 etiam
2671 5233 2813 5274 nunc
2832 5227 2887 5273 et
2911 5218 2962 5272 in
2991 5227 3261 5288 posterum
3287 5232 3500 5286 semper
3525 5231 3633 5273 vos

2044 5311 2314 5370 cohortari
2343 5324 2450 5367 non
2476 5309 2750 5366 desistam.
2792 5308 3056 5378 Quidnam
3096 5307 3243 5364 hoc?
3269 5307 3405 5363 Cum
3442 5320 3628 5362 acces-

2046 5405 2156 5461 suri
2183 5403 2314 5461 estis
2335 5403 2403 5459 ad
2425 5401 2754 5460 tremendam
2771 5403 3110 5473 divinamque
3137 5403 3282 5457 illam
3305 5413 3546 5456 mensam
3571 5407 3634 5460 et

2047 5513 2198 5553 sacra
2213 5495 2489 5568 mysteria,
2513 5509 2637 5552 cum
2655 5497 2847 5552 timore
2870 5511 2935 5552 ae
2960 5505 3188 5551 tremore
3216 5494 3318 5550 hoc
3344 5491 3502 5547 facile
3521 5489 3630 5563 (α),

2046 5602 2169 5644 cum
2208 5602 2340 5657 pura
2381 5587 2706 5642 conscientia
2733 5627 2749 5652 ,
2778 5601 2898 5642 cum
2940 5584 3144 5656 jejunio
3179 5592 3234 5640 et
3276 5581 3583 5652 precatione
3608 5597 3632 5640 ξ

2050 5695 2156 5737 non
2179 5679 2570 5737 tumultuantes
2593 5719 2608 5746 ,
2638 5693 2747 5736 non
2773 5677 3111 5734 calcitrantes
3129 5713 3147 5742 ,
3187 5689 3296 5730 non
3325 5671 3636 5745 proximum

2116 5864 2190 5928 (a)
2223 5863 2341 5917 Vide
2361 5862 2607 5916 nemiuem
2629 5864 2680 5916 in
2699 5869 2744 5914 δ.
2769 5858 3114 5923 Philogonium,
3137 5861 3175 5910 ι.
3203 5857 3244 5909 1.
