4100 6422
531 430 633 486 361

535 541 870 610 impellentes
901 558 914 594 :
955 549 1213 593 extremm
1241 535 1382 589 enim
1422 532 1523 588 hoc
1557 533 1821 602 superbia:
1847 539 1962 596 est,
1990 545 2119 583 con-

535 634 944 702 temptionisquc
990 631 1207 685 minime
1245 629 1473 698 vulgaris
1516 644 1530 681 :
1576 641 1742 696 quare
1787 625 1945 677 etiam
1993 623 2119 678 talia

535 727 961 794 perpetrantibus
990 725 1315 794 punitionem
1359 720 1579 774 multam
1621 719 1887 773 conciliat.
1922 717 2120 771 Tecum

528 828 716 884 reputa
734 858 748 882 ,
779 832 810 870 o
847 816 1006 870 homo
1031 856 1046 880 ,
1075 815 1284 884 qualem
1315 811 1544 865 hostiam
1573 824 1631 864 es
1659 816 2083 864 contrectaturus
2103 849 2118 874 ,

530 907 740 975 qualem
770 923 1008 961 mensam
1049 905 1321 968 aditurus;
1360 912 1533 956 tecum
1578 909 1761 969 reputa
1790 941 1803 963 ,
1831 900 1972 970 quod
1997 915 2120 953 cum

531 1009 674 1054 terra
702 1002 775 1054 sis
799 1011 852 1054 et
879 1001 1034 1062 cinis,
1065 1013 1256 1066 corpus
1286 1007 1340 1052 et
1365 994 1676 1065 sanguinem
1704 992 1901 1048 Christi
1931 993 2116 1046 sumis.

531 1091 594 1146 Et
617 1094 659 1146 si
690 1109 785 1147 vos
813 1109 905 1148 rex
932 1092 1143 1162 quidem
1172 1091 1236 1144 ad
1266 1089 1567 1144 convivium
1590 1099 1759 1149 vocet,
1785 1103 1902 1141 cum
1931 1088 2123 1140 timore

531 1186 864 1247 accumbitis,
891 1185 1144 1253 cibosque
1167 1183 1440 1252 appositus
1469 1197 1588 1234 cum
1628 1180 1924 1235 reverentia
1959 1187 2012 1232 et
2050 1179 2122 1232 si-

532 1273 926 1328 lentinsnmitis
955 1292 969 1338 ;
1003 1275 1109 1328 Deo
1135 1285 1313 1328 autem
1354 1282 1405 1326 te
1444 1273 1509 1326 ad
1554 1287 1703 1326 suam
1748 1287 1987 1324 mensam
2031 1286 2122 1323 vo-

530 1378 686 1420 cante
711 1409 724 1430 ,
760 1367 1056 1436 Filiumqne
1084 1382 1239 1419 suum
1271 1365 1342 1418 ibi
1379 1373 1680 1433 apponente
1705 1405 1719 1430 ,
1749 1363 1837 1417 ubi
1867 1363 2123 1433 angelica:

531 1466 824 1523 potestates
849 1458 1114 1511 adsistunt
1138 1472 1259 1510 cum
1290 1457 1480 1509 timore
1501 1462 1555 1508 et
1577 1465 1808 1509 tremore
1832 1497 1846 1520 ,
1873 1456 1957 1509 ubi
1987 1455 2125 1509 Che-

533 1546 708 1600 rubini
742 1548 919 1600 velant
957 1549 1116 1601 facies
1155 1562 1314 1610 suas,
1354 1555 1512 1614 atque
1553 1545 1832 1613 Seraphini
1861 1561 1980 1600 cum
2011 1556 2122 1601 tre-

530 1655 685 1694 more
719 1641 966 1705 clamant,
1013 1641 1257 1701 Sanctus,
1298 1640 1544 1701 Sanctus,
1574 1639 1803 1694 Sanctus
1830 1639 2120 1694 Dominus:

535 1742 588 1785 tu
613 1732 740 1784 mihi
762 1732 924 1786 audes
953 1730 1290 1785 vociferando
1313 1745 1376 1783 ac
1404 1729 1773 1784 tumultuando
1795 1731 1860 1785 ad
1886 1731 2126 1799 spiritale

534 1822 664 1875 illud
713 1823 1012 1876 convivium
1057 1822 1358 1877 accedere?
1396 1822 1477 1876 An
1521 1831 1570 1877 te
1612 1822 1742 1892 fugit
1781 1838 1847 1877 eo
1889 1831 2128 1892 tempore

533 1915 696 1968 multa
730 1917 1111 1986 tranquillitate
1157 1924 1389 1970 mentem
1429 1929 1550 1970 esse
1592 1914 1803 1986 plenam
1834 1915 2127 1984 oportere?

531 2005 800 2076 Multaque
828 2023 956 2076 pace
977 2023 1038 2060 ac
1059 2009 1237 2076 quiete
1262 2021 1394 2075 opus
1416 2014 1520 2072 est,
1549 2022 1654 2060 non
1682 2015 1858 2060 autem
1879 2007 2124 2075 tumultu,

531 2098 802 2153 iracundia
827 2141 841 2165 ,
874 2100 1204 2169 strepituque
1237 2115 1251 2152 ε
1286 2099 1400 2153 hazc
1439 2099 1582 2154 enim
1628 2099 1957 2152 immundam
2006 2099 2125 2152 ani-

532 2205 674 2242 mam
702 2191 1042 2244 accedentem
1067 2191 1323 2245 efficiunt.
1355 2192 1614 2257 Quaenam
1641 2201 1821 2245 autem
1848 2192 1998 2245 venia
2026 2207 2126 2245 no-

531 2278 614 2333 bis
644 2279 902 2336 habeatur
927 2323 942 2347 ,
986 2282 1030 2334 si
1071 2291 1191 2350 post
1228 2289 1372 2336 tanta
1412 2291 1630 2352 peccata
1653 2323 1668 2346 ,
1703 2283 1890 2337 saltem
1917 2289 2128 2352 tempus

533 2368 656 2434 hoc,
684 2386 791 2440 quo
816 2371 882 2425 ad
909 2387 1114 2426 sacram
1147 2373 1284 2426 lianc
1308 2387 1549 2426 mensam
1581 2371 1810 2439 adimus,
1838 2373 1905 2427 ab
1928 2373 2131 2427 irratio-

533 2464 799 2519 nubilibus
824 2465 970 2520 hisce
997 2466 1486 2534 perturbationibus
1505 2480 1610 2519 non
1639 2465 1967 2535 purgemus?
1991 2464 2128 2532 Quid

531 2567 712 2612 autem
741 2559 962 2612 omnino
992 2568 1073 2612 est
1103 2559 1270 2626 magis
1307 2558 1668 2613 necessarium
1687 2597 1702 2621 ,
1731 2572 1892 2626 quam
1922 2572 1984 2610 ea
2010 2573 2130 2627 qua:

532 2653 587 2707 in
618 2650 718 2704 hac
748 2666 932 2704 mensa
967 2651 1379 2719 proponuntur?
1403 2658 1496 2704 aut
1523 2648 1649 2718 quid
1690 2659 1842 2720 urget
1889 2663 1988 2702 nos
2009 2689 2025 2716 ,
2070 2657 2129 2704 ut

531 2741 894 2807 connitamur,
925 2741 1286 2810 spiritualibus
1317 2741 1478 2796 rebus
1503 2740 1707 2796 relictis
1731 2781 1747 2808 ,
1778 2740 1908 2795 illuc
1937 2755 2131 2810 prope-

531 2845 656 2885 rare
679 2830 734 2884 ‘1’
777 2830 854 2885 Ne
877 2872 893 2893 ,
926 2846 1056 2901 rogo
1081 2846 1176 2886 vos
1213 2842 1376 2902 atque
1400 2831 1658 2897 obtestor,
1705 2846 1773 2887 ne
1811 2831 2044 2886 divinam
2074 2831 2130 2886 in

533 2936 634 2977 nos
652 2921 784 2976 iram
806 2923 1170 2978 concitemus:
1195 2923 1640 2979 medicamentum
1656 2932 1738 2980 est
1763 2923 1815 2978 id
1836 2924 1977 2995 quod
2005 2939 2130 2994 pro-

531 3012 751 3081 ponitur
771 3014 1052 3068 vnlnerum
1084 3025 1392 3069 nostrorum
1417 3015 1649 3071 salutare
1668 3057 1682 3080 ,
1703 3015 1906 3070 divitiae
1931 3015 2131 3072 indesi-

537 3115 752 3168 nentes,
780 3121 900 3175 qua:
925 3107 1177 3161 ca-lorum
1209 3106 1367 3162 nobis
1395 3123 1614 3178 regnum
1654 3108 1963 3163 conciliant.
1993 3107 2128 3162 Cum

533 3195 760 3251 horrore
791 3198 966 3267 itaque
992 3197 1310 3253 accedamus
1328 3239 1344 3265 ,
1372 3199 1568 3268 gratias
1595 3213 1814 3270 agamus
1832 3240 1848 3264 ,
1876 3213 2128 3268 procum-

531 3287 722 3344 bamus
750 3288 1066 3345 conﬁtentes
1097 3300 1310 3359 peccata
1356 3300 1574 3356 nostra;
1604 3290 1962 3362 lacrymemur
1988 3289 2128 3344 mala

533 3391 718 3437 nostra
747 3384 1022 3453 lugentes;
1053 3385 1286 3440 intentas
1309 3399 1373 3439 ac
1398 3384 1575 3454 largas
1595 3399 1781 3453 preces
1809 3385 1918 3438 Deo
1939 3382 2129 3437 funda-

533 3487 654 3526 mus
685 3491 699 3527 :
724 3474 908 3542 sicque
947 3490 1047 3528 nos
1088 3475 1235 3543 ipsos
1273 3475 1624 3530 emundantes
1647 3515 1662 3540 ,
1693 3474 1850 3528 tacite
1872 3512 1886 3537 .
1915 3482 1971 3528 et
2005 3488 2129 3528 cum

535 3562 712 3618 debita
735 3564 993 3620 modestia
1017 3575 1284 3635 tamquam
1306 3566 1371 3620 ad
1391 3566 1642 3621 caelorum
1667 3579 1846 3634 regem
1869 3564 2129 3621 adeuntes

533 3655 898 3711 accedamus:
937 3668 1286 3730 sanctamque
1341 3659 1478 3714 hanc
1519 3665 1576 3714 et
1605 3658 1993 3713 immaculatam
2035 3659 2136 3713 hoc

599 3811 618 3842 ³
652 3817 782 3882 atss.,
805 3816 857 3861 ut
878 3810 1157 3876 festinemus
1189 3820 1254 3874 et,
1273 3812 1549 3878 spiritualta
1577 3812 1913 3879 relinquentes,
1938 3812 2006 3865 ad
2028 3825 2133 3864 cor-

529 3872 724 3934 poralia
754 3872 1085 3938 properemus.

1241 426 1298 483 S.
1335 420 1622 481 JOANNIS
1659 413 2151 476 CHRYSOSTOMI
2193 411 2512 468 ARCHIEP.
2557 400 3100 464 CONSTANTINOP.

3712 406 3819 463 562

2225 528 2380 584 stiam
2409 528 3158 598 recipientes,exosculemur,
3187 527 3358 583 oculis
3385 543 3502 582 eam
3525 529 3819 598 complexr,

2231 630 2569 689 mentemque
2602 629 2657 676 et
2694 622 2928 675 animum
2957 621 3335 685 incendamus,
3377 637 3445 676 ne
3475 623 3526 676 in
3555 622 3819 692 judicium

2229 722 2320 768 aut
2345 714 2740 767 damnationem
2767 715 3171 788 conveniamus,
3201 714 3296 769 sed
3322 715 3374 770 in
3402 717 3594 770 anima:
3624 727 3820 786 tempe-

2228 809 2476 871 rantiam,
2511 807 2561 860 in
2583 806 2946 871 dilectionem,
2975 808 3026 860 in
3056 808 3328 877 virtutem,
3360 819 3413 864 et
3441 826 3564 867 cum
3596 812 3706 865 Deo
3735 827 3821 867 re-

2229 898 2653 952 conciliationem
2676 940 2693 964 ,
2729 900 2781 952 in
2817 914 2999 968 pacem
3045 899 3253 954 ﬁrmam
3275 943 3288 965 ,
3313 918 3377 957 ac
3417 903 3560 956 mille
3587 903 3821 974 denique

2229 989 2488 1043 bonorum
2518 991 2850 1045 occasionem
2882 1008 2895 1042 :
2927 1003 2980 1044 ut
3011 1001 3066 1046 et
3096 1008 3190 1046 nos
3218 994 3361 1062 ipsos
3391 1004 3603 1048 sanctos
3627 996 3820 1049 redda-

2230 1099 2383 1148 mus,
2430 1095 2484 1138 et
2531 1085 2802 1152 proximos
2843 1085 3188 1139 mdiliremus.
3235 1088 3310 1142 De
3354 1087 3436 1141 his
3476 1088 3690 1142 assidue
3725 1105 3823 1142 vo-

2230 1173 2434 1226 biscum
2473 1190 2593 1242 ago,
2632 1191 2730 1228 nec
2767 1192 2923 1245 agere
2951 1177 3227 1232 desistam.
3271 1179 3400 1245 Qua:
3439 1180 3582 1232 enim
3621 1180 3825 1234 utilitas

2230 1267 2449 1320 omnino
2477 1277 2677 1322 temere
2701 1269 2802 1321 huc
2826 1284 3169 1336 concurrere,
3195 1272 3236 1324 si
3262 1271 3389 1324 nihil
3415 1272 3554 1339 quod
3578 1273 3708 1326 utile
3727 1273 3821 1338 sit,

2230 1359 2875 1425 addiscatis?Quudnam,
2903 1363 3148 1426 obsecro,
3173 1363 3377 1416 lucrum
3406 1364 3578 1427 all'ert,
3606 1380 3826 1436 semper

2230 1451 2295 1505 ad
2321 1454 2543 1521 gratiam
2572 1453 2721 1508 vobis
2743 1454 3090 1509 concienari?
3113 1455 3281 1510 Breve
3305 1471 3536 1524 praesens
3562 1457 3666 1512 hoc
3685 1468 3822 1512 tem-

2233 1559 2329 1612 pus
2355 1554 2467 1609 est,
2496 1561 2528 1599 ο
2553 1545 2732 1600 dilecti
2763 1563 2776 1599 :
2806 1547 2969 1600 sobrii
3000 1549 3186 1611 simus,
3218 1549 3516 1618 vigilemus,
3551 1565 3648 1604 nos
3673 1551 3820 1620 ipsos

2231 1650 2645 1704 componamus;
2665 1652 2825 1691 omne
2850 1638 3090 1693 benevoli
3115 1639 3278 1693 animi
3307 1640 3539 1693 studium
3563 1643 3614 1694 in
3632 1657 3821 1698 omnes

2233 1727 2438 1781 sincere
2465 1729 2840 1782 ostendamus:
2875 1730 2925 1783 in
2954 1731 3200 1784 omnibus
3231 1743 3536 1788 reverenter
3559 1750 3810 1804 agamus,

2233 1833 2326 1872 seu
2351 1818 2530 1873 divina
2549 1820 2710 1874 verba
2737 1821 2942 1883 audire,
2967 1822 3077 1875 sive
3102 1838 3277 1888 orare,
3310 1824 3423 1878 sive
3449 1825 3514 1877 ad
3549 1826 3638 1880 Dei
3665 1843 3823 1883 men-

2233 1925 2346 1966 sam
2373 1913 2648 1979 accedere,
2677 1914 2789 1969 sive
2813 1915 2954 1969 aliud
2982 1915 3108 1985 quid
3135 1916 3368 1988 denique
3399 1917 3698 1974 faciendum
3729 1922 3821 1986 sit,

2233 2017 2353 2057 cum
2379 2005 2569 2059 timore
2588 2021 2652 2060 ac
2676 2008 2938 2060 tremore‘
2962 2007 3012 2060 id
3042 2007 3130 2061 fiat
3160 2025 3173 2062 :
3203 2025 3270 2063 ne
3296 2009 3610 2079 negligentia
3643 2021 3825 2066 nostra

2234 2093 2662 2150 maledictionem
2707 2097 2862 2152 nobis
2897 2112 3254 2153 accersamus.
3303 2099 3608 2156 Maledictns
3647 2103 3779 2157 enim
3807 2147 3824 2170 ,

2234 2185 2404 2256 inquit
2430 2187 2713 2256 propheta,
2735 2189 2918 2256 omnis,
2941 2190 3028 2259 qui
3052 2191 3174 2262 facit
3196 2207 3324 2260 opus
3345 2190 3551 2245 Domini
3571 2195 3829 2265 negligen-

2235 2285 2309 2329 ter
2332 2276 2474 2346 (Jer.
2501 2277 2589 2331 48.
2615 2278 2741 2349 10).
2769 2279 3130 2334 Tumultuatio
3150 2282 3292 2336 enim
3324 2291 3378 2337 et
3401 2283 3672 2338 iracundia
3701 2288 3722 2318 ²
3747 2287 3828 2341 ef-

2235 2365 2414 2421 ficitur
2437 2369 2759 2423 contumelia
2802 2369 2854 2424 in
2890 2369 3116 2424 hostiam
3149 2388 3267 2441 qua:
3297 2374 3631 2442 proponitur.
3664 2376 3828 2432 Certe

2234 2471 2474 2516 extrema
2492 2464 2818 2532 contemptio
2837 2472 2940 2528 est,
2961 2465 3380 2519 contaminatum
3397 2482 3456 2521 se
3471 2466 3664 2524 olferre
3682 2469 3791 2525 Deo
3810 2487 3828 2525 :

2237 2565 2357 2603 nam
2407 2551 2531 2605 audi
2577 2552 2702 2621 quid
2746 2551 2814 2607 de
2857 2553 3049 2608 talibus
3096 2553 3239 2609 dicat
3279 2555 3592 2626 apostolus:
3625 2557 3688 2612 Si
3715 2559 3832 2628 quis

2234 2643 2478 2712 templum
2499 2642 2597 2697 Dei
2624 2655 2934 2716 corrumpat,
2957 2644 3210 2716 disperdet
3239 2645 3385 2701 illuni
3409 2645 3547 2702 Deus
3576 2647 3596 2715 (
3624 2648 3670 2702 1.
3699 2647 3826 2704 Cor.

2234 2735 2288 2791 5.
2317 2737 2383 2790 17
2403 2738 2442 2808 ).
2471 2735 2551 2792 Ne
2576 2752 2704 2807 ergo
2731 2752 2828 2807 pro
2847 2752 2914 2793 eo
2931 2739 3074 2808 quod
3106 2739 3273 2794 Deum
3303 2739 3455 2795 nobis
3479 2742 3829 2799 reconciliare

2233 2829 2559 2887 debebamus
2581 2872 2598 2898 ,
2640 2847 2762 2886 eum
2805 2833 2859 2888 in
2895 2848 2993 2887 nos
3021 2832 3291 2888 irritemus
3315 2851 3329 2887 :
3359 2833 3452 2888 sed
3482 2849 3695 2889 omnem
3725 2850 3828 2890 cu-

2236 2936 2374 2987 ram,
2397 2923 2736 2990 munditiem,
2760 2924 3058 2995 animreque
3078 2925 3512 2996 tranquillitatem
3534 2941 3644 2995 pra:
3671 2926 3832 2983 nobis

2235 3014 2488 3083 ferentes,
2516 3031 2638 3070 cum
2668 3016 2913 3086 precibus
2935 3028 2989 3072 et
3017 3016 3180 3072 corde
3203 3017 3435 3072 contrito
3481 3017 3821 3073 accedamus.

2234 3105 2306 3162 Ut
2334 3106 2435 3161 hoc
2461 3117 2614 3176 pacto
2644 3108 2925 3162 Dominum
2955 3119 3196 3163 nostrum
3225 3108 3407 3165 lesum
3426 3107 3693 3165 Christum
3722 3125 3823 3166 no-

2235 3199 2320 3254 bis
2338 3199 2625 3270 propitium
2645 3200 2951 3265 reddentes,
2973 3201 3237 3271 promissa
3261 3201 3414 3257 nobis
3431 3202 3565 3257 bona
3585 3201 3832 3259 obtinent

2237 3289 2541 3360 possimus,
2579 3291 2747 3360 gratia
2775 3300 2831 3346 et
2871 3292 3197 3363 benignitate
3239 3293 3446 3348 Domini
3487 3297 3652 3349 nostri
3696 3294 3830 3350 Jesu

2235 3379 2454 3448 Christi,
2478 3397 2601 3436 cum
2626 3397 2733 3453 quo
2757 3381 2900 3438 Patri
2925 3399 3029 3438 una
3051 3399 3171 3439 cum
3197 3394 3382 3440 sancto
3405 3385 3605 3455 Spiritu
3633 3387 3825 3456 gloria,

2235 3481 2473 3540 potestas
2497 3513 2513 3537 ,
2541 3473 2735 3542 honor,
2763 3489 2906 3532 nunc
2929 3484 2984 3532 et
3011 3491 3245 3548 semper,
3269 3479 3404 3534 etin
3429 3479 3620 3534 saecula
3651 3493 3829 3535 saecu-

2237 3569 2432 3626 lorum.
2459 3568 2654 3626 Amen.

2301 3809 2318 3876 ξ
2353 3807 2466 3876 alii,
2483 3820 2594 3876 cum
2610 3805 2785 3876 _timore
2805 3812 2853 3858 et
2873 3803 3085 3876 judicio.
3221 3863 3253 3876 η

2297 3871 2319 3902 ³
2353 3865 2488 3931 Editi,
2504 3875 2552 3919 et
2573 3867 2790 3932 clamor;
2810 3865 2935 3931 Mss»,
2962 3871 3007 3919 et
3022 3865 3300 3918 iracundia.

579 4015 3752 4068 Μ

828 4323 840 4362 l

795 4396 829 4411 Α

1079 4272 1162 4334 ΙΝ
1205 4269 1623 4335 HOMILIAM
1663 4270 1772 4330 DE
1807 4265 2213 4329 BAPTISMO
2256 4263 2576 4330 CHRISTI
2613 4266 2719 4328 ET
2752 4265 2863 4326 DE
2893 4258 3328 4326 EPIPHANIA

648 4545 802 4602 Hane
827 4544 1107 4600 homiliam
1127 4543 1318 4614 paucis
1345 4542 1546 4612 elapsis
1577 4548 1703 4613 post
1733 4540 2123 4610 praecedentem
2165 4539 2234 4594 de
2261 4537 2441 4594 Natali
2475 4535 2682 4592 Christi
2707 4534 2920 4598 diebus,
2953 4533 3216 4589 nimirum
3267 4533 3321 4588 in
3379 4531 3468 4586 die
3495 4530 3817 4600 Epiphaniae

577 4642 706 4695 anni
731 4641 833 4695 587
869 4640 1112 4694 habitam
1149 4637 1342 4703 fuisse,
1378 4636 1624 4706 quaedam
1654 4637 1884 4691 suadere
1913 4635 2186 4688 videntur.
2220 4631 2356 4687 Nam
2389 4629 2535 4700 quod
2573 4627 2708 4683 dicit
2739 4626 2879 4681 infra
2905 4641 3136 4681 numero
3165 4633 3362 4695 quarto
3390 4643 3403 4678 :
3443 4622 3569 4677 Scio
3614 4622 3725 4690 fore
3759 4630 3823 4676 at

491 4749 494 4752 ‘
576 4733 956 4806 quamplurimi
980 4731 1121 4799 apud
1161 4746 1254 4784 nos
1296 4747 1360 4784 ea:
1395 4730 1517 4798 festi
1545 4728 1918 4783 consuetudine
1949 4727 2017 4779 ad
2042 4742 2253 4780 sacram
2291 4725 2428 4778 hanc
2467 4737 2702 4776 mensam
2747 4727 3032 4773 occurrant
3059 4735 3077 4772 :
3110 4734 3241 4806 sane
3283 4717 3493 4789 quidem
3535 4717 3822 4785 expediret.

582 4805 640 4883 id
666 4826 805 4898 quod
835 4826 970 4880 alias
997 4840 1135 4894 sa'pe
1167 4822 1340 4876 dicere
1369 4821 1633 4889 praeverti,
1662 4820 1738 4882 ὡς
1766 4819 1860 4871 nat
1892 4816 2125 4870 πολλάκιι

2232 4815 2338 4886 ιθην
2363 4812 2554 4878 εἰπών,
2591 4819 2648 4864 ut
2673 4811 2809 4880 festa
2837 4823 3164 4878 nequaquam
3189 4805 3590 4863 observarentur
3611 4808 3822 4878 quando

577 4925 968 4980 communicare
1001 4936 1130 4989 opus
1163 4927 1319 4981 esset,
1360 4918 1451 4977 sed
1473 4925 1530 4970 ut
1555 4914 1876 4970 conscientia
1906 4913 2277 4976 mundaretur,
2304 4918 2434 4974 etc.,
2459 4906 2588 4961 illud
2610 4906 2790 4976 ipsum
2818 4915 2981 4972 porro
3005 4901 3216 4955 dixerat
3243 4899 3432 4967 paucis
3457 4908 3583 4954 ante
3611 4899 3822 4963 diebus,

579 5017 840 5071 nimirum
868 5017 922 5068 in
955 5014 1092 5068 festo
1131 5009 1190 5064 S.
1220 5006 1548 5079 Philogonii,
1579 5022 1650 5060 xx
1681 5002 1996 5059 Decembris
2016 5003 2145 5057 anni
2173 5000 2301 5062 5'36,
2333 5014 2486 5054 num.
2523 4997 2598 5051 24
2625 5015 2640 5052 :
2686 4994 2842 5049 Nunc
2871 5002 3049 5048 autem
3075 4992 3231 5045 multi
3261 4991 3505 5060 ﬁdelium
3537 4992 3592 5045 in
3621 4999 3827 5044 tantam

575 5111 874 5166 vecordiam
907 5118 1212 5175 tantumque
1235 5119 1413 5160 venere
1448 5110 1824 5170 contemptum,
1855 5107 1915 5153 ut
1937 5114 2057 5152 cum
2077 5097 2370 5152 innumeris
2399 5102 2637 5149 scateant
2667 5091 2846 5154 malis,
2880 5089 3185 5154 nullamque
3214 5084 3335 5138 vita:
3360 5099 3472 5138 sua:
3515 5098 3701 5136 curam
3731 5085 3830 5133 Im-

574 5203 757 5268 beant,
792 5205 849 5256 in
877 5202 1060 5256 diebus
1089 5201 1236 5271 festis
1273 5198 1589 5270 negligenter
1615 5214 1678 5251 ac
1715 5205 1907 5251 temere
1959 5195 2030 5249 ad
2095 5210 2328 5249 mensam
2361 5193 2496 5246 Itane
2544 5189 2817 5254 accedant,
2869 5193 2976 5240 etc.
3013 5182 3072 5238 lu
3107 5183 3214 5238 hoc
3268 5183 3398 5237 item
3449 5180 3522 5234 De
3569 5180 3827 5248 baptismo

581 5298 783 5355 Christi
814 5310 1088 5360 sermone,
1119 5295 1309 5350 eodem
1345 5308 1574 5349 numero
1602 5302 1797 5363 quarto
1827 5291 1908 5347 sic
1928 5291 2124 5346 habet:
2150 5288 2435 5354 Quodnam
2472 5287 2638 5356 igitur
2670 5283 2807 5338 illud
2837 5287 3108 5350 peccatum
3126 5276 3252 5331 est?
3282 5273 3421 5345 quod
3444 5288 3564 5327 cum
3609 5282 3830 5327 tremore

581 5411 685 5449 non
721 5394 1055 5460 accedamus,
1092 5392 1182 5446 sed
1227 5385 1462 5444 calcibus
1512 5384 1838 5452 impetentes,
1885 5381 2248 5451 percutientes,
2299 5380 2386 5432 ira
2425 5385 2709 5445 turgentes,
2756 5373 3070 5433 clamantes,
3117 5367 3466 5423 conviciantes
3507 5365 3829 5460 proximum,

525 5535 530 5540 .
583 5488 855 5544 trudentes
885 5501 903 5538 :
924 5456 1103 5540 luceret
1127 5498 1264 5550 ηερε
1293 5479 1432 5543 dixi,
1459 5486 1508 5532 et
1532 5479 1705 5532 dicere
1727 5491 1831 5530 non
1859 5473 2095 5530 cessabo.
2123 5473 2182 5528 In
2211 5470 2464 5527 oratione
2490 5477 2670 5526 autem
2699 5467 2768 5522 de
2792 5464 2967 5520 Natali
2992 5461 3196 5518 Christi
3225 5460 3478 5518 similiter
3501 5471 3731 5512 numero
3753 5456 3784 5510 7
3812 5472 3829 5510 :

585 5577 658 5632 Et
684 5578 755 5633 ad
775 5558 914 5650 quod
937 5591 1100 5646 nuper
1132 5575 1151 5647 (
1177 5573 1386 5631 scilicet
1407 5572 1464 5628 in
1495 5571 1636 5628 festo
1663 5569 1722 5626 S.
1749 5567 2096 5640 Philogonii)
2136 5583 2224 5622 vos
2252 5565 2560 5621 cohortatus
2592 5579 2709 5620 sum
2728 5602 2742 5627 ,
2771 5561 2841 5615 ad
2869 5561 2924 5613 id
2970 5559 3158 5654 etiam-
3187 5574 3347 5654 nunc
3369 5564 3420 5654 et
3471 5557 3524 5610 in
3564 5562 3833 5654 posterum

525 5705 530 5710 ο
583 5643 901 5740 εεηιῃει·ἰιοε
928 5643 1198 5726 coliortari
1221 5684 1323 5724 non
1359 5667 1635 5724 desistam.
1673 5663 2122 5731 Quidnam/tor?
2169 5661 2303 5720 Cum
2340 5659 2605 5716 necessari
2630 5658 2751 5714 estis
2817 5656 2886 5710 ad
2927 5650 3250 5710 tremendam
3290 5648 3623 5708 divinumque
3678 5643 3833 5697 illam
