4100 6420
345 451 450 511 561

344 571 565 626 ποιοῦσι
603 570 702 641 τὴν
755 570 976 624 κόλασιν
1029 570 1123 625 καὶ
1158 571 1256 642 τὴν
1288 568 1581 641 τιμωρίαν.
1621 569 1928 638 Ἐννόησον,

342 649 393 709 ὦ
429 653 708 726 ἄνθρωπε,
759 653 920 717 ποίας
975 653 1190 725 μέλλεις
1239 652 1509 706 ἅπτεσθαι
1559 651 1770 715 θυσίας,
1804 650 1935 723 ποίᾳ

343 738 747 811 προσέρχεσθαι
802 739 1074 810 τραπέζῃ·
1105 737 1441 810 ἐνθυμήθητι
1489 737 1583 791 καὶ
1613 738 1695 790 ὅτι
1735 737 1805 808 γῆ
1858 735 1933 789 ὣν

342 824 441 878 καὶ
464 822 676 887 σποδὸς,
709 820 849 894 αἷμα
883 823 974 876 καὶ
1008 824 1167 893 σῶμα
1197 822 1437 895 Χριστοῦ
1473 821 1930 893 μεταλαμϐάνεις.

342 909 459 963 Καὶ
486 907 750 979 βασιλέως
778 907 876 978 μὲν
903 909 983 970 είς
1020 907 1255 977 εὐωχίαν
1285 906 1577 969 καλοῦντος
1599 906 1764 976 ὑμᾶς,
1798 904 1935 974 μετά

346 993 513 1061 φόϐου
540 990 910 1053 άίνακλίνεσθε,
935 991 1028 1043 καὶ
1052 991 1159 1043 τῶν
1188 990 1567 1062 προκειμένων
1592 989 1729 1060 μετά
1751 988 1934 1053 αίδοῦς

346 1079 444 1132 καὶ
469 1077 699 1149 ἡσυχίας
730 1074 1175 1146 μεταλαμϐάνετε
1207 1076 1540 1144 ἐδεσμάτων·
1572 1071 1667 1126 τοῦ
1710 1072 1847 1126 Θεοῦ
1878 1074 1935 1127 δὲ

345 1161 640 1223 καλοῦντος
676 1157 769 1211 ἐπὶ
793 1158 893 1227 τὴν
924 1157 1119 1211 ἑαυτοῦ
1148 1157 1448 1228 τράπεζαν,
1481 1156 1574 1210 καὶ
1604 1157 1698 1209 τὸν
1738 1155 1933 1211 ἑαυτοῦ

345 1242 694 1315 προτιθέντος
727 1242 872 1303 Υἱὸν,
899 1240 1208 1309 άγγελικῶν
1255 1240 1540 1310 δυνάμεων
1594 1237 1936 1311 παρισταμέ-

346 1344 457 1379 νων
491 1324 629 1394 μετὰ
669 1324 834 1392 φόϐου
866 1324 959 1376 καὶ
1005 1323 1230 1394 τρόμου.
1264 1324 1359 1376 καὶ
1388 1322 1495 1375 τῶν
1522 1323 1803 1393 Χερουϐὶμ
1832 1339 1935 1376 κα-

344 1409 799 1465 τακαλυπτόντων
819 1408 887 1459 τὰ
909 1407 1196 1478 πρόσωπα,
1220 1406 1328 1459 τῶν
1351 1406 1414 1458 Σε
1425 1407 1599 1477 ραφὶμ
1626 1405 1936 1477 κραζόντων

346 1496 555 1567 τρόμῳ,
603 1496 810 1562 Ἀγιος,
842 1490 1014 1559 ἅγιος,
1052 1490 1210 1559 ἅγιος
1231 1489 1453 1561 Κύριος·
1486 1490 1550 1541 σὺ
1583 1490 1827 1560 κράζεις,
1856 1489 1937 1542 εί-

348 1579 419 1631 πέ
456 1594 567 1648 μοι,
609 1577 703 1630 καὶ
752 1574 955 1645 θορυϐῇ
1006 1575 1145 1645 πρὸς
1187 1572 1281 1643 τὴν
1315 1575 1695 1642 πνευματικὴν
1732 1572 1937 1645 ταύτην

348 1662 625 1726 ἑστίασιν;
665 1658 779 1711 Οὐκ
827 1654 996 1721 οἶδας,
1053 1658 1138 1710 ὅτι
1190 1656 1433 1727 γαλήνης
1480 1656 1560 1708 δεῖ
1600 1656 1793 1724 γέμειν
1838 1656 1936 1727 τὴν

346 1746 528 1816 ψυχὴν
557 1744 678 1796 κατ’
712 1744 919 1795 ἐκεῖνον
944 1741 1036 1793 τὸν
1070 1742 1296 1812 καιρόν;
1327 1741 1562 1811 Εἰρήνης
1594 1739 1794 1811 πολλῆς
1842 1740 1937 1793 καί¹

347 1829 581 1902 ἡσυχίας
617 1826 794 1898 χρεία,
815 1825 937 1894 οὐχὶ
964 1823 1195 1895 θορύϐου
1230 1824 1324 1877 καὶ
1346 1821 1522 1893 θυμοῦ
1552 1824 1645 1876 καὶ
1664 1823 1934 1894 ταραχῆς·

349 1913 523 1969 ταῦτα
544 1910 655 1981 γὰρ
680 1908 990 1979 ἀκάθαρτον
1039 1910 1185 1961 ποιεῖ
1232 1908 1333 1971 τὴν
1372 1906 1706 1981 προσιοῦσαν
1734 1907 1934 1977 ψυχήν.

349 1996 447 2065 Τις
482 1992 577 2051 οὖν
609 1995 675 2050 ἂν
699 1994 910 2065 γένοιτο
938 1993 1070 2062 ἡμῖν
1099 1990 1423 2063 συγγνώμη,
1455 1993 1506 2044 εἰ
1539 1992 1675 2063 μετὰ
1698 1991 1937 2047 τοσαῦτα

347 2080 723 2154 ἁμαρτήματα
755 2076 891 2148 μηδὲ
931 2075 1022 2129 τὸν
1056 2075 1246 2146 καιρὸν
1272 2075 1372 2146 τῆς
1403 2074 1815 2147 προσελεύσεως
1838 2091 1938 2128 κα-

349 2164 655 2239 θαρεύομεν
682 2161 792 2216 τῶν
823 2160 1034 2230 ἀλόγων
1078 2159 1268 2214 παθῶν
1319 2159 1574 2225 ἐκείνωνς
1621 2159 1687 2212 Τί
1718 2158 1775 2213 δὲ
1798 2158 1936 2225 ὅλως

347 2248 778 2321 ἀναγκαιότερον
805 2245 912 2299 τῶν
953 2245 1360 2317 προκειμένων;
1385 2243 1418 2315 ἧ
1446 2243 1500 2297 τί
1529 2245 1675 2314 ἡμᾶς
1691 2243 1933 2315 θορυϐεῖ,

350 2333 440 2390 ῐνα
470 2330 884 2400 σπουδάσωμεν.
913 2327 1072 2381 τοῦτο
1087 2326 1498 2391 καταλιπόντες,
1516 2329 1634 2381 ἐκεῖ
1647 2328 1862 2399 τρέχειν
1883 2340 1933 2393 I;

349 2417 466 2488 Μὴ,
500 2415 692 2486 δέομαι
733 2413 828 2467 καὶ
862 2410 1150 2476 ἀντιϐολῶ,
1183 2409 1259 2482 μὴ
1298 2411 1608 2482 κινήσωμεν
1642 2409 1740 2481 τὴν
1764 2408 1935 2483 ὀργὴν

346 2499 444 2554 τοῦ
460 2496 597 2553 Θεοῦ
632 2495 755 2551 καθ’
786 2494 1016 2549 ἑαυτῶν.
1046 2493 1342 2566 Φάρμακόν
1366 2495 1482 2547 ἐστι
1511 2496 1778 2564 σωτήριον
1824 2492 1935 2547 τῶν

349 2583 636 2655 ἡμετέρων
667 2580 997 2653 τραυμάτων
1023 2578 1083 2633 τὺ
1112 2578 1490 2651 προκείμενον,
1525 2577 1756 2641 πλοῦτός
1789 2580 1935 2633 ἐστιν

348 2665 667 2737 ἀνελλιπὴς,
701 2663 981 2735 βασιλείας
1024 2661 1270 2733 οὐρανῶν
1334 2661 1604 2733 πρόξενος.
1650 2660 1935 2733 Φρίξωμεν

347 2749 531 2803 τοίνυν
560 2748 901 2819 προσιόντες,
946 2747 1455 2817 εὐχαριστήσωμεν,
1508 2743 1933 2815 προσπέσωμεν,

350 2830 832 2903 ἑξομολογούμενοι
864 2828 934 2883 τὰ
956 2828 1271 2898 πταίσματα
1286 2827 1463 2899 ἡμῶν.
1488 2826 1847 2898 δακρύσωμεν
1865 2828 1936 2882 τά

348 2918 530 2971 οἰκεῖα
562 2913 886 2976 πενθοῦντες
939 2913 1107 2976 κακά,
1156 2912 1396 2974 ἐκτενεῖς
1439 2911 1607 2982 εὐχὰς
1645 2911 1936 2983 ἀποδῶμεν

349 2998 431 3072 τῷ
469 2998 608 3071 Θεῷ·
654 2999 750 3052 καὶ
800 2996 943 3051 οὕτω
992 2995 1422 3069 διακαθάραντες
1457 2996 1684 3059 ἑαυτοὺς
1726 2998 1933 3067 ἠρέμα,

349 3086 443 3139 καὶ
484 3084 621 3155 μετά
644 3082 744 3154 τῆς
774 3080 1158 3154 προσηκούσης
1202 3078 1475 3144 εὐταξίας,
1514 3079 1590 3142 ὼς
1616 3078 1696 3150 τῷ
1726 3078 1937 3150 βασιλεῖ

353 3166 671 3238 προσιόντες
689 3166 797 3221 τῶν
819 3165 1087 3237 οὐρανῶν,
1119 3163 1262 3218 οὕτω
1292 3162 1701 3236 προσέλθωμεν·
1731 3163 1826 3218 καὶ
1851 3163 1937 3217 δε-

355 3248 577 3321 ξάμενοι
599 3251 698 3320 τὴν
720 3250 949 3321 ἄμωμον
995 3249 1091 3302 καὶ
1125 3248 1284 3317 ἁγίαν
1325 3247 1515 3302 θυσίαν
1554 3247 1940 3321 καταφιλήσω-

420 3357 447 3387 ⁸
470 3355 582 3419 H83.
603 3355 682 3403 ἵνα
696 3354 1058 3419 σπουδάζωμεν,
1081 3356 1164 3405 καὶ
1184 3355 1245 3404 τὰ
1270 3354 1565 3419 πνευματικὰ
1581 3354 1939 3418 καταλιπόντες,

351 3419 417 3475 εἰς
438 3417 499 3466 τὰ
523 3417 728 3481 σαρκικὰ
748 3416 1043 3480 σπεύδωμεν.

1322 456 1409 511 DE
1450 458 1790 513 BAPTISMO
1834 458 2132 515 CHRISTI.
2171 484 2244 497 -—
2286 462 2624 521 “ONITUM.

3514 460 3623 517 563

2036 586 2156 639 μεν,
2184 573 2295 634 τοῖς
2318 570 2617 640 ὀφθαλμοῖς
2656 573 3139 646 περιπτυξώμεθα,
3172 573 3623 645 διαθερμάνωμεν

2032 653 2243 708 ἑαυτῶν
2285 655 2383 727 τὴν
2418 656 2681 721 διάνοιαν,
2715 657 2800 711 ἵνα
2832 658 2906 731 μὴ
2934 661 3015 723 είς
3067 663 3244 730 κρῖμα
3277 659 3312 730 ἢ
3344 660 3423 723 εἰς
3454 659 3624 714 κατά-

2033 753 2210 808 κριμα
2242 739 2651 810 συνερχώμεθα,
2688 740 2801 795 ἀλλ’
2831 744 2911 806 εἰς
2936 743 3290 815 σωφροσύνην
3315 742 3514 813 ψυχῆς,
3540 746 3625 806 εἰς

2031 821 2275 892 ἀγάπην,
2313 825 2395 887 είς
2433 824 2658 895 ἀρετὴν,
2699 826 2796 880 καὶ
2829 828 3177 898 καταλλαγὴν
3216 828 3316 899 τὴν
3361 826 3497 899 πρὸς
3533 828 3625 884 τὸν

2032 904 2187 968 Θεὸν,
2215 908 2295 970 εἰς
2334 907 2557 978 εἰρήνην
2582 907 2827 978 βεϐαίαν,
2868 912 2961 964 καὶ
3002 912 3212 982 μυρίων
3241 909 3462 979 ἀγαθῶν
3494 909 3628 961 ὑπό-

2034 988 2204 1052 θεσιν,
2238 990 2325 1044 ἵνα
2346 990 2442 1044 καὶ
2471 992 2698 1055 ἑαυτοὺς
2740 993 3080 1064 ἀγιάσωμεν,
3124 995 3367 1056 καὶτοὺς
3394 992 3625 1063 πλησίον

2033 1073 2500 1144 οίκοδομήσωμεν.
2534 1074 2721 1129 Ταῦτα
2747 1077 2984 1146 συνεχῶς
3017 1077 3182 1145 λέγω.
3222 1078 3315 1129 καὶ
3345 1076 3519 1143 λέγων
3558 1075 3620 1129 οὐ

2033 1155 2335 1227 παύσομαι.
2388 1157 2454 1209 Τί
2489 1156 2597 1228 γὰρ
2636 1158 2849 1227 ὄφελος,
2888 1160 3074 1223 ἁπλῶς
3109 1163 3204 1214 καὶ
3237 1161 3358 1231 είκῆ
3408 1160 3626 1231 τρέχειν

2035 1238 2290 1296 ἐνταῦθα,
2314 1240 2481 1309 μηέὲν
2499 1241 2611 1292 τῶν
2634 1242 2924 1313 χρησίμων
2958 1242 3360 1313 μανθάνοντας;
3389 1244 3539 1294 ποῖον
3568 1240 3626 1293 δὲ

2036 1323 2248 1394 κέρδος,
2285 1325 2372 1377 ἀεὶ
2392 1324 2461 1377 τὰ
2502 1325 2640 1396 πρὸς
2662 1325 2820 1397 χάριν
2846 1327 3054 1397 ὁμιλεῖν
3076 1343 3091 1391 ;
3117 1327 3334 1397 Βραχξις
3372 1328 3400 1379 ὁ
3436 1325 3627 1397 παρὼν

2036 1409 2249 1479 καιρὸς,
2290 1408 2585 1478 ἀγαπητοί·
2637 1410 2920 1480 νήψωμεν,
2974 1414 3432 1482 γρηγορήσωμεν,
3495 1425 3629 1477 συγ-

2037 1493 2397 1561 κρατήσωμεν
2445 1492 2693 1558 ἑαυτοὺς,
2738 1494 2922 1547 πᾶσαν
2969 1493 3202 1564 σπουδὴν
3255 1493 3383 1563 περὶ
3421 1493 3629 1555 πάντας

2036 1574 2270 1644 γνησίαν
2297 1573 2717 1645 ὲπιδειξὼμεθα,
2760 1580 2893 1648 περὶ
2931 1578 3109 1631 πάντα
3140 1574 3425 1646 γενώμεθα
3472 1576 3630 1628 εὐλαο

2038 1656 2173 1721 ϐεῖς·
2210 1658 2316 1712 κᾶν
2347 1658 2655 1729 ἀκροᾶσθαι
2678 1659 2788 1713 δέοι
2823 1661 2928 1714 τῶν
2950 1661 3111 1714 θείων
3153 1660 3373 1728 λογίων,
3401 1660 3507 1713 κᾶν
3536 1658 3631 1712 εὕ-

2037 1744 2250 1815 χεσθαι,
2290 1743 2394 1796 κᾶν
2450 1744 2757 1815 προσιέναι,
2792 1743 2895 1797 κᾶν
2924 1744 3111 1814 ἕτερόν
3157 1761 3210 1796 τι
3260 1747 3458 1806 ποιεῖν,
3493 1744 3635 1813 μετά

2041 1825 2209 1896 φόϐου
2241 1826 2336 1880 καὶ
2364 1827 2571 1898 τρόμου
2605 1826 2765 1880 τοῦτο
2797 1827 3033 1896 γινέσθω
3079 1826 3128 1890 ι»,
3159 1828 3250 1882 ἴνα
3288 1827 3362 1898 μὴ
3386 1826 3635 1897 κατάραν

2040 1910 2479 1985 ἑπισπασὼμεθα
2525 1910 2614 1963 διά
2668 1911 2772 1982 τῆς
2820 1910 3117 1982 ῥᾳθυμίας.
3166 1908 3634 1979 Ἐπικατάρατος

2038 1994 2170 2064 γάρ,
2201 1994 2353 2065 φησὶ,
2386 1993 2505 2060 πᾶς
2529 1996 2562 2048 ό
2602 1994 2790 2048 ποιῶν
2812 1995 2879 2048 τὸ
2908 1996 3087 2064 ἔργον
3112 1994 3220 2049 τοῦ
3243 1996 3465 2061 Κυρίου
3491 1993 3634 2061 ἀμε-

2035 2078 2179 2145 λῶς.
2218 2078 2275 2132 '0
2309 2076 2540 2149 θόρυϐος
2566 2079 2661 2132 καὶ
2687 2080 2720 2150 ἡ
2767 2078 2905 2149 ὀργὴ
2938 2089 2961 2117 ο
2992 2077 3151 2151 ὕϐρις
3175 2080 3257 2141 είς
3284 2078 3383 2147 τὴν
3406 2092 3634 2147 προκει-

2040 2163 2211 2235 μένην
2234 2161 2428 2215 θυσίαν
2457 2161 2687 2229 γίνεται.
2725 2161 3149 2232 Καταφρόνησις
3188 2160 3413 2230 ἐσχάτη,
3456 2175 3631 2230 μεμο-

2038 2245 2307 2317 λυσμένον
2515 2244 2710 2297 ἑαυτὸν
2748 2245 3116 2317 προσενέγκαι
3151 2243 3229 2314 τῷ
3258 2241 3397 2312 Θεῷ.
3431 2244 3633 2295 ’Δκου-

2038 2346 2130 2383 σον
2168 2328 2223 2382 τί
2256 2327 2385 2399 περὶ
2407 2327 2518 2380 τῶν
2542 2326 2802 2380 τοιούτων
2822 2328 2989 2399 φησὶν
3011 2329 3040 2381 ό
3077 2326 3425 2389 Ἀπόστολοςο,
3448 2324 3520 2376 ΕΖ
3541 2340 3635 2392 τις

2034 2413 2144 2468 τὸν
2165 2411 2318 2466 ναὸν
2342 2410 2451 2465 τοῦ
2485 2412 2634 2466 Θεοῦ
2659 2413 2905 2481 φθείρει,
2935 2412 3143 2482 φθερεῖ
3158 2410 3374 2465 τοῦτον
3405 2411 3439 2463 ό
3462 2409 3630 2475 Cede.

2036 2497 2129 2570 Μὴ
2155 2497 2335 2549 τοίνυν
2364 2494 2486 2549 ἀντὶ
2518 2496 2868 2567 καταλλαγῆς
2908 2495 3303 2567 παροξύνωμεν
3327 2492 3420 2546 τὸν
3473 2491 3632 2554 Θεὸν,

2035 2579 2173 2635 ἀλλὰ
2225 2580 2406 2633 πᾶσαν
2452 2578 2772 2649 ἐπιμέλειαν
2809 2580 2907 2633 καὶ
2950 2579 3132 2633 πάντα
3170 2579 3377 2648 κόσμον
3423 2575 3634 2629 ἐπιδει-

2037 2662 2318 2735 κνύμενοι,
2345 2662 2440 2716 καὶ
2478 2662 2785 2734 ἀταραξίαν
2817 2663 3017 2734 ψυχῆς,
3054 2663 3169 2734 μετ’
3191 2663 3358 2735 εὺχῆς
3385 2663 3481 2717 καὶ
3512 2676 3637 2716 συν-

2034 2746 2407 2817 τετριμμένης
2431 2744 2667 2816 καρδίας
2698 2747 3036 2816 προσίωμεν,
3056 2745 3142 2799 ῖνα
3166 2747 3262 2799 καὶ
3278 2745 3428 2818 αὐτῷ
3456 2745 3635 2816 τούτῳ

2035 2829 2129 2884 τὸν
2161 2829 2444 2900 Δεσπότην
2476 2827 2638 2899 ἡμῶν
2669 2828 2882 2900 Ἰησοῦν
2923 2830 3160 2901 Χριστὸν
3185 2828 3630 2900 έξιλεωσάμενοι,

2036 2913 2247 2985 δυνηθῶ
2254 2931 2353 2984 μεν
2374 2914 2651 2978 ἐπιτυχεῖν
2675 2913 2787 2965 τῶν
2804 2913 3231 2982 ἐπηγγελμένων
3243 2915 3375 2985 ἡμῖν
3388 2912 3633 2984 ἀγαθῶν,

2037 2996 2219 3068 χάριτι
2248 2995 2342 3048 καὶ
2366 2994 2750 3066 φιλανθρωπίᾳ
2775 2996 2941 3049 αὑτοῦ
2975 2994 3073 3049 τοῦ
3099 2996 3304 3067 Κυρίου
3339 2997 3498 3067 ἡμῶν
3523 2997 3634 3067 ’ῐη-

2044 3078 2138 3133 σοῦ
2160 3077 2422 3150 Χριστοῦ,
2467 3078 2585 3148 μεθ’
2606 3072 2668 3132 οὗ
2704 3077 2785 3149 τῷ
2808 3078 3004 3150 Πατρὶ,
3037 3077 3155 3149 ἅμα
3174 3078 3254 3151 τῷ
3281 3080 3423 3151 ἁγίῳ
3458 3082 3630 3135 "vsa-

2046 3183 2197 3239 ματι,
2232 3166 2381 3232 δόξα,
2414 3166 2638 3238 κράτος,
2679 3166 2837 3238 τιμὴ,
2869 3166 2965 3222 νῦν
2987 3167 3083 3220 καὶ
3128 3166 3236 3234 ἀεὶ,
3270 3168 3365 3222 καὶ
3396 3169 3474 3232 είς
3504 3170 3631 3233 τοὺς

2043 3250 2248 3315 αίῶνας
2268 3249 2376 3304 τῶν
2410 3249 2646 3303 αἰώνων.
2686 3250 2880 3322 Ἀμήν.

2108 3357 2139 3400 δ
2162 3356 2262 3421 Alli
2287 3356 2443 3421 φόϐου
2458 3355 2539 3404 καὶ
2563 3355 2865 3421 διακρίσεως
2884 3356 3102 3421 γινέσθω.

2112 3422 2137 3451 ⁸
2159 3418 2397 3471 Εάίιὶκαὶ
2422 3420 2454 3477 ἡ
2476 3419 2680 3481 κραυγή,
2700 3418 2831 3468 11158.
2856 3419 2939 3467 καὶ
2961 3420 2993 3475 ἡ
3019 3418 3156 3481 ὀργή.

361 4027 3607 4090 Mm

1779 4281 2186 4345 MONITUM.
2840 4283 2879 4336 ,ι’

375 4592 629 4643 mensam,
667 4583 717 4629 et
752 4587 904 4627 sacra
933 4579 1204 4641 mysteria,
1244 4577 1365 4619 cum
1393 4560 1581 4616 timore
1615 4573 1678 4612 ac
1709 4566 1935 4611 tremore
1974 4555 2071 4609 hoc
2111 4555 2293 4625 facite,
2325 4570 2445 4608 cum
2483 4569 2619 4621 pura
2656 4551 3000 4616 conscientia,
3040 4565 3160 4606 cum
3191 4547 3401 4621 jejunio
3425 4558 3477 4602 et
3505 4562 3629 4618 prc-

377 4676 581 4730 catione
599 4639 625 4726 εἰ
642 4686 745 4723 non
771 4639 1173 4728 tumultuantes,
1208 4676 1309 4714 non
1335 4657 1693 4719 calcitrantes,
1724 4668 1825 4707 non
1847 4653 2148 4722 proximum
2174 4649 2519 4720 impellentes,
2549 4659 2658 4705 etc.
2697 4648 2794 4704 llis
2822 4659 2988 4718 porro
3014 4642 3323 4713 conspectis
3369 4639 3631 4711 probabi-

376 4767 502 4822 liter
527 4761 926 4818 existimamus.
972 4758 1137 4813 hasce
1164 4765 1276 4810 tres
1308 4751 1563 4808 homilias
1592 4749 1783 4805 eodem
1810 4756 2078 4817 tempore,
2107 4747 2415 4817 paucisque
2453 4745 2792 4816 interpositis
2837 4743 2980 4797 inter
3011 4737 3260 4809 singulas
3299 4735 3496 4790 diebus
3529 4734 3633 4789 ha-

377 4858 521 4914 bitas
549 4853 736 4907 fuisse.

450 4948 508 5002 ln
548 4949 650 5002 hac
677 4958 842 5014 porro
874 4940 950 4995 De
985 4940 1244 5009 baptismo
1268 4948 1319 4993 et
1355 4937 1654 5009 Epiphania
1684 4933 1887 4991 Christi
1911 4933 2196 4998 concione,
2227 4942 2516 5003 postquam
2556 4931 2813 5002 p0pulum
2850 4945 2917 4985 an
2958 4926 3244 4984 ecclesiam
3274 4923 3632 4989 frequentan-

381 5040 505 5094 dam
534 5037 786 5091 bortatus
817 5039 922 5097 est,
953 5030 1022 5085 de
1050 5029 1253 5098 duplici
1278 5028 1485 5083 Christi
1527 5024 1831 5097 Epiphania
1861 5022 1991 5093 agit,
2018 5023 2085 5078 de
2119 5023 2208 5077 illa
2235 5036 2450 5092 nempe.
2478 5036 2586 5090 qua
2628 5019 2798 5089 Magis
2833 5017 3107 5089 apparuit,
3157 5016 3334 5086 deque
3358 5021 3635 5083 postrema

383 5146 491 5203 qua
519 5130 572 5183 in
604 5126 1075 5184 consummatione
1108 5120 1292 5179 saeculi
1318 5133 1442 5175 eum
1482 5117 1654 5188 gloria
1683 5123 1739 5170 et
1765 5114 2057 5184 splendore
2085 5121 2351 5167 venturus
2379 5119 2484 5167 est.
2532 5109 2859 5165 Miraculum
2891 5109 3088 5164 deinde
3117 5106 3265 5162 circa
3302 5118 3496 5175 aquam
3534 5102 3636 5158 ba-

384 5195 569 5298 ptismi
593 5223 879 5279 enuntiat:
921 5236 1044 5276 nam
1073 5232 1197 5276 cum
1225 5230 1416 5270 versus
1449 5212 1687 5267 mediam
1717 5218 1935 5265 noctem
1960 5209 2107 5265 diem
2140 5207 2456 5278 Epiphaniae
2492 5206 2913 5277 praecedentem,
2979 5200 3177 5272 singuli
3231 5198 3302 5255 de
3351 5211 3498 5298 aqua
3544 5195 3637 5251 illa

386 5290 643 5388 liaptismi
672 5316 883 5381 latices,
911 5313 1149 5385 νάματα,
1182 5324 1366 5367 secum
1414 5315 1778 5379 asportarent,
1810 5321 1955 5376 aqua
1990 5305 2082 5359 illa
2109 5320 2216 5359 non
2264 5304 2745 5374 corrumpebatur,
2776 5300 2873 5357 sed
2935 5299 3148 5369 integro
3181 5311 3349 5388 anno.
3391 5290 3542 5388 Aquin
3585 5297 3643 5345 et

389 5383 612 5465 biennio
638 5417 695 5463 et
720 5407 959 5462 triennio
985 5383 1305 5473 incorrupta
1334 5400 1611 5456 manebat.
1645 5396 1825 5453 Docet
1856 5396 2047 5452 deinde
2074 5395 2207 5467 quid
2235 5395 2451 5452 intersit
2476 5392 2813 5452 discriminis
2841 5391 2983 5448 inter
3015 5389 3283 5461 baptisma
3302 5383 3642 5447 Iudaeorum,

387 5505 659 5576 baptisma
684 5501 910 5559 Joannis
935 5510 990 5558 et
1032 5500 1305 5572 baptisma
1337 5495 1565 5553 Christi.
1629 5492 1769 5550 Hinc
1817 5494 2055 5563 explicat
2085 5492 2364 5566 quomodo
2414 5491 2668 5549 Christus
2714 5487 3024 5562 impleverit
3073 5499 3292 5576 omnem
3325 5479 3644 5552 justitiam;

387 5574 720 5665 domumque
745 5592 951 5649 claudit
978 5592 1230 5649 hortatus
1259 5588 1520 5663 populum
1553 5594 1613 5641 ut
1639 5600 1854 5661 magna“
1878 5601 2003 5644 cum
2032 5584 2338 5644 reverentia
2363 5585 2434 5643 ad
2462 5584 2749 5643 tremenda
2782 5579 3047 5657 mysteria
3085 5574 3371 5633 accedant.

462 5687 841 5759 lnterpretatio
866 5684 1058 5742 Latina
1090 5693 1174 5743 est
1210 5682 1501 5740 Frontonis
1538 5678 1744 5737 Duczi.
