4100 6424
576 426 685 482 365

1255 427 1310 482 S.
1351 427 1634 485 JOANNIS
1675 427 2170 486 CHRYSOSTOMI
2204 428 2526 486 ARCHIEP.
2565 425 3113 486 CONSTANTINOP.

642 1150 794 1224 [367]
834 1163 857 1190 α
891 1151 1046 1218 Πρὸς
1079 1150 1218 1217 τοὺς
1266 1149 1873 1220 ἀπολιμπανομένους
1901 1148 2020 1202 τῶν
2045 1150 2220 1205 θείων
2250 1150 2587 1216 συνάξεων,
2625 1151 2723 1204 καί
2776 1153 2863 1218 είς
2886 1152 2950 1206 τὸ
2972 1151 3143 1221 ἅγιον
3173 1153 3269 1206 καὶ
3291 1153 3598 1222 σωτήρων
3621 1154 3824 1218 ,βάπτι-

639 1257 763 1309 σμα
817 1241 922 1294 τοῦ
973 1241 1239 1309 Σωτῆρος
1301 1241 1460 1309 ἡμῶν
1540 1241 1741 1309 Ἰησοῦ
1779 1242 2055 1308 Χριστοῦ,
2109 1240 2208 1295 καὶ
2267 1239 2402 1308 περὶ
2441 1239 2560 1294 τῶν
2606 1243 2866 1309 ἀναξίως
2923 1246 3401 1308 κοινωνούντων,
3464 1244 3562 1298 καί
3627 1246 3712 1301 ὅτι
3769 1249 3820 1301 οι

639 1332 967 1386 ἀτέλεστον
1002 1330 1552 1400 καταλιμπάνοντες
1597 1331 1713 1400 τὴν
1753 1333 1920 1388 θείαν
1950 1333 2344 1400 λειτουργίαν,
2397 1335 2500 1388 καὶ
2539 1334 2652 1403 πρὸ
2700 1333 2812 1404 τῆς
2836 1337 3183 1403 τελευταίας
3217 1334 3406 1405 εὐχῆς
3433 1336 3826 1406 ἐξερχόμενοι,

639 1421 746 1476 τὸν
797 1424 1028 1479 Ἰούδαν
1049 1423 1388 1493 μιμοῦνται,
1440 1423 1640 1492 λόγος.

633 2058 701 2104 α’.
724 2053 934 2119 Πάντες
950 2054 1107 2125 ὑμεῖς
1126 2055 1183 2108 ἐν
1196 2053 1428 2124 εὐθυμία
1446 2054 1512 2124 τή
1522 2051 1820 2126 μερον,ἐγὼ
1835 2051 1891 2106 δὲ
1909 2053 1966 2104 ἑν
1981 2050 2141 2124 ὀδύνῃ

566 2135 745 2204 μόνος.
776 2137 947 2190 Ὅταν
992 2137 1102 2208 γὰρ
1157 2140 1236 2201 είς
1278 2138 1338 2190 τὸ
1378 2137 1614 2206 πέλαγος
1659 2137 1836 2190 ἀπίδω
1878 2135 2034 2188 τοῦτο
2082 2135 2142 2189 τὸ

563 2221 948 2287 πνευματικὸν,
974 2222 1067 2274 καὶ
1092 2221 1183 2274 τὸν
1216 2221 1441 2292 ἄπειρον
1463 2221 1562 2290 τῆς
1589 2218 1915 2290 Ἐκκλησίας
1937 2217 2145 2272 θεάσω-

563 2318 664 2370 μαι
701 2301 951 2367 πλοῦτον,
983 2300 1102 2357 εἶτα
1143 2303 1449 2373 λογίσωμαι
1474 2303 1554 2357 ὅτι
1578 2303 1679 2372 τῆς
1716 2302 1911 2373 ἑορτῆς
1935 2300 2140 2372 παρελ-

562 2382 783 2454 θούσης,
809 2386 904 2438 καὶ
933 2385 994 2439 τὸ
1025 2384 1230 2456 πλῆθος
1255 2388 1386 2456 ἡμῖν
1405 2384 1564 2438 τοῦτο
1598 2384 1761 2438 πάλιν
1781 2383 2140 2454 ἀποπηδῆσαν

559 2467 858 2536 οἰχήσεται,
882 2469 1149 2540 δάκνομαι
1171 2471 1264 2522 καὶ
1292 2468 1564 2539 ὀδυνῶμαι
1589 2468 1687 2539 τὴν
1717 2467 1916 2538 ψυχὴν,
1941 2467 2025 2519 ὅτι
2049 2482 2139 2518 τοο

563 2548 740 2601 σαῦτα
761 2550 998 2605 τεκοῦσα
1031 2552 1200 2605 τέκνα
1233 2554 1266 2622 ἡ
1309 2551 1628 2620 Ἐκκλησία,
1653 2550 1713 2602 οὑ
1743 2549 1863 2602 καθ’
1901 2549 2139 2618 ἑκάστην

561 2631 778 2696 σύναξιν
811 2634 1104 2688 ἀπολαύειν
1132 2634 1313 2686 αὐτῶν
1345 2633 1590 2698 δύναται,
1618 2632 1733 2685 ἀλλ’
1765 2633 1823 2685 ἐν
1845 2632 2004 2702 ἑορτῇ
2037 2629 2137 2700 μό-

560 2733 670 2768 νον.
706 2717 876 2770 Πόσον
907 2713 976 2788 ἦν
1022 2717 1334 2788 ἀγαλλίαμα
1381 2715 1766 2786 πνευματικὸν,
1797 2714 1938 2785 πόση
1970 2712 2136 2784 χαρὰ,

562 2800 700 2868 πόση
723 2799 852 2865 δόξα
884 2799 1040 2862 Θεοῦ,
1077 2799 1218 2869 πόση
1263 2798 1450 2869 ψυχῶν
1477 2798 1736 2868 ὠφέλεια,
1770 2799 1819 2850 εἰ
1859 2795 1982 2850 καθ’
2011 2794 2140 2848 ἑκά-

562 2897 694 2951 στην
734 2883 953 2949 σύναξιν
990 2883 1133 2936 οὕτω
1181 2881 1644 2954 πεπληρωμένους
1691 2879 1953 2950 ἑωρῶμεν
2010 2877 2138 2942 τοὺς

560 2963 882 3033 περιϐόλους
910 2965 1011 3035 τῆς
1046 2965 1378 3036 ὲκκλησίας;
1412 2965 1528 3019 Νῦν
1576 2964 1632 3016 δὲ
1673 2961 1866 3017 ναῦται
1899 2961 1997 3032 μὲν
2043 2959 2136 3014 καὶ

541 3047 889 3119 κυϐερνῆται
922 3049 1102 3101 πάντα
1135 3048 1378 3101 ποιοῦσιν
1401 3089 1415 3114 ,
1470 3048 1619 3111 ὅπως
1664 3046 1723 3099 τὸ
1757 3045 1991 3112 πέλαγος
2023 3043 2136 3097 διας

556 3126 813 3198 δράμοιεν
826 3130 875 3197 δ,
908 3132 1001 3184 καὶ
1026 3131 1160 3202 πρὸς
1182 3131 1273 3185 τὸν
1295 3131 1487 3202 λιμένα
1517 3130 1948 3198 καταντήσωσιν·
1975 3128 2136 3197 ἡμεῖς

555 3212 611 3265 δὲ
640 3212 728 3265 διὰ
761 3214 958 3277 παντὸς
999 3215 1269 3283 πελάγους
1314 3213 1560 3268 σαλεύειν
1605 3210 2036 3282 φιλονεικοῦμεν,
2076 3210 2136 3262 ὲν

554 3297 676 3358 ταῖς
723 3296 829 3349 τῶν
872 3296 1138 3366 βιωτικῶν
1174 3299 1510 3370 πραγμάτων
1547 3295 1866 3368 τρικυμίαις
1896 3293 2134 3363 συνεχῶς

554 3377 928 3448 ποντούμενοι,
989 3382 1084 3434 καὶ
1117 3381 1176 3433 ἑν
1217 3384 1337 3442 ταῖς
1367 3381 1592 3451 ἀγοραῖς
1625 3379 1720 3434 καὶ
1755 3381 1812 3433 ἐν
1846 3380 1960 3441 τοῖς
1986 3378 2134 3431 δικα-

553 3461 799 3531 στηρίοις
855 3465 1232 3533 στρεφόμενοι,
1280 3463 1515 3516 ἐνταῦθα
1561 3463 1618 3516 δὲ
1647 3461 1796 3527 ἅπαξ
1823 3462 1857 3533 ἢ
1882 3459 2130 3530 δεύτερον

555 3543 708 3611 μόλις
732 3544 822 3597 τοῦ
854 3546 1053 3610 παντὸς
1074 3544 1423 3609 ἀπαντῶντες
1449 3545 1718 3599 ἐνιαυτοῦ.

629 3627 697 3677 Ἣ
731 3628 974 3694 ἀγνοεῖτε
1003 3629 1082 3681 ὃτι
1115 3629 1362 3697 καθάπερ
1379 3629 1603 3699 λιμένας
1633 3630 1690 3681 ὲν
1715 3627 1959 3697 πελάγει,
1988 3627 2130 3681 οὕτω

553 3705 653 3769 τὰς
690 3709 987 3780 ἐκκλησίας
1020 3712 1077 3764 ἑν
1107 3713 1227 3774 ταῖς
1277 3711 1495 3764 πόλεσιν
1545 3710 1746 3781 ἔπηξεν
1777 3713 1805 3764 ὁ
1849 3711 2004 3778 Θεὸς,
2043 3711 2130 3765 ἵνα

549 3789 658 3842 ἀπὸ
705 3791 800 3861 τῆς
835 3791 1003 3863 ζάλης
1043 3793 1152 3846 τῶν
1198 3793 1468 3864 βιωτικῶν
1499 3794 1741 3864 θορύϐων
1768 3791 2003 3848 ἐνταῦθα
2025 3812 2128 3847 κα-

549 3872 938 3945 ταφεύγοντες,
971 3876 1210 3948 γαλήνης
1241 3878 1543 3949 μεγίστηςο
1577 3877 1969 3948 ἀπολαύωμεν;
1989 3877 2125 3931 Οὐδὲ

550 3955 657 4028 γὰρ
701 3959 962 4029 κυμάτων
997 3960 1146 4014 ἐστιν
1201 3960 1434 4015 ἐνταῦθα
1472 3961 1646 4013 δεῖσαι
1695 3960 2012 4030 τρικυμίαν,
2062 3961 2122 4014 οὗ

547 4036 758 4111 λῃστῶν
792 4041 1109 4112 ἐπιδρομὰς,
1145 4043 1207 4096 οὐ
1260 4043 1581 4113 κακούργων
1628 4041 1836 4110 ἔφοδον,
1871 4043 1933 4095 οὐ
1961 4058 2126 4096 πνευ-

549 4122 734 4192 μάτων
762 4123 901 4193 βίας,
938 4125 997 4178 ού
1034 4124 1240 4195 Θηρίων
1285 4125 1598 4189 ἐπιϐουλάς
1639 4125 1803 4197 λιμὴν
1825 4125 1932 4196 γάρ
1977 4127 2125 4179 ἑστιν

543 4206 799 4260 ἁπάντων
834 4205 1038 4260 τούτων
1071 4208 1511 4279 ἀπηλλαγμένος,
1565 4208 1733 4279 λιμήν
1778 4208 1897 4261 ἐστι
1934 4206 2123 4278 ψυχῶν

544 4289 929 4358 πνευματικός.
976 4291 1086 4344 Καὶ
1121 4291 1230 4344 τῶν
1271 4291 1578 4362 λεγομένων
1637 4290 1912 4362 μάρτυρες
1941 4291 2120 4360 ὑμεῖς.

544 4373 609 4424 El
636 4372 746 4444 γάρ
771 4389 855 4435 τις
888 4373 1040 4444 ὑμῶν
1062 4373 1124 4426 τὸ
1154 4375 1392 4438 συνειδὸς
1422 4373 1748 4439 ἀναπτύξειε
1766 4373 1882 4439 νῦν,
1921 4372 2124 4444 πολλὴν

541 4455 688 4509 ἔνδον
729 4456 950 4526 εὑρήσει
981 4455 1082 4526 τὴν
1115 4457 1360 4527 ἠσυχίαψ
1396 4457 1456 4510 οὐ
1491 4457 1662 4529 θυμὸς
1692 4457 1802 4528 γὰρ
1834 4455 2042 4526 ἐνοχλεῖ
2069 4454 2120 4519 ἀ,

539 4537 641 4590 οὐκ
672 4537 935 4606 ἐπιθυμία
976 4539 1185 4607 φλέγει,
1223 4541 1284 4593 οὐ
1317 4540 1584 4610 βασκανία
1622 4541 1802 4610 τήκει,
1841 4539 1942 4592 οὐκ
1971 4538 2116 4592 ἀπό-

539 4636 658 4672 νοια
686 4623 851 4692 φυσᾷ,
886 4622 948 4674 οὐ
985 4621 1286 4685 κενοδοξίας
1315 4622 1454 4693 ἔρως
1471 4621 1794 4694 διαφθείρει,
1829 4621 1965 4676 ἀλλά
1983 4623 2117 4676 πάν-

539 4717 609 4754 τα
642 4701 812 4757 ταῦτα
841 4702 1204 4760 κατέσταλται
1240 4709 1309 4760 τὰ
1347 4707 1534 4778 θηρία,
1570 4704 1821 4777 καθάπερ
1853 4707 2002 4772 θείας
2035 4724 2117 4760 τιν

539 4782 630 4848 νὸς
660 4787 896 4858 ἐπῳδῆς,
925 4790 1027 4860 τῆς
1058 4791 1168 4845 τῶν
1201 4791 1359 4844 θείων
1394 4789 1627 4860 Γραφῶν
1661 4788 1998 4860 ἀκροάσεως,
2027 4787 2116 4842 διά

513 4868 637 4936 ,τῆς
687 4869 919 4926 ἑκάστου
953 4874 1121 4944 ἀκοῆς
1149 4873 1286 4946 πρὸς
1318 4872 1418 4944 τὴν
1446 4873 1625 4944 ψυχὴν
1673 4871 1969 4944 εἰσιούσης,
2021 4871 2117 4926 καὶ

537 4951 894 5026 κοιμιζούσης
942 4955 1014 5009 τά
1059 4957 1226 5026 ἄλογα
1280 4955 1452 5011 ταῦτα
1483 4966 1507 4996 ε
1555 4954 1725 5026 πάθη.
1776 4955 1959 5027 Πόσης
2021 4952 2116 5008 οὖν

536 5032 852 5106 ἀθλιότητος
877 5041 977 5093 οὐκ
997 5039 1062 5093 ἂν
1083 5041 1190 5112 εἴη,
1212 5039 1483 5110 τοσαύτης
1506 5039 1800 5110 μέλλοντας
1823 5039 2116 5094 ἀπολαύειν

592 5167 625 5238 ξ
646 5167 844 5238 Titulus
864 5171 915 5238 ἰιι
938 5172 1090 5238 Savil.
1119 5188 1130 5223 :
1157 5175 1221 5238 είς
1241 5174 1296 5223 τὸ
1319 5175 1451 5238 ἅγιον
1486 5175 1567 5238 καὶ
1601 5175 1834 5238 σωτήριον
1850 5173 2116 5238 *βάπτισμα

631 5231 862 5309 [Σωτῆρος
1045 5234 1206 5309 Ἰησοῦ
1230 5231 1457 5309 Χριστοῦ,
1481 5235 1695 5309 καὶ-πρός
1712 5231 2114 5309 τξοὺςάπολιμπα-

531 5293 754 5361 Vagiqu
773 5293 869 5361 τῶν
886 5293 1029 5361 θείων
1049 5293 1312 5361 -ῳνάξεων,
1351 5293 1453 5345 καῖ’
1473 5300 1579 5361 περὶ
1605 5293 1702 5346 τῶν
1723 5293 2114 5361 ἀναξίωςλκόινωο

531 5351 755 5429 νοῦντων,
781 5355 870 5429 καἰὶ
881 5357 954 5405 ὅτι
967 5361 1022 5429 κοί
1040 5351 1291 5429 ἀτέλεστον
1302 5351 1742 5429 ’ματαλιμπάνοντες
1758 5351 1842 5416 τὴν
1869 5351 2115 5429 θείανῂλει-

529 5418 781 5538 sagi:va
793 5419 873 5464 καὶ
894 5418 986 5480 πρὸ
1002 5425 1086 5477 τῆς
1107 5420 1378 5476 τελευταίας
1389 5418 1528 5483 εὐχῆς
1548 5420 1857 5483 ἐξερχόμενοι,
1881 5421 1963 5469 τὸν
1992 5419 2112 5470 Ἰού-

677 5495 691 5524 ι
729 5494 908 5528 ουνται.

593 5535 622 5576 δ
643 5535 729 5587 Sic
749 5540 846 5588 duo
866 5554 980 5590 mss.
1009 5546 1063 5589 el
1077 5540 1227 5588 Savil.
1257 5540 1356 5591 Alii
1379 5541 1717 5606 διαδράμωσιν.
1745 5540 1857 5592 Mox
1881 5542 2032 5594 Savil.
2058 5550 2112 5595 et

532 5592 630 5675 du?
645 5613 776 5675 πιθα.
807 5602 884 5649 διὰ
903 5603 1079 5675 παντὸς
1097 5603 1330 5675 πελάγιοι.
1511 5669 1520 5675 _
1560 5670 1568 5675 _

596 5658 622 5736 ξ
645 5661 883 5736 Ψιεγίσπς
901 5663 1042 5736 ἀοεει
1067 5664 1117 5709 in
1143 5658 1394 5736 coq'igibus
1417 5669 1615 5717 nostris.

597 5715 624 5806 (Ξ
646 5715 743 5806 ,ιμιρ
761 5715 986 5806 οὐλθυμὸς
1006 5725 1301 5806 παρενρχλεῖ.
1404 5784 1423 5806 1

688 5795 804 5806 -..-..
856 5791 959 5806 η--.
987 5787 1031 5806 ι..
1093 5796 1153 5806 ..Α
1192 5800 1246 5806 .--
1265 5799 1365 5806 _-_
1427 5787 1556 5806 υ-..
1585 5792 1722 5806 ,-.-εςν
1763 5787 1875 5806 __,_g
1916 5789 1963 5806 κο

599 5785 620 5813 ο
646 5780 806 5829 Ταῦτα
824 5780 965 5832 deésl
987 5787 1032 5836 in
1058 5780 1248 5835 duob'ﬁs
1265 5799 1388 5838 mss.
1404 5784 1559 5838 Iidem
1579 5792 1742 5852 φοιτᾷν
1761 5787 1888 5851 παρὰ
1910 5789 2012 5848 τήν.

2245 2049 2563 2119 φιλοσοφίας
2595 2049 2670 2120 μὴ
2693 2048 2930 2119 συνεχῶς
2958 2049 3343 2120 ἐπιχωριάζειν
3360 2051 3456 2104 καί
3477 2052 3662 2124 φοιτᾷν
3684 2053 3808 2123 πρὸς

2242 2133 2340 2204 τὴν
2379 2132 2565 2204 κοινὴν
2589 2133 2843 2186 ἁπάντων
2878 2131 3108 2204 μητέρα,
3137 2131 3233 2204 τὴν
3283 2132 3612 2202 Ἐκκλησίαν
3642 2135 3806 2203 λέγω;

2243 2214 2411 2268 Ποίαν
2448 2214 2557 2286 γὰρ
2582 2215 2648 2267 ἂν
2669 2213 2814 2286 ἔχοις
2841 2216 3014 2267 εἰπεῖν
3039 2231 3131 2286 μοι
3160 2214 3367 2286 ταύτης
3390 2216 3806 2287 ἀναγκαιοτέραν

2239 2296 2553 2369 διατριϐήν;
2592 2297 2712 2351 τίνα
2738 2299 2796 2352 δέ
2824 2297 3194 2370 χρηστοτέραν
3221 2299 3537 2364 συνουσίαν;
3578 2298 3706 2352 τίδὲ
3750 2299 3806 2354 τὸ

2241 2382 2496 2451 ἐμπόδιον
2537 2380 2690 2453 [568]
2720 2383 2819 2452 τῆς
2856 2381 3088 2435 ἐνταῦθα
3111 2381 3431 2452 διατριϐῆς;
3471 2381 3690 2446 Πάντως
3720 2399 3804 2452 μοι

2239 2463 2336 2534 τὴν
2355 2464 2545 2519 πενίαν
2568 2465 2714 2534 ἐρεῖς
2737 2462 2966 2535 κώλυμά
2991 2481 3074 2518 σοι
3102 2463 3343 2533 γίνεσθαι
3365 2463 3462 2518 τοῦ
3484 2463 3648 2518 καλοῦ
3663 2465 3805 2518 τοῦδε

2241 2547 2520 2616 συλλόγου·
2545 2547 2658 2600 ἀλλ’
2692 2548 2792 2600 οὐκ
2842 2545 3062 2616 εὔλογος
3090 2548 3124 2618 ὴ
3162 2547 3457 2619 πρόφασις.
3499 2548 3666 2602 Ἐπτά
3687 2546 3804 2618 ἡμέ-

2240 2647 2341 2700 ρας
2363 2632 2394 2702 ὴ
2428 2629 2661 2701 ἑϐδομὰς
2691 2629 2824 2701 ἔχει·
2858 2628 2954 2692 τὰς
2977 2629 3119 2683 ἑπτὰ
3136 2628 3339 2694 ταύτας
3365 2631 3661 2703 ἐμερίσατο
3680 2629 3803 2700 πρὸς

2237 2714 2387 2782 ἡμᾶς
2435 2715 2463 2767 ὁ
2503 2712 2654 2776 Θεός·
2693 2714 2786 2767 καὶ
2818 2713 2917 2782 οὐχ
2948 2710 3126 2783 ἑαυτῷ
3161 2712 3258 2782 μέν
3290 2711 3351 2766 τὸ
3378 2713 3566 2779 πλέον,
3596 2715 3720 2784 ἡμῖν
3750 2710 3803 2764 δὲ

2237 2797 2298 2848 τὸ
2332 2794 2550 2848 ἔλαττον
2584 2795 2773 2858 ἔδωκε,
2812 2794 3010 2866 μᾶλλον
3031 2793 3088 2846 δὲ
3113 2793 3235 2846 οὐδὲ
3265 2794 3326 2859 ἐξ
3358 2796 3616 2867 ἡμισείας
3645 2793 3801 2856 αὑτὰς

2236 2877 2564 2949 διενείματο,
2593 2879 2693 2932 οὐκ
2710 2878 2868 2931 ἔλαϐε
2887 2879 3037 2948 τρεῖς
3063 2877 3156 2930 καὶ
3179 2877 3346 2931 ἔδωκε
3374 2881 3550 2951 τρεῖς,
3583 2877 3712 2932 ἀλλά
3729 2877 3803 2930 σοὶ

2241 2961 2337 3032 μὲν
2358 2961 2652 3032 ἀπένειμεν
2688 2960 2766 3027 ἓξ,
2799 2960 2974 3032 ἑαυτῷ
3009 2961 3066 3014 δὲ
3082 2961 3337 3016 κατέλιπε
3365 2964 3522 3032 μίαν.
3550 2964 3655 3016 Καὶ
3691 2960 3798 3013 οὐδὲ

2237 3045 2294 3098 ἐν
2324 3045 2498 3120 ταύτῃ
2525 3048 2592 3118 τῇ
2644 3044 2741 3117 ὅλῃ
2801 3045 2967 3116 ἀνέχῃ
3019 3043 3126 3097 τῶν
3177 3043 3452 3116 βιωτικῶν
3477 3044 3798 3117 ἀπηλλάχθαι

2236 3129 2599 3200 πραγμάτων,
2639 3127 2756 3181 ἀλλ’
2775 3128 2911 3198 ὅπερ
2927 3129 2975 3179 oi
3008 3126 3078 3180 τά
3113 3127 3233 3198 ἱερά
3266 3128 3540 3192 συλῶντες
3559 3129 3798 3199 χρήματα

2237 3212 2471 3279 ποιοῦσι,
2499 3210 2658 3264 τοῦτο
2680 3211 2775 3264 καὶ
2801 3211 2864 3263 σὺ
2893 3210 2984 3263 ἐπὶ
2997 3211 3094 3281 τῆς
3111 3211 3324 3282 ἡμέρας
3350 3211 3562 3283 ταύτης
3589 3210 3794 3279 τολμᾷς,

2235 3295 2404 3365 αὐτὴν
2439 3292 2604 3349 οὖσαν
2635 3296 2788 3364 ἱερὰν
2809 3295 2903 3349 καὶ
2928 3293 3296 3365 ἀνακειμένην
3323 3298 3390 3367 τῇ
3428 3295 3538 3350 τῶν
3572 3309 3797 3363 πνευμα-

2231 3377 2400 3432 τικῶν
2427 3379 2688 3450 ἀκροάσει
2716 3378 2911 3446 λογίων
2956 3377 3218 3448 ἁρπάζων
3253 3380 3349 3432 καὶ
3385 3377 3796 3449 καταχρώμενος

2233 3461 2313 3523 είς
2347 3461 2605 3530 βιωτικάς
2631 3460 2931 3533 φροντίδας.
2967 3460 3033 3513 Τί
3063 3459 3120 3513 δὲ
3144 3460 3285 3528 λέγω
3312 3464 3448 3533 περὶ
3473 3463 3678 3533 ἡμέρας
3700 3459 3796 3511 ὁλο-

2233 3542 2619 3615 κλήρου;ὃπερ
2639 3544 2730 3597 ἐπὶ
2764 3544 2862 3614 τῆς
2882 3542 3253 3614 ἐλεημοσύνης
3283 3545 3545 3616 ἐποίησεν
3577 3546 3608 3614 ἡ
3642 3545 3792 3612 χήρα.

2231 3623 2389 3676 τοῦτο
2423 3625 2648 3695 ποίησον
2702 3625 2797 3678 ἐπὶ
2825 3624 2920 3679 τοῦ
2953 3624 3148 3696 καιροῦ
3188 3625 3280 3679 καὶ
3311 3627 3374 3679 σὺ
3435 3627 3533 3697 τῆς
3573 3626 3791 3696 ἡμέρας·

2231 3705 2481 3777 καθάπερ
2514 3708 2695 3780 ἐκείνη
2746 3707 2839 3762 δύο
2879 3708 3176 3762 κατέϐαλεν
3202 3709 3447 3776 ὀϐολοὺς,
3480 3710 3572 3764 καὶ
3611 3707 3793 3774 πολλὴν

2231 3789 2382 3856 παρὰ
2397 3791 2491 3844 τοῦ
2522 3792 2656 3845 Θεοῦ
2685 3793 3035 3846 ἐπεσπάσατο
3069 3792 3166 3866 τὴν
3195 3791 3430 3847 εὔνοιαν·
3461 3794 3601 3847 οὕτω
3628 3790 3791 3844 καὶσὺ

2227 3871 2321 3924 δύο
2352 3873 2596 3926 δάνεισον
2617 3874 2766 3942 ὥρας
2789 3874 2866 3945 τῷ
2896 3874 3034 3944 Θεῷ,
3062 3874 3155 3927 καὶ
3184 3875 3393 3946 μυρίων
3431 3874 3650 3947 ἡμερῶν
3675 3872 3793 3940 κέρ-

2227 3953 2314 4017 δος
2330 3955 2412 4017 είς
2443 3955 2543 4026 τὴν
2573 3957 2749 4010 οἰκίαν
2783 3955 3018 4021 εἰσάξεις
3041 3957 3140 4027 τὴν
3168 3958 3288 4026 σήν.
3323 3959 3385 4010 El
3407 3959 3469 4012 δὲ
3495 3958 3593 4010 οὐκ
3614 3953 3786 4022 ἀνέχῃ.

2229 4038 2421 4090 σκόπει
2441 4040 2514 4109 μή
2547 4057 2698 4105 ποτε,
2733 4039 2926 4111 μικρὸν
2949 4039 3160 4111 ἡμέρας
3191 4041 3354 4111 μέρος
3378 4043 3443 4096 οὺ
3484 4038 3788 4110 βουλόμενος

2227 4119 2418 4172 ἑαυτὸν
2463 4121 2768 4193 ἀποστῆσαι
2815 4121 2924 4175 τῶν
2974 4124 3178 4193 γηΐνων
3227 4122 3458 4194 κερδῶν,
3495 4119 3786 4189 ὁλοκλήρων

2226 4202 2490 4256 ἐνιαυτῶν
2537 4204 2810 4278 ἀπολέσῃς
2860 4205 3076 4268 πόνους.
3120 4200 3243 4258 Οἵδε
3279 4206 3389 4276 γὰρ
3417 4209 3446 4260 ό
3477 4204 3608 4266 Θεὸς
3632 4215 3785 4254 κατα-

2225 4286 2594 4357 φρονούμενος
2639 4289 2734 4342 καὶ
2769 4287 2840 4342 τά
2897 4287 3220 4357 συλλεγέντα
3270 4287 3465 4342 κενοῦν
3520 4287 3780 4358 χρήματα’

2223 4367 2412 4439 ῶσπερ
2443 4365 2535 4424 οὖν
2557 4370 2652 4423 καὶ
2693 4369 2964 4434 Ἰουδαίοις
3002 4369 3239 4425 ἀπειλῶν
3267 4370 3471 4440 ἔλεγεν,
3488 4368 3668 4436 ἐπειδὴ
3691 4363 3783 4432 τῆς

2223 4452 2353 4521 περὶ
2371 4451 2463 4504 τὸν
2499 4452 2624 4506 ναὸν
2645 4453 3008 4523 κατεφρόνουν
3027 4453 3363 4524 ἐπιμελείαςο
3389 4449 3783 4518 Είσηνέγκατε

2221 4535 2374 4588 αὐτὰ
2395 4537 2482 4600 είς
2508 4534 2650 4602 τοὺς
2677 4535 2881 4600 οἴκους
2909 4534 3096 4603 ὑμῶν,
3130 4536 3229 4590 καὶ
3244 4535 3599 4605 ἐξεφύσησα
3620 4529 3778 4595 αὐτὰν

2221 4616 2383 4687 λέγει
2428 4618 2664 4686 Κύριος.
2715 4618 2782 4670 Τί
2831 4617 2961 4688 γὰρ,
3013 4619 3135 4670 εἰπέ
3180 4636 3292 4689 μοι,
3343 4619 3551 4685 διδάξαι
3583 4633 3639 4668 σε
3682 4612 3780 4668 τῶν

2223 4701 2539 4768 ἀναγκαίων
2567 4698 2927 4770 δυνησόμεθα,
2955 4699 3100 4766 ἅπαξ
3133 4699 3227 4753 τοῦ
3278 4699 3522 4755 ἐνιαυτοῦ
3547 4700 3578 4768 ἢ
3619 4696 3780 4751 δεύτε·

2228 4800 2318 4853 ρον
2337 4783 2466 4855 παρ’
2492 4784 2623 4855 ἡμῖν
2651 4782 2939 4851 φοιτῶντα,
2981 4784 3109 4853 περὶ
3137 4784 3335 4855 ψυχῆς,
3361 4785 3490 4857 περὶ
3519 4781 3776 4852 σώματος,

2223 4867 2351 4939 περὶ
2379 4866 2701 4931 ἀθανασίας,
2746 4867 2876 4937 περὶ
2915 4864 3193 4935 βασιλείας
3221 4866 3330 4920 τῶν
3364 4867 3624 4940 οὐρανῶν,
3657 4859 3777 4931 περὶ

2219 4949 2515 5014 κολάσεως,
2530 4948 2661 5021 ἰπερὶ
2680 4949 2926 5019 γεέννης,
2941 4965 3012 5002 πε
3020 4948 3074 5020 ρὶ
3091 4948 3470 5020 μακροθυμίας
3489 4941 3775 5011 Θεοῦ,περὶ

2220 5031 2568 5104 συγγνώμης,
2598 5034 2728 5105 περὶ
2751 5032 3060 5103 μετανοίας,
3083 5032 3209 5104 περὶ
3238 5029 3624 5103 βαπτίσματος,
3655 5023 3772 5095 περὶ

2218 5117 2630 5188 ἁμαρτημάτων
2679 5116 2944 5186 ἀφέσεως,
2995 5116 3122 5187 περὶ
3164 5115 3265 5186 τῆς
3308 5115 3535 5178 κτίσεως
3581 5108 3770 5177 ταύτης

2216 5201 2316 5271 τῆς
2343 5197 2478 5283 ἀνω,
2511 5199 2722 5272 καὶτῆς
2748 5199 2918 5265 κάτω,
2941 5200 3072 5283 περὶ
3098 5197 3398 5270 ἀνθρώπων
3412 5188 3769 5283 ﬂuam-‘7“?

2215 5282 2484 5352 ἀγγέλων,
2498 5284 2628 5355 περὶ
2642 5284 2741 5354 τῆς
2753 5283 2863 5338 τῶν
2876 5281 3146 5354 δαιμόνων
3161 5283 3511 5356 κακουργίας,
3532 5275 3654 5348 περὶ
3666 5275 3766 5356 τῶν

2217 5363 2508 5436 μεθώειῶν
2523 5353 2616 5419 τοῦ
2639 5353 2907 5428 διαϐόλου,
2938 5353 3068 5438 περὶ
3089 5353 3384 5431 πολιτείας,
3415 5363 3539 5436 περὶ
3573 5353 3765 5426 δογμά-

2211 5465 2341 5513 των,
2375 5448 2506 5516 περὶ
2535 5449 2632 5518 τῆς
2647 5449 2814 5520 όρθῆς
2845 5449 3097 5514 πίστεως,
3112 5447 3362 5521 περὶτῶν
3375 5440 3760 5521 διεφθαρμένω

2211 5529 2475 5602 αἱρέσεων
2499 5547 2512 5597 ;
2544 5517 2731 5584 Ταῦτα
2759 5517 2868 5603 γὰρ
2887 5531 2983 5585 καὶ
3008 5517 3432 5602 πολλῷ-πλείονα
3457 5527 3651 5582 τούτων
3671 5517 3758 5573 τὸν

2210 5612 2536 5686 Χριστιανὸν
2579 5614 2781 5668 ειδέναι
2832 5612 2960 5685 χρὴ,
3009 5615 3104 5668 καὶ
3154 5614 3358 5668 τούτων
3397 5613 3606 5668 πάντων
3629 5605 3754 5686 ἄπει

2210 5683 2412 5751 διδόναι
2443 5696 2602 5764 λόγον
2648 5699 2762 5761 τοῖς
2793 5683 3070 5769 ἐρωτῶσιν
3104 5699 3269 5768 ὑμᾶς.
3310 5698 3494 5768 Ὑμεῖς
3542 5691 3597 5745 δὲ
3641 5683 3752 5769 οὺδξ

2210 5781 2270 5835 τὸ
2303 5781 2591 5836 πολλοστὸν
2621 5764 2840 5837 τούτων’
2859 5781 3052 5836 εἰδέναι
3085 5764 3390 5855 δυνήσεσθε
3411 5779 3589 5854 μέρος,
3613 5764 3748 5830 ἅπαξ
