4100 6426
327 294 431 353 565

1604 290 1690 344 DE
1734 291 1817 345 BA
1827 292 2071 352 PTISMO
2107 298 2399 360 CHRISTI.

3452 323 3555 378 565

313 977 633 1024 ADVERSUS
678 977 790 1020 EOS
835 976 942 1030 QUI
985 978 1020 1024 Δ
1067 975 1303 1022 DlVlNlS
1343 976 1585 1019 ABSUNT
1626 977 1918 1034 OFFICIIS,
1964 978 2046 1020 ΕΤ
2087 979 2170 1020 DE
2212 979 2449 1024 SANCTO
2501 980 2576 1024 AC
2631 983 2938 1028 SALUTABI
2994 986 3390 1032 BAPTISMATE
3434 991 3566 1036 εΑιρ

393 1079 658 1124 VATORIS
701 1078 924 1124 NOSTRI
965 1077 1117 1121 δεδι]
1161 1077 1439 1132 CHRISTI,
1484 1075 1694 1128 DEQUE
1738 1076 1819 1120 IIS
1862 1076 1971 1129 QUI
2013 1077 2275 1121 INDIGNE
2317 1078 2799 1137 COMMUNICANT,
2857 1084 2939 1126 ET
2981 1084 3152 1137 QUOD
3204 1087 3312 1138 QUI
3363 1089 3574 1133 ιιΤυιι.

395 1181 555 1224 eum
597 1177 1052 1224 rmranrecnu
1093 1175 1609 1230 DERELINQUUNT,
1653 1175 1864 1228 ATQUE
1907 1175 2072 1219 ANTE
2115 1175 2501 1222 rosranman
2541 1179 2908 1228 ORATIONEM
2960 1185 3434 1246 EGREDIUNTUR,
3476 1190 3580 1233 ,ιυ-

395 1279 528 1321 muu
571 1276 950 1332 lMlTENTUR,
994 1273 1226 1318 ORATIO
1257 1257 1353 1329 (η).

409 1783 462 1837 λΙ.
489 1778 687 1834 Omnes
706 1785 800 1826 vos
819 1770 872 1825 in
900 1766 1080 1822 laetitia
1101 1761 1258 1817 hodie
1279 1800 1294 1826 ,
1321 1772 1421 1827 ego
1445 1767 1575 1810 vero
1603 1752 1658 1807 in
1683 1762 1918 1806 moerere

335 1889 453 1930 sum
491 1870 653 1924 solus.
679 1865 809 1920 Nam
837 1875 956 1916 cum
983 1859 1036 1912 in
1067 1857 1166 1910 hoc
1193 1849 1466 1923 spirituale
1496 1846 1712 1916 pelagus
1735 1841 1919 1898 oculos

334 1979 488 2027 meos
528 1968 814 2025 converto,
842 1968 894 2013 et
932 1952 1218 2010 inuuensas
1265 1940 1519 2002 Ecclesiae
1546 1937 1762 2027 divitias
1785 1947 1918 1986 con-

337 2025 567 2128 templor
592 2097 606 2120 ,
636 2069 698 2107 ac
726 2048 917 2106 deinde
955 2041 1225 2115 perpendo
1262 2039 1375 2094 fore
1399 2079 1414 2104 ,
1446 2039 1504 2090 ut
1537 2048 1659 2090 cum
1688 2025 1917 2125 primum

336 2127 646 2205 soleinnitas
693 2145 792 2198 ista
837 2134 1194 2210 prieterierit,
1245 2128 1526 2186 multitudo
1577 2140 1762 2180 rursus
1817 2127 1915 2175 ista

337 2238 540 2295 resiliat
567 2252 630 2290 ac
656 2232 928 2292 discedat,
959 2227 1168 2282 crucior
1210 2231 1264 2276 et
1289 2221 1448 2274 animi
1493 2217 1679 2272 dolore
1706 2227 1871 2282 angor
1897 2225 1913 2263 :

337 2328 500 2399 quod,
527 2341 648 2380 cum
696 2333 803 2376 tam
843 2319 1037 2373 multos
1078 2315 1278 2370 liberos
1325 2309 1590 2380 pepererit
1641 2303 1914 2367 Ecclesia,

338 2397 446 2475 non
474 2418 577 2472 illis
603 2415 784 2469 itidem
815 2411 867 2466 in
898 2407 1119 2476 singulis
1148 2403 1390 2458 collectis
1418 2441 1431 2465 ,
1461 2398 1557 2454 sed
1589 2398 1637 2450 in
1667 2397 1801 2449 festo
1826 2407 1918 2446 so-

339 2508 612 2566 lummodo
647 2504 746 2558 frui
789 2501 972 2571 possit.
995 2499 1236 2564 Quanta,
1270 2507 1481 2563 quasso,
1515 2489 1604 2542 illa
1631 2484 1921 2557 spiritualis

336 2601 619 2659 exsultatio
639 2598 796 2661 foret,
815 2601 1073 2664 quantum
1098 2587 1366 2660 gaudium,
1389 2591 1587 2654 quanta
1619 2579 1710 2634 Dei
1729 2575 1916 2647 gloria,

336 2706 532 2768 quanta
564 2693 761 2748 utilitas
786 2688 1081 2743 animarum
1107 2725 1122 2750 ,
1153 2681 1198 2736 si
1224 2679 1466 2736 collectae
1503 2674 1760 2744 cujusque
1788 2679 1923 2724 tem-

337 2762 469 2861 pore
493 2788 572 2841 sic
601 2783 802 2854 repleta
827 2777 1066 2833 ecclesia:
1083 2782 1231 2842 septa
1253 2764 1628 2826 cerneremus?
1647 2762 1762 2817 Jam
1792 2774 1920 2814 vero

338 2854 512 2937 nauta:
565 2876 780 2947 quidem
827 2885 888 2925 ac
923 2868 1307 2937 gubernatores
1341 2858 1520 2914 omnia
1562 2854 1840 2916 efficiunt,
1867 2857 1924 2903 ut

339 2975 553 3046 pelagus
583 2967 783 3025 emensi
811 3008 825 3032 ,
859 2963 1069 3018 tandem
1108 2958 1174 3012 ad
1204 2961 1410 3026 portum
1439 2947 1791 3020 perveniant:
1825 2956 1923 2996 nos

338 3038 525 3123 contra
556 3065 608 3118 in
639 3061 746 3114 alto
775 3057 906 3112 mari
939 3055 1196 3107 ﬂuctuare
1229 3043 1601 3102 contendimus
1625 3079 1641 3107 ,
1668 3038 1793 3093 dum
1824 3051 1926 3090 sm-

286 3134 292 3224 ξ
339 3159 599 3214 cularimn
629 3149 959 3222 negotiorum
993 3141 1240 3213 procellis
1266 3151 1478 3206 semper
1501 3131 1778 3187 obruimur
1803 3168 1819 3192 ,
1848 3133 1928 3178 at-

339 3265 444 3321 que
474 3248 525 3301 in
559 3245 686 3300 foris
704 3219 762 3296 et
789 3235 1142 3294 tribunalibus
1164 3229 1400 3301 judicum
1424 3227 1705 3295 iactamur,
1727 3219 1812 3273 hic
1834 3233 1929 3271 au-

342 3351 450 3396 tem
476 3336 641 3393 semel
667 3342 756 3388 aut
781 3331 972 3385 iterum
1005 3327 1090 3380 vix
1123 3332 1236 3377 toto
1262 3334 1404 3373 anno
1429 3325 1818 3384 comparemus.

414 3432 639 3488 Ecclesia
680 3435 876 3501 portus.
901 3453 971 3465 ---
996 3422 1076 3476 An
1107 3433 1234 3473 vero
1274 3414 1527 3486 ignoratis
1555 3451 1570 3476 ,
1605 3419 1661 3464 ut
1703 3408 1754 3461 in
1797 3404 1930 3459 mari

341 3532 559 3595 portus,
584 3498 964 3574 sic'ccclesias
1007 3512 1174 3566 Deum
1225 3508 1276 3561 in
1317 3503 1539 3560 urbibus
1575 3498 1808 3554 erexisse
1833 3535 1847 3560 ,
1876 3502 1934 3549 ut

339 3589 369 3670 ᾖ
420 3611 736 3668 tumultuum
779 3600 1113 3660 saecularium
1156 3596 1370 3652 turbine
1423 3594 1527 3647 huc
1566 3589 1932 3658 confugientes

340 3681 549 3760 summa
589 3696 965 3768 tranquillitate
1011 3687 1309 3761 potiamur?
1337 3684 1454 3738 Non
1495 3682 1637 3735 enim
1675 3679 1930 3732 ﬂuctuum

344 3799 430 3852 hic
458 3804 538 3850 est
570 3785 960 3848 reformidanda
989 3788 1276 3850 tempestas
1296 3819 1310 3840 ,
1342 3791 1446 3830 non
1473 3774 1736 3827 latronum
1757 3770 1933 3822 incur-

343 3891 523 3946 siones
558 3929 572 3953 ,
616 3899 721 3939 non
767 3879 1074 3948 eruptiones
1123 3870 1430 3943 praedonum
1459 3908 1474 3934 ,
1502 3879 1608 3920 non
1653 3871 1929 3917 ventorum

345 3983 603 4050 impetus,
636 3990 739 4029 non
766 3971 971 4027 insidia:
1002 3966 1295 4021 helluarum
1323 3981 1336 4016 :
1367 3969 1550 4030 portus
1575 3958 1716 4012 enim
1743 3963 1826 4008 est
1865 3953 1932 4006 ab

346 4046 438 4128 his
455 4069 701 4126 omnibus
744 4065 995 4119 immunis
1024 4074 1086 4113 ac
1115 4058 1281 4122 liber,
1311 4062 1499 4125 portus
1525 4059 1608 4105 est
1635 4046 1931 4118 spiritualis

346 4153 668 4221 animarum.
717 4159 889 4228 Atque
921 4169 1107 4210 eorum
1154 4166 1274 4221 qua:
1320 4147 1429 4202 dixi
1459 4142 1769 4212 vosmetipsi
1803 4137 1932 4193 mihi

347 4266 515 4314 testes
539 4253 685 4310 estis.
721 4251 776 4305 Si
801 4251 916 4318 quis
943 4247 1082 4302 enim
1113 4251 1347 4297 vestrum
1375 4235 1758 4293 conscientiam
1780 4247 1932 4288 suam

347 4346 679 4409 excusserit,
714 4343 932 4396 multam
988 4339 1129 4392 intus
1175 4333 1408 4402 reperiet
1453 4327 1930 4398 tranquillitatem:

349 4455 456 4494 non
484 4436 625 4492 enim
653 4436 728 4488 ira
752 4431 1018 4502 negotium
1050 4425 1282 4490 facessit,
1309 4437 1413 4476 non
1437 4418 1698 4489 cupiditas
1723 4414 1932 4470 inﬂam-

351 4543 461 4589 mat
489 4572 504 4598 ,
538 4545 642 4583 non
688 4526 882 4582 invidia
921 4521 1167 4577 tabefacit
1192 4560 1206 4584 ,
1254 4533 1360 4572 non
1393 4513 1542 4570 inﬂat
1591 4509 1890 4582 arrogantia
1915 4549 1931 4578 ,

350 4640 458 4680 non
497 4622 670 4677 inanis
715 4618 896 4689 gloriae
927 4629 1079 4669 amor
1117 4608 1446 4678 corrumpit;
1472 4606 1564 4661 sed
1620 4609 1936 4660 coercentur

349 4729 540 4771 omnes
563 4712 647 4766 hae
673 4710 866 4766 bellum
885 4747 899 4770 ,
931 4720 1050 4760 cum
1081 4704 1309 4774 primum
1335 4742 1349 4766 ,
1382 4697 1531 4768 quasi
1557 4693 1823 4765 quoddam
1848 4692 1932 4746 di-

353 4806 534 4860 vinum
571 4814 788 4857 carmen
812 4838 827 4861 ,
851 4809 1124 4849 sacrarum
1167 4791 1367 4846 auditio
1408 4789 1801 4856 Scripturarutn
1839 4795 1936 4852 per

352 4909 511 4951 aures
531 4895 582 4948 in
611 4891 842 4945 animam
876 4885 1131 4955 cujusque
1157 4879 1488 4953 penetravit,
1511 4886 1567 4933 et
1593 4875 1710 4932 illas
1732 4873 1936 4928 alienas

353 5003 385 5043 a
417 4985 622 5040 ratione
650 4977 1076 5052 perturbationes
1105 4971 1320 5042 sopivit.
1343 4971 1473 5037 Quis
1504 4982 1609 5022 non
1655 4966 1814 5036 igitur
1841 4976 1936 5018 eos

351 5077 438 5130 vel
477 5071 868 5129 infelicissimos
909 5065 1147 5136 iudicet,
1200 5061 1288 5129 qui
1327 5073 1451 5115 cum
1491 5067 1689 5112 tamam
1729 5069 1934 5110 morum

352 5164 690 5222 sanctitatem
717 5166 932 5231 possent
956 5153 1214 5225 adipisci,
1243 5167 1346 5206 non
1376 5150 1590 5204 assidue
1617 5155 1896 5203 versentur
1919 5187 1934 5211 ,

353 5273 416 5312 ac
437 5257 694 5312 ventitent
719 5253 782 5307 ad
813 5262 1146 5306 communem
1172 5245 1407 5301 omnium
1439 5252 1728 5313 parentem,
1750 5240 1942 5295 Eccle—

356 5349 489 5405 siam
527 5344 814 5400 nimirum?
838 5343 1045 5398 Etenim
1076 5353 1236 5410 quam
1266 5336 1476 5391 tandem
1504 5348 1623 5389 esse
1649 5334 1742 5389 tibi
1772 5333 1940 5402 magis

420 5518 493 5581 (α)
517 5516 692 5581 collata
713 5528 822 5581 cum
845 5513 988 5562 codd.
1008 5509 1274 5581 Regii)“,
1303 5509 1439 5570 l9'76,
1462 5507 1545 5570 qui
1565 5508 1688 5581 mire
1707 5504 1941 5581 dide-runt

358 5569 439 5631 ab‘
467 5569 645 5637 Editis;
672 5577 935 5637 praecipuas
967 5569 1133 5637 solum
1161 5572 1398 5637 lectiones
1428 5569 1780 5621 adnotavimus.
1820 5573 1940 5617 Item

358 5653 470 5691 cum
493 5632 650 5702 Regiis
669 5632 956 5699 2026,2343
972 5643 1024 5686 et
1043 5633 1252 5685 Oolbert.
1273 5632 1385 5683 970.

2025 1745 2350 1802 fructuosam
2379 1747 2782 1817 occupationem
2809 1748 3016 1804 causari
3045 1751 3216 1819 possis
3237 1760 3329 1806 aut
3358 1767 3606 1824 congres-

2022 1851 2141 1891 sum
2171 1837 2470 1892 utiliorem?
2489 1837 2753 1907 quodnam
2781 1848 2957 1893 autem
2996 1840 3450 1910 impedimentum,
3479 1862 3602 1915 quo-

2024 1928 2200 1982 minus
2240 1928 2326 1982 hic
2363 1929 2643 1983 nobiscum
2671 1930 2933 1984 verseris?
2957 1929 3329 2001 Paupertatem
3359 1935 3607 1991 nimirum

2025 2020 2116 2074 tibi
2143 2020 2523 2090 impedimento
2543 2035 2663 2076 esse
2690 2021 2856 2088 dices,
2894 2027 3180 2092 quominus
3202 2026 3457 2092 praeclaro
3484 2027 3606 2082 huic

2022 2115 2184 2176 metui
2228 2115 2560 2176 intet‘siszat
2601 2114 2835 2192 legitima
2886 2131 2992 2168 non
3037 2125 3118 2169 est
3161 2115 3274 2169 huic
3313 2120 3606 2173 excusatio.

2021 2215 2236 2284 Septem
2283 2214 2442 2268 habet
2487 2215 2601 2270 dies
2639 2215 2970 2271 hebdomada
3001 2234 3014 2269 :
3043 2212 3222 2272 divisit
3261 2211 3358 2272 hos
3402 2223 3604 2288 septem

2022 2306 2298 2361 nobiscum
2327 2305 2489 2370 Deus,
2512 2321 2686 2375 neque
2709 2307 2809 2361 sibi
2835 2306 3048 2375 quidem
3077 2309 3337 2376 potiorem
3361 2321 3564 2378 partem
3589 2349 3606 2372 ,

2022 2397 2176 2452 nobis
2204 2406 2381 2451 autem
2408 2397 2670 2450 minorem
2696 2397 2979 2466 impertiit;
3012 2397 3120 2451 imo
3151 2414 3216 2452 ne
3247 2399 3454 2452 induas
3481 2401 3605 2468 qui-

2027 2489 2150 2543 dem
2179 2489 2410 2557 aequales
2437 2499 2613 2557 partes
2639 2503 2732 2543 eas
2762 2487 3066 2551 distribuit;
3092 2504 3195 2541 non
3233 2489 3330 2542 sibi
3378 2500 3484 2543 tres
3527 2505 3610 2544 ass

2024 2583 2250 2650 sumpsit
2273 2622 2289 2648 ,
2315 2590 2528 2651 tresque
2556 2582 2775 2651 largitus
2799 2589 2880 2636 est
2907 2599 2920 2635 :
2948 2597 3132 2636 verum
3155 2583 3245 2636 tibi
3278 2584 3491 2652 quidem
3520 2599 3612 2640 sex

2029 2673 2305 2742 impertiit,
2330 2689 2488 2726 unam
2518 2687 2647 2727 vero
2673 2673 2772 2727 sibi
2804 2672 3020 2742 reliquit
3047 2689 3062 2725 :
3092 2687 3190 2727 nec
3228 2673 3278 2726 in
3313 2674 3410 2727 hac
3437 2682 3610 2726 tamen

2029 2775 2137 2820 tota
2179 2781 2210 2819 a
2264 2766 2489 2836 negotiis
2532 2765 2877 2820 saecularibus
2919 2765 3187 2820 abstinere
3215 2765 3449 2835 dignaris
3474 2808 3488 2830 ,
3518 2766 3611 2821 sed

2030 2857 2134 2912 hoc
2174 2858 2345 2926 ipsum
2386 2858 2529 2927 quod
2574 2857 2776 2912 faciunt
2802 2857 2893 2926 qui
2919 2871 3100 2912 sacras
3125 2859 3377 2926 pecunias
3413 2858 3616 2927 deprae-

2029 2950 2222 3004 dantur
2250 2989 2265 3014 ,
2298 2961 2352 3003 tu
2383 2950 2479 3004 hac
2505 2950 2665 3004 etiam
2707 2949 2793 3004 die
2823 2959 3034 3018 patrare
3065 2951 3230 3005 audes
3263 2967 3275 3003 :
3304 2951 3428 3004 dmn
3476 2952 3616 3004 illam

2025 3042 2133 3111 jam
2157 3051 2393 3096 sanctam
2410 3050 2465 3096 et
2483 3041 2834 3109 Spiritualium
2865 3042 3198 3109 eloquiorum
3220 3043 3474 3096 auditioni
3492 3057 3620 3096 cou~

2032 3143 2292 3216 secqatam
2336 3132 2596 3202 surripis,
2621 3142 2677 3188 et
2722 3132 2786 3186 ad
2833 3132 3122 3186 saeculares
3165 3147 3322 3186 curas
3350 3133 3618 3188 almtcndo

2034 3224 2286 3278 traducis.
2320 3223 2427 3277 Sed
2455 3224 2581 3292 quid
2603 3237 2702 3292 ego
2732 3221 2798 3276 de
2827 3222 3034 3290 integro
3063 3222 3149 3275 die
3175 3222 3410 3291 loquor?
3437 3223 3518 3277 vel
3565 3223 3615 3277 id

2034 3331 2226 3379 unum,
2255 3313 2397 3384 quod
2433 3315 2484 3367 in
2511 3313 2849 3383 eleemosyna
2873 3312 3030 3366 vidua
3080 3311 3206 3366 fecit
3231 3353 3244 3375 ,
3277 3322 3328 3365 tn
3368 3313 3416 3365 in
3466 3313 3619 3382 hujus

2033 3408 2138 3463 diei
2169 3417 2405 3476 tempore
2423 3406 2763 3460 facitozsicut
2783 3405 2870 3459 illa
2898 3404 3030 3458 duos
3053 3403 3240 3458 obolos
3261 3404 3402 3457 misit
3424 3404 3616 3474 (Marc.

2038 3501 2124 3555 12.
2147 3501 2234 3555 42.
2266 3498 2423 3570 sqq.),
2447 3498 2772 3565 multamque
2796 3511 2825 3549 a
2861 3496 2969 3549 Dco
2994 3496 3215 3565 gratiam
3248 3495 3393 3547 initit
3423 3512 3438 3548 :
3467 3496 3542 3546 sie
3567 3506 3621 3548 et

2039 3601 2091 3647 tu
2123 3592 2254 3646 duas
2284 3591 2440 3644 horas
2465 3590 2571 3647 Deo
2591 3585 2865 3643 commoda
2885 3625 2903 3653 ,
2932 3595 2987 3640 et
3013 3594 3383 3639 sescentorum
3415 3585 3620 3641 dierum

2039 3683 2242 3738 lucrum
2287 3683 2338 3734 in
2379 3682 2596 3735 domum
2639 3689 2780 3733 tuam
2826 3677 3155 3744 importabis.
3186 3676 3338 3743 Quod
3380 3678 3422 3728 si
3453 3676 3499 3729 id
3525 3676 3621 3730 de-

2039 3783 2253 3837 trectes,
2285 3772 2404 3827 vide
2428 3787 2496 3826 ne
2521 3770 2678 3837 forte,
2709 3771 2832 3823 dum
2858 3767 2922 3821 ad
2949 3768 3192 3837 exiguum
3227 3769 3476 3835 temporis
3497 3783 3624 3837 spa-

2039 3868 2169 3920 tium
2194 3866 2419 3935 teipsum
2447 3880 2552 3918 non
2583 3864 2662 3916 vis
2688 3877 2718 3915 a
2750 3860 2974 3914 terrenis
3006 3860 3164 3912 lueris
3194 3874 3418 3911 avocare
3439 3899 3451 3918 ,
3487 3862 3626 3912 intr-

2036 3971 2251 4026 grorum
2293 3969 2552 4009 annorum
2597 3952 2806 4008 labores
2842 3950 3074 4007 amittas.
3103 3951 3249 4008 Solet
3291 3951 3434 4008 enim
3487 3957 3626 4010 Deus

1987 4081 1992 4085 -
2039 4066 2159 4106 cum
2189 4059 2524 4118 contemptus
2561 4046 2721 4102 fuerit
2750 4046 3003 4102 collectas
3038 4047 3287 4116 pecunias
3315 4047 3573 4116 dissipare
3606 4067 3618 4098 :

2037 4143 2179 4214 quod
2206 4152 2260 4197 et
2284 4142 2480 4198 Iudaeis
2500 4141 2791 4196 minitando
2817 4140 3024 4194 dicebat
3051 4180 3064 4204 ,
3097 4141 3344 4209 quoniam
3371 4141 3624 4194 sollicitu—

2039 4239 2218 4293 dinem
2275 4235 2458 4306 templi
2504 4249 2716 4288 omnem
2768 4232 3092 4301 abjiciebant
3127 4251 3139 4284 :
3176 4230 3428 4284 lntulistis
3472 4249 3530 4284 ea
3572 4233 3624 4284 in

2039 4331 2214 4408 domos
2244 4337 2428 4382 vestras
2449 4368 2463 4392 ,
2493 4336 2536 4378 et
2565 4324 2834 4395 exim/“ﬂavi
2863 4340 2921 4376 ea
2940 4364 2954 4386 ,
2985 4323 3106 4376 dicit
3135 4321 3377 4374 Dominus
3422 4318 3624 4389 (Aggn'i

2042 4421 2068 4477 1
2091 4423 2167 4494 9).
2187 4419 2320 4486 Quid
2350 4417 2488 4470 enim
2513 4457 2527 4479 ,
2558 4428 2760 4484 quaeso,
2786 4428 2852 4467 ex
2880 4413 2942 4467 iis
2961 4454 2975 4478 ,
2999 4427 3117 4481 qua:
3139 4412 3432 4465 necessaria
3464 4421 3620 4473 sunt,

2042 4521 2094 4566 te
2138 4510 2429 4580 poterimus
2464 4508 2658 4562 docere
2683 4549 2698 4573 ,
2727 4521 2846 4560 cum
2893 4505 3058 4560 semel
3098 4513 3190 4558 aut
3233 4504 3423 4558 iterum
3472 4507 3625 4558 annis

2040 4603 2259 4671 singulis
2284 4601 2349 4654 ad
2381 4615 2474 4654 nos
2504 4601 2730 4654 ventites
2755 4637 2770 4662 ,
2798 4596 2864 4653 de
2891 4597 3065 4651 anima
3095 4595 3341 4650 nimirum
3361 4636 3374 4659 ,
3407 4595 3474 4650 de
3501 4611 3625 4650 cor-

2044 4709 2191 4763 pore,
2219 4692 2285 4748 de
2316 4690 2733 4756 immortalitate,
2763 4690 2830 4744 de
2849 4705 3012 4759 regno
3032 4689 3306 4753 cailorum,
3335 4687 3402 4741 de
3431 4689 3622 4757 pmnis,

2042 4785 2108 4840 de
2135 4784 2398 4855 gehenna,
2423 4783 2490 4837 de
2522 4782 2614 4836 Dei
2644 4781 3064 4850 longanimitate,
3097 4779 3164 4833 de
3192 4777 3538 4846 indulgentia,
3558 4777 3626 4830 de

2045 4875 2353 4946 ιιωιιὶιθηιίει
2373 4916 2388 4940 ,
2410 4873 2477 4928 de
2521 4872 2804 4941 baptismo,
2832 4870 2899 4923 de
2925 4868 3237 4922 remissione
3265 4877 3622 4935 peccatorum,

2042 4970 2110 5025 de
2139 4969 2256 5023 istis
2285 4966 2465 5020 mundi
2512 4979 2634 5019 cum
2678 4961 2971 5031 superioris
3026 4970 3134 5014 tum
3181 4958 3447 5012 inferioris
3473 4972 3622 5012 crea~

2043 5061 2197 5126 turis,
2221 5059 2290 5113 de
2319 5057 2591 5111 hominum
2613 5064 2797 5108 natura
2817 5093 2830 5116 ,
2855 5051 2922 5105 de
2947 5051 3166 5120 angelis,
3195 5048 3262 5103 de
3290 5047 3634 5117 improbitate

2044 5153 2342 5208 daemonum
2363 5189 2377 5212 ,
2400 5148 2467 5201 de
2490 5144 2685 5200 diaboli
2707 5141 2978 5196 fraudibus
2999 5181 3013 5204 ,
3043 5139 3112 5195 de
3137 5137 3373 5192 moribus
3393 5178 3408 5201 ,
3434 5137 3500 5192 dc
3527 5136 3629 5190 do-

2043 5241 2308 5312 gmatibus
2325 5278 2341 5304 ,
2369 5239 2436 5294 de
2461 5245 2604 5291 recta
2631 5234 2735 5289 ﬁde
2757 5275 2772 5301 ,
2803 5233 2871 5287 de
2894 5231 3157 5299 corruptis
3195 5226 3524 5284 haeresibus?
3549 5227 3627 5280 si-

2043 5333 2254 5404 quidem
2281 5331 2379 5384 ista
2401 5339 2454 5384 et
2475 5327 2642 5381 multo
2667 5325 2812 5396 plura
2841 5337 2999 5378 nosse
3016 5322 3372 5376 Christianum
3398 5327 3627 5386 oportet,

2046 5427 2342 5494 horumque
2392 5419 2628 5475 omnium
2677 5417 2898 5473 reddere
2924 5415 3182 5471 rationem
3223 5414 3287 5468 iis
3320 5413 3408 5482 qui
3448 5409 3629 5464 scisci-

2047 5528 2245 5575 tentur.
2275 5516 2382 5571 Vos
2415 5527 2542 5567 vero
2569 5528 2636 5566 ne
2661 5511 2933 5566 minimam
2963 5506 3174 5578 quidem
3217 5504 3404 5558 horum
3447 5510 3630 5555 tenere

2005 5659 2008 5662 λ
2048 5621 2253 5685 partem
2297 5605 2534 5679 poteritis
2559 5643 2576 5671 ,
2622 5603 2667 5659 si
2712 5603 2879 5658 semel
2920 5599 3041 5667 hic,
3073 5598 3230 5668 idque
3272 5591 3630 5667 perfunctorie
