4100 6462
577 276 684 332 565

575 391 930 460 conveniatis,
960 405 1060 448 nec
1087 399 1193 447 tam
1223 368 1442 462 proptér
1464 391 1657 446 animae
1685 390 1938 462 pietatem
1957 433 1973 458 ,
2005 405 2166 461 quam

581 494 801 554 propter
825 483 1266 538 consuetudinem
1288 482 1639 538 solemnitatis
1662 500 1676 537 :
1700 483 1787 536 vix
1813 484 1954 538 enim
1984 483 2175 552 cuique

579 576 880 631 assistendo
902 577 1162 643 collectae,
1195 575 1387 646 aliquis
1412 590 1476 630 ex
1503 575 1752 629 omnibus
1781 586 1963 628 cxzcte
1993 584 2177 643 posset

575 667 756 721 omnia
786 668 871 722 illa
908 667 1138 723 discere.
1167 668 1365 724 Servos
1393 667 1602 722 habetis
1631 667 1782 722 multi
1809 707 1824 732 ,
1852 665 2042 721 horum
2085 667 2174 738 qui

579 760 665 814 hic
690 760 902 824 adsunt,
936 770 989 815 et
1015 761 1154 814 ﬁlios
1177 780 1194 815 τ
1215 775 1444 831 cumque
1470 760 1588 814 illos
1608 760 1800 815 artium
1833 759 2099 829 magistris
2122 763 2175 813 in

575 852 912 923 disciplinam
943 855 1152 908 tradere
1179 853 1358 914 vultis,
1389 868 1522 922 quos
1551 852 1853 922 elegeritis,
1877 862 2174 906 vestrarum

577 944 686 998 illis
706 944 900 999 aedium
931 944 1518 1015 ingressuinterdicitis
1543 945 1737 1012 semel,
1765 945 1853 1000 ubi
1883 945 2174 1015 stragulam

577 1046 819 1104 vestem,
876 1038 1072 1092 cibaria
1117 1053 1440 1108 onmemque
1489 1038 1648 1092 aliam
1697 1038 2079 1108 supellectilem
2122 1046 2176 1090 ct

577 1140 889 1200 apparatum
927 1130 1305 1200 suppeditastis
1336 1147 1349 1184 :
1380 1147 1484 1185 una
1512 1145 1631 1184 cum
1663 1131 1915 1199 magistro
1963 1129 2176 1183 habita-

580 1236 691 1278 tum
748 1224 955 1278 mittitis
987 1265 1002 1289 ,
1046 1239 1109 1278 ac
1166 1240 1235 1278 ne
1277 1223 1495 1278 domum
1534 1232 1766 1278 vestram
1809 1222 2001 1277 adeant
2049 1237 2176 1292 pro-

579 1313 774 1368 hibetis
806 1332 819 1368 :
847 1324 922 1377 ut,
952 1315 1079 1370 dum
1121 1314 1192 1368 ibi
1221 1314 1477 1370 continue
1505 1323 1820 1378 versantur,
1856 1312 2062 1367 facilius
2089 1328 2177 1367 ar-

580 1413 689 1457 tem
710 1403 970 1470 ediscant,
997 1420 1098 1458 nec
1119 1405 1224 1459 ulla
1253 1403 1608 1459 soilicitudine
1631 1404 1866 1459 studium
1889 1405 2099 1458 illorum
2123 1413 2177 1457 et

577 1496 860 1563 occupatio
876 1495 1264 1566 interpellctur.
1279 1495 1398 1550 Jam
1417 1510 1545 1550 vero
1566 1510 1687 1549 cum
1707 1511 1812 1549 non
1833 1495 2064 1563 vulgaris
2089 1510 2178 1549 ars

578 1585 847 1654 quaedam,
864 1586 957 1640 sed
979 1587 1215 1639 omnium
1238 1586 1469 1639 maxima
1491 1585 1644 1639 vobis
1661 1585 1730 1640 sit
1752 1585 2057 1651 ediscenda,
2072 1601 2178 1655 quo

579 1687 737 1744 pacto
755 1675 863 1729 Deo
876 1675 1190 1743 placendum
1208 1675 1296 1739 sit,
1312 1684 1365 1728 et
1383 1675 1614 1729 cmlestia
1629 1674 1766 1729 bona
1779 1674 2174 1744 consequenda,

579 1765 938 1835 perfunctorie
966 1780 1062 1819 vos
1093 1765 1144 1819 id
1176 1765 1434 1835 perﬁcere
1462 1780 1618 1834 posse
1643 1767 1878 1820 censetis
1902 1767 1926 1819 '!
1954 1765 2178 1831 Quantae

580 1855 704 1924 hoc,
737 1871 940 1927 quzeso,
970 1866 1054 1911 est
1072 1856 1392 1912 dementiae?
1414 1856 1547 1911 Nam
1574 1856 1911 1926 disciplinam
1933 1871 2055 1911 esse
2075 1856 2180 1911 hoc

577 1949 849 2019 negotium
876 1989 892 2016 ,
921 1948 1063 2019 quod
1103 1948 1324 2003 multam
1363 1947 1532 2019 exigit
1577 1948 1960 2013 attentionem,
1988 1962 2054 2002 ex
2093 1946 2177 2002 his

575 2039 883 2110 cognoscite
915 2055 929 2092 :
961 2039 1184 2106 Discite,
1213 2039 1418 2109 inquit,
1447 2056 1479 2092 a
1506 2054 1583 2092 me
1604 2079 1619 2104 ,
1653 2039 1773 2110 quia
1816 2039 1952 2092 mitis
1989 2055 2104 2092 sum
2131 2045 2186 2092 et

577 2132 787 2186 humilis
830 2131 983 2186 corde
1017 2131 1232 2203 (Matth.
1273 2133 1362 2188 il.
1391 2131 1488 2200 29)
1518 2149 1532 2186 :
1559 2141 1615 2187 et
1653 2146 1842 2186 rursus
1873 2132 2131 2202 propheta
2158 2148 2176 2188 :

587 2223 794 2290 Venite,
823 2226 958 2294 filii,
983 2225 1156 2281 audite
1193 2241 1314 2279 me:
1339 2226 1571 2279 timorem
1613 2223 1820 2279 Domini
1865 2224 2052 2279 docebo
2089 2241 2179 2281 vos

575 2315 751 2375 (Psat.
779 2317 868 2370 53.
897 2315 988 2386 12)
1019 2334 1032 2370 :
1063 2326 1120 2371 et
1149 2316 1340 2371 iterum
1373 2335 1387 2369 :
1428 2314 1617 2370 Vacate
1649 2324 1699 2370 et
1730 2315 1892 2370 videte
1939 2317 2179 2386 quoniam

575 2422 669 2477 ego
691 2422 802 2460 sum
826 2404 966 2460 Deus
994 2407 1013 2477 (
1037 2404 1180 2461 Psal.
1207 2407 1296 2462 45.
1329 2407 1386 2460 Η
1413 2406 1453 2477 ).
1484 2405 1667 2476 Itaque
1709 2406 1874 2461 multa
1913 2420 2050 2476 opus
2093 2414 2178 2461 est

575 2500 857 2555 vacatione
879 2499 972 2564 illi,
995 2500 1084 2568 qui
1106 2498 1243 2554 hanc
1265 2514 1472 2554 morum
1497 2497 1836 2569 disciplinam
1861 2508 1916 2554 et
1940 2498 2180 2568 philoso-

579 2590 762 2662 phiam
787 2590 890 2646 sibi
920 2589 1149 2644 voluerit
1175 2604 1517 2659 comparare.
1737 2601 1742 2605 ‘

646 2680 702 2734 2.
727 2680 860 2734 Duce
887 2681 1232 2752 apparitiones
1258 2679 1483 2746 Christi;
1513 2697 1604 2734 cur
1630 2697 1732 2735 non
1755 2680 1863 2735 dies
1887 2689 2026 2734 ortus
2049 2719 2066 2746 ,
2091 2678 2180 2734 sed

575 2772 684 2827 dies
695 2771 930 2843 baptismi
941 2771 1571 2842 Epipltania.Miraculum
1581 2773 1717 2827 circa
1727 2773 2174 2842 baptismiaquam.

574 2892 650 2907 -—
675 2863 870 2919 Verum
903 2880 971 2920 ne
1009 2874 1219 2936 tempus
1255 2879 1416 2920 omne
1454 2865 1510 2920 in
1535 2879 1719 2920 eorum
1764 2863 2180 2935 reprehensione

575 2963 957 3024 conteramus,
979 2957 1071 3027 qui
1106 2957 1281 3012 solent
1308 2957 1535 3022 abesse,
1570 2955 1655 3012 his
1683 2971 1804 3028 quae
1840 2955 1909 3011 ad
1941 2956 2177 3026 ipsorum

576 3047 954 3117 negligentiam
984 3047 1353 3118 corrigendam
1405 3055 1533 3102 sunt
1577 3046 1719 3102 dicta
1764 3047 2002 3103 contenti
2033 3087 2050 3115 ,
2077 3061 2179 3118 age

573 3139 828 3210 quiddam
841 3139 910 3195 de
931 3140 1180 3210 praesenti
1196 3141 1536 3196 solemnitate
1555 3140 2017 3232 pbilosophemura
2039 3141 2172 3196 Nam

573 3232 728 3287 multi
755 3233 970 3303 quidem
1000 3233 1132 3288 festa
1152 3234 1427 3290 celebrant
1476 3232 1552 3307 (a)
1577 3275 1592 3301 ,
1620 3241 1676 3290 et
1719 3236 1934 3290 nomina
1987 3250 2175 3290 eorum

577 3334 876 3390 noverunt,
909 3324 1160 3381 historias
1185 3335 1363 3381 autem
1401 3335 1457 3380 et
1485 3328 1833 3393 occasiones,
1859 3328 1999 3382 unde
2041 3313 2175 3383 ortae

571 3427 738 3482 sunt,
787 3435 891 3472 non
949 3429 1236 3474 noverunt.
1279 3421 1454 3488 Atque
1499 3418 1855 3488 Epiphaniam
1917 3419 2171 3489 quidem,

571 3510 686 3565 sive
729 3511 1146 3580 apparitionem,
1177 3511 1284 3566 dici
1345 3511 1484 3566 hanc
1521 3512 1885 3567 celebritatem
1925 3512 2174 3568 omnibus

572 3601 759 3671 liquet,
793 3602 908 3657 haec
936 3617 1063 3657 vero
1086 3602 1347 3671 apparitio
1379 3617 1624 3672 quaenam
1652 3603 1754 3669 sit,
1777 3611 1830 3658 et
1855 3613 2031 3657 utrum
2060 3619 2164 3658 una

571 3693 644 3746 sit
689 3709 754 3746 an
781 3692 899 3748 dua-
921 3735 935 3758 ,
971 3692 1023 3747 id
1054 3708 1159 3747 non
1191 3694 1316 3747 item
1350 3701 1650 3754 noverunt;
1681 3703 1736 3749 et
1777 3694 1920 3763 quod
1964 3708 2169 3748 summa

572 3782 862 3836 notandum
895 3783 1178 3854 ignominia
1201 3784 1417 3854 risuque
1439 3783 1654 3853 dignum
1681 3795 1759 3840 est
1775 3827 1790 3852 ,
1808 3800 1928 3840 cum
1951 3786 2172 3856 singulis

571 3877 729 3930 annis
748 3877 1139 3932 solemnitatem
1161 3876 1316 3931 istam
1339 3877 1635 3943 celebrent,
1657 3878 1774 3948 ejus
1795 3889 2166 3948 argumentum

569 3975 626 4022 et
640 3969 973 4023 occasionem
999 3969 1261 4039 ignorant.
1286 3969 1520 4023 Primum
1544 3969 1703 4039 igitur
1721 3985 1900 4040 operae
1940 3972 2167 4042 pretium

570 4068 652 4114 est
667 4061 876 4114 caritati
899 4069 1092 4116 vestra:
1110 4061 1343 4116 indicare
1363 4077 1469 4116 non
1508 4078 1669 4117 unam
1696 4079 1817 4119 esse
1843 4073 2045 4120 tantum
2067 4082 2167 4135 ap-

571 4152 888 4220 paritionem
910 4195 924 4216 ,
949 4153 1041 4207 sed
1081 4153 1210 4208 duas
1237 4171 1250 4206 :
1277 4170 1382 4208 una
1413 4154 1626 4224 quidem
1673 4164 1756 4209 est
1791 4157 1890 4209 ista
1927 4172 2166 4226 prtcsens

567 4258 689 4312 qutc
717 4243 826 4312 jam
850 4245 1101 4313 contigit;
1132 4245 1298 4299 altera
1323 4260 1452 4298 vero
1501 4261 1620 4314 quae
1667 4246 1839 4300 futura
1871 4255 1986 4312 est,
2011 4257 2066 4302 et
2111 4248 2164 4303 in

565 4337 1026 4392 consummatione
1068 4338 1250 4392 surculi
1286 4354 1406 4392 cum
1453 4339 1738 4407 splendore
1785 4349 1840 4394 et
1877 4341 2042 4410 gloria
2081 4350 2166 4397 est

567 4437 844 4482 eventura.
880 4431 954 4484 Ac
981 4429 1049 4485 de
1077 4439 1302 4500 utraque
1344 4429 1556 4485 illarum
1586 4433 1806 4487 Paulum
1839 4433 1999 4489 hodie
2043 4436 2164 4491 Tito

566 4520 919 4577 disserentem
947 4523 1188 4590 audistis,
1222 4534 1380 4593 atque
1408 4525 1458 4578 in
1492 4524 1606 4580 haec
1630 4527 1789 4581 verba
1819 4527 1886 4581 de
1915 4529 2163 4596 praesenti

565 4613 781 4680 quidem
824 4613 1154 4682 loquentem,
1187 4616 1436 4685 Apparuit
1462 4619 1626 4688 gratia
1655 4617 1754 4672 Dei
1776 4621 2016 4675 salutaris
2055 4638 2163 4675 om-

569 4702 715 4756 nibus
742 4704 1047 4770 hominibus,
1069 4707 1301 4760 erudiens
1322 4725 1434 4774 nos,
1459 4720 1513 4762 ut
1531 4710 1835 4779 abnegantes
1855 4712 2163 4775 impietatem

564 4805 612 4849 et
641 4797 908 4849 stecularia
933 4798 1201 4864 desideria,
1231 4798 1394 4852 sobrie
1419 4811 1464 4854 et
1481 4803 1623 4870 juste
1651 4810 1698 4854 et
1733 4804 1814 4872 pie
1846 4804 2070 4858 vivamus
2109 4805 2170 4856 in

563 4888 657 4940 hoc
685 4889 870 4942 stcculo
890 4903 909 4942 :
935 4888 1002 4944 de
1030 4888 1202 4943 futura
1230 4907 1377 4957 vero,
1404 4891 1765 4962 Exspectantes
1793 4895 1988 4949 beatam
2023 4913 2162 4966 spem

565 4989 612 5031 et
635 4979 902 5034 adventum
932 4982 1112 5052 gloria:
1136 4984 1310 5054 magni
1347 4984 1440 5038 Dei
1466 4995 1512 5039 et
1541 4987 1824 5042 Saluatoris
1852 4991 2013 5043 nostri
2035 4991 2161 5045 Jesu

565 5069 752 5123 Christi
781 5071 800 5142 (
825 5071 924 5124 Tit.
955 5075 1011 5127 2.
1043 5075 1131 5128 ll.
1161 5074 1248 5129 l2.
1279 5076 1346 5130 l5
1367 5077 1405 5146 ).
1435 5076 1504 5130 Et.
1525 5091 1658 5132 vero
1679 5081 1942 5149 propheta
1972 5081 2040 5136 de
2069 5083 2158 5137 illa

563 5161 676 5229 ipsa
703 5162 782 5217 sic
810 5162 974 5218 dixit‘
1013 5183 1026 5218 :
1061 5165 1158 5221 Sol
1183 5178 1496 5223 convertetur
1520 5169 1573 5224 in
1597 5170 1855 5238 tenebras,
1885 5183 1929 5227 et
1961 5175 2082 5228 luna
2106 5176 2160 5230 in

562 5255 889 5326 sanguinem,
922 5269 1190 5330 antequam
1210 5263 1375 5316 veniat
1401 5265 1506 5318 dies
1533 5263 1742 5320 Domini
1770 5284 1983 5337 magnus
2011 5280 2057 5322 et
2086 5269 2154 5323 il-

563 5345 738 5402 lustris
765 5347 920 5420 (Joel.
949 5349 1002 5404 2.
1034 5350 1145 5423 5i).
1179 5353 1248 5407 At
1276 5353 1413 5407 enim
1444 5355 1532 5423 qui
1564 5355 1622 5410 fit
1641 5396 1656 5423 ,
1683 5365 1743 5412 ut
1771 5373 1873 5412 non
1903 5372 1966 5412 ea
1995 5359 2112 5414 dies
2135 5400 2150 5424 ,

560 5454 663 5506 qua
692 5449 845 5496 natus
864 5451 966 5507 est,
988 5441 1284 5514 Epiphania
1305 5453 1362 5501 et
1374 5448 1637 5516 apparitio
1654 5450 1970 5518 appelletur,
1985 5450 2078 5505 sed
2091 5466 2152 5507 ea

560 5545 666 5600 qua
689 5530 989 5604 baptizatus
1011 5533 1130 5589 est?
1154 5535 1277 5590 Haec
1300 5536 1444 5592 enim
1471 5538 1586 5596 dies
1619 5547 1704 5597 est
1727 5555 1830 5611 qua
1856 5541 2152 5613 baptizatus

625 5666 644 5738 ξ
679 5665 1033 5738 tn_btec_verba
1051 5663 1147 5738 (Gr.
1159 5667 1308 5738 ἔλεγεν
1317 5667 1852 5738 ρῦτωςωθείωιαοόρκ
1870 5671 1994 5736 Reg.
2012 5669 2147 5724 ιθδι.

623 5723 698 5790 (a)
731 5728 843 5777 Dies
857 5723 1124 5790 Epiphaniae
1137 5729 1210 5780 cel
1220 5723 1493 5782 ebrabatur'.
1885 5793 1890 5796 _

1335 282 1388 336 S.
1432 279 1707 336 JOANNIS
1743 276 2219 334 CHRYSOSTOMI
2259 276 2576 333 ARCIHEP.
2615 274 3148 334 CONSTANTINOP.

3773 285 3872 340 366

2282 402 2368 451 est
2389 435 2406 460 ,
2435 404 2490 449 et
2525 409 2781 466 aquarum
2812 404 3057 450 naturam
3085 393 3455 451 sanctiﬁcavit.
3482 394 3689 452 Idcirco
3713 401 3868 454 etiam

2279 484 2332 538 in
2374 485 2474 539 hac
2502 485 2842 541 solemnitate
2867 485 2968 542 sub
2994 485 3225 541 mediam
3257 495 3469 542 noctem
3495 502 3684 544 omnes
3709 531 3723 553 ,
3753 506 3867 544 cum

2277 577 2454 645 aquati
2486 576 2704 642 fuerint,
2729 576 2948 633 domum
2978 577 3164 633 latices
3197 577 3434 635 referunt
3461 594 3525 634 ac
3551 583 3869 649 recondunt,

2279 677 2333 722 et
2360 683 2455 737 per
2479 666 2741 738 integrum
2771 683 2966 723 annum
2992 677 3349 735 conservant,
3383 680 3568 739 utpote
3597 672 3742 742 quod
3785 673 3874 729 hoc

2277 758 2460 812 dierna
2507 759 2594 814 die
2633 759 2976 814 sanctiﬁcata:
3006 760 3112 814 sint
3149 775 3303 830 aqurc
3331 777 3343 814 :
3370 761 3532 830 ﬁtque
3559 763 3872 818 miraculum

2277 850 2526 916 evidens,
2558 850 2684 904 dum
2731 851 2861 904 nihil
2906 851 3160 921 temporis
3193 851 3576 922 longinquitate
3615 869 3872 923 aquarum

2279 943 2489 998 illarum
2521 953 2704 997 natura
2729 943 2942 998 vitiatur
2969 985 2985 1009 ,
3017 943 3112 998 sed
3138 944 3342 1013 integro
3369 959 3508 997 anno
3553 955 3714 1014 atque
3743 945 3874 1000 adeo

2280 1035 2494 1090 biennio
2522 1044 2575 1089 et
2602 1036 2830 1090 triennio
2859 1050 3002 1106 saepe
3027 1077 3042 1104 ,
3071 1051 3190 1106 qua:
3219 1035 3378 1090 hodie
3422 1037 3517 1091 fuit
3546 1038 3733 1092 hausta
3758 1079 3775 1104 ,
3801 1039 3874 1093 in-

2279 1138 2529 1196 corrupta
2551 1137 2605 1183 et
2635 1143 2822 1184 recens
2855 1137 3153 1197 permanet,
3186 1143 3249 1183 ac
3275 1138 3398 1199 post
3427 1136 3632 1185 tantum
3665 1143 3873 1200 tempo-

2279 1219 2353 1272 ris
2375 1234 2495 1272 cum
2527 1219 2590 1272 iis
2622 1234 2740 1288 qua:
2767 1235 2938 1290 nuper
2981 1219 3175 1273 fuerint
3205 1235 3236 1274 e
3265 1221 3502 1276 fontibus
3527 1222 3734 1276 eductae
3760 1238 3876 1277 cer-

2280 1319 2376 1367 tat.
2408 1312 2702 1379 Quamnam
2732 1312 2891 1382 igitur
2915 1312 2985 1366 ob
3014 1327 3228 1366 causam
3259 1311 3374 1366 haec
3411 1313 3672 1382 apparitio
3695 1317 3877 1382 apgel-

2281 1402 2442 1456 lator?
2459 1403 2591 1470 Quia
2615 1403 2861 1457 nimirum
2883 1417 2988 1457 non
3004 1404 3250 1459 omnibus
3267 1406 3577 1459 manifestus
3597 1416 3679 1460 est
3695 1408 3872 1461 reddi-

2283 1503 2384 1558 tns,
2415 1510 2534 1548 cum
2555 1504 2705 1564 partu
2727 1505 2809 1550 est
2830 1495 3021 1560 editus,
3041 1495 3135 1550 sed
3153 1511 3272 1550 cum
3292 1505 3374 1550 est
3389 1496 3682 1566 baptizatus
3709 1515 3723 1550 :
3751 1513 3870 1552 nam

2279 1585 2346 1640 ad
2371 1586 2507 1641 hunc
2529 1602 2697 1656 usque
2717 1586 2858 1642 diem
2891 1588 3049 1657 vulgo
3077 1598 3193 1641 erat
3220 1588 3450 1658 ignotus.
3478 1587 3609 1642 Nam
3634 1587 3874 1658 incogni-

2281 1686 2392 1732 tum
2423 1694 2543 1732 eum
2574 1678 2737 1735 fuisse
2765 1680 2943 1750 vulgo,
2972 1695 3145 1751 neque
3164 1681 3406 1750 quisnam
3435 1689 3578 1737 esset
3599 1681 3876 1751 plerosque

2281 1771 2501 1826 scivisse
2527 1780 2737 1827 constat
2764 1788 2831 1828 ex
2861 1773 2978 1828 istis
2997 1773 3217 1828 Joannis
3244 1773 3496 1844 Baptista:
3517 1775 3695 1830 verbis
3720 1793 3733 1828 :
3764 1774 3874 1828 Me-

2281 1861 2399 1916 dius
2439 1873 2657 1918 vestrum
2685 1865 2858 1931 stetit,
2891 1881 3036 1935 quem
3074 1881 3161 1918 vos
3203 1865 3404 1934 nescitis
3446 1862 3622 1936 (Joan.
3665 1866 3718 1919 l.
3756 1865 3872 1936 26).

2281 1954 2418 2022 Quid
2462 1970 2592 2010 vero
2628 1956 2821 2011 mirum
2852 1957 2897 2011 si
2925 1957 3014 2012 alii
3053 1972 3159 2012 non
3195 1966 3456 2024 nossent,
3483 1957 3696 2027 quando
3727 1959 3872 2013 illum

2281 2046 2446 2102 etiam
2471 2047 2590 2118 ipse
2611 2048 2847 2119 Baptista
2875 2049 2941 2103 ad
2968 2064 3092 2104 eum
3121 2064 3288 2118 usque
3311 2048 3452 2104 diem
3485 2050 3795 2120 ignorabat?
3811 2049 3876 2104 Et

2281 2155 2372 2210 ego
2401 2141 2683 2194 nesciebam
2711 2156 2825 2193 eum
2843 2181 2859 2207 ,
2893 2141 3062 2210 inquit
3086 2157 3101 2195 :
3123 2139 3212 2194 sed
3245 2140 3330 2208 qui
3355 2141 3489 2194 misit
3514 2157 3590 2194 me
3619 2139 3875 2210 baptizare

2290 2235 2349 2290 in
2371 2247 2509 2301 aqua
2525 2272 2542 2298 ,
2567 2231 2654 2285 ille
2699 2231 2825 2285 mihi
2853 2232 2984 2286 dixit
3007 2273 3022 2300 ,
3048 2231 3217 2302 Super
3239 2248 3386 2301 quem
3409 2232 3592 2286 videris
3619 2231 3875 2302 Spiritum

2279 2320 2663 2378 descendentem
2707 2324 2724 2356 ⁸
2744 2332 2794 2379 et
2819 2333 3102 2378 manentem
3127 2340 3278 2392 super
3297 2341 3433 2389 eum,
3462 2324 3543 2378 hic
3584 2333 3656 2378 est
3678 2325 3767 2394 qui
3785 2324 3878 2378 bo-

2289 2415 2446 2484 ptisat
2469 2415 2524 2469 in
2551 2413 2753 2485 Spiritu
2796 2425 2974 2469 sancto
2997 2413 3098 2484 (Ib.
3132 2415 3246 2484 55).
3277 2415 3417 2469 Duas
3445 2415 3601 2484 igitur
3628 2430 3752 2469 esse
3775 2429 3872 2483 ap-

2281 2507 2573 2576 paritiones
2594 2523 2660 2562 ex
2691 2507 2773 2561 his
2799 2506 2987 2576 liquet;
3010 2505 3104 2562 sed
3131 2521 3356 2577 quanam
3387 2507 3456 2562 de
3481 2522 3641 2562 causa
3669 2507 3875 2562 venerit

2280 2595 2349 2650 ad
2368 2597 2688 2666 baptismum
2711 2596 2976 2662 Christus,
3000 2613 3137 2652 nunc
3163 2612 3250 2652 res
3276 2597 3507 2666 postulat
3530 2608 3586 2651 ut
3610 2597 3872 2663 dicamus,

2281 2697 2334 2742 et
2354 2686 2421 2740 ad
2445 2702 2730 2756 quemnam
2757 2686 3077 2756 baptismum
3101 2688 3307 2742 venerit
3331 2705 3343 2742 :
3367 2704 3487 2742 nam
3510 2698 3562 2741 et
3579 2686 3680 2742 hoc
3694 2702 3873 2756 operas

2280 2778 2513 2850 pretium
2561 2788 2640 2834 est
2685 2793 3010 2849 cognoscere
3033 2820 3046 2841 ,
3071 2788 3127 2832 ut
3155 2792 3286 2833 sane
3313 2779 3471 2834 etiam
3503 2777 3652 2833 illud.
3682 2777 3748 2832 Et
3771 2777 3874 2832 hoc

2281 2869 2432 2939 prius
2465 2868 2742 2923 caritatem
2784 2877 3015 2924 vestram
3064 2868 3262 2923 docere
3287 2878 3535 2938 oportet:
3560 2883 3682 2922 nam
3714 2876 3770 2923 et
3805 2883 3871 2923 ex

2281 2959 2384 3017 hoc
2407 2960 2536 3017 illud
2565 2960 2928 3033 intelligimus.
2957 2959 3238 3017 Judaicnm
3265 2969 3380 3016 erat
3421 2960 3704 3032 baptisma,
3727 2959 3871 3031 quod

2279 3052 2470 3108 sordes
2510 3067 2796 3123 corporum
2826 3092 2842 3120 ,
2874 3067 2980 3107 non
3036 3061 3248 3122 peccata
3291 3066 3409 3121 qua!
3449 3050 3502 3106 in
3545 3052 3870 3110 conscientia

2280 3142 2568 3211 resident,
2600 3141 2871 3199 abluebat.
2910 3141 3092 3212 Neque
3130 3143 3274 3196 enim
3321 3143 3364 3197 si
3392 3142 3510 3210 quis
3549 3141 3869 3196 adulterium

2279 3244 2665 3304 perpetrasset,
2693 3249 2868 3304 neque
2897 3234 2943 3290 si
2965 3235 3082 3304 quis
3123 3234 3246 3288 furti
3275 3247 3333 3288 se
3359 3234 3627 3304 alligasset
3647 3274 3664 3301 ,
3697 3248 3871 3304 neque

2279 3326 2324 3380 si
2347 3326 2468 3395 quis
2489 3325 2629 3380 aliud
2656 3325 2927 3396 quidpiam
2953 3326 3173 3381 sceleris
3199 3325 3524 3392 admisisset,
3546 3341 3667 3380 eum
3689 3323 3868 3380 crimi-

2278 3416 2434 3471 nibus
2461 3415 2753 3485 expiabat:
2777 3415 2873 3471 sed
2916 3415 2960 3470 si
2988 3416 3108 3486 quis
3133 3423 3465 3470 mortuorum
3499 3431 3620 3470 ossa
3667 3415 3870 3485 tetigis-

2277 3517 2360 3564 set
2385 3550 2402 3576 ,
2430 3510 2474 3564 si
2499 3510 2620 3579 quis
2647 3511 2839 3566 vetitos
2869 3526 2898 3563 a
2935 3510 3052 3586 lege
3079 3509 3230 3564 cibos
3259 3509 3594 3579 degustasset
3618 3551 3633 3574 ,
3665 3509 3710 3564 si
3747 3507 3870 3580 quis

2275 3616 2306 3655 a
2335 3602 2680 3672 corruptione
2705 3601 3032 3667 advenisset,
3059 3602 3105 3657 si
3133 3601 3252 3671 quis
3280 3616 3402 3655 cum
3435 3601 3658 3670 lcprosis
3681 3613 3875 3654 vem-

2277 3701 2363 3746 tns
2399 3702 2579 3760 esset,
2611 3693 2927 3760 lavabatur,
2955 3702 3010 3747 et
3053 3691 3360 3748 immundus
3414 3701 3529 3746 erat
3582 3707 3751 3762 usque
3802 3691 3876 3747 ad

2276 3799 2575 3855 vesperam,
2594 3784 2786 3840 deinde
2812 3783 3184 3839 mundabatur.
3204 3782 3475 3837 Lavabitur
3498 3785 3649 3848 enim,
3675 3783 3871 3854 inquit,

2274 3893 2459 3948 corpus
2491 3878 2599 3947 ejus
2639 3893 2772 3947 aqua
2817 3876 3040 3940 munda,
3071 3886 3117 3929 et
3151 3876 3442 3930 immundus
3480 3877 3575 3928 erit
3620 3891 3776 3945 usque
3801 3875 3874 3929 ad

2273 3983 2552 4036 vesperam,
2582 3975 2629 4020 et
2655 3966 2983 4020 mandabitur
3005 3965 3192 4035 (Leuit.
3213 3967 3298 4022 15.
3331 3967 3385 4022 5.
3408 3983 3518 4037 sqq.
3541 3975 3588 4019 et
3612 3965 3723 4034 l5).
3748 3963 3873 4022 Non

2273 4059 2418 4113 enim
2447 4058 2563 4113 haec
2611 4074 2736 4114 vere
2764 4067 3038 4128 peccatum
3062 4068 3216 4114 erant
3251 4074 3424 4130 neque
3471 4058 3692 4128 pollutio
3720 4100 3736 4126 ,
3767 4058 3870 4114 sed

2273 4148 2417 4219 quod
2480 4147 2898 4218 imperfectiores
2955 4158 3184 4217 essent,
3215 4165 3308 4220 per
3335 4149 3596 4218 ejusmodi
3642 4165 3730 4205 res
3771 4163 3872 4204 eos

2272 4240 2509 4296 efﬁciens
2525 4239 2904 4310 religiosiores,
2928 4240 3066 4295 Deus
3092 4241 3158 4294 ad
3189 4240 3449 4309 majorum
3477 4256 3652 4294 rerum
3681 4240 3875 4296 obser-

2276 4333 2546 4386 vationem
2576 4333 2811 4400 aptiores
2839 4342 2895 4386 et
2923 4331 3288 4401 diligentiores
3315 4331 3444 4385 olim
3473 4331 3754 4386 reddebat.

2345 4425 2400 4479 '5.
2433 4424 2682 4495 Baptismi
2708 4423 3012 4482 Judteorum
3040 4435 3087 4478 et
3115 4425 3350 4495 baptismi
3377 4422 3594 4479 Joannis
3621 4425 3772 4478 ratio.
3795 4453 3874 4468 --

2274 4520 2458 4589 Itaque
2511 4519 2730 4578 Judaica
2780 4519 2866 4572 illa
2915 4519 3128 4590 quidem
3175 4520 3407 4588 expiatio
3457 4534 3790 4588 nequaquam
3838 4534 3869 4573 a

2273 4611 2506 4683 peccatis
2547 4611 2829 4678 liberabat,
2862 4611 2954 4666 sed
2986 4627 3015 4665 a
3043 4613 3315 4682 corporeis
3345 4612 3591 4666 sordibus
3621 4621 3865 4675 tantum;

2273 4712 2456 4760 nostra
2481 4717 2609 4757 vero
2637 4703 2756 4756 talis
2781 4717 2886 4756 non
2909 4711 2991 4756 est
3012 4744 3026 4767 ,
3058 4702 3155 4758 sed
3184 4703 3348 4756 multo
3376 4705 3548 4770 major
3566 4743 3579 4764 ,
3613 4716 3675 4755 ac
3700 4701 3867 4755 multa

2270 4795 2437 4867 gratia
2477 4794 2675 4849 referta
2702 4807 2717 4844 :
2742 4809 2862 4847 nam
2889 4803 2943 4847 et
2976 4793 3168 4848 liberat
3193 4809 3221 4847 a
3253 4794 3482 4862 peccatis
3505 4835 3520 4856 ,
3550 4801 3604 4847 et
3630 4794 3868 4847 animant

2271 4887 2559 4954 emundat,
2605 4895 2658 4942 et
2693 4887 2920 4955 Spiritus
2948 4887 3170 4956 gratiam
3219 4885 3456 4955 largitur.
3487 4885 3706 4940 Joannis
3737 4900 3869 4939 vero

2272 4979 2533 5048 baptisma
2563 4978 2784 5034 Judaico
2805 4978 3018 5047 quidem
3041 4978 3209 5032 multo
3235 4977 3512 5032 sublimius
3542 4976 3656 5042 fuit,
3682 4976 3866 5030 humi-

2273 5071 2374 5126 lius
2407 5086 2539 5125 vero
2584 5080 2768 5126 nostro
2792 5111 2808 5136 ,
2857 5071 3018 5125 veluti
3051 5084 3184 5140 pons
3213 5069 3426 5138 quidam
3460 5069 3734 5138 utriusque
3764 5067 3864 5122 ba-

2272 5163 2534 5232 ptismatis
2574 5162 2730 5232 hujus
2753 5203 2768 5228 ,
2810 5161 2879 5217 ab
2916 5162 3006 5216 illo
3037 5161 3102 5215 ad
3134 5160 3273 5215 istud
3305 5176 3398 5230 per
3427 5177 3484 5215 se
3511 5161 3658 5230 quasi
3701 5175 3865 5214 manu

2269 5256 2511 5310 ducens:
2537 5269 2644 5310 non
2675 5253 2820 5310 enim
2851 5267 2952 5308 eos.
2972 5253 3155 5322 utique
3182 5251 3250 5306 ad
3281 5252 3709 5307 observationem
3736 5265 3861 5304 cor-

2268 5349 2414 5417 poris
2455 5347 2825 5417 purgationum
2875 5345 3195 5409 inducebat,
3244 5344 3338 5399 sed
3378 5344 3444 5400 ab
3487 5345 3589 5398 illis
3631 5357 3867 5398 avocans

2269 5440 2650 5496 cohortabatur
2686 5449 2742 5494 et
2782 5437 3132 5502 consulebat,
3164 5445 3275 5490 uta
3302 5437 3430 5490 vitio
3461 5434 3868 5505 traducerentur

2265 5531 2332 5587 ad
2361 5529 2632 5597 virtutem,
2652 5539 2809 5600 atque
2834 5528 2886 5582 in
2908 5541 3129 5598 operum
3153 5535 3299 5582 recte
3323 5525 3644 5596 factis3pem
3671 5523 3867 5578 salutis

2264 5639 2370 5681 non
2415 5623 2470 5679 in
2513 5622 2738 5679 diversis
2776 5621 3056 5692 baptismis
3096 5629 3151 5676 et
3198 5634 3456 5691 aquarum
3494 5616 3863 5674 oblationibus

2329 5737 2347 5768 ι
2382 5741 2484 5786 nuo
2506 5741 2636 5797 Mss,
2662 5732 3030 5787 descendentem
3047 5729 3185 5796 quasi
3199 5729 3487 5783 coturnbam.
