4100 6470
365 325 477 381 36⁸5

367 436 602 495 ἐνταῦθα
640 436 736 489 καὶ
775 432 936 489 τοῦτο
979 433 1278 506 παρέργως
1308 432 1690 503 συναγόμενοι,
1731 430 1824 483 καὶ
1861 427 1949 481 διὰ

370 520 666 593 συνήθειαν
696 518 915 593 ἐορτῆς,
952 517 1014 570 οὐ
1050 519 1116 571 δι’
1150 516 1437 570 εὐλάϐειαν
1468 514 1667 584 ψυχῆς.
1708 514 1951 582 ’Δγαπη-

366 603 462 659 τὸν
491 603 601 674 γάρ
635 602 685 653 εἰ
727 599 849 654 καθ’
881 599 1119 670 ἐκάστην
1148 598 1369 663 σύναξιν
1400 597 1635 651 ἐνταῦθά
1660 612 1746 658 τις
1775 595 1952 647 ἀπαν-

368 688 480 741 τῶν
522 682 780 755 δυνηθείη
828 685 946 754 μετ’
983 681 1273 750 ἀκριϐείας
1314 681 1531 735 ἅπαντα
1565 679 1738 732 ταῦτα
1779 693 1951 729 κατα.

373 772 544 839 σχεῖν.
577 767 808 829 Οἰκέτας
855 766 1007 836 ἔχετε
1042 764 1229 818 πολλοὶ
1260 764 1370 816 τῶν
1402 762 1639 815 ἐνταῦθα
1666 761 1951 832 παρόντων

370 851 470 904 καὶ
518 851 690 913 υἱοὺς,
723 850 819 902 καὶ
863 848 1150 919 μέλλοντες
1194 848 1392 909 αὐτοὺς
1433 844 1786 916 παραδιδόναι
1838 845 1952 906 τοῖς

371 935 480 989 τῶν
507 932 714 1004 τεχνῶν
756 932 1095 994 ἐπιστάταις,
1126 924 1201 984 ὧν
1232 930 1298 983 ἂν
1327 929 1557 989 ἕλοισθε,
1607 928 1703 981 καὶ
1743 926 1841 997 τὴν
1874 928 1953 978 οἰ-

371 1017 500 1071 κίαν
530 1016 712 1078 αὑτοῖς
750 1015 851 1085 τὴν
885 1013 1160 1085 ὑμετέραν
1192 1012 1393 1068 ἄϐατον
1437 1015 1641 1064 ποιεῖτε
1671 1008 1948 1073 καθάπαξ,

373 1101 472 1155 καὶ
523 1096 820 1170 στρώματα
863 1097 959 1150 καὶ
994 1096 1203 1167 τροφὰς
1249 1097 1342 1149 καὶ
1375 1096 1472 1166 τὴν
1511 1095 1676 1164 ἄλλην
1732 1094 1951 1146 ἃπασαν

374 1183 562 1246 αὐτοῖς
609 1180 1133 1251 παρασκευάσαντες
1185 1177 1481 1239 διακονίαν,
1529 1176 1606 1246 τῷ
1649 1174 1953 1244 διδασκάλῳ

376 1262 825 1333 συγκατοικίζετε
854 1261 1213 1333 ἀπείργοντες
1253 1261 1450 1322 αὐτοὺς
1481 1259 1580 1328 τῆς
1608 1259 1785 1320 οἰκίας
1828 1259 1951 1308 ἐπι-

378 1346 583 1401 ϐαίνειν
611 1345 713 1413 τῆς
758 1345 1051 1414 ὑμετέρας,
1086 1344 1174 1396 ἵνα
1204 1345 1237 1413 ἠ
1275 1341 1506 1412 συνεχὴς
1553 1343 1670 1393 ἐκεῖ
1704 1337 1952 1411 διατριϐὴ

375 1430 476 1500 τὴν
504 1426 851 1481 διδασκαλίαν
878 1425 1271 1496 ἀκριϐεστέραν
1309 1425 1639 1495 ἐργάσηται,
1685 1421 1952 1492 μηδεμιᾶς

375 1511 657 1583 φροντίδος
697 1510 797 1581 τὴν
843 1509 1036 1580 σχολὴν
1064 1507 1483 1579 διακοπτούσης.
1514 1508 1647 1560 Νυνί
1677 1506 1735 1558 δὲ
1762 1507 1822 1559 οὑ
1866 1504 1954 1558 τέ-

376 1612 509 1665 χνην
541 1596 639 1665 τὴν
676 1592 965 1664 τυχοῦσαν,
1010 1592 1146 1647 ἀλλά
1193 1592 1292 1663 τὴν
1326 1591 1518 1645 πασῶν
1556 1590 1776 1663 μείζονα
1811 1605 1951 1661 μαν-

376 1676 559 1730 θάνειν
594 1677 897 1749 μέλλοντες,
932 1675 1049 1739 πῶς
1078 1676 1270 1746 ἀρέσαι
1307 1675 1385 1744 τῷ
1412 1674 1531 1745 Θεῷ
1575 1675 1673 1739 δεῖ,
1718 1672 1952 1727 καὶτῶν

373 1760 640 1832 οὐρανίων
688 1762 987 1831 ἐπιτυχεῖν,
1048 1759 1342 1831 παρέργως
1416 1758 1640 1829 ἡγεῖσθε
1687 1756 1951 1811 δύνασθαι

373 1844 536 1898 τοῦτο
580 1842 729 1917 [569]
777 1843 1097 1914 κατορθοῦν.
1133 1843 1245 1896 Καὶ
1302 1843 1474 1913 πόσης
1524 1842 1686 1894 τοῦτο
1727 1840 1947 1907 ἀνοίας;

377 1928 504 1982 Ὅτι
539 1927 647 1999 γὰρ
677 1928 910 1999 μάθησις
934 1928 994 1979 τὸ
1022 1926 1258 1997 πρᾶγμά
1303 1928 1419 1978 ἐστι
1463 1923 1665 1993 πολλῆς
1699 1923 1951 1993 δεόμενον

371 2013 474 2083 τῆς
513 2012 807 2082 προσοχῆς,
847 2011 1078 2064 ἄκουσον
1105 2009 1158 2063 τί
1192 2025 1359 2080 φησι·
1395 2006 1623 2061 Μάθετε
1674 2006 1775 2061 ἀπ’
1803 2007 1949 2076 ἐμοῦ

372 2095 467 2150 ὅτι
521 2094 711 2164 πρᾶός
758 2097 907 2165 εἰμι,
952 2094 1048 2149 καὶ
1093 2092 1372 2159 ταπεινὸς
1428 2089 1503 2160 τῇ
1561 2089 1804 2158 καρδίᾳ*
1855 2091 1951 2144 καὶ

374 2177 542 2232 πάλιν
567 2178 597 2230 δ
634 2180 951 2249 προφήτηςο
982 2177 1180 2241 Δεῦτε,
1211 2177 1416 2242 τέκνα,
1447 2174 1753 2231 ἀκούσατέ
1790 2190 1910 2244 μου
1930 2187 1947 2206 ⁸

373 2262 566 2329 φόϐον
598 2262 819 2329 Κυρίου
854 2260 1072 2325 διδάξω
1109 2257 1301 2330 ὑμᾶς’
1342 2261 1440 2313 καὶ
1485 2258 1680 2312 πάλιν·
1716 2255 1948 2326 Σκολό-

372 2358 526 2397 σατε
550 2343 649 2397 καὶ
681 2341 888 2413 γνῶτε,
915 2342 1002 2396 ὅτι
1037 2341 1150 2413 ἐγώ
1168 2345 1285 2411 ειμι
1308 2345 1341 2396 ό
1368 2342 1531 2407 Θεός.
1557 2341 1720 2395 Ὥστε
1749 2339 1951 2406 πολλῆς

375 2425 573 2496 σχολῆς
609 2425 767 2496 χρεία
796 2424 872 2495 τῷ
907 2425 1152 2497 μέλλοντι
1181 2424 1386 2495 ταύτης
1422 2422 1822 2478 ἀπολαύσεσθαι
1848 2421 1949 2493 τῆς

425 2509 717 2577 ιλοσοερίας.

378 2526 847 2664 φιὲῗῗξξλῖἀογάρ,
874 2591 961 2645 ἶνα
982 2590 1055 2662 μὴ
1073 2591 1166 2645 τὸν
1180 2590 1370 2663 χρόνον
1387 2591 1688 2654 ἆπανταείς
1704 2589 1953 2660 ἔγκλημα

371 2684 483 2740 τῶν
503 2683 1030 2755 ἀπολιμπανομένων
1046 2683 1435 2756 ἀναλώσωμεν,
1465 2683 1824 2755 ἀρκεσθέντες
1839 2685 1953 2747 τοῖς

372 2774 685 2847 εἰρημένοις
728 2776 809 2839 εἰς
848 2774 946 2846 τὴν
983 2775 1085 2845 τῆς
1132 2773 1358 2847 [αὐτῶν]
1406 2775 1630 2829 ἐκείνων
1682 2773 1951 2846 ῥᾳθυμίας

371 2867 675 2941 διόρθωσιν,
708 2867 839 2938 φέρε
887 2883 938 2922 τι
984 2868 1237 2940 περὶτῆς
1266 2867 1547 2939 παρούσης
1577 2867 1772 2938 ἑορτῆς
1804 2866 1955 2936 φιλο-

375 2961 723 3032 σοφήσωμεν.
754 2959 948 3014 Πολλοί⁵
981 2959 1090 3033 γάρ
1121 2960 1220 3024 τάς
1254 2961 1355 3031 μὲν
1384 2959 1577 3032 ἐορτάς
1613 2959 1824 3029 ἄγουσι,
1857 2958 1952 3013 καί⁵

370 3053 446 3108 τά
480 3054 719 3125 ὀνόματα
766 3053 944 3109 αὑτῶν
995 3055 1178 3119 ίσασι,
1225 3054 1326 3116 τὰς
1371 3054 1429 3108 δὲ
1464 3052 1780 3117 ὑποθέσεις,
1829 3051 1952 3108 ὅθεν

374 3143 701 3215 ἐτέχθησαν.
747 3142 1054 3212 ἀγνοοῦσιν.
1084 3143 1211 3197 Ὅτι
1265 3144 1365 3214 μὲν
1401 3139 1494 3198 οὖν
1548 3144 1868 3214 Ἐπιφάνεια
1915 3143 1950 3215 ή

379 3233 623 3306 παροῦσα
652 3234 869 3303 λέγεται
914 3234 1112 3306 ἑορτὴ,
1152 3234 1310 3306 δῆλόν
1363 3235 1482 3287 ἐστι
1533 3236 1702 3288 πάσι²
1748 3234 1834 3300 τίς
1885 3234 1945 3289 δέ

370 3325 522 3379 ἐστιν
550 3327 583 3397 ἡ
614 3325 900 3395 ἐπιφάνεια
943 3325 1112 3396 αῦτη,
1155 3326 1248 3379 καί⁸
1284 3326 1510 3398 πότερον
1546 3327 1645 3399 μία
1673 3326 1759 3391 τίς
1803 3329 1951 3382 ἐστιν

369 3417 407 3487 ἦ
440 3416 555 3480 δύο,
584 3416 743 3470 τοῦτο
768 3417 869 3471 οὑκ
907 3415 987 3470 ἔτι
1016 3418 1193 3471 τσασιν
1212 3434 1226 3449 ’
1257 3418 1397 3490 ὅπερ
1422 3419 1657 3490 ἐσχάτης
1685 3419 1950 3491 αἰσχύνης

373 3504 442 3558 ἃν
479 3503 563 3573 εἴη
601 3505 697 3558 καὶ
736 3503 934 3557 πολλοῦ
984 3504 1078 3558 τοῦ
1125 3504 1522 3572 καταγέλωτος,
1574 3506 1695 3561 καθ’
1720 3508 1950 3562 ἕκαστον

370 3592 620 3645 ἐνιαυτὸν
657 3591 757 3663 τὴν
804 3592 995 3662 ἑορτὴν
1022 3590 1225 3663 ταύτην
1255 3594 1518 3662 ἄγοντας,
1561 3594 1659 3663 τὴν
1693 3595 1948 3651 ὑπόθεσιν

373 3684 545 3752 αὐτῆς
596 3684 830 3751 ἀγνοεῖν.
883 3680 1110 3753 Πρῶτον
1165 3682 1264 3751 μὲν
1305 3678 1399 3737 οὖν
1433 3686 1730 3753 ἀναγκαῖον
1774 3688 1950 3741 εἰπεῖν

374 3776 515 3848 πρὸς
545 3778 641 3848 τὴν
685 3773 955 3847 ὑμετέραν
1000 3775 1242 3845 ἀγάπην,
1290 3775 1372 3829 ὅτι
1421 3776 1481 3830 οὑ
1524 3776 1623 3847 μία
1668 3777 1755 3839 τίς
1802 3778 1950 3831 ἐστιν

375 3871 688 3939 ἐπιφάνεια,
734 3867 867 3922 ἀλλά
899 3865 1022 3920 δύοο
1071 3866 1169 3937 μία
1207 3867 1304 3936 μὲν
1331 3869 1365 3937 ή
1404 3866 1651 3938 παροῦσα
1684 3867 1819 3938 αῦτη
1856 3869 1950 3920 καὶ

372 3961 661 4032 γενομένη,
699 3958 924 4029 δευτέρα
954 3958 1012 4011 δὲ
1038 3959 1071 4028 ή
1112 3956 1378 4028 μέλλουσα
1406 3959 1499 4011 καὶ
1528 3957 1670 4012 κατά
1698 3958 1796 4029 τὴν
1827 3975 1952 4013 συν-

373 4053 587 4106 τέλειαν
640 4050 863 4117 ἐνδόξως
921 4047 1283 4119 γενησομένη.
1329 4050 1440 4102 Καὶ
1496 4048 1623 4119 περὶ
1684 4050 1950 4121 ἑκατέρας

375 4142 554 4198 αὑτῶν
579 4139 845 4210 ἠκούσατε
875 4140 1113 4208 σήμερον
1145 4138 1360 4192 Παύλου
1390 4139 1533 4209 Τίτῳ
1566 4140 1948 4210 διαλεγομένου

375 4232 473 4287 καὶ
507 4230 755 4298 λέγοντος
794 4227 966 4281 οὕτω·
1008 4228 1136 4298 περὶ
1183 4228 1280 4297 μὲν
1321 4228 1422 4298 τῆς
1460 4230 1768 4301 παρούσης·
1814 4232 1948 4286 Ἐπ-

374 4325 568 4395 εφάνη
604 4323 643 4389 η
673 4321 778 4374 τοῦ
827 4318 975 4374 Θεοῦ
1018 4320 1190 4389 χάρις
1226 4319 1265 4386 ἡ
1293 4319 1587 4387 σωτήριος
1625 4320 1816 4376 πᾶσιν
1842 4324 1950 4377 ἀν..

377 4416 648 4485 θρώποις,
676 4410 1047 4467 παιδεύουσα
1070 4409 1247 4481 ἡμᾶς,
1271 4411 1373 4464 ἵνα
1398 4412 1807 4483 ἀρνησάμενοι
1835 4416 1951 4484 τὴν

376 4508 658 4565 ἀσέϐειαν
685 4505 783 4560 καί
813 4505 922 4571 τὰς
949 4503 1243 4574 κοσμικὰς
1266 4504 1599 4573 ἐπιθυμίας,
1627 4509 1949 4577 σωφρόνως

376 4603 478 4659 καί
526 4600 766 4663 δικαίως
805 4598 902 4651 καί
952 4595 1216 4662 εὐσεϐῶς
1263 4593 1535 4665 ζήσωμεν
1588 4597 1659 4650 ἐν
1711 4596 1792 4664 τῷ
1833 4598 1951 4652 νῦν

375 4690 570 4747 αὶῶνιο
605 4687 733 4758 περὶ
755 4686 811 4738 δὲ
835 4687 934 4755 τῆς
967 4684 1266 4755 μελλούσης
1289 4701 1302 4715 ⁸
1334 4685 1811 4755 Προσδεχόμενοι
1835 4689 1951 4755 τὴν

370 4780 672 4853 μακαρίαν
703 4775 921 4830 ἐλπίδα
962 4775 1062 4827 καὶ
1097 4774 1452 4843 ἐπιφάνειαν
1483 4775 1593 4844 τῆς
1628 4777 1813 4844 δόξης
1840 4780 1947 4833 τοῦ

369 4870 638 4941 μεγάλου
687 4864 833 4919 Θεοῦ
884 4863 985 4917 καὶ
1029 4863 1306 4931 Σωτῆρος
1362 4864 1533 4934 ἡμῶν
1580 4867 1774 4934 Ἰησοῦ
1816 4871 1949 4937 Χρι-

374 4961 548 5019 στοῦ.
575 4960 681 5012 Καὶ
711 4960 739 5011 ὁ
771 4955 1055 5026 προφήτης
1079 4954 1136 5008 δὲ
1165 4955 1294 5027 περὶ
1324 4956 1492 5027 αὑτῆς
1525 4957 1737 5028 ἐκείνης
1766 4958 1947 5028 ἔλεγεν

373 5053 578 5116 οὕτως·
622 5053 677 5103 '0
725 5049 897 5116 ἣλιος
938 5047 1499 5118 μεταστραφήσεται
1551 5052 1639 5115 εὶς
1693 5052 1944 5118 σκότος,

375 5150 477 5202 καὶ
515 5147 557 5213 ἢ
584 5142 815 5211 σελήνη
845 5144 933 5207 εἰς
971 5133 1133 5208 αἷμα,
1174 5140 1317 5207 πρὶν
1347 5140 1549 5194 ἐλθεῖν
1582 5141 1697 5209 τὴν
1721 5143 1949 5211 ἡμέραν

374 5239 599 5306 Κυρίου
655 5237 766 5304 τὴν
808 5232 1083 5305 μεγάλην
1130 5231 1227 5285 καὶ
1276 5231 1559 5300 ἐπιφανῆ.
1600 5233 1759 5286 Ἀλλά
1794 5235 1948 5307 ¹τίνος

373 5332 560 5384 ἕνεκεν
596 5328 715 5397 οὐχὶ
763 5330 796 5398 ή
830 5327 1012 5399 ἡμέρα
1061 5323 1181 5378 καθ’
1209 5325 1275 5394 ἢν
1314 5324 1530 5392 ἐτέχθη,
1556 5324 1670 5376 ἀλλ’
1700 5328 1732 5395 ή
1765 5326 1948 5397 ἡμέρα

373 5420 494 5474 καθ’
531 5421 598 5489 ἣν
647 5416 970 5487 ἐϐαπτίσθη,
1019 5415 1309 5484 ἐπιφάνεια
1351 5412 1598 5481 λέγεται;
1633 5414 1783 5486 Αὕτη
1839 5418 1948 5488 γάρ

370 5514 521 5566 ἐστιν
568 5512 604 5582 ἡ
658 5511 840 5581 ἡμέρα
893 5509 1014 5564 καθ’
1053 5508 1124 5578 ἢν
1156 5505 1505 5571 ἐϐαπτίσατο,
1553 5505 1647 5559 καὶ
1681 5506 1779 5577 τὴν
1839 5509 1947 5563 τῶν

434 5678 459 5705 ⁸
503 5675 611 5724 Duo
653 5687 767 5737 mss.
810 5672 1126 5737 ὑδρευόμενοι.
1167 5670 1340 5720 Morel.
1391 5670 1747 5733 ὑδρευσάμενοι.
1792 5673 1941 5723 Ξεγίι.

368 5738 453 5805 ὒδρ
463 5739 640 5785 εύονται
661 5736 742 5783 καί
746 5773 757 5784 .

1508 315 1597 370 DE
1634 310 1977 368 BAPTISMO
2010 307 2311 365 CHRISTL

3518 313 3629 370 366

2052 424 2260 478 ὑδάτων
2294 424 2486 493 ήγίασε
2533 425 2713 494 φύσιν.
2738 425 2837 481 Διά
2861 442 2947 480 τοι
2976 424 3136 481 τοῦτο
3175 425 3269 481 καὶ
3311 426 3369 479 ἐν
3400 444 3632 496 μεσονυ-

2050 518 2184 587 κτίῳ
2216 515 2359 570 κατά
2398 517 2497 588 τὴν
2520 518 2716 589 ἑορτὴν
2764 518 2971 589 ταύτην
3004 519 3245 581 ἅπαντες
3289 518 3629 590 ὑδρευσάμε-

2050 624 2130 662 νοι
2157 620 2182 648 ιι
2213 607 2393 662 οἴκαδε
2419 608 2486 661 τά
2513 609 2725 678 νάματα
2753 610 3122 674 ἀποτίθενται,
3153 611 3248 663 καὶ
3277 610 3358 673 εἰς
3386 611 3639 665 ἐνιαυτὸν

2049 700 2342 772 ὁλόκληρον
2369 700 2747 770 φυλάττουσιν,
2781 704 2877 758 ἆτε
2908 704 2971 775 δή
2998 704 3237 774 σήμερον
3264 702 3637 769 ἀγιασθέντων

2048 787 2156 839 τῶν
2193 787 2435 840 ὑδάτων⁹
2480 786 2576 841 καὶ
2622 787 2683 841 τὸ
2737 791 2963 860 σημεῖον
3026 790 3239 857 γίνεται
3292 790 3525 859 ἐναργὲς
3572 790 3637 842 οὑ

2049 873 2504 944 διαφθειρομένης
2530 875 2629 945 τῆς
2660 876 2770 929 τῶν
2813 877 3021 931 ὑδάτων
3051 877 3275 931 ἐκείνων
3307 876 3523 944 φύσεως
3557 876 3638 948 τῷ

2054 963 2216 1031 μήκει
2257 960 2350 1012 τοῦ
2400 961 2613 1031 χρόνου,
2662 963 2776 1015 ἀλλ’
2802 965 2881 1026 εἰς
2924 963 3168 1016 ἐνιαυτὸν
3212 962 3505 1032 ὀλόκληρον
3543 965 3638 1017 καὶ

2050 1049 2143 1102 δύο
2184 1048 2279 1100 καὶ
2315 1050 2441 1119 τρία
2468 1049 2729 1114 πολλάκις
2763 1049 2857 1121 ἐτη
2889 1051 2981 1104 τοῦ
3012 1052 3250 1121 σήμερον
3279 1050 3637 1119 ἀντληθέντος

2051 1132 2239 1195 ὕδατος
2299 1132 2557 1203 ἀκεραίου
2611 1135 2704 1186 καὶ
2759 1135 2953 1205 νεαροῦ
3010 1135 3298 1204 μένοντος,
3355 1135 3449 1186 καὶ
3497 1133 3636 1204 μετά

2047 1220 2301 1272 τοσοῦτον
2332 1220 2522 1290 χρόνον
2554 1222 2667 1282 τοῖς
2704 1220 2830 1290 ἄρτι
2858 1221 2965 1273 τῶν
2996 1221 3186 1291 πηγῶν
3215 1220 3635 1291 ἐξαρπασθείσιν

2051 1306 2233 1360 ὕδασιν
2283 1306 2683 1376 ἁμιλλωμένου.
2714 1308 2868 1370 Τίνος
2909 1303 3000 1362 οὖν
3043 1307 3227 1361 ἕνεκεν
3260 1307 3400 1376 αὕτη
3437 1309 3657 1377 ἐπιτιθέμ-¹

2050 1409 2170 1446 νεια
2204 1392 2456 1461 λέγεται;
2499 1394 2716 1464 Ἐπειδὴ
2765 1395 2864 1465 οὑχ
2905 1395 2992 1446 ὅτε
3025 1394 3250 1466 ἐτέχθη,
3294 1395 3415 1447 τότε
3469 1397 3634 1448 πᾶσιν

2049 1482 2264 1549 ἐγένετο
2308 1481 2626 1553 κατάδηλος,
2655 1483 2771 1535 ἀλλ’
2797 1484 2885 1535 ὅτε
2932 1482 3293 1536 ἐϐαπτίσατω
3327 1483 3486 1553 μέχρι
3525 1485 3634 1551 γὰρ

2048 1569 2251 1638 ταύτης
2284 1570 2530 1639 ἠγνοεῖτο
2558 1571 2656 1640 τῆς
2688 1570 2902 1641 ἡμέρας
2951 1573 3063 1633 τοῖς
3114 1569 3346 1632 πολλοῖς.
3392 1571 3502 1623 Καὶ
3553 1571 3635 1623 ὅτι

2047 1658 2273 1727 ἠγνόουν
2302 1658 2463 1710 αὑτὸν
2490 1659 2538 1711 οἰ
2574 1658 2779 1723 πολλοὶ,
2808 1660 2902 1710 καὶ
2934 1659 3035 1710 οὑκ
3070 1657 3291 1727 ᾔδεισαν
3319 1657 3467 1719 ὅστις
3506 1657 3637 1709 ποτέ

2047 1740 2144 1815 ἦν,
2195 1745 2427 1798 ἄκουσον
2500 1744 2593 1797 τοῦ
2661 1744 2968 1796 Βαπτιστοῦ
3028 1744 3274 1797 Ἰωάννου
3344 1745 3632 1812 λέγοντος*

2047 1834 2250 1898 Μέσος
2288 1831 2439 1905 [570]
2466 1831 2632 1901 ὑμῶν
2656 1832 2940 1899 ἕστηκεν,
2971 1830 3044 1884 ὃν
3070 1831 3240 1901 ὑμεῖς
3270 1833 3382 1885 οὐκ
3410 1831 3632 1885 οἴδατε.

2050 1921 2158 1973 Καὶ
2193 1922 2246 1972 τί
2293 1922 2605 1990 θαυμαστὸν
2647 1921 2697 1973 εἰ
2747 1919 2897 1973 ἄλλοι
2942 1920 3194 1990 ἠγνόουν,
3240 1919 3376 1972 ὅπου
3428 1936 3493 1987 γε
3541 1920 3637 1971 καὶ

2049 2008 2209 2071 αὐτὸς
2242 2010 2270 2061 ὁ
2317 2008 2628 2079 Βαπτιστης
2672 2008 2833 2061 αὑτὸν
2882 2007 3068 2077 ἠγνόει
3110 2009 3214 2070 ἐως
3265 2006 3365 2076 τῆς
3422 2006 3636 2077 ἡμέρας

2050 2096 2301 2165 ἐκείνης;
2344 2094 2456 2148 Καὶ
2489 2095 2598 2167 γάρ
2627 2093 2764 2162 ἐγὼ,
2814 2095 3001 2164 φησὶν,
3044 2094 3158 2147 οὐκ
3207 2092 3381 2163 ᾔδειν
3423 2094 3633 2155 αὑτὸν,

2047 2183 2185 2237 ἀλλ’
2213 2187 2246 2236 ό
2288 2182 2533 2251 πέμψας
2561 2199 2640 2251 με
2686 2181 3001 2246 βαπτίζειν
3044 2182 3117 2235 ἐν
3164 2180 3362 2247 ὕδατι,
3404 2178 3636 2246 ἐκεῖνός

2043 2287 2146 2339 μοι
2186 2266 2384 2324 εἷπεν-ο
2427 2271 2547 2338 Ἐφ’
2578 2268 2652 2322 ὃν
2682 2268 2760 2322 ἂν
2806 2269 2943 2337 ιδῃς
2970 2268 3040 2321 τὸ
3077 2268 3323 2337 Πνεῦμα
3360 2266 3636 2321 καταϐαῖ-

2046 2358 2232 2425 νονι,
2263 2356 2367 2411 καὶ
2384 2357 2579 2427 μένον
2602 2357 2701 2410 ἐπ’
2718 2357 2926 2421 αὑτὸν,
2956 2353 3136 2423 οὗτός
3163 2357 3336 2410 ἐστιν
3359 2360 3391 2409 o'
3413 2356 3636 2420 ,βαπτί-

2048 2445 2158 2505 ζων
2197 2447 2268 2498 ἐν
2311 2449 2611 2515 Πνεύματι
2643 2447 2808 2514 ἁγίῳ.
2845 2445 2970 2498 Ὅτι
3024 2446 3123 2516 μὲν
3167 2441 3262 2498 οὖν
3311 2444 3630 2514 ἐπιφάνειαι

2047 2533 2161 2598 δύο,
2202 2533 2361 2604 δῆλον
2414 2537 2480 2586 ἐκ
2528 2532 2764 2586 τούτων’
2810 2532 2956 2596 τίνος
2993 2533 3051 2585 δὲ
3084 2532 3270 2585 ἕνεκεν
3303 2534 3396 2585 ἐπὶ
3442 2532 3503 2584 τὸ
3535 2531 3632 2602 βά-

2048 2636 2260 2691 πτισμα
2282 2621 2499 2693 ἐρχεται
2524 2622 2553 2673 ό
2581 2620 2836 2692 Χριστὸς,
2860 2621 3158 2690 ἀναγκαῖον
3182 2622 3376 2683 εἰπεῖν,
3405 2619 3502 2672 καὶ
3540 2619 3635 2671 ἐπὶ

2048 2711 2200 2762 ποῖον
2222 2708 2441 2779 ἔρχεται
2462 2709 2745 2778 βάπτισμα
2762 2723 2776 2737 ⁸
2802 2711 2897 2762 καὶ
2918 2708 3027 2780 γὰρ
3051 2708 3140 2760 καὶ
3162 2705 3319 2760 τοῦτο
3339 2707 3634 2774 ἀναγκαῖον

2049 2795 2268 2860 εἰδέναι,
2291 2796 2484 2867 ῶσπερ
2513 2791 2606 2848 οὖν
2647 2796 2889 2848 κάκεῖνο.
2918 2797 3028 2848 Καὶ
3057 2794 3214 2848 τοῦτο
3248 2795 3513 2865 πρότερον
3558 2794 3635 2846 δι-

2047 2881 2206 2946 δάξαι
2247 2882 2354 2953 χρὴ
2400 2885 2501 2955 τὴν
2546 2883 2818 2954 ὑμετέραν
2851 2883 3106 2953 ἀγάπην·
3138 2882 3245 2935 ἀπὸ
3287 2882 3398 2954 γάρ
3440 2881 3631 2935 τούτου

2049 2975 2273 3027 κάκεῖνο
2319 2972 2601 3044 εἰσόμεθα.
2652 2973 2946 3043 Βάπτισμα
3000 2971 3067 3044 ἦν
3111 2974 3171 3026 τὸ
3217 2972 3523 3035 Ἰουδαϊκὸν,
3573 2973 3635 3025 τὸ

2050 3061 2237 3133 ρύπων
2276 3059 2603 3131 σωματικῶν
2635 3060 3001 3121 ἀπαλλάττον,
3030 3060 3090 3113 οὑ
3120 3060 3230 3113 τῶν
3255 3061 3398 3113 κατά
3430 3060 3490 3113 τὸ
3519 3076 3637 3114 συν·

2048 3149 2188 3225 ειδρς
2246 3148 2681 3220 ἁμαρτημάτων.
2724 3147 2797 3201 υὺ
2846 3148 2955 3218 γὰρ
3003 3148 3059 3199 εί
3101 3165 3186 3212 τις
3223 3148 3469 3221 μοιχείαν
3516 3149 3633 3218 εἰρ-

2047 3237 2274 3306 γάσατο,
2310 3237 2433 3290 οὐδὲ
2471 3236 2526 3289 εί
2559 3254 2640 3300 τις
2686 3235 2892 3307 κλοπὴν
2941 3236 3263 3307 ἐτόλμησεν,
3303 3238 3424 3291 οὐδὲ
3454 3236 3509 3289 εί
3550 3253 3633 3301 τις

2049 3325 2179 3381 ἄλλο
2204 3342 2257 3378 τι
2285 3323 2524 3378 τοιοῦτον
2557 3324 2964 3395 παρηνόμησεν,
2993 3323 3330 3394 ἀπήλλαττεν
3348 3323 3507 3377 αὑτὸν
3523 3322 3634 3376 τῶν

2047 3414 2407 3486 ἐγκλημάτων
2429 3430 2442 3442 ·
2474 3413 2586 3467 ἀλλ’
2614 3415 2665 3466 εί
2690 3430 2775 3477 τις
2803 3412 2974 3467 ὀστῶν
3004 3413 3183 3484 ἥψατο
3216 3414 3445 3487 νεκρῶν,
3474 3413 3631 3476 εἴτις

2051 3503 2127 3575 μὴ
2154 3502 2548 3573 νενομισμένης
2575 3501 2839 3571 ἐγεύσατο
2867 3503 3095 3574 τροφῆς,
3127 3502 3180 3554 εί
3206 3520 3289 3565 τις
3325 3505 3388 3555 ἐκ
3428 3502 3632 3572 φθορᾶς

2049 3591 2396 3662 παρεγένετο,
2439 3590 2494 3643 εἰ
2528 3606 2613 3655 τις
2641 3589 2860 3661 λεπροῖς
2903 3592 3233 3659 συνεγίνετο,
3265 3589 3500 3654 ἐλούετο,
3537 3592 3632 3644 καὶ

2050 3680 2212 3750 μέχρι
2238 3682 2339 3750 τῆς
2370 3679 2611 3751 ἐσπέρας
2660 3680 2969 3750 ἀκάθαρτος
2999 3675 3090 3749 ἦν,
3135 3673 3255 3731 εἶτα
3287 3679 3630 3751 ἐκαθαίρετο.

2045 3767 2342 3819 Λούσεται
2379 3766 2487 3835 γὰρ
2516 3768 2580 3819 τὸ
2610 3764 2783 3835 σῶμα
2809 3764 2995 3819 αὑτοῦ
3023 3767 3196 3818 ὕδατι
3240 3766 3494 3835 καθαρῷ,
3527 3785 3633 3837 φη-

2049 3854 2153 3917 σὶν,
2189 3853 2287 3906 καὶ
2328 3853 2663 3919 ἀκάθαρτος
2701 3852 2873 3905 ἔσται
2912 3850 3023 3917 ἕως
3066 3851 3348 3918 ἑσπέρας,
3388 3852 3487 3904 καὶ
3519 3868 3630 3905 κα-

2047 3941 2492 4008 θαρισθήσεται.
2532 3940 2607 3993 Οὐ
2652 3941 2763 4011 γάρ
2793 3939 3009 4010 ἀληθῶς
3060 3941 3304 4011 ἁμαρτία
3347 3940 3517 3992 ταῦτα
3559 3936 3631 4011 ἦν

2046 4028 2169 4081 οὐδὲ
2207 4028 2539 4101 ἀκαθαρσία,
2579 4028 2714 4080 ἀλλά
2749 4027 3135 4098 ἀτελεστέρους
3187 4028 3347 4089 δντας
3387 4026 3476 4081 διά
3518 4028 3630 4079 τῶν

2045 4118 2301 4173 τοιούτων
2331 4118 2498 4172 ποιῶν
2531 4118 2958 4190 εὐλαϐεστέρους
2981 4121 3009 4172 ό
3043 4118 3197 4181 Θεὸς,
3233 4118 3369 4188 πρὸς
3396 4120 3495 4188 τὴν
3518 4118 3628 4171 τῶν

2051 4208 2310 4278 μειζόνων
2354 4211 2735 4280 παρατήρησιν
2785 4205 3205 4278 ἀκριϐεστέρους
3250 4204 3454 4257 ἀνωθεν
3486 4221 3630 4275 παρ-

2048 4296 2333 4352 εσκεύασε.

2121 4386 2190 4453 γ’.
2221 4386 2293 4439 Τὸ
2321 4386 2421 4455 μὲν
2447 4380 2538 4437 οὖν
2570 4382 2861 4436 Ἰουδαϊκὸν
2893 4383 3186 4454 καθάρσιον
3215 4383 3628 4452 ἁμαρτημάτων

2051 4481 2148 4550 μὲν
2181 4476 2283 4528 οὑκ
2306 4472 2634 4542 ἀπήλλαττε,
2665 4470 2849 4539 ῥύπων
2887 4471 2942 4523 δὲ
2975 4472 3300 4540 σωματικῶν
3346 4471 3527 4542 μόνον,
3564 4471 3626 4521 τὸ

2045 4567 2103 4620 δὲ
2149 4564 2418 4634 ἡμέτερον
2470 4561 2531 4612 οὑ
2579 4557 2840 4626 τοιοῦτον,
2885 4559 3022 4611 ἀλλά
3070 4560 3250 4632 πολλῷ
3307 4561 3487 4632 μεῖζον
3532 4560 3627 4613 καὶ

2048 4654 2244 4722 πολλῆς
2282 4650 2451 4718 γέμον
2486 4648 2704 4718 χάριτος
2725 4663 2738 4676 ·
2772 4645 2996 4718 καὶγὰρ
3025 4648 3435 4719 ἁμαρτημάτων
3459 4649 3628 4702 ἀπαλ.

2047 4743 2249 4802 λάττει,
2277 4738 2372 4792 καὶ
2399 4735 2574 4805 ψυχὴν
2601 4735 2932 4805 ἀποσμήχει,
2969 4737 3062 4788 καὶ
3093 4735 3406 4805 Πνεύματος
3446 4736 3626 4789 δίδωσι

2046 4828 2332 4901 χορηγίαν.
2378 4823 2451 4875 Τὸ
2509 4821 2567 4874 δὲ
2614 4821 2707 4874 τοῦ
2746 4824 2990 4875 Ἰωάννου
3059 4822 3149 4875 τοῦ
3199 4824 3297 4892 μὲν
3335 4822 3623 4877 Ἰουδαϊκοῦ

2049 4916 2255 4987 σφόδρα.
2281 4910 2611 4984 ὑψηλότερον
2633 4906 2721 4982 ῆν,
2745 4910 2836 4962 τοῦ
2856 4909 2913 4963 δέ
2936 4911 3203 4980 ἡμετέρου
3223 4910 3622 4982 ταπεινότερον,

2046 5002 2299 5073 καθάπερ
2323 4998 2541 5069 γέφυρά
2563 5014 2647 5060 τις
2673 4996 2731 5051 ὃν
2756 4999 3028 5067 ἑκατέρων
3059 5000 3263 5051 τούτων
3290 5000 3396 5051 τῶν
3433 5000 3626 5069 βαπτι-

2049 5093 2296 5162 σμάτων,
2323 5089 2417 5142 ἀπ’
2438 5087 2659 5143 ἀκείνου
2685 5085 2818 5157 πρὸς
2848 5085 3006 5138 τοῦτο
3033 5084 3100 5137 δι’
3129 5086 3320 5138 ἑαυτοῦ
3358 5104 3629 5158 χειραγω-

2047 5180 2205 5247 γοῦν·
2242 5179 2303 5230 οὑ
2342 5176 2451 5246 γὰρ
2479 5175 2544 5244 δὴ
2578 5175 2655 5237 εἰς
2687 5175 3068 5245 παρατήρησιν
3109 5174 3409 5245 καθαρμῶν
3442 5193 3628 5246 σωμαο

2046 5266 2213 5322 τικῶν
2240 5265 2437 5327 αὐτοὺς
2470 5264 2685 5332 ἐνῆγεν,
2726 5262 2841 5315 ἀλλ’
2876 5262 3191 5332 ἀποστῆσαν
3227 5263 3450 5317 ἐκείνων
3480 5281 3624 5335 παρ-

2045 5356 2164 5427 ῄνει
2213 5355 2308 5408 καὶ
2367 5350 2719 5405 συνεϐούλευε
2776 5350 3098 5421 μεταϐαλεῖν
3148 5352 3255 5405 ἀπὸ
3306 5352 3502 5415 κακίας
3545 5355 3625 5417 εἰς

2046 5440 2267 5514 ἀρετὴν,
2319 5440 2410 5493 καὶ
2456 5441 2514 5491 ἐν
2561 5440 2825 5501 τοῖςτῶν
2869 5440 3045 5511 ἔργων
3088 5440 3475 5511 κατορθώμασι
3529 5439 3626 5500 τὰς

2046 5531 2264 5593 ἐλπίδας
2295 5530 2393 5599 τῆς
2432 5528 2704 5599 σωτηρίας
2732 5528 2898 5599 ἔχειν,
2927 5532 3027 5583 οὐκ
3055 5532 3111 5582 ἐν
3152 5530 3480 5599 βαπτισμοῖς
3511 5529 3628 5583 δια-
3694 5526 3695 5529 “

2109 5727 2138 5768 δ
2164 5729 2272 5780 Duo
2299 5743 2411 5780 mss.
2440 5729 2727 5779 καταϐαῖνον
2749 5731 2866 5779 ὡσεὶ
2885 5727 3184 5794 περιστεράν.
