4100 6418
534 261 645 317 367

530 380 720 450 φόροις
745 375 839 431 καὶ
866 375 1168 446 καθαρμοῖς
1202 375 1430 428 ὑδάτων.
1463 374 1538 427 Οὐ
1568 373 1677 446 γὰρ
1703 373 1879 441 ἔλεγε·
1909 370 2116 425 Πλῦνον

528 462 600 516 τά
643 460 836 532 ἱμάτιά
889 475 1006 520 σου,
1050 457 1144 511 καὶ
1181 457 1372 512 λοῦσον
1402 457 1463 510 τὸ
1504 455 1666 528 σῶμά
1720 472 1835 519 σου,
1882 454 1977 509 καὶ
2019 453 2119 526 ἔσῃ

530 545 798 616 καθαρός·
843 541 980 596 ἀλλά
1025 541 1108 606 τί;
1163 539 1465 606 Ποιήσατε
1511 539 1746 608 καρπὸν
1774 536 1967 616 ίᾶξιον
2011 534 2119 603 τῆς

523 615 866 699 μετανοίας.
899 625 1009 678 Kal
1040 623 1180 678 κατά
1213 622 1372 677 τοῦτο
1398 622 1732 693 ὑψηλότερον
1764 615 1832 692 ἧν
1860 619 1956 674 τοῦ
1989 620 2121 672 Ἰου-

529 709 740 773 δαϊκοῦ,
767 708 863 762 τοῦ
889 707 948 761 δέ
976 706 1247 778 ἡμετέρου
1293 705 1676 777 ταπεινότερον
1699 721 1711 735 °
1746 703 1934 774 ἐπειδὴ
1981 704 2120 774 μήτε

531 793 759 862 Πνεῦμα
792 791 947 860 ἅγιον
999 790 1172 844 ἐδίδου
1204 788 1265 843 τὸ
1327 788 1614 860 βάπτισμα
1664 786 1935 850 Ἰωάννου,
1983 788 2119 856 μήτε

531 876 630 946 τὴν
659 874 748 928 διά
775 875 875 944 τῆς
909 873 1130 945 χάριτος
1161 873 1388 943 παρεῖχε
1418 869 1799 944 συγχώρησινο
1839 871 2120 939 μετανοεῖν

530 959 638 1030 7&9
678 957 947 1021 ἐκέλευεν,
987 957 1088 1010 οῦκ
1126 956 1346 1026 ἀφιέναι
1401 954 1588 1028 κύριος
1642 949 1732 1024 ἦν.
1776 953 1976 1022 Διόπερ
2025 951 2119 1004 καὶ

530 1043 744 1110 ἔλεγεν·
787 1041 928 1110 Ἐγὼ
962 1040 1079 1110 μὲν
1119 1039 1276 1109 ὑμᾶς
1305 1036 1570 1104 βαπτίζω
1594 1036 1666 1090 ἐν
1695 1035 1867 1089 ῦδατι
1895 1048 1943 1100 α,
1973 1033 2119 1086 ἐκεῖ-

529 1142 636 1190 νος
681 1123 749 1177 δὲ
804 1122 960 1191 ὑμᾶς
1004 1122 1296 1188 βαπτίσει
1349 1121 1420 1174 ἐν
1476 1121 1776 1188 Πνεύματι
1826 1118 1972 1188 ἁγίῳ
2022 1116 2122 1172 καὶ

530 1208 695 1276 πυρί.
726 1206 975 1278 Δηλονότι
1022 1207 1182 1268 αὐτὸς
1209 1206 1309 1266 οὐκ
1349 1202 1608 1267 ἐϐάπτιζε
1641 1202 1940 1275 Πνεύματι.
1970 1201 2034 1253 Τί
2062 1201 2121 1253 δέ

530 1293 702 1352 ἐστιν,
744 1292 842 1344 Ἑν
870 1291 1172 1358 Πνεύματι
1199 1287 1344 1356 ἁγίῳ
1371 1287 1468 1339 καί
1504 1287 1651 1354 πυρί
1664 1302 1682 1347 ;
1721 1283 2122 1356 Ἀναμνήσθητί

535 1391 628 1446 μοι
665 1374 766 1444 τῆς
791 1372 1005 1444 ἡμέρας
1039 1371 1272 1441 ἐκείνης,
1305 1369 1424 1422 καθ’
1464 1371 1530 1440 ἢν
1557 1367 1821 1440 ὤφθησαν
1851 1371 1961 1429 τοῖς
1989 1368 2123 1420 ἀπο-

531 1457 742 1520 στόλοις
797 1454 1244 1526 διαμεριζόμεναι
1292 1453 1535 1520 γλῶσσαι
1583 1453 1711 1506 ὼσεδ
1771 1452 1972 1524 πυρὸς,
2027 1451 2122 1504 καὶ

531 1541 786 1594 ἐκάθισεν
831 1539 915 1608 ἐφ’
956 1539 1052 1592 ἐνα
1092 1537 1323 1590 ἕκαστον
1360 1534 1510 1607 [571]
1544 1535 1746 1590 αὐτῶν.
1793 1537 1901 1590 Kal
1933 1536 2015 1587 ὃτι
2061 1533 2123 1586 τὸ

534 1623 819 1695 βάπτισμα
851 1622 1095 1676 Ἰωάννου
1140 1619 1328 1683 ἀτελὲς
1377 1614 1468 1688 ἦν,
1508 1617 1632 1672 οὔτε
1667 1618 1986 1688 Πνεύματος
2036 1635 2125 1687 χο-

535 1707 737 1781 ρηγίαν
773 1705 918 1776 ἕχον,
959 1704 1082 1758 οὔτε
1115 1702 1526 1774 ἁμαρτημάτων
1560 1701 1773 1771 ἄφεσιν,
1799 1701 1956 1772 δῆλον
1990 1701 2126 1752 ἐκεῖ-

535 1790 660 1844 θεν·
691 1790 880 1862 Εύρὼν
912 1790 1020 1861 γάρ
1049 1805 1199 1851 τινας
1255 1787 1499 1858 μαθητάς
1528 1787 1556 1839 ὁ
1590 1785 1799 1849 Παῦλός
1828 1802 1958 1856 φησι
1988 1782 2126 1855 πρὸς

533 1876 752 1938 αὐτοὺς,
781 1876 850 1928 El
888 1872 1130 1940 Πνεῦμα
1165 1871 1336 1939 ἅγιον
1367 1867 1613 1922 ἐλάϐετε
1647 1869 2125 1932 πιστεύσαντες;

535 1961 604 2012 Οἱ
643 1958 709 2011 δὲ
744 1954 918 2011 εἷπον
965 1957 1117 2024 πρὸς
1162 1957 1380 2010 αὐτόν’
1420 1953 1748 2010 Ἀλλόὐδὲ
1786 1955 1839 2007 εί
1882 1950 2127 2020 Πνεῦμα

533 2041 706 2110 ἅγιόν
750 2042 920 2094 ἐστιν
958 2040 1332 2108 ἠκούσαμεν.
1373 2033 1524 2092 Είπέ
1559 2054 1622 2090 τε
1665 2035 1815 2104 πρὸς
1868 2035 2124 2100 αὐτούς’

536 2123 638 2190 Εἰς
687 2124 745 2176 τί
795 2117 910 2177 οὖν
957 2123 1390 2190 ἐϐαπτίσθητε;
1439 2124 1502 2174 Ol
1569 2119 1639 2172 δὲ
1689 2120 1888 2173 εἷπονο
1929 2119 2032 2182 Είς
2060 2116 2128 2170 τὸ

546 2207 818 2263 Ἰωάννου
857 2205 1197 2275 βάπτισμα.
1248 2201 1394 2260 Εἷπε
1438 2203 1508 2257 δὲ
1550 2203 1812 2266 Παῦλος
1854 2201 2128 2268 Ἰωάννης

531 2292 647 2361 μὲν
691 2291 976 2345 ἐϐάπτισε
1021 2290 1338 2358 βάπτισμα
1391 2287 1746 2357 μετανοίας·
1807 2285 2126 2357 μετανοίας,

534 2377 638 2430 οὐκ
680 2376 949 2446 ἀφέσεως.
987 2375 1099 2428 Kal
1131 2375 1277 2437 τίνος
1305 2373 1494 2426 ἕνεκεν
1529 2371 1850 2436 ἐϐάπτισεν;
1890 2369 1975 2435 Τῷ
2000 2369 2130 2434 λαῷ

533 2460 748 2527 λέγων·
791 2461 897 2525 Εἰς
949 2457 1058 2510 τὸν
1102 2455 1430 2526 ἐρχόμενον
1472 2455 1599 2525 μετ’
1647 2454 1834 2508 αὑτὸν
1873 2453 1974 2505 ἵνα
2032 2466 2127 2504 πι-

533 2542 877 2607 στεύσωσι,
925 2539 1082 2594 τοῦτ’
1120 2541 1314 2605 ἐστιν,
1347 2541 1435 2606 είς
1478 2539 1586 2592 τὸν
1618 2537 1837 2606 Κύριον
1875 2535 2126 2603 Ἰησοῦν.

535 2626 647 2680 Καὶ
683 2625 1062 2690 ἀκούσαντες
1090 2624 1545 2690 ἐϐαπτίσθησαν
1577 2623 1664 2687 είς
1707 2620 1773 2674 τὸ
1804 2621 1990 2689 ὄνομα
2025 2619 2130 2673 τοῦ

534 2708 758 2776 Κυρίου
796 2707 1014 2776 Ἰησοῦ.
1043 2706 1152 2760 Καὶ
1181 2705 1488 2772 ἐπιθέντος
1519 2705 1725 2772 αὺτοῖς
1753 2706 1859 2759 τοῦ
1886 2705 2132 2758 Παύλου

534 2790 644 2856 τὰς
683 2790 906 2861 χεῖρας,
959 2787 1108 2860 ἦλθε
1153 2789 1220 2843 τὸ
1273 2788 1517 2858 Πνεῦμα
1561 2789 1628 2842 τὸ
1680 2788 1851 2858 ἅγιον
1901 2789 1996 2841 ἐπ’
2026 2789 2134 2842 αύ-

536 2876 698 2940 τούς.
738 2871 890 2938 Εἶδες
935 2874 1052 2937 πῶς
1092 2873 1280 2936 ἀτελὲς
1311 2870 1378 2944 ἦν
1425 2875 1485 2927 τὸ
1523 2872 1770 2926 Ἰωάννου
1807 2871 2129 2942 βάπτισμας

536 2957 600 3011 Εἰ
625 2957 733 3029 γὰρ
767 2958 839 3030 μὴ
864 2955 931 3029 ἦν
955 2959 1162 3022 ἀτελὲς,
1189 2958 1289 3011 οῦκ
1317 2958 1381 3012 ἂν
1405 2959 1604 3020 αὐτοὺς
1628 2956 1792 3011 πάλιν
1836 2956 2132 3008 ἐϐάπτισεν

535 3044 564 3094 ὁ
606 3042 838 3107 Παῦλος,
879 3044 980 3096 οὐκ
1016 3043 1082 3097 ἂν
1129 3044 1313 3106 αὐτοῖς
1344 3043 1443 3107 τάς
1475 3046 1667 3114 χεῖρας
1705 3040 1974 3111 ἐπέθηκε’
2015 3040 2134 3094 νυνὶ

534 3125 592 3178 δὲ
631 3125 921 3197 ἀμφότερα
957 3127 1131 3180 ταῦτα
1160 3127 1413 3198 ποιήσας,
1447 3127 1685 3197 ἐδήλωσε
1715 3126 1815 3198 τὴν
1858 3123 2133 3195 ὑπεροχὴν

533 3210 630 3263 τοῦ
681 3209 1058 3281 βαπτίσματος
1108 3212 1204 3264 τοῦ
1265 3212 1649 3272 ἀποστολικοῦ,
1694 3211 1789 3263 καὶ
1837 3211 1916 3262 ὅτι
1960 3211 2136 3262 ἐκεῖνο

533 3293 728 3347 τούτου
760 3293 896 3347 πολὺ
931 3293 1243 3366 κατώτερον
1281 3291 1370 3366 ἦν.
1413 3295 1575 3348 Ἀλλά
1618 3295 1720 3366 τὴν
1756 3295 1856 3362 μὲν
1897 3293 2006 3346 τῶν
2041 3292 2136 3362 βα-

535 3378 860 3449 πτισμάτων
898 3379 1166 3448 διαφορὰν
1207 3381 1270 3432 ἐκ
1302 3379 1508 3432 τούτων
1545 3378 1858 3450 ἐμάθομεν·
1905 3376 2048 3438 τίνος
2077 3375 2135 3429 δὲ

536 3463 723 3515 ἕνεκεν
763 3464 792 3515 ὁ
822 3463 1057 3533 Χριστὸς
1107 3461 1451 3531 βαπτίζεται,
1485 3462 1582 3516 καὶ
1628 3464 1778 3513 ποῖον
1828 3459 2134 3529 βάπτισμα,

535 3545 726 3598 λοιπὸν
765 3546 1064 3612 ἀναγκαῖον
1094 3548 1290 3598 εἰπεῖν.
1317 3543 1454 3597 Οῦτε
1482 3545 1542 3597 τὸ
1585 3544 1874 3598 Ἰουδαϊκὸν
1902 3543 1964 3596 τὸ
2002 3543 2138 3613 πρό-

535 3647 717 3696 τερον,
745 3627 871 3680 οῦτε
904 3628 966 3680 τὸ
1009 3629 1280 3700 ἡμέτερον
1321 3629 1382 3682 τὸ
1425 3627 1568 3700 μετὰ
1611 3627 1821 3681 ταῦτα·
1858 3626 1983 3682 οὔτε
2028 3626 2135 3698 γὰρ

541 3712 958 3784 ἁμαρτημάτων
989 3715 1392 3783 συγχωρήσεως
1431 3712 1634 3765 ἐδεῖτο·
1668 3711 1786 3775 πῶς
1831 3711 1938 3783 7&9
1973 3713 2002 3764 ὁ
2029 3729 2137 3781 μη-

537 3796 732 3866 δεμίαν
771 3795 1043 3866 ἁμαρτίαν
1073 3795 1246 3865 ἔχωνς
1289 3796 1600 3865 Ἀμαρτίαν
1631 3794 1761 3864 γὰρ,
1800 3795 1984 3864 φησὶν,
2024 3795 2136 3848 οὐκ

538 3879 856 3947 ἐποίησεν,
888 3878 1032 3933 οὐδὲ
1061 3879 1276 3946 εὑρέθη
1306 3879 1489 3945 δόλος
1523 3879 1594 3932 ὲν
1621 3877 1701 3944 τῷ
1733 3879 1986 3948 στόματι
2035 3879 2138 3932 αὐ-

539 3963 678 4018 τοῦ·
713 3964 808 4016 καὶ
866 3962 1051 4028 πάλιν,
1105 3963 1202 4029 Τίς
1247 3963 1316 4028 ἐξ
1366 3961 1534 4032 ὑμῶν
1586 3963 1822 4033 ἐλέγχει
1873 3978 1949 4032 με
2002 3960 2138 4030 περὶ

539 4047 865 4118 ἀμαρτίας;
914 4045 1051 4100 υῦτε
1105 4045 1425 4117 Πνεῦματος
1477 4047 1708 4118 ἄμοιρος
1758 4041 1826 4116 ἦν
1869 4044 2051 4114 ἐκείνη
2101 4047 2134 4115 ἡ

543 4131 707 4202 σάρξ·
740 4131 859 4192 πῶς
883 4131 993 4203 γὰρ
1019 4131 1084 4184 ἂν
1111 4133 1144 4201 ἡ
1172 4133 1236 4183 ἐκ
1266 4130 1587 4202 Πνεύματος
1609 4129 1770 4198 ἁγίου
1794 4145 2139 4182 κατασκευα-

545 4217 734 4269 σθεῖσα
762 4215 860 4285 τὴν
892 4215 1102 4286 ἀρχήνς
1141 4215 1203 4268 Et
1241 4214 1421 4268 τοίνυν
1470 4215 1608 4284 μήτε
1633 4212 1950 4284 Πνεύματος
1981 4213 2135 4281 ἁγίου

542 4293 770 4370 ἄμοιρος
795 4295 862 4369 ἧν
889 4299 922 4369 ὴ
958 4298 1096 4370 σάρξ
1135 4297 1339 4369 ἐκείνη,
1381 4299 1519 4368 μήτε
1550 4297 1945 4368 ἁμαρτήμασιν
1974 4295 2141 4348 ὑπεύ-

545 4388 723 4448 θυνος,
753 4381 897 4445 τίνος
929 4382 1114 4435 ἕνεκεν
1147 4379 1502 4446 ἐϐαπτίξετος
1527 4378 1692 4434 Ἀλλά
1710 4379 1980 4450 πρότερον
2011 4379 2140 4432 ἀνα-

543 4468 735 4533 γκαῖον
769 4465 959 4536 μαθεῖν
985 4467 1136 4518 ποῖον
1175 4465 1508 4518 ἐϐαπτίσατο
1541 4463 1843 4535 βάπτισμα,
1881 4462 1976 4516 καὶ
2016 4460 2138 4514 τότε

544 4549 640 4602 καὶ
691 4548 848 4601 τοῦτο
906 4548 1239 4621 σαφέστερον
1297 4550 1429 4620 ἡμῖν
1476 4549 1787 4620 γενήσεται.
1838 4548 1997 4600 Ποῖον
2045 4541 2138 4600 οῦν

545 4633 913 4698 ἐϐαπτίσατο;
943 4631 1081 4686 Οῦτε
1117 4633 1177 4686 τὸ
1211 4631 1524 4700 Ἰουδαϊκὸν,
1569 4631 1694 4685 οῦτε
1741 4631 1802 4684 τὸ
1849 4631 2137 4702 ἡμέτερον,

546 4717 683 4772 ἁλλὰ
711 4717 771 4771 τὸ
806 4717 1076 4773 Ἰωάννου.
1107 4717 1206 4772 Διά
1231 4715 1282 4771 τί
1304 4733 1319 4783 ;
1345 4717 1463 4770 Ἵνα
1490 4717 1584 4770 καὶ
1618 4714 1686 4769 δι’
1716 4715 1886 4786 αὐτῆς
1913 4717 2014 4785 τῆς
2043 4712 2138 4768 τοῦ

550 4802 927 4874 βαπτίσματος
975 4801 1193 4872 φύσεως
1245 4800 1459 4872 μάθῃς,
1507 4801 1591 4854 δτι
1641 4799 1704 4852 ού
1752 4799 1818 4853 δι’
1863 4799 2140 4868 ἁμαρτίας

543 4886 900 4950 ἐϐαπτίσατο,
950 4885 1072 4938 οὐδὲ
1111 4885 1187 4949 ὡς
1235 4885 1335 4957 τῆς
1387 4882 1482 4939 τοῦ
1525 4884 1843 4956 Πνεύματος
1886 4882 2140 4951 δεόμενος

544 4971 841 5041 γρρηγίας·
888 4971 1166 5041 ἑκατέρων
1209 4969 1320 5042 7&9
1352 4969 1557 5022 τούτων
1604 4968 1810 5040 ἔρημον
1860 4969 2038 5020 ἐκεῖνο
2079 4965 2140 5018 τὸ

547 5054 864 5124 βάπτισμα,
909 5053 1161 5125 καθάπερ
1217 5049 1310 5107 οὖν
1344 5055 1439 5107 καὶ
1486 5053 1876 5121 ἀπεδείξαμεν.
1909 5051 2021 5106 Καὶ
2053 5051 2138 5104 ὅτι

550 5137 652 5209 μὲν
683 5135 807 5190 οὔτε
837 5138 906 5190 δι’
951 5138 1145 5208 ἄφεσιν
1193 5138 1630 5211 ἁμαρτημάτων.
1657 5134 1784 5189 οὔτε
1827 5135 1916 5188 διὰ
1968 5133 2140 5187 Πνεύσ

549 5237 721 5295 ματος
761 5221 1030 5292 χορηγίαν
1071 5215 1236 5293 ἦλθεν
1278 5223 1372 5274 ἐπὶ
1408 5224 1500 5274 τὸν
1535 5220 1830 5290 Ἰορδάνην,
1877 5218 2038 5289 δῆλον
2072 5220 2138 5271 ἐκ

600 5411 626 5440 ⁸
650 5414 741 5489 ,εἰς
764 5429 883 5494 ms§\.
910 5422 963 5490 ει
987 5417 1108 5494 βεινγ.
1146 5416 1322 5494 lion-£1.
1346 5429 1469 5492 fero
1501 5423 1611 5494 ρυξι
1654 5414 1872 5494 exeam}
1899 5413 2035 5462 addit
2073 5412 2140 5494 είς

546 5479 814 5539 μετάνοιαν.
843 5478 1035 5527 Deinde
1069 5485 1196 5542 post,
1239 5479 1478 5541 Πνεῦματι
1503 5474 1628 5540 ἁγίῳ
1647 5477 1730 5526 καὶ
1754 5476 1884 5538 πυρί,
1909 5487 2025 5523 mss.
2051 5474 2139 5522 ad-

545 5539 672 5605 ᾀ-υιιζ
692 5539 906 5605 δηλονότι
947 5541 1089 5605 αῦτὸς
1110 5541 1198 5605 οὐκ
1223 5540 1440 5605 ἐϐάπτ-ιζε
1473 5539 1731 5605 ιίνεύματι.
1843 5538 1894 5586 δέ
1917 5537 2058 5605 ἐστιν⁸
2092 5535 2140 5583 ἐν

547 5599 920 5672 ξῙγεύματι-ἁγίῳ
929 5603 1153 5672 κιτὶπυρς
1173 5602 1340 5672 ἀναμν.
1364 5599 2143 5672 Ηφοιρθτὸμοιοτέλευτονρωξεεξ

546 5657 950 5768 ιέιὲἓεεὲὦὶᾱειιιὸτ
981 5665 1032 5713 in
1063 5657 1594 5716 Sai.el'ﬂorel.Nam
1618 5657 1810 5726 'oplime
1827 5657 2142 5724 quadranlad

1241 258 1298 317 S.
1338 254 1624 315 JOANMS
1660 250 2155 311 CHRYSOSTOMI
2189 251 2514 309 ARCHIEP.
2551 252 3103 311 CONSTANTINOP.

2220 369 2452 424 τούτων·
2502 371 2589 425 ἴνα
2616 372 2674 426 δέ
2723 373 2797 444 μὴ
2831 374 3027 446 νομίσῃ
3057 390 3142 438 τις
3186 373 3295 425 τῶν
3338 372 3459 426 τότε
3491 373 3804 444 παρόντων,

2219 453 2300 507 ὅτι
2353 454 2450 508 ἐπὶ
2515 457 2801 527 μετανοίᾳ,
2853 456 3104 530 καθάπερ
3153 457 3203 510 οί
3251 456 3462 521 λοιποὶ,
3510 459 3809 528 παραγίνει

2218 554 2332 604 ται,
2364 537 2596 592 ᾱκουσον
2630 539 2727 593 καὶ
2759 538 2919 594 τοῦτο
2951 540 3070 602 πῶς
3106 542 3136 594 ὁ
3172 540 3428 610 Ἰωάννης
3457 540 3810 612 προδιωρθὼ·

2222 637 2372 675 σατο.
2411 620 2470 676 ’0
2503 621 2611 694 7&9
2639 624 2752 686 τοῖς
2793 622 2976 688 ἄλλοις
3016 623 3212 693 λέγων,
3242 623 3544 690 Ποιήσατε
3577 625 3810 692 καρπὸν

2221 704 2394 770 ἀξιον
2444 703 2556 774 τῆς
2609 705 2955 775 μετανοίας,
3006 705 3238 760 ἄκουσον
3273 707 3328 760 τί
3384 709 3563 778 τούτῳ
3607 707 3807 779 φησίνο

2235 787 2376 857 Ἐγὼ
2402 789 2611 858 χρείαν
2639 787 2758 858 ἔχω
2790 789 2907 844 ὑπὸ
2939 789 3057 845 σοῦ
3090 789 3540 859 βαπτισθῆναιο
3583 792 3683 844 καὶ
3725 792 3810 848 σὺ

2221 871 2371 940 ἔρχῃ
2419 873 2571 940 πρός
2607 888 2716 942 με;
2766 873 2936 927 Τοῦτο
2966 873 3026 927 δὲ
3081 873 3236 943 ἔλεγε
3281 873 3457 945 δηλῶν
3496 874 3580 928 δτι
3626 875 3690 928 οῦ
3721 874 3812 929 διά

2222 953 2320 1024 τὴν
2347 955 2517 1025 αὐτὴν
2544 959 2658 1020 τοῖς
2697 955 2910 1020 πολλοῖς
2940 956 3130 1027 χρείαν
3176 957 3509 1028 παρεγένετο
3545 957 3683 1028 πρὸς
3713 957 3813 1010 αύ-

2221 1039 2313 1092 τόν
2333 1056 2346 1068 ·
2379 1039 2473 1092 καὶ
2502 1040 2582 1092 ὅτι
2610 1039 2866 1093 τοσοῦτον
2895 1040 3087 1110 ἀπέχει
3114 1040 3205 1094 διά
3230 1040 3388 1092 τοῦτο
3429 1040 3813 1110 βαπτίζεσθαι,

2223 1121 2306 1173 ὄτι
2345 1122 2438 1174 καὶ
2469 1122 2633 1174 αὑτοῦ
2675 1121 2769 1174 τοῦ
2801 1122 3105 1176 Βαπτιστοῦ
3138 1123 3317 1193 πολλῷ
3367 1123 3570 1194 μείζων
3593 1119 3683 1194 ἦν,
3718 1122 3814 1176 καὶ

2223 1204 2569 1274 ἀσυγκρίτως
2612 1205 3010 1277 καθαρώτερος.
3047 1205 3203 1268 Τίνος
3230 1203 3323 1259 οῦν
3352 1207 3540 1259 ἓνεκεν
3586 1207 3813 1259 ἐϐαπτί-

2225 1286 2366 1351 ζετο,
2407 1289 2456 1340 εί
2489 1291 2624 1358 μήτε
2654 1290 2746 1342 ἐπὶ
2786 1289 3066 1360 μετανοίᾳ,
3099 1293 3234 1360 μήτε
3279 1291 3372 1342 ἐπὶ
3399 1291 3811 1362 ἁμαρτημάτων

2223 1372 2447 1440 ἀφέσει,
2501 1374 2638 1443 μήτε
2694 1371 2847 1443 1572]
2897 1373 2990 1425 ἐπὶ
3023 1372 3341 1442 Πνεύματος
3377 1374 3614 1444 χορηγίᾳ
3655 1372 3812 1425 τοῦτο

2225 1454 2434 1519 Emisit;
2473 1455 2708 1526 Ἑτέρων
2756 1455 2900 1508 δυοῖν
2943 1455 3129 1508 ἕνεκεν
3173 1456 3382 1518 αἰτιῶν,
3437 1458 3567 1526 μιᾶς
3613 1456 3710 1526 μέν
3743 1450 3813 1522 ἧς

2227 1555 2388 1609 φησιν
2428 1539 2456 1591 ὁ
2513 1539 2790 1610 μαθητὴς,
2847 1539 3042 1610 ἐτέρας
3089 1539 3147 1591 δὲ
3192 1533 3260 1610 ἦς
3319 1539 3480 1603 αὐτὸς
3532 1540 3670 1608 πρὸς
3719 1541 3812 1591 τὸν

2240 1622 2492 1692 Ἰωάννην
2534 1617 2677 1676 εἶπε.
2722 1622 2857 1676 Τίνα
2909 1619 3006 1676 οὖν
3049 1638 3212 1692 φησιν
3259 1625 3287 1676 ό
3324 1622 3577 1692 Ἰωάννης
3629 1623 3813 1676 αἰτίαν

2225 1704 2320 1758 τοῦ
2366 1705 2739 1776 βαπτίσματος
2788 1701 2925 1759 εἶναι
2965 1705 3188 1771 τούτου;
3223 1708 3342 1760 Ἵνα
3376 1705 3650 1777 γνωρισθῇ
3699 1709 3814 1770 τοῖς

2227 1789 2462 1854 πολλοῖς,
2495 1789 2674 1853 καθὼς
2706 1790 2800 1842 καὶ
2840 1791 2869 1842 ό
2905 1789 3114 1853 Παῦλος
3155 1790 3361 1858 ἔλεγεν,
3407 1790 3488 1842 ὅτι
3542 1788 3816 1857 Ἰωάννης

2221 1873 2338 1942 μὲν
2362 1872 2644 1927 ἐϐάπτισε
2667 1870 2987 1941 βάπτισμα
3021 1873 3366 1942 μετανοίας,
3395 1874 3483 1938 εὶς
3511 1871 3619 1925 τὸν
3647 1873 3817 1942 ἐρχόο

2221 1973 2412 2026 μενον
2449 1956 2575 2024 μετ’
2609 1955 2796 2008 αὑτὸν
2839 1956 2938 2008 ἵνα
2977 1957 3424 2010 πιστεύσωσιν·
3454 1954 3614 2008 τοῦτο
3660 1951 3818 2028 ἦντὸ

2228 2040 2558 2111 κατόρθωμα
2588 2037 2680 2092 τοῦ
2732 2038 3130 2109 βαπτίσματος.
3179 2039 3252 2092 Τὸ
3301 2039 3400 2109 μὲν
3443 2040 3551 2108 γὰρ
3593 2039 3674 2101 είς
3718 2039 3818 2106 τὴν

2229 2123 2459 2177 ἑκάστου
2491 2123 2762 2194 περιιέναι
2791 2122 2987 2186 οἰκίαν,
3015 2123 3110 2176 καὶ
3145 2125 3266 2185 ταῖς
3294 2122 3486 2192 θύραις
3527 2121 3820 2193 προσιόντα

2229 2206 2416 2260 καλεῖν
2455 2205 2561 2270 ἔξω
2605 2207 2700 2259 καὶ
2750 2205 2928 2274 λέγειν
2964 2205 3263 2274 κατέχοντα
3309 2205 3399 2258 τδν
3449 2205 3705 2276 Χριστὸν,
3735 2205 3819 2257 ὅτι

2228 2283 2384 2353 οὗτός
2435 2291 2582 2343 ἐστιν
2611 2291 2638 2342 ὁ
2672 2289 2799 2352 Υἱὸς
2849 2288 2942 2341 τοῦ
2992 2287 3152 2350 Θεοῦ,
3202 2287 3442 2341 ὕποπτον
3501 2286 3671 2340 ἐποίει
3721 2286 3820 2356 τὴν

2232 2373 2536 2446 μαρτυρίαν
2581 2373 2675 2426 καὶ
2719 2373 2922 2442 σφόδρα
2967 2370 3204 2443 ἐργῶδες
3235 2367 3338 2442 ἦν’
3383 2374 3450 2424 τὸ
3487 2371 3541 2424 δέ
3587 2370 3822 2424 λαϐόντα

2231 2457 2394 2513 πάλιν
2427 2459 2506 2520 εἰς
2558 2455 2656 2527 τὴν
2706 2455 3028 2526 συναγωγὴν
3075 2454 3338 2508 εἰσελθεῖν
3381 2455 3475 2507 καὶ
3527 2453 3818 2519 δεικνύειν,

2229 2542 2324 2596 καὶ
2355 2541 2515 2595 τοῦτο
2545 2539 2679 2594 αὐτὸ
2723 2539 2924 2608 ὁμοίως
2960 2539 3199 2593 ὕποπτον
3242 2539 3415 2591 ἐποίει
3460 2538 3557 2608 τὴν
3607 2556 3821 2610 μαρτυ-

2234 2625 2359 2697 ρίαν
2397 2623 2560 2677 πάλιν
2582 2638 2595 2652 ⁸
2628 2622 2689 2676 τὸ
2722 2621 2779 2674 δὲ
2809 2620 2917 2676 τῶν
2959 2622 3144 2694 δήμων
3179 2622 3435 2675 ἁπάντων
3477 2622 3535 2686 ἐξ
3579 2622 3822 2691 ἑκάστης

2232 2707 2439 2772 πόλεως
2468 2706 2807 2778 ἐκχυθέντων
2837 2706 2930 2758 ἐπὶ
2968 2706 3059 2759 τὸν
3097 2706 3390 2777 Ἰορδάνην,
3421 2705 3517 2758 καὶ
3551 2705 3678 2776 περὶ
3721 2704 3823 2770 τάς

2231 2791 2397 2862 ὄχθας
2431 2789 2816 2861 διατριϐόντων
2849 2788 2944 2842 τοῦ
2974 2787 3246 2859 ποταμοῦ,
3276 2787 3498 2841 ἐλθόντα
3537 2787 3629 2842 καὶ
3658 2789 3822 2842 αὑτὸν

2233 2876 2327 2928 ἐπὶ
2369 2875 2432 2928 τὸ
2479 2874 2871 2947 βαπτισθῆναι,
2900 2872 3158 2938 δέξασθαι
3187 2873 3286 2944 τὴν
3327 2872 3531 2926 ἄνωθεν
3563 2872 3822 2925 σύστασιν

2233 2959 2330 3031 τὴν
2363 2958 2451 3013 διά
2482 2959 2580 3030 τῆς
2618 2958 2802 3029 φωνῆς
2839 2955 2934 3010 τοῦ
2969 2956 3206 3028 Πατρὸς,
3237 2955 3336 3028 τὴν
3363 2955 3451 3010 διά
3482 2958 3582 3026 τῆς
3611 2959 3821 3026 ἐπιφοι-

2233 3044 2445 3115 τήσεως
2501 3040 2596 3094 τοῦ
2646 3041 2962 3111 Πνεύματος
3014 3040 3113 3110 τῆς
3158 3042 3216 3093 ἐν
3271 3039 3398 3093 εῖδει
3455 3043 3820 3112 περιστερᾶς,

2234 3125 2542 3179 ἀνύποπτον
2564 3125 2737 3178 ἐποίει
2766 3123 3018 3192 γενέσθαι
3041 3123 3142 3194 τὴν
3175 3123 3421 3177 Ἰωάννου
3447 3123 3544 3194 τὴν
3569 3125 3653 3176 ἐπ’
3675 3123 3823 3194 αὐτῷ

2239 3209 2567 3280 μαρτυρίαν.
2598 3209 2696 3262 Διά
2728 3207 2908 3270 τοῦτο,
2938 3207 3132 3276 Κάγὼ,
3165 3207 3351 3278 φησὶν,
3380 3209 3492 3261 οὐκ
3523 3206 3690 3275 ᾔδειν
3721 3209 3826 3262 αὑ·

2236 3293 2362 3356 τὸν,
2415 3294 2729 3358 ἀξιόπιστον
2771 3292 2870 3362 τὴν
2915 3291 3110 3344 ἐαυτοῦ
3165 3292 3439 3345 καθιστῶν
3497 3291 3824 3362 μαρτυρίαν.

2251 3376 2467 3448 Ἐπειδὴ
2519 3377 2629 3447 γάρ
2665 3379 2948 3444 συγγενεῖς
2999 3373 3139 3446 ἦσαν
3189 3375 3432 3446 ἀλλήλων
3463 3377 3605 3428 κατά
3649 3378 3829 3447 σάρκα

2239 3459 2421 3530 (Ἰδοὺ
2449 3459 2580 3530 γὰρ,
2608 3459 2798 3530 φησὶν,
2831 3459 3140 3514 Ἐλισὰϐετ
3166 3461 3206 3527 ὴ
3237 3459 3543 3528 συγγενής
3567 3474 3706 3522 σου,
3729 3460 3828 3514 καὶ

2237 3544 2392 3613 αὑτὴ
2423 3543 2832 3613 συνειληφυῖα
2867 3543 3021 3608 υἱὸν,
3053 3547 3120 3615 τῇ
3157 3545 3390 3614 Μαριάμ
3422 3559 3588 3614 φησιν
3608 3545 3636 3597 ὁ
3664 3544 3834 3612 ἅγγε-

2237 3628 2330 3692 λος
2382 3627 2509 3700 περὶ
2556 3627 2658 3697 τῆς
2699 3627 2905 3699 μητρὸς
2959 3627 3239 3681 Ἰωάννουο
3287 3627 3336 3679 εἰ
3386 3626 3445 3680 δὲ
3487 3628 3541 3680 αἱ
3593 3627 3832 3699 μητέρες

2241 3711 2572 3781 συγγενεῖςιι
2602 3707 2764 3782 ἦσαν,
2801 3709 3023 3781 εὔδηλον
3061 3712 3142 3764 ὅτι
3175 3710 3269 3764 καὶ
3307 3709 3378 3763 τὰ
3416 3710 3626 3775 παιδία)
3653 3727 3666 3739 ·
3709 3712 3835 3766 ἐπεὶ

2238 3791 2331 3849 οῦν
2362 3799 2644 3864 συγγενεῖς
2675 3791 2836 3866 ἦσαν,
2879 3796 2966 3848 ἴνα
3003 3794 3079 3865 μὴ
3102 3794 3191 3847 διὰ
3219 3795 3318 3864 τὴν
3354 3794 3673 3862 συγγένειαν
3706 3795 3831 3863 δόξῃ

2243 3881 2539 3951 μαρτυρεῖν
2569 3877 2646 3949 τῷ
2680 3877 2924 3950 Χριστῷ,
2951 3877 3359 3948 ᾠκονόμησενὴ
3392 3876 3486 3929 τοῦ
3512 3877 3832 3948 Πνεῦματος

2240 3964 2402 4035 χάρις
2451 3963 2632 4016 πᾶσαν
2685 3963 2782 4034 τὴν
2844 3960 3067 4032 πρώτην
3127 3961 3343 4033 ἡλικίαν
3392 3963 3450 4014 ἐν
3499 3963 3692 4032 ἐρήμῳ
3739 3961 3832 4013 τὸν

2253 4047 2507 4116 Ἰωάννην
2562 4044 2790 4114 διάγειν,
2842 4046 2928 4100 ἴνα
2984 4045 3060 4116 μὴ
3112 4045 3202 4098 διά
3245 4043 3430 4113 φιλίαν
3472 4043 3505 4114 ἢ
3565 4046 3627 4097 ἐκ
3665 4061 3831 4096 κατα-

2242 4129 2445 4200 σκευῆς
2493 4147 2638 4194 τινος
2679 4128 2936 4201 τοιαύτης
2984 4131 3017 4200 ἡ
3073 4127 3348 4199 μαρτυρία
3393 4127 3637 4196 γίνεσθαι
3672 4128 3831 4199 δόξῃ,

2239 4214 2355 4269 ἀλλ’
2380 4214 2454 4277 ὡς
2497 4214 2649 4286 παρά
2678 4213 2774 4266 τοῦ
2807 4212 2944 4266 Θεοῦ
2981 4211 3192 4284 μαθὼν,
3227 4211 3403 4275 οῦτως
3432 4211 3593 4264 αὑτὸν
3629 4229 3835 4280 καταγ-

2240 4299 2418 4370 γείλῃ.
2465 4297 2564 4351 Διά
2606 4297 2767 4351 τοῦτό
2822 4312 2989 4368 φησι’
3038 4294 3213 4362 Κάγὼ
3249 4296 3362 4348 οὐκ
3417 4293 3590 4364 ᾔδειν
3623 4297 3832 4348 αὐτόν.

2243 4381 2413 4435 Πόθεν
2461 4377 2556 4435 οὖν
2605 4379 2840 4451 έμαθες;
2876 4380 2930 4433 Ὀ
2977 4380 3224 4449 πέμψας
3262 4394 3360 4446 με,
3407 4378 3574 4449 φησὶ,
3614 4380 3834 4443 βαπτί-

2241 4463 2362 4527 ζειν
2381 4465 2451 4519 ἐν
2474 4464 2666 4530 ὕδατι,
2696 4464 2930 4528 ἐκεῖνός
2957 4481 3061 4532 μοι
3089 4458 3242 4517 εἷπε.
3270 4461 3335 4514 Τί
3367 4478 3448 4514 σοι
3471 4457 3625 4516 εἶπεν
3650 4479 3664 4528 ;
3713 4463 3831 4532 Ἐφ’

2241 4551 2316 4604 ὃν
2356 4547 2434 4605 ἂν
2486 4547 2622 4616 ἴδῃς
2672 4548 2740 4601 τὸ
2785 4547 3032 4616 Πνεῦμα
3069 4545 3434 4601 καταϐαῖνον
3475 4545 3620 4599 ὡσεὶ
3669 4563 3830 4615 περι·

2243 4633 2488 4701 στερὰν,
2511 4631 2609 4686 καί
2639 4631 2831 4700 μένον
2862 4631 2955 4684 ἐπ’
2986 4633 3192 4697 αὐτὸν,
3221 4629 3408 4694 αὑτός
3450 4629 3623 4684 ἐστιν
3650 4632 3681 4684 ὁ
3713 4633 3834 4696 βα-

2243 4716 2458 4778 πτίζων
2497 4717 2568 4769 ἑν
2616 4716 2913 4786 Πνεύματι
2972 4717 3138 4786 ἁγίῳ.
3197 4713 3352 4787 Ὁρᾷς
3402 4717 3485 4770 ὅτι
3540 4715 3630 4770 διὰ
3676 4714 3833 4769 τοῦτο

2241 4797 2374 4872 ἦλθε
2408 4799 2468 4853 τδ
2506 4799 2730 4870 Πνεῦμα
2764 4800 2826 4852 τὸ
2870 4799 3046 4867 ἅγιον,
3075 4801 3173 4870 οὐχ
3201 4801 3276 4864 ὡς
3309 4801 3429 4854 τότε
3463 4801 3678 4873 πρῶτον
3714 4803 3833 4854 ἐπι-

2245 4885 2530 4954 φοιτῆσαν,
2575 4882 2691 4936 ἀλλ’
2731 4883 2816 4936 ἵνα
2854 4883 3002 4956 δείξῃ
3051 4884 3142 4938 τὸν
3175 4885 3600 4956 κηρυττόμενον,
3644 4883 3831 4955 ὥσπερ
3915 4907 3928 4915 ·

2241 4968 2489 5038 δακτύλῳ
2553 4969 2661 5020 τινὶ
2719 4970 2785 5039 τῇ
2848 4968 3047 5038 πτήσει
3114 4969 3280 5021 πᾶσιν
3343 4967 3504 5022 αὑτὸν
3558 4967 3829 5041 γνώριμον

2243 5051 2468 5116 ποιοῦν;
2502 5051 2602 5103 Διά
2635 5050 2796 5103 τοῦτο
2843 5049 3024 5103 τοίνυν
3053 5046 3216 5121 ἦλθεν
3271 5051 3365 5104 ἐπὶ
3420 5050 3482 5104 τὸ
3526 5049 3825 5121 βάπτισμα.

2242 5137 2353 5190 Kal
2394 5135 2462 5190 δι’
2492 5136 2686 5206 ἑτέραν
2725 5135 2783 5188 δέ
2821 5134 3023 5196 αἰτίαν,
3066 5136 3134 5206 ἢν
3181 5136 3343 5200 αὑτός
3378 5149 3541 5206 φησι’
3575 5133 3735 5188 ποίαν
3764 5133 3825 5203 δὴ

2241 5220 2483 5292 ταύτην;
2517 5219 2625 5272 Τοῦ
2659 5219 2907 5274 Ἰωάννου
2952 5221 3227 5285 εἰπόντος,
3269 5219 3412 5290 Ἐγὼ
3455 5219 3666 5289 χρείαν
3717 5221 3831 5291 ἔχω

2242 5304 2364 5360 ὑπὸ
2397 5303 2515 5358 σοῦ
2567 5302 2984 5372 βαπτισθῆναι
3003 5343 3018 5368 ,
3067 5305 3169 5359 καὶ
3216 5304 3298 5359 σὺ
3341 5304 3490 5372 ἔρχῃ
3536 5303 3687 5368 πρός
3721 5320 3828 5376 με;

2243 5388 2409 5450 αὐτὸς
2459 5387 2796 5455 ἁπεκρίνατο
2832 5388 3043 5458 λέγων·
3092 5389 3268 5459 Ἄφες
3317 5389 3486 5457 ἄρτι·
3522 5391 3675 5445 οὕτω
3722 5384 3827 5456 γὰρ

2244 5473 2478 5540 πρέπον
2514 5472 2690 5526 ἐστὶν
2728 5471 2876 5542 ἡμῖν
2915 5471 3232 5542 πληρῶσαι
3277 5471 3486 5529 πᾶσαν
3526 5471 3824 5527 δικαιοσύ-

2305 5721 2338 5764 3
2359 5719 2496 5774 Unus
2511 5720 2669 5773 codex
2693 5728 2747 5776 et
2778 5721 2930 5772 Savil.
2956 5722 3239 5785 συγγενίδας.
