4100 6424
313 327 418 382 567

313 443 658 500 collocarent.
679 444 792 500 Non
813 447 955 501 enim
978 446 1206 512 diccbat,
1240 449 1410 504 Ablue
1439 451 1752 507 vestimenta
1780 461 1865 508 tua
1885 495 1903 522 ,

315 545 369 588 et
408 535 522 590 lava
572 551 766 607 corpus
813 547 984 603 tuum,
1019 550 1075 595 et
1117 542 1349 598 mundus
1387 544 1496 598 eris
1527 561 1542 598 :
1573 545 1701 614 quid
1739 546 1905 617 ergo?

275 687 280 715 ἱ
318 625 498 681 Facite
530 631 753 700 fructum
798 631 1010 702 dignum
1051 634 1355 703 paenitentia:
1386 635 1598 706 (Matth.
1631 638 1684 692 5.
1713 638 1790 709 8).
1829 642 1907 695 Ac

316 717 359 771 si
389 717 494 773 hoc
523 731 730 790 spectes
753 763 767 785 ,
795 722 1017 778 Judaico
1043 725 1319 781 sublimius
1343 736 1478 794 erat,
1508 729 1758 786 humilius
1777 747 1906 788 vero

321 820 534 875 nostro;
566 812 992 884 quandoquidem
1015 832 1187 886 neque
1206 817 1460 888 Spiritum
1487 830 1727 876 sanctum
1749 823 1909 880 dabat

315 899 540 956 Joannis
580 904 838 973 baptisma
863 948 878 973 ,
926 922 1098 977 neque
1137 911 1504 966 remissionem
1550 928 1646 983 per
1682 917 1907 985 gratiam

319 993 631 1049 conferebat
664 1012 676 1048 :
713 997 1079 1065 paenitentiam
1124 1001 1266 1054 enim
1307 1017 1466 1072 agere
1501 987 1756 1072 jubebat,
1801 1022 1909 1061 non

320 1083 618 1141 dimittendi
661 1097 920 1157 potestate
962 1091 1210 1160 pollebat.
1243 1092 1579 1164 Quapmpter
1617 1105 1671 1150 et
1698 1097 1906 1165 aiebat,

318 1175 432 1246 Ego
451 1179 650 1247 quidem
677 1181 875 1250 baptizo
901 1198 986 1236 vos
1022 1182 1075 1236 in
1117 1200 1250 1252 aqua
1273 1185 1313 1251 ¹,
1336 1185 1423 1238 ille
1447 1197 1616 1240 autent
1641 1186 1912 1258 baptizabit

318 1283 406 1323 vos
425 1270 476 1322 in
508 1270 705 1340 Spiritu
725 1283 898 1326 sancto
919 1285 966 1328 et
990 1275 1098 1344 igni
1124 1274 1282 1344 (Ibid.
1309 1276 1421 1348 ii).
1451 1275 1666 1334 Scilicet
1693 1279 1779 1333 ille
1804 1293 1909 1334 non

320 1361 624 1430 baptizabat
675 1363 727 1418 in
777 1365 997 1433 Spiritu.
1044 1367 1182 1435 Quid
1229 1377 1312 1423 est
1353 1379 1550 1434 autem,
1593 1369 1662 1424 1η
1713 1372 1911 1442 Spiritu

321 1461 496 1505 sancto
516 1463 563 1506 et
583 1454 729 1524 igni?
750 1456 1051 1511 Recordare
1073 1457 1204 1512 mihi
1221 1458 1325 1514 diei
1348 1461 1508 1525 illius,
1531 1477 1636 1532 quo
1656 1464 1913 1532 apostolis

323 1541 616 1613 dispertitae
645 1546 838 1616 linguae
865 1559 1229 1618 apparuerunt
1255 1560 1524 1621 tamquam
1555 1553 1711 1623 ignis,
1745 1554 1910 1608 sedit-

323 1649 426 1702 que
455 1650 613 1705 supra
645 1638 883 1708 singulos
910 1655 1096 1696 eorum
1123 1639 1259 1714 (Act.
1292 1643 1347 1696 2.
1377 1643 1452 1714 5).
1484 1646 1562 1699 Ac
1583 1645 1907 1715 baptismum

324 1725 546 1782 Joannis
573 1728 938 1798 imperfectum
971 1732 1134 1788 fuisse
1154 1776 1169 1800 ,
1211 1750 1385 1806 neque
1411 1736 1642 1806 Spiritus
1670 1739 1914 1808 largitum

323 1830 443 1870 esse
471 1819 694 1886 gratiam
716 1861 730 1886 ,
759 1835 932 1891 neque
959 1824 1327 1881 remissionem
1360 1838 1696 1897 peccatorum
1722 1872 1737 1896 ,
1791 1830 1915 1885 inde

324 1917 578 1962 constat:
609 1925 729 1964 cum
776 1913 916 1967 enim
967 1915 1223 1983 quosdam
1268 1916 1558 1988 discipulos
1607 1919 1918 1976 offendisset

326 1998 540 2064 Paulus,
584 2001 656 2054 ait
685 2001 810 2067 illis,
849 2003 909 2058 Si
942 2004 1196 2075 Spiritum
1235 2019 1465 2062 sanctum
1510 2011 1772 2077 accepistis
1810 2029 1919 2066 cre-

326 2090 539 2146 dentes?
561 2093 626 2147 At
651 2095 728 2148 illi
767 2095 1002 2150 dixerunt
1032 2099 1099 2152 ad
1124 2115 1236 2152 eum
1257 2115 1276 2153 .°
1299 2099 1405 2155 Sed
1438 2117 1594 2170 neque
1622 2103 1666 2155 si
1695 2102 1918 2172 Spiritus

327 2192 531 2236 sanctus
553 2195 624 2238 est
648 2186 952 2243 audivimus.
987 2187 1087 2243 Ille
1110 2205 1224 2245 vero
1252 2191 1325 2245 ait
1350 2207 1366 2246 :
1387 2190 1453 2246 In
1480 2210 1578 2262 quo
1601 2209 1720 2264 ergo
1746 2195 1916 2264 bapti-

326 2275 428 2328 zati
456 2277 610 2330 estis?
644 2277 744 2344 Qui
780 2279 1048 2346 dixerunt,
1076 2280 1142 2336 In
1170 2281 1392 2338 Joannis
1425 2284 1741 2354 baptismate.
1777 2285 1920 2340 Dixit

327 2377 497 2422 autem
527 2367 1000 2427 l’aulus:Joannes
1036 2375 1304 2444 baptizavit
1334 2376 1580 2445 baptismo
1620 2377 1920 2448 paenitentia:

333 2458 468 2530 (Act.
500 2460 586 2515 i9.
657 2461 808 2532 2-6);
853 2466 1180 2534 paenitentiae
1219 2482 1326 2522 non
1362 2469 1711 2524 remissionis.
1747 2470 1920 2537 Quare

328 2566 459 2605 vero
483 2551 822 2622 baptizabat?
851 2554 1056 2626 Populo
1081 2559 1282 2625 dicens,
1325 2557 1392 2613 In
1418 2576 1530 2613 eum
1568 2560 1652 2631 qui
1683 2571 1922 2615 venturus

325 2651 452 2696 esset
477 2653 588 2712 post
616 2645 816 2714 ipsum,
862 2658 916 2700 ut
954 2649 1240 2716 crederent,
1283 2650 1377 2704 Itoc
1415 2661 1522 2717 est,
1551 2652 1604 2704 in
1647 2650 1922 2706 Dominum

327 2733 524 2789 Jcsum.
573 2736 672 2790 llis
707 2740 894 2792 auditis
935 2740 1176 2810 baptizuti
1216 2753 1332 2796 sunt
1379 2744 1432 2797 in
1470 2745 1672 2800 nomine
1717 2745 1923 2800 Domini

329 2824 479 2880 Iesu.
535 2828 598 2882 Et
642 2846 756 2883 cum
800 2832 1119 2903 imposuisset
1162 2836 1264 2889 illis
1295 2853 1474 2891 manus
1514 2837 1751 2902 Paulus,
1793 2841 1922 2893 venit

333 2919 561 2990 Spiritus
585 2933 787 2977 sanctus
809 2940 960 2993 super
983 2942 1086 2979 eos.
1114 2926 1296 2994 Vides,
1323 2937 1380 2982 ut
1403 2930 1742 2998 imperfectus
1766 2931 1923 2986 fuerit

329 3010 548 3067 Joannis
576 3014 904 3084 baptismus?
934 3017 988 3072 Si
1021 3019 1158 3072 enim
1188 3020 1530 3089 imperfectus
1569 3037 1673 3076 non
1703 3023 1920 3087 fuisset,

334 3118 440 3157 non
471 3120 564 3159 eos
592 3122 776 3161 rursus
818 3108 1143 3178 baptizasset
1180 3110 1410 3176 Paulus,
1444 3127 1548 3166 non
1580 3114 1708 3182 ipsis
1736 3129 1925 3168 manus

335 3193 711 3264 imposuisset;
743 3197 853 3267 jam
903 3216 1030 3253 vero
1072 3216 1192 3255 cum
1239 3211 1520 3272 utrumque
1549 3203 1689 3258 istud
1720 3203 1927 3273 prasti-

336 3288 488 3352 tcrit,
529 3290 802 3358 apostolici
835 3290 1082 3360 baptismi
1110 3293 1479 3348 excellentiam
1506 3336 1518 3359 ,
1567 3305 1728 3365 atque
1777 3295 1924 3350 illum

333 3380 502 3434 multo
529 3379 836 3436 inferiorem
867 3383 968 3438 hoc
997 3383 1162 3440 fuisse
1188 3385 1495 3440 declaravit.
1527 3385 1724 3441 Verum
1747 3402 1815 3441 ex
1845 3385 1928 3440 his

332 3471 547 3541 quidem
573 3473 839 3542 quodnam
871 3475 939 3529 sit
982 3475 1121 3546 inter
1150 3475 1446 3544 baptismos
1475 3476 1762 3532 discrimen
1788 3476 1926 3531 didi-

333 3568 526 3633 cimus,
555 3584 783 3638 quanam
815 3585 942 3623 vero
971 3569 1039 3624 de
1063 3585 1222 3625 causa
1248 3571 1493 3626 Christus
1521 3573 1844 3642 baptizatur,
1875 3582 1930 3627 et

337 3676 569 3730 quonam
603 3661 898 3733 baptismo,
929 3662 1184 3732 deinceps
1207 3679 1384 3732 operte
1417 3665 1643 3733 pretium
1673 3673 1756 3718 est
1778 3664 1928 3718 dica-

335 3769 472 3808 tuus.
523 3753 705 3824 Neque
740 3753 960 3809 Judaico
1007 3755 1098 3808 illo
1143 3754 1340 3823 priori,
1386 3771 1558 3824 neque
1598 3755 1700 3810 hoc
1745 3763 1930 3810 nostro

333 3847 616 3915 posteriori
643 3866 656 3899 :
681 3863 785 3902 non
826 3849 967 3902 enim
1013 3847 1329 3902 remissione
1361 3859 1700 3917 peccatorum
1729 3848 1930 3917 indige-

335 3937 566 4008 batzqui
602 3938 746 3994 enim
776 3940 826 3994 id
857 3941 968 3994 ﬁeri
999 3949 1211 4009 posset,
1243 3955 1363 3994 cum
1396 3940 1597 3994 nullum
1629 3941 1679 3995 in
1708 3956 1772 3996 eo
1802 3956 1929 4011 pec-

334 4040 510 4084 catum
554 4031 732 4086 esset?
780 4030 1050 4086 Peccatum
1080 4032 1214 4084 enim
1236 4073 1249 4094 ,
1285 4032 1486 4102 inquit,
1519 4049 1620 4086 non
1650 4032 1769 4102 fecit
1795 4074 1808 4096 ,
1843 4048 1931 4087 nec

337 4124 569 4178 inventus
593 4135 666 4178 est
694 4124 842 4178 dolus
871 4125 922 4177 in
951 4141 1036 4178 ore
1051 4122 1410 4194 ejus(i.Petr.
1428 4123 1588 4192 2.22)
1616 4143 1627 4175 :
1652 4133 1707 4178 et
1725 4139 1928 4188 rursus,

341 4214 467 4280 Quis
495 4231 558 4268 ea:
596 4215 732 4269 vobis
769 4225 944 4286 arguet
990 4231 1068 4268 me
1110 4214 1173 4268 de
1212 4225 1415 4283 peccato
1455 4213 1668 4284 (Joann.
1715 4213 1766 4270 8.
1802 4213 1934 4285 46)?

337 4306 523 4375 Neque
551 4308 782 4377 Spiritus
811 4323 1002 4376 expers
1031 4316 1147 4361 erat
1190 4307 1280 4362 illa
1325 4323 1452 4362 caro
1476 4327 1488 4361 :
1514 4309 1603 4377 qui
1645 4308 1786 4362 enim
1815 4323 1934 4362 esse

339 4407 541 4466 posset,
566 4414 684 4468 quae
704 4414 732 4451 a
754 4399 1014 4469 principio
1030 4397 1204 4454 {iterat
1224 4413 1254 4451 a
1278 4399 1479 4467 Spiritu
1505 4407 1694 4453 sancto
1715 4399 1934 4454 eﬂ‘ecta?

340 4492 398 4547 Si
426 4507 554 4562 ergo
586 4508 758 4563 neque
787 4493 1018 4563 Spiritus
1063 4492 1233 4549 sancti
1271 4507 1462 4562 expers
1506 4501 1621 4547 erat
1659 4492 1746 4547 illa
1777 4507 1932 4555 caro,

340 4601 516 4655 neque
545 4583 774 4639 obnoxia
815 4585 1080 4654 peccatis.
1123 4599 1225 4656 qua
1253 4583 1320 4640 de
1345 4599 1502 4639 causa
1533 4583 1938 4654 baptizabatur?

342 4677 725 4732 Verumtamen
752 4677 900 4746 prius
920 4691 1142 4732 necesse
1166 4685 1250 4732 est
1276 4675 1544 4732 discamus
1572 4691 1803 4746 quonam
1836 4675 1932 4730 ba-

344 4772 592 4841 ptismate
630 4770 701 4825 sit
735 4769 1034 4838 baptizatus
1055 4810 1070 4832 ,
1104 4778 1322 4838 tumque
1352 4767 1492 4824 istud
1517 4783 1728 4838 quoque
1765 4767 1938 4822 mani-

344 4861 532 4917 festius
559 4860 767 4918 evadet.
801 4860 1042 4928 Quonam
1075 4859 1232 4929 igitur
1259 4869 1340 4914 est
1382 4860 1714 4930 baptizatus?
1757 4859 1940 4930 Neque

341 4953 586 5020 Judaico,
615 4967 788 5022 neque
813 4959 1019 5016 nostro,
1047 4950 1140 5006 sed
1169 4950 1410 5007 Joannis.
1437 4952 1841 5018 Quamobrem?
1872 4951 1942 5008 Ut

347 5063 413 5102 ex
462 5046 577 5117 ipsa
621 5044 956 5115 baptismatis
1001 5051 1192 5097 natura
1239 5043 1502 5113 intelligas
1551 5059 1672 5100 eum
1724 5053 1943 5115 propter

347 5146 566 5208 peccata
616 5151 722 5191 non
769 5136 932 5192 fuisse
977 5134 1322 5204 baptizatum,
1376 5149 1550 5204 neque
1600 5137 1742 5206 quod
1771 5137 1939 5206 gratia

344 5230 578 5300 Spiritus
604 5227 866 5299 indigeret
889 5247 901 5281 :
922 5243 1044 5282 nam
1080 5227 1358 5295 utriusque
1383 5225 1576 5282 horum
1607 5243 1799 5297 expers
1824 5238 1943 5284 erat

348 5323 452 5378 hoc
470 5322 753 5392 baptisma,
778 5330 834 5375 ut
850 5321 958 5390 jam
980 5335 1010 5374 a
1033 5317 1185 5374 nobis
1205 5318 1628 5374 demonstratum
1649 5328 1750 5374 est.
1771 5319 1943 5390 Atque

413 5523 432 5555 ί
467 5523 542 5571 Sic
556 5526 664 5570 Mss.
687 5527 739 5570 et
751 5519 892 5570 savil.
911 5517 1074 5568 Morel.
1095 5529 1214 5567 vero
1234 5515 1383 5579 addit,
1401 5514 1453 5579 in
1476 5513 1817 5579 prandentium.
1833 5522 1935 5579 stos

373 5592 463 5636 rost
492 5583 597 5632 haec
630 5584 796 5644 verba,
814 5582 867 5644 in
887 5581 1252 5644 spirituisancto
1281 5585 1327 5630 et
1347 5577 1446 5644 igni
1463 5577 1483 5638 ί
1501 5585 1610 5628 Mss.
1634 5577 1945 5644 addunt,_sci-

373 5599 463 5636 ιοει
493 5599 597 5632 Ilaec
630 5599 796 5640 verba,
814 5599 867 5630 τη
887 5599 1066 5642 δριηιιι
1087 5599 1252 5634 sanata
1281 5599 1326 5630 ﬂ
1347 5599 1446 5644 tgna
1463 5613 1480 5638 ,
1502 5599 1610 5628 usus.
1634 5599 1830 5638 auuuut,
1853 5599 1943 5628 sa-

351 5599 581 5760 ἔδξῖιέρῇ
601 5642 977 5769 mibgptizabat
994 5640 1041 5690 in
1051 5641 1257 5705 Spiritu.
1277 5639 1402 5702 quid
1422 5646 1492 5691 est
1511 5643 1670 5689 autem
1692 5640 1744 5690 in
1762 5639 1943 5701 Spiritu

705 5919 971 5976 ΡΑΤηοι..
1017 5917 1060 5975 (Ξ
1075 5935 1132 5972 tt.
1184 5915 1402 5977 XLIX.

1565 337 1657 394 DE
1695 334 2032 393 BAPTISMO
2059 337 2346 397 CHRISTI.

3489 363 3597 418 368

2015 473 2078 513 ex
2111 459 2193 515 his
2218 464 2432 532 quidem
2460 466 2626 539 liquet
2670 485 2792 525 eum
2836 488 3012 543 neque
3041 475 3107 529 ad
3147 486 3486 545 peccatorum
3517 496 3600 535 re-

2014 550 2359 622 missionem,
2409 572 2583 628 neque
2609 560 2675 615 ad
2706 561 2936 632 Spiritus
2975 565 3308 635 largitionem
3351 569 3598 627 obtinen-

2012 642 2134 697 dam
2165 644 2232 699 ad
2269 645 2557 704 Jordanem
2586 655 2794 709 venisse
2820 673 2834 710 :
2857 672 2924 711 ne
2953 673 3085 712 vero
3113 661 3372 729 quispiam
3399 677 3466 716 ex
3494 663 3558 716 iis
3592 704 3606 726 ,

2014 735 2103 805 qui
2133 745 2258 792 tunc
2285 739 2544 809 aderant,
2575 743 2908 802 existimaret
2937 764 3058 803 eum
3089 751 3414 819 poenitentia:
3443 768 3604 808 causa

2013 828 2150 882 sicut
2170 837 2394 886 creteros
2411 833 2719 901 adventare,
2738 837 2858 891 audi
2879 848 2932 893 et
2953 838 3055 894 hoc
3070 857 3177 911 quo
3195 853 3351 911 pacto
3371 842 3605 899 Joannes

2013 931 2138 976 ante
2168 927 2463 980 correxerit
2483 945 2496 980 :
2516 929 2603 998 qui
2626 930 2766 984 enim
2789 931 2908 985 aliis
2929 933 3156 1000 dicebat,
3177 933 3358 988 Facite
3381 939 3606 1006 fructum

2015 1012 2224 1083 dignum
2252 1018 2559 1086 paenitentia:
2581 1019 2789 1092 (Matth.
2813 1024 2868 1078 5.
2888 1024 2963 1095 8),
2986 1025 3108 1079 audi
3137 1027 3262 1095 quid
3283 1026 3404 1081 huic
3429 1027 3568 1082 dicat
3591 1045 3605 1084 :

2017 1105 2129 1178 Ego
2150 1125 2180 1160 a
2211 1119 2258 1162 te
2281 1111 2434 1166 debeo
2461 1117 2727 1184 baptizari,
2760 1128 2806 1171 et
2836 1129 2888 1172 tu
2913 1121 3048 1174 venis
3081 1121 3150 1174 ad
3179 1139 3258 1176 nte
3284 1121 3444 1194 (Ibid.
3481 1124 3608 1195 id)?

2017 1198 2132 1254 lloc
2174 1217 2302 1257 vero
2341 1204 2553 1260 dicebat
2595 1207 2872 1264 declarans
2919 1227 3043 1266 eum
3092 1228 3198 1267 non
3251 1213 3321 1269 ob
3363 1215 3608 1270 eamdem

2016 1302 2347 1363 egestatem,
2398 1297 2468 1352 ob
2515 1314 2674 1368 quam
2723 1301 2943 1371 vulgus,
2998 1305 3240 1373 venisse,
3299 1315 3608 1375 tantumque

2017 1383 2225 1451 abesse,
2249 1394 2310 1439 ut
2331 1387 2528 1443 idcirco
2547 1389 2608 1445 ba
2617 1392 2861 1460 ptizetur,
2884 1403 2942 1447 ut
2959 1394 3041 1449 vel
3062 1395 3179 1464 ipso
3199 1396 3356 1450 etiam
3373 1396 3609 1466 Baptista

2019 1477 2089 1530 sit
2115 1476 2270 1546 longe
2294 1478 2486 1548 major,
2512 1490 2568 1535 et
2587 1482 2702 1537 sine
2723 1485 3125 1552 comparatione
3154 1485 3422 1541 mundior.
3441 1487 3608 1555 Quam

2019 1574 2178 1646 igitur
2206 1576 2274 1631 ob
2299 1591 2514 1630 causam
2561 1575 2930 1645 baptizabatur
2953 1619 2967 1643 ,
3007 1579 3052 1632 si
3078 1593 3252 1647 neque
3284 1579 3612 1647 pmnitcntia:

2019 1680 2201 1732 causa,
2235 1681 2408 1737 neque
2435 1667 2504 1721 ob
2532 1668 2903 1722 remissionem
2936 1678 3278 1737 peccatorum
3299 1709 3315 1735 ,
3345 1684 3521 1740 neque
3546 1670 3612 1724 ad

2021 1758 2249 1828 Spiritus
2269 1760 2478 1829 c0piam
2503 1759 2846 1815 obtinendam
2874 1759 2925 1813 id
2951 1761 3176 1830 agebat?
3197 1761 3341 1814 Duas
3364 1761 3612 1816 nimirum

2021 1851 2152 1904 alias
2177 1851 2247 1904 ob
2275 1865 2486 1917 causas,
2520 1866 2676 1904 unam
2702 1851 2938 1921 quidem,
2963 1867 3121 1920 quam
3146 1850 3280 1905 dixit
3299 1851 3611 1921 discipulus,

2023 1942 2246 1997 alteram
2278 1958 2408 1997 vero
2432 1959 2589 2012 quam
2620 1943 2734 2012 ipse
2761 1943 2954 1997 Joanni
3004 1943 3277 1998 indicavit.
3317 1943 3612 2010 Quamnam

2021 2047 2150 2102 ergo
2189 2048 2402 2087 causam
2443 2048 2562 2088 esse
2601 2033 2844 2102 baptismi
2885 2033 3042 2101 hujus
3080 2033 3213 2088 dixit
3245 2033 3516 2088 Joannes?
3545 2033 3618 2089 Ut

2023 2127 2384 2181 iunotesceret
2434 2126 2623 2196 vulgo,
2671 2127 2810 2181 sicut
2856 2136 2911 2180 et
2958 2127 3153 2181 Paulus
3205 2126 3436 2193 dicebat,
3493 2127 3614 2197 quia

2021 2216 2247 2271 Joannes
2286 2217 2556 2286 baptizavit
2595 2217 2843 2288 baptismo
2872 2217 3209 2287 paenitentia,
3252 2217 3307 2270 in
3350 2234 3498 2282 eum,
3530 2218 3618 2285 qui

2023 2319 2259 2364 venturus
2287 2320 2410 2364 esset
2427 2306 2757 2374 postipsum,
2778 2306 3116 2360 utcredereut
3137 2308 3381 2379 (Act.i9.
3408 2309 3487 2379 4);
3515 2310 3618 2364 hoc

2024 2412 2140 2456 erat
2169 2401 2499 2472 baptismatis
2526 2401 2666 2454 illius
2691 2399 2940 2454 ofﬁcium.
2978 2399 3188 2454 Etenim
3214 2399 3256 2454 si
3282 2399 3617 2468 singulorum

2024 2493 2167 2548 aedes
2195 2493 2518 2558 circumiret,
2544 2501 2596 2545 et
2619 2491 2686 2546 ad
2711 2491 2852 2545 fores
2875 2491 3136 2546 accedens
3163 2489 3306 2546 foras
3330 2490 3615 2555 excitaret,

2025 2585 2334 2654 diceretque
2361 2584 2632 2639 Christum
2661 2592 2850 2637 tenens
2871 2624 2885 2648 ,
2929 2582 3026 2636 llic
3048 2591 3132 2636 est
3175 2580 3340 2636 Filius
3379 2582 3502 2647 Dei,
3529 2598 3623 2635 su-

2025 2689 2265 2750 spectum
2294 2677 2396 2732 hoc
2419 2676 2667 2733 redderet
2689 2675 3434 2744 testimonium,etoperosum
3463 2674 3620 2728 valde

2028 2772 2198 2835 foret;
2231 2771 2314 2825 sin
2357 2779 2534 2824 autem
2577 2783 2642 2823 eo
2689 2783 2870 2822 secum
2917 2775 3193 2835 assumpto
3220 2766 3271 2819 in
3297 2779 3620 2836 synagogam

2031 2860 2402 2930 ingrederetur
2426 2901 2441 2925 ,
2475 2873 2705 2927 eumque
2734 2857 3028 2923 indicaret,
3078 2855 3180 2911 hoc
3209 2870 3422 2926 quoque
3445 2855 3622 2924 ipsum

2027 2954 2278 3008 redderet
2306 2951 2663 3005 testimonium
2703 2958 3010 3018 suspectum
3037 2947 3210 3016 :quod
3254 2962 3382 3002 vero
3409 2946 3621 3016 populis

2029 3044 2277 3098 omnibus
2306 3057 2370 3096 ex
2400 3041 2619 3094 urbibus
2653 3039 2874 3109 singulis
2917 3039 2982 3093 ad
3010 3037 3298 3093 Jordanem
3325 3037 3537 3104 eﬂ'usis,
3569 3045 3625 3091 et

2027 3136 2168 3190 circa
2202 3132 2436 3186 “diutinis
2478 3131 2619 3199 ripas
2649 3129 3006 3193 versantibus,
3038 3143 3158 3182 cum
3202 3137 3258 3182 et
3285 3127 3399 3196 ipse
3439 3136 3500 3181 ut
3523 3125 3622 3182 ba-

2028 3228 2320 3297 ptizaretur
2347 3223 2614 3288 venisset,
2654 3221 2724 3276 ab
2768 3221 2948 3274 audita
2977 3221 3046 3275 de
3073 3219 3207 3274 caelo
3237 3228 3456 3289 paterna
3489 3233 3625 3273 voce

2030 3321 2187 3375 fuerit
2209 3317 2632 3379 commendatus,
2660 3323 2715 3369 ct
2743 3314 2814 3368 illi
2842 3313 2892 3367 in
2911 3313 3089 3384 specie
3107 3310 3369 3366 columba:
3398 3309 3627 3365 descen-

2032 3412 2168 3466 dens
2199 3410 2431 3480 Spiritus
2457 3417 2676 3462 sanctus
2706 3405 2980 3470 insederit,
3014 3403 3068 3459 id
3094 3403 3458 3459 testimonium
3483 3401 3627 3471 quod

2033 3505 2108 3561 illi
2137 3504 2369 3559 Joannes
2393 3501 2636 3566 dicebat,
2675 3499 2821 3554 omni
2847 3497 3149 3568 suSpicione
3191 3495 3466 3551 liberabat.
3498 3493 3631 3548 Pro-

2034 3610 2240 3669 pterea,
2275 3596 2340 3650 Et
2369 3613 2480 3667 ego,
2512 3595 2703 3666 inquit,
2734 3593 3014 3647 nesciebam
3037 3607 3149 3645 eum
3177 3588 3392 3660 (Joann.
3421 3589 3473 3643 1.
3497 3586 3586 3656 5i)
3611 3604 3627 3653 ;

2037 3703 2146 3745 tum
2194 3691 2297 3744 [ide
2340 3690 2556 3759 dignum
2599 3702 2718 3742 esse
2764 3685 3126 3740 testimonium
3171 3697 3326 3736 suum
3373 3679 3630 3736 ostendit.

2034 3783 2167 3836 Nam
2199 3783 2447 3853 quoniam
2476 3780 2685 3847 cognati
2725 3788 2878 3832 erant
2926 3778 3064 3830 inter
3091 3791 3150 3830 sc
3188 3774 3481 3830 secundum
3515 3789 3635 3828 car-

2035 3890 2192 3939 nem;
2228 3873 2358 3928 Ecce
2377 3874 2528 3937 enim,
2561 3870 2760 3940 inquit,
2795 3870 3019 3922 Elizabet
3054 3877 3268 3937 cognata
3310 3876 3396 3919 tua
3433 3876 3479 3918 et
3519 3866 3635 3932 ipsa

2039 3967 2267 4037 concepit
2289 3967 2452 4034 ﬁlium
2478 3963 2630 4032 (Luc.
2663 3965 2713 4017 1.
2759 3962 2873 4030 36),
2909 3961 3076 4030 inquit
3112 3959 3332 4028 angelus
3361 3957 3540 4012 Mariae
3565 3957 3635 4010 de

2036 4059 2258 4114 Joannis
2288 4067 2457 4111 matre
2482 4073 2493 4108 :
2518 4053 2730 4123 quando
2755 4060 2932 4106 autem
2960 4059 3201 4119 cognatae
3230 4057 3430 4102 matres
3451 4057 3637 4112 erant,-

2039 4152 2204 4220 liquet
2249 4159 2303 4203 et
2348 4147 2596 4218 parvulos
2644 4154 2900 4214 cognatos
2942 4141 3106 4196 fuisse
3135 4160 3148 4192 :
3178 4140 3426 4210 quoniam
3474 4137 3638 4208 igitur

2043 4243 2254 4313 cognati
2281 4250 2465 4305 erant,
2505 4253 2572 4292 ne
2610 4235 2943 4306 cognationis
2965 4233 3133 4303 gratia
3162 4230 3526 4285 testimonium
3551 4229 3636 4282 di-

2041 4352 2165 4391 cere
2193 4336 2408 4390 Christo
2439 4331 2740 4394 videretur,
2772 4329 2843 4383 ita
2873 4326 3136 4398 disposuit
3177 4323 3404 4393 Spiritus
3430 4322 3598 4392 gratia
3619 4362 3633 4384 ,

2043 4438 2100 4482 ut
2139 4429 2369 4498 priorem
2417 4435 2629 4478 aetatem
2677 4421 2916 4477 Joannes
2953 4426 3130 4488 ageret
3181 4417 3232 4469 in
3277 4414 3528 4478 deserto,
3573 4427 3640 4464 ne

2044 4519 2289 4573 amicitia:
2315 4531 2472 4572 causa
2504 4523 2597 4569 aut
2623 4530 2688 4568 ex
2715 4512 3016 4584 composito
3047 4508 3211 4563 talivc
3240 4505 3470 4576 quodam
3502 4504 3634 4558 arti-

2045 4612 2164 4665 licio
2190 4607 2456 4678 perhiberi
2489 4604 2852 4660 testimonium
2885 4602 3153 4656 videretur
3175 4640 3189 4663 ,
3241 4597 3333 4651 sed
3367 4607 3637 4664 tamquam

2043 4720 2070 4756 a
2105 4705 2214 4758 Deo
2240 4701 2545 4756 admonitus
2574 4714 2696 4752 eum
2727 4696 3078 4750 renuntiaret.
3108 4687 3503 4760 Propterea,Et
3529 4703 3636 4756 rgo,

2046 4797 2233 4867 inquit.
2267 4793 2546 4849 nesciebam
2567 4808 2700 4845 eum.
2733 4787 2886 4844 Unde
2914 4787 3072 4854 igitur
3096 4780 3360 4837 didicisti?
3388 4779 3488 4844 Qui
3509 4778 3643 4830 misit

2045 4905 2125 4942 me
2147 4889 2404 4957 baptizare
2429 4887 2483 4938 in
2508 4899 2660 4951 aqua,
2701 4881 2790 4934 ille
2826 4879 2950 4933 milii
2988 4877 3134 4929 dixit.
3181 4873 3316 4940 Quid
3345 4871 3434 4925 tibi
3461 4870 3640 4924 dixit?

2051 4980 2222 5049 Super
2249 4994 2396 5045 quem
2433 4975 2614 5030 videris
2658 4972 2907 5041 Spiritum
2949 4967 3328 5022 descendentem
3371 4964 3514 5032 quasi
3553 4978 3642 5016 co-

2048 5073 2293 5135 lumbam,
2325 5078 2372 5122 et
2411 5075 2692 5119 manentem
2729 5078 2880 5130 super
2906 5076 3017 5112 eum
3043 5100 3056 5119 .
3100 5059 3180 5110 hic
3208 5065 3280 5110 est
3304 5056 3390 5126 qui
3417 5053 3640 5123 baptizat

2047 5163 2102 5216 in
2124 5162 2324 5232 Spiritu
2353 5168 2528 5213 sancto
2559 5154 2770 5226 (Joann.
2799 5155 2851 5207 i.
2875 5153 2990 5219 55).
3019 5149 3182 5205 Vides
3208 5148 3408 5203 idcirm
3433 5146 3644 5202 venisse

2049 5253 2306 5324 Spiritum
2333 5258 2599 5313 sanctum,
2628 5261 2733 5299 non
2762 5243 2913 5314 quasi
2947 5253 3058 5296 tmn
3087 5241 3316 5311 primum
3342 5238 3642 5303 adveniret,

2048 5348 2144 5402 sed
2172 5355 2226 5399 ut
2256 5359 2377 5398 eum
2402 5385 2416 5408 ,
2450 5342 2538 5410 qui
2566 5337 2957 5410 prtedicabatur
2980 5378 2994 5401 ,
3025 5335 3203 5390 volatu
3233 5333 3349 5402 ipso
3378 5329 3527 5400 quasi
3557 5328 3644 5383 di-

2050 5442 2158 5508 gito
2189 5445 2548 5497 monstraret,
2589 5431 2945 5500 omnibusque
2991 5440 3174 5483 notum
3223 5422 3512 5480 redderet?
3538 5421 3647 5476 "ac

2051 5533 2211 5604 igitur
2237 5531 2305 5586 de
2333 5543 2494 5584 causa
2526 5526 2590 5581 ad
2634 5525 2954 5595 baptisnmm
2997 5522 3158 5577 venit.
3215 5520 3285 5574 Et
3318 5531 3448 5572 vero
3485 5516 3644 5570 aliam

2051 5626 2122 5679 ob
2145 5637 2360 5679 causam
2402 5635 2559 5692 quam
2593 5619 2705 5688 ipse
2743 5616 2871 5672 dicit
2897 5634 2908 5668 :
2933 5629 3174 5684 quaenam
3221 5611 3308 5664 illa
3343 5625 3502 5680 porro
3531 5609 3648 5662 est?

2052 5716 2184 5773 Cum
2211 5716 2434 5772 dixisset
2458 5712 2692 5787 Joannes
2715 5752 2731 5774 ,
2769 5710 2880 5781 Ego
2904 5708 3056 5762 debeo
3079 5725 3111 5759 a
3138 5715 3184 5759 te
3205 5704 3456 5774 baptizari
3478 5743 3493 5766 ,
3523 5711 3569 5756 et
3596 5713 3648 5754 tu

2056 5829 2192 5868 venis
2224 5813 2290 5866 ad
2325 5826 2404 5864 me
2419 5839 2446 5876 ,-
2477 5786 2754 5877 respbndit
2797 5805 2909 5875 ipse
2947 5803 3164 5856 dicens:
3193 5797 3320 5854 Sine
3357 5798 3540 5858 mdo;
3569 5800 3643 5850 sic

3269 5892 3350 5952 9.3
