4100 6424
556 323 660 376 569

557 435 693 490 enim
719 435 858 489 decet
885 449 974 488 nos
1004 433 1426 504 implereomnem
1446 433 1708 504 justitiam
1737 431 1950 502 (Matth.
1974 432 2027 487 '5.
2059 432 2146 486 ﬂ.

562 525 678 597 15).
710 524 901 581 Vidisti
949 523 1268 580 modestiam
1307 523 1526 578 famuli?
1575 524 1752 578 vidisti
1795 523 2004 578 Domini
2053 521 2150 576 huc

558 615 875 671 utilitatem?
916 615 1052 684 Quid
1099 615 1313 671 tandem
1350 625 1468 682 est,
1515 615 1738 685 lmplere
1773 631 1970 669 omnem
1988 614 2150 685 justi-

557 708 718 762 tiam?
738 707 947 762 Justitia
974 708 1168 764 dicitur
1188 709 1425 764 omnium
1456 708 1551 762 Dei
1581 706 2152 778 mandatorumadimo

557 800 758 871 pletio,
794 810 846 855 ut
894 816 1017 854 cum
1061 802 1138 855 ait
1171 819 1182 854 :
1217 800 1379 854 Erant
1405 801 1536 870 justi
1575 799 1722 853 ambo
1763 799 2046 854 incedentes
2094 799 2149 852 in

553 891 811 946 mandatis
858 891 1069 946 Domini
1112 893 1222 946 sine
1265 892 1469 962 querela
1513 890 1670 961 (Luc.
1713 892 1765 946 1.
1813 891 1892 961 6).
1924 889 2150 958 Quando

555 981 721 1050 igitur
770 982 1032 1052 justitiam
1086 983 1242 1037 istam
1297 983 1520 1054 implere
1571 981 1816 1037 homines
1868 981 2151 1053 oportebat

557 1090 782 1140 omnes,
825 1091 984 1131 nemo
1009 1087 1186 1131 autem
1219 1076 1362 1130 illam
1404 1075 1627 1146 perfecit
1653 1091 1754 1130 nec
1781 1074 2046 1145 explevit,
2090 1082 2150 1128 ut

556 1165 984 1234 venitChristus,
1020 1167 1158 1223 hanc
1182 1168 1443 1238 justitiam
1474 1168 1674 1238 implet.

626 1258 680 1312 4.
726 1259 992 1326 Quomodo
1029 1260 1260 1313 Christus
1282 1260 1505 1330 implevit
1535 1277 1733 1314 omnem
1768 1260 2049 1329 justitiam.
2077 1289 2150 1300 —-

555 1350 814 1415 Quasnam
838 1365 1001 1420 porro
1028 1351 1141 1404 haec
1169 1359 1253 1405 est
1271 1349 1496 1419 justitia,
1525 1351 1667 1406 dicet
1689 1351 1882 1420 aliquis
1904 1390 1919 1414 ,
1969 1350 2148 1421 bapti-

554 1441 708 1495 zari?
738 1439 1023 1510 Prophetas
1053 1442 1458 1512 parercjustitia
1482 1451 1624 1497 erat:
1651 1453 1706 1498 ut
1738 1444 1895 1514 igitur
1915 1443 2148 1498 circum-

556 1549 701 1590 cisus
722 1544 805 1590 est
833 1543 886 1590 et
913 1535 1237 1590 sacriﬁcium
1259 1537 1472 1604 obtulit,
1505 1536 1794 1592 etsabbata
1845 1536 2150 1592 observavit

555 1639 612 1684 ct
655 1629 904 1686 Judaicas
949 1631 1264 1688 festivitates
1316 1631 1604 1702 implevit:
1639 1631 1710 1686 ita
1757 1639 1812 1686 et
1857 1631 1959 1686 hoc
2005 1629 2149 1700 quod

546 1723 793 1778 restabat
825 1723 1090 1794 adjunxit,
1121 1735 1179 1781 ut
1207 1725 1485 1796 prophetae
1533 1725 1825 1795 baptizanti
1876 1725 2142 1781 obediret.

555 1811 688 1867 Nam
717 1822 773 1868 ut
797 1815 886 1870 Dei
918 1817 1247 1872 voluntatem
1307 1815 1474 1872 fuisse
1519 1817 1657 1872 scias
1677 1858 1694 1886 ,
1727 1826 1786 1871 ut
1816 1825 1925 1871 tum
1973 1815 2149 1884 bapti-

555 1919 733 1959 smum
759 1907 1092 1977 susciperent
1125 1924 1332 1976 omnes,
1367 1909 1489 1963 audi
1512 1908 1638 1979 quid
1681 1909 1824 1964 dicat
1868 1908 2102 1964 Joannes
2131 1925 2146 1962 :

552 1997 660 2060 Qui
683 1999 816 2052 misit
840 2015 918 2053 me
933 2001 1190 2072 baptizare
1215 2001 1267 2056 in
1289 2018 1420 2071 aqua
1438 2000 1615 2074 (Joan.
1633 2001 1685 2055 1.
1706 1999 1832 2072 55);
1874 2009 1928 2056 et
1962 2014 2150 2056 rursus

553 2087 818 2154 Christus,
850 2090 1121 2146 Publiceni
1149 2102 1199 2148 et
1231 2095 1380 2148 turba
1425 2093 1836 2163 justiﬁcaverunt
1864 2090 2027 2145 Deum
2056 2091 2148 2145 ba-

554 2182 734 2250 ptizati
761 2183 1011 2255 baptisnto
1037 2185 1074 2240 Ι
1077 2187 1258 2241 cannis
1279 2203 1297 2241 :
1321 2186 1575 2242 Phariswi
1593 2196 1761 2241 autem
1775 2195 1822 2240 et
1841 2185 2017 2240 scriba:
2035 2201 2151 2239 con-

551 2273 725 2328 silium
753 2274 852 2330 Dei
866 2287 1158 2347 spreverunt
1181 2295 1282 2334 non
1308 2280 1550 2350 baptizati
1575 2278 1638 2332 ab
1663 2295 1721 2333 eo
1769 2277 1920 2349 (Luc.
1969 2277 2020 2330 7.
2052 2275 2143 2331 29.

550 2367 667 2437 30).
699 2367 754 2424 Si
781 2385 910 2440 ergo
923 2369 1130 2441 justitia
1157 2383 1241 2429 cst
1271 2372 1382 2429 Deo
1404 2389 1612 2442 parere,
1639 2372 1780 2429 Deus
1833 2381 2011 2427 autem
2051 2370 2148 2425 Jo-

553 2473 748 2514 annem
772 2461 938 2527 misit,
963 2472 1022 2518 ut
1048 2465 1302 2535 populum
1328 2466 1642 2536 haptizaret,
1676 2481 1797 2522 cum
1832 2463 2043 2520 caneris
2068 2463 2147 2518 le-

544 2550 636 2616 κίε
657 2555 940 2621 praeceptis
967 2554 1067 2610 hoc
1092 2556 1253 2611 etiam
1280 2555 1979 2628 Christusimplevit..Finge
1991 2555 2150 2624 igitur

552 2642 812 2699 ducentos
838 2659 958 2701 esse
978 2646 1230 2703 denarios
1267 2649 1512 2704 mandata
1542 2650 1710 2721 legis;
1753 2650 1857 2704 hoc
1906 2647 2148 2704 debitum

549 2749 720 2802 genus
752 2744 993 2791 nostrum
1047 2739 1354 2808 persolvere
1398 2741 1718 2810 oportebat:
1751 2756 1857 2796 non
1891 2739 2151 2810 persolvi-

552 2840 673 2879 mus
702 2843 715 2879 :
748 2828 1030 2883 coercebat
1061 2845 1159 2885 nos
1181 2845 1326 2886 mors
1348 2831 1612 2888 obnoxios
1649 2833 1764 2888 istis
1811 2832 2144 2888 criminibus.

551 2919 686 2975 Cum
711 2921 948 2977 venisset
974 2923 1219 2978 Christus
1247 2940 1450 2996 nosque
1478 2926 1742 2982 coercitos
1795 2925 2144 2994 offendisset,

551 3026 628 3066 tes
655 3013 889 3068 alienum
918 3013 1183 3084 dissolvit,
1207 3015 1446 3072 debitum
1476 3017 1606 3072 illud
1634 3018 1900 3088 implevit,
1949 3027 2006 3074 et
2049 3033 2146 3075 eos

549 3104 641 3172 qui
669 3104 930 3161 solvendo
961 3121 1068 3162 non
1095 3116 1252 3163 erant
1277 3107 1547 3164 liberavit.
1578 3107 1784 3166 Idcirco
1805 3124 1912 3165 non
1961 3109 2096 3166 dixit
2125 3152 2142 3179 ,

550 3195 716 3252 Decet
731 3213 829 3253 nos
844 3197 948 3254 hoc
963 3200 1049 3254 vel
1066 3200 1195 3256 illud
1213 3201 1410 3269 facere,
1427 3200 1772 3272 sed,lmplere
1782 3219 1980 3258 omnem
1982 3202 2114 3273 justi
2120 3229 2145 3243 ο

543 3288 674 3342 tiam
695 3287 911 3359 (Matth.
935 3290 990 3346 5.
1020 3291 1132 3361 15).
1159 3291 1244 3348 Me
1271 3292 1556 3348 Dominum
1591 3293 1766 3358 decet,
1813 3294 2004 3364 inquit,
2052 3309 2143 3363 qui

547 3383 726 3438 habeo
744 3399 842 3454 pro
868 3385 952 3452 iis,
976 3386 1068 3455 qui
1099 3401 1206 3440 non
1230 3385 1451 3454 habent,
1479 3387 1785 3456 persolvere
1825 3404 1839 3440 :
1895 3387 2010 3443 hinc
2061 3395 2145 3441 est

550 3476 885 3547 baptismatis
895 3479 1128 3543 occasio,
1143 3488 1200 3533 ut
1214 3478 1387 3548 legem
1408 3493 1624 3534 omnem
1641 3479 1882 3534 videatur
1895 3478 2139 3548 implere,

544 3578 606 3622 ct
633 3569 770 3634 haec,
801 3579 856 3624 et
878 3571 965 3624 illa
995 3585 1157 3625 causa
1187 3579 1290 3637 est,
1315 3587 1435 3642 quas
1465 3581 1590 3627 ante
1634 3573 1790 3626 istam
1835 3581 1918 3627 est
1957 3573 2137 3627 allata.

553 3658 894 3729 Quapropter
922 3671 976 3716 et
996 3661 1228 3731 Spiritus
1259 3661 1311 3716 in
1338 3663 1519 3732 specie
1545 3663 1808 3718 columba
1824 3662 2138 3719 descendit:

553 3750 642 3805 ubi
668 3752 812 3806 enim
845 3762 927 3807 est
953 3753 1316 3809 reconciliatio
1347 3755 1460 3821 Dei,
1487 3755 1559 3808 ibi
1599 3764 1654 3810 et
1681 3755 1953 3812 columba.
2005 3755 2139 3812 Nam

551 3854 607 3897 et
626 3859 768 3899 arcae
796 3844 909 3900 Noe
941 3855 1181 3915 tempore
1208 3861 1416 3900 ramum
1447 3855 1667 3917 gestans
1708 3847 1865 3902 oliva:
1892 3847 2141 3903 columba

551 3939 697 3992 venit
716 3938 909 3994 divina:
936 3938 1284 4010 benignitatis
1311 3941 1521 4010 signum
1561 3941 2001 4012 tempestatisque
2049 3956 2142 3997 se-

550 4029 688 4084 data:
715 4027 922 4099 (Cenes.
953 4029 1010 4100 8)
1036 4047 1050 4084 :
1081 4045 1225 4086 nunc
1253 4045 1467 4102 quoque
1507 4031 1562 4086 iu
1599 4033 1784 4101 specie
1833 4033 2096 4089 columba:
2117 4075 2137 4102 ,

549 4137 656 4176 non
683 4121 736 4176 in
764 4137 991 4193 corpore
1027 4123 1166 4195 (hoc
1190 4124 1333 4178 enim
1359 4125 1549 4180 sedqu
1565 4124 1855 4180 notandum
1873 4124 2016 4196 est),
2049 4141 2141 4183 ve-

550 4215 628 4270 nit
651 4214 881 4284 Spiritus
905 4215 1016 4279 Dei,
1038 4217 1358 4272 denuntians
1377 4219 1800 4274 misericordiam
1815 4219 1931 4275 orbi
1960 4229 2135 4275 terra-

547 4324 688 4374 rum,
721 4308 984 4378 simulque
1011 4309 1181 4364 virum
1209 4309 1542 4378 spiritualem
1560 4311 1850 4382 designans
1876 4312 2137 4367 innocen-

554 4411 660 4455 tem
681 4416 745 4455 ac
765 4401 1085 4470 simplicem,
1118 4402 1441 4473 minimeque
1473 4403 1672 4459 malum
1699 4419 1822 4460 esse
1843 4413 2092 4474 oportere
2119 4421 2135 4460 :

547 4491 998 4560 quemadmodum
1023 4502 1078 4548 et
1097 4492 1345 4550 Christus
1374 4496 1468 4560 ait,
1506 4494 1624 4550 Nisi
1651 4497 1881 4550 conversi
1913 4497 2133 4567 fueritis,

548 4594 594 4637 et
624 4584 910 4654 eﬁiciamini
937 4585 1068 4638 sicut
1097 4586 1327 4654 parvuli,
1381 4603 1482 4640 non
1534 4587 1784 4643 intrabitis
1830 4588 1885 4642 in
1924 4604 2137 4659 regnum

546 4675 788 4730 cwlorum
809 4675 1023 4746 (Matth.
1051 4677 1138 4732 18.
1171 4677 1251 4745 5).
1283 4678 1456 4747 Atque
1477 4679 1568 4734 illa
1592 4679 1806 4749 quidem
1832 4695 1976 4746 arca,
1998 4690 2134 4735 temo

545 4777 753 4837 pestate
782 4769 984 4834 sedata,
1009 4769 1208 4824 mansit
1233 4769 1285 4824 in
1316 4771 1493 4839 terris,
1528 4771 1643 4827 haec
1668 4787 1798 4828 vero
1817 4788 1941 4829 arca
1957 4772 2136 4828 divina

547 4860 820 4915 iracundia
842 4860 1047 4928 sedata,
1079 4861 1131 4916 in
1160 4861 1353 4916 ctelutn
1384 4863 1603 4931 abrepta
1630 4873 1743 4930 est,
1789 4872 1844 4919 et
1872 4879 2012 4919 nunc
2054 4872 2140 4920 est

546 4954 599 5006 in
630 4953 849 5010 dextera
893 4953 1064 5009 Patris
1109 4953 1506 5010 immaculatum
1552 4956 1677 5011 illud
1703 4966 1759 5012 et
1797 4957 2133 5028 impollutum

543 5059 760 5113 corpus.

617 5134 696 5189 De
719 5138 994 5190 reuerentia
1013 5153 1174 5192 sacrae
1220 5136 1556 5194 Eucharistite
1598 5139 1898 5195 exhibenda.
1933 5171 2001 5182 —
2032 5141 2135 5197 Ve-

544 5228 944 5283 rnmenimvero
989 5230 1205 5300 quando
1228 5229 1296 5286 de
1339 5231 1548 5286 Domini
1597 5247 1827 5303 corpore
1874 5232 2013 5288 facta
2050 5243 2135 5290 est

544 5314 971 5388 mentiofoperat
1014 5321 1242 5388 pretium
1269 5331 1373 5388 est,
1401 5331 1458 5376 ut
1487 5322 1575 5377 ubi
1605 5323 1674 5377 de
1689 5339 1754 5379 eo
1783 5336 1951 5393 pauca
1994 5325 2134 5393 apud

539 5425 637 5465 vos
663 5409 1110 5476 disseruerimus,
1155 5412 1382 5467 orationi
1431 5413 1590 5469 linem
1623 5414 1979 5484 imponamus.
2010 5414 2135 5471 Scio

542 5504 657 5559 fore
681 5511 737 5556 ut
756 5500 1138 5572 quamplurimi
1165 5501 1304 5572 apud
1353 5519 1454 5559 nos
1493 5519 1558 5559 ex
1581 5503 1703 5560 festi
1743 5506 2135 5562 consuetudine

542 5597 606 5649 ad
636 5611 842 5651 sacram
865 5595 1004 5650 hanc
1028 5609 1269 5650 mensam
1303 5605 1590 5653 aceurraut
1611 5615 1625 5652 :
1649 5613 1778 5654 sane
1802 5597 2016 5668 quidem
2043 5614 2138 5654 ex-

545 5688 773 5756 pediret,
798 5687 850 5740 id
872 5685 1017 5756 quod
1040 5685 1175 5741 alias
1205 5697 1348 5756 θωνα
1367 5685 1504 5752 dixi,
1535 5698 1592 5741 ut
1617 5687 1747 5743 festa
1793 5704 2129 5759 nequaquam

553 5776 984 5846 observarentur,
1001 5777 1217 5848 quando
1243 5780 1638 5837 communicare
1664 5796 1798 5852 opus
1823 5791 1984 5851 esset,
2038 5784 2135 5840 sed

1313 317 1366 372 S.
1407 315 1688 372 JOANNIS
1722 315 2205 376 CHRYSOSTOMI
2247 318 2566 376 ARCHIEP.
2609 322 3146 383 CONSTANTINOP.

3743 312 3846 366 370

2265 437 2322 482 ut
2350 429 2680 486 conscientia
2709 432 3080 502 mundaretur,
3111 451 3174 491 ac
3203 446 3314 491 tum
3336 447 3578 496 sanctum
3600 441 3744 498 istud
3757 459 3846 499 sa-

2259 521 2520 576 crificium
2547 525 2900 595 attingeretur
2923 545 2940 592 ;
2965 527 3054 596 qui
3081 529 3227 583 enim
3256 530 3542 600 piacularis
3561 544 3644 590 est
3661 545 3716 590 et
3743 537 3845 590 im-

2258 613 2507 680 mundus,
2523 628 2592 670 ne
2621 615 2675 670 in
2704 617 2840 671 festo
2854 617 3068 688 quidem
3090 635 3301 690 :equum
3321 631 3406 678 est
3423 632 3482 678 ut
3491 634 3691 682 sancite
3708 627 3848 684 illius

2256 720 2319 761 ac
2343 707 2633 763 tremenda:
2659 710 2838 764 carnis
2869 712 3133 782 particeps
3161 713 3290 780 fiat;
3322 716 3413 786 qui
3440 732 3572 773 vero
3617 720 3848 776 mundus

2256 805 2359 864 est,
2388 807 2444 854 et
2470 809 2714 855 accurata
2734 803 3047 871 ptenitentia
3075 805 3266 861 delicta
3294 807 3568 876 abstersit,
3623 826 3745 866 cum
3791 814 3847 868 in

2255 889 2612 956 solemnitate,
2641 900 2751 946 tum
2775 907 2992 964 semper
3016 896 3210 966 dignus
3229 897 3420 964 fuerit,
3455 900 3548 969 qui
3575 904 3847 971 mysteriis

2255 982 2449 1038 divinis
2477 987 2864 1052 communicet,
2916 1003 2979 1042 ac
3033 988 3125 1043 Dei
3172 989 3330 1045 donis
3373 991 3696 1060 perfruatur.
3739 994 3845 1051 Sed

2255 1073 2506 1143 quoniam
2533 1074 2636 1130 hoc
2662 1077 2844 1132 nescio
2864 1093 2970 1147 quo
2989 1087 3141 1148 pacto
3159 1081 3444 1151 negligitur
3458 1098 3488 1136 a
3505 1085 3841 1154 quihusdam,

2256 1165 2514 1235 multique
2557 1169 2826 1224 sexcentis
2858 1179 3128 1225 scatentes
3155 1171 3447 1227 sceleribus
3473 1189 3594 1229 cum
3643 1175 3843 1232 adven-

2255 1265 2370 1311 tare
2397 1256 2592 1312 festum
2619 1257 2884 1327 viderint,
2915 1268 3188 1332 tamquam
3212 1263 3280 1318 ab
3310 1264 3422 1334 ipsa
3443 1265 3532 1321 die
3558 1270 3791 1336 protrusi
3821 1311 3838 1336 ,

2255 1350 2509 1418 mysteria
2528 1364 2680 1405 sacra
2698 1352 3033 1422 contingunt,
3053 1369 3174 1423 quas
3197 1370 3262 1408 ne
3277 1356 3450 1411 oculis
3477 1358 3693 1427 quidem
3723 1374 3843 1416 cer-

2255 1453 2384 1494 nere
2406 1440 2484 1495 sic
2511 1441 2719 1496 allectis
2745 1441 2824 1498 fas
2863 1453 2985 1499 est:
3016 1459 3111 1499 eos
3160 1445 3396 1516 quidem,
3443 1450 3533 1520 qui
3575 1451 3841 1508 manifesti

2255 1541 2381 1586 sunt
2427 1533 2603 1600 nobis,
2650 1534 2808 1604 plane
2851 1535 3157 1592 arcebimus
3185 1555 3198 1591 :
3228 1553 3324 1594 eos
3374 1555 3504 1597 vero
3541 1543 3632 1612 qui
3684 1544 3842 1600 nobis

2255 1623 2421 1694 ignoti
2452 1635 2599 1693 sunt,
2651 1625 2761 1681 Deo
2782 1627 3146 1698 relinquemus
3168 1672 3183 1695 ,
3215 1631 3306 1700 qui
3354 1633 3548 1688 mentis
3585 1633 3842 1706 cujusque

2253 1725 2459 1772 secreta
2483 1719 2668 1774 novit:
2701 1719 2754 1774 id
2791 1721 3008 1792 quidem
3052 1732 3200 1778 certe
3231 1723 3283 1778 in
3325 1739 3434 1795 quo
3476 1726 3546 1782 ab
3595 1728 3841 1784 omnibus

2253 1819 2439 1882 aperte
2471 1821 2746 1880 peccatur,
2778 1811 2937 1868 hodie
2962 1814 3277 1870 conabimur
3302 1816 3608 1873 emendare.
3647 1818 3834 1886 Quod-

2252 1919 2376 1960 nam
2404 1904 2564 1974 igitur
2590 1903 2722 1958 illud
2770 1915 3048 1975 peccatum
3079 1907 3201 1961 est?
3231 1907 3385 1975 Quod
3433 1922 3554 1963 cum
3603 1918 3839 1966 tremore

2254 2012 2360 2051 non
2383 1999 2719 2069 accedamus,
2747 2001 2843 2057 sed
2886 2002 3122 2058 calcibus
3162 2004 3500 2074 impetentes,
3532 2005 3840 2076 percutien-

2255 2098 2354 2155 tes,
2383 2090 2458 2146 ira
2474 2101 2746 2162 turgentes
2761 2136 2774 2158 ,
2797 2095 3118 2163 clamantes,
3141 2097 3522 2167 conviciantes,
3541 2101 3840 2169 proximum

2255 2183 2552 2252 trudentes,
2582 2189 2988 2256 perturbatione
3012 2190 3221 2260 repleti.
3251 2191 3376 2247 Haec
3395 2200 3449 2246 et
3473 2207 3616 2264 saepe
3635 2192 3768 2262 dixi,
3786 2202 3842 2248 et

2251 2273 2435 2330 dicere
2461 2292 2566 2332 non
2583 2278 2829 2334 cessabo.
2854 2279 3042 2336 Nonne
3071 2281 3263 2336 videtis
3285 2284 3337 2337 in
3385 2283 3676 2355 Olympicis
3722 2298 3840 2340 cer-

2255 2367 2546 2422 taminibus
2567 2367 2693 2423 dum
2719 2375 2893 2439 capite
2917 2386 3171 2426 coronam
3193 2382 3427 2444 gestans,
3447 2374 3671 2429 amictus
3683 2375 3838 2441 stola,

2253 2458 2456 2529 virgam
2503 2475 2666 2516 manu
2695 2469 2884 2518 tenens
2909 2463 3230 2534 agonotheta
3261 2479 3356 2534 per
3397 2464 3570 2520 forum
3619 2464 3839 2532 incedit,

2251 2561 2447 2622 quanta
2473 2553 2544 2607 sit
2570 2555 2923 2624 tranquillitas
2949 2571 3012 2612 ac
3040 2556 3324 2624 modestia,
3355 2557 3479 2612 dum
3504 2573 3678 2627 prmco
3708 2572 3838 2612 voce

2253 2643 2557 2711 denuntiat,
2588 2656 2646 2701 ut
2674 2662 2864 2704 omnes
2889 2650 3081 2705 sileaut
3126 2665 3188 2704 ac
3235 2650 3490 2706 decenter
3527 2649 3839 2720 quiescant?

2251 2739 2351 2793 Cui
2378 2740 2540 2810 igitur
2565 2757 2671 2797 non
2695 2742 2982 2798 absurdum
3012 2743 3276 2809 videatur,
3330 2754 3389 2798 ut
3431 2745 3518 2799 ubi
3548 2743 3839 2814 triumphat

2253 2832 2519 2903 diabolus,
2549 2835 2703 2906 quies
2724 2845 2866 2891 tanta
2899 2837 2998 2903 sit;
3025 2837 3116 2892 ubi
3138 2853 3266 2893 vero
3293 2837 3538 2893 Christus
3577 2838 3641 2893 ad
3669 2853 3729 2893 se
3744 2853 3838 2893 vo-

2252 2934 2359 2993 cat,
2388 2927 2645 2982 tumultus
2676 2928 2937 2997 plurimus
2959 2928 3247 2984 audiatur?
3277 2929 3334 2983 In
3374 2929 3490 2984 foro
3528 2929 3834 2995 silentium,

2251 3026 2308 3073 et
2336 3018 2390 3073 in
2433 3018 2661 3073 ecclesia
2687 3019 2928 3074 clamor?
2959 3020 3010 3074 in
3052 3020 3241 3090 pelago
3270 3020 3646 3089 tranquillitas,
3678 3028 3736 3075 et
3780 3019 3834 3075 in

2251 3119 2408 3181 portu
2431 3109 2758 3180 tempestas?
2775 3109 2933 3177 Quid,
2953 3125 3152 3180 quaeso,
3183 3109 3538 3175 tumultuaris,
3556 3110 3629 3165 mi
3646 3109 3840 3165 homo?

2249 3201 2375 3272 quid
2404 3210 2456 3257 te
2481 3201 2671 3272 urget?
2693 3201 3027 3271 negotiorum
3049 3201 3301 3256 nimirum
3327 3210 3517 3258 avocat
3540 3201 3838 3258 tenecessi-

2248 3302 2330 3347 tas
2356 3309 2371 3347 :
2401 3307 2471 3346 an
2501 3307 2632 3349 vero
2661 3301 2718 3348 tu
2752 3293 2840 3347 illa
2864 3293 2958 3348 tibi
2981 3293 3113 3348 hora
3143 3292 3250 3347 ulla
3272 3306 3392 3348 esse
3430 3294 3642 3365 negotia
3697 3293 3838 3348 arbi-

2251 3384 2450 3439 traris?
2476 3400 2543 3439 an
2573 3395 2628 3438 tu
2653 3393 2706 3439 te
2731 3384 2954 3438 omnino
2995 3383 3047 3438 in
3076 3384 3236 3438 terris
3255 3397 3376 3439 esse
3404 3383 3736 3439 meministi?
3763 3399 3828 3438 an

2249 3484 2301 3529 te
2331 3490 2452 3528 cum
2481 3475 2792 3532 hominibus
2817 3475 3023 3530 versari
3049 3475 3278 3530 censes?
3307 3474 3438 3542 Quis
3467 3475 3570 3529 hoc
3597 3489 3702 3529 non
3747 3489 3835 3529 sa-

2247 3584 2364 3623 xea:
2391 3567 2589 3624 mentis
2617 3584 2739 3625 esse
2759 3569 2922 3635 dicat,
2961 3568 3054 3622 illo
3077 3583 3134 3623 se
3162 3577 3403 3638 tempore
3425 3569 3478 3622 in
3505 3569 3665 3623 terris
3712 3583 3837 3622 con-

2247 3660 2440 3716 sistere
2459 3661 2730 3726 arbitrari,
2761 3675 2868 3716 non
2893 3675 3016 3716 cum
3062 3659 3272 3731 angelis
3313 3660 3544 3715 choreas
3588 3658 3786 3714 ducere
3813 3700 3828 3724 ,

2245 3768 2370 3808 cum
2397 3754 2592 3824 quibus
2617 3755 2899 3825 mysticum
2930 3754 3080 3808 illum
3122 3752 3380 3824 hymnum
3425 3751 3785 3822 pronuntiasti
3814 3769 3830 3817 ;

2243 3860 2366 3901 cum
2398 3845 2592 3915 quibus
2621 3846 2730 3903 Deo
2757 3846 3024 3902 canticum
3050 3844 3181 3899 illud
3200 3843 3522 3914 triumphale
3547 3843 3835 3900 cecinisti?

2247 3937 2540 4007 PrOpterea
2585 3948 2638 3994 et
2669 3952 2770 3992 nos
2810 3937 3018 4008 aquilas
3049 3936 3296 3992 Christus
3324 3935 3661 4006 appellavit,
3711 3948 3832 3989 cu

2243 4029 2402 4094 dixit,
2434 4028 2530 4085 Ubi
2561 4030 2795 4096 cadaver,
2822 4030 2893 4084 ibi
2917 4027 3358 4100 congregabantur
3385 4035 3434 4080 et
3461 4025 3645 4096 aquila:
3665 4025 3684 4096 (
3703 4025 3828 4080 Luc.

2248 4125 2334 4178 17.
2358 4123 2474 4195 57),
2507 4133 2565 4178 ut
2592 4124 2644 4178 in
2671 4123 2861 4178 etelum
2893 4123 3266 4187 ascendamus,
3301 4129 3358 4174 ut
3387 4120 3439 4175 in
3466 4119 3634 4174 altum
3655 4117 3833 4174 evole-

2245 4233 2363 4273 mus
2389 4216 2608 4286 spiritus
2630 4215 2820 4286 pennis
2842 4213 3115 4280 subvecti;
3147 4223 3203 4267 at
3234 4226 3334 4266 nos
3375 4219 3564 4266 contra
3614 4225 3834 4280 serpen-

2245 4321 2355 4366 tum
2381 4326 2531 4367 more
2569 4310 2717 4366 humi
2747 4311 3035 4379 serpimus,
3061 4317 3368 4376 terramque
3420 4303 3828 4360 manducamus.

2245 4402 2419 4457 Vultis
2437 4400 2610 4456 dicam
2629 4400 2772 4456 unde
2795 4399 3056 4454 tumultus
3085 4406 3142 4453 et
3183 4397 3386 4451 clamor
3411 4394 3653 4449 oriatur?
3679 4391 3832 4462 Quod

2243 4510 2351 4550 non
2366 4502 2479 4550 toto
2491 4493 2628 4549 sacri
2649 4503 2892 4562 tempore
2906 4489 3058 4546 vobis
3069 4489 3210 4545 fores
3225 4486 3500 4544 occludam
3507 4501 3590 4554 us,
3604 4485 3697 4540 sed
3708 4493 3833 4538 ante

2242 4595 2566 4656 postremam
2602 4584 2894 4656 gratiarum
2925 4583 3190 4636 actionem
3222 4579 3432 4635 resilire
3454 4592 3571 4645 vos,
3586 4577 3828 4632 domum-

2242 4693 2351 4748 que
2375 4675 2554 4732 redire
2577 4675 2863 4745 patiamur,
2896 4671 3041 4744 quod
3069 4681 3124 4727 et
3150 4672 3326 4742 ipsum
3370 4685 3476 4725 non
3505 4668 3829 4724 mediocrem

2243 4776 2611 4838 contemptum
2639 4766 2821 4821 habet.
2859 4764 2996 4832 Quid
3039 4763 3191 4830 facis,
3220 4763 3293 4818 mi
3325 4761 3519 4817 homo?
3560 4761 3834 4816 Pmente

2241 4859 2477 4926 Christo,
2509 4857 2845 4914 adstantibus
2871 4857 3097 4927 angelis,
3125 4854 3397 4925 proposita
3425 4852 3526 4907 ista
3553 4849 3829 4906 tremenda

2243 4967 2453 5018 mensa,
2480 4950 2608 5006 dum
2636 4949 2812 5005 adhuc
2837 4947 3032 5003 fratres
3051 4947 3126 5002 tui
3151 4945 3424 5017 mysteriis
3451 4944 3752 5010 initiantur,
3775 4950 3830 4996 tu

2245 5044 2448 5100 relictis
2475 5043 2581 5098 illis
2607 5041 2887 5097 abscedis?
2929 5041 3089 5108 Atqui
3120 5038 3185 5094 ad
3213 5037 3496 5108 prandium
3531 5035 3744 5106 quidem
3784 5034 3829 5089 si

2243 5145 2465 5191 vocatus
2495 5134 2683 5200 fueris,
2709 5131 2925 5189 tametsi
2955 5132 3103 5200 prius
3129 5137 3403 5184 saturatos
3454 5129 3529 5182 sis
3555 5168 3570 5193 ,
3619 5140 3828 5180 recum-

2245 5229 2494 5287 bentibus
2519 5227 2732 5284 cmteris
2754 5242 2861 5280 non
2893 5223 3060 5279 audes
3086 5231 3212 5276 ante
3259 5220 3462 5274 amicos
3511 5217 3825 5280 discedere;

2243 5323 2330 5379 hic
2357 5337 2484 5376 vero
2515 5321 2638 5375 dum
2660 5317 2858 5373 Christi
2881 5315 3135 5386 mysteria
3155 5313 3514 5376 celebrantur,
3535 5309 3662 5364 dum
3707 5321 3826 5362 san-

2244 5425 2386 5470 ctum
2411 5413 2539 5467 illud
2567 5408 2892 5467 sacriﬁcium
2920 5406 3096 5461 adhuc
3125 5404 3420 5474 peragitur,
3447 5403 3622 5458 omnia
3643 5400 3693 5456 in
3716 5414 3827 5454 me-

2243 5507 2334 5561 dio
2358 5503 2688 5574 derelinquis
2717 5509 2772 5556 et
2799 5497 3088 5555 abscedis?
3118 5496 3249 5562 Quis
3277 5495 3395 5550 hare
3431 5492 3641 5548 tandem
3673 5491 3825 5546 venia

2245 5599 2401 5670 digna
2429 5594 2741 5654 censuerit?
2767 5593 2886 5664 quis
2913 5589 3228 5646 defensione
3250 5586 3525 5658 purgarit?
3554 5583 3725 5638 Vultis
3743 5582 3826 5635 di-

2244 5706 2360 5746 cam
2383 5689 2659 5759 cujusnam
2685 5701 2822 5757 opus
2850 5682 3131 5754 perficiant
3152 5679 3226 5735 illi
3272 5678 3363 5748 qui
3411 5686 3538 5732 ante
3582 5674 3823 5745 comple-

2249 5791 2484 5840 mentum
2531 5780 2796 5851 finemque
2817 5775 3119 5844 discedunt,
3167 5787 3342 5843 neque
3387 5785 3538 5828 cena
3585 5768 3822 5824 absoluta
