4100 6486
413 370 508 426 371
676 427 692 442 χ
1436 368 1522 425 DE
1559 368 1978 426 PllODlTlONE
2022 369 2241 429 JUDE.
2280 404 2350 416 —-
2382 373 2719 436 MONITUM.

416 489 706 559 gratiarum
732 492 960 549 actionis
991 493 1218 566 hymnos
1239 496 1504 552 oderunt?
1535 497 1735 553 Durum
1768 497 1996 554 fortasse

367 597 387 670 ς
417 581 683 640 videbitur
703 585 844 655 quod
865 601 983 641 sum
1013 585 1274 654 dicturus,
1303 588 1398 644 sed
1432 604 1656 645 necesse
1698 599 1781 644 est
1820 599 1997 646 tamen

363 676 370 684 '
417 683 476 730 ut
503 675 572 731 ob
596 678 974 751 plerarumque
1002 681 1376 751 negligentiam
1404 683 1632 738 dicatur.
1660 683 1884 753 Quando
1912 685 2001 741 ul-

417 767 560 822 tima:
584 783 752 824 creua:
775 773 1187 829 communicavit
1211 773 1377 830 ludas
1407 785 1564 830 nocte
1586 775 1672 830 illa
1704 786 1995 845 postrema,

414 861 628 918 caeteris
655 864 907 920 omnibus
932 867 1371 922 recumbentibus
1391 910 1406 936 ,
1436 867 1550 938 ipse
1593 883 1656 924 se
1701 868 2001 939 proripiens

414 955 666 1010 excessit.
699 956 851 1012 illum
887 958 1164 1014 imitantur
1205 968 1258 1015 et
1303 960 1392 1015 isti
1442 960 1534 1031 qui
1587 969 1712 1016 ante
1758 961 1998 1016 ultimam

419 1048 711 1117 gratiarum
741 1050 1005 1106 actionem
1024 1050 1326 1106 discedunt.
1346 1051 1456 1106 Nisi
1474 1052 1615 1107 enim
1645 1051 1864 1107 exiisset
1885 1051 1996 1117 ille,

420 1139 662 1207 proditor
686 1138 857 1194 factus
883 1157 988 1195 non
1034 1151 1210 1208 esset;
1260 1142 1365 1197 nisi
1411 1141 1805 1212 condiscipulos
1844 1143 2002 1197 dese-

416 1229 640 1297 ruisset,
679 1248 784 1285 non
818 1234 1099 1301 periisset;
1129 1234 1230 1289 nisl
1260 1235 1496 1304 seipsum
1523 1242 1676 1289 extra
1706 1233 1846 1288 ovile
1873 1248 2000 1302 pro-

417 1319 672 1389 ripuisset
690 1321 705 1352 ¹
727 1361 743 1388 ,
776 1338 880 1376 non
911 1338 1034 1377 eum
1059 1323 1216 1393 lupus
1245 1323 1416 1379 solum
1447 1333 1718 1394 repertum
1744 1322 2000 1378 devoras-

417 1423 498 1467 set
519 1428 533 1478 ;
568 1413 668 1468 nisi
697 1414 931 1484 seipsum
950 1431 978 1468 a
999 1424 1213 1484 pastore
1234 1424 1591 1486 segregasset,
1617 1414 1804 1470 bellum
1819 1413 2002 1484 prmda

418 1503 590 1560 factus
613 1521 719 1559 non
747 1515 910 1561 esset.
941 1505 1144 1562 Idcirco
1170 1506 1422 1561 nimirum
1456 1507 1548 1562 ille
1597 1522 1718 1562 cum
1765 1505 1998 1568 Iudaeis,

419 1594 505 1649 isti
535 1611 663 1649 vero
680 1611 800 1652 cum
833 1597 1060 1653 Domino
1105 1597 1306 1669 hymno
1333 1598 1479 1653 dicto
1528 1599 1795 1659 exierunt.
1839 1596 2002 1651 Vides

419 1699 479 1742 ut
504 1698 737 1745 extrema
778 1691 864 1744 illa
893 1700 1015 1761 post
1041 1692 1360 1746 sacrificium
1406 1691 1578 1746 oratio
1617 1690 1685 1744 ad
1736 1689 1864 1744 illud
1911 1688 2002 1743 fiat

418 1781 762 1850 exemplum?
800 1781 951 1836 Nunc
1006 1783 1185 1852 igitur,
1236 1782 1605 1848 dilectissimi,
1667 1781 1781 1836 lucc
1826 1790 2004 1835 mente

416 1888 714 1938 versemus,
739 1873 855 1928 haec
880 1874 1020 1943 apud
1050 1889 1148 1928 nos
1167 1874 1490 1943 cogitemus,
1532 1882 1586 1928 ct
1607 1873 1730 1927 huic
1760 1871 2005 1941 proposi-

417 1975 523 2020 tam
556 1967 745 2020 sceleri
776 1967 1171 2021 damnationem
1218 1965 1652 2021 reformidemus.
1696 1963 1814 2033 Ipse
1841 1978 2001 2018 suam

417 2060 510 2115 tibi
539 2075 754 2116 carnem
777 2061 1018 2132 largitur,
1049 2068 1106 2114 at
1133 2069 1187 2114 tu
1219 2076 1286 2116 ne
1303 2061 1480 2115 verbis
1509 2059 1724 2130 quidem
1765 2072 1886 2114 eum
1912 2072 2002 2112 re-

417 2154 736 2219 munereris,
770 2169 942 2223 neque
965 2169 1060 2223 pro
1087 2153 1152 2208 iis
1171 2169 1289 2224 qua:
1321 2153 1572 2222 accepisti
1601 2151 1800 2222 gratias
1853 2147 2002 2220 agis?

479 2267 496 2298 ί
533 2273 581 2315 ιη
605 2266 746 2316 Savil.
773 2255 970 2329 legitur,
992 2270 1134 2317 extra
1156 2263 1276 2316 ovile
1298 2263 1424 2316 illud
1444 2277 1636 2315 sacrum
1649 2260 1978 2328 proripuisset.

3585 380 3692 440 372

2101 505 2262 574 Atqui
2286 506 2413 560 dum
2433 504 2537 562 hoc
2557 519 2817 576 corporeo
2846 503 3080 560 vesceris
3106 501 3246 566 cibo,
3281 509 3400 570 post
3445 513 3686 555 mensam

2107 596 2175 652 ad
2196 597 2490 652 orationem
2521 605 2575 654 te
2613 598 2880 653 convertis
2908 614 2921 648 :
2946 596 3072 650 dum
3115 608 3244 650 vero
3295 591 3589 663 spiritualis
3631 601 3688 646 et

2105 705 2322 745 omnem
2347 697 2643 744 creaturam
2675 673 2784 742 tum
2815 687 3079 742 visibilem
3110 695 3221 741 tum
3253 681 3572 740 invisibilem
3600 697 3692 738 su-

2105 781 2360 851 perantis,
2380 780 2440 835 lis
2457 781 2741 851 particeps,
2762 779 2972 834 tametsi
2991 779 3150 832 homo
3166 777 3240 831 sis
3259 785 3312 830 et
3325 773 3442 830 vilis
3461 781 3690 837 naturae,

2104 888 2211 928 non
2243 882 2522 942 exspectas
2568 880 2625 926 ut
2670 871 2872 943 gratias
2920 885 3053 941 agas
3096 877 3151 925 et
3195 867 3374 923 verbis
3392 873 3448 922 et
3496 864 3693 920 factis?

2103 962 2242 1032 Quid
2257 972 2339 1018 est
2367 963 2511 1018 aliud
2527 978 2686 1034 quam
2713 971 2957 1018 extremo
2984 960 3247 1032 supplicio
3261 973 3382 1015 sese
3401 957 3690 1013 obnoxium

2105 1056 2370 1111 reddere?
2393 1055 2519 1110 litae
2543 1070 2644 1125 ego
2671 1054 2792 1111 dico
2823 1069 2929 1109 non
2947 1061 3008 1108 ut
3036 1050 3265 1107 laudetis
3286 1049 3482 1114 solum,
3514 1062 3692 1117 neque

2107 1159 2165 1202 ut
2195 1147 2588 1202 tumultuamini
2616 1156 2670 1201 et
2693 1145 2958 1212 clamctis,
2988 1143 3082 1199 sed
3109 1151 3307 1199 utcum
3332 1150 3540 1210 tempus
3559 1153 3690 1194 exe-

2104 1240 2259 1309 gerit,
2289 1239 2481 1294 horum
2509 1253 2779 1294 memores
2805 1236 3090 1292 verborum
3119 1232 3529 1290 convenientem
3569 1244 3690 1284 mo-

2105 1331 2326 1386 destiam
2359 1345 2468 1400 pra:
2492 1329 2643 1385 vobis
2664 1328 2869 1384 feratis.
2919 1325 3166 1398 Mysteria
3211 1331 3269 1379 et
3311 1323 3584 1384 dicuntur,
3637 1328 3688 1372 et

2105 1430 2267 1489 sunt;
2300 1422 2386 1477 ubi
2417 1436 2546 1476 vero
2569 1429 2698 1476 sunt
2721 1419 3001 1491 mysteria,
3031 1417 3257 1471 multum
3285 1414 3553 1469 silentium
3583 1421 3686 1467 est.

2104 1513 2236 1571 Cum
2254 1515 2422 1570 multo
2437 1529 2566 1585 ergo
2592 1513 2825 1578 silentio,
2853 1526 2974 1566 cum
3003 1509 3169 1564 multa
3195 1505 3478 1572 modestia,
3496 1503 3691 1559 decen-

2106 1607 2251 1676 tique
2279 1605 2583 1661 reverentia
2609 1611 2855 1659 sanctum
2872 1601 2976 1656 hoc
2997 1598 3323 1655 sacrificium
3345 1596 3688 1666 attingamus,

2105 1705 2166 1751 ut
2198 1695 2454 1765 majorem
2497 1694 2652 1750 nobis
2701 1693 2798 1748 Dei
2846 1691 3282 1749 benevolentiam
3323 1688 3690 1753 conciliemus,

2105 1788 2415 1844 etanimum
2435 1800 2843 1858 perpurgemus,
2879 1793 3187 1855 aeternaque
3227 1783 3367 1839 bona
3392 1793 3692 1850 consequa-

2105 1895 2260 1945 mur;
2292 1895 2411 1948 quae
2435 1893 2533 1934 nos
2551 1893 2740 1934 omnes
2761 1887 2819 1932 ut
2841 1877 3203 1940 obtineamus,
3251 1872 3383 1928 faxit
3423 1872 3593 1942 gratia
3639 1877 3695 1924 et

2105 1970 2405 2040 benignitas
2437 1970 2648 2024 Domini
2679 1969 2850 2024 nostri
2878 1967 3004 2024 Jesu
3031 1965 3248 2033 Christi,
3277 1979 3400 2019 cum
3439 1977 3546 2033 quo
3590 1959 3693 2016 Pa-

2107 2061 2194 2124 tri,
2219 2060 2483 2132 simulque
2506 2059 2725 2130 Spiritui
2763 2068 2984 2126 sancto,
3015 2058 3204 2130 gloria,
3259 2055 3577 2125 imperium,
3639 2061 3694 2106 et

2105 2153 2365 2222 adoratio,
2394 2168 2536 2210 nunc
2566 2161 2622 2210 et
2643 2167 2876 2224 semper,
2900 2161 2954 2207 et
3001 2152 3052 2206 in
3109 2149 3304 2205 saecula
3353 2147 3690 2202 surculorum.

2107 2248 2150 2301 A
2163 2263 2280 2303 men
2291 2288 2303 2302 .

468 2842 2007 2887 Μ

2104 2816 3678 2867 πέπεπΜε-εππ

1872 3133 2243 3196 ΜΟΝΙἸἭΜ

444 3444 739 3504 secundam
785 3440 862 3495 De
888 3437 1036 3493 Juda
1065 3434 1336 3508 proditore
1374 3432 1757 3487 incunctanter
1793 3423 2210 3494 conjiceremus.
2270 3416 2474 3474 Verum
2529 3415 2760 3483 levibus,
2826 3415 2883 3469 ni
2939 3411 3120 3482 fallor,
3161 3411 3494 3484 coniecturis
3559 3410 3701 3467 hanc

446 3557 712 3628 temporis
746 3553 1011 3609 rationem
1037 3545 1276 3603 instituit
1305 3541 1710 3604 Tillemontius,
1752 3546 1813 3591 ut
1836 3534 2084 3606 pluribus
2105 3531 2322 3588 dicetur
2352 3530 2408 3585 in
2437 3529 2644 3584 Monito
2678 3528 2748 3584 ad
2787 3527 3044 3583 homilias
3066 3527 3122 3581 in
3149 3524 3416 3581 Genesim.
3467 3523 3593 3580 llam
3634 3526 3702 3580 de

449 3675 674 3732 homilia
707 3671 947 3728 secunda
979 3668 1136 3738 cujus
1179 3665 1417 3728 initium,
1455 3659 1814 3730 Ἐϐουλόμην,
1843 3658 2007 3726 ἀγαπ·

2106 3656 2121 3709 ἰ
2151 3675 2164 3710 :
2207 3655 2274 3710 de
2297 3653 2536 3709 homilia:
2565 3665 2696 3706 vero
2729 3650 2944 3720 primae,
2970 3665 3092 3721 quae
3122 3649 3202 3705 sic
3256 3648 3469 3719 incipit,
3515 3644 3703 3714 Ὀλῐγα

445 3792 685 3860 ἀνάγκη,
717 3800 986 3858 tempore,
1017 3785 1155 3840 nihil
1201 3782 1346 3839 aliud
1378 3781 1464 3836 vel
1502 3787 1673 3842 certo,
1712 3777 1798 3833 vel
1835 3775 2128 3830 admodum
2170 3773 2527 3845 probabiliter
2569 3780 2812 3826 statuere
2839 3781 3165 3839 possumus,
3215 3781 3382 3836 quam
3437 3764 3583 3834 quod
3612 3762 3703 3816 illa

448 3901 655 3970 liquot
678 3909 802 3954 ante
843 3897 1140 3953 secundam
1171 3894 1334 3950 annis
1366 3891 1550 3947 habita
1583 3889 1786 3945 fuerit:
1814 3899 1990 3956 neque
2019 3900 2150 3941 vero
2192 3885 2484 3940 tacendum
2517 3891 2602 3938 est
2632 3883 2774 3937 hanc
2808 3882 3041 3953 primam
3077 3920 3093 3947 ,
3135 3879 3322 3948 Ὀλίγα
3376 3879 3614 3948 ἀνάγκη,
3648 3879 3704 3934 in

448 4018 772 4090 perantiquo
810 4015 906 4070 illo
948 4010 1212 4079 Catalogo
1248 4007 1570 4075 Augustano
1600 4003 1744 4057 inter
1776 3998 1976 4070 γνησία
2010 4012 2175 4069 opera
2218 3998 2397 4052 locum
2425 3995 2649 4087 habere,
2689 4007 2801 4048 non
2830 4007 2960 4048 vero
2989 3989 3286 4047 secundam
3315 4005 3332 4054 ;
3371 3990 3501 4059 quia
3549 3988 3702 4045 vide—

449 4139 577 4192 licet
603 4135 757 4188 initio
787 4142 843 4187 et
879 4129 1067 4202 paucis
1097 4126 1219 4182 aliis
1256 4120 1520 4191 exceptis,
1551 4132 1674 4189 quae
1697 4131 1728 4171 a
1759 4115 2158 4186 Chrysostomo
2191 4111 2366 4182 ipsam
2422 4116 2756 4164 retractante
2789 4106 3012 4160 inducta
3062 4104 3313 4168 fuerant,
3351 4102 3540 4157 eadem
3590 4104 3707 4171 ipsa

447 4259 565 4303 erat
593 4265 606 4301 :
632 4257 684 4302 et
724 4244 990 4313 alioquin,
1035 4248 1092 4294 ut
1120 4247 1269 4294 recte
1294 4235 1508 4290 monuit
1539 4231 1801 4296 Savilius,
1840 4229 2135 4300 Catalogus
2197 4229 2287 4283 ille
2321 4229 2673 4298 Augustanus
2708 4223 2780 4277 ita
2843 4221 3206 4277 concinnatus
3247 4228 3350 4285 est,
3396 4228 3455 4272 ut
3525 4218 3705 4272 omni-

450 4369 669 4437 (μιίιιεῐη
703 4358 992 4437 opuscula,
1023 4377 1146 4434 quae
1176 4359 1232 4412 in
1258 4371 1322 4411 eo
1363 4364 1763 4419 memorantur,
1799 4365 1928 4406 vera
1968 4362 2336 4420 germanaque
2380 4347 2529 4412 sint;
2569 4344 2665 4400 sed
2712 4357 2847 4399 cave
2885 4348 3045 4412 putes
3087 4337 3293 4404 omnia,
3333 4350 3453 4405 quae
3503 4334 3572 4389 ab
3613 4333 3707 4388 illo

451 4481 668 4546 absunt,
701 4495 820 4534 esse
855 4477 1040 4547 spuria
1067 4493 1082 4543 ;
1115 4473 1363 4544 quiuimo
1391 4469 1566 4524 multo
1598 4468 1755 4538 plura
1790 4475 1920 4520 sunt
1949 4463 2324 4536 Chrysostomi
2353 4463 2554 4532 γνήσια
2583 4473 2746 4529 opera
2769 4497 2783 4520 ,
2819 4469 2982 4526 quam
3022 4469 3085 4509 ea
3117 4467 3238 4523 qua:
3271 4451 3327 4506 in
3371 4449 3564 4505 eodem
3604 4448 3697 4530 Ca-

455 4581 633 4650 talogo
657 4542 1041 4632 recense-titur.
1071 4542 1342 4627 Caeterum
1369 4568 1497 4638 quia
1527 4565 1773 4620 eamdem
1805 4563 2122 4618 concionem
2156 4559 2475 4616 retractavit
2517 4558 2974 4628 Chrysostomus,
3004 4555 3060 4604 et
3083 4547 3138 4602 in
3169 4545 3444 4616 plerisque
3485 4542 3560 4598 ita
3596 4556 3716 4598 mtto

455 4697 608 4759 tavit,
641 4703 700 4748 ut
731 4693 867 4747 duas
893 4708 962 4750 ex
996 4704 1106 4745 una
1145 4687 1404 4743 homilias
1442 4683 1700 4748 effecerit,
1733 4681 1871 4735 nihil
1902 4680 2101 4736 mirum
2132 4680 2179 4736 si
2221 4685 2372 4734 tanta
2425 4676 2498 4733 sit
2556 4676 2612 4731 in
2651 4669 3039 4742 Manuscriptis
3074 4668 3348 4733 varietas;
3401 4679 3527 4718 cum
3585 4676 3714 4717 vero

455 4809 720 4866 lectiones
751 4806 916 4860 variae
945 4803 1011 4859 ad
1041 4803 1360 4858 alterutram
1396 4800 1726 4871 pertineant,
1756 4797 1890 4852 satis
1919 4797 2213 4852 habuimus
2253 4803 2544 4866 utramque
2577 4791 2836 4854 edidisse,
2892 4798 2947 4843 et
3004 4800 3034 4839 a
3091 4779 3552 4853 frequentissimis
3605 4778 3720 4832 illis.

455 4919 973 4980 variislectiouibns
1011 4919 1338 4974 annotandis
1375 4915 1764 4972 abstinuimus.
1812 4911 2009 4968 Notata
2051 4911 2250 4982 dignus
2280 4917 2365 4965 est
2422 4908 2477 4962 in
2512 4916 2744 4976 utraque
2807 4898 3030 4958 homilia
3096 4898 3252 4952 locus
3308 4894 3398 4950 ille
3441 4909 3598 4949 num.
3636 4892 3712 4949 6:

459 5034 621 5088 Adest
650 5040 698 5086 et
731 5046 868 5085 nunc
910 5029 1152 5083 Christus
1186 5043 1419 5082 mensam
1453 5040 1738 5080 exornans.
1766 5020 1952 5092 Neque
1977 5021 2115 5075 enim
2149 5020 2302 5074 homo
2330 5028 2407 5074 est
2437 5020 2508 5083 is,
2543 5018 2632 5086 qui
2659 5016 2788 5085 facit
2817 5021 2872 5066 ut
2909 5011 3180 5081 proposita
3201 5025 3389 5079 corpus
3422 5017 3470 5062 et
3499 5008 3717 5078 sanguis

461 5155 662 5210 Christi
691 5155 1004 5224 efﬁciantur.
1046 5149 1310 5221 Figuram
1338 5156 1543 5202 tantum
1585 5147 1806 5216 impleas
1840 5153 1947 5200 stat
1987 5145 2232 5198 sacerdos
2271 5154 2320 5198 et
2355 5141 2794 5212 supplicationem
2821 5137 2971 5205 offert
3000 5150 3017 5188 :
3056 5134 3233 5204 gratia
3272 5141 3450 5186 autem
3477 5139 3526 5186 et
3553 5131 3716 5184 virtus

462 5273 558 5327 Dei
587 5282 686 5336 est,
714 5288 831 5342 qua
859 5272 1039 5327 omnia
1064 5269 1236 5340 eﬂicit.
1270 5264 1385 5322 Hoc
1420 5273 1505 5320 est
1536 5281 1736 5336 corpus
1764 5279 1966 5331 meum,
1994 5263 2209 5332 inquit:
2238 5263 2335 5317 hoc
2372 5260 2584 5317 uerbum
2627 5257 2898 5329 proposita
2931 5253 3306 5323 transformat.
3338 5248 3436 5304 llic
3463 5257 3517 5304 et
3540 5261 3717 5303 trans-

461 5385 835 5438 substantiatio
865 5393 918 5440 et
956 5384 1242 5456 prasentia
1269 5382 1472 5439 Christi
1502 5383 1556 5438 in
1587 5383 1934 5438 Eucharistta
1960 5382 2109 5438 clare
2145 5380 2529 5451 praedicantur,
2562 5387 2622 5434 ut
2647 5375 2896 5449 pluribus
2925 5374 3135 5429 dicetur
3163 5384 3264 5428 suo
3293 5368 3434 5422 loco.

537 5538 693 5605 Quod
724 5554 852 5594 vero
884 5539 940 5594 in
967 5549 1199 5610 utraque
1229 5537 1456 5594 homilia
1482 5536 1617 5594 dicit
1670 5549 1732 5595 se
1757 5539 1870 5606 jam
1902 5546 2098 5608 quarto
2123 5536 2211 5592 die
2240 5536 2307 5591 de
2341 5535 2587 5591 oratione
2621 5550 2719 5605 pro
2771 5531 3010 5589 inimicis
3049 5543 3230 5602 agere,
3291 5525 3495 5582 indicat
3535 5522 3719 5593 utique

467 5652 916 5709 Chrvsostomum
951 5651 1005 5705 in
1037 5659 1290 5721 utroque,
1323 5665 1432 5722 quo
1456 5649 1557 5705 has
1582 5649 1838 5707 homilias
1871 5650 2080 5717 habuit,
2115 5667 2259 5706 anno
2296 5649 2547 5707 eumdem
2579 5647 2938 5705 concionandi
2969 5646 3217 5704 ordinem
3249 5641 3506 5699 tenuisse.

546 5804 841 5877 Utriusque
870 5804 1108 5862 homilias
1137 5805 1636 5877 interpretationem
1680 5821 1875 5862 novam
1904 5807 2139 5861 edimus.
