4100 6422
483 305 595 362 375

1185 312 1242 366 S.
1280 309 1567 367 JOANNIS
1604 310 2103 371 CHRYSOSTOMI
2137 311 2457 372 ARCHIEP.
2500 313 3047 371 CONSTANTINOP.

3640 320 3739 377 574

1610 907 1690 967 ΙΝ
1752 903 2311 968 PRODITIONEM
2367 906 2587 967 JUDZE
2606 953 2622 981 ,

478 1194 556 1240 ΕΤ
598 1196 664 1243 IN
710 1195 982 1256 PASCHA,
1034 1198 1230 1253 INQUE
1270 1198 1708 1243 TRADITIONEM
1754 1198 2232 1253 MYSTERIORUM,
2284 1197 2359 1240 AC
2404 1196 2573 1249 QUOD
2606 1190 2744 1241 NON
2783 1198 3105 1243 OPORTEAT
3138 1198 3527 1246 INJURIARUM
3559 1203 3741 1249 MEMI-

1298 1275 1480 1323 NISSE
1506 1306 1521 1331 ,
1563 1275 1631 1320 IN
1672 1276 1905 1321 sanan
1947 1278 2025 1322 ET
2068 1276 2285 1323 MAGNA
2324 1275 2507 1321 ruma
2554 1275 2786 1329 QUINTA
2826 1260 2931 1341 (α).

1108 1775 1334 1818 ιιοιιιιιΑ
1372 1776 1411 1817 Ι.

534 1853 723 1911 Paucis
750 1851 910 1909 hodie
935 1866 1059 1908 cum
1083 1861 1261 1908 vestra
1290 1851 1512 1907 caritate
1540 1857 1767 1905 tractare
1797 1862 2045 1904 necessao

459 1945 598 2001 rium
638 1953 721 2000 est
751 1961 765 1997 :
794 1953 849 1999 et
886 1942 1006 2000 ideo
1036 1943 1221 2014 paucis
1240 1984 1255 2009 ,
1295 1956 1402 1997 non
1434 1940 1579 2012 quod
1605 1940 1870 1996 dictorum
1896 1941 2050 2011 copia

457 2036 751 2109 gravemini
784 2052 798 2090 :
827 2035 1024 2091 nullam
1054 2035 1196 2091 enim
1226 2034 1385 2089 aliam
1406 2034 1677 2089 civitatem
1699 2033 1938 2104 reperire
1968 2040 2052 2087 est

458 2127 845 2184 andiendorum
873 2126 1223 2196 spiritualium
1240 2139 1547 2180 sermonum
1568 2126 1705 2179 adeo
1729 2109 2045 2179 studiosam.

457 2219 576 2275 Non
602 2227 884 2287 propterea
910 2217 1069 2285 igitur
1098 2230 1260 2287 pauca
1288 2215 1535 2279 dicimus,
1567 2213 1709 2284 quod
1731 2213 1881 2268 vobis
1910 2213 2049 2266 mul-

457 2309 686 2365 titudine
707 2323 1021 2364 sermonum
1050 2305 1323 2362 fastidium
1356 2307 1625 2378 pariamus
1640 2346 1658 2372 ,
1683 2303 1779 2360 sed
1802 2304 1925 2374 quia
1946 2303 2049 2358 alia

456 2400 750 2457 intervenit
794 2398 955 2454 hodie
980 2398 1257 2453 brevitatis
1297 2411 1480 2452 causa.
1517 2395 1730 2451 Etenim
1756 2395 1953 2449 multos
1973 2394 2050 2446 vi-

457 2493 562 2548 deo
587 2491 771 2548 fideles
795 2491 861 2546 ad
893 2490 1284 2546 horrendorum
1312 2490 1687 2560 mysteriorum
1712 2488 2051 2543 communio-

457 2598 581 2639 nem
611 2581 948 2637 festinantes.
968 2581 1040 2637 Ut
1064 2581 1222 2651 igitur
1252 2595 1427 2650 neque
1454 2579 1544 2633 illa
1565 2594 1750 2633 mensa
1776 2577 2043 2644 excidant,

461 2688 636 2744 neque
664 2673 766 2728 hac
794 2686 1011 2742 prorsus
1038 2670 1384 2736 frustrentur,
1413 2685 1638 2725 necesse
1668 2678 1754 2723 est
1800 2669 2048 2724 modera-

455 2775 567 2819 tnm
597 2766 773 2820 cibum
801 2778 1088 2834 apponere,
1108 2770 1167 2817 ut
1181 2763 1451 2832 utrimque
1480 2761 1632 2817 vobis
1659 2761 1865 2816 lucrum
1894 2776 2049 2816 acce-

457 2855 588 2921 dat,
641 2864 696 2909 et
742 2854 845 2909 hoc
886 2870 983 2909 ceu
1026 2853 1284 2907 doctrinae
1314 2853 1510 2908 viatico
1559 2852 1777 2918 muniti,
1809 2852 1886 2905 sic
1925 2866 2047 2905 cum

456 2949 669 3013 timore,
691 2957 924 3003 tremore
944 2988 960 3012 ,
988 2947 1275 3017 debitaque
1299 2947 1597 3002 reverentia
1620 2947 1685 3001 ad
1713 2945 2043 3001 tremendam

454 3039 884 3109 horrendamque
908 3039 1337 3093 communionem
1379 3037 1665 3093 accedatis.

524 3133 755 3204 Lugendi
774 3134 811 3186 ii
847 3133 934 3203 qui
954 3132 1087 3186 male
1111 3140 1303 3203 agunt,
1340 3147 1440 3185 non
1470 3132 1553 3201 qui
1597 3131 1732 3185 mala
1759 3131 2044 3200 patiuntur;

458 3225 707 3280 orandum
732 3240 826 3295 pro
849 3223 1087 3277 inimicis.
1118 3253 1184 3262 —
1209 3220 1402 3288 Hodie,
1427 3220 1631 3287 dilecti,
1658 3221 1914 3275 Dominus
1944 3236 2044 3275 no-

449 3326 563 3373 ster
597 3317 752 3373 Jesns
775 3317 1020 3372 Christus
1061 3314 1284 3371 traditus
1330 3315 1625 3385 est:hujus
1669 3330 1897 3384 namque
1938 3313 2043 3369 diei

450 3423 671 3477 veSpera
703 3406 874 3462 Judzei
904 3406 999 3461 illo
1018 3405 1409 3477 comprehenso
1458 3406 1723 3460 abierunt.
1758 3406 1952 3460 Verum
1977 3420 2043 3461 ne

449 3495 782 3552 contristeris
831 3493 1054 3549 audiens
1106 3493 1377 3549 Christum
1419 3492 1684 3563 proditum
1741 3507 1864 3547 esse
1892 3509 1906 3545 :
1934 3492 2043 3546 imo

450 3586 627 3655 potius
640 3584 977 3650 contristare,
993 3593 1050 3640 et
1064 3585 1257 3640 acerbe
1270 3584 1409 3655 lnge,
1426 3598 1531 3639 non
1552 3582 1818 3654 proditum
1832 3583 2038 3650 Jesnm,

448 3676 545 3732 sed
567 3675 890 3747 proditorem
910 3675 1121 3731 Judam.
1148 3675 1358 3730 Etenim
1380 3674 1470 3746 qui
1500 3673 1741 3744 proditus
1765 3683 1868 3741 est,
1888 3690 2043 3728 mun-

445 3768 573 3821 dum
604 3766 808 3823 salvum
836 3766 979 3829 fecit.
1011 3766 1251 3837 proditor
1272 3780 1402 3822 vero
1423 3765 1654 3821 animam
1676 3780 1829 3820 suam
1855 3764 2036 3836 perdi-

445 3858 526 3912 «lit
554 3875 569 3912 :
594 3859 683 3929 qui
727 3858 970 3928 proditus
1021 3867 1140 3926 est,
1171 3858 1237 3914 ad
1266 3858 1542 3914 dexteram
1572 3857 1745 3913 Patris
1792 3858 1945 3914 sedet
1984 3856 2036 3911 in

444 3952 609 4018 caelis,
626 3952 865 4022 proditor
893 3952 947 4007 in
979 3951 1189 4007 inferno
1216 3967 1359 4007 nunc
1389 3961 1503 4019 est,
1527 3950 1834 4007 inevitabile
1857 3949 2036 4006 ferens

443 4044 782 4114 supplicium.
802 4044 971 4115 llujns
986 4058 1145 4099 causa
1161 4044 1282 4113 lnge
1302 4052 1357 4098 et
1379 4042 1686 4114 ingemisce,
1700 4040 1856 4112 hujus
1876 4055 2039 4097 causa

443 4134 761 4203 lacrymare,
782 4133 898 4205 ejus
918 4135 1115 4205 quippe
1138 4148 1297 4188 causa
1318 4132 1463 4188 ﬂevit
1477 4132 1740 4188 Christus.
1755 4131 1887 4186 Nam
1912 4131 2039 4187 Cum

440 4224 644 4279 vidisset
687 4241 800 4279 eum
822 4266 838 4291 ,
874 4225 1075 4294 inquit,
1111 4224 1340 4278 turbatus
1383 4234 1489 4290 est,
1516 4233 1563 4277 et
1596 4222 1752 4291 dixit,
1789 4221 1932 4277 Unus
1976 4237 2039 4275 ea:

439 4316 577 4369 nobis
606 4315 770 4369 tradet
810 4331 891 4369 me
914 4314 1094 4383 (Joan.
1138 4316 1225 4371 15.
1276 4314 1394 4385 21).
1422 4315 1467 4369 0
1492 4321 1689 4385 quanta
1726 4313 2035 4367 misericor-

437 4406 524 4460 dia
578 4407 824 4462 Dominil
870 4407 1109 4477 proditus
1155 4407 1483 4478 proditorem
1526 4407 1690 4479 luget.
1721 4404 1849 4462 Cum
1877 4406 2035 4460 uidis-

436 4505 510 4550 set
537 4512 672 4562 eum,
701 4498 795 4564 ait,
827 4497 1055 4552 turbatus
1080 4508 1175 4564 est,
1206 4507 1253 4552 et
1272 4499 1423 4568 dixit,
1450 4498 1596 4553 Unus
1621 4515 1685 4553 ea:
1711 4499 1847 4554 vobis
1873 4498 2035 4552 tradet

437 4602 537 4641 me.
569 4586 746 4654 Quare
774 4596 998 4643 maestus
1028 4588 1163 4643 fuit?
1191 4588 1361 4644 Simul
1392 4597 1449 4644 nt
1469 4605 1708 4646 amorem
1728 4589 2035 4646 ostenderet

436 4695 614 4747 suum,
641 4690 695 4735 et
722 4680 820 4737 hos
839 4681 1076 4748 doceret,
1110 4698 1215 4737 non
1237 4698 1359 4739 eum
1389 4685 1477 4754 qui
1499 4686 1638 4740 mala
1660 4687 1910 4755 patiatur,
1935 4684 2031 4741 sed

432 4786 580 4838 eum,
602 4772 691 4843 qui
722 4772 862 4829 male
883 4782 1024 4844 agat,
1043 4788 1255 4846 semper
1277 4776 1563 4847 lugendum
1586 4793 1725 4833 esse.
1754 4778 1868 4834 Hoc
1886 4778 2028 4833 enim

433 4866 529 4919 illo
556 4866 708 4936 pejus
750 4877 871 4933 est;
900 4868 1009 4924 imo
1035 4870 1215 4939 potius
1250 4869 1309 4925 id
1359 4885 1465 4924 non
1509 4870 1707 4925 malum
1742 4879 1860 4938 est,
1888 4872 2031 4928 male

430 4956 574 5025 pati,
629 4958 722 5013 sed
792 4959 933 5015 male
984 4974 1178 5030 agere,
1238 4961 1291 5016 id
1359 4976 1578 5032 prorsus
1658 4963 1879 5018 malum.
1935 4964 2030 5019 Et-

428 5048 573 5103 enim
620 5048 761 5103 male
787 5050 931 5119 pati,
968 5050 1021 5105 id
1048 5067 1270 5123 regnum
1306 5054 1558 5109 caelorum
1588 5056 1856 5123 conciliat,
1887 5057 2027 5113 male

427 5146 608 5192 autem
663 5153 825 5209 agere
853 5181 868 5206 ,
939 5142 1200 5211 gehennzn
1248 5143 1404 5200 nobis
1450 5153 1505 5200 et
1574 5145 1816 5214 supplicii
1865 5161 2024 5201 causa

427 5241 531 5286 est.
561 5231 693 5287 Nam
717 5274 732 5299 ,
754 5232 900 5287 Beati
919 5275 934 5301 ,
983 5235 1188 5307 inquit,
1223 5240 1311 5308 qui
1358 5242 1792 5311 persequutionem
1815 5244 2028 5311 patiun-

490 5323 774 5402 ἐξιλρίὲὲξω
791 5339 906 5402 ρυξη
918 5331 1219 5402 Mysiis
1414 5333 1555 5402 24:24.
1580 5334 1721 5402 242.9.
1757 5343 1808 5402 et
1830 5335 2020 5402 coislin-

429 5383 619 5460 esset
640 5388 750 5460 50},
780 5395 832 5460 «ξι
852 5387 982 5460 οοίῗξ·
1008 5390 1097 5460 171
1112 5383 1257 5460 llum
1282 5383 1640 5460 ιοιίιεοιίυεὶυω
1655 5383 1929 5446 άίέοιλίητῖίίέ
1943 5383 2024 5460 at;

427 5456 644 5520 currunt,
660 5454 742 5520 vis
760 5457 816 5499 ut
838 5454 1024 5520 possint
1039 5454 1197 5501 omnia
1217 5457 1394 5520 notari.
1415 5463 1463 5504 In
1475 5458 1689 5507 editione
1700 5466 1863 5508 autem
1878 5459 2018 5509 Savil.

429 5514 557 5583 tanta
570 5514 793 5583 varietas
812 5514 1117 5572 observatur,
1140 5522 1194 5564 ut
1216 5515 1315 5563 bini
1335 5524 1499 5583 textus
1517 5520 1771 5583 edanture
1792 5522 2017 5583 regione,

428 5571 679 5641 inquibus
703 5571 833 5620 idem
855 5571 1225 5641 argumentum;
1263 5578 1351 5626 sed
1369 5579 1593 5641 ordiendi
1628 5582 1816 5641 modus,
1841 5571 2018 5639 series,

428 5630 891 5744 :Srwbiplemmque
913 5630 1329 5698 δίωτθραηιίρυε
1350 5639 1416 5689 de
1434 5652 1492 5689 re
1532 5639 1750 5702 pluribus
1771 5630 1820 5691 ni
1844 5630 2017 5692 Monito

2161 1858 2246 1901 tur
2288 1854 2496 1917 prapter
2523 1842 3303 1916 justitiam,quoniamipsorum
3323 1854 3395 1899 est
3420 1861 3629 1918 regnum
3647 1862 3743 1901 cce»

2156 1940 2322 1992 torum
2347 1937 2562 2008 (Matth.
2594 1937 2647 1992 5.
2673 1936 2787 2007 10).
2821 1935 3009 1991 Viden’
3028 1936 3290 1991 malorum
3321 1939 3742 2008 perpessionem,

2158 2027 2215 2082 in
2243 2026 2542 2083 mercedem
2587 2042 2650 2083 ac
2688 2026 2963 2096 praemium
2988 2066 3004 2091 ,
3037 2028 3290 2097 consequi
3325 2044 3550 2099 regnum
3588 2030 3740 2083 caelo-

2155 2120 2312 2174 rum?
2353 2118 2490 2173 Audi
2541 2118 2809 2188 quomodo
2852 2119 3047 2173 malum
3073 2129 3384 2190 perpetrare
3446 2136 3654 2190 poenam
3693 2130 3745 2174 et

2156 2210 2472 2281 supplicium
2513 2209 2719 2266 aderat.
2748 2208 2881 2265 Cum
2919 2211 3063 2266 enim
3086 2211 3311 2267 dixisset
3343 2213 3543 2267 Paulus
3564 2212 3632 2269 de
3654 2213 3744 2269 Ju-

2153 2304 2305 2370 ὀξεῖς,
2337 2302 2612 2357 Dominum
2639 2303 2950 2369 occiderunt,
2980 2305 3252 2374 praphetas
3292 2305 3583 2375 persequuti
3627 2314 3739 2359 sunt

2155 2396 2205 2466 (l
2239 2394 2417 2450 Thess.
2444 2395 2500 2449 2.
2546 2396 2633 2466 15)
2658 2437 2671 2459 ,
2700 2395 2905 2462 intulit,
2953 2394 3182 2461 Quorum
3210 2396 3328 2465 ﬁnis
3354 2398 3454 2451 erit
3475 2399 3742 2451 secundum

2154 2504 2310 2556 opera
2329 2504 2503 2541 eorum
2524 2488 2543 2557 (
2562 2487 2599 2541 2
2624 2487 2744 2542 Cor.
2778 2488 2867 2543 11.
2900 2488 3012 2557 15).
3043 2487 3229 2543 Viden'
3250 2489 3526 2559 quomodo
3565 2490 3633 2557 ii,
3659 2488 3744 2560 qui

2154 2579 2580 2648 persecutionem
2622 2579 2913 2649 patiuntur,
2944 2594 3165 2649 regnum
3215 2581 3514 2650 accipiant,
3548 2582 3583 2636 ii
3618 2595 3740 2637 vero

2154 2669 2242 2738 qui
2270 2678 2683 2739 persequuntur,
2726 2669 2859 2724 iram
2880 2668 2980 2724 sibi
3006 2670 3231 2740 parent?
3276 2671 3407 2727 [huc
3443 2688 3603 2742 porro
3636 2687 3735 2727 non

2155 2771 2358 2817 temere
2384 2776 2525 2817 nunc
2548 2776 2578 2815 a
2606 2776 2695 2817 me
2721 2761 2862 2817 dicta
2892 2770 3048 2829 sunt,
3082 2763 3176 2818 sed
3203 2771 3260 2818 ut
3284 2779 3391 2819 non
3429 2777 3612 2821 contra
3640 2766 3738 2820 ini-

2154 2856 2321 2909 micos
2359 2856 2670 2921 irascamur,
2707 2854 2802 2910 sed
2843 2855 3191 2910 misereamur
3217 2856 3338 2911 illos
3365 2872 3433 2910 ac
3474 2858 3739 2928 lugeamus

2152 2961 2273 3001 cum
2300 2946 2471 3016 iisque
2495 2945 2793 3001 doleamus.
2816 2944 2892 2999 llli
2919 2944 3061 3000 enim
3088 2955 3234 3011 sunt,
3262 2946 3350 3016 qni
3369 2948 3513 3002 male
3539 2948 3742 3017 patiun-

2154 3047 2273 3104 tur,
2321 3052 2515 3106 nempe
2555 3036 2647 3107 qui
2678 3036 2829 3091 nobis
2876 3044 3002 3091 sunt
3039 3035 3260 3092 inimici.
3293 3037 3347 3092 Si
3398 3037 3477 3092 sic
3514 3038 3737 3091 animam

2150 3140 2389 3187 nostram
2436 3139 2793 3201 temperemus
2817 3171 2833 3197 ,
2872 3130 3033 3185 etiam
3079 3145 3179 3199 pro
3203 3131 3331 3201 ipsis
3360 3146 3521 3187 orare
3549 3131 3740 3203 poterio

2151 3238 2289 3276 mus.
2333 3220 2459 3276 Ideo
2495 3221 2638 3276 enim
2677 3229 2920 3291 quartam
2958 3219 3069 3291 jam
3108 3221 3318 3276 insumo
3355 3223 3503 3277 diem
3548 3221 3735 3277 cohor-

2150 3312 2311 3367 tando
2336 3327 2431 3366 vos
2461 3320 2517 3365 ut
2553 3326 2652 3382 pro
2691 3312 2921 3368 inimicis
2955 3311 3119 3367 oretis
3142 3354 3157 3379 ,
3185 3327 3291 3383 quo
3319 3314 3529 3369 firmior
3550 3315 3617 3369 sit
3640 3312 3733 3367 do-

2148 3403 2349 3470 ctrina,
2400 3402 2699 3472 frequentia
2743 3401 3121 3458 admonitionis
3158 3403 3421 3460 radicata.
3475 3405 3595 3460 Ideo
3637 3404 3735 3460 fre-

2147 3500 2377 3562 quenter
2398 3491 2737 3547 sermonibus
2778 3492 2920 3547 insto
2940 3533 2954 3559 ,
2980 3502 3036 3548 nt
3070 3493 3165 3547 ira:
3194 3502 3461 3550 tumorem
3492 3510 3733 3551 evacuem

2146 3593 2202 3638 et
2228 3582 2475 3638 ardorem
2503 3597 2872 3654 compescam,
2905 3593 2963 3639 nt
3001 3585 3091 3655 qui
3120 3594 3327 3640 oratum
3357 3587 3510 3643 venit
3540 3588 3615 3642 ira
3646 3603 3737 3640 va-

2149 3690 2283 3731 cuus
2307 3677 2400 3731 sit.
2425 3675 2557 3731 Nam
2588 3675 2835 3732 Christus
2874 3692 2980 3732 non
3023 3677 3355 3733 inimicorum
3386 3688 3592 3733 tantum
3619 3693 3735 3749 gra-

2144 3768 2218 3823 tia
2245 3767 2363 3823 haec
2387 3767 2696 3824 cohortatus
2740 3777 2859 3834 est,
2887 3768 2981 3823 sed
3027 3770 3190 3824 etiam
3217 3772 3391 3825 nostri
3425 3786 3585 3827 causa
3605 3812 3621 3839 ,
3651 3771 3735 3840 qui

2145 3870 2362 3931 peccata
2388 3860 2493 3915 illis
2531 3859 2884 3915 dimittimus:
2912 3860 3117 3929 majora
3143 3862 3285 3916 enim
3310 3863 3513 3932 accipis
3533 3905 3549 3930 ,
3576 3877 3729 3933 quam

2143 3952 2260 4021 das,
2285 3968 2406 4009 cum
2436 3953 2567 4008 iram
2610 3952 2839 4007 remittis
2865 3952 3103 4008 inimico.
3137 3954 3206 4008 Et
3239 3956 3518 4025 quomodo
3539 3956 3731 4025 majora

2143 4043 2384 4114 accipio,
2416 4043 2662 4113 inquies?
2702 4044 2760 4098 Si
2788 4042 3006 4098 inimico
3046 4055 3260 4113 peccata
3301 4046 3612 4113 remiseris,
3641 4059 3727 4099 re-

2142 4136 2424 4189 mittuntur
2442 4134 2533 4188 tibi
2559 4133 2750 4188 delicta
2787 4144 2974 4188 contra
2998 4133 3283 4189 Dominum
3327 4136 3584 4191 admissa.
3609 4136 3728 4190 Haec

2144 4227 2455 4282 insanabilia
2477 4235 2603 4281 sunt
2646 4241 2708 4281 ac
2729 4227 2937 4282 veniam
2965 4242 3071 4282 non
3112 4238 3419 4295 merentur,
3447 4230 3535 4284 illa
3555 4238 3725 4283 autem

2141 4320 2348 4376 veniam
2376 4330 2432 4375 et
2455 4320 2700 4375 solatium
2732 4320 3023 4391 reperiunt.
3053 4321 3190 4376 Audi
3217 4321 3334 4377 Heli
3367 4322 3636 4377 dicentem
3663 4321 3726 4373 ti-

2143 4412 2229 4467 liis
2253 4412 2366 4467 suis
2389 4430 2402 4466 :
2437 4411 2500 4467 Si
2521 4427 2731 4482 peccans
2752 4414 3030 4483 peccaverit
3052 4417 3202 4468 homo
3234 4414 3287 4467 in
3314 4413 3570 4469 hominem
3591 4454 3605 4478 ,
3636 4428 3721 4483 pro

2138 4504 2229 4559 illo
2276 4504 2492 4559 orabunt
2521 4520 2541 4558 :
2568 4507 2613 4559 si
2663 4522 2778 4559 vero
2819 4506 2873 4559 in
2918 4504 3079 4560 Deum
3099 4507 3398 4577 peccaverit,
3421 4507 3534 4577 quis
3570 4504 3725 4559 orabit

2139 4612 2233 4666 pro
2259 4612 2318 4650 eo
2349 4597 2398 4668 (Ι
2429 4596 2559 4667 Reg.
2589 4595 2645 4653 2.
2669 4595 2804 4666 25)?
2838 4595 2914 4651 lta
2940 4604 2997 4651 ut
3023 4598 3214 4652 vulnus
3239 4598 3366 4653 illud
3398 4615 3465 4653 ne
3490 4597 3723 4652 oratione

2136 4687 2350 4758 quidem
2381 4687 2533 4742 facile
2561 4688 2799 4743 solvatur
2818 4686 3089 4743 :oratione
3110 4688 3324 4758 quidem
3350 4705 3456 4744 non
3484 4688 3720 4749 solvitur,

2136 4782 2232 4837 sed
2266 4782 2585 4838 remissione
2628 4789 2966 4853 peccatorum
3004 4783 3229 4852 proximi
3266 4782 3509 4837 solvitur.
3532 4781 3723 4847 Quam-

2135 4874 2321 4933 obrem
2351 4874 2438 4928 illa
2486 4875 2539 4928 in
2582 4874 2865 4929 Dominum
2891 4884 3110 4946 peccata
3132 4875 3315 4930 decem
3347 4874 3509 4928 millia
3531 4871 3718 4924 talenta

2132 4965 2341 5021 vocavit
2372 4964 2645 5031 Christus,
2685 4965 2803 5020 haec
2827 4981 2954 5021 vero
2993 4975 3207 5021 centum
3236 4965 3481 5020 denarios
3508 4958 3717 5033 (Matth.

2134 5057 2223 5112 18.
2268 5055 2360 5111 25.
2399 5057 2557 5128 sqq.).
2588 5056 2804 5111 Dimitte
2848 5072 2976 5128 ergo
3014 5066 3229 5112 centum
3255 5056 3524 5121 denarios,
3550 5060 3605 5107 nt
3629 5050 3718 5105 de-

2130 5163 2247 5203 cem
2277 5147 2442 5202 millia
2472 5148 2670 5202 talenta
2695 5148 3036 5203 remittantur
3065 5149 3178 5203 tibi.

2198 5239 2257 5292 2.
2284 5238 2389 5293 Sed
2432 5238 2499 5293 de
2526 5240 2768 5294 oratione
2795 5239 3007 5308 quidem
3039 5254 3138 5310 pro
3181 5239 3409 5294 inimicis
3454 5237 3583 5293 satis
3629 5234 3710 5288 lo-

2128 5330 2277 5400 qunti
2315 5344 2535 5394 sumus;
2563 5331 2672 5398 jam
2694 5331 2771 5396 ,si
2802 5331 3008 5399 placet,
3048 5330 3116 5385 ad
3144 5330 3495 5399 proditionem
3526 5324 3708 5380 redea-

2129 5438 2268 5485 mus,
2293 5430 2347 5476 et
2369 5422 2642 5476 videamus
2684 5422 2953 5491 quomodo
2982 5422 3236 5476 Dominus
3263 5430 3445 5475 noster
3471 5416 3703 5488 proditus

2125 5512 2216 5567 sit.
2246 5510 2392 5565 Tunc
2415 5511 2537 5564 abiit
2561 5528 2691 5565 unus
2711 5512 2775 5565 de
2812 5512 3076 5565 duodecim
3094 5551 3110 5577 ,
3134 5511 3303 5565 Iudas
3338 5509 3602 5564 Iscariotes
3622 5503 3701 5555 di-

2124 5613 2269 5669 ctus,
2325 5603 2393 5656 ad
2436 5603 2689 5673 principes
2725 5604 3072 5668 sacerdotum,
3105 5614 3153 5658 et
3194 5603 3352 5668 dixit,
3387 5597 3520 5667 Quid
3560 5594 3700 5649 vultis

2123 5696 2247 5749 mihi
2276 5694 2418 5763 dare,
2438 5704 2482 5749 ct
2509 5712 2597 5765 ego
2623 5696 2757 5750 vobis
2779 5694 2977 5749 tradam
2999 5712 3109 5749 cum
3132 5694 3345 5766 (Matth.
3366 5692 3455 5745 26.
3477 5688 3560 5744 14.
3592 5682 3699 5754 £5)?
