4100 6502
1426 342 1515 397 DE
1556 337 1973 398 PRODITIONE
2008 338 2205 398 ὂυῡιΕ
2269 338 2499 398 HOMIL.
2545 338 2583 397 Ι.
2675 349 2681 355 ‘

1433 1012 1542 1067 ΕΙΣ
1572 1009 1718 1066 ΤΗΝ
1756 1009 2140 1065 ΠΡΟΔΟΣΙΑΝ
2181 1008 2317 1062 ΤΟΥ
2359 1009 2583 1075 ΙΟΥΔΑ,

386 1362 497 1422 Καὶ
541 1362 629 1428 εις
660 1360 724 1416 τὸ
752 1356 986 1429 Πάσχα,
1019 1357 1115 1412 καὶ
1152 1358 1236 1423 εὶς
1278 1354 1392 1425 τὴν
1423 1351 1761 1424 παράδοσιν
1788 1347 1906 1402 τῶν
1935 1346 2306 1416 μυστηρίων,
2339 1345 2433 1400 καὶ
2464 1344 2594 1415 περὶ
2617 1345 2743 1426 ,τοῦ
2784 1344 2868 1416 μὴ
2907 1348 3325 1417 μνησικακεῖν.
3376 1346 3456 1421 Τῇ
3502 1349 3642 1423 ἁγίᾳ

1658 1440 1756 1497 καὶ
1789 1435 2025 1511 μεγάλῃ
2062 1437 2322 1509 Πέμπτῃ.

1030 1977 1261 2047 ὐιιιλία
1291 1980 1367 2029 α’.

455 2069 524 2125 α’.
541 2069 723 2138 Ὀλίγα
744 2067 954 2139 ἀνάγκη
984 2067 1049 2141 σή
1059 2085 1124 2140 με
1133 2085 1222 2140 ρον
1244 2065 1380 2140 πρὸς
1402 2063 1499 2138 τὴν
1523 2064 1796 2138 ὑμετέραν
1814 2061 1953 2131 ἀγά-

384 2171 494 2225 πην
533 2155 707 2208 εἰπεῖν
727 2170 742 2185 ο
773 2152 928 2222 ὀλίγα
963 2151 1019 2206 δὲ
1050 2152 1263 2225 ἀνάγκη
1304 2153 1497 2217 εἰπεῖν,
1532 2150 1633 2204 οὐκ
1664 2148 1848 2220 ἐπειδὴ
1880 2147 1957 2217 τῷ

384 2237 579 2309 πλήθει
618 2235 726 2289 τῶν
767 2233 1077 2306 λεγομένοιν
1118 2235 1274 2305 ὑμεῖς
1308 2232 1641 2306 βαρύνεσθε·
1685 2231 1806 2285 οὐδὲ
1848 2229 1957 2302 γάρ

384 2321 534 2375 ἔστιν
566 2320 754 2390 ἑτέραν
792 2317 943 2371 πόλιν
973 2318 1151 2390 εὑρεῖν
1180 2317 1352 2382 οὕτως
1381 2315 1661 2388 ἐρωτικῶς
1694 2314 1831 2386 πρὸς
1859 2313 1957 2384 τὴν

380 2404 643 2475 ἀκρόασιν
683 2401 790 2455 τῶν
826 2401 1204 2472 πνευματικῶν
1234 2394 1433 2469 ’λογίων
1468 2398 1835 2469 διακειμένην.
1881 2396 1955 2449 O6

381 2488 561 2542 τοίνυν
589 2486 677 2540 διὰ
708 2484 866 2539 τοῦτο
893 2484 1050 2552 ὀλίγα
1086 2483 1312 2554 λέγομεν
1331 2524 1347 2548 ,
1376 2481 1562 2553 ἐπειδὴ
1592 2480 1958 2550 ἀποκναίομεν

382 2571 527 2642 ὑμᾶς
557 2570 634 2641 τῷ
660 2569 871 2640 πλήθει.
903 2566 1020 2622 ἀλλ’
1046 2566 1231 2637 ἐπειδὴ
1262 2564 1535 2635 ἀναγκαία
1563 2565 1663 2636 τῆς
1699 2562 1961 2636 βραχυλο-

382 2654 505 2722 γίας
532 2655 769 2724 σήμερον
792 2654 825 2723 ή
859 2650 1009 2706 αἰτία
1030 2666 1043 2681 ⁶
1073 2651 1166 2704 καὶ
1194 2650 1301 2721 γὰρ
1331 2649 1444 2721 ὁρῶ
1473 2649 1698 2712 πολλοὺς
1722 2648 1830 2701 τῶν
1868 2664 1961 2700 πι-

384 2735 524 2790 στῶν
547 2734 931 2805 ἐπειγομένους
954 2733 1088 2805 πρὸς
1117 2731 1214 2804 τὴν
1235 2733 1343 2788 τῶν
1372 2732 1612 2809 φρικτῶν
1645 2730 1959 2807 μυστηρίων

382 2817 683 2872 κοινωνίαν.
723 2817 817 2873 Ἴν“
850 2812 943 2874 οὖν
979 2816 1104 2889 μήτ’
1137 2817 1350 2889 ἐκείνης
1382 2819 1478 2888 τῆς
1509 2818 1788 2890 τραπέζης
1826 2819 1959 2872 ἀπο-

379 2901 603 2972 τύχωσι,
637 2903 774 2975 μήτε
806 2901 1010 2972 ταύτης
1044 2902 1365 2968 ἐκπέσωσιν,
1401 2904 1613 2972 ἀνάγκη
1648 2900 1957 2973 σύμμετρον

382 2987 709 3058 ποιήσασθαι
749 2984 849 3058 τὴν
901 2985 1161 3048 ἑστίασιν,
1214 2988 1280 3040 ἵν’
1328 2984 1663 3056 ἑκατέρωθεν
1717 2986 1846 3055 ὑμῖν
1897 2985 1958 3039 τὸ

383 3070 572 3141 κέρδος
605 3070 862 3142 γένηται,
907 3069 999 3124 καὶ
1038 3068 1191 3142 [377]
1229 3067 1335 3122 ἀπὸ
1381 3068 1580 3138 ταύτης
1622 3067 1959 3136 ἐφοδιασθέν-

379 3170 470 3217 τες
485 3154 579 3207 καὶ
601 3151 709 3207 τῶν
738 3154 866 3224 παρ’
891 3153 1045 3222 ἡμῶν
1072 3152 1245 3220 λόγων
1265 3165 1313 3215 α,
1340 3150 1508 3214 οὓτως
1540 3150 1830 3223 ἀπέλθητε,
1863 3151 1958 3204 καὶ

383 3235 521 3305 μετά
558 3234 720 3303 φόϐου
755 3236 851 3289 καὶ
879 3233 1080 3305 τρόμου
1118 3235 1213 3288 καὶ
1242 3233 1340 3300 τῆς
1380 3232 1763 3305 προσηκούσης
1802 3234 1957 3287 εὐλα-

382 3318 533 3381 6είας
557 3320 622 3389 τῇ
662 3317 868 3388 φοϐερᾷ
891 3317 985 3370 καὶ
1015 3318 1216 3389 φρικτῇ
1254 3316 1583 3388 προσέλθητε
1610 3318 1883 3390 κοινωνίᾳ.

452 3402 721 3472 Σήμερον,
758 3401 1052 3471 ἀγαπητοὶ,
1085 3401 1112 3453 ὀ
1147 3400 1348 3472 Κύριος
1396 3400 1554 3471 ήμῶν
1591 3401 1797 3472 Ἰησοῦς
1825 3403 1959 3472 Χρι-

383 3483 505 3548 στὸς
540 3483 812 3555 παρεδόθη
836 3501 848 3514 ο
875 3486 941 3555 τῇ
981 3483 1089 3555 γάρ
1136 3483 1365 3556 ἐπιούσῃ
1411 3482 1619 3554 ἑσπέρᾳ
1639 3483 1828 3554 ταύτῃ,
1863 3483 1960 3537 λα-

380 3568 565 3630 ϐόντες
610 3567 791 3631 αὑτὸν,
828 3566 1064 3636 ἀπῆλθον
1094 3567 1144 3618 οἱ
1189 3566 1450 3620 Ἰουδαῖοι.
1494 3566 1654 3620 Ἀλλὰ
1697 3568 1772 3638 μὴ
1827 3567 1959 3639 γένῃ

383 3649 653 3721 κατηφὴς,
697 3649 934 3712 ἀκούσας
983 3650 1064 3702 ὅτι
1105 3648 1311 3718 Ἰησοῦς
1356 3649 1659 3719 παρεδόθη·
1687 3648 1960 3720 μᾶλλονδὲ

380 3733 537 3802 γενοῦ
563 3732 833 3803 κατηφὴς,
878 3733 970 3786 καὶ
1004 3730 1235 3785 κλαῦσον
1273 3731 1508 3803 πικρῶς,
1531 3731 1667 3785 ἀλλά
1696 3732 1770 3802 μὴ
1816 3731 1959 3801 ὑπὲρ

379 3816 474 3871 τοῦ
528 3816 920 3889 παραδοθέντος
972 3813 1166 3885 Ἰησοῦ,
1216 3814 1330 3868 ἀλλ’
1383 3816 1522 3885 ὑπὲρ
1557 3815 1652 3868 τοῦ
1699 3815 1955 3888 προδότου

391 3900 581 3953 Ἰούδα.
628 3899 684 3954 '0
709 3900 808 3971 μὲν
844 3899 953 3971 γὰρ
998 3896 1324 3968 παραδοθεὶς
1352 3897 1449 3969 τὴν
1474 3897 1794 3968 οἰκουμένην
1822 3896 1958 3950 ἐσω-

382 4001 494 4049 σεν,
518 3985 548 4036 6
570 3984 627 4037 δὲ
658 3983 886 4056 προδοὺς
921 3983 1019 4054 τὴν
1056 3980 1250 4036 ἐαυτοῦ
1281 3981 1459 4052 ψυχὴν
1491 3980 1768 4036 ἀπώλεσεο
1804 3981 1896 4034 καὶ
1927 3981 1956 4033 6

384 4066 484 4138 μὲν
514 4066 791 4137 προδοθεὶς
840 4068 897 4119 ἐν
939 4066 1089 4137 δεξιᾷ
1123 4065 1355 4138 κάθηται
1391 4065 1485 4120 τοῦ
1524 4065 1735 4136 Πατρὺς
1760 4066 1817 4118 ἐν
1843 4065 1956 4128 τοῖς

378 4150 648 4222 οὐρανοῖς,
666 4149 764 4204 6δέ
778 4148 1052 4219 παραδοὺς
1077 4150 1134 4202 ἐν
1164 4148 1291 4220 ᾆδον
1312 4148 1407 4203 νῦν
1437 4148 1689 4218 ἐστι,τὴν
1720 4146 1957 4219 ἀπαραί-

380 4248 540 4304 τητον
559 4231 841 4302 ἀναμένων
866 4232 1108 4286 κόλασιν.
1143 4231 1245 4285 Διά
1274 4232 1460 4287 τοῦτον
1484 4227 1576 4287 οῦν
1610 4232 1842 4287 κλαῦσον
1863 4232 1955 4286 καὶ

383 4314 656 4379 στέναξον,
682 4314 769 4368 διὰ
800 4313 987 4368 τοῦτον
1018 4312 1302 4386 πένθησον,
1345 4314 1530 4385 ἐπειδὴ
1561 4314 1656 4368 καὶ
1686 4315 1714 4369 6
1748 4315 1954 4368 Δεσπό-

378 4414 480 4470 της
520 4397 675 4469 ήμῶν
722 4398 810 4452 διὰ
846 4396 1032 4452 τοῦτον
1071 4398 1383 4469 ἐδάκρυσεν.
1428 4398 1585 4454 Ἰδὼν
1613 4400 1723 4469 γὰρ
1747 4399 1952 4463 αὐτὸν,

380 4480 565 4551 φησὶν,
585 4480 881 4551 ἐταράχθη
898 4481 995 4535 καὶ
1012 4476 1201 4535 εἷπε-ν’
1222 4476 1328 4548 Εἷς
1341 4481 1410 4546 ἐξ
1427 4479 1595 4551 ὑμῶν
1616 4481 1955 4550 παραδώσει

374 4581 470 4633 με.
502 4564 567 4616 Ὢ
597 4565 736 4635 πόση
759 4563 1130 4635 εύσπλαγχνία
1157 4563 1250 4617 τοῦ
1284 4563 1587 4617 Δεσπότουί
1620 4565 1647 4618 6
1671 4564 1953 4635 προδοθεὶς

380 4646 522 4717 ὑπὲρ
542 4646 635 4700 τοῦ
662 4646 950 4718 προδόντος
981 4648 1152 4716 ἀλγεῖ.
1186 4646 1353 4703 Ἰδὼν
1369 4645 1479 4719 γὰρ
1505 4648 1708 4713 αὐτὸν,
1748 4648 1955 4717 ἐταρά-

366 4725 517 4797 .χθη,
542 4728 696 4799 φησι,
727 4728 826 4784 καὶ
848 4725 1043 4784 εἶπεν·
1074 4725 1180 4796 Εἷς
1202 4730 1273 4794 ἐξ
1302 4729 1468 4800 ὑμῶν
1495 4728 1830 4799 παραδώσει
1852 4748 1948 4801 με.

379 4809 534 4874 Τίνος
553 4810 738 4865 ἕνεκεν
768 4810 1077 4882 ἠθύμησενς
1111 4811 1275 4883 Ὀμοῦ
1315 4814 1408 4867 καὶ
1440 4812 1538 4885 τὴν
1573 4812 1953 4886 φιλοστοργίαν

377 4892 477 4965 τὴν
508 4893 702 4949 ἑαυτοῦ
738 4891 1201 4963 ἐπιδεικνύμενος,
1244 4895 1336 4949 καὶ
1371 4896 1636 4951 διδάσκων
1663 4898 1832 4970 ἡμᾶς,
1869 4898 1950 4952 ὅτι

376 4974 439 5027 66
463 4974 553 5029 τὸν
579 4976 856 5048 πάσχοντα
893 4978 1098 5042 κακῶς,
1134 4977 1269 5032 ἀλλά
1311 4982 1401 5034 τὸν
1438 4981 1694 5035 ποιοῦντα
1743 4980 1948 5047 κακῶς,

374 5056 562 5112 τοῦτον
592 5058 806 5132 θρηνεῖν
845 5060 1119 5130 πανταχοῦ
1148 5062 1374 5118 δίκαιον.
1405 5063 1574 5118 Τοῦτο
1608 5065 1715 5136 γὰρ
1741 5067 1947 5121 ἐκείνου

376 5144 574 5213 χεῖρον,
604 5144 804 5215 μᾶλλον
834 5144 892 5199 δὲ
922 5147 1097 5200 ἐκεῖνο
1129 5148 1227 5217 μὲν
1251 5148 1312 5201 ού
1339 5149 1523 5213 κακὸν,
1555 5148 1617 5202 τὸ
1638 5151 1822 5214 κακῶς
1847 5169 1949 5204 πα-

374 5224 508 5289 θεῖν,
542 5226 708 5281 κακὸν
727 5227 784 5281 δὲ
807 5228 868 5282 τὸ
903 5229 1125 5299 ποιῆσαι
1157 5229 1361 5294 κακῶς.
1393 5231 1466 5284 Τὸ
1498 5232 1597 5303 μέν
1622 5232 1728 5304 γάρ
1764 5234 1949 5299 κακῶς

375 5306 587 5375 παθεῖν,
618 5308 715 5381 τὴν
744 5310 1019 5379 βασιλείαν
1064 5311 1172 5365 τῶν
1218 5312 1458 5385 οὐρανῶν
1496 5315 1773 5385 προξενεῖ,
1811 5313 1963 5373 τδδέ

375 5388 560 5454 κακῶς
587 5392 808 5462 ποιῆσαι
837 5393 1007 5447 αῖτιον
1026 5395 1158 5465 ἡμῖν
1176 5394 1275 5466 τῆς
1294 5395 1516 5467 γεέννης
1541 5399 1633 5452 καὶ
1659 5398 1757 5469 τῆς
1788 5400 1947 5456 κολά-

376 5488 513 5535 σεως
537 5473 765 5540 γίνεται.
813 5476 1099 5547 Μακάριοι
1123 5477 1251 5548 γὰρ,
1285 5479 1466 5549 φησὶν,
1494 5481 1546 5533 οι
1572 5478 1947 5551 δεδιωγμένοι

372 5553 580 5608 ἕνεκεν
603 5554 1012 5627 δικαιοσύνης,
1042 5561 1131 5614 ὅτι
1170 5560 1369 5622 αὐτῶν
1401 5561 1573 5617 ἐστιν
1594 5565 1633 5633 ἡ
1656 5563 1944 5629 ,βασιλεία

436 5751 467 5783 ⁸
488 5751 567 5803 Sic
582 5766 698 5805 mss.
726 5755 854 5806 Edil.
882 5770 997 5807 vero
1015 5759 1185 5819 λογίων

2064 2057 2181 2111 τῶν
2211 2057 2499 2128 οιῗζρανῶν.
2546 2060 2704 2131 Ὀρᾷς
2739 2060 2854 2126 πῶς
2878 2061 2940 2116 τὸ
2969 2062 3154 2126 κακῶς
3182 2062 3370 2119 παθεῖν
3401 2066 3512 2138 ἔχει
3553 2085 3640 2138 μι-

2065 2142 2188 2196 σθὸν
2218 2144 2311 2196 καὶ
2332 2142 2561 2195 ἔπαθλον
2604 2142 2703 2214 τὴν
2717 2143 2987 2214 βασιλείαν
3010 2146 3119 2200 τῶν
3150 2146 3426 2219 οὐρανῶν;
3453 2152 3638 2205 Ἀκου-

2066 2243 2156 2279 σον
2185 2224 2299 2289 πῶς
2329 2225 2388 2278 τὸ
2421 2224 2607 2290 κακῶς
2646 2226 2867 2299 ποιῆσαι
2907 2228 3125 2283 κόλασιν
3168 2229 3326 2301 φέρει
3354 2232 3447 2286 καὶ
3472 2250 3641 2303 τιμω-

2068 2309 2206 2379 ρίαν.
2235 2307 2415 2362 Εἰπὼν
2433 2309 2542 2381 γὰρ
2573 2312 2602 2364 6
2631 2311 2843 2375 Παῦλος
2886 2312 3015 2383 περὶ
3068 2311 3179 2366 τῶν
3242 2313 3528 2381 Ἰουδαίων,
3558 2317 3665 2371 ὅτι·

2070 2390 2179 2444 Τὸν
2207 2392 2429 2459 Κύριον
2442 2391 2817 2460 ἀπέκτειναν,
2849 2395 2949 2450 καὶ
2980 2394 3122 2462 τοὺς
3142 2395 3449 2465 προφήτας
3474 2397 3640 2452 ἐδίω-

2064 2474 2197 2539 ξαν,
2222 2475 2500 2545 ἐπήγαγεν
2521 2494 2534 2508 -
2566 2472 2682 2531 Ὦν
2704 2478 2770 2533 τὸ
2802 2477 2978 2545 τέλος
3033 2479 3205 2533 ἔσται
3232 2479 3382 2534 κατὰ
3404 2481 3475 2535 τὰ
3497 2480 3641 2551 ἔργα

2063 2558 2281 2614 αὐτῶν.
2322 2555 2477 2623 Εἶδες
2506 2560 2623 2623 πῶς
2651 2563 2699 2615 οῖ
2744 2563 2842 2634 μὲν
2875 2563 3193 2637 διωκόμενοι
3229 2562 3332 2633 τὴν
3364 2565 3639 2637 βασιλείαν

2063 2640 2450 2716 λαμϐάνουσιν,
2466 2646 2515 2697 οῖ
2534 2643 2591 2697 δὲ
2609 2639 2896 2710 διώκοντες
2908 2636 3009 2717 τὴν
3020 2643 3191 2717 ὀργὴν
3212 2636 3608 2721 κληρονομοῦσι
3623 2668 3637 2712 ;

2064 2728 2247 2786 Ταῦτα
2276 2726 2334 2786 δέ
2366 2750 2453 2804 μοι
2486 2733 2583 2803 οὐχ
2633 2733 2818 2798 ἁπλῶς
2851 2731 2944 2786 νῦν
2998 2735 3232 2806 εἴρηται,
3272 2734 3388 2788 ἀλλ’
3436 2735 3523 2788 ῖνα
3567 2734 3642 2805 μὴ

2064 2817 2176 2879 τοῖς
2207 2813 2421 2887 ἐχθροῖς
2453 2815 2824 2887 ὀργιζώμεθα,
2852 2817 2969 2870 ἀλλ’
3016 2817 3256 2889 ἐλεῶμεν
3315 2819 3511 2882 αὐτοὺς
3550 2821 3642 2871 καὶ

2065 2897 2354 2969 θρηνῶμεν
2380 2899 2474 2952 καὶ
2509 2899 2861 2970 συναλγῶμεν
2890 2901 3074 2964 αὐτοῖς
3093 2918 3106 2933 ⁸
3137 2902 3332 2955 ἐκεῖνοι
3365 2901 3471 2972 γάρ
3506 2902 3642 2954 εἰσιν

2063 2982 2113 3034 οῖ
2138 2981 2321 3044 κακῶς
2349 2981 2668 3051 πάσχοντες,
2701 2983 2750 3034 οί
2776 2982 3147 3055 ἐχθραίνοντες
3179 2986 3328 3055 ἡμῖν.
3366 2985 3463 3038 Ἂν
3500 2985 3643 3038 οὕτω

2066 3064 2570 3137 παρασκευάσωμεν
2609 3066 2708 3136 τὴν
2747 3065 2922 3136 ψυχὴν
2961 3068 3059 3138 τὴν
3088 3068 3381 3138 ἡμετέραν,
3413 3067 3639 3139 δυνησό-

2068 3146 2206 3217 μεθα
2237 3148 2417 3201 αὐτῶν
2438 3149 2532 3201 καὶ
2565 3147 2979 3219 ύπερεύχεσθαι.
3002 3147 3102 3223 Διά
3131 3148 3238 3219 γὰρ
3268 3149 3426 3203 τοῦτο
3450 3149 3639 3220 τετάρ-

2063 3248 2165 3301 την
2193 3231 2402 3302 ήμέραν
2431 3229 2635 3301 ταύτην
2672 3230 2780 3301 ἔχω
2817 3230 3195 3301 διαλεγόμενος
3234 3233 3361 3301 ὑμῖν
3392 3234 3519 3302 περὶ
3552 3235 3641 3285 εύο

2063 3314 2166 3386 χῆς
2189 3314 2330 3386 ὑπὲρ
2356 3314 2465 3367 τῶν
2490 3312 2715 3386 ἐχθρῶν,
2752 3313 2838 3368 ἵνα
2899 3304 3123 3385 μόνιμος
3169 3315 3390 3386 γένηται
3430 3317 3528 3387 τῆς
3564 3316 3640 3369 δι-

2060 3397 2354 3463 δασκαλίας
2374 3400 2402 3452 6
2440 3398 2615 3465 λόγος,
2650 3399 2716 3468 τῇ
2744 3398 2992 3469 συνεχείᾳ
3021 3398 3123 3467 τῆς
3152 3398 3527 3469 παραινέσεως
3554 3402 3640 3470 ρι-

2061 3479 2275 3544 ζωθείς.
2310 3480 2408 3532 Διά
2435 3479 2594 3533 τοῦτο
2623 3479 2873 3549 συνεχῶς·
2898 3480 3272 3551 ἀπαντλοῦμαι
3313 3482 3426 3545 τοῖς
3456 3482 3638 3552 ῥήμα-

2063 3579 2167 3626 σιν,
2219 3562 2360 3617 ὥστε
2411 3563 2471 3617 τὸ
2516 3562 2715 3634 οἴδημα
2761 3566 2860 3634 τῆς
2906 3564 3075 3634 ὀργῆς
3118 3564 3498 3636 ύπονοστῆσαι,
3544 3569 3638 3620 καὶ

2060 3646 2461 3717 καταπαλῆναι
2497 3647 2599 3719 τὴν
2651 3646 2976 3717 φλεγμονὴν,
3020 3646 3160 3701 ὥστε
3192 3647 3432 3720 καθαρὸν
3470 3650 3638 3721 ὀργῆς

2059 3724 2198 3781 εἷναι
2229 3730 2321 3782 τὸν
2344 3731 2475 3801 εὐχῇ
2525 3731 2833 3802 προσιόντα.
2881 3729 3015 3784 Ούδὲ
3040 3724 3148 3801 γάρ
3180 3733 3207 3785 6
3234 3731 3471 3803 Χριστὸς
3497 3732 3639 3803 ὑπὲρ

2058 3809 2167 3862 τῶν
2195 3811 2403 3881 ἐχθρῶν
2457 3812 2627 3865 ταῦτα
2677 3812 2948 3883 παρῄνεσε
2997 3814 3175 3883 μόνον,
3209 3816 3345 3870 ἀλλά
3375 3818 3468 3870 καὶ
3497 3818 3639 3889 ὑπὲρ

2059 3892 2215 3963 ήμῶν
2241 3893 2351 3946 τῶν
2407 3893 2672 3961 ἀφιέντων
2718 3895 2945 3958 ἐκείνοις
2979 3895 3047 3949 τὰ
3077 3898 3485 3969 ἁμαρτήματαο
3520 3903 3639 3970 μεί-

2059 3972 2186 4037 ζονα
2208 3974 2315 4045 γὰρ
2353 3975 2648 4046 λαμϐάνεις
2695 3976 2727 4047 ἢ
2780 3977 2956 4041 δίδως,
2994 3979 3175 4047 ἀφιεὶς
3198 3979 3296 4051 τὴν
3330 3980 3500 4053 ὀργὴν
3557 3983 3636 4055 τῷ

2057 4055 2255 4127 ἐχθρῷ.
2317 4057 2425 4109 Καὶ
2489 4056 2605 4121 πῶς
2662 4057 2881 4127 μείζονα
2930 4058 3219 4131 λαμϐάνω;
3272 4063 3456 4134 φησίν.
3509 4064 3634 4120 Ἐὰν

2057 4140 2274 4211 ἀφήσῃς
2302 4138 2372 4194 τὰ
2390 4141 2469 4204 εἰς
2499 4140 2589 4194 τὸν
2615 4141 2805 4212 ἐχθρὸν
2837 4144 3231 4216 ἁμαρτήματα,
3272 4150 3632 4218 συγχωρεῖταί

2058 4239 2140 4275 σοι
2176 4222 2245 4274 τὰ
2297 4225 2377 4281 εἰς
2426 4222 2516 4276 τὸν
2562 4225 2838 4295 Δεσπότην
2887 4226 3352 4301 πλημμελήματα.
3422 4231 3633 4287 Ἐκεῖνα

2056 4304 2248 4359 ἁνίατά
2272 4306 2375 4358 είσι
2401 4306 2494 4358 καὶ
2519 4305 2668 4377 [578]
2695 4308 3276 4377 ἀσύγγνωστα⁸ταῦτα
3294 4313 3492 4386 πολλὴν
3519 4314 3631 4385 ἔχει

2060 4389 2409 4460 παραμυθίαν
2434 4391 2527 4443 καὶ
2560 4390 2906 4464 συγγνώμην.
2939 4395 3203 4449 ’Ἄκουσον
3232 4397 3363 4466 γοῦν
3381 4398 3475 4452 τοῦ
3513 4400 3630 4454 1m

2057 4470 2303 4540 λέγοντος
2330 4473 2466 4542 πρὸς
2491 4474 2618 4536 τοὺς
2680 4474 2829 4538 υἱοὺς
2866 4476 3029 4531 αὑτοῦ
3054 4493 3070 4508 ⁸
3110 4479 3253 4535 Ἐὰν
3278 4481 3632 4551 ἁμαρτάνων

2057 4553 2287 4625 ἁμάρτῃ
2325 4555 2632 4624 ἄνθρωπος
2651 4561 2737 4625 εἰς
2777 4560 3109 4629 ἄνθρωπον,
3134 4563 3231 4618 καὶ
3261 4568 3629 4634 προσεύξον-

2054 4654 2149 4693 ται
2180 4638 2309 4707 περὶ
2324 4640 2510 4695 αὑτοῦ
2527 4657 2542 4672 ’
2571 4642 2680 4697 ἐὰν
2701 4642 2771 4695 δὲ
2785 4646 2873 4710 εις
2890 4645 3038 4700 Θεὸν
3058 4646 3308 4717 ἁμάρτῃ,
3336 4651 3425 4717 τίς
3445 4667 3629 4719 ⁶προσ-

2052 4722 2443 4806 εύξεταιῗπερζ
2489 4725 2712 4790 αὑτοῦ;
2740 4726 2903 4782 Ὥστε
2937 4731 3109 4784 ἐκεῖνο
3150 4732 3211 4785 τὸ
3256 4734 3474 4806 τραῦμα
3505 4735 3627 4790 οὔτε

2053 4804 2200 4889 εύχῇἶ
2217 4805 2412 4877 ῥᾳδίως
2435 4805 2655 4862 λύεται·
2680 4809 2812 4881 εὐχῇ
2847 4812 2948 4882 μὲν
2969 4813 3030 4867 o6
3059 4813 3262 4881 λύεται,
3283 4804 3631 4889 συγχωρήσειν

2051 4887 2109 4941 δὲ
2136 4888 2244 4943 τῶν
2283 4890 2698 4961 ἁμαρτημάτων
2743 4893 2851 4945 τῶν
2905 4897 2984 4958 εἰς
3015 4895 3107 4949 τὸν
3138 4898 3362 4969 πλησίον
3387 4887 3623 4957 λέλυται.

2052 4969 2144 5055 Διὸ
2177 4972 2361 5055 ἐκεῖνα
2395 4973 2495 5043 μὲν
2544 4973 2713 5045 μύρια
2759 4975 2999 5030 τάλαντα
3026 4977 3283 5033 ἐκάλεσεν
3315 4983 3344 5034 6
3369 4984 3625 5055 Χριστὸς,

2052 5052 2120 5106 τὰ
2156 5055 2237 5118 εἰς
2270 5054 2361 5108 τὸν
2390 5055 2667 5126 Δεσπότην
2706 5057 3074 5129 ἁμαρτήματα
3093 5076 3106 5090 ’
3139 5062 3312 5117 ταῦτα
3339 5064 3395 5119 δέ
3423 5052 3626 5122 *ἑκατὸν

2051 5134 2498 5224 δηνάρια-Ἄφες
2536 5133 2629 5192 οῦν
2680 5140 2885 5193 ικατὸν.
2904 5141 3153 5215 δηνάρια,
3201 5145 3288 5201 ἵνα
3329 5149 3502 5224 ἀφεθῇ
3544 5169 3626 5207 σοι

2053 5218 2222 5290 μύρια
2251 5219 2512 5274 τάλαντα.

2121 5345 2369 5434 β’ςΑλλά
2381 5346 2449 5403 τὰ
2469 5348 2568 5420 μὲν
2583 5350 2709 5434 περὶ
2723 5350 2822 5421 τῆς
2836 5352 3002 5424 εύχ-ἧς
3016 5356 3117 5429 τῆς
3140 5358 3279 5431 ὑπὲρ
3294 5359 3402 5416 τῶν
3417 5361 3624 5434 ἐχθρῶν

2053 5430 2526 5513 ίκανῶςεῐρηταιβ
2559 5433 2659 5489 ἐπὶ
2696 5434 2754 5488 δέ
2793 5437 2883 5491 τὸν
2913 5437 3013 5510 τῆς
3037 5430 3352 5513 προδοσίας,
3383 5430 3620 5507 εἰδοκεῖ.

2048 5511 2432 5598 ἐπανέλθωμεν
2460 5515 2637 5585 λόγον,
2671 5519 2764 5572 καὶ
2799 5519 2997 5592 ἴδωμεν
3023 5511 3141 5588 πῶς
3172 5525 3441 5598 παρεδόθη
3462 5530 3494 5598 ἡ
3504 5528 3621 5597 μῶν

2046 5596 2075 5647 6
2099 5598 2394 5668 Δεσπότης.
2430 5600 2567 5654 Τότε
2610 5605 2922 5672 πορευθεὶς
2940 5601 3028 5673 εἷς
3054 5607 3173 5663 τῶν
3199 5596 3443 5676 δώδεκα,
3479 5596 3617 5666 Ἰού-

2048 5679 2158 5764 δας
2184 5683 2217 5735 ὁ
2236 5682 2556 5764 λεγόμενος
2572 5684 2958 5755 Ἰσκαριώτης,
2976 5690 3125 5756 πρὸς
3149 5693 3287 5759 τοὺς
3309 5694 3614 5764 ἀρχιερεῖς.

2048 5756 2205 5816 εἶπε·
2234 5763 2295 5818 Τί
2319 5761 2522 5819 θέλετέ
2542 5784 2644 5834 μοι
2676 5767 2904 5835 δοῦναι,
2936 5771 3093 5843 κάγὼ
3122 5756 3620 5847 ὐμῒννπαριιδώσιδ
