4100 6424
381 310 488 368 375

383 425 450 479 Et
477 423 686 481 videtur
725 424 945 495 quidem
969 425 1018 481 id
1047 427 1188 497 quod
1216 427 1413 484 dictum
1449 439 1531 484 est
1570 430 1773 485 clarum
1796 444 1916 487 esse
1940 473 1955 497 ,

380 512 620 584 nihilque
662 516 891 586 amplius
937 517 1304 584 subindicare;
1336 517 1430 572 sed
1473 519 1519 573 si
1568 520 1688 589 quis
1716 528 1962 575 accurate

378 605 607 675 singula,
632 623 753 677 quae
791 607 932 662 dicta
959 616 1098 673 sunt,
1129 610 1419 675 examinet,
1450 625 1696 680 magnam
1724 612 1962 680 prrebent

376 699 775 768 contemplandi
796 701 1093 764 materiam,
1119 703 1444 771 multamque
1463 717 1718 758 sensuum
1744 701 1965 772 profun-
2006 740 2014 746 .

377 787 622 843 ditatem.
655 789 832 844 Primo
854 797 1062 859 tempus
1082 791 1530 846 considerandum
1553 802 1652 847 est.
1674 791 1791 847 Non
1820 792 1962 847 enim

383 881 698 950 simpliciter
726 882 854 936 illud
897 882 1095 936 indicat
1120 882 1480 953 evangelista;
1513 900 1684 953 neque
1710 883 1852 938 enim
1877 883 1962 937 di-

382 972 462 1026 xit
489 972 658 1026 solum
680 1015 696 1040 ,
727 972 896 1041 Abiit,
923 973 1016 1028 sed
1045 973 1274 1044 adjecit,
1307 973 1447 1029 Tunc
1490 975 1633 1030 abiit.
1658 973 1839 1029 Tunc?
1877 975 1965 1029 die

382 1068 514 1123 mihi
542 1067 879 1137 quandonam
903 1108 919 1135 ,
950 1078 1004 1123 et
1026 1083 1253 1138 quanam
1279 1069 1347 1123 de
1371 1084 1531 1124 causa
1564 1079 1772 1137 tempus
1819 1068 1960 1123 indi-

382 1158 506 1213 cet?
534 1159 659 1229 quid
686 1174 771 1213 me
791 1159 987 1215 docere
1014 1160 1127 1213 vult
1156 1158 1180 1212 ?
1208 1159 1322 1214 Non
1353 1160 1496 1215 enim
1542 1168 1745 1215 temere
1764 1159 1962 1214 dictum

383 1258 471 1304 est
493 1248 620 1303 illud
642 1291 658 1316 ,
687 1258 807 1304 tunc
839 1266 857 1303 :
883 1249 1142 1319 siquidem
1172 1265 1293 1305 cum
1318 1249 1521 1319 Spiritu
1556 1258 1734 1305 motus
1780 1250 1968 1319 loque-

387 1352 554 1407 retur,
583 1357 681 1397 nec
709 1351 911 1396 temere
940 1356 1038 1396 nec
1059 1341 1250 1395 frustra
1276 1341 1611 1410 loquebatur.
1636 1339 1773 1408 Quid
1805 1340 1966 1411 igitur

386 1442 468 1488 est
498 1433 645 1499 illud,
677 1433 833 1486 tunc?
863 1434 999 1487 Ante
1026 1432 1154 1487 illud
1187 1443 1427 1502 tempus,
1456 1442 1580 1489 ante
1610 1433 1750 1488 illam
1778 1432 1964 1488 horam

386 1526 610 1580 accessit
637 1526 888 1578 meretrix
921 1524 1241 1579 alabastrum
1271 1525 1523 1595 unguenti
1550 1524 1772 1590 habens,
1804 1534 1858 1580 et
1883 1523 1964 1580 ef-

390 1614 524 1670 fudit
551 1615 723 1668 oleum
780 1614 906 1668 illud
932 1628 1093 1684 super
1118 1624 1275 1683 caput
1323 1614 1554 1670 Domini.
1606 1614 1845 1685 Magnam
1875 1629 1966 1670 cu-

389 1723 502 1762 ram
548 1706 809 1773 oslendit,
843 1707 1095 1776 grandem
1125 1707 1280 1761 ﬁdem
1299 1746 1317 1771 ,
1346 1707 1568 1761 multam
1598 1706 1952 1762 obedientiam

388 1815 451 1853 ac
478 1801 746 1870 pietatem;
776 1800 1005 1868 priorem
1034 1800 1191 1853 vitam
1222 1800 1478 1866 mutavit,
1508 1798 1640 1854 facta
1667 1810 1748 1855 est
1779 1800 1968 1854 melior

387 1897 443 1942 et
509 1888 907 1955 temperantior.
961 1888 1027 1942 Et
1095 1888 1307 1958 quando
1375 1892 1627 1944 meretrix
1705 1890 1964 1960 resipuit,

389 1983 600 2046 quando
622 1979 719 2032 sibi
748 1979 1026 2033 Dominum
1057 1980 1316 2046 attraxit,
1352 1989 1478 2035 tunc
1516 1980 1808 2050 discipulus
1857 1998 1969 2037 ma-

389 2070 609 2139 gistrum
654 2069 905 2140 prodidit.
942 2070 1064 2124 Ideo
1093 2070 1245 2133 dixit,
1279 2080 1416 2137 tunc,
1449 2086 1516 2126 ne
1557 2072 1866 2141 magistrum
1889 2072 1970 2126 in-

391 2160 657 2214 ﬁrmitatis
706 2175 1018 2225 accusares,
1071 2161 1157 2235 ubi
1206 2163 1416 2217 videres
1469 2178 1589 2217 eum
1634 2179 1665 2218 a
1711 2163 1969 2232 discipulo

388 2250 562 2321 prodi.
588 2250 751 2304 Tanta
795 2251 934 2305 enim
965 2251 1044 2305 vis
1072 2260 1183 2305 erat
1212 2253 1485 2322 magistri,
1511 2263 1567 2307 ut
1593 2254 1752 2308 etiam
1796 2269 1971 2309 merc-

392 2340 550 2395 trices
573 2341 638 2395 ad
669 2342 1066 2411 obsequendum
1094 2343 1195 2397 sibi
1229 2345 1578 2412 pertraheret.

462 2428 601 2484 Deus
624 2448 724 2484 non
747 2432 1032 2485 necessitate
1053 2434 1295 2499 pertraltit
1315 2434 1383 2486 ad
1406 2434 1590 2504 bonum
1611 2437 1881 2507 agendam.
1902 2465 1972 2477 —

391 2520 529 2587 Quid
559 2520 750 2590 igitur,
779 2521 986 2591 inquies
1004 2564 1020 2587 ,
1046 2522 1135 2592 qui
1165 2523 1473 2578 meretrices
1500 2527 1705 2594 potuit,
1733 2525 1972 2595 discipu-

391 2611 499 2665 lum
526 2611 834 2682 pertrahere
855 2628 959 2667 non
986 2614 1157 2681 potuit
1184 2612 1208 2666 ’ἶ
1235 2613 1448 2669 Poterat
1491 2614 1708 2684 quidem
1734 2614 1973 2686 discipu-

392 2700 501 2756 lum
532 2704 857 2772 pertrahere,
888 2702 983 2758 sed
1029 2704 1196 2758 noluit
1239 2703 1387 2758 illum
1437 2706 1751 2760 necessitate
1777 2706 1971 2762 bonum

393 2793 588 2859 facere,
617 2808 790 2864 neque
814 2794 864 2847 vi
880 2792 945 2847 ad
971 2809 1029 2848 se
1059 2794 1385 2863 pertrahere.
1419 2792 1560 2849 Tunc
1579 2795 1767 2851 abiens.
1801 2797 1973 2851 Etiam

396 2882 524 2937 illud
544 2923 559 2949 ,
579 2882 777 2948 abiens,
795 2885 1023 2953 aliquam
1054 2883 1211 2938 habet
1234 2886 1626 2956 contemplandi
1656 2888 1930 2942 materiam
1958 2905 1972 2942 :

393 2988 501 3028 nou
532 2975 673 3028 enim
703 2974 901 3028 accitus
934 2990 967 3033 a
990 2975 1314 3045 principibus
1342 2977 1677 3032 sacerdotum
1696 3021 1712 3046 ,
1748 2994 1851 3033 non
1884 2994 1978 3034 ne-

397 3064 646 3119 cessitate
690 3063 962 3133 inductus,
995 3081 1099 3119 non
1126 3078 1368 3133 coactus;
1404 3066 1500 3123 sed
1537 3083 1568 3121 a
1601 3071 1777 3138 seipse
1805 3079 1859 3124 ct
1880 3086 1976 3125 sua

394 3165 585 3225 sponte
608 3156 787 3211 dolmn
819 3158 1043 3227 peperit,
1071 3168 1123 3213 et
1149 3156 1285 3214 hanc
1301 3160 1490 3214 extulit
1508 3163 1824 3217 sententiam
1844 3203 1861 3228 ,
1883 3179 1978 3218 ne-

394 3248 541 3302 mine
585 3248 689 3302 alio
727 3249 825 3302 sibi
872 3250 1118 3321 nequitia:
1165 3251 1322 3321 hujus
1368 3262 1605 3310 auctore.
1640 3254 1782 3309 Tunc
1807 3256 1979 3310 abiens

396 3354 527 3393 unus
554 3338 616 3392 de
652 3338 937 3392 duodecim.
963 3341 1098 3408 Quid
1125 3350 1228 3409 est,
1255 3341 1400 3398 Unas
1442 3344 1505 3398 de
1531 3344 1791 3399 duodecim
1817 3345 1843 3400 .9
1869 3345 1981 3402 Hoc

396 3429 473 3483 illi
524 3445 717 3499 magno
760 3431 970 3486 crimini
1006 3435 1255 3502 vertitur,
1304 3435 1445 3507 quod
1475 3437 1700 3504 dicatur,
1731 3436 1875 3493 Unus
1918 3440 1981 3494 de

394 3517 683 3572 duodecim.
719 3520 930 3575 Etenim
955 3532 1109 3577 erant
1140 3533 1194 3578 et
1221 3526 1309 3578 alii
1333 3525 1455 3580 Jesu
1490 3528 1732 3598 discipuli
1758 3545 1981 3585 numero

395 3610 729 3679 septuaginta
750 3628 763 3663 :
786 3610 879 3665 sed
910 3610 987 3666 illi
1012 3613 1274 3668 secundas
1300 3614 1586 3682 habebant,
1611 3618 1688 3672 illi
1711 3634 1816 3673 non
1835 3628 1981 3675 tanto

399 3696 714 3755 fruebantur
757 3702 979 3770 honore,
1028 3719 1126 3759 nec
1157 3715 1300 3761 tanta
1348 3719 1500 3763 erant
1528 3711 1732 3778 praediti
1756 3710 1978 3778 ﬁducia,

400 3806 506 3846 non
532 3800 795 3847 tantorum
821 3804 973 3849 erant
1000 3797 1280 3866 participes
1297 3813 1611 3854 arcanorum
1629 3843 1644 3868 ,
1663 3811 1981 3870 quantorum

396 3883 680 3940 duodecim
709 3888 803 3942 illi.
834 3888 930 3944 llic
956 3889 1186 3945 maxime
1211 3891 1414 3960 probati
1441 3901 1612 3961 erant,
1647 3893 1730 3949 bic
1750 3905 1865 3949 erat
1892 3910 1981 3948 re-

402 3976 521 4046 gius
548 3979 763 4045 chorus;
788 3980 874 4035 hic
903 3997 1105 4037 cuneus
1124 3984 1379 4052 magistro
1407 3983 1616 4040 hmrens
1640 4004 1654 4039 :
1681 3986 1748 4041 ab
1774 3987 1873 4042 hoc
1893 4001 1980 4042 re-

400 4068 531 4122 siliit
559 4068 741 4124 Judas.
773 4070 841 4127 Ut
863 4072 1020 4142 igitur
1048 4077 1221 4131 discas
1246 4089 1351 4129 non
1380 4075 1699 4145 discipulum
1722 4076 1979 4145 simplici-

404 4168 487 4213 ter
534 4162 702 4231 ipsum
761 4165 1089 4234 prodidisse,
1146 4166 1239 4221 sed
1284 4182 1448 4221 unum
1492 4183 1557 4222 ex
1613 4168 1983 4237 probatissimo

405 4252 623 4319 ordine,
650 4254 770 4309 ideo
796 4256 955 4323 dicit,
987 4257 1130 4312 Unus
1153 4260 1215 4312 de
1242 4259 1523 4314 duodecim.
1579 4260 1760 4330 Neque
1787 4263 1981 4318 erube.

399 4343 507 4396 scit
531 4345 596 4407 is,
619 4346 708 4414 qui
734 4345 846 4403 baae
872 4348 1082 4419 scripsit
1109 4349 1406 4406 lliatthrcus.
1464 4355 1637 4418 Quare
1663 4367 1768 4406 non
1793 4353 1983 4408 erube-

401 4434 540 4488 scit?
565 4433 632 4490 lit
647 4435 818 4492 discas
835 4452 928 4493 eos
957 4453 1171 4510 semper
1192 4455 1311 4495 cum
1334 4441 1554 4496 veritate
1576 4451 1764 4497 cuncta
1781 4443 1977 4510 dicere,

405 4542 505 4581 nec
532 4513 627 4582 ’γει
669 4544 730 4584 ea
774 4530 971 4596 celare,
994 4548 1112 4601 qua:
1141 4531 1241 4587 sibi
1271 4533 1526 4603 probrosa
1551 4534 1814 4588 videntur.
1858 4534 1981 4590 llaac

403 4617 600 4686 quippe
643 4618 755 4687 ipsa
784 4635 902 4689 quae
928 4621 1173 4676 videntur
1192 4622 1477 4692 probrosa,
1509 4623 1714 4677 Domini
1746 4623 1978 4694 benigni-

402 4715 564 4761 tatem
596 4709 912 4777 ostcndunt,
942 4711 1083 4781 quod
1113 4713 1468 4783 proditorem,
1500 4713 1781 4780 latronem,
1814 4715 1980 4769 furem

395 4798 561 4854 tantis
579 4799 819 4869 dignatus
836 4800 904 4853 sit
928 4799 1170 4869 bonis,et
1188 4817 1356 4873 usque
1380 4803 1445 4857 ad
1472 4814 1768 4859 extremam
1797 4805 1980 4860 horam

401 4890 575 4958 ipsum
623 4890 819 4944 tulerit.
864 4891 1073 4945 Etenim
1109 4891 1463 4959 admouebat,
1493 4894 1836 4959 hortabatur,
1867 4909 1984 4949 om-

401 4995 635 5050 nemque
679 4995 860 5034 curam
886 4980 1108 5050 gerebat
1126 4981 1270 5037 illius
1297 5000 1311 5037 :
1340 4985 1479 5052 quod
1527 4984 1571 5039 si
1613 4984 1701 5039 ille
1740 5000 1841 5038 non
1868 4985 1983 5039 ani-

402 5084 547 5123 mum
575 5068 833 5136 adhibuit,
863 5086 967 5125 non
997 5072 1048 5124 in
1076 5086 1231 5126 causa
1255 5080 1371 5127 erat
1405 5073 1677 5129 Dominus.
1703 5074 1875 5129 Testis
1901 5086 1983 5130 est

402 5171 516 5229 Ipsa
563 5161 813 5215 meretrix
843 5179 857 5217 :
888 5161 975 5215 illa
1006 5176 1235 5232 namque
1262 5177 1382 5217 cum
1412 5164 1509 5219 sibi
1536 5163 1859 5232 attenderet,
1893 5180 1980 5220 sa-

400 5249 565 5305 lutem
593 5263 745 5306 nacta
773 5262 873 5308 est.
903 5252 982 5308 Ne
1010 5252 1189 5321 itaque
1227 5252 1482 5323 desperes
1504 5295 1518 5318 ,
1551 5255 1695 5309 illam
1724 5264 1982 5312 contuens

403 5343 768 5407 meretricem;
790 5359 961 5416 neque
978 5342 1216 5399 conﬁdas
1238 5344 1350 5413 tibi,
1369 5345 1434 5400 ad
1459 5345 1646 5401 Judam
1668 5348 1977 5419 respiciens.

401 5430 697 5504 Utrumque
719 5437 860 5490 enim
882 5436 1238 5506 perniciosum
1259 5446 1410 5493 estet
1431 5437 1699 5495 conﬁdere
1721 5449 1775 5496 et
1793 5440 1982 5510 despe-

399 5537 522 5578 rare
552 5539 565 5577 :
596 5525 915 5581 conﬁdentia
961 5527 1103 5582 enim
1131 5538 1357 5584 stantem
1385 5530 1704 5599 prosternit;
1730 5531 1984 5602 despera-

402 5615 477 5668 tio
494 5614 696 5684 lapsum
724 5629 1003 5686 resurgere
1029 5632 1135 5673 non
1165 5619 1308 5674 sinit.
1339 5620 1464 5675 Ideo
1490 5619 1683 5674 Paulus
1703 5620 1787 5675 his
1806 5621 1982 5678 verbis

401 5706 713 5762 hortabatur
743 5723 756 5761 :
788 5706 887 5772 Qui
906 5707 1100 5762 videtur
1124 5718 1275 5777 stare,
1300 5710 1464 5764 videat
1493 5726 1555 5766 ne
1577 5711 1727 5765 cadat
1752 5712 1826 5783 (Ι.
1857 5712 1974 5768 Cor.

1475 329 1565 386 DE
1602 331 2015 389 PRODITIONE
2049 335 2243 391 JUD.—E
2271 332 2494 390 ΠΟΜῐῐι.
2531 331 2572 386 1.

3536 325 3644 384 376

2069 432 2158 488 10.
2190 431 2302 491 li).
2328 432 2504 487 Habes
2524 430 2799 486 ambormn
2828 431 3093 503 exempla,
3120 431 3387 503 quomodo
3416 435 3644 507 discipu-

2064 522 2150 577 lus
2172 535 2291 577 cum
2312 530 2456 576 stare
2484 520 2770 585 videretur,
2802 521 3074 587 ceciderit,
3100 532 3156 578 et
3183 525 3450 594 quomodo
3472 542 3647 581 mere-
3691 534 3700 549 '

2066 613 2172 670 trix
2188 614 2371 684 jacens
2397 614 2714 669 surrexerit.
2745 612 2826 668 Ad
2850 613 3056 683 lapsum
3086 630 3289 683 pronus
3322 626 3403 670 est
3439 618 3648 672 animus

2064 715 2282 770 noster,
2322 707 2569 761 volubilis
2596 709 2837 762 voluntas
2865 724 2880 763 :
2911 709 3256 777 quamobrem
3284 723 3422 778 opus
3463 719 3547 766 est
3587 721 3649 764 ut

2067 812 2165 850 nos
2209 795 2442 865 undique
2498 796 2799 851 muniamus
2845 797 3239 867 sepiamusque.
3294 798 3433 853 Tunc
3479 800 3650 855 abiens

2064 902 2196 940 unus
2236 886 2300 939 de
2342 885 2624 953 duodecim,
2649 885 2816 940 ludas
2861 886 3148 943 Iscarietcs.
3209 888 3395 943 Viden‘
3426 904 3457 943 a
3503 890 3645 959 quali

2067 976 2234 1031 choro
2263 976 2520 1030 exciderit
2539 976 2562 1028 ?
2581 976 2756 1031 viden’
2787 993 2944 1048 quam
2971 977 3266 1032 doctrinam
3295 978 3597 1049 despexerit
3626 980 3650 1032 ?

2066 1068 2240 1122 viden’
2278 1076 2530 1139 quantum
2574 1069 2770 1123 malum
2809 1069 2877 1123 sit
2901 1070 3156 1139 segnities
3194 1079 3248 1124 et
3278 1070 3597 1139 negligentia
3623 1069 3649 1121 ’ἒ

2065 1159 2097 1214 J
2106 1159 2233 1213 udas
2260 1160 2346 1230 qui
2368 1158 2625 1215 dicebatur
2652 1159 2944 1217 Iscarioles.
2987 1160 3093 1216 Cur
3121 1162 3251 1215 mihi
3280 1162 3503 1231 patriam
3534 1162 3650 1230 ejus

2067 1264 2331 1305 memoras
2368 1253 2392 1303 ’ἰ
2419 1250 2633 1306 Utinam
2654 1266 2720 1305 ne
2749 1252 2919 1320 ipsum
2948 1252 3160 1321 quidem
3187 1266 3400 1307 nossem
3436 1253 3452 1306 ε
3480 1249 3650 1305 ludas

2066 1340 2155 1412 qui
2187 1339 2446 1393 dicebatur
2469 1337 2762 1394 Iscariotes.
2790 1338 2896 1394 Cur
2919 1341 3036 1409 ejus
3062 1341 3328 1396 civitatem
3357 1341 3600 1395 nominas
3624 1340 3650 1394 ἲ

2067 1431 2218 1487 Alius
2241 1440 2358 1488 erat
2392 1431 2555 1486 ludas
2582 1432 2893 1503 discipulus,
2924 1442 3275 1503 cognomento
3303 1432 3516 1488 Zelotes
3541 1450 3554 1485 :
3582 1448 3651 1487 ne

2067 1523 2227 1594 igitur
2245 1538 2311 1579 ex
2341 1523 2530 1578 eodem
2560 1525 2777 1579 nomine
2826 1540 2981 1580 error
3022 1535 3328 1580 nasceretur
3347 1564 3362 1590 ,
3394 1525 3534 1580 hunc
3570 1524 3652 1579 di-

2068 1614 2254 1668 Stinxit
2270 1613 2336 1667 ab
2362 1613 2452 1667 illo
2477 1630 2492 1668 :
2513 1623 2565 1668 et
2588 1614 2731 1668 illum
2755 1615 2968 1684 quidem
2985 1630 3015 1669 a
3034 1617 3225 1671 virtute
3251 1616 3543 1671 nominavit
3559 1614 3653 1671 Ju-

2067 1702 2165 1758 das
2196 1702 2435 1768 Zelotes,
2472 1704 2614 1759 hunc
2645 1713 2823 1759 autem
2852 1720 2883 1759 a
2911 1705 3145 1775 nequitia
3171 1721 3278 1761 non
3308 1708 3603 1761 nominavit
3634 1725 3648 1761 :

2070 1808 2243 1864 neque
2290 1795 2433 1869 enim
2464 1794 2618 1862 dixit,
2650 1794 2813 1850 Iudas
2841 1797 3098 1867 proditor.
3138 1798 3296 1866 Atqui
3338 1814 3431 1866 par
3455 1806 3571 1853 erat
3598 1807 3654 1853 ut

2069 1886 2217 1940 illum
2244 1903 2272 1940 a
2304 1888 2497 1942 virtute
2526 1888 2848 1955 nominavit,
2893 1888 3034 1944 hunc
3053 1890 3213 1944 etiam
3239 1905 3271 1944 a
3302 1890 3530 1959 nequitia
3558 1904 3654 1960 ap-

2070 1977 2269 2047 pellare
2294 1993 2359 2033 ac
2383 1978 2582 2042 dicere,
2612 1978 2777 2034 Judas
2803 1980 3044 2049 proditor
3068 1999 3082 2034 :
3113 1995 3296 2037 verum
3329 1989 3387 2035 ut
3413 1990 3465 2036 te
3489 1980 3652 2035 doce-

2072 2077 2155 2122 ret
2179 2069 2407 2140 linguam
2431 2071 2767 2125 accusatione
2795 2085 2978 2140 puram
3006 2085 3223 2125 servare
3246 2111 3262 2137 ,
3288 2071 3371 2126 vel
3403 2071 3501 2142 ipsi
3532 2086 3653 2139 pro-

2072 2158 2229 2214 ditori
2260 2161 2446 2229 parcit.
2475 2160 2660 2215 ﬁbieus
2674 2162 2838 2226 enim,
2864 2161 3051 2231 inquit.
3078 2161 3246 2215 Judas
3286 2160 3557 2216 Iscariotes
3584 2161 3653 2214 ad

2072 2253 2323 2320 principes
2346 2253 2662 2307 sacerdotum
2685 2295 2700 2318 ,
2724 2254 2794 2306 ait
2832 2254 2934 2307 illis
2954 2270 2974 2307 :
3011 2254 3147 2319 Quid
3171 2254 3320 2307 uultis
3344 2253 3467 2305 milii
3494 2252 3617 2306 dare
3633 2293 3650 2318 ,

2072 2352 2120 2397 et
2163 2359 2254 2414 ego
2299 2345 2436 2398 vobis
2488 2343 2687 2397 tradam
2724 2360 2840 2397 eum
2868 2345 2894 2398 ?
2930 2342 2975 2398 Ο
3000 2342 3381 2399 exsecrandam
3419 2357 3600 2396 vocem
3634 2343 3649 2397 !

2077 2434 2345 2503 quomodo
2370 2450 2435 2489 ex
2458 2451 2550 2490 ore
2574 2435 2802 2501 exsiliit,
2848 2435 3113 2504 quomodo
3161 2434 3395 2504 linguam
3442 2433 3653 2488 movit?

2073 2524 2341 2594 quomodo
2367 2534 2536 2580 totum
2553 2540 2746 2596 corpus
2769 2541 2873 2580 non
2892 2525 3163 2594 obtorpuit
3178 2526 3202 2579 ?
3216 2524 3483 2595 quomodo
3503 2539 3655 2578 mens

2075 2631 2181 2670 non
2207 2617 2482 2672 excessit?

2149 2705 2202 2760 5.
2238 2705 2374 2773 Quid
2398 2706 2544 2761 vultis
2582 2707 2705 2762 mihi
2731 2707 2883 2771 dare,
2909 2718 2955 2761 et
2985 2724 3076 2778 ego
3110 2707 3246 2761 vobis
3272 2707 3468 2761 tradam
3501 2722 3613 2761 eum
3633 2706 3658 2757 τ

2077 2795 2323 2851 Haecine
2354 2807 2404 2851 te
2430 2797 2609 2851 docuit
2633 2798 2897 2866 Christus,
2924 2798 3010 2852 die
3033 2798 3160 2852 mihi
3187 2797 3210 2850 ‘t
3238 2813 3414 2852 nonne
3442 2797 3560 2851 ideo
3580 2797 3660 2851 di-

2076 2885 2231 2940 cebat
2248 2901 2269 2941 :
2302 2884 2475 2939 Nolite
2499 2888 2757 2956 possidere
2778 2905 2961 2941 aurum
2999 2904 3156 2955 neque
3179 2898 3475 2958 argentum,
3504 2901 3661 2955 neque

2077 2996 2146 3034 ws
2170 2979 2223 3033 in
2249 2979 2392 3034 zonis
2421 2980 2594 3034 vestris
2633 2979 2841 3049 (Matth.
2877 2980 2962 3035 10.
2993 2979 3079 3050 9),
3112 2989 3170 3033 ιιι
3209 2979 3484 3034 avaritiam
3515 2978 3658 3033 illam

2081 3069 2194 3140 jam
2221 3070 2348 3123 olim
2376 3070 2428 3124 in
2460 3080 2509 3124 te
2528 3071 2905 3139 comprimeret
2926 3070 2950 3124 ξ’
2970 3086 3147 3124 nonne
3170 3068 3283 3123 haec
3307 3068 3516 3122 assidue
3546 3069 3662 3122 bor-

2081 3161 2310 3228 labatur,
2329 3177 2391 3216 ac
2420 3172 2679 3230 praeterea
2708 3161 2917 3217 dicebat
2950 3177 2964 3213 :
2998 3161 3061 3215 Si
3096 3161 3208 3231 quis
3229 3170 3276 3213 te
3295 3159 3588 3228 percusserit
3609 3159 3662 3212 in

2079 3251 2338 3306 dexteram
2359 3251 2636 3314 maxillam,
2662 3262 2796 3306 verte
2829 3252 2908 3306 illi
2940 3261 2987 3304 et
3010 3251 3166 3305 aliam
3192 3249 3401 3319 (Matth.
3425 3250 3477 3304 5.
3505 3249 3571 3304 59
3599 3247 3662 3321 )‘l

2084 3341 2218 3407 Quid
2239 3341 2384 3395 vultis
2406 3342 2529 3394 mihi
2558 3344 2714 3408 dare,
2742 3349 2786 3394 et
2809 3357 2900 3411 ego
2937 3334 3665 3406 vobistradameuthatth.

2079 3430 2170 3484 ‘26.
2198 3431 2264 3487 15
2289 3432 2310 3503 )
2333 3431 2356 3484 ?
2380 3429 2424 3487 Ο
2449 3432 2725 3486 stultitiam
2755 3432 2769 3486 l
2803 3431 2907 3487 Pro
2937 3446 3037 3500 qua
3060 3446 3140 3495 re,
3167 3442 3368 3499 quaeso,
3396 3443 3552 3497 quam
3580 3429 3661 3481 vel

2083 3538 2300 3593 parvam
2331 3523 2413 3577 vel
2458 3537 2703 3592 magnam
2749 3523 3142 3577 accusationem
3183 3518 3423 3592 proferre
3451 3519 3662 3583 valens,

2084 3615 2398 3684 magistrum
2430 3614 2610 3684 prodis
2636 3612 2660 3667 ?
2689 3629 2756 3666 an
2788 3614 2909 3683 quia
2938 3612 3253 3683 potestatein
3283 3611 3375 3665 tibi
3404 3611 3549 3665 dedit
3567 3610 3664 3663 ad—

2084 3719 2270 3759 versus
2307 3703 2577 3758 d:cmonas
2600 3703 2624 3757 ?
2651 3719 2719 3757 an
2750 3704 2872 3773 quia
2912 3704 3126 3758 morbos
3167 3718 3356 3756 curare
3402 3700 3555 3767 fecit,
3584 3700 3665 3754 vel

2084 3793 2284 3862 lepram
2312 3793 2571 3847 mundare
2590 3794 2695 3847 ?an
2722 3793 2844 3861 quia
2871 3803 3108 3846 mortuos
3132 3792 3504 3846 suscitare‘lau
3523 3791 3665 3860 quod

2083 3890 2270 3937 contra
2323 3882 2509 3937 mortis
2550 3881 2883 3953 tyrannidem
2936 3891 2989 3935 te
3031 3882 3304 3936 constituit
3342 3882 3366 3934 ?
3411 3881 3666 3936 hanccine

2084 3974 2385 4029 mercedem
2442 3990 2539 4045 pro
2580 3984 2656 4029 tot
2707 3973 2981 4029 beneﬁciis
3022 3972 3317 4043 rependis?
3343 3974 3478 4038 Quid
3519 3973 3668 4027 vultis

2083 4065 2209 4119 mihi
2231 4065 2373 4129 dare,
2405 4076 2451 4120 et
2471 4083 2559 4137 ego
2588 4065 2725 4120 vobis
2745 4082 2859 4119 eum
2880 4065 3077 4118 tradant
3099 4065 3124 4118 Ζ)
3146 4064 3190 4119 Ο
3216 4065 3494 4119 stultitiam
3521 4068 3535 4120 !
3562 4066 3670 4137 imo

2086 4157 2292 4226 potius,
2322 4171 2355 4211 ο
2380 4156 2656 4210 avaritiam
2683 4156 2697 4209 l
2730 4171 2851 4209 nam
2880 4155 2993 4210 lucc
3019 4166 3095 4209 tot
3126 4155 3263 4208 mala
3292 4155 3494 4225 peperit
3523 4173 3537 4209 :
3571 4155 3670 4209 hu-

2081 4249 2168 4321 jus
2190 4250 2278 4304 ille
2291 4248 2720 4317 concupiscentia
2739 4249 3050 4318 magistrum
3072 4246 3322 4316 prodidit.
3344 4246 3489 4300 Talis
3508 4247 3664 4316 quip-

2087 4354 2154 4410 pe
2177 4349 2260 4394 est
2278 4339 2364 4394 illa
2391 4339 2528 4394 mala
2560 4337 2739 4403 radix;
2769 4353 2903 4409 quas
2929 4338 3346 4393 invaditanimas
3375 4339 3492 4408 plus
3512 4353 3668 4407 quam

2086 4433 2297 4488 dat-mon
2318 4433 2370 4487 in
2397 4432 2630 4487 furorem
2654 4432 2842 4498 vertit,
2866 4432 3100 4485 oumium
3132 4429 3483 4499 ignorantiam
3512 4429 3667 4499 parit,

2087 4534 2144 4580 et
2164 4526 2242 4580 sui
2271 4535 2324 4580 et
2352 4524 2579 4594 proximi
2611 4532 2665 4580 et
2685 4524 3006 4577 naturalium
3031 4522 3320 4593 legum;ab
3350 4524 3461 4592 ipsa
3494 4531 3671 4578 mente

2086 4618 2352 4673 excedere
2378 4614 2532 4683 facit,
2556 4625 2611 4672 et
2632 4615 2864 4671 furiosos
2886 4615 3071 4670 efﬁcit.
3107 4614 3238 4670 Vide
3268 4622 3461 4685 quanta
3486 4629 3549 4668 ex
3580 4612 3673 4667 Ju-

2087 4707 2168 4762 da:
2194 4706 2372 4760 animo
2399 4705 2616 4776 ejecerit
2636 4748 2651 4773 ,
2674 4707 3133 4760 conversationem
3152 4746 3168 4770 ,
3191 4702 3666 4765 consuetudinem,

2086 4813 2285 4854 mensae
2312 4797 2621 4853 societatem
2641 4838 2656 4861 ,
2685 4797 2961 4862 miracula,
2990 4795 3287 4850 doctrinam
3309 4836 3322 4859 ,
3347 4794 3672 4847 cohortatio-

2084 4908 2239 4958 nem,
2261 4891 2676 4946 admonitionem
2710 4909 2725 4945 :
2759 4890 2809 4943 in
2838 4889 3028 4943 horum
3068 4888 3307 4940 onmium
3348 4885 3667 4940 oblivionem

2043 5021 2053 5031 -
2090 4995 2219 5040 tunc
2245 4983 2476 5054 conjecit
2495 4998 2617 5039 eum
2639 4981 2883 5036 avaritia.
2918 4980 3039 5035 ldeo
3060 4979 3255 5033 Paulus
3273 4977 3393 5048 jure
3419 4976 3665 5031 dicebat:

2085 5073 2259 5128 Radix
2287 5073 2509 5127 omnium
2550 5071 2800 5125 malorum
2837 5079 2909 5124 est
2950 5069 3162 5123 auaritia
3190 5068 3209 5141 (
3237 5070 3287 5123 1.
3316 5067 3446 5122 Tim.
3470 5067 3522 5122 6.
3554 5066 3667 5137 10).

2089 5163 2226 5231 Quid
2249 5162 2399 5218 vultis
2428 5162 2549 5216 mihi
2564 5161 2714 5226 dare,
2737 5170 2783 5214 et
2799 5176 2890 5232 ego
2917 5159 3053 5214 vobis
3072 5176 3189 5214 eum
3206 5151 3409 5212 lradam
3437 5158 3462 5212 .’
3486 5156 3669 5227 Magna

2085 5255 2211 5309 dicti
2242 5252 2484 5308 stultitia.
2509 5252 2766 5308 Tradisne
2786 5293 2801 5318 ,
2833 5267 3034 5321 quaeso,
3070 5266 3195 5306 eum
3234 5249 3322 5319 qui
3349 5249 3522 5303 omnia
3551 5262 3672 5301 con-

2087 5346 2253 5413 tinet,
2286 5345 2618 5401 daemonibus
2649 5346 2910 5416 imperat,
2938 5346 3071 5400 mari
3102 5343 3377 5415 pmeipit,
3410 5343 3670 5396 universa:

2086 5451 2292 5496 natura:
2317 5440 2599 5494 Dominum
2621 5441 2646 5493 2'
2683 5439 2749 5493 Ut
2782 5440 2941 5509 igitur
2965 5439 3084 5508 ejus
3129 5437 3489 5504 arrogantiam
3531 5448 3671 5487 com-

2086 5532 2373 5602 primeret,
2423 5539 2478 5586 et
2514 5529 2819 5585 ostenderet
2843 5545 2901 5586 se
2923 5571 2938 5592 ,
2968 5529 3012 5584 si
3062 5527 3351 5590 noluisset,
3385 5537 3670 5593 numquam

2087 5623 2335 5679 traditum
2368 5622 2452 5687 iri,
2474 5621 2596 5676 audi
2617 5621 2742 5692 quid
2772 5619 3164 5676 faciatzeodem
3192 5615 3506 5687 proditionis
3533 5623 3703 5667 tem--

2090 5731 2241 5785 pore,
2272 5730 2390 5769 cum
2423 5713 2595 5784 ipsum
2628 5710 2957 5776 invaderent,
2993 5724 3113 5763 cum
3144 5706 3391 5774 fustibus,
3415 5702 3669 5773 lampadi-
