4100 6434
511 327 616 385 ππ

516 440 615 496 bus
631 450 688 497 et
707 441 930 511 lumine,
947 441 1077 498 dicit
1102 440 1224 506 illis,
1247 441 1406 508 Quem
1427 442 1650 509 quiet-itis
1677 440 1859 512 (Joan.
1882 441 1970 496 18.
1995 442 2027 496 4
2052 441 2106 514 )?

516 541 572 584 et
601 533 914 603 ignorabant
938 549 1096 604 quem
1127 548 1319 604 capere
1347 533 1624 589 deberent.
1653 533 1879 588 Tantum
1904 534 2108 602 aberat,

518 630 578 676 ut
611 639 734 678 eum
783 622 948 678 ludas
995 625 1209 680 tradere
1253 633 1464 694 posset,
1492 633 1553 678 ut
1578 640 1753 694 neque
1781 633 2111 693 pmsentem

519 723 768 769 cerneret
795 730 916 768 eum
936 756 950 781 ,
977 731 1135 786 quem
1175 715 1468 770 traditurus
1487 724 1603 770 erat
1622 756 1638 781 ,
1672 715 1797 770 licet
1821 730 1942 769 cum
1977 715 2111 769 lam-

521 807 745 876 padibus
769 819 824 862 et
848 808 1046 864 lumine
1077 817 1260 864 tanto:
1289 809 1392 862 hoc
1426 807 1770 864 subindicans
1788 807 2110 876 evangelista

521 899 670 964 dicit,
699 899 980 969 lampades
1006 899 1274 955 habebant
1305 908 1360 955 et
1386 900 1564 954 lumen
1587 941 1602 967 ,
1629 909 1684 954 et
1711 913 1819 953 non
1863 897 2114 953 videbant

526 1005 644 1045 eum
671 989 832 1062 (Ibid.
861 992 915 1059 ‘5)
929 1031 944 1044 .

595 1082 772 1138 Libere
795 1084 977 1138 bonum
1001 1100 1291 1156 operamar,
1317 1101 1419 1139 non
1441 1085 1750 1139 necessitate.
1773 1113 1845 1123 —-
1865 1082 2116 1150 Quotidie

522 1173 768 1230 Christus
811 1190 934 1230 eum
975 1175 1488 1231 commonefaciebat
1528 1183 1638 1229 tum
1679 1174 1958 1244 operibus,
2005 1182 2115 1227 tum

523 1267 702 1323 verbis
725 1268 1049 1334 ostendens,
1080 1268 1222 1339 quod
1251 1284 1374 1323 eum
1406 1283 1510 1322 non
1544 1267 1707 1322 latere
1739 1275 1914 1337 posset
1941 1264 2118 1335 prodi-

527 1369 678 1413 turus
709 1375 724 1414 :
758 1375 930 1429 neque
971 1360 1142 1430 palam
1183 1375 1307 1414 eum
1348 1361 1702 1430 praesentibus
1745 1359 1992 1413 omnibus
2027 1372 2115 1410 ar-

526 1450 738 1520 guebat,
763 1465 830 1504 ne
851 1450 929 1504 sic
954 1451 1402 1520 impudentiorem
1425 1451 1694 1516 redderet,
1718 1464 1890 1520 neque
1913 1447 2121 1504 tacebat

527 1543 690 1597 etiam
711 1583 726 1610 ,
757 1558 826 1598 ne
852 1543 894 1597 si
922 1543 1089 1598 latere
1116 1558 1175 1598 se
1203 1551 1438 1612 putasset
1463 1584 1478 1606 ,
1517 1543 1633 1596 sine
1662 1551 1804 1596 metu
1843 1541 1908 1595 ad
1936 1539 2121 1610 prodi-

532 1636 729 1690 tionem
753 1636 957 1690 veniret
985 1652 997 1687 :
1027 1634 1118 1689 sed
1148 1633 1454 1704 frequenter
1477 1633 1708 1698 dicebat,
1738 1632 1880 1687 Unus
1905 1631 2123 1686 vestrum

531 1727 693 1780 tradet
717 1743 837 1791 me;
865 1741 1037 1796 neque
1063 1734 1238 1780 tamen
1270 1741 1390 1780 eum
1433 1726 1608 1796 palam
1639 1723 1945 1779 declarabat
1981 1722 2122 1777 mul-

531 1827 615 1872 tos
641 1817 710 1872 de
746 1817 986 1888 gehenna
1017 1831 1295 1872 sermones
1323 1817 1665 1883 instituebat,
1701 1816 1896 1870 multos
1931 1814 1998 1868 de
2031 1829 2122 1869 re-

529 1925 636 1978 gno
661 1927 676 1964 :
699 1923 958 1979 suamque
980 1910 1032 1963 in
1054 1909 1154 1964 hac
1179 1917 1402 1980 utraque
1424 1925 1482 1965 re
1505 1910 1792 1979 potentiam
1815 1907 2120 1974 exhibebat,

529 2000 642 2054 sive
662 2000 713 2053 in
737 2000 1006 2069 puniendo
1027 2011 1359 2070 peccatores,
1383 2001 1496 2055 sive
1521 2001 1573 2055 in
1596 2000 1909 2055 honorando
1931 1999 2121 2070 iustos.

531 2087 729 2144 Verum
763 2092 877 2145 ha'c
904 2092 1082 2145 omnia
1115 2091 1205 2146 ille
1231 2089 1508 2162 despexit,
1542 2091 1683 2146 Deus
1720 2100 1896 2146 autem
1923 2091 1974 2145 vi
2000 2106 2122 2146 eum

531 2198 638 2236 non
681 2183 918 2238 attraxit.
963 2182 1096 2250 Quia
1139 2183 1280 2238 enim
1325 2193 1380 2238 et
1422 2171 1717 2249 malorum,
1763 2191 1820 2239 ct
1861 2183 2122 2240 bonorum

530 2288 752 2343 operum
780 2273 1057 2329 electionis
1084 2290 1183 2330 nos
1202 2274 1448 2329 dominos
1473 2275 1614 2342 fecit,
1641 2291 1738 2330 nos
1766 2276 1930 2331 libere
1957 2276 2124 2330 bonos

529 2366 644 2419 vult
670 2380 812 2421 esse.
845 2365 970 2420 Ideo
996 2367 1039 2420 si
1071 2366 1402 2421 uoluerimus
1426 2409 1439 2432 ,
1473 2382 1578 2421 non
1616 2367 1792 2437 cogit,
1824 2381 1995 2437 neque
2025 2379 2124 2420 ne-

529 2458 834 2514 cessitatem
867 2458 1027 2514 infert
1055 2477 1069 2514 :
1101 2474 1222 2513 nam
1249 2468 1493 2514 coactmn
1524 2475 1645 2514 esse
1674 2459 1870 2514 bonum
1889 2501 1904 2524 ,
1934 2459 1984 2513 id
2016 2473 2124 2513 non

530 2558 614 2603 est
651 2564 770 2604 esse
812 2549 1032 2604 bonum.
1082 2549 1344 2618 Quoniam
1390 2550 1549 2620 igitur
1585 2560 1639 2604 et
1679 2550 1766 2605 ille
1799 2549 2003 2603 arbitrii
2045 2549 2125 2604 sui

529 2639 780 2693 dominus
807 2649 956 2704 erat,
984 2649 1038 2695 et
1064 2641 1115 2693 in
1141 2641 1261 2710 ejus
1289 2649 1551 2710 potestate
1580 2651 1694 2695 erat
1731 2655 1837 2695 non
1867 2639 2124 2710 obsequi,

532 2742 588 2786 et
613 2731 679 2786 ad
704 2732 981 2787 avaritiam
1011 2748 1114 2787 non
1141 2733 1409 2788 declinare
1433 2774 1447 2800 ,
1477 2733 1598 2788 ideo
1626 2744 1804 2788 mente
1830 2742 2127 2788 cxcazcatus

530 2831 636 2884 est,
661 2831 716 2876 et
740 2823 965 2877 salutem
994 2838 1142 2877 suam
1171 2823 1405 2894 prodidit
1435 2841 1448 2876 :
1473 2835 1527 2878 et
1549 2825 1641 2888 ait,
1672 2824 1809 2890 Quid
1835 2824 1982 2878 vultis
2003 2824 2128 2877 mihi

531 2913 656 2966 dare
675 2956 688 2979 ,
718 2923 764 2967 et
792 2931 882 2984 ego
907 2914 1044 2969 vobis
1068 2931 1181 2968 eum
1207 2915 1452 2969 tradam?
1474 2915 1664 2970 Mentis
1698 2915 1858 2985 igitur
1883 2915 1998 2984 ejus
2023 2929 2129 2968 ca:-

530 3005 743 3058 eitatem
771 3015 827 3060 et
853 3007 1111 3060 insaniam
1142 3021 1370 3077 arguens
1398 3007 1720 3077 evangelista
1749 3007 1855 3074 ait,
1887 3017 2126 3076 tempore

531 3095 824 3151 invasionis
860 3096 1050 3150 Judam
1094 3113 1265 3169 prope
1308 3113 1403 3153 eos
1447 3098 1696 3164 stetisse,
1737 3098 1884 3152 illum
1922 3098 2126 3154 scilicet

528 3188 617 3258 qui
653 3187 863 3242 dixerat
891 3207 903 3242 :
935 3189 1070 3254 Quid
1099 3189 1250 3243 vultis
1291 3190 1414 3242 mihi
1455 3190 1604 3256 dare,
1637 3198 1684 3243 et
1721 3206 1812 3259 ego
1849 3189 1985 3244 vobis
2010 3207 2127 3244 eum

530 3281 770 3334 tradam?
795 3280 981 3350 Neque
1013 3281 1136 3335 hinc
1163 3281 1338 3335 solum
1367 3290 1604 3350 potestas
1634 3280 1830 3335 Christi
1857 3282 2126 3350 conspici-

529 3377 636 3436 tur,
659 3371 756 3426 sed
777 3371 935 3426 etiam
962 3372 1102 3442 quod
1131 3372 1248 3441 ipso
1271 3387 1453 3426 vocem
1476 3372 1773 3439 emittente,
1805 3373 2127 3428 recesserint

528 3461 604 3516 illi
631 3472 684 3516 et
710 3463 1003 3518 ceciderint
1049 3463 1101 3517 in
1145 3473 1362 3518 terram.
1404 3463 1538 3529 Quia
1577 3479 1708 3518 vero
1751 3478 1924 3533 neque
1954 3463 2031 3517 sic
2058 3463 2127 3517 ab

528 3553 856 3624 impudentia
882 3554 1235 3621 destiterunt,
1264 3554 1479 3609 demum
1514 3556 1749 3625 seipsum
1785 3554 2036 3623 tradidit,
2065 3571 2128 3612 ac

527 3645 574 3698 si
605 3643 828 3699 dixisset
861 3663 873 3698 :
905 3643 1058 3711 Quod
1094 3660 1273 3699 meum
1302 3653 1416 3699 erat
1457 3653 1624 3698 totum
1662 3642 1798 3709 feci,
1833 3646 2126 3714 potentiam

528 3736 795 3791 declaravi
837 3751 1008 3791 meam
1034 3778 1050 3804 ,
1079 3737 1287 3792 ostendi
1331 3753 1426 3794 vos
1467 3754 1531 3794 ea
1573 3738 1819 3810 aggredi,
1852 3756 1972 3810 quae
2012 3740 2124 3796 ﬁeri

529 3837 818 3900 nequeant.
851 3828 1109 3885 Volebam
1147 3831 1435 3900 nequitiam
1464 3839 1694 3887 vestram
1723 3832 2078 3902 comprimere
2107 3850 2122 3889 :

527 3921 742 3991 quando
768 3933 946 3977 autem
973 3939 1068 3978 vos
1095 3923 1362 3990 uoluistis,
1391 3925 1483 3980 sed
1508 3926 1558 3980 in
1587 3925 1790 3981 insania
1817 3943 2127 3998 persevera-

529 4013 632 4077 tis,
664 4013 926 4084 meipsum
957 4014 1138 4084 utique
1175 4014 1345 4069 trado.
1388 4015 1514 4070 Hrnc
1549 4031 1708 4086 porro
1738 4017 1880 4086 dixi,
1913 4034 1980 4074 ne
2009 4019 2128 4089 qui-

527 4103 650 4159 dam
688 4103 960 4159 Christum
1004 4116 1354 4173 accusarent,
1383 4123 1446 4162 ac
1486 4107 1758 4176 dicerent,
1788 4109 1895 4164 Cur
1933 4109 2124 4164 Judam

530 4214 638 4253 non
667 4201 925 4255 mutavit?
954 4215 1051 4255 cur
1084 4217 1206 4256 eum
1250 4209 1637 4272 temperantem
1686 4203 2126 4272 moderatumque

530 4307 636 4346 non
680 4291 848 4348 fecit?
891 4293 1172 4360 Quomodo
1222 4310 1344 4351 eum
1393 4295 1728 4350 moderatum
1776 4295 1988 4350 efficere
2030 4310 2126 4365 par

526 4386 679 4437 erat?
708 4387 1098 4442 necessitatene
1116 4429 1131 4452 ,
1161 4403 1228 4440 an
1261 4387 1524 4442 arbitrio?
1553 4387 1608 4443 Si
1636 4387 1852 4459 quidem
1883 4388 2123 4443 necessi-

529 4481 640 4527 tate
661 4515 675 4538 ,
705 4489 878 4544 neque
904 4475 982 4529 sic
1011 4477 1202 4530 melior
1233 4475 1441 4532 futurus
1470 4486 1622 4543 erat;
1652 4477 1828 4533 nullus
1855 4478 1997 4532 enim
2027 4493 2124 4533 ne-

526 4565 778 4619 cessitate
816 4566 1008 4621 melior
1045 4566 1308 4622 efliciatur
1340 4585 1352 4620 :
1393 4569 1437 4623 si
1479 4569 1698 4625 arbitrio
1733 4577 1788 4625 et
1828 4569 2121 4636 electione,

528 4654 708 4710 omnia
735 4672 1084 4727 quarcumqne
1112 4657 1388 4712 arbitrium
1416 4669 1468 4713 et
1498 4659 1819 4716 electionem
1854 4662 2124 4729 corrigere

527 4754 810 4816 poterant,
859 4747 1052 4802 intulit.
1099 4747 1157 4803 Si
1196 4757 1373 4802 autem
1414 4749 1501 4804 ille
1541 4750 1839 4805 remedium
1877 4751 2124 4821 accipere

527 4837 734 4904 noluit,
765 4852 871 4892 non
904 4836 1005 4894 fuit
1029 4838 1223 4894 medici
1252 4840 1442 4909 culpa,
1469 4840 1563 4896 sed
1593 4840 1710 4911 ejus
1737 4842 1828 4912 qui
1859 4841 2123 4898 medelam

527 4929 745 4998 repulit.
770 4928 903 4985 Vide
931 4931 1088 5000 igitur
1108 4940 1304 5002 quanta
1328 4931 1514 4987 fecerit
1534 4941 1593 4986 ut
1611 4947 1731 4988 eum
1752 4934 1818 4988 ad
1845 4934 2121 4990 meliorem

461 5008 463 5010 ’
525 5019 733 5086 frugem
763 5028 820 5074 et
851 5022 1081 5076 salutem
1111 5021 1395 5078 reduceret
1421 5039 1437 5077 :
1463 5038 1678 5078 omnem
1721 5039 1842 5078 eum
1888 5024 2123 5094 philoso-

527 5107 707 5177 phiam
729 5108 911 5164 docuit
934 5112 1185 5182 operibus
1213 5113 1362 5183 ipsis,
1383 5123 1543 5186 atque
1570 5115 1767 5180 verbis,
1791 5117 2123 5172 daemonibus

526 5199 862 5266 superiorem
894 5200 1054 5269 fecit,
1087 5202 1392 5259 facultatem
1419 5204 1565 5260 dedit
1591 5215 1649 5261 ut
1675 5206 1840 5261 multa
1868 5206 2122 5262 miracula

526 5291 730 5359 ederet,
761 5291 1021 5363 gehennae
1047 5297 1462 5352 comminatione
1488 5299 1695 5365 terruit,
1722 5297 1870 5370 regni
1896 5299 2125 5369 promis-

525 5384 679 5439 sione
707 5385 1021 5440 cohortatus
1045 5393 1129 5440 est
1145 5425 1162 5452 ,
1186 5401 1379 5441 arcana
1408 5387 1522 5456 ejus
1549 5389 1769 5443 consilia
1793 5389 2006 5445 assidue
2035 5404 2123 5444 ar-
2141 5366 2189 5426 Τ

525 5476 668 5545 guit,
710 5492 810 5533 nec
854 5478 1127 5548 arguendo
1171 5481 1380 5550 publica
1431 5482 1580 5549 fecit,
1616 5482 1780 5553 pedes
1821 5484 1936 5553 ejus
1977 5494 2034 5538 ul
2068 5491 2124 5538 et

524 5567 751 5622 aliorum
791 5569 994 5637 abluit,
1027 5586 1228 5627 mensa:
1254 5581 1310 5628 et
1334 5572 1574 5628 ciborum
1606 5575 1916 5644 participem
1948 5574 2072 5631 fecit
2101 5592 2117 5630 :

527 5654 657 5708 nihil
683 5668 774 5712 aut
800 5675 1020 5729 parvum
1043 5671 1136 5717 aut
1165 5679 1416 5734 magnum
1442 5673 1586 5721 retro
1607 5667 1819 5737 reliquit
1845 5686 1858 5722 :
1883 5666 1973 5722 ille
1993 5683 2121 5724 vero

530 5742 700 5800 libens
743 5749 858 5807 sine
896 5753 1271 5813 emendatione
1313 5757 1527 5812 mansit.
1563 5757 1629 5813 Et
1660 5766 1716 5814 ut
1748 5759 1922 5816 discas
1952 5775 2073 5816 cum
2098 5801 2112 5828 ,

1287 330 1343 384 S.
1387 327 1663 387 JOANNIS
1696 325 2176 385 CHRYSOSTOMI
2219 323 2532 386 ARCHIEP.
2571 325 3108 382 CONSTANTINOP.

3701 323 3797 380 3‘58

2222 455 2342 497 cum
2375 441 2564 497 mutari
2594 449 2793 512 posset,
2821 441 3079 510 noluisse,
3103 439 3199 496 sed
3224 454 3290 496 ex
3329 441 3447 510 ejus
3477 441 3701 510 segnitie
3726 451 3801 495 to-

2221 543 2332 588 tum
2380 533 2681 604 prodiisse,
2726 533 2870 589 audi.
2913 533 3047 589 Cum
3091 533 3234 589 enim
3277 532 3605 602 prodidisset
3651 549 3799 594 eunt,

2221 624 2445 695 projecit
2487 625 2699 694 triginta
2742 633 3053 694 argenteos,
3097 632 3152 678 et
3191 625 3264 678 ait
3298 642 3310 678 :
3353 623 3578 678 Peccavi
3616 626 3806 677 tradens

2218 716 2510 785 sanguinem
2552 716 2748 786 justum
2788 714 3008 782 (Matth.
3049 715 3140 768 27.
3182 715 3258 784 4).
3292 715 3430 784 Quid
3462 714 3566 768 hoc
3596 715 3670 768 rei
3699 717 3804 768 est?

2220 805 2352 860 Cum
2379 806 2634 860 miracula
2665 816 2961 876 patrantem
2988 805 3230 869 videres,
3262 821 3368 861 non
3406 805 3656 868 dicebas,
3685 805 3807 859 Pec-

2220 897 2332 950 cavi
2359 897 2561 952 tradens
2597 899 2896 968 sanguinem
2929 900 3166 970 justum;
3193 898 3285 954 sed
3306 940 3319 959 ,
3352 899 3496 966 Quid
3527 900 3673 954 vultis
3695 901 3808 953 mihi

2221 988 2374 1055 dare,
2417 998 2464 1042 et
2507 1005 2597 1060 ego
2642 990 2778 1044 vobis
2815 990 3014 1043 tradam
3056 990 3211 1044 eum?
3253 989 3350 1046 Ubi
3394 1001 3579 1046 autem
3623 991 3808 1044 malum

2223 1080 2444 1134 ulterius
2472 1081 2750 1150 processit,
2781 1089 2835 1134 et
2863 1081 3094 1151 proditio
3124 1081 3284 1136 finem
3323 1082 3516 1136 sortita
3547 1091 3648 1143 est.
3681 1098 3800 1151 pec-

2224 1180 2506 1241 catnmque
2532 1181 2956 1227 consummaui!“
2985 1182 3100 1238 εει,
3131 1183 3255 1228 tunc
3283 1182 3564 1244 peccatum
3600 1173 3810 1243 agnovi.

2225 1264 2310 1317 sti.
2341 1263 2477 1331 Quid
2509 1265 2669 1335 igitur
2709 1265 2834 1320 hinc
2873 1265 3162 1320 discimus?
3203 1266 3470 1320 Nimirum
3512 1266 3722 1336 quando
3764 1268 3809 1318 in

2228 1357 2454 1426 segnitie
2491 1357 2735 1428 degimus
2761 1399 2774 1422 ,
2817 1357 2949 1412 nihil
2991 1373 3087 1412 nos
3131 1357 3556 1412 admonitionem
3599 1357 3807 1426 jnvare;

2227 1451 2439 1521 quando
2481 1460 2658 1507 autem
2702 1451 2939 1507 studiose
2977 1451 3183 1521 agimus
3208 1491 3223 1516 ,
3255 1451 3416 1505 etiam
3457 1464 3487 1502 a
3528 1449 3812 1503 nobismet-

2228 1543 2356 1611 ipsis
2398 1557 2495 1596 nos
2537 1543 2744 1612 erigere
2785 1555 2961 1612 posse.
3003 1541 3448 1612 Quandoquidem
3488 1549 3540 1596 et
3583 1539 3668 1593 hic
3700 1554 3811 1594 eum

2228 1635 2481 1704 magister
2516 1633 2866 1700 admoneret,
2898 1649 3002 1687 non
3042 1633 3276 1699 audivit;
3313 1648 3437 1688 cum
3479 1647 3609 1687 vero
3651 1631 3812 1685 nullus

2229 1736 2492 1792 moneret,
2522 1726 2638 1795 ejus
2666 1727 2881 1796 propria
2913 1725 3238 1780 conscientia
3277 1734 3551 1779 commota
3581 1730 3700 1787 est;
3731 1737 3816 1776 ne-

2230 1816 2478 1887 mincque
2505 1817 2729 1872 doctore
2758 1831 2877 1872 sese
2905 1818 3166 1884 mutavit,
3197 1816 3401 1870 facinus
3428 1830 3584 1870 suum
3609 1814 3814 1868 damna-

2230 1908 2323 1972 vit,
2357 1909 2568 1976 triginta
2595 1916 2879 1977 argenteos
2911 1907 3154 1977 projecit.
3187 1907 3324 1974 Quid
3353 1908 3504 1960 vultis
3535 1906 3656 1959 mihi
3682 1905 3813 1964 dare,

2185 2023 2193 2026 -ί
2228 2008 2275 2052 et
2302 2014 2390 2068 ego
2417 1997 2552 2052 vobis
2590 1998 2790 2051 tradam
2819 1997 2974 2050 eum?
3003 1997 3070 2051 Et
3099 1997 3469 2051 constituerunt
3506 1997 3583 2062 ei,
3623 1996 3812 2065 inquit,

2231 2090 2434 2160 triginta
2477 2099 2758 2159 argenteos.
2809 2089 3044 2144 Pretium
3095 2097 3515 2160 numeravcrunt
3556 2087 3815 2157 sanguinis

2231 2183 2456 2253 pretium
2485 2199 2590 2237 non
2619 2182 2887 2238 habentis.
2916 2181 3026 2237 Cur
3052 2183 3249 2253 accipis
3279 2181 3495 2252 triginta
3527 2188 3814 2251 argenteos,

2231 2289 2263 2325 ο
2289 2272 2492 2326 ludas?
2511 2271 2691 2328 Gratis
2720 2272 2868 2327 venit
2893 2271 3139 2326 Christus
3164 2272 3479 2342 sanguinem
3509 2286 3604 2341 pro
3631 2267 3816 2323 mundo

2230 2363 2514 2427 emissurus,
2543 2378 2640 2434 pro
2666 2377 2774 2432 quo
2805 2371 2862 2416 tu
2897 2362 3222 2433 impudentia
3252 2371 3406 2432 pacta
3434 2371 3490 2416 et
3516 2360 3814 2416 conventio-

2231 2472 2326 2512 nes
2351 2457 2556 2510 statuis.
2581 2455 2718 2522 Quid
2743 2455 3104 2525 impudentius
3131 2455 3231 2510 hac
3261 2454 3548 2523 pactione?

2303 2547 2356 2601 4.
2380 2545 2525 2600 Tunc
2547 2555 2860 2600 accesserunt
2882 2546 3119 2616 discipuli
3128 2576 3215 2596 .—
3231 2545 3383 2600 Tunc
3409 2564 3422 2599 :
3445 2540 3812 2615 quandonam?

2232 2639 2363 2694 Cum
2392 2637 2510 2693 haec
2539 2638 2727 2693 ﬁerent
2749 2680 2763 2704 ,
2795 2653 2917 2694 eum
2947 2637 3176 2708 proditio
3203 2645 3565 2700 statueretur,
3593 2650 3708 2689 cum
3735 2647 3812 2686 sco

2234 2734 2404 2804 ipsum
2445 2732 2610 2788 Judas
2656 2732 2918 2803 perdidit,
2957 2733 3282 2787 Accesserant
3324 2732 3396 2785 ad
3439 2747 3555 2786 eum
3593 2728 3814 2798 discipuli

2233 2829 2473 2894 dicentes,
2505 2826 2604 2882 Ubi
2630 2827 2704 2881 vis
2731 2843 2965 2898 paremus
2992 2827 3081 2880 tibi
3101 2825 3359 2880 comedere
3392 2824 3592 2878 Pascha
3616 2821 3812 2895 (Matth.

2231 2917 2321 2974 26.
2350 2919 2435 2971 l7.
2464 2928 2510 2971 et
2539 2916 2663 2989 l4)?
2692 2917 2880 2972 Vidisti
2908 2916 3263 2987 discipulum?
3289 2915 3473 2970 vidisti
3499 2911 3818 2982 discipulos?

2235 3010 2325 3065 llle
2354 3010 2531 3080 prodit
2557 3009 2862 3073 Dominum,
2893 3007 2946 3062 hi
2975 3008 3044 3063 de
3071 3007 3333 3064 Paschate
3357 3015 3552 3062 curant.
3581 3025 3593 3059 :
3622 3005 3705 3058 ille
3733 3018 3814 3071 pa-

2233 3111 2315 3157 cta
2343 3102 2462 3169 init,
2493 3101 2546 3154 hi
2577 3100 2643 3155 ad
2674 3099 3029 3155 ministerium
3055 3107 3334 3168 apparant.
3364 3098 3559 3153 Iisdem
3588 3106 3637 3150 et
3665 3093 3746 3147 hic
3768 3099 3815 3144 et

2234 3193 2310 3247 illi
2355 3190 2630 3246 miraculis
2672 3190 3008 3252 elaruerant,
3050 3188 3235 3243 eadem
3280 3188 3530 3243 doctrina
3573 3181 3811 3245 instituti,

2232 3283 2419 3338 eadem
2453 3290 2717 3351 potestate
2743 3281 2951 3350 praediti
2977 3299 2989 3335 :
3017 3281 3282 3335 undenam
3311 3279 3574 3334 mutatio?
3599 3277 3676 3330 Ex
3707 3287 3816 3342 pro-

2234 3374 2425 3444 posito.
2470 3373 2596 3428 llmc
2635 3373 2876 3428 omnium
2922 3372 3118 3443 ubique
3165 3387 3320 3427 causa
3372 3381 3433 3428 et
3475 3371 3728 3426 bonorum
3764 3372 3813 3420 et

2233 3467 2520 3520 malorum.
2563 3465 2660 3521 Ubi
2689 3466 2762 3520 vis
2789 3483 3026 3536 paremus
3052 3467 3140 3520 tibi
3169 3466 3434 3522 comedere
3458 3463 3696 3520 Pascha?
3721 3460 3814 3516 llo-

2233 3558 2420 3613 dierna
2465 3559 2578 3613 haec
2615 3573 2839 3629 vespera
2883 3568 3007 3614 tunc
3047 3567 3163 3614 erat
3194 3575 3206 3613 :
3236 3558 3358 3627 quia
3393 3558 3554 3628 igitur
3581 3552 3812 3609 Dominus

2232 3650 2450 3706 domum
2475 3667 2582 3705 non
2608 3650 2857 3716 habebat,
2886 3648 3006 3705 ideo
3031 3649 3214 3705 dicunt
3239 3649 3309 3704 illi
3339 3667 3351 3703 :
3379 3649 3483 3705 Ubi
3507 3649 3578 3702 vis
3599 3657 3812 3717 parcum

2232 3742 2320 3796 tibi
2348 3742 2606 3796 comedere
2637 3741 2886 3796 Pascha?
2913 3741 3029 3796 Non
3057 3741 3315 3796 habemus
3342 3737 3694 3797 diversorium
3723 3732 3808 3787 dc-

2234 3833 2460 3901 tinitum,
2495 3849 2603 3889 non
2632 3833 3055 3899 tabernaculum,
3080 3850 3188 3890 non
3221 3835 3464 3890 domum.
3491 3834 3696 3888 Discant
3725 3826 3808 3886 illi,

2232 3925 2320 3996 qui
2347 3925 2652 3996 Splendidas
2679 3933 2997 3980 construunt
3021 3927 3232 3988 domos,
3263 3927 3400 3980 latas
3433 3926 3683 3996 porticus,
3706 3922 3808 3973 ton-

2230 4035 2293 4088 ga
2344 4027 2528 4088 septa,
2573 4017 2840 4074 Christum
2889 4033 2993 4073 non
3042 4017 3293 4073 habuisse
3339 4017 3432 4073 ubi
3476 4023 3630 4086 caput
3671 4022 3806 4066 suum

2232 4108 2518 4164 reclinaret
2538 4109 2749 4179 (Matth.
2779 4110 2832 4165 8.
2855 4109 2970 4181 20).
2993 4110 3350 4179 Quamobrem
3379 4109 3702 4175 interrogant
3722 4099 3804 4161 illi.

2237 4204 2333 4259 Ubi
2359 4205 2430 4259 vis
2457 4221 2691 4275 paremus
2719 4205 2806 4259 tibi
2835 4205 3092 4258 comedere
3119 4203 3320 4257 Pascha
3343 4204 3368 4257 ?
3395 4202 3564 4272 Quale
3589 4191 3808 4254 Pascha?

2231 4295 2345 4350 Non
2379 4295 2481 4350 hoc
2507 4307 2748 4351 nostrum
2769 4339 2784 4364 ,
2811 4297 2905 4352 sed
2927 4296 3141 4352 interim
3181 4295 3486 4351 Judaicum.
3517 4290 3644 4346 Illud
3680 4285 3806 4340 enim

2232 4389 2474 4459 discipuli
2507 4399 2857 4460 paraverunt,
2888 4389 2990 4444 hoc
3018 4405 3146 4445 vero
3172 4397 3416 4444 nostrum
3443 4388 3554 4457 ipse
3581 4375 3802 4453 paravit:

2233 4499 2405 4555 neque
2433 4484 2605 4538 solum
2639 4484 2752 4554 ipse
2777 4484 3010 4554 paravit,
3044 4482 3136 4538 sed
3165 4483 3326 4538 etiam
3358 4481 3475 4550 ipse
3512 4473 3706 4533 Pascha
3731 4465 3803 4521 ef—

2231 4573 2402 4629 fectus
2426 4581 2526 4629 est.
2557 4573 2655 4628 Ubi
2681 4575 2754 4628 vis
2780 4590 3011 4644 paremus
3036 4574 3124 4628 tibi
3151 4572 3408 4627 comedere
3435 4565 3666 4625 Pascha?
3684 4556 3799 4615 illud

2229 4664 2509 4720 Judaieum
2549 4664 2754 4720 Pascha
2795 4672 2946 4732 erat,
2975 4664 3104 4720 illud
3145 4665 3198 4720 in
3229 4662 3463 4735 )Egypto
3492 4656 3689 4715 initium
3715 4649 3801 4703 ha—

2231 4755 2438 4810 buerat.
2481 4755 2594 4823 Qua
2641 4771 2768 4826 ergo
2807 4755 2875 4810 de
2919 4770 3078 4810 causa
3108 4755 3353 4811 Christus
3392 4750 3518 4808 illud
3556 4735 3803 4803 comedit?

2230 4848 2361 4916 Quia
2385 4849 2572 4919 legalia
2594 4847 2772 4902 omnia
2798 4847 3060 4918 implevit.
3089 4848 3297 4903 Etenim
3319 4861 3438 4901 eum
3461 4833 3801 4928 baptizabatttr

2229 4939 2438 4995 dicebat
2469 4956 2481 4990 :
2513 4938 2602 4993 Sic
2628 4939 2760 4992 enim
2788 4939 3014 4994 convenit
3045 4938 3187 4992 nobis
3213 4938 3422 5008 implere
3448 4944 3635 4988 omnem
3653 4925 3800 4994 justi-

2232 5031 2354 5082 tiam
2383 5029 2590 5101 (Matth.
2623 5031 2675 5085 5.
2707 5028 2818 5099 15).
2851 5029 2984 5085 Veni
3022 5028 3293 5084 hominem
3319 5027 3582 5082 redimere
3605 5031 3666 5072 ex
3693 5023 3797 5066 ma-

2230 5121 2422 5177 ledicto
2461 5121 2595 5191 legis
2631 5139 2644 5176 :
2675 5136 2798 5176 nam
2829 5119 2970 5175 Deus
2997 5119 3192 5174 Filium
3216 5136 3365 5173 suum
3391 5115 3524 5171 misit
3557 5117 3718 5165 uatum

2229 5214 2454 5279 muliere,
2489 5189 2679 5284 {dctum
2704 5212 2797 5267 sub
2821 5212 2948 5282 lege,
2977 5219 3029 5265 ut
3055 5227 3138 5266 eos
3163 5211 3250 5279 qui
3273 5210 3365 5264 sub
3389 5209 3495 5278 lege
3516 5206 3650 5258 erant
3675 5189 3797 5284 red!"

2229 5311 2381 5357 meret
2423 5283 2617 5374 (Galat.
2657 5303 2714 5358 4.
2753 5304 2806 5358 4.
2838 5303 2917 5374 5),
2947 5311 3001 5358 et
3031 5303 3199 5372 legem
3225 5301 3525 5371 abrogaret.
3556 5290 3628 5346 Nc
3652 5283 3794 5354 igitur

2227 5395 2346 5464 quis
2367 5394 2590 5458 diceret,
2611 5393 2735 5450 Ideo
2755 5393 3054 5464 abrogavit,
3075 5392 3194 5461 quia
3220 5392 3439 5461 implere
3460 5400 3560 5442 non
3583 5378 3792 5450 poterat,

2229 5496 2415 5557 υἱΡοιθ
2458 5501 2718 5557 gravem,
2760 5500 3044 5541 onerosam
3087 5499 3151 5539 ac
3187 5483 3497 5540 difﬁcilem;
3536 5473 3790 5544 postquam

2229 5593 2291 5632 ea
2317 5620 2333 5644 ,
2365 5593 2483 5647 qua:
2521 5577 2588 5632 ad
2634 5578 2801 5647 ipsam
2845 5576 3156 5647 spectabant
3181 5617 3196 5642 ,
3234 5576 3411 5630 omnia
3454 5558 3791 5652 implevissef:

2233 5680 2358 5726 tunc
2382 5671 2539 5726 solvit
2570 5671 2731 5725 illam.
2767 5670 2890 5725 Ideo
2919 5669 3119 5724 Pascha
3149 5669 3291 5734 fecit,
3324 5666 3453 5736 legis
3485 5658 3618 5715 enim
3639 5650 3788 5736 jussio

2233 5763 2432 5820 Pascha
2454 5772 2588 5819 erat.
2615 5763 2722 5817 Cur
2753 5763 2834 5818 lex
2869 5760 3067 5816 Pascha
3091 5759 3372 5817 comedere
3399 5747 3581 5827 jussit?
3607 5727 3787 5807 Iusta“
