4100 6464
305 347 403 406 δῗτ

308 468 519 538 ἔχοντες
576 463 670 519 καὶ
697 459 993 537 λαμπὸδας
1023 468 1117 522 καὶ
1144 469 1277 536 φῶς,
1297 465 1446 535 λέγει
1472 465 1657 527 αὐτοῖς
1675 479 1692 494 ⁸
1739 465 1879 520 Τίνα

309 548 561 619 (mefre:
593 548 686 600 καὶ
725 549 954 619 ἠγνόουν
976 550 1035 604 δν
1062 549 1293 621 ἡμελλον
1337 548 1748 618 συλλαμϐάνειν.
1779 547 1881 603 Το-

306 632 495 687 σοῦτον
541 632 733 703 ἀπεῖχε
785 632 882 687 τοῦ
920 626 1213 704 δυνηθῆναι
1255 631 1588 704 παραδοῦναι
1645 632 1805 685 αὐτὸν
1854 633 1884 685 6

316 715 536 781 Ἰούδας,
592 716 676 772 ὅτι
722 716 845 770 οὐδὲ
882 717 1031 787 ἐώρα
1077 716 1338 790 παρόντα,
1372 716 1432 769 ὃν
1465 715 1665 786 ἤμελλε
1708 732 1886 786 παρα-

304 798 514 865 δώσειν,
556 800 650 854 καὶ
700 800 873 855 ταῦτα
918 801 1217 873 λαμπάδων
1252 799 1425 854 οὐσῶν
1472 799 1569 853 καὶ
1597 798 1773 869 φωτὸς
1796 816 1884 853 το-

310 881 520 936 σούτου.
537 883 658 937 Ὀτι
681 883 791 953 γάρ
813 884 970 937 τοῦτο
997 882 1217 955 ᾐνίξατο
1244 885 1273 936 6
1295 881 1705 952 εύαγγελιστὴς,
1727 881 1882 954 φησί’

309 965 621 1036 Λαμπάδας
645 961 790 1037 εἶχον
820 965 915 1020 καῖ
937 966 1071 1036 φῶς,
1094 966 1186 1018 καὶ
1214 965 1312 1035 οὐχ
1339 963 1526 1036 ἐώρων
1559 963 1742 1017 αὐτόν.

378 1049 490 1103 Καὶ
514 1047 636 1102 καθ’
666 1048 904 1117 ἑκάστην
926 1049 983 1103 δέ
1011 1048 1173 1102 αὐτὸν
1208 1048 1627 1118 ὑπεμίμνησκεν
1650 1045 1885 1115 ἡμέραν,

306 1130 403 1185 καὶ
423 1131 490 1185 δι’
515 1131 712 1202 ἔργων,
766 1132 859 1186 καὶ
895 1131 984 1186 διά
1034 1132 1313 1203 ῥημάτων,
1341 1130 1555 1194 δεικνὺς
1587 1130 1670 1182 ὅτι
1705 1129 1766 1181 ού
1794 1128 1889 1198 λή-

310 1232 463 1269 σεται
501 1215 804 1288 προδιδούς.
859 1216 970 1270 Καὶ
1009 1214 1134 1269 οὔτε
1182 1212 1434 1286 φανερῶς
1464 1212 1627 1268 αὑτὸν
1659 1211 1888 1283 ἧλεγχεν

309 1305 403 1356 ἐπὶ
434 1302 672 1368 πάντων,
695 1301 837 1356 ὥστε
890 1305 966 1374 μὴ
1007 1301 1491 1372 ἀναισχυντότερον
1522 1299 1685 1354 αὐτὸν
1723 1298 1890 1370 ὲργάο

311 1385 508 1441 σασθαι
528 1403 542 1416 ο
564 1384 689 1439 οὕτε
722 1383 1068 1456 παρεσιώπα,
1102 1385 1191 1438 ἴνα
1222 1382 1298 1456 μὴ
1324 1382 1559 1455 νομίζων
1585 1382 1887 1449 λανθάνειν,

308 1467 479 1532 ἀδεῶς
510 1469 761 1539 ἐπιχειρῇ
795 1467 894 1537 τὴν
917 1466 1227 1537 προδοσίαν,
1259 1466 1395 1519 ἀλλά
1421 1464 1658 1536 συνεχῶς
1680 1464 1887 1532 ἔλεγεν,

310 1547 419 1619 Εἲς
448 1550 518 1617 ἐξ
547 1550 713 1621 ὑμῶν
745 1550 1087 1618 παραδώσει
1136 1567 1244 1619 με·
1305 1550 1366 1603 ού
1419 1549 1601 1620 μέντοι
1659 1546 1891 1619 φανερὸν

312 1635 473 1688 αὑτὸν
505 1632 759 1705 καθίστη.
797 1632 1032 1696 Πολλοὺς
1069 1632 1126 1685 δὲ
1172 1632 1268 1685 καὶ
1300 1631 1429 1703 περὶ
1459 1631 1682 1702 γεέννης
1709 1629 1892 1699 διῆλθε

306 1717 521 1787 λόγους,
552 1716 778 1780 πολλοὺς
803 1717 897 1771 καὶ
923 1717 1050 1788 περὶ
1083 1715 1380 1786 βασιλείας,
1413 1716 1505 1769 καὶ
1527 1713 1625 1785 τὴν
1652 1713 1737 1783 ἐφ’
1766 1712 1894 1766 ἐκά-

308 1819 444 1874 τερα
474 1800 703 1874 δύναμιν
754 1799 1086 1866 ἐπεδείξατο,
1136 1799 1238 1871 τὴν
1283 1800 1341 1852 ἐν
1371 1798 1447 1870 τῷ
1488 1798 1736 1864 κολάζειν
1768 1798 1894 1860 τοὺς

308 1884 744 1955 ἁμαρτάνοντας,
797 1882 893 1936 καὶ
936 1882 1036 1955 τὴν
1086 1882 1144 1934 ἐν
1185 1880 1265 1953 τῷ
1311 1881 1478 1952 τιμᾷν
1521 1882 1649 1944 τοὺς
1696 1896 1894 1949 κατορ-

310 1965 559 2031 θοῦντας.
601 1965 759 2020 Ἀλλά
797 1964 971 2019 ταῦτα
1011 1965 1190 2019 πάντα
1227 1965 1433 2027 ἐκεῖνος
1461 1962 1892 2036 παρεκρούσατο,

308 2050 343 2101 6
391 2049 448 2102 δὲ
493 2046 625 2113 Θεὸς
660 2047 749 2120 βία
798 2049 898 2118 οὐχ
942 2048 1212 2101 εἵλκυσεν.
1258 2045 1477 2117 Ἐπειδὴ
1524 2046 1634 2117 γὰρ
1674 2045 1897 2116 κυρίους

306 2131 460 2202 ἡμᾶς
491 2131 715 2201 ἐποίησε
736 2132 830 2185 καὶ
855 2132 951 2201 τῆς
981 2130 1089 2184 τῶν
1105 2129 1325 2199 φαύλων
1376 2131 1471 2182 καὶ
1497 2129 1594 2198 τῆς
1618 2127 1727 2181 τῶν
1756 2128 1896 2196 ἀγα-

313 2213 426 2267 θῶν
475 2213 725 2285 πράξεων
760 2215 1045 2285 αἱρέσεως,
1092 2215 1185 2267 καὶ
1214 2212 1441 2275 ἑκόντας
1485 2207 1620 2265 εἶναι
1651 2209 1897 2281 βούλεται

262 2362 265 2363 ν
308 2296 547 2361 καλούς·
579 2296 666 2350 διά
717 2297 896 2363 τοῦτο,
930 2297 997 2351 ἀν
1044 2296 1119 2367 μὴ
1174 2294 1518 2367 βουλοίμεθα,
1563 2296 1624 2347 ού
1652 2293 1897 2365 βιάζεται

308 2381 425 2434 οὐδ’
456 2379 756 2449 ἀναγκάζει
774 2396 788 2409 ·
819 2380 880 2435 τὸ
901 2379 1010 2451 γάρ
1036 2379 1327 2450 βιασθέντα
1350 2373 1489 2432 εἶναι
1511 2378 1767 2449 χρηστὸν,
1798 2376 1899 2431 οὐκ

310 2465 461 2518 ἐστιν
490 2460 629 2518 εἶναι
663 2463 919 2535 χρηστόν.
967 2462 1120 2516 Ἐπεὶ
1149 2458 1241 2517 οὖν
1261 2464 1517 2525 κάκεῖνος
1549 2461 1777 2532 γνώμης
1800 2460 1901 2514 κύ-

312 2565 432 2622 ριος
468 2542 558 2619 ἦν,
598 2547 694 2600 καὶ
726 2549 784 2601 ἐν
817 2546 1033 2619 ἐξουσία
1059 2545 1153 2599 τοῦ
1193 2546 1268 2619 μὴ
1308 2544 1618 2615 πεισθῆναι,
1644 2546 1737 2598 καὶ
1765 2544 1900 2615 πρὸς

310 2631 678 2703 φιλαργυρίαν
730 2629 806 2702 μὴ
862 2631 1178 2697 ἀποκλῖναι,
1218 2627 1308 2683 διά
1341 2627 1502 2682 τοῦτο
1536 2626 1901 2696 ἀπετυφλώθη

308 2714 415 2786 τὴν
437 2714 694 2776 διάνοιαν,
729 2715 824 2766 καὶ
852 2714 952 2785 τὴν
970 2712 1245 2783 σωτηρίαν
1261 2710 1357 2782 τὴν
1374 2709 1566 2763 ἐαυτοῦ
1594 2710 1870 2781 προέδωκε
1885 2725 1898 2737 °

310 2797 412 2852 καί
435 2813 597 2869 φησι,
633 2798 693 2850 Τί
713 2795 919 2849 θέλετέ
963 2812 1064 2865 μοι
1094 2794 1324 2856 δοῦναι,
1362 2792 1523 2862 κάγὼ
1544 2791 1686 2862 ὑμῖν
1717 2808 1904 2861 παρα-

310 2879 488 2935 δώσω
518 2881 737 2942 αὑτόν;
786 2878 1054 2947 Ἐλέγχων
1082 2877 1261 2930 τοίνυν
1305 2875 1400 2929 τοῦ
1432 2875 1549 2938 νοὸς
1599 2873 1769 2929 αὐτοῦ
1802 2877 1903 2946 τὴν

310 2962 590 3032 τύφλωσιν
621 2961 715 3016 καὶ
765 2960 861 3032 τὴν
912 2960 1170 3014 ἀπόνοιαν
1206 2961 1236 3013 6
1270 2958 1678 3028 εύαγγελιστὴς,
1715 2957 1899 3029 φησίν’

328 3049 421 3102 Ἐν
447 3046 527 3117 τῷ
554 3044 731 3117 καιρῷ
748 3045 850 3115 τῆς
874 3044 1062 3114 ἐφόδου
1082 3045 1111 3096 6
1141 3041 1341 3106 Ἰούδας
1359 3042 1601 3112 εἱστήκει
1617 3041 1784 3110 ἐγγὺς
1808 3040 1904 3094 αὐ»

309 3130 447 3195 τῶν,
472 3131 677 3193 ἐκεῖνος
707 3129 736 3180 6
783 3126 981 3181 εἰπών·
1015 3126 1077 3181 Τί
1112 3124 1316 3180 θέλετέ
1349 3142 1452 3194 μοι
1484 3122 1716 3187 δοῦναι,
1742 3122 1905 3194 κάγὼ

312 3213 463 3284 ὑμῖν
495 3211 826 3281 παραδώσω
855 3210 1042 3265 αὐτόν
1063 3226 1083 3276 ;
1101 3209 1216 3263 Οὐκ
1253 3207 1503 3262 ἐντεῦθεν
1532 3205 1590 3260 δὲ
1610 3208 1768 3278 μόνον
1790 3206 1904 3260 ἐστι

313 3295 615 3350 θεάσασθαι
634 3284 732 3367 τὴν
765 3292 990 3364 δύναμιν
1017 3291 1109 3346 τοῦ
1134 3289 1397 3364 Χριστοῦ,
1419 3289 1534 3343 ἀλλ’
1560 3290 1642 3343 ὅτι
1669 3289 1765 3343 καὶ
1793 3306 1907 3359 φωρ

314 3380 415 3451 νὴν
450 3376 679 3448 ἀφέντος
711 3376 860 3449 [581]
893 3376 1076 3447 ψιλὴν,
1095 3374 1339 3457 ἀπῆλθον
1367 3374 1462 3428 καὶ
1485 3373 1679 3428 ἔπεσον
1709 3374 1902 3445 χαμαί.

342 3460 565 3531 Ἐπειδὴ
599 3460 657 3514 δὲ
694 3459 814 3514 οὐδὲ
844 3459 1016 3523 οὕτως
1051 3456 1347 3528 ἀφίσταντο
1372 3459 1471 3530 τῆς
1507 3456 1905 3529 ἀναισχυντίας,

309 3545 506 3599 λοιπὸν
535 3543 722 3596 ἐαυτὸν
749 3543 1102 3612 παραδίδωσι,
1138 3542 1419 3614 μονονουχὶ
1441 3544 1643 3611 λέγων·
1674 3540 1817 3610 Ἐγὼ
1848 3543 1909 3596 τὺ

312 3628 561 3701 ἐμαυτοῦ
599 3627 717 3680 ὅλον
752 3627 1006 3697 ἐποίησα,
1053 3626 1155 3696 τὴν
1194 3625 1425 3695 δύναμιν
1471 3623 1777 3695 ἐξεκάλυψα
1809 3625 1911 3696 τὴν

313 3710 581 3783 ἐμαυτοῦ,
603 3709 780 3775 ἔδειξα
807 3710 890 3762 ὅτι
915 3708 1197 3770 ἀδυνάτοις
1218 3709 1543 3778 ἐπιχειρεῖτε
1570 3708 1907 3780 πράγμασιν.

329 3792 671 3866 Ἧϐουληθην
703 3790 1053 3845 καταστεῖλαι
1092 3790 1247 3861 ὑμῶν
1274 3790 1370 3860 τὴν
1406 3788 1693 3859 πονηρίαν·
1722 3789 1909 3859 ἐπειδὴ

311 3875 381 3931 δὲ
411 3876 568 3948 ὑμεῖς
601 3877 701 3929 ούκ
726 3873 1087 3946 ἡϐουλήθητε,
1113 3872 1227 3926 ἀλλ’
1256 3871 1542 3942 ἐπιμένετε
1572 3871 1911 3942 παραπαίον-

312 3976 435 4023 τες,
461 3959 568 4012 ίδοὺ
598 3956 943 4029 παραδίδωμι
965 3957 1225 4028 ἐμαυτόν.
1264 3954 1450 4008 Ταῦτα
1478 3954 1534 4007 δέ
1568 3971 1656 4024 μοι
1677 3953 1909 4026 εἴρηται,

316 4042 412 4097 ἶνα
436 4041 511 4113 μὴ
534 4039 881 4113 κατηγορῶσί
909 4056 1054 4101 τινες
1095 4037 1186 4092 τοῦ
1229 4035 1485 4109 Χριστοῦ,
1520 4037 1787 4105 λέγοντες·
1815 4037 1913 4091 Διά

314 4124 378 4178 τί
406 4125 466 4177 ού
498 4122 761 4194 μετέϐαλε
813 4122 904 4175 τὸν
930 4120 1130 4176 Ἰούδαν
1153 4137 1171 4187 ;
1213 4122 1303 4175 διά
1334 4120 1387 4172 τί
1414 4120 1515 4172 ούκ
1537 4120 1790 4190 ἐποίησεν
1815 4120 1914 4174 αύ-

311 4207 415 4261 τδν
445 4204 696 4277 σώφρονα
727 4206 825 4258 καὶ
854 4205 1112 4276 ἐπιεικῆ;
1146 4202 1272 4268 Πῶς
1304 4204 1411 4257 ἔδει
1439 4203 1656 4273 ἐπιεικῆ
1690 4202 1915 4274 ποιῆσαι

315 4289 515 4356 αὐτόν;
542 4288 830 4360 ἀνάγκῃ,ἢ
856 4287 1050 4360 γνώμῃ
1077 4306 1091 4355 ;
1123 4287 1185 4341 Εῖ
1221 4287 1320 4359 μὲν
1355 4287 1592 4359 ἀνάγκῃ,
1614 4286 1723 4340 οὐδ’
1743 4286 1917 4351 οὕτως

317 4372 554 4443 ἔμελλεν
592 4372 813 4426 ἔσεσθαι
844 4369 1070 4442 βελτίων
1089 4387 1103 4400 ·
1130 4370 1304 4434 οὐδεὶς
1347 4370 1455 4442 γὰρ
1486 4369 1698 4441 ἀνάγκη
1718 4369 1915 4439 γένοιτ’

319 4455 395 4510 ἂν
416 4455 651 4525 ἀγαθός·
693 4457 743 4509 εῖ
775 4456 832 4509 δέ
884 4453 1082 4528 γνώμῃ
1131 4453 1227 4507 καὶ
1271 4452 1610 4526 προαιρέσει,
1643 4453 1824 4508 πάντα
1848 4454 1919 4507 τά

314 4540 595 4610 δυνάμενα
638 4538 931 4609 διορθῶσαι
994 4538 1316 4609 προαίρεσιν
1368 4537 1464 4590 καὶ
1526 4534 1753 4607 γνώμην
1806 4538 1919 4591 εἰσ-

315 4625 576 4696 ήνεγκεν.
614 4621 679 4675 Et
707 4621 763 4674 δέ
817 4622 892 4693 μὴ
930 4620 1198 4691 ἐϐουλήθη
1230 4618 1482 4686 δέξασθαι
1509 4618 1571 4671 τὸ
1597 4619 1914 4690 φάρμακον,

316 4707 387 4760 οὐ
414 4706 507 4760 τοῦ
536 4703 723 4777 ἰατροῦ
767 4703 830 4758 τὸ
879 4702 1154 4775 ἔγκλημα,
1204 4702 1340 4756 ἀλλά
1368 4701 1461 4755 τοῦ
1495 4702 1593 4773 τὴν
1624 4702 1917 4773 θεραπείαν

317 4785 814 4861 διακρουσαμένου.
845 4785 990 4856 Ὅρα
1017 4782 1112 4840 οὖν
1134 4786 1237 4841 ὅσα
1280 4785 1556 4857 ἐποίησεν,
1587 4782 1728 4837 ὥστε
1755 4785 1917 4839 αὑτὸν

322 4869 742 4942 ἀνακτήσασθαι
767 4867 863 4921 καὶ⁸
882 4867 1171 4922 διασῶσαι.
1218 4867 1529 4923 Ἐδίδασκεν
1552 4867 1714 4922 αὐτὸν
1740 4869 1919 4922 πᾶσαν

323 4953 645 5025 φιλοσοφίαν
681 4951 770 5005 διά
819 4950 1186 5025 πραγμάτων,
1211 4949 1299 5003 διὰ
1334 4951 1617 5023 ῥημάτων,
1647 4950 1920 5022 ἀνώτερον

322 5038 492 5093 αὐτὸν
537 5035 647 5090 τῶν
682 5035 951 5107 δαιμόνων
1000 5033 1251 5104 ἐποίησε,
1293 5033 1549 5105 θαύματα
1592 5033 1919 5106 ἐργάζεσθαι

326 5120 504 5176 πολλά
523 5119 963 5191 παρεσκεύασεν,
989 5117 1223 5187 ἐφόϐησε
1238 5119 1304 5189 τῇ
1330 5116 1430 5187 τῆς
1451 5116 1672 5188 γεέννης
1695 5116 1915 5189 ἀπειλῇ,

326 5202 705 5277 προετρέψατο
734 5204 802 5275 τῇ
853 5202 953 5274 τῆς
1005 5198 1283 5271 βασιλείας
1325 5197 1662 5270 ἐπαγγελία·
1725 5200 1918 5270 ἤλεγξε

325 5286 594 5356 διηνεκῶς
638 5287 710 5339 τά
740 5285 1029 5358 ἀπόρρητα
1084 5280 1250 5336 αὐτοῦ
1286 5280 1651 5353 βουλεύματα,
1682 5280 1919 5353 ἐλέγχων

325 5370 387 5424 δέ
409 5369 511 5422 οὐκ
533 5368 850 5440 ἐδημοσίευε
872 5384 889 5400 ’
908 5370 1038 5430 τοὺς
1064 5366 1231 5429 πόδας
1253 5362 1419 5419 αὐτοῦ
1442 5362 1581 5434 μετὰ
1610 5364 1719 5417 τῶν
1745 5366 1919 5420 ἀλλων

327 5452 533 5521 ἔνιψεν,
562 5451 708 5505 ἀλῶν
736 5452 887 5523 αὐτῷ
901 5449 1294 5522 καὶτραπέζης
1321 5446 1678 5517 ἐκοινώνησεν
1695 5461 1710 5476 ο
1741 5446 1913 5516 ούδὲν,

331 5536 393 5590 οὐ
431 5534 694 5607 μικρὸν,ῆ
726 5536 871 5606 μέγα
893 5534 1168 5589 ἐνέλιπενο
1199 5535 1229 5586 6
1252 5533 1310 5586 δὲ
1330 5530 1472 5586 ἑκὼν
1495 5529 1709 5601 ἔμεινεν
1735 5531 1918 5603 ἀδιόρ-

332 5622 524 5682 θωτος.
561 5622 672 5674 Καὶ
698 5619 785 5672 ἵνα
815 5618 1017 5690 μάθῃς,
1039 5618 1122 5670 δτι
1150 5616 1376 5680 δυνατὸς
1408 5614 1484 5670 ὢν
1517 5614 1918 5687 μεταϐαλέσθαι

332 5705 432 5757 οὐκ
457 5701 741 5774 ἠθέλησεν,
777 5701 914 5755 ἀλλά
942 5702 1044 5769 τῆς
1069 5700 1236 5754 αὐτοῦ
1273 5698 1544 5770 ῥᾳθυμίας
1560 5698 1622 5752 τὸ
1653 5699 1760 5752 πᾶν
1793 5696 1921 5765 ἐγέ-

333 5801 472 5849 νετο,
500 5784 746 5840 ἄκουσον.
789 5783 1006 5855 Ἐπειδὴ
1024 5782 1132 5856 γάρ
1156 5784 1473 5855 παρέδωκεν
1493 5781 1674 5849 αὐτὸν,
1716 5780 1908 5854 ἔρριψε

1334 348 1423 403 DE
1457 339 1877 407 PRODITIONE
1910 347 2108 408 ιυωε
2170 348 2403 408 HOMIL.
2442 351 2485 406 l.

3448 354 3558 413 578

1981 467 2052 521 τά
2073 466 2364 537 τριάκοντα
2387 465 2649 539 ἀργύρια.
2680 466 2773 522 καί
2813 480 3001 540 φησιν’
3045 468 3340 539 Ἥμαρτον
3378 486 3564 540 παρα-

1981 547 2128 614 δοὺς
2155 544 2299 617 αἷμα
2329 549 2584 605 δίκαιον.
2632 551 2699 605 Τί
2743 551 3004 621 γέγονεν;
3042 553 3171 607 Ὅτε
3222 553 3567 626 θαυματουρ-

1983 632 2182 700 γοῦντα
2218 627 2374 696 εἶδες,
2403 633 2504 687 οὐκ
2544 632 3054 705 ἕλεγες,”Ημαρτω·
3089 637 3394 707 παραδοὺς
3422 633 3568 710 αἷμα

1984 714 2208 771 ἀθῶον·
2259 716 2416 780 ἀλλὰ,
2468 718 2529 771 Τί
2570 717 2775 774 θέλετέ
2809 737 2913 788 μοι
2961 719 3193 788 δοῦναι,
3235 723 3398 792 κάγὼ
3423 723 3569 792 ὑμῖν

1985 795 2318 866 παραδώσω
2332 800 2554 860 αὐτόνς
2584 801 2798 872 Ἐπειδὴ
2823 801 2881 855 δὲ
2896 802 2957 855 τὸ
2984 804 3153 857 κακὸν
3185 804 3563 876 προεχώρησε,

1985 882 2079 934 καὶ
2112 882 2146 950 η
2176 881 2434 952 προδοσία
2454 882 2604 946 τέλος
2627 882 2775 954 ἔσχε,
2806 884 2900 938 καὶ
2919 886 2950 955 ἡ
2968 885 3214 957 ἁμαρτία
3236 888 3563 958 ἀπήρτιστο,

1984 964 2106 1018 τότε
2139 965 2383 1034 ἐπέγνως
2415 966 2515 1036 τὴν
2562 967 2857 1038 ἀμαρτίαι.
2897 969 2963 1021 Τί
3001 964 3095 1023 οὖν
3144 969 3393 1024 ἐντεῦθεν
3427 988 3568 1042 μαν-

1987 1047 2255 1119 θάνομινς
2290 1049 2413 1101 Ὅτι
2454 1049 2580 1102 ὅταν
2632 1051 2731 1120 μὲν
2765 1050 3119 1123 ρᾳθυμῶμεν,
3152 1053 3274 1106 οὐδὲ
3301 1060 3566 1125 παραίνε-

1989 1148 2073 1195 σις
2099 1131 2247 1201 ἡμᾶς
2298 1130 2500 1200 ὠφελεῖ
2519 1147 2533 1159 θ
2585 1131 2712 1186 ὅταν
2740 1132 2796 1186 δὲ
2844 1132 3254 1205 σπουδάζωμεν,
3281 1136 3374 1189 καὶ
3414 1137 3571 1189 αὐτοὶ

1987 1214 2080 1284 ἀφ’
2110 1213 2318 1268 ἐαυτῶν
2345 1214 2695 1285 διαναστῆναι
2736 1216 3030 1287 δυνάμεθα.
3068 1219 3177 1271 Καὶ
3215 1217 3324 1290 γὰρ
3363 1221 3459 1273 καὶ
3480 1215 3571 1274 οῦ-

1988 1316 2100 1362 τος,
2128 1299 2219 1353 ὅτε
2241 1296 2474 1369 παρῄνει
2509 1300 2608 1369 μὲν
2636 1303 2664 1354 6
2688 1300 3027 1366 διδάσκαλος,
3073 1303 3174 1356 οὐκ
3220 1303 3444 1374 ἤκουεν·
3478 1305 3570 1358 ὅτε

1989 1380 2047 1434 δὲ
2071 1381 2244 1444 οὐδεὶς
2270 1375 2340 1451 ἦν
2371 1382 2401 1433 6
2446 1382 2752 1452 παραινῶν,
2791 1383 2853 1436 τὸ
2884 1384 3081 1437 οἰκεῖον
3117 1385 3356 1449 συνειδὸς
3398 1387 3570 1441 ἐπάν-ο

1991 1462 2145 1534 έστη.
2186 1464 2279 1516 καὶ
2311 1462 2538 1533 μηδενὸς
2571 1464 2724 1528 ὄντος
2749 1464 3068 1520 διδασκάλου
3101 1467 3443 1537 μετεϐάλετο,
3477 1470 3573 1523 καὶ

1993 1546 2238 1613 κατέγνω
2253 1544 2362 1599 τῶν
2389 1546 2827 1618 τετολμημένων,
2852 1548 2948 1602 καὶ
2977 1548 3169 1621 ἔρριψε
3193 1550 3263 1602 τά
3281 1551 3573 1621 τριάκοντα

1992 1629 2249 1701 ἀργύρια.
2295 1630 2355 1683 Τί
2379 1630 2586 1686 θέλετέ
2614 1648 2718 1700 μοι
2758 1629 2989 1696 δοῦναι,
3020 1631 3184 1702 κάγὼ
3214 1633 3359 1700 ὑμῖν
3388 1651 3576 1703 παραυ

1992 1712 2164 1766 δώσω
2199 1714 2417 1779 αὐτόν;
2449 1715 2559 1769 Καὶ
2612 1714 2908 1782 ἔστησαν,
2966 1718 3153 1785 φησὶν,
3206 1715 3366 1782 αὺτῷ
3418 1718 3576 1786 τριά-

1994 1811 2178 1849 κοντα
2229 1796 2499 1865 ἀργύρια.
2557 1796 2734 1867 Τιμὴν
2782 1796 3083 1850 κατέϐαλον
3134 1797 3363 1867 αἵματος
3408 1799 3576 1871 τιμὴν

1994 1879 2094 1931 οὐκ
2126 1878 2358 1949 ἔχοντος.
2406 1879 2471 1933 Τί
2525 1878 2823 1950 λαμϐάνεις
2872 1880 3168 1951 τριάκοντα
3218 1881 3476 1954 ἀργύρια,
3529 1883 3576 1936 ὦ

2008 1961 2208 2027 Ἰούδας
2265 1964 2484 2034 Δωρεάν
2533 1957 2699 2033 ἦλθεν
2734 1963 2762 2015 6
2799 1962 3035 2033 Χριστὸς
3080 1964 3264 2034 ἐκχέαι
3315 1965 3383 2019 τὸ
3434 1959 3576 2037 αἷμα

1995 2044 2153 2097 τοῦτο
2179 2045 2319 2116 ὑπὲρ
2367 2044 2467 2114 τῆς
2519 2044 2863 2115 οἰκουμένης,
2925 2045 3066 2116 ὑπὲρ
3112 2041 3172 2100 οῦ
3206 2046 3470 2117 σύμφωνα
3509 2050 3575 2102 σὺ

1998 2130 2170 2192 ποιεῖς
2183 2129 2274 2181 καὶ
2297 2128 2718 2198 συναλλάγματα
2740 2129 2952 2199 ἀναιδῆ.
2981 2129 3046 2182 Τί
3069 2130 3178 2203 γάρ
3199 2131 3577 2201 ἀναιδέστερον

1998 2210 2090 2264 τοῦ
2115 2210 2562 2282 συναλλάγματος
2592 2210 2780 2265 τούτου
2800 2228 2816 2277 ;

2067 2375 2130 2430 δ’.
2170 2376 2311 2431 Τότε
2335 2377 2693 2447 προσῆλθον
2710 2380 2763 2433 οἱ
2779 2379 3057 2449 μαθηταί.
3088 2379 3242 2434 Τότε’
3266 2381 3426 2448 πότε;
3448 2382 3576 2436 Ὀτε

1998 2461 2169 2514 ταῦτα
2216 2461 2453 2529 ἐγένετο,
2511 2462 2600 2514 ὅτε
2639 2464 2671 2529 ἡ
2706 2462 2963 2532 προδοσία
3021 2463 3443 2536 προεχώρησεν,
3486 2466 3578 2518 ὅτε

2001 2545 2193 2598 ἑαυτὸν
2225 2543 2503 2597 ἀπώλεσεν
2527 2547 2555 2598 6
2578 2544 2800 2608 Ἰούδας,
2827 2545 3188 2613 Προσῆλθον
3207 2547 3368 2613 αὐτῷ
3408 2551 3582 2618 οἶμα-

2002 2626 2171 2695 θηταί
2183 2627 2618 2698 λέγοντεςᾞοῦ
2633 2628 2828 2694 θέλεις
2842 2629 3246 2706 ἑτοιμάσωμέν
3259 2647 3356 2685 σοι
3372 2632 3585 2701 φαγεῖν

2002 2711 2067 2764 τὸ
2097 2710 2352 2778 (Mala;
2385 2707 2539 2774 Εἶδες
2567 2708 3006 2782 μαθητήν;εἶδες
3025 2713 3306 2784 μαθητάς;
3347 2715 3584 2778 Ἐκεῖνος

2006 2791 2159 2866 [582]
2191 2793 2480 2865 προδίδωσι
2508 2794 2599 2848 τὸν
2632 2794 2931 2865 Δεσπότην,
2970 2790 3115 2848 οὗτοι
3152 2796 3282 2866 περὶ
3309 2796 3369 2849 τὸ
3391 2797 3587 2867 Πάσχα

2009 2872 2361 2946 μεριμνῶσιν·
2377 2877 2582 2938 ἐκεῖνος
2596 2874 2862 2945 σύμφωνα
2876 2879 3035 2938 ποιεῖ,
3058 2870 3202 2930 οῦτοι
3220 2877 3354 2948 πρὸς
3381 2879 3587 2951 ὑπηρεο

2008 2958 2128 3011 σίαν
2182 2958 2611 3031 παρεσκεύαζον.
2659 2958 2778 3011 Τῶν
2794 2958 2975 3012 αὐτῶν
2996 2958 3307 3013 ἀπέλαυσαν
3337 2963 3587 3022 κάκεῖνος

2004 3042 2096 3096 καὶ
2131 3035 2276 3095 οῦτοι
2328 3043 2639 3113 θαυμάτων,
2691 3042 2800 3094 τῶν
2865 3041 3043 3095 αὐτῶν
3092 3042 3457 3113 διδαγμάτων,
3488 3047 3586 3113 τῆς

2005 3126 2174 3195 αὐτῆς
2218 3123 2466 3189 ἐξουσίας
2489 3141 2502 3154 °
2556 3124 2720 3177 πόθεν
2774 3121 2869 3177 οὖν
2903 3125 2935 3194 ἡ
2969 3124 3270 3195 μεταϐολῆς
3324 3126 3454 3178 Ἀπὸ
3486 3127 3586 3197 τῆς

2008 3208 2381 3279 προαιρέσεως
2400 3224 2413 3234 ·
2454 3205 2594 3276 αῦτη
2628 3206 2846 3260 πάντων
2876 3208 3026 3260 αίτία
3060 3208 3336 3277 πανταχοῦ
3363 3210 3456 3262 καὶ
3478 3210 3587 3262 τῶν

2007 3289 2225 3359 ἀγαθῶν
2259 3290 2352 3344 καὶ
2394 3288 2504 3345 τῶν
2545 3290 2749 3344 κακῶν.
2794 3292 2920 3344 Ποῦ
2958 3292 3153 3356 θέλεις
3185 3292 3589 3363 ἑτοιμάσωμέν

2008 3391 2107 3430 σοι
2139 3373 2350 3444 φαγεῖν
2379 3374 2447 3429 τὸ
2477 3373 2728 3442 Πάσχα;
2763 3374 2828 3427 ’Π
2879 3374 3087 3446 ἑσπέρα
3134 3374 3272 3446 αῦτη
3310 3372 3378 3447 ἦν
3422 3378 3543 3429 τότε
3571 3394 3585 3409 ·

2011 3459 2130 3513 ἐπεὶ⁵
2158 3455 2250 3512 οὖν
2278 3458 2452 3512 οίκίαν
2482 3459 2583 3512 οὐκ
2609 3454 2752 3529 εἶχεν
2772 3459 2801 3510 ὁ
2819 3460 3118 3530 Δεσπότης,
3149 3458 3240 3513 διὰ
3263 3460 3422 3513 τοῦτο
3439 3461 3589 3532 αὐτῷ

2008 3542 2261 3611 λέγουσι.⁹
2306 3542 2430 3597 Ποῦ
2463 3542 2659 3608 θέλεις
2690 3541 3097 3612 ἑτοιμάσωμέν
3141 3560 3241 3598 σοι
3275 3544 3486 3613 φαγεῖν
3521 3548 3590 3598 τὸ

2011 3627 2261 3697 Πάσχιι;
2315 3626 2427 3679 Ούκ
2472 3623 2668 3696 ἔχομεν
2719 3624 3061 3695 καταγώγιον
3114 3627 3437 3698 ὡρισμένον,
3491 3628 3593 3681 οὐκ

2011 3710 2205 3781 ἔχομεν
2256 3709 2482 3780 σκηνὴν,
2512 3709 2633 3762 οὐδὲ
2676 3708 2873 3762 οἰκίαν.
2924 3709 3361 3765 Μανθανέτωσαν
3399 3712 3450 3765 οἱ
3493 3711 3594 3776 τὰς

2011 3791 2272 3863 λαμπράς
2295 3790 2698 3860 οἰκοδομοῦντες
2720 3791 2916 3855 οἰκίας,
2935 3792 3028 3844 καὶ
3050 3790 3149 3855 τὰς
3170 3793 3386 3865 εὐρείας
3409 3797 3596 3863 στοὰς,

2011 3875 2108 3928 καὶ
2151 3874 2276 3936 τοὺς
2326 3874 2571 3943 μακροὺς
2598 3873 2941 3942 περιϐόλους,
2968 3873 3050 3926 ὅτι
3095 3874 3195 3926 οὐκ
3231 3870 3374 3944 εἶχεν
3402 3879 3431 3929 6
3460 3875 3594 3947 Χρι-

2015 3958 2137 4020 στὸς
2170 3956 2273 4010 ποῦ
2305 3955 2405 4026 τὴν
2431 3955 2674 4026 κεφαλὴν
2708 3956 3049 4011 κατακλῖναι.
3090 3956 3183 4011 Διὸ
3210 3959 3487 4030 ἐρωτῶσιν
3512 3956 3596 4013 οὗ·

2015 4058 2120 4094 τοι·
2149 4038 2274 4093 Ποῦ
2308 4037 2501 4104 θέλεις
2539 4038 2944 4108 ἑτοιμάσωμέν
2975 4053 3074 4093 σοι
3109 4041 3322 4111 φαγεῖν
3361 4042 3430 4096 τὸ
3473 4042 3594 4096 Πά-

2014 4139 2171 4194 σχα;
2205 4124 2364 4175 Ποῖον
2397 4123 2622 4192 Πάσχα;
2672 4122 2807 4192 Οὐχὶ
2839 4121 2996 4176 τοῦτο
3027 4122 3088 4177 τὸ
3127 4125 3413 4196 ἡμέτερον,
3459 4126 3595 4181 ἀλλά

2013 4208 2076 4260 τὸ
2112 4204 2402 4260 Ἰουδαϊκὸν
2432 4202 2598 4267 τέωςο
2639 4204 2816 4257 ἐκεῖνο
2846 4205 2943 4276 μὲν
2974 4204 3084 4277 γὰρ
3111 4208 3161 4259 οῖ
3194 4206 3434 4278 μαθηταί⁵
3457 4227 3596 4280 παρ-

2016 4288 2339 4351 εσκεύασαν,
2372 4285 2531 4339 τοῦτο
2570 4285 2629 4339 δὲ
2655 4286 2716 4339 τὸ
2741 4287 3010 4358 ἡμέτερον
3045 4288 3208 4353 αὐτὸς
3252 4291 3595 4346 κατεσκεύα-

2020 4391 2139 4427 σεν·
2168 4373 2229 4425 οῦ
2265 4371 2422 4443 μόνον
2451 4369 2506 4422 δὲ
2539 4369 2702 4434 αὐτὸς
2732 4370 2864 4424 αὐτὸ
2897 4371 3319 4439 κατεσκεύασεν,
3343 4374 3481 4429 άλλά
3502 4376 3597 4430 καί

2017 4458 2178 4520 αύτδς
2202 4456 2394 4526 Πάσχα
2431 4454 2674 4524 ἐγένετο.
2706 4454 2826 4508 Ποῦ
2849 4455 3044 4523 θέλεις
3067 4457 3476 4528 ἑτοιμάσωμέν
3494 4476 3597 4515 σοι

2018 4539 2229 4610 φαγεῖν
2252 4537 2319 4592 τὸ
2349 4537 2607 4607 Πάσχα;
2641 4537 2847 4591 Ἐκεῖνο
2878 4539 3166 4594 Ἰουδαϊκὸν
3198 4537 3265 4612 ἦν
3288 4541 3350 4596 τὸ
3383 4543 3595 4615 Πάσχα,

2020 4625 2195 4677 ἐκεῖνο
2223 4623 2278 4674 ἐν
2307 4620 2569 4693 Αἰγύπτῳ
2596 4620 2696 4692 τὴν
2720 4619 2894 4693 ἀρχὴν
2917 4621 3272 4689 ἐλαϐε.Τίνος
3296 4620 3390 4678 οὖν
3411 4625 3599 4681 ἕνεκεν

2018 4706 2219 4779 τρώγει
2240 4705 2374 4759 αὐτὸ
2401 4708 2429 4759 6
2460 4701 2725 4777 Χριστός;
2758 4705 2882 4760 Ὅτι
2912 4706 3090 4760 πάντα
3115 4707 3184 4760 τά
3213 4709 3409 4778 νομικά
3431 4709 3600 4782 ἐπλή-

2020 4806 2185 4863 ρωσε.
2211 4788 2320 4842 Καὶ
2363 4786 2472 4861 γὰρ
2511 4789 2599 4842 ὅτε
2634 4787 2976 4856 ἐϐαπτίζετο,
3020 4788 3206 4857 ἔλεγεν
3230 4805 3245 4819 ·
3281 4790 3447 4843 Οὕτω
3485 4794 3597 4861 γὰρ

2019 4871 2251 4940 πρέπον
2293 4871 2468 4925 ἐστίν
2506 4870 2653 4941 ἡμῖν
2690 4872 3005 4939 πληρῶσαι
3039 4871 3248 4926 πᾶσαν
3288 4871 3562 4927 δικαιοσύ
3576 4903 3596 4916 ο

2017 4950 2363 5023 νην-,τΗλθον
2407 4956 2473 5008 ἐκ
2517 4954 2619 5024 τῆς
2646 4951 2742 5006 τοῦ
2772 4954 2939 5023 νόμου
2981 4954 3230 5025 κατάρας
3267 4954 3596 5026 ἐξαγοράσαι

2017 5037 2108 5090 τὸν
2139 5035 2442 5108 ἄνθρωπον.
2461 5037 2513 5088 '0
2544 5038 2652 5105 γάρ
2683 5033 2830 5100 Θεὸς
2860 5034 2972 5088 τὸν
2999 5035 3218 5090 ἑαυτοῦ
3253 5036 3392 5091 Υιὸν
3417 5038 3599 5109 ἔπεμο

2019 5122 2100 5189 ψε
2133 5118 2507 5189 γεννώμενον
2536 5118 2606 5170 ἐκ
2638 5115 2948 5185 γυναικὸς,
2986 5118 3311 5188 γενόμενον
3342 5122 3461 5175 ὑπὸ
3498 5123 3600 5177 νό.

2013 5211 2170 5271 μον,
2194 5201 2295 5254 ἵνα
2338 5200 2476 5265 τοὺς
2522 5198 2643 5254 ὑπὸ
2683 5200 2867 5268 νόμον
2902 5199 3269 5271 ἐξαγοράσῃ,
3304 5205 3397 5257 καὶ
3435 5205 3599 5260 αὐτὸν

2019 5282 2308 5357 ἀναπαύσῃ
2351 5282 2441 5336 τὸν
2473 5282 2780 5353 νόμον.”1να
2822 5278 2915 5337 οὖν
2967 5285 3040 5355 μή
3076 5300 3160 5348 τις
3190 5284 3352 5360 λέγῃ,
3385 5286 3467 5341 ὃτι
3509 5288 3599 5343 διά

2016 5365 2175 5420 τοῦτο
2203 5366 2364 5419 αὑτὸν
2392 5366 2762 5437 κατήργησεν,
2791 5365 2979 5437 ἐπειδὴ
3006 5365 3291 5439 πληρῶσαι
3315 5370 3476 5423 αὑτὸν
3497 5372 3598 5424 οὑκ

2018 5451 2270 5521 ἠδύνατο.
2304 5450 2379 5512 ὡς
2420 5450 2676 5520 φορτικὸν
2706 5451 2800 5504 καὶ
2828 5452 3039 5523 ἐπαχθῆ
3081 5453 3176 5505 καὶ
3219 5452 3596 5525 δυσκατόρθω-

2015 5551 2108 5586 τον
2131 5533 2281 5600 ὄντα,
2316 5533 2534 5605 πρῶτον
2563 5533 2730 5588 αὑτοῦ
2757 5534 3052 5607 πληρώσας
3076 5536 3310 5603 ἅπαντα,
3329 5537 3449 5591 τότε
3469 5555 3601 5593 κατ-

2018 5615 2196 5671 έλυσε.
2224 5615 2324 5669 Διά
2352 5614 2510 5669 τοῦτο
2546 5617 2642 5671 καὶ
2682 5617 2745 5671 τὸ
2788 5619 2981 5688 Πάσχα
3002 5619 3258 5690 ἐποίησεσ
3292 5619 3458 5691 νόμου
3491 5622 3599 5694 γὰρ

2016 5694 2085 5770 ἦν
2114 5699 2396 5768 ἐπίταγμα
2422 5699 2482 5752 τὸ
2511 5701 2725 5770 Πάσχα.
2756 5702 2866 5754 Καὶ
2894 5701 3041 5764 τίνος
3066 5701 3253 5754 ἕνεκεν
3276 5704 3305 5756 6
3326 5705 3488 5775 νόμος
3510 5707 3603 5759 ἐττο

2020 5783 2175 5847 έταξε
2206 5784 2266 5837 τὸ
2298 5783 2490 5853 Πάσχα
2535 5783 2771 5849 ἑσθίειν;
2814 5782 3151 5854 ’Λγνώμονες
3182 5780 3321 5851 ἦσαν
3349 5789 3477 5858 περὶ
3505 5789 3599 5847 τδν
