  <div class='ocr_page' id='page_1' title='image "/cluster/home/n/w/nwhite01/storage/ocr_20150623/49:no.2:pt.1/coo.31924054869486/375.png"; bbox 0 0 4100 6422; ppageno 0'>
   <div class='ocr_carea' id='block_1_1' title="bbox 572 341 680 398">
    <p class='ocr_par' dir='ltr' id='par_1_1' title="bbox 572 341 680 398">
     <span class='ocr_line' id='line_1_1' title="bbox 572 341 680 398; baseline 0.009 -1"><span class='ocrx_word' id='word_1_1' title='bbox 572 341 680 398; x_wconf 73' lang='lat'><strong>379</strong></span> 
     </span>
    </p>
   </div>
   <div class='ocr_carea' id='block_1_2' title="bbox 576 431 2157 523">
    <p class='ocr_par' dir='ltr' id='par_1_2' title="bbox 576 431 2157 523">
     <span class='ocr_line' id='line_1_2' title="bbox 576 431 2157 523; baseline -0.021 -14"><span class='ocrx_word' id='word_1_2' title='bbox 576 448 873 523; x_wconf 82' lang='grc' dir='ltr'><strong>εύεργέτην</strong></span> <span class='ocrx_word' id='word_1_3' title='bbox 913 446 964 499; x_wconf 73' lang='grc' dir='ltr'><strong>οἱ</strong></span> <span class='ocrx_word' id='word_1_4' title='bbox 997 442 1270 523; x_wconf 73' lang='grc' dir='ltr'><strong>Ἰουδαῖοι,</strong></span> <span class='ocrx_word' id='word_1_5' title='bbox 1291 441 1383 493; x_wconf 80' lang='grc' dir='ltr'><strong>καὶ</strong></span> <span class='ocrx_word' id='word_1_6' title='bbox 1428 438 1558 523; x_wconf 85' lang='grc' dir='ltr'><strong>παρ’</strong></span> <span class='ocrx_word' id='word_1_7' title='bbox 1582 435 1751 498; x_wconf 76' lang='grc' dir='ltr'><strong>αὑτὰς</strong></span> <span class='ocrx_word' id='word_1_8' title='bbox 1789 433 1910 523; x_wconf 51' lang='grc' dir='ltr'><strong>τ-άςΔ</strong></span> <span class='ocrx_word' id='word_1_9' title='bbox 1934 431 2157 523; x_wconf 53' lang='lat'><strong>3619-75:-</strong></span> 
     </span>
    </p>
   </div>
   <div class='ocr_carea' id='block_1_3' title="bbox 580 510 2158 598">
    <p class='ocr_par' dir='ltr' id='par_1_3' title="bbox 580 510 2158 598">
     <span class='ocr_line' id='line_1_3' title="bbox 580 510 2158 598; baseline -0.016 -8"><span class='ocrx_word' id='word_1_10' title='bbox 580 510 702 598; x_wconf 77' lang='grc' dir='ltr'><strong>σίας</strong></span> <span class='ocrx_word' id='word_1_11' title='bbox 721 510 1156 586; x_wconf 54' lang='grc' dir='ltr'><strong>’ἐπελανθάνοντο</strong></span> <span class='ocrx_word' id='word_1_12' title='bbox 1177 522 1275 577; x_wconf 86' lang='grc' dir='ltr'><strong>τοῦ</strong></span> <span class='ocrx_word' id='word_1_13' title='bbox 1303 521 1728 593; x_wconf 86' lang='grc' dir='ltr'><strong>προστάγματος</strong></span> <span class='ocrx_word' id='word_1_14' title='bbox 1749 516 1845 570; x_wconf 90' lang='grc' dir='ltr'><strong>τοῦ</strong></span> <span class='ocrx_word' id='word_1_15' title='bbox 1871 512 2028 568; x_wconf 81' lang='grc' dir='ltr'><strong>Θεοῦ.</strong></span> <span class='ocrx_word' id='word_1_16' title='bbox 2048 510 2158 565; x_wconf 71' lang='grc' dir='ltr'><strong>Καὶ</strong></span> 
     </span>
    </p>
   </div>
   <div class='ocr_carea' id='block_1_4' title="bbox 580 599 2162 689">
    <p class='ocr_par' dir='ltr' id='par_1_4' title="bbox 580 599 2162 689">
     <span class='ocr_line' id='line_1_4' title="bbox 580 599 2162 689; baseline -0.015 -17"><span class='ocrx_word' id='word_1_17' title='bbox 580 619 688 689; x_wconf 80' lang='grc' dir='ltr'><strong>γὰρ</strong></span> <span class='ocrx_word' id='word_1_18' title='bbox 714 617 803 670; x_wconf 84' lang='grc' dir='ltr'><strong>ὅτε</strong></span> <span class='ocrx_word' id='word_1_19' title='bbox 831 610 1054 682; x_wconf 79' lang='grc' dir='ltr'><strong>ἐξῆλθον</strong></span> <span class='ocrx_word' id='word_1_20' title='bbox 1080 608 1141 675; x_wconf 80' lang='grc' dir='ltr'><strong>ἐξ</strong></span> <span class='ocrx_word' id='word_1_21' title='bbox 1166 605 1464 675; x_wconf 77' lang='grc' dir='ltr'><strong>Αἰγύπτου.</strong></span> <span class='ocrx_word' id='word_1_22' title='bbox 1504 603 1708 689; x_wconf 79' lang='grc' dir='ltr'><strong>ίδὸντες</strong></span> <span class='ocrx_word' id='word_1_23' title='bbox 1729 599 2011 689; x_wconf 75' lang='grc' dir='ltr'><strong>θάλασσαν</strong></span> <span class='ocrx_word' id='word_1_24' title='bbox 2026 611 2162 689; x_wconf 38' lang='grc' dir='ltr'><strong>,σχι-</strong></span> 
     </span>
    </p>
   </div>
   <div class='ocr_carea' id='block_1_5' title="bbox 580 680 2159 770">
    <p class='ocr_par' dir='ltr' id='par_1_5' title="bbox 580 680 2159 770">
     <span class='ocr_line' id='line_1_5' title="bbox 580 680 2159 770; baseline -0.015 -14"><span class='ocrx_word' id='word_1_25' title='bbox 580 680 813 770; x_wconf 78' lang='grc' dir='ltr'><strong>ζομένην</strong></span> <span class='ocrx_word' id='word_1_26' title='bbox 857 680 954 750; x_wconf 65' lang='grc' dir='ltr'><strong>καλ⁸</strong></span> <span class='ocrx_word' id='word_1_27' title='bbox 987 692 1280 748; x_wconf 74' lang='grc' dir='ltr'><strong>συνιοῦσαν</strong></span> <span class='ocrx_word' id='word_1_28' title='bbox 1320 689 1503 752; x_wconf 89' lang='grc' dir='ltr'><strong>πάλιν,</strong></span> <span class='ocrx_word' id='word_1_29' title='bbox 1536 687 1630 770; x_wconf 76' lang='grc' dir='ltr'><strong>καὶ</strong></span> <span class='ocrx_word' id='word_1_30' title='bbox 1662 682 1999 770; x_wconf 24' lang='grc' dir='ltr'><strong>ἀλλαΑμυρία</strong></span> <span class='ocrx_word' id='word_1_31' title='bbox 2023 680 2159 734; x_wconf 90' lang='grc' dir='ltr'><strong>θαύ-</strong></span> 
     </span>
    </p>
   </div>
   <div class='ocr_carea' id='block_1_6' title="bbox 584 763 2161 856">
    <p class='ocr_par' dir='ltr' id='par_1_6' title="bbox 584 763 2161 856">
     <span class='ocr_line' id='line_1_6' title="bbox 584 763 2161 856; baseline -0.026 -2"><span class='ocrx_word' id='word_1_32' title='bbox 584 763 749 856; x_wconf 43' lang='lat' dir='ltr'><strong>ita-Ta.</strong></span> <span class='ocrx_word' id='word_1_33' title='bbox 770 763 965 848; x_wconf 65' lang='grc' dir='ltr'><strong>ἐλεγον</strong></span> <span class='ocrx_word' id='word_1_34' title='bbox 986 794 1000 808; x_wconf 86' lang='grc'>⁶</span> <span class='ocrx_word' id='word_1_35' title='bbox 1034 775 1386 844; x_wconf 74' lang='grc' dir='ltr'><strong>Ποιήσωμεν</strong></span> <span class='ocrx_word' id='word_1_36' title='bbox 1413 768 1651 856; x_wconf 54' lang='grc' dir='ltr'><strong>ἑαυτοῖς</strong></span> <span class='ocrx_word' id='word_1_37' title='bbox 1673 767 1886 856; x_wconf 52' lang='grc' dir='ltr'><strong>θεοὺς,</strong></span> <span class='ocrx_word' id='word_1_38' title='bbox 1929 763 1987 856; x_wconf 74' lang='grc' dir='ltr'><strong>οἳ</strong></span> <span class='ocrx_word' id='word_1_39' title='bbox 2016 778 2161 830; x_wconf 65' lang='grc' dir='ltr'><strong>προ-</strong></span> 
     </span>
    </p>
   </div>
   <div class='ocr_carea' id='block_1_7' title="bbox 579 850 2163 938">
    <p class='ocr_par' dir='ltr' id='par_1_7' title="bbox 579 850 2163 938">
     <span class='ocr_line' id='line_1_7' title="bbox 579 850 2163 938; baseline -0.016 -15"><span class='ocrx_word' id='word_1_40' title='bbox 579 850 981 938; x_wconf 61' lang='grc' dir='ltr'><strong>πορεύσονται</strong></span> <span class='ocrx_word' id='word_1_41' title='bbox 1007 857 1194 931; x_wconf 71' lang='grc' dir='ltr'><strong>ἡμῶν.</strong></span> <span class='ocrx_word' id='word_1_42' title='bbox 1225 858 1294 911; x_wconf 89' lang='grc' dir='ltr'><strong>Τί</strong></span> <span class='ocrx_word' id='word_1_43' title='bbox 1322 857 1498 924; x_wconf 76' lang='grc' dir='ltr'><strong>λέγεις</strong></span> <span class='ocrx_word' id='word_1_44' title='bbox 1521 870 1537 920; x_wconf 88' lang='lat'><strong>;</strong></span> <span class='ocrx_word' id='word_1_45' title='bbox 1570 852 1642 938; x_wconf 83' lang='grc' dir='ltr'><strong>τά</strong></span> <span class='ocrx_word' id='word_1_46' title='bbox 1667 850 1922 938; x_wconf 74' lang='grc' dir='ltr'><strong>θαύματα</strong></span> <span class='ocrx_word' id='word_1_47' title='bbox 1954 850 2012 938; x_wconf 42' lang='grc' dir='ltr'><strong>ἐν.</strong></span> <span class='ocrx_word' id='word_1_48' title='bbox 2035 862 2163 938; x_wconf 76' lang='grc' dir='ltr'><strong>χερ-</strong></span> 
     </span>
    </p>
   </div>
   <div class='ocr_carea' id='block_1_8' title="bbox 582 926 2162 1011">
    <p class='ocr_par' dir='ltr' id='par_1_8' title="bbox 582 926 2162 1011">
     <span class='ocr_line' id='line_1_8' title="bbox 582 926 2162 1011; baseline -0.016 -3"><span class='ocrx_word' id='word_1_49' title='bbox 582 926 674 1008; x_wconf 67' lang='grc' dir='ltr'><strong>σὶν</strong></span> <span class='ocrx_word' id='word_1_50' title='bbox 709 952 811 1011; x_wconf 78' lang='grc' dir='ltr'><strong>ἔτι,</strong></span> <span class='ocrx_word' id='word_1_51' title='bbox 853 947 948 1001; x_wconf 69' lang='grc' dir='ltr'><strong>καὶ</strong></span> <span class='ocrx_word' id='word_1_52' title='bbox 976 926 1242 997; x_wconf 67' lang='grc' dir='ltr'><strong>ἐπελάθου</strong></span> <span class='ocrx_word' id='word_1_53' title='bbox 1271 939 1364 994; x_wconf 91' lang='grc' dir='ltr'><strong>τοῦ</strong></span> <span class='ocrx_word' id='word_1_54' title='bbox 1396 936 1720 1010; x_wconf 80' lang='grc' dir='ltr'><strong>εύεργέτου;</strong></span> <span class='ocrx_word' id='word_1_55' title='bbox 1761 932 1914 987; x_wconf 79' lang='grc' dir='ltr'><strong>Ἐπεὶ</strong></span> <span class='ocrx_word' id='word_1_56' title='bbox 1953 926 2046 985; x_wconf 77' lang='grc' dir='ltr'><strong>οὖν</strong></span> <span class='ocrx_word' id='word_1_57' title='bbox 2075 928 2162 983; x_wconf 81' lang='grc' dir='ltr'><strong>οῦ-</strong></span> 
     </span>
    </p>
   </div>
   <div class='ocr_carea' id='block_1_9' title="bbox 581 1011 2163 1106">
    <p class='ocr_par' dir='ltr' id='par_1_9' title="bbox 581 1011 2163 1106">
     <span class='ocr_line' id='line_1_9' title="bbox 581 1011 2163 1106; baseline -0.017 -14"><span class='ocrx_word' id='word_1_58' title='bbox 581 1054 690 1100; x_wconf 99' lang='grc' dir='ltr'><strong>τως</strong></span> <span class='ocrx_word' id='word_1_59' title='bbox 716 1031 855 1106; x_wconf 81' lang='grc' dir='ltr'><strong>ἦσαν</strong></span> <span class='ocrx_word' id='word_1_60' title='bbox 882 1027 1199 1097; x_wconf 89' lang='grc' dir='ltr'><strong>ἀναίσθητοι</strong></span> <span class='ocrx_word' id='word_1_61' title='bbox 1217 1024 1312 1077; x_wconf 76' lang='grc' dir='ltr'><strong>καὶ</strong></span> <span class='ocrx_word' id='word_1_62' title='bbox 1333 1020 1754 1106; x_wconf 39' lang='grc' dir='ltr'><strong>ἀγνώμονες-τῃ</strong></span> <span class='ocrx_word' id='word_1_63' title='bbox 1782 1015 2034 1106; x_wconf 78' lang='grc' dir='ltr'><strong>ὑποθέσει</strong></span> <span class='ocrx_word' id='word_1_64' title='bbox 2055 1011 2163 1106; x_wconf 71' lang='grc' dir='ltr'><strong>τῶν</strong></span> 
     </span>
    </p>
   </div>
   <div class='ocr_carea' id='block_1_10' title="bbox 583 1096 2164 1192">
    <p class='ocr_par' dir='ltr' id='par_1_10' title="bbox 583 1096 2164 1192">
     <span class='ocr_line' id='line_1_10' title="bbox 583 1096 2164 1192; baseline -0.016 -18"><span class='ocrx_word' id='word_1_65' title='bbox 583 1096 787 1192; x_wconf 72' lang='grc' dir='ltr'><strong>ἑορτῶν</strong></span> <span class='ocrx_word' id='word_1_66' title='bbox 834 1096 1164 1183; x_wconf 85' lang='grc' dir='ltr'><strong>ἐγκατέδησε</strong></span> <span class='ocrx_word' id='word_1_67' title='bbox 1206 1107 1317 1192; x_wconf 81' lang='grc' dir='ltr'><strong>τῶν</strong></span> <span class='ocrx_word' id='word_1_68' title='bbox 1361 1102 1578 1192; x_wconf 59' lang='grc' dir='ltr'><strong>δωρεῶν</strong></span> <span class='ocrx_word' id='word_1_69' title='bbox 1624 1101 1699 1192; x_wconf 70' lang='grc' dir='ltr'><strong>τά</strong></span> <span class='ocrx_word' id='word_1_70' title='bbox 1725 1101 2098 1192; x_wconf 72' lang='grc' dir='ltr'><strong>ύπομνήματα</strong></span> <span class='ocrx_word' id='word_1_71' title='bbox 2134 1096 2164 1147; x_wconf 99' lang='lat'><strong>6</strong></span> 
     </span>
    </p>
   </div>
   <div class='ocr_carea' id='block_1_11' title="bbox 583 1182 2162 1267">
    <p class='ocr_par' dir='ltr' id='par_1_11' title="bbox 583 1182 2162 1267">
     <span class='ocr_line' id='line_1_11' title="bbox 583 1182 2162 1267; baseline -0.016 -9"><span class='ocrx_word' id='word_1_72' title='bbox 583 1182 737 1267; x_wconf 78' lang='grc' dir='ltr'><strong>Θεὸς,</strong></span> <span class='ocrx_word' id='word_1_73' title='bbox 768 1182 982 1255; x_wconf 78' lang='grc' dir='ltr'><strong>καὶδιά</strong></span> <span class='ocrx_word' id='word_1_74' title='bbox 1021 1194 1182 1248; x_wconf 89' lang='grc' dir='ltr'><strong>τοῦτο</strong></span> <span class='ocrx_word' id='word_1_75' title='bbox 1224 1190 1318 1245; x_wconf 77' lang='grc' dir='ltr'><strong>καὶ</strong></span> <span class='ocrx_word' id='word_1_76' title='bbox 1357 1189 1420 1243; x_wconf 85' lang='lat'><strong>16</strong></span> <span class='ocrx_word' id='word_1_77' title='bbox 1460 1187 1652 1257; x_wconf 81' lang='grc' dir='ltr'><strong>Πάσχα</strong></span> <span class='ocrx_word' id='word_1_78' title='bbox 1678 1185 1829 1238; x_wconf 80' lang='grc' dir='ltr'><strong>θύειν</strong></span> <span class='ocrx_word' id='word_1_79' title='bbox 1856 1182 2162 1245; x_wconf 83' lang='grc' dir='ltr'><strong>ἐκέλευσεν,</strong></span> 
     </span>
    </p>
   </div>
   <div class='ocr_carea' id='block_1_12' title="bbox 586 1267 2166 1348">
    <p class='ocr_par' dir='ltr' id='par_1_12' title="bbox 586 1267 2166 1348">
     <span class='ocr_line' id='line_1_12' title="bbox 586 1267 2166 1348; baseline -0.015 -6"><span class='ocrx_word' id='word_1_80' title='bbox 586 1288 733 1348; x_wconf 81' lang='grc' dir='ltr'><strong>Ἵνα,</strong></span> <span class='ocrx_word' id='word_1_81' title='bbox 757 1283 866 1341; x_wconf 77' lang='grc' dir='ltr'><strong>ἐάν</strong></span> <span class='ocrx_word' id='word_1_82' title='bbox 892 1296 968 1335; x_wconf 84' lang='grc' dir='ltr'><strong>σε</strong></span> <span class='ocrx_word' id='word_1_83' title='bbox 1015 1276 1312 1346; x_wconf 68' lang='grc' dir='ltr'><strong>ἐρωτήσῃ,</strong></span> <span class='ocrx_word' id='word_1_84' title='bbox 1341 1273 1524 1343; x_wconf 78' lang='grc' dir='ltr'><strong>φησὶν,</strong></span> <span class='ocrx_word' id='word_1_85' title='bbox 1557 1276 1591 1325; x_wconf 83' lang='grc' dir='ltr'><strong>ό</strong></span> <span class='ocrx_word' id='word_1_86' title='bbox 1628 1272 1759 1336; x_wconf 76' lang='grc' dir='ltr'><strong>υἱός</strong></span> <span class='ocrx_word' id='word_1_87' title='bbox 1784 1284 1923 1330; x_wconf 83' lang='grc' dir='ltr'><strong>σου,</strong></span> <span class='ocrx_word' id='word_1_88' title='bbox 1950 1267 2016 1320; x_wconf 87' lang='grc' dir='ltr'><strong>Τί</strong></span> <span class='ocrx_word' id='word_1_89' title='bbox 2048 1267 2166 1348; x_wconf 54' lang='grc' dir='ltr'><strong>ἐστι</strong></span> 
     </span>
    </p>
   </div>
   <div class='ocr_carea' id='block_1_13' title="bbox 582 1344 2167 1439">
    <p class='ocr_par' dir='ltr' id='par_1_13' title="bbox 582 1344 2167 1439">
     <span class='ocr_line' id='line_1_13' title="bbox 582 1344 2167 1439; baseline -0.015 -13"><span class='ocrx_word' id='word_1_90' title='bbox 582 1371 646 1426; x_wconf 87' lang='lat'><strong>16</strong></span> <span class='ocrx_word' id='word_1_91' title='bbox 684 1344 877 1439; x_wconf 87' lang='grc' dir='ltr'><strong>Πάσχα</strong></span> <span class='ocrx_word' id='word_1_92' title='bbox 918 1344 1111 1427; x_wconf 75' lang='grc' dir='ltr'><strong>τοῦτος</strong></span> <span class='ocrx_word' id='word_1_93' title='bbox 1159 1360 1340 1432; x_wconf 83' lang='grc' dir='ltr'><strong>είπῃς,</strong></span> <span class='ocrx_word' id='word_1_94' title='bbox 1373 1358 1456 1411; x_wconf 78' lang='grc' dir='ltr'><strong>δτι</strong></span> <span class='ocrx_word' id='word_1_95' title='bbox 1482 1355 1591 1410; x_wconf 87' lang='grc' dir='ltr'><strong>Τοῦ</strong></span> <span class='ocrx_word' id='word_1_96' title='bbox 1621 1354 1895 1425; x_wconf 90' lang='grc' dir='ltr'><strong>προϐάτου</strong></span> <span class='ocrx_word' id='word_1_97' title='bbox 1924 1344 2167 1439; x_wconf 61' lang='grc' dir='ltr'><strong>τί)ᾼαῖμά</strong></span> 
     </span>
    </p>
   </div>
   <div class='ocr_carea' id='block_1_14' title="bbox 586 1435 2169 1524">
    <p class='ocr_par' dir='ltr' id='par_1_14' title="bbox 586 1435 2169 1524">
     <span class='ocr_line' id='line_1_14' title="bbox 586 1435 2169 1524; baseline -0.014 -15"><span class='ocrx_word' id='word_1_98' title='bbox 586 1435 885 1524; x_wconf 78' lang='grc' dir='ltr'><strong>ἐπέχρισαν</strong></span> <span class='ocrx_word' id='word_1_99' title='bbox 910 1451 1029 1511; x_wconf 79' lang='grc' dir='ltr'><strong>ταῖς</strong></span> <span class='ocrx_word' id='word_1_100' title='bbox 1061 1445 1258 1517; x_wconf 79' lang='grc' dir='ltr'><strong>θύραις</strong></span> <span class='ocrx_word' id='word_1_101' title='bbox 1284 1443 1416 1495; x_wconf 80' lang='grc' dir='ltr'><strong>ποτὲ</strong></span> <span class='ocrx_word' id='word_1_102' title='bbox 1439 1438 1597 1524; x_wconf 81' lang='grc' dir='ltr'><strong>ἡμῶν</strong></span> <span class='ocrx_word' id='word_1_103' title='bbox 1626 1441 1674 1493; x_wconf 88' lang='grc' dir='ltr'><strong>οί</strong></span> <span class='ocrx_word' id='word_1_104' title='bbox 1710 1439 1964 1524; x_wconf 82' lang='grc' dir='ltr'><strong>πρόγονοι</strong></span> <span class='ocrx_word' id='word_1_105' title='bbox 1983 1436 2049 1524; x_wconf 66' lang='grc' dir='ltr'><strong>ἐν</strong></span> <span class='ocrx_word' id='word_1_106' title='bbox 2073 1435 2169 1524; x_wconf 31' lang='grc' dir='ltr'><strong>’Δί-</strong></span> 
     </span>
    </p>
   </div>
   <div class='ocr_carea' id='block_1_15' title="bbox 586 1519 2167 1605">
    <p class='ocr_par' dir='ltr' id='par_1_15' title="bbox 586 1519 2167 1605">
     <span class='ocr_line' id='line_1_15' title="bbox 586 1519 2167 1605; baseline -0.013 -16"><span class='ocrx_word' id='word_1_107' title='bbox 586 1519 802 1605; x_wconf 65' lang='grc' dir='ltr'><strong>γύπτὶρ,</strong></span> <span class='ocrx_word' id='word_1_108' title='bbox 842 1533 931 1587; x_wconf 86' lang='grc' dir='ltr'><strong>ἵνα</strong></span> <span class='ocrx_word' id='word_1_109' title='bbox 963 1528 1037 1601; x_wconf 81' lang='grc' dir='ltr'><strong>μὴ</strong></span> <span class='ocrx_word' id='word_1_110' title='bbox 1065 1531 1094 1582; x_wconf 88' lang='lat'><strong>6</strong></span> <span class='ocrx_word' id='word_1_111' title='bbox 1121 1524 1422 1597; x_wconf 79' lang='grc' dir='ltr'><strong>ὀλοθρεύων</strong></span> <span class='ocrx_word' id='word_1_112' title='bbox 1449 1522 1622 1577; x_wconf 84' lang='grc' dir='ltr'><strong>ἐλθὼν</strong></span> <span class='ocrx_word' id='word_1_113' title='bbox 1646 1524 1740 1575; x_wconf 73' lang='grc' dir='ltr'><strong>καὶ</strong></span> <span class='ocrx_word' id='word_1_114' title='bbox 1921 1519 2167 1605; x_wconf 81' lang='grc' dir='ltr'><strong>τολμήσῃ</strong></span> 
     </span>
    </p>
   </div>
   <div class='ocr_carea' id='block_1_16' title="bbox 588 1599 2170 1688">
    <p class='ocr_par' dir='ltr' id='par_1_16' title="bbox 588 1599 2170 1688">
     <span class='ocr_line' id='line_1_16' title="bbox 588 1599 2170 1688; baseline 0.001 -15"><span class='ocrx_word' id='word_1_115' title='bbox 588 1599 936 1688; x_wconf 74' lang='grc' dir='ltr'><strong>εἰσπηδῆσαι,</strong></span> <span class='ocrx_word' id='word_1_116' title='bbox 966 1599 1070 1667; x_wconf 72' lang='grc' dir='ltr'><strong>καὶ</strong></span> <span class='ocrx_word' id='word_1_117' title='bbox 1112 1608 1365 1679; x_wconf 60' lang='grc' dir='ltr'><strong>ἐπαγάγῃ</strong></span> <span class='ocrx_word' id='word_1_118' title='bbox 1411 1607 1643 1677; x_wconf 77' lang='grc' dir='ltr'><strong>πληγήν·</strong></span> <span class='ocrx_word' id='word_1_119' title='bbox 1691 1604 1803 1658; x_wconf 65' lang='grc' dir='ltr'><strong>Καὶ</strong></span> <span class='ocrx_word' id='word_1_120' title='bbox 1834 1599 1904 1688; x_wconf 63' lang='grc' dir='ltr'><strong>ἦν</strong></span> <span class='ocrx_word' id='word_1_121' title='bbox 1942 1605 1975 1674; x_wconf 83' lang='grc' dir='ltr'><strong>ή</strong></span> <span class='ocrx_word' id='word_1_122' title='bbox 2008 1601 2170 1688; x_wconf 60' lang='grc' dir='ltr'><strong>ἐς»ρή</strong></span> 
     </span>
    </p>
   </div>
   <div class='ocr_carea' id='block_1_17' title="bbox 588 1683 2169 1768">
    <p class='ocr_par' dir='ltr' id='par_1_17' title="bbox 588 1683 2169 1768">
     <span class='ocr_line' id='line_1_17' title="bbox 588 1683 2169 1768; baseline -0.013 -12"><span class='ocrx_word' id='word_1_123' title='bbox 588 1683 776 1755; x_wconf 77' lang='grc' dir='ltr'><strong>λοιπὸν</strong></span> <span class='ocrx_word' id='word_1_124' title='bbox 804 1683 1107 1768; x_wconf 79' lang='grc' dir='ltr'><strong>ῦπόμνησις</strong></span> <span class='ocrx_word' id='word_1_125' title='bbox 1136 1692 1408 1762; x_wconf 83' lang='grc' dir='ltr'><strong>σωτηρίας</strong></span> <span class='ocrx_word' id='word_1_126' title='bbox 1436 1689 1712 1760; x_wconf 75' lang='grc' dir='ltr'><strong>διηνεκὴς.</strong></span> <span class='ocrx_word' id='word_1_127' title='bbox 1746 1687 1960 1741; x_wconf 75' lang='grc' dir='ltr'><strong>Μᾶλλον</strong></span> <span class='ocrx_word' id='word_1_128' title='bbox 2007 1685 2065 1738; x_wconf 78' lang='grc' dir='ltr'><strong>δὲ</strong></span> <span class='ocrx_word' id='word_1_129' title='bbox 2108 1683 2169 1737; x_wconf 82' lang='grc' dir='ltr'><strong>οὐ</strong></span> 
     </span>
    </p>
   </div>
   <div class='ocr_carea' id='block_1_18' title="bbox 589 1769 2172 1854">
    <p class='ocr_par' dir='ltr' id='par_1_18' title="bbox 589 1769 2172 1854">
     <span class='ocr_line' id='line_1_18' title="bbox 589 1769 2172 1854; baseline -0.012 -15"><span class='ocrx_word' id='word_1_130' title='bbox 589 1784 750 1841; x_wconf 90' lang='grc' dir='ltr'><strong>τοῦτο</strong></span> <span class='ocrx_word' id='word_1_131' title='bbox 800 1781 961 1854; x_wconf 82' lang='grc' dir='ltr'><strong>μόνον</strong></span> <span class='ocrx_word' id='word_1_132' title='bbox 1012 1776 1345 1850; x_wconf 75' lang='grc' dir='ltr'><strong>ἐκέρδαινον,</strong></span> <span class='ocrx_word' id='word_1_133' title='bbox 1389 1775 1470 1827; x_wconf 81' lang='grc' dir='ltr'><strong>ὅτι</strong></span> <span class='ocrx_word' id='word_1_134' title='bbox 1513 1772 1624 1825; x_wconf 83' lang='grc' dir='ltr'><strong>τῶν</strong></span> <span class='ocrx_word' id='word_1_135' title='bbox 1678 1769 1926 1825; x_wconf 84' lang='grc' dir='ltr'><strong>παλαιῶν</strong></span> <span class='ocrx_word' id='word_1_136' title='bbox 1974 1769 2172 1831; x_wconf 72' lang='grc' dir='ltr'><strong>αὐτοὺς</strong></span> 
     </span>
    </p>
   </div>
   <div class='ocr_carea' id='block_1_19' title="bbox 589 1853 2172 1938">
    <p class='ocr_par' dir='ltr' id='par_1_19' title="bbox 589 1853 2172 1938">
     <span class='ocr_line' id='line_1_19' title="bbox 589 1853 2172 1938; baseline -0.011 -18"><span class='ocrx_word' id='word_1_137' title='bbox 589 1864 997 1938; x_wconf 75' lang='grc' dir='ltr'><strong>ἀνεμίμνησκεν</strong></span> <span class='ocrx_word' id='word_1_138' title='bbox 1036 1858 1515 1934; x_wconf 84' lang='grc' dir='ltr'><strong>εὐεργετημάτων,</strong></span> <span class='ocrx_word' id='word_1_139' title='bbox 1545 1854 1680 1908; x_wconf 87' lang='grc' dir='ltr'><strong>ἀλλά</strong></span> <span class='ocrx_word' id='word_1_140' title='bbox 1710 1854 1805 1938; x_wconf 73' lang='grc' dir='ltr'><strong>καὶ</strong></span> <span class='ocrx_word' id='word_1_141' title='bbox 1836 1854 2029 1938; x_wconf 65' lang='grc' dir='ltr'><strong>ἔτερον⁸</strong></span> <span class='ocrx_word' id='word_1_142' title='bbox 2061 1853 2172 1938; x_wconf 65' lang='grc' dir='ltr'><strong>μεῖ-</strong></span> 
     </span>
    </p>
   </div>
   <div class='ocr_carea' id='block_1_20' title="bbox 591 1928 2172 2016">
    <p class='ocr_par' dir='ltr' id='par_1_20' title="bbox 591 1928 2172 2016">
     <span class='ocr_line' id='line_1_20' title="bbox 591 1928 2172 2016; baseline -0.011 -13"><span class='ocrx_word' id='word_1_143' title='bbox 591 1928 707 2015; x_wconf 70' lang='grc' dir='ltr'><strong>ζον,</strong></span> <span class='ocrx_word' id='word_1_144' title='bbox 740 1928 822 2001; x_wconf 71' lang='lat'><strong>611</strong></span> <span class='ocrx_word' id='word_1_145' title='bbox 848 1928 918 2000; x_wconf 79' lang='grc' dir='ltr'><strong>τά</strong></span> <span class='ocrx_word' id='word_1_146' title='bbox 952 1928 1220 2016; x_wconf 80' lang='grc' dir='ltr'><strong>μέλλοντα</strong></span> <span class='ocrx_word' id='word_1_147' title='bbox 1238 1928 1621 2011; x_wconf 88' lang='grc' dir='ltr'><strong>προδιετύπου.</strong></span> <span class='ocrx_word' id='word_1_148' title='bbox 1653 1937 1764 1991; x_wconf 70' lang='grc' dir='ltr'><strong>Καὶ</strong></span> <span class='ocrx_word' id='word_1_149' title='bbox 1787 1935 1897 2006; x_wconf 90' lang='grc' dir='ltr'><strong>γάρ</strong></span> <span class='ocrx_word' id='word_1_150' title='bbox 1918 1934 2087 1997; x_wconf 81' lang='grc' dir='ltr'><strong>τύπος</strong></span> <span class='ocrx_word' id='word_1_151' title='bbox 2104 1928 2172 2005; x_wconf 79' lang='grc' dir='ltr'><strong>ἦν</strong></span> 
     </span>
    </p>
   </div>
   <div class='ocr_carea' id='block_1_21' title="bbox 590 2018 2175 2099">
    <p class='ocr_par' dir='ltr' id='par_1_21' title="bbox 590 2018 2175 2099">
     <span class='ocr_line' id='line_1_21' title="bbox 590 2018 2175 2099; baseline -0.011 -12"><span class='ocrx_word' id='word_1_152' title='bbox 590 2033 797 2095; x_wconf 79' lang='grc' dir='ltr'><strong>ἐκεῖνος</strong></span> <span class='ocrx_word' id='word_1_153' title='bbox 831 2031 860 2082; x_wconf 94' lang='lat'><strong>6</strong></span> <span class='ocrx_word' id='word_1_154' title='bbox 888 2028 1058 2099; x_wconf 84' lang='grc' dir='ltr'><strong>ἀμνὸς</strong></span> <span class='ocrx_word' id='word_1_155' title='bbox 1087 2026 1273 2096; x_wconf 83' lang='grc' dir='ltr'><strong>ἐτέρου</strong></span> <span class='ocrx_word' id='word_1_156' title='bbox 1302 2022 1475 2095; x_wconf 89' lang='grc' dir='ltr'><strong>ἀμνοῦ</strong></span> <span class='ocrx_word' id='word_1_157' title='bbox 1505 2018 1900 2091; x_wconf 80' lang='grc' dir='ltr'><strong>πνευματικοῦ,</strong></span> <span class='ocrx_word' id='word_1_158' title='bbox 1923 2019 2015 2073; x_wconf 77' lang='grc' dir='ltr'><strong>καὶ</strong></span> <span class='ocrx_word' id='word_1_159' title='bbox 2047 2018 2175 2090; x_wconf 86' lang='grc' dir='ltr'><strong>πρό-</strong></span> 
     </span>
    </p>
   </div>
   <div class='ocr_carea' id='block_1_22' title="bbox 590 2102 2170 2185">
    <p class='ocr_par' dir='ltr' id='par_1_22' title="bbox 590 2102 2170 2185">
     <span class='ocr_line' id='line_1_22' title="bbox 590 2102 2170 2185; baseline -0.009 -16"><span class='ocrx_word' id='word_1_160' title='bbox 590 2116 756 2169; x_wconf 87' lang='grc' dir='ltr'><strong>ϐατον</strong></span> <span class='ocrx_word' id='word_1_161' title='bbox 782 2112 1059 2185; x_wconf 90' lang='grc' dir='ltr'><strong>προϐάτου</strong></span> <span class='ocrx_word' id='word_1_162' title='bbox 1078 2126 1092 2140; x_wconf 90' lang='grc'><strong>·</strong></span> <span class='ocrx_word' id='word_1_163' title='bbox 1122 2109 1217 2164; x_wconf 76' lang='grc' dir='ltr'><strong>καὶ</strong></span> <span class='ocrx_word' id='word_1_164' title='bbox 1245 2109 1308 2162; x_wconf 87' lang='lat'><strong>16</strong></span> <span class='ocrx_word' id='word_1_165' title='bbox 1345 2108 1442 2177; x_wconf 86' lang='grc' dir='ltr'><strong>μὲν</strong></span> <span class='ocrx_word' id='word_1_166' title='bbox 1473 2102 1541 2177; x_wconf 79' lang='grc' dir='ltr'><strong>ἦν</strong></span> <span class='ocrx_word' id='word_1_167' title='bbox 1570 2103 1718 2166; x_wconf 82' lang='grc' dir='ltr'><strong>σκιά,</strong></span> <span class='ocrx_word' id='word_1_168' title='bbox 1750 2104 1812 2156; x_wconf 88' lang='lat'><strong>16</strong></span> <span class='ocrx_word' id='word_1_169' title='bbox 1837 2102 1894 2156; x_wconf 85' lang='grc' dir='ltr'><strong>δέ</strong></span> <span class='ocrx_word' id='word_1_170' title='bbox 1922 2102 2170 2173; x_wconf 78' lang='grc' dir='ltr'><strong>ἀλήθεια.</strong></span> 
     </span>
    </p>
   </div>
   <div class='ocr_carea' id='block_1_23' title="bbox 606 2188 2175 2270">
    <p class='ocr_par' dir='ltr' id='par_1_23' title="bbox 606 2188 2175 2270">
     <span class='ocr_line' id='line_1_23' title="bbox 606 2188 2175 2270; baseline -0.008 -16"><span class='ocrx_word' id='word_1_171' title='bbox 606 2200 826 2270; x_wconf 77' lang='grc' dir='ltr'><strong>Ἐπειδὴ</strong></span> <span class='ocrx_word' id='word_1_172' title='bbox 861 2198 919 2251; x_wconf 83' lang='grc' dir='ltr'><strong>δὲ</strong></span> <span class='ocrx_word' id='word_1_173' title='bbox 942 2195 1211 2265; x_wconf 83' lang='grc' dir='ltr'><strong>ἐπέφανεν</strong></span> <span class='ocrx_word' id='word_1_174' title='bbox 1238 2194 1268 2246; x_wconf 92' lang='lat'><strong>6</strong></span> <span class='ocrx_word' id='word_1_175' title='bbox 1298 2193 1399 2263; x_wconf 82' lang='grc' dir='ltr'><strong>τῆς</strong></span> <span class='ocrx_word' id='word_1_176' title='bbox 1421 2190 1767 2261; x_wconf 83' lang='grc' dir='ltr'><strong>δικαιοσύνης</strong></span> <span class='ocrx_word' id='word_1_177' title='bbox 1790 2189 1960 2260; x_wconf 71' lang='grc' dir='ltr'><strong>ἣλιος,</strong></span> <span class='ocrx_word' id='word_1_178' title='bbox 1982 2191 2017 2261; x_wconf 81' lang='grc' dir='ltr'><strong>ἠ</strong></span> <span class='ocrx_word' id='word_1_179' title='bbox 2046 2188 2175 2242; x_wconf 88' lang='grc' dir='ltr'><strong>σκιά</strong></span> 
     </span>
    </p>
   </div>
   <div class='ocr_carea' id='block_1_24' title="bbox 590 2273 2174 2350">
    <p class='ocr_par' dir='ltr' id='par_1_24' title="bbox 590 2273 2174 2350">
     <span class='ocr_line' id='line_1_24' title="bbox 590 2273 2174 2350; baseline -0.008 -13"><span class='ocrx_word' id='word_1_180' title='bbox 590 2283 775 2338; x_wconf 75' lang='grc' dir='ltr'><strong>λοιπὸν</strong></span> <span class='ocrx_word' id='word_1_181' title='bbox 807 2279 1110 2335; x_wconf 75' lang='grc' dir='ltr'><strong>ἐπαύσατοο</strong></span> <span class='ocrx_word' id='word_1_182' title='bbox 1143 2277 1298 2350; x_wconf 78' lang='grc' dir='ltr'><strong>ἡλίου</strong></span> <span class='ocrx_word' id='word_1_183' title='bbox 1322 2280 1432 2348; x_wconf 88' lang='grc' dir='ltr'><strong>γάρ</strong></span> <span class='ocrx_word' id='word_1_184' title='bbox 1455 2275 1787 2345; x_wconf 76' lang='grc' dir='ltr'><strong>ἀνίσχοντος,</strong></span> <span class='ocrx_word' id='word_1_185' title='bbox 1810 2273 2114 2345; x_wconf 81' lang='grc' dir='ltr'><strong>κρύπτεται</strong></span> <span class='ocrx_word' id='word_1_186' title='bbox 2139 2273 2174 2344; x_wconf 86' lang='grc' dir='ltr'><strong>ή</strong></span> 
     </span>
    </p>
   </div>
   <div class='ocr_carea' id='block_1_25' title="bbox 595 2355 2179 2433">
    <p class='ocr_par' dir='ltr' id='par_1_25' title="bbox 595 2355 2179 2433">
     <span class='ocr_line' id='line_1_25' title="bbox 595 2355 2179 2433; baseline -0.008 -13"><span class='ocrx_word' id='word_1_187' title='bbox 595 2366 743 2420; x_wconf 87' lang='grc' dir='ltr'><strong>σκιά.</strong></span> <span class='ocrx_word' id='word_1_188' title='bbox 765 2364 865 2418; x_wconf 88' lang='grc' dir='ltr'><strong>Διά</strong></span> <span class='ocrx_word' id='word_1_189' title='bbox 885 2362 1042 2417; x_wconf 89' lang='grc' dir='ltr'><strong>τοῦτο</strong></span> <span class='ocrx_word' id='word_1_190' title='bbox 1066 2360 1177 2433; x_wconf 89' lang='grc' dir='ltr'><strong>γάρ</strong></span> <span class='ocrx_word' id='word_1_191' title='bbox 1204 2358 1356 2433; x_wconf 75' lang='grc'><strong>[585]</strong></span> <span class='ocrx_word' id='word_1_192' title='bbox 1382 2361 1439 2413; x_wconf 78' lang='grc' dir='ltr'><strong>ἐν</strong></span> <span class='ocrx_word' id='word_1_193' title='bbox 1462 2359 1600 2429; x_wconf 78' lang='grc' dir='ltr'><strong>αὐτῇ</strong></span> <span class='ocrx_word' id='word_1_194' title='bbox 1626 2360 1693 2427; x_wconf 81' lang='grc' dir='ltr'><strong>τῇ</strong></span> <span class='ocrx_word' id='word_1_195' title='bbox 1719 2355 1967 2428; x_wconf 76' lang='grc' dir='ltr'><strong>τραπέζῃ</strong></span> <span class='ocrx_word' id='word_1_196' title='bbox 1992 2355 2179 2410; x_wconf 86' lang='grc' dir='ltr'><strong>ἐκάτε-</strong></span> 
     </span>
    </p>
   </div>
   <div class='ocr_carea' id='block_1_26' title="bbox 595 2440 2176 2520">
    <p class='ocr_par' dir='ltr' id='par_1_26' title="bbox 595 2440 2176 2520">
     <span class='ocr_line' id='line_1_26' title="bbox 595 2440 2176 2520; baseline -0.006 -19"><span class='ocrx_word' id='word_1_197' title='bbox 595 2465 689 2520; x_wconf 90' lang='grc' dir='ltr'><strong>ρον</strong></span> <span class='ocrx_word' id='word_1_198' title='bbox 721 2447 928 2516; x_wconf 90' lang='grc' dir='ltr'><strong>γίνεται</strong></span> <span class='ocrx_word' id='word_1_199' title='bbox 974 2446 1188 2515; x_wconf 85' lang='grc' dir='ltr'><strong>Πάσχα,</strong></span> <span class='ocrx_word' id='word_1_200' title='bbox 1235 2443 1331 2497; x_wconf 76' lang='grc' dir='ltr'><strong>καὶ</strong></span> <span class='ocrx_word' id='word_1_201' title='bbox 1372 2442 1434 2495; x_wconf 89' lang='lat'><strong>16</strong></span> <span class='ocrx_word' id='word_1_202' title='bbox 1480 2441 1574 2495; x_wconf 90' lang='grc' dir='ltr'><strong>τοῦ</strong></span> <span class='ocrx_word' id='word_1_203' title='bbox 1613 2441 1808 2503; x_wconf 80' lang='grc' dir='ltr'><strong>τύπου,</strong></span> <span class='ocrx_word' id='word_1_204' title='bbox 1843 2441 1939 2493; x_wconf 71' lang='grc' dir='ltr'><strong>καὶ</strong></span> <span class='ocrx_word' id='word_1_205' title='bbox 1983 2440 2044 2493; x_wconf 87' lang='lat'><strong>16</strong></span> <span class='ocrx_word' id='word_1_206' title='bbox 2073 2440 2176 2511; x_wconf 80' lang='grc' dir='ltr'><strong>τῆς</strong></span> 
     </span>
    </p>
   </div>
   <div class='ocr_carea' id='block_1_27' title="bbox 592 2523 2176 2603">
    <p class='ocr_par' dir='ltr' id='par_1_27' title="bbox 592 2523 2176 2603">
     <span class='ocr_line' id='line_1_27' title="bbox 592 2523 2176 2603; baseline -0.006 -17"><span class='ocrx_word' id='word_1_207' title='bbox 592 2531 869 2603; x_wconf 85' lang='grc' dir='ltr'><strong>ἀληθείας.</strong></span> <span class='ocrx_word' id='word_1_208' title='bbox 896 2529 1165 2600; x_wconf 80' lang='grc' dir='ltr'><strong>Καθάπερ</strong></span> <span class='ocrx_word' id='word_1_209' title='bbox 1192 2526 1303 2598; x_wconf 84' lang='grc' dir='ltr'><strong>γάρ</strong></span> <span class='ocrx_word' id='word_1_210' title='bbox 1325 2529 1374 2581; x_wconf 86' lang='grc' dir='ltr'><strong>οί</strong></span> <span class='ocrx_word' id='word_1_211' title='bbox 1405 2526 1687 2598; x_wconf 78' lang='grc' dir='ltr'><strong>ζωγράφοι</strong></span> <span class='ocrx_word' id='word_1_212' title='bbox 1718 2526 1777 2578; x_wconf 87' lang='grc' dir='ltr'><strong>ἐν</strong></span> <span class='ocrx_word' id='word_1_213' title='bbox 1807 2524 1958 2594; x_wconf 85' lang='grc' dir='ltr'><strong>αὐτῷ</strong></span> <span class='ocrx_word' id='word_1_214' title='bbox 1984 2523 2061 2595; x_wconf 81' lang='grc' dir='ltr'><strong>τῷ</strong></span> <span class='ocrx_word' id='word_1_215' title='bbox 2085 2524 2176 2577; x_wconf 79' lang='grc' dir='ltr'><strong>πίο</strong></span> 
     </span>
    </p>
   </div>
   <div class='ocr_carea' id='block_1_28' title="bbox 593 2606 2178 2682">
    <p class='ocr_par' dir='ltr' id='par_1_28' title="bbox 593 2606 2178 2682">
     <span class='ocr_line' id='line_1_28' title="bbox 593 2606 2178 2682; baseline -0.005 -13"><span class='ocrx_word' id='word_1_216' title='bbox 593 2633 720 2669; x_wconf 90' lang='grc' dir='ltr'><strong>νακι</strong></span> <span class='ocrx_word' id='word_1_217' title='bbox 751 2614 849 2667; x_wconf 78' lang='grc' dir='ltr'><strong>καὶ</strong></span> <span class='ocrx_word' id='word_1_218' title='bbox 871 2612 968 2676; x_wconf 89' lang='grc' dir='ltr'><strong>τάς</strong></span> <span class='ocrx_word' id='word_1_219' title='bbox 989 2610 1256 2682; x_wconf 83' lang='grc' dir='ltr'><strong>γραμμάς</strong></span> <span class='ocrx_word' id='word_1_220' title='bbox 1278 2607 1601 2679; x_wconf 82' lang='grc' dir='ltr'><strong>περιάγουσι</strong></span> <span class='ocrx_word' id='word_1_221' title='bbox 1627 2609 1722 2662; x_wconf 58' lang='grc' dir='ltr'><strong>καὶ⁸</strong></span> <span class='ocrx_word' id='word_1_222' title='bbox 1745 2609 1845 2677; x_wconf 77' lang='grc' dir='ltr'><strong>τὴν</strong></span> <span class='ocrx_word' id='word_1_223' title='bbox 1868 2606 2026 2661; x_wconf 82' lang='grc' dir='ltr'><strong>σκιὰν</strong></span> <span class='ocrx_word' id='word_1_224' title='bbox 2045 2607 2178 2680; x_wconf 87' lang='grc' dir='ltr'><strong>γρά-</strong></span> 
     </span>
    </p>
   </div>
   <div class='ocr_carea' id='block_1_29' title="bbox 595 2690 2178 2768">
    <p class='ocr_par' dir='ltr' id='par_1_29' title="bbox 595 2690 2178 2768">
     <span class='ocr_line' id='line_1_29' title="bbox 595 2690 2178 2768; baseline -0.003 -19"><span class='ocrx_word' id='word_1_225' title='bbox 595 2712 756 2768; x_wconf 86' lang='grc' dir='ltr'><strong>φουσι</strong></span> <span class='ocrx_word' id='word_1_226' title='bbox 775 2708 823 2760; x_wconf 78' lang='grc' dir='ltr'><strong>ι,</strong></span> <span class='ocrx_word' id='word_1_227' title='bbox 859 2694 956 2748; x_wconf 70' lang='grc' dir='ltr'><strong>καὶ</strong></span> <span class='ocrx_word' id='word_1_228' title='bbox 983 2693 1105 2746; x_wconf 87' lang='grc' dir='ltr'><strong>τότε</strong></span> <span class='ocrx_word' id='word_1_229' title='bbox 1130 2693 1229 2763; x_wconf 78' lang='grc' dir='ltr'><strong>τὴν</strong></span> <span class='ocrx_word' id='word_1_230' title='bbox 1258 2691 1518 2762; x_wconf 79' lang='grc' dir='ltr'><strong>ἀλήθειαν</strong></span> <span class='ocrx_word' id='word_1_231' title='bbox 1554 2691 1664 2745; x_wconf 90' lang='grc' dir='ltr'><strong>τῶν</strong></span> <span class='ocrx_word' id='word_1_232' title='bbox 1692 2691 2001 2762; x_wconf 83' lang='grc' dir='ltr'><strong>χρωμάτων</strong></span> <span class='ocrx_word' id='word_1_233' title='bbox 2027 2690 2178 2762; x_wconf 83' lang='grc' dir='ltr'><strong>αὐτῷ</strong></span> 
     </span>
    </p>
   </div>
   <div class='ocr_carea' id='block_1_30' title="bbox 595 2772 2179 2845">
    <p class='ocr_par' dir='ltr' id='par_1_30' title="bbox 595 2772 2179 2845">
     <span class='ocr_line' id='line_1_30' title="bbox 595 2772 2179 2845; baseline -0.004 -13"><span class='ocrx_word' id='word_1_234' title='bbox 595 2777 933 2832; x_wconf 77' lang='grc' dir='ltr'><strong>ἐπιτιθέασιν</strong></span> <span class='ocrx_word' id='word_1_235' title='bbox 951 2793 964 2807; x_wconf 89' lang='grc'><strong>·</strong></span> <span class='ocrx_word' id='word_1_236' title='bbox 989 2774 1133 2829; x_wconf 82' lang='grc' dir='ltr'><strong>οὓτω</strong></span> <span class='ocrx_word' id='word_1_237' title='bbox 1155 2776 1250 2829; x_wconf 76' lang='grc' dir='ltr'><strong>καὶ</strong></span> <span class='ocrx_word' id='word_1_238' title='bbox 1274 2776 1303 2827; x_wconf 90' lang='lat'><strong>6</strong></span> <span class='ocrx_word' id='word_1_239' title='bbox 1326 2774 1561 2845; x_wconf 82' lang='grc' dir='ltr'><strong>Χριστὸς</strong></span> <span class='ocrx_word' id='word_1_240' title='bbox 1584 2773 1840 2843; x_wconf 82' lang='grc' dir='ltr'><strong>ἐποίησεν</strong></span> <span class='ocrx_word' id='word_1_241' title='bbox 1863 2788 1875 2802; x_wconf 82' lang='lat'><strong><em>°</em></strong></span> <span class='ocrx_word' id='word_1_242' title='bbox 1899 2772 1986 2826; x_wconf 76' lang='grc' dir='ltr'><strong>ἐπ’</strong></span> <span class='ocrx_word' id='word_1_243' title='bbox 2009 2773 2179 2845; x_wconf 79' lang='grc' dir='ltr'><strong>αὐτῆς</strong></span> 
     </span>
    </p>
   </div>
   <div class='ocr_carea' id='block_1_31' title="bbox 595 2856 2180 2934">
    <p class='ocr_par' dir='ltr' id='par_1_31' title="bbox 595 2856 2180 2934">
     <span class='ocr_line' id='line_1_31' title="bbox 595 2856 2180 2934; baseline -0.003 -19"><span class='ocrx_word' id='word_1_244' title='bbox 595 2862 696 2933; x_wconf 81' lang='grc' dir='ltr'><strong>τῆς</strong></span> <span class='ocrx_word' id='word_1_245' title='bbox 734 2860 1012 2934; x_wconf 79' lang='grc' dir='ltr'><strong>τραπέζης</strong></span> <span class='ocrx_word' id='word_1_246' title='bbox 1053 2858 1233 2912; x_wconf 75' lang='grc' dir='ltr'><strong>καὶτὸ</strong></span> <span class='ocrx_word' id='word_1_247' title='bbox 1258 2857 1486 2911; x_wconf 85' lang='grc' dir='ltr'><strong>τυπικὺν</strong></span> <span class='ocrx_word' id='word_1_248' title='bbox 1511 2858 1704 2928; x_wconf 83' lang='grc' dir='ltr'><strong>Πάσχα</strong></span> <span class='ocrx_word' id='word_1_249' title='bbox 1745 2856 2051 2928; x_wconf 73' lang='grc' dir='ltr'><strong>ὑπέγραψε,</strong></span> <span class='ocrx_word' id='word_1_250' title='bbox 2084 2858 2180 2912; x_wconf 81' lang='grc' dir='ltr'><strong>καὶ</strong></span> 
     </span>
    </p>
   </div>
   <div class='ocr_carea' id='block_1_32' title="bbox 595 2940 2181 3014">
    <p class='ocr_par' dir='ltr' id='par_1_32' title="bbox 595 2940 2181 3014">
     <span class='ocr_line' id='line_1_32' title="bbox 595 2940 2181 3014; baseline -0.003 -15"><span class='ocrx_word' id='word_1_251' title='bbox 595 2946 657 2999; x_wconf 97' lang='lat'><strong>16</strong></span> <span class='ocrx_word' id='word_1_252' title='bbox 696 2943 948 3014; x_wconf 80' lang='grc' dir='ltr'><strong>ἀληθινὸν</strong></span> <span class='ocrx_word' id='word_1_253' title='bbox 992 2942 1317 3013; x_wconf 71' lang='grc' dir='ltr'><strong>προσέθηκε*</strong></span> <span class='ocrx_word' id='word_1_254' title='bbox 1364 2940 1491 3009; x_wconf 84' lang='grc' dir='ltr'><strong>Ποῦ</strong></span> <span class='ocrx_word' id='word_1_255' title='bbox 1535 2942 1732 3007; x_wconf 75' lang='grc' dir='ltr'><strong>θέλεις</strong></span> <span class='ocrx_word' id='word_1_256' title='bbox 1771 2940 2181 3012; x_wconf 78' lang='grc' dir='ltr'><strong>ἑτοιμάσωμέν</strong></span> 
     </span>
    </p>
   </div>
   <div class='ocr_carea' id='block_1_33' title="bbox 595 3020 2181 3099">
    <p class='ocr_par' dir='ltr' id='par_1_33' title="bbox 595 3020 2181 3099">
     <span class='ocr_line' id='line_1_33' title="bbox 595 3020 2181 3099; baseline -0.003 -16"><span class='ocrx_word' id='word_1_257' title='bbox 595 3045 698 3083; x_wconf 86' lang='grc' dir='ltr'><strong>σοι</strong></span> <span class='ocrx_word' id='word_1_258' title='bbox 750 3027 962 3099; x_wconf 62' lang='grc' dir='ltr'><strong>φαγεῖν</strong></span> <span class='ocrx_word' id='word_1_259' title='bbox 1004 3027 1071 3080; x_wconf 80' lang='grc' dir='ltr'><strong>τὸ</strong></span> <span class='ocrx_word' id='word_1_260' title='bbox 1117 3024 1375 3094; x_wconf 81' lang='grc' dir='ltr'><strong>Πάσχα;</strong></span> <span class='ocrx_word' id='word_1_261' title='bbox 1411 3020 1520 3078; x_wconf 87' lang='grc' dir='ltr'><strong>Ἦν</strong></span> <span class='ocrx_word' id='word_1_262' title='bbox 1560 3023 1622 3078; x_wconf 85' lang='lat'><strong>16</strong></span> <span class='ocrx_word' id='word_1_263' title='bbox 1652 3024 1942 3079; x_wconf 84' lang='grc' dir='ltr'><strong>Ἰουδαϊκὸν</strong></span> <span class='ocrx_word' id='word_1_264' title='bbox 1987 3025 2181 3098; x_wconf 81' lang='grc' dir='ltr'><strong>Πάσχα</strong></span> 
     </span>
    </p>
   </div>
   <div class='ocr_carea' id='block_1_34' title="bbox 594 3108 2181 3181">
    <p class='ocr_par' dir='ltr' id='par_1_34' title="bbox 594 3108 2181 3181">
     <span class='ocr_line' id='line_1_34' title="bbox 594 3108 2181 3181; baseline -0.003 -13"><span class='ocrx_word' id='word_1_265' title='bbox 594 3115 717 3169; x_wconf 86' lang='grc' dir='ltr'><strong>τότε</strong></span> <span class='ocrx_word' id='word_1_266' title='bbox 739 3129 752 3143; x_wconf 90' lang='grc'><strong>·</strong></span> <span class='ocrx_word' id='word_1_267' title='bbox 787 3112 924 3167; x_wconf 84' lang='grc' dir='ltr'><strong>ἀλλὰ</strong></span> <span class='ocrx_word' id='word_1_268' title='bbox 944 3110 1038 3164; x_wconf 89' lang='grc' dir='ltr'><strong>τοῦ</strong></span> <span class='ocrx_word' id='word_1_269' title='bbox 1065 3110 1215 3181; x_wconf 81' lang='grc' dir='ltr'><strong>ἡλίου</strong></span> <span class='ocrx_word' id='word_1_270' title='bbox 1246 3108 1514 3173; x_wconf 73' lang='grc' dir='ltr'><strong>ἐλθόντος,</strong></span> <span class='ocrx_word' id='word_1_271' title='bbox 1551 3110 1748 3181; x_wconf 83' lang='grc' dir='ltr'><strong>μηκέτι</strong></span> <span class='ocrx_word' id='word_1_272' title='bbox 1775 3109 1968 3181; x_wconf 86' lang='grc' dir='ltr'><strong>λύχνος</strong></span> <span class='ocrx_word' id='word_1_273' title='bbox 2002 3111 2181 3179; x_wconf 83' lang='grc' dir='ltr'><strong>φαινέ-</strong></span> 
     </span>
    </p>
   </div>
   <div class='ocr_carea' id='block_1_35' title="bbox 594 3192 2176 3268">
    <p class='ocr_par' dir='ltr' id='par_1_35' title="bbox 594 3192 2176 3268">
     <span class='ocr_line' id='line_1_35' title="bbox 594 3192 2176 3268; baseline -0.003 -16"><span class='ocrx_word' id='word_1_274' title='bbox 594 3216 692 3265; x_wconf 87' lang='grc' dir='ltr'><strong>τω,</strong></span> <span class='ocrx_word' id='word_1_275' title='bbox 719 3198 825 3268; x_wconf 77' lang='grc' dir='ltr'><strong>τῆς</strong></span> <span class='ocrx_word' id='word_1_276' title='bbox 855 3194 1113 3268; x_wconf 77' lang='grc' dir='ltr'><strong>ἀληθείας</strong></span> <span class='ocrx_word' id='word_1_277' title='bbox 1137 3193 1613 3267; x_wconf 80' lang='grc' dir='ltr'><strong>παραγενομένης,</strong></span> <span class='ocrx_word' id='word_1_278' title='bbox 1644 3193 1884 3267; x_wconf 88' lang='grc' dir='ltr'><strong>ἀργείτω</strong></span> <span class='ocrx_word' id='word_1_279' title='bbox 1920 3192 2106 3249; x_wconf 70' lang='grc' dir='ltr'><strong>λοιπὸν</strong></span> <span class='ocrx_word' id='word_1_280' title='bbox 2143 3197 2176 3267; x_wconf 84' lang='grc' dir='ltr'>ἡ</span> 
     </span>
    </p>
   </div>
   <div class='ocr_carea' id='block_1_36' title="bbox 598 3280 750 3335">
    <p class='ocr_par' dir='ltr' id='par_1_36' title="bbox 598 3280 750 3335">
     <span class='ocr_line' id='line_1_36' title="bbox 598 3280 750 3335; baseline 0 0"><span class='ocrx_word' id='word_1_281' title='bbox 598 3280 750 3335; x_wconf 82' lang='grc' dir='ltr'><strong>σκιά.</strong></span> 
     </span>
    </p>
   </div>
   <div class='ocr_carea' id='block_1_37' title="bbox 668 3358 2183 3434">
    <p class='ocr_par' dir='ltr' id='par_1_37' title="bbox 668 3358 2183 3434">
     <span class='ocr_line' id='line_1_37' title="bbox 668 3358 2183 3434; baseline -0.001 -17"><span class='ocrx_word' id='word_1_282' title='bbox 668 3362 729 3419; x_wconf 84' lang='grc' dir='ltr'><strong>ε’.</strong></span> <span class='ocrx_word' id='word_1_283' title='bbox 746 3361 932 3417; x_wconf 87' lang='grc' dir='ltr'><strong>Ταῦτα</strong></span> <span class='ocrx_word' id='word_1_284' title='bbox 942 3362 1083 3434; x_wconf 73' lang='grc' dir='ltr'><strong>πρὸς</strong></span> <span class='ocrx_word' id='word_1_285' title='bbox 1093 3360 1374 3422; x_wconf 82' lang='grc' dir='ltr'><strong>Ἰουδαίους</strong></span> <span class='ocrx_word' id='word_1_286' title='bbox 1383 3358 1548 3429; x_wconf 82' lang='grc' dir='ltr'><strong>λέγω,</strong></span> <span class='ocrx_word' id='word_1_287' title='bbox 1561 3358 1747 3433; x_wconf 78' lang='grc' dir='ltr'><strong>ἐπειδὴ</strong></span> <span class='ocrx_word' id='word_1_288' title='bbox 1756 3360 1974 3415; x_wconf 86' lang='grc' dir='ltr'><strong>δοκοῦσι</strong></span> <span class='ocrx_word' id='word_1_289' title='bbox 1986 3360 2183 3432; x_wconf 86' lang='grc' dir='ltr'><strong>Πάσχα</strong></span> 
     </span>
    </p>
   </div>
   <div class='ocr_carea' id='block_1_38' title="bbox 597 3442 2184 3518">
    <p class='ocr_par' dir='ltr' id='par_1_38' title="bbox 597 3442 2184 3518">
     <span class='ocr_line' id='line_1_38' title="bbox 597 3442 2184 3518; baseline -0.002 -17"><span class='ocrx_word' id='word_1_290' title='bbox 597 3451 795 3511; x_wconf 80' lang='grc' dir='ltr'><strong>ποιεῖν,</strong></span> <span class='ocrx_word' id='word_1_291' title='bbox 828 3445 1017 3516; x_wconf 82' lang='grc' dir='ltr'><strong>ἐπειδὴ</strong></span> <span class='ocrx_word' id='word_1_292' title='bbox 1043 3444 1238 3518; x_wconf 82' lang='grc' dir='ltr'><strong>γνώμῃ</strong></span> <span class='ocrx_word' id='word_1_293' title='bbox 1265 3443 1610 3514; x_wconf 76' lang='grc' dir='ltr'><strong>ἀναισχύντῳ</strong></span> <span class='ocrx_word' id='word_1_294' title='bbox 1640 3444 1709 3496; x_wconf 89' lang='grc' dir='ltr'><strong>τά</strong></span> <span class='ocrx_word' id='word_1_295' title='bbox 1730 3442 1916 3515; x_wconf 81' lang='grc' dir='ltr'><strong>ἀζυμα</strong></span> <span class='ocrx_word' id='word_1_296' title='bbox 1945 3444 2184 3515; x_wconf 80' lang='grc' dir='ltr'><strong>προϐάλ-</strong></span> 
     </span>
    </p>
   </div>
   <div class='ocr_carea' id='block_1_39' title="bbox 597 3526 2179 3599">
    <p class='ocr_par' dir='ltr' id='par_1_39' title="bbox 597 3526 2179 3599">
     <span class='ocr_line' id='line_1_39' title="bbox 597 3526 2179 3599; baseline -0.001 -15"><span class='ocrx_word' id='word_1_297' title='bbox 597 3530 850 3584; x_wconf 87' lang='grc' dir='ltr'><strong>λουσινοί</strong></span> <span class='ocrx_word' id='word_1_298' title='bbox 875 3528 1240 3598; x_wconf 75' lang='grc' dir='ltr'><strong>ἀπερίτμητοι</strong></span> <span class='ocrx_word' id='word_1_299' title='bbox 1277 3530 1400 3589; x_wconf 81' lang='grc' dir='ltr'><strong>ταῖς</strong></span> <span class='ocrx_word' id='word_1_300' title='bbox 1429 3526 1699 3597; x_wconf 84' lang='grc' dir='ltr'><strong>καρδίαις.</strong></span> <span class='ocrx_word' id='word_1_301' title='bbox 1737 3526 1884 3590; x_wconf 86' lang='grc' dir='ltr'><strong>Πῶς,</strong></span> <span class='ocrx_word' id='word_1_302' title='bbox 1914 3529 2033 3581; x_wconf 79' lang='grc' dir='ltr'><strong>εἰπέ</strong></span> <span class='ocrx_word' id='word_1_303' title='bbox 2067 3545 2179 3599; x_wconf 91' lang='grc' dir='ltr'><strong>μοι,</strong></span> 
     </span>
    </p>
   </div>
   <div class='ocr_carea' id='block_1_40' title="bbox 596 3603 2179 3681">
    <p class='ocr_par' dir='ltr' id='par_1_40' title="bbox 596 3603 2179 3681">
     <span class='ocr_line' id='line_1_40' title="bbox 596 3603 2179 3681; baseline -0.001 -16"><span class='ocrx_word' id='word_1_304' title='bbox 596 3613 661 3665; x_wconf 87' lang='grc' dir='ltr'><strong>τὸ</strong></span> <span class='ocrx_word' id='word_1_305' title='bbox 688 3611 881 3681; x_wconf 86' lang='grc' dir='ltr'><strong>Πάσχα</strong></span> <span class='ocrx_word' id='word_1_306' title='bbox 906 3609 1197 3676; x_wconf 75' lang='grc' dir='ltr'><strong>ἐπιτελεῖς,</strong></span> <span class='ocrx_word' id='word_1_307' title='bbox 1218 3603 1526 3674; x_wconf 82' lang='grc' dir='ltr'><strong>ὧἸουδαῖε;</strong></span> <span class='ocrx_word' id='word_1_308' title='bbox 1557 3609 1616 3661; x_wconf 86' lang='lat'><strong>&#39;0</strong></span> <span class='ocrx_word' id='word_1_309' title='bbox 1640 3609 1767 3672; x_wconf 83' lang='grc' dir='ltr'><strong>ναὸς</strong></span> <span class='ocrx_word' id='word_1_310' title='bbox 1782 3608 2179 3678; x_wconf 84' lang='grc' dir='ltr'><strong>κατέσκαπται,</strong></span> 
     </span>
    </p>
   </div>
   <div class='ocr_carea' id='block_1_41' title="bbox 597 3693 2180 3767">
    <p class='ocr_par' dir='ltr' id='par_1_41' title="bbox 597 3693 2180 3767">
     <span class='ocr_line' id='line_1_41' title="bbox 597 3693 2180 3767; baseline 0.001 -19"><span class='ocrx_word' id='word_1_311' title='bbox 597 3696 627 3748; x_wconf 89' lang='lat'><strong>6</strong></span> <span class='ocrx_word' id='word_1_312' title='bbox 657 3693 836 3764; x_wconf 80' lang='grc' dir='ltr'><strong>βωμὸς</strong></span> <span class='ocrx_word' id='word_1_313' title='bbox 864 3693 1153 3765; x_wconf 79' lang='grc' dir='ltr'><strong>ἀνῄρηται,</strong></span> <span class='ocrx_word' id='word_1_314' title='bbox 1189 3693 1258 3747; x_wconf 87' lang='grc' dir='ltr'><strong>τά</strong></span> <span class='ocrx_word' id='word_1_315' title='bbox 1285 3694 1451 3762; x_wconf 80' lang='grc' dir='ltr'><strong>Ἀγια</strong></span> <span class='ocrx_word' id='word_1_316' title='bbox 1489 3693 1597 3747; x_wconf 88' lang='grc' dir='ltr'><strong>τῶν</strong></span> <span class='ocrx_word' id='word_1_317' title='bbox 1635 3693 1804 3762; x_wconf 80' lang='grc' dir='ltr'><strong>ἁγίων</strong></span> <span class='ocrx_word' id='word_1_318' title='bbox 1850 3695 2180 3767; x_wconf 84' lang='grc' dir='ltr'><strong>πεπάτηται,</strong></span> 
     </span>
    </p>
   </div>
   <div class='ocr_carea' id='block_1_42' title="bbox 599 3771 2185 3845">
    <p class='ocr_par' dir='ltr' id='par_1_42' title="bbox 599 3771 2185 3845">
     <span class='ocr_line' id='line_1_42' title="bbox 599 3771 2185 3845; baseline 0.001 -14"><span class='ocrx_word' id='word_1_319' title='bbox 599 3777 782 3845; x_wconf 82' lang='grc' dir='ltr'><strong>πάσης</strong></span> <span class='ocrx_word' id='word_1_320' title='bbox 817 3775 1008 3840; x_wconf 85' lang='grc' dir='ltr'><strong>θυσίας</strong></span> <span class='ocrx_word' id='word_1_321' title='bbox 1038 3771 1178 3839; x_wconf 82' lang='grc' dir='ltr'><strong>εἶδος</strong></span> <span class='ocrx_word' id='word_1_322' title='bbox 1205 3775 1420 3830; x_wconf 83' lang='grc' dir='ltr'><strong>λέλυται</strong></span> <span class='ocrx_word' id='word_1_323' title='bbox 1439 3792 1453 3805; x_wconf 83' lang='grc'><em>’</em></span> <span class='ocrx_word' id='word_1_324' title='bbox 1486 3776 1632 3841; x_wconf 89' lang='grc' dir='ltr'><strong>τίνος</strong></span> <span class='ocrx_word' id='word_1_325' title='bbox 1661 3772 1757 3831; x_wconf 83' lang='grc' dir='ltr'><strong>οὖν</strong></span> <span class='ocrx_word' id='word_1_326' title='bbox 1786 3775 1972 3831; x_wconf 75' lang='grc' dir='ltr'><strong>ἕνεκεν</strong></span> <span class='ocrx_word' id='word_1_327' title='bbox 2008 3777 2185 3833; x_wconf 83' lang='grc' dir='ltr'><strong>ταῦτα</strong></span> 
     </span>
    </p>
   </div>
   <div class='ocr_carea' id='block_1_43' title="bbox 598 3859 2185 3934">
    <p class='ocr_par' dir='ltr' id='par_1_43' title="bbox 598 3859 2185 3934">
     <span class='ocr_line' id='line_1_43' title="bbox 598 3859 2185 3934; baseline 0.001 -20"><span class='ocrx_word' id='word_1_328' title='bbox 598 3861 804 3930; x_wconf 80' lang='grc' dir='ltr'><strong>τολμᾷς</strong></span> <span class='ocrx_word' id='word_1_329' title='bbox 826 3859 906 3913; x_wconf 73' lang='grc' dir='ltr'><strong>τάι</strong></span> <span class='ocrx_word' id='word_1_330' title='bbox 921 3859 1215 3932; x_wconf 86' lang='grc' dir='ltr'><strong>παράνομα</strong></span> <span class='ocrx_word' id='word_1_331' title='bbox 1259 3859 1518 3930; x_wconf 86' lang='grc' dir='ltr'><strong>πράττειν</strong></span> <span class='ocrx_word' id='word_1_332' title='bbox 1546 3859 1883 3932; x_wconf 82' lang='grc' dir='ltr'><strong>πράγματα;</strong></span> <span class='ocrx_word' id='word_1_333' title='bbox 1914 3862 2185 3934; x_wconf 78' lang='grc' dir='ltr'><strong>’Δπῆλθες</strong></span> 
     </span>
    </p>
   </div>
   <div class='ocr_carea' id='block_1_44' title="bbox 600 3942 2184 4015">
    <p class='ocr_par' dir='ltr' id='par_1_44' title="bbox 600 3942 2184 4015">
     <span class='ocr_line' id='line_1_44' title="bbox 600 3942 2184 4015; baseline 0.002 -19"><span class='ocrx_word' id='word_1_334' title='bbox 600 3947 681 4007; x_wconf 90' lang='grc' dir='ltr'><strong>είς</strong></span> <span class='ocrx_word' id='word_1_335' title='bbox 705 3942 1000 3997; x_wconf 81' lang='grc' dir='ltr'><strong>Βαϐυλῶνά</strong></span> <span class='ocrx_word' id='word_1_336' title='bbox 1031 3961 1177 4003; x_wconf 89' lang='grc' dir='ltr'><strong>ποτε,</strong></span> <span class='ocrx_word' id='word_1_337' title='bbox 1209 3944 1371 3997; x_wconf 83' lang='grc' dir='ltr'><strong>κάκεῖ</strong></span> <span class='ocrx_word' id='word_1_338' title='bbox 1403 3943 1589 4012; x_wconf 86' lang='grc' dir='ltr'><strong>ἔλεγον</strong></span> <span class='ocrx_word' id='word_1_339' title='bbox 1620 3944 1671 3996; x_wconf 89' lang='grc' dir='ltr'><strong>οί</strong></span> <span class='ocrx_word' id='word_1_340' title='bbox 1710 3944 2184 4015; x_wconf 85' lang='grc' dir='ltr'><strong>αίχμα).ωτεύσαν-</strong></span> 
     </span>
    </p>
   </div>
   <div class='ocr_carea' id='block_1_45' title="bbox 597 4025 2185 4097">
    <p class='ocr_par' dir='ltr' id='par_1_45' title="bbox 597 4025 2185 4097">
     <span class='ocr_line' id='line_1_45' title="bbox 597 4025 2185 4097; baseline 0.002 -17"><span class='ocrx_word' id='word_1_341' title='bbox 597 4026 691 4090; x_wconf 85' lang='grc' dir='ltr'><strong>τές</strong></span> <span class='ocrx_word' id='word_1_342' title='bbox 718 4044 806 4080; x_wconf 87' lang='grc' dir='ltr'><strong>σε·</strong></span> <span class='ocrx_word' id='word_1_343' title='bbox 841 4028 1064 4097; x_wconf 77' lang='grc' dir='ltr'><strong>ᾊσατε</strong></span> <span class='ocrx_word' id='word_1_344' title='bbox 1097 4026 1244 4096; x_wconf 75' lang='grc' dir='ltr'><strong>ἡμῖν</strong></span> <span class='ocrx_word' id='word_1_345' title='bbox 1273 4028 1342 4080; x_wconf 81' lang='grc' dir='ltr'><strong>ἐκ</strong></span> <span class='ocrx_word' id='word_1_346' title='bbox 1367 4025 1487 4080; x_wconf 71' lang='grc' dir='ltr'><strong>τῶν</strong></span> <span class='ocrx_word' id='word_1_347' title='bbox 1519 4025 1692 4092; x_wconf 78' lang='grc' dir='ltr'><strong>ᾠδῶν</strong></span> <span class='ocrx_word' id='word_1_348' title='bbox 1714 4027 1900 4082; x_wconf 80' lang='grc' dir='ltr'><strong>Σιών·</strong></span> <span class='ocrx_word' id='word_1_349' title='bbox 1948 4029 2044 4082; x_wconf 74' lang='grc' dir='ltr'><strong>καὶ</strong></span> <span class='ocrx_word' id='word_1_350' title='bbox 2083 4030 2185 4083; x_wconf 86' lang='grc' dir='ltr'><strong>ούκ</strong></span> 
     </span>
    </p>
   </div>
   <div class='ocr_carea' id='block_1_46' title="bbox 599 4109 2185 4181">
    <p class='ocr_par' dir='ltr' id='par_1_46' title="bbox 599 4109 2185 4181">
     <span class='ocr_line' id='line_1_46' title="bbox 599 4109 2185 4181; baseline 0.001 -18"><span class='ocrx_word' id='word_1_351' title='bbox 599 4111 852 4181; x_wconf 77' lang='grc' dir='ltr'><strong>ἠνέσχου.</strong></span> <span class='ocrx_word' id='word_1_352' title='bbox 895 4112 1005 4165; x_wconf 72' lang='grc' dir='ltr'><strong>Καὶ</strong></span> <span class='ocrx_word' id='word_1_353' title='bbox 1046 4111 1220 4164; x_wconf 88' lang='grc' dir='ltr'><strong>ταῦτα</strong></span> <span class='ocrx_word' id='word_1_354' title='bbox 1260 4110 1476 4174; x_wconf 80' lang='grc' dir='ltr'><strong>δεικνὺς</strong></span> <span class='ocrx_word' id='word_1_355' title='bbox 1512 4112 1543 4164; x_wconf 92' lang='lat'><strong>6</strong></span> <span class='ocrx_word' id='word_1_356' title='bbox 1572 4109 1755 4176; x_wconf 77' lang='grc' dir='ltr'><strong>Δαυῒδ,</strong></span> <span class='ocrx_word' id='word_1_357' title='bbox 1788 4110 2009 4181; x_wconf 79' lang='grc' dir='ltr'><strong>ἔλεγενο</strong></span> <span class='ocrx_word' id='word_1_358' title='bbox 2055 4111 2185 4166; x_wconf 80' lang='grc' dir='ltr'><strong>Ἐπί</strong></span> 
     </span>
    </p>
   </div>
   <div class='ocr_carea' id='block_1_47' title="bbox 599 4193 2181 4265">
    <p class='ocr_par' dir='ltr' id='par_1_47' title="bbox 599 4193 2181 4265">
     <span class='ocr_line' id='line_1_47' title="bbox 599 4193 2181 4265; baseline 0.001 -18"><span class='ocrx_word' id='word_1_359' title='bbox 599 4194 710 4247; x_wconf 71' lang='grc' dir='ltr'><strong>τὸν</strong></span> <span class='ocrx_word' id='word_1_360' title='bbox 756 4198 1028 4264; x_wconf 71' lang='grc' dir='ltr'><strong>ποταμὸν</strong></span> <span class='ocrx_word' id='word_1_361' title='bbox 1082 4194 1460 4261; x_wconf 72' lang='grc' dir='ltr'><strong>Βαϐυλῶνος,</strong></span> <span class='ocrx_word' id='word_1_362' title='bbox 1490 4193 1619 4248; x_wconf 62' lang='grc' dir='ltr'><strong>ἐκεῖ</strong></span> <span class='ocrx_word' id='word_1_363' title='bbox 1668 4195 2037 4265; x_wconf 79' lang='grc' dir='ltr'><strong>ὲκαθίσαμεν</strong></span> <span class='ocrx_word' id='word_1_364' title='bbox 2080 4196 2181 4250; x_wconf 80' lang='grc' dir='ltr'><strong>καί</strong></span> 
     </span>
    </p>
   </div>
   <div class='ocr_carea' id='block_1_48' title="bbox 599 4277 2184 4348">
    <p class='ocr_par' dir='ltr' id='par_1_48' title="bbox 599 4277 2184 4348">
     <span class='ocr_line' id='line_1_48' title="bbox 599 4277 2184 4348; baseline 0.001 -17"><span class='ocrx_word' id='word_1_365' title='bbox 599 4279 986 4346; x_wconf 70' lang='grc' dir='ltr'><strong>ἑκλαύσαμεν</strong></span> <span class='ocrx_word' id='word_1_366' title='bbox 1009 4295 1023 4311; x_wconf 80' lang='grc' dir='ltr'><strong>ο</strong></span> <span class='ocrx_word' id='word_1_367' title='bbox 1052 4278 1150 4331; x_wconf 76' lang='grc' dir='ltr'><strong>ἐπὶ</strong></span> <span class='ocrx_word' id='word_1_368' title='bbox 1173 4278 1304 4345; x_wconf 83' lang='grc' dir='ltr'><strong>ταῖς</strong></span> <span class='ocrx_word' id='word_1_369' title='bbox 1324 4279 1506 4344; x_wconf 82' lang='grc' dir='ltr'><strong>ίτέαις</strong></span> <span class='ocrx_word' id='word_1_370' title='bbox 1527 4278 1598 4331; x_wconf 82' lang='grc' dir='ltr'><strong>ἐν</strong></span> <span class='ocrx_word' id='word_1_371' title='bbox 1618 4277 1787 4348; x_wconf 78' lang='grc' dir='ltr'><strong>μέσῳ</strong></span> <span class='ocrx_word' id='word_1_372' title='bbox 1810 4278 1996 4346; x_wconf 83' lang='grc' dir='ltr'><strong>αὐτῆς</strong></span> <span class='ocrx_word' id='word_1_373' title='bbox 2015 4279 2184 4348; x_wconf 83' lang='grc' dir='ltr'><strong>ἐκρε-</strong></span> 
     </span>
    </p>
   </div>
   <div class='ocr_carea' id='block_1_49' title="bbox 598 4359 2185 4432">
    <p class='ocr_par' dir='ltr' id='par_1_49' title="bbox 598 4359 2185 4432">
     <span class='ocr_line' id='line_1_49' title="bbox 598 4359 2185 4432; baseline 0 -17"><span class='ocrx_word' id='word_1_374' title='bbox 598 4360 878 4430; x_wconf 77' lang='grc' dir='ltr'><strong>μάσαμεν</strong></span> <span class='ocrx_word' id='word_1_375' title='bbox 904 4362 975 4416; x_wconf 81' lang='grc' dir='ltr'><strong>τὰ</strong></span> <span class='ocrx_word' id='word_1_376' title='bbox 995 4362 1219 4430; x_wconf 73' lang='grc' dir='ltr'><strong>ὄργανα</strong></span> <span class='ocrx_word' id='word_1_377' title='bbox 1242 4359 1432 4429; x_wconf 75' lang='grc' dir='ltr'><strong>ἡμῶν,</strong></span> <span class='ocrx_word' id='word_1_378' title='bbox 1461 4361 1729 4425; x_wconf 75' lang='grc' dir='ltr'><strong>τουτέστι,</strong></span> <span class='ocrx_word' id='word_1_379' title='bbox 1754 4362 2075 4432; x_wconf 76' lang='grc' dir='ltr'><strong>ψαλτήριον,</strong></span> <span class='ocrx_word' id='word_1_380' title='bbox 2107 4379 2185 4415; x_wconf 86' lang='grc' dir='ltr'><strong>κι-</strong></span> 
     </span>
    </p>
   </div>
   <div class='ocr_carea' id='block_1_50' title="bbox 603 4443 2184 4516">
    <p class='ocr_par' dir='ltr' id='par_1_50' title="bbox 603 4443 2184 4516">
     <span class='ocr_line' id='line_1_50' title="bbox 603 4443 2184 4516; baseline 0.001 -19"><span class='ocrx_word' id='word_1_381' title='bbox 603 4444 794 4514; x_wconf 83' lang='grc' dir='ltr'><strong>θάραν,</strong></span> <span class='ocrx_word' id='word_1_382' title='bbox 827 4443 1018 4514; x_wconf 89' lang='grc' dir='ltr'><strong>λύραν,</strong></span> <span class='ocrx_word' id='word_1_383' title='bbox 1048 4443 1143 4496; x_wconf 69' lang='grc' dir='ltr'><strong>καὶ</strong></span> <span class='ocrx_word' id='word_1_384' title='bbox 1167 4444 1236 4496; x_wconf 79' lang='grc' dir='ltr'><strong>τά</strong></span> <span class='ocrx_word' id='word_1_385' title='bbox 1266 4443 1464 4497; x_wconf 75' lang='grc' dir='ltr'><strong>λοιπά·</strong></span> <span class='ocrx_word' id='word_1_386' title='bbox 1498 4445 1709 4508; x_wconf 86' lang='grc' dir='ltr'><strong>τούτοις</strong></span> <span class='ocrx_word' id='word_1_387' title='bbox 1745 4445 1854 4516; x_wconf 85' lang='grc' dir='ltr'><strong>γὰρ</strong></span> <span class='ocrx_word' id='word_1_388' title='bbox 1887 4445 2184 4516; x_wconf 87' lang='grc' dir='ltr'><strong>ἐκέχρηντο</strong></span> 
     </span>
    </p>
   </div>
   <div class='ocr_carea' id='block_1_51' title="bbox 600 4524 2185 4601">
    <p class='ocr_par' dir='ltr' id='par_1_51' title="bbox 600 4524 2185 4601">
     <span class='ocr_line' id='line_1_51' title="bbox 600 4524 2185 4601; baseline 0.001 -22"><span class='ocrx_word' id='word_1_389' title='bbox 600 4527 663 4579; x_wconf 84' lang='grc' dir='ltr'><strong>τὸ</strong></span> <span class='ocrx_word' id='word_1_390' title='bbox 696 4526 941 4589; x_wconf 80' lang='grc' dir='ltr'><strong>παλαιὸν,</strong></span> <span class='ocrx_word' id='word_1_391' title='bbox 973 4527 1068 4579; x_wconf 74' lang='grc' dir='ltr'><strong>καὶ</strong></span> <span class='ocrx_word' id='word_1_392' title='bbox 1102 4525 1191 4578; x_wconf 76' lang='grc' dir='ltr'><strong>διὰ</strong></span> <span class='ocrx_word' id='word_1_393' title='bbox 1221 4526 1427 4580; x_wconf 90' lang='grc' dir='ltr'><strong>τούτων</strong></span> <span class='ocrx_word' id='word_1_394' title='bbox 1457 4528 1586 4591; x_wconf 81' lang='grc' dir='ltr'><strong>τοὺς</strong></span> <span class='ocrx_word' id='word_1_395' title='bbox 1616 4527 1866 4598; x_wconf 72' lang='grc' dir='ltr'><strong>ψαλμοὺς</strong></span> <span class='ocrx_word' id='word_1_396' title='bbox 1892 4524 2039 4601; x_wconf 79' lang='grc' dir='ltr'><strong>ᾖδον.</strong></span> <span class='ocrx_word' id='word_1_397' title='bbox 2075 4530 2185 4581; x_wconf 67' lang='grc' dir='ltr'><strong>Καὶ</strong></span> 
     </span>
    </p>
   </div>
   <div class='ocr_carea' id='block_1_52' title="bbox 600 4608 2183 4681">
    <p class='ocr_par' dir='ltr' id='par_1_52' title="bbox 600 4608 2183 4681">
     <span class='ocr_line' id='line_1_52' title="bbox 600 4608 2183 4681; baseline 0.001 -19"><span class='ocrx_word' id='word_1_398' title='bbox 600 4608 774 4663; x_wconf 83' lang='grc' dir='ltr'><strong>ταῦτα</strong></span> <span class='ocrx_word' id='word_1_399' title='bbox 806 4608 1131 4672; x_wconf 84' lang='grc' dir='ltr'><strong>ἀπελθόντες</strong></span> <span class='ocrx_word' id='word_1_400' title='bbox 1160 4612 1240 4672; x_wconf 86' lang='grc' dir='ltr'><strong>είς</strong></span> <span class='ocrx_word' id='word_1_401' title='bbox 1279 4610 1378 4681; x_wconf 82' lang='grc' dir='ltr'><strong>τὴν</strong></span> <span class='ocrx_word' id='word_1_402' title='bbox 1418 4610 1821 4680; x_wconf 80' lang='grc' dir='ltr'><strong>αἰχμαλωσίαν,</strong></span> <span class='ocrx_word' id='word_1_403' title='bbox 1862 4612 2073 4675; x_wconf 83' lang='grc' dir='ltr'><strong>ἔλαϐον,</strong></span> <span class='ocrx_word' id='word_1_404' title='bbox 2115 4612 2183 4664; x_wconf 78' lang='grc' dir='ltr'><strong>ἵν’</strong></span> 
     </span>
    </p>
   </div>
   <div class='ocr_carea' id='block_1_53' title="bbox 604 4691 2180 4770">
    <p class='ocr_par' dir='ltr' id='par_1_53' title="bbox 604 4691 2180 4770">
     <span class='ocr_line' id='line_1_53' title="bbox 604 4691 2180 4770; baseline 0.002 -25"><span class='ocrx_word' id='word_1_405' title='bbox 604 4693 768 4763; x_wconf 79' lang='grc' dir='ltr'><strong>ἔχωσι</strong></span> <span class='ocrx_word' id='word_1_406' title='bbox 783 4693 882 4764; x_wconf 79' lang='grc' dir='ltr'><strong>τὴν</strong></span> <span class='ocrx_word' id='word_1_407' title='bbox 901 4692 1207 4764; x_wconf 83' lang='grc' dir='ltr'><strong>ὑπόμνησιν</strong></span> <span class='ocrx_word' id='word_1_408' title='bbox 1230 4691 1330 4760; x_wconf 85' lang='grc' dir='ltr'><strong>τῆς</strong></span> <span class='ocrx_word' id='word_1_409' title='bbox 1352 4692 1627 4756; x_wconf 87' lang='grc' dir='ltr'><strong>πολιτείας</strong></span> <span class='ocrx_word' id='word_1_410' title='bbox 1647 4693 1747 4765; x_wconf 79' lang='grc' dir='ltr'><strong>τῆς</strong></span> <span class='ocrx_word' id='word_1_411' title='bbox 1770 4698 1829 4748; x_wconf 84' lang='grc' dir='ltr'><strong>ἐν</strong></span> <span class='ocrx_word' id='word_1_412' title='bbox 1851 4697 1915 4766; x_wconf 84' lang='grc' dir='ltr'><strong>τῇ</strong></span> <span class='ocrx_word' id='word_1_413' title='bbox 1941 4695 2180 4770; x_wconf 89' lang='grc' dir='ltr'><strong>πατρίδι,</strong></span> 
     </span>
    </p>
   </div>
   <div class='ocr_carea' id='block_1_54' title="bbox 603 4773 2185 4847">
    <p class='ocr_par' dir='ltr' id='par_1_54' title="bbox 603 4773 2185 4847">
     <span class='ocr_line' id='line_1_54' title="bbox 603 4773 2185 4847; baseline 0.002 -18"><span class='ocrx_word' id='word_1_414' title='bbox 603 4777 702 4847; x_wconf 80' lang='grc' dir='ltr'><strong>οὐχ</strong></span> <span class='ocrx_word' id='word_1_415' title='bbox 735 4775 821 4829; x_wconf 86' lang='grc' dir='ltr'><strong>ἴνα</strong></span> <span class='ocrx_word' id='word_1_416' title='bbox 851 4773 1362 4847; x_wconf 81' lang='grc' dir='ltr'><strong>χρήσωνται.Ἐκεῖ</strong></span> <span class='ocrx_word' id='word_1_417' title='bbox 1390 4774 1522 4847; x_wconf 83' lang='grc' dir='ltr'><strong>γὰρ,</strong></span> <span class='ocrx_word' id='word_1_418' title='bbox 1567 4778 1750 4846; x_wconf 81' lang='grc' dir='ltr'><strong>φησὶν,</strong></span> <span class='ocrx_word' id='word_1_419' title='bbox 1789 4777 2185 4846; x_wconf 80' lang='grc' dir='ltr'><strong>ἐπηρώτησαν</strong></span> 
     </span>
    </p>
   </div>
   <div class='ocr_carea' id='block_1_55' title="bbox 605 4858 2181 4929">
    <p class='ocr_par' dir='ltr' id='par_1_55' title="bbox 605 4858 2181 4929">
     <span class='ocr_line' id='line_1_55' title="bbox 605 4858 2181 4929; baseline 0.001 -17"><span class='ocrx_word' id='word_1_420' title='bbox 605 4858 763 4927; x_wconf 68' lang='grc' dir='ltr'><strong>ἡμᾶς</strong></span> <span class='ocrx_word' id='word_1_421' title='bbox 800 4861 853 4913; x_wconf 82' lang='grc' dir='ltr'><strong>οἱ</strong></span> <span class='ocrx_word' id='word_1_422' title='bbox 885 4860 1484 4928; x_wconf 68' lang='grc' dir='ltr'><strong>αἰχμαλωτεύσαντες</strong></span> <span class='ocrx_word' id='word_1_423' title='bbox 1525 4858 1686 4929; x_wconf 82' lang='grc' dir='ltr'><strong>ἡμᾶς</strong></span> <span class='ocrx_word' id='word_1_424' title='bbox 1727 4860 1951 4928; x_wconf 69' lang='grc' dir='ltr'><strong>λόγους</strong></span> <span class='ocrx_word' id='word_1_425' title='bbox 1994 4859 2181 4928; x_wconf 77' lang='grc' dir='ltr'><strong>ᾠδῶν.</strong></span> 
     </span>
    </p>
   </div>
   <div class='ocr_carea' id='block_1_56' title="bbox 606 4938 2185 5012">
    <p class='ocr_par' dir='ltr' id='par_1_56' title="bbox 606 4938 2185 5012">
     <span class='ocr_line' id='line_1_56' title="bbox 606 4938 2185 5012; baseline 0.003 -18"><span class='ocrx_word' id='word_1_426' title='bbox 606 4942 717 4994; x_wconf 75' lang='grc' dir='ltr'><strong>Καὶ</strong></span> <span class='ocrx_word' id='word_1_427' title='bbox 745 4943 973 5011; x_wconf 77' lang='grc' dir='ltr'><strong>εἴπομεν</strong></span> <span class='ocrx_word' id='word_1_428' title='bbox 993 4958 1006 4973; x_wconf 75' lang='grc' dir='ltr'><strong>ο</strong></span> <span class='ocrx_word' id='word_1_429' title='bbox 1041 4940 1175 5006; x_wconf 85' lang='grc' dir='ltr'><strong>Πῶς</strong></span> <span class='ocrx_word' id='word_1_430' title='bbox 1205 4942 1448 5011; x_wconf 76' lang='grc' dir='ltr'><strong>ᾇσωμσν</strong></span> <span class='ocrx_word' id='word_1_431' title='bbox 1472 4938 1594 5008; x_wconf 74' lang='grc' dir='ltr'><strong>τὴν</strong></span> <span class='ocrx_word' id='word_1_432' title='bbox 1631 4941 1797 5010; x_wconf 79' lang='grc' dir='ltr'><strong>ᾠδὴν</strong></span> <span class='ocrx_word' id='word_1_433' title='bbox 1823 4943 2049 5012; x_wconf 79' lang='grc' dir='ltr'><strong>Κυρίου</strong></span> <span class='ocrx_word' id='word_1_434' title='bbox 2085 4944 2185 4998; x_wconf 79' lang='grc' dir='ltr'><strong>ἐπὶ</strong></span> 
     </span>
    </p>
   </div>
   <div class='ocr_carea' id='block_1_57' title="bbox 606 5021 2186 5097">
    <p class='ocr_par' dir='ltr' id='par_1_57' title="bbox 606 5021 2186 5097">
     <span class='ocr_line' id='line_1_57' title="bbox 606 5021 2186 5097; baseline 0.002 -18"><span class='ocrx_word' id='word_1_435' title='bbox 606 5021 722 5092; x_wconf 77' lang='grc' dir='ltr'><strong>τῆς</strong></span> <span class='ocrx_word' id='word_1_436' title='bbox 747 5025 1100 5092; x_wconf 69' lang='grc' dir='ltr'><strong>ἀλλοτρίαςς</strong></span> <span class='ocrx_word' id='word_1_437' title='bbox 1147 5025 1210 5077; x_wconf 83' lang='grc' dir='ltr'><strong>Τί</strong></span> <span class='ocrx_word' id='word_1_438' title='bbox 1254 5025 1461 5095; x_wconf 76' lang='grc' dir='ltr'><strong>λέγειςς</strong></span> <span class='ocrx_word' id='word_1_439' title='bbox 1508 5025 1607 5096; x_wconf 83' lang='grc' dir='ltr'><strong>τὴν</strong></span> <span class='ocrx_word' id='word_1_440' title='bbox 1651 5025 1794 5097; x_wconf 86' lang='grc' dir='ltr'><strong>ᾠδὴν</strong></span> <span class='ocrx_word' id='word_1_441' title='bbox 1843 5027 2050 5096; x_wconf 80' lang='grc' dir='ltr'><strong>Κυρίου</strong></span> <span class='ocrx_word' id='word_1_442' title='bbox 2085 5029 2186 5082; x_wconf 78' lang='grc' dir='ltr'><strong>οὐκ</strong></span> 
     </span>
    </p>
   </div>
   <div class='ocr_carea' id='block_1_58' title="bbox 604 5106 2187 5183">
    <p class='ocr_par' dir='ltr' id='par_1_58' title="bbox 604 5106 2187 5183">
     <span class='ocr_line' id='line_1_58' title="bbox 604 5106 2187 5183; baseline 0.004 -24"><span class='ocrx_word' id='word_1_443' title='bbox 604 5106 754 5178; x_wconf 73' lang='grc' dir='ltr'><strong>ᾄδεις</strong></span> <span class='ocrx_word' id='word_1_444' title='bbox 788 5109 881 5161; x_wconf 76' lang='grc' dir='ltr'><strong>ἐπὶ</strong></span> <span class='ocrx_word' id='word_1_445' title='bbox 910 5109 1012 5179; x_wconf 80' lang='grc' dir='ltr'><strong>γῆς</strong></span> <span class='ocrx_word' id='word_1_446' title='bbox 1052 5108 1360 5181; x_wconf 87' lang='grc' dir='ltr'><strong>ἀλλοτρίας.</strong></span> <span class='ocrx_word' id='word_1_447' title='bbox 1392 5110 1487 5163; x_wconf 73' lang='grc' dir='ltr'><strong>καὶ</strong></span> <span class='ocrx_word' id='word_1_448' title='bbox 1513 5109 1575 5163; x_wconf 89' lang='lat'><strong>16</strong></span> <span class='ocrx_word' id='word_1_449' title='bbox 1604 5110 1797 5180; x_wconf 86' lang='grc' dir='ltr'><strong>Πάσχα</strong></span> <span class='ocrx_word' id='word_1_450' title='bbox 1831 5109 2036 5183; x_wconf 81' lang='grc' dir='ltr'><strong>Κυρίου</strong></span> <span class='ocrx_word' id='word_1_451' title='bbox 2071 5112 2187 5165; x_wconf 86' lang='grc' dir='ltr'><strong>ἐπι-</strong></span> 
     </span>
    </p>
   </div>
   <div class='ocr_carea' id='block_1_59' title="bbox 604 5189 2182 5265">
    <p class='ocr_par' dir='ltr' id='par_1_59' title="bbox 604 5189 2182 5265">
     <span class='ocr_line' id='line_1_59' title="bbox 604 5189 2182 5265; baseline 0.003 -23"><span class='ocrx_word' id='word_1_452' title='bbox 604 5190 780 5252; x_wconf 70' lang='grc' dir='ltr'><strong>τελεῖς</strong></span> <span class='ocrx_word' id='word_1_453' title='bbox 825 5191 919 5244; x_wconf 73' lang='grc' dir='ltr'><strong>ἐπὶ</strong></span> <span class='ocrx_word' id='word_1_454' title='bbox 965 5192 1069 5262; x_wconf 82' lang='grc' dir='ltr'><strong>γῆς</strong></span> <span class='ocrx_word' id='word_1_455' title='bbox 1094 5192 1412 5263; x_wconf 72' lang='grc' dir='ltr'><strong>ἀλλοτρίαςς</strong></span> <span class='ocrx_word' id='word_1_456' title='bbox 1442 5189 1595 5256; x_wconf 80' lang='grc' dir='ltr'><strong>Εἶδες</strong></span> <span class='ocrx_word' id='word_1_457' title='bbox 1621 5191 1720 5263; x_wconf 79' lang='grc' dir='ltr'><strong>τὴν</strong></span> <span class='ocrx_word' id='word_1_458' title='bbox 1748 5193 2144 5265; x_wconf 84' lang='grc' dir='ltr'><strong>ἀγνωμοσύνην</strong></span> <span class='ocrx_word' id='word_1_459' title='bbox 2167 5212 2182 5261; x_wconf 89' lang='grc'>;</span> 
     </span>
    </p>
   </div>
   <div class='ocr_carea' id='block_1_60' title="bbox 604 5268 2187 5349">
    <p class='ocr_par' dir='ltr' id='par_1_60' title="bbox 604 5268 2187 5349">
     <span class='ocr_line' id='line_1_60' title="bbox 604 5268 2187 5349; baseline 0.003 -24"><span class='ocrx_word' id='word_1_460' title='bbox 604 5268 745 5335; x_wconf 82' lang='grc' dir='ltr'><strong>εἶδες</strong></span> <span class='ocrx_word' id='word_1_461' title='bbox 786 5271 887 5342; x_wconf 78' lang='grc' dir='ltr'><strong>τὴν</strong></span> <span class='ocrx_word' id='word_1_462' title='bbox 929 5274 1302 5344; x_wconf 84' lang='grc' dir='ltr'><strong>παρανομίαν;</strong></span> <span class='ocrx_word' id='word_1_463' title='bbox 1340 5276 1471 5328; x_wconf 87' lang='grc' dir='ltr'><strong>Ὅτε</strong></span> <span class='ocrx_word' id='word_1_464' title='bbox 1512 5276 1761 5347; x_wconf 87' lang='grc' dir='ltr'><strong>πολέμιοι</strong></span> <span class='ocrx_word' id='word_1_465' title='bbox 1804 5272 1944 5349; x_wconf 76' lang='grc' dir='ltr'><strong>ἦσαν</strong></span> <span class='ocrx_word' id='word_1_466' title='bbox 1974 5278 2025 5329; x_wconf 89' lang='grc' dir='ltr'><strong>οί</strong></span> <span class='ocrx_word' id='word_1_467' title='bbox 2062 5294 2187 5332; x_wconf 86' lang='grc' dir='ltr'><strong>κατ-</strong></span> 
     </span>
    </p>
   </div>
   <div class='ocr_carea' id='block_1_61' title="bbox 606 5354 2186 5431">
    <p class='ocr_par' dir='ltr' id='par_1_61' title="bbox 606 5354 2186 5431">
     <span class='ocr_line' id='line_1_61' title="bbox 606 5354 2186 5431; baseline 0.008 -30"><span class='ocrx_word' id='word_1_468' title='bbox 606 5354 1032 5423; x_wconf 78' lang='grc' dir='ltr'><strong>αναγκάζοντες.</strong></span> <span class='ocrx_word' id='word_1_469' title='bbox 1060 5356 1180 5410; x_wconf 80' lang='grc' dir='ltr'><strong>οὐδὲ</strong></span> <span class='ocrx_word' id='word_1_470' title='bbox 1219 5356 1434 5427; x_wconf 79' lang='grc' dir='ltr'><strong>ψαλμὸν</strong></span> <span class='ocrx_word' id='word_1_471' title='bbox 1477 5360 1652 5412; x_wconf 87' lang='grc' dir='ltr'><strong>εἰπεῖν</strong></span> <span class='ocrx_word' id='word_1_472' title='bbox 1680 5359 1922 5431; x_wconf 83' lang='grc' dir='ltr'><strong>ἐτόλμων</strong></span> <span class='ocrx_word' id='word_1_473' title='bbox 1956 5359 2050 5414; x_wconf 76' lang='grc' dir='ltr'><strong>ἐπὶ</strong></span> <span class='ocrx_word' id='word_1_474' title='bbox 2082 5360 2186 5431; x_wconf 78' lang='grc' dir='ltr'><strong>γῆς</strong></span> 
     </span>
    </p>
   </div>
   <div class='ocr_carea' id='block_1_62' title="bbox 606 5437 2185 5512">
    <p class='ocr_par' dir='ltr' id='par_1_62' title="bbox 606 5437 2185 5512">
     <span class='ocr_line' id='line_1_62' title="bbox 606 5437 2185 5512; baseline 0.003 -21"><span class='ocrx_word' id='word_1_475' title='bbox 606 5437 890 5509; x_wconf 80' lang='grc' dir='ltr'><strong>ἀλλοτρίας</strong></span> <span class='ocrx_word' id='word_1_476' title='bbox 910 5456 923 5469; x_wconf 88' lang='grc'><strong>·</strong></span> <span class='ocrx_word' id='word_1_477' title='bbox 949 5437 1044 5491; x_wconf 89' lang='grc' dir='ltr'><strong>νῦν</strong></span> <span class='ocrx_word' id='word_1_478' title='bbox 1063 5439 1120 5493; x_wconf 85' lang='grc' dir='ltr'><strong>δέ</strong></span> <span class='ocrx_word' id='word_1_479' title='bbox 1145 5438 1238 5507; x_wconf 81' lang='grc' dir='ltr'><strong>ἀφ’</strong></span> <span class='ocrx_word' id='word_1_480' title='bbox 1268 5441 1497 5502; x_wconf 76' lang='grc' dir='ltr'><strong>ἑαυτῶν,</strong></span> <span class='ocrx_word' id='word_1_481' title='bbox 1535 5442 1762 5512; x_wconf 79' lang='grc' dir='ltr'><strong>μηδενὸς</strong></span> <span class='ocrx_word' id='word_1_482' title='bbox 1788 5441 2185 5507; x_wconf 75' lang='grc' dir='ltr'><strong>ἀναγκάζοντος</strong></span> 
     </span>
    </p>
   </div>
   <div class='ocr_carea' id='block_1_63' title="bbox 608 5520 2180 5598">
    <p class='ocr_par' dir='ltr' id='par_1_63' title="bbox 608 5520 2180 5598">
     <span class='ocr_line' id='line_1_63' title="bbox 608 5520 2180 5598; baseline 0.006 -26"><span class='ocrx_word' id='word_1_483' title='bbox 608 5520 744 5590; x_wconf 78' lang='grc' dir='ltr'><strong>μηδὲ</strong></span> <span class='ocrx_word' id='word_1_484' title='bbox 785 5520 1126 5590; x_wconf 80' lang='grc' dir='ltr'><strong>βιαζομένου,</strong></span> <span class='ocrx_word' id='word_1_485' title='bbox 1156 5522 1392 5592; x_wconf 86' lang='grc' dir='ltr'><strong>πόλεμον</strong></span> <span class='ocrx_word' id='word_1_486' title='bbox 1432 5526 1714 5593; x_wconf 81' lang='grc' dir='ltr'><strong>εἰσάγουσι</strong></span> <span class='ocrx_word' id='word_1_487' title='bbox 1742 5526 1879 5598; x_wconf 75' lang='grc' dir='ltr'><strong>πρὸς</strong></span> <span class='ocrx_word' id='word_1_488' title='bbox 1907 5526 1996 5579; x_wconf 82' lang='grc' dir='ltr'><strong>τὸν</strong></span> <span class='ocrx_word' id='word_1_489' title='bbox 2030 5526 2180 5581; x_wconf 83' lang='grc' dir='ltr'><strong>Θεόν.</strong></span> 
     </span>
    </p>
   </div>
   <div class='ocr_carea' id='block_1_64' title="bbox 617 5599 2183 5680">
    <p class='ocr_par' dir='ltr' id='par_1_64' title="bbox 617 5599 2183 5680">
     <span class='ocr_line' id='line_1_64' title="bbox 617 5599 2183 5680; baseline 0.007 -27"><span class='ocrx_word' id='word_1_490' title='bbox 617 5599 779 5673; x_wconf 77' lang='grc' dir='ltr'><strong>Ὁρᾷς</strong></span> <span class='ocrx_word' id='word_1_491' title='bbox 828 5603 944 5666; x_wconf 82' lang='grc' dir='ltr'><strong>πῶς</strong></span> <span class='ocrx_word' id='word_1_492' title='bbox 977 5605 1262 5675; x_wconf 82' lang='grc' dir='ltr'><strong>ἀκάθαρτα</strong></span> <span class='ocrx_word' id='word_1_493' title='bbox 1292 5606 1358 5658; x_wconf 70' lang='grc' dir='ltr'><strong>τά</strong></span> <span class='ocrx_word' id='word_1_494' title='bbox 1391 5605 1608 5678; x_wconf 80' lang='grc' dir='ltr'><strong>ἄζυμα;</strong></span> <span class='ocrx_word' id='word_1_495' title='bbox 1656 5608 1773 5671; x_wconf 85' lang='grc' dir='ltr'><strong>πῶς</strong></span> <span class='ocrx_word' id='word_1_496' title='bbox 1805 5609 2121 5680; x_wconf 82' lang='grc' dir='ltr'><strong>παράνομος</strong></span> <span class='ocrx_word' id='word_1_497' title='bbox 2150 5611 2183 5680; x_wconf 82' lang='grc' dir='ltr'><strong>ἡ</strong></span> 
     </span>
    </p>
   </div>
   <div class='ocr_carea' id='block_1_65' title="bbox 668 5783 1284 5851">
    <p class='ocr_par' dir='ltr' id='par_1_65' title="bbox 668 5783 1284 5851">
     <span class='ocr_line' id='line_1_65' title="bbox 668 5783 1284 5851; baseline 0.013 -21"><span class='ocrx_word' id='word_1_498' title='bbox 668 5784 693 5812; x_wconf 76' lang='grc'><strong><em>³</em></strong></span> <span class='ocrx_word' id='word_1_499' title='bbox 714 5783 809 5831; x_wconf 68' lang='grc' dir='ltr'><strong>Ᾱῖἰὶ</strong></span> <span class='ocrx_word' id='word_1_500' title='bbox 831 5787 907 5833; x_wconf 80' lang='grc' dir='ltr'><strong>καὶ</strong></span> <span class='ocrx_word' id='word_1_501' title='bbox 932 5790 1284 5851; x_wconf 62' lang='grc' dir='ltr'><strong>οκιογραίσονσι.</strong></span> 
     </span>
    </p>
   </div>
   <div class='ocr_carea' id='block_1_66' title="bbox 1250 309 3094 384">
    <p class='ocr_par' dir='ltr' id='par_1_66' title="bbox 1250 309 3094 384">
     <span class='ocr_line' id='line_1_66' title="bbox 1250 309 3094 384; baseline -0.01 1"><span class='ocrx_word' id='word_1_502' title='bbox 1250 329 1309 384; x_wconf 89' lang='lat' dir='ltr'>S.</span> <span class='ocrx_word' id='word_1_503' title='bbox 1347 324 1633 384; x_wconf 67' lang='lat' dir='ltr'><strong>JOAXNlS</strong></span> <span class='ocrx_word' id='word_1_504' title='bbox 1667 312 2157 377; x_wconf 69' lang='grc' dir='ltr'><strong>ςιιιιγεοετοιιι</strong></span> <span class='ocrx_word' id='word_1_505' title='bbox 2198 310 2521 369; x_wconf 78' lang='lat' dir='ltr'><strong>ARCHIEP.</strong></span> <span class='ocrx_word' id='word_1_506' title='bbox 2557 309 3094 368; x_wconf 68' lang='lat' dir='ltr'><strong>CONSTANTINOP</strong></span> 
     </span>
    </p>
   </div>
   <div class='ocr_carea' id='block_1_67' title="bbox 3728 313 3820 370">
    <p class='ocr_par' dir='ltr' id='par_1_67' title="bbox 3728 313 3820 370">
     <span class='ocr_line' id='line_1_67' title="bbox 3728 313 3820 370; baseline 0 -2"><span class='ocrx_word' id='word_1_507' title='bbox 3728 313 3820 370; x_wconf 69' lang='lat'><strong>580</strong></span> 
     </span>
    </p>
   </div>
   <div class='ocr_carea' id='block_1_68' title="bbox 2266 417 3824 498">
    <p class='ocr_par' dir='ltr' id='par_1_68' title="bbox 2266 417 3824 498">
     <span class='ocr_line' id='line_1_68' title="bbox 2266 417 3824 498; baseline -0.001 -18"><span class='ocrx_word' id='word_1_508' title='bbox 2266 426 2426 498; x_wconf 78' lang='grc' dir='ltr'><strong>ἑορτή</strong></span> <span class='ocrx_word' id='word_1_509' title='bbox 2449 442 2464 492; x_wconf 88' lang='grc'>;</span> <span class='ocrx_word' id='word_1_510' title='bbox 2487 424 2604 490; x_wconf 90' lang='grc' dir='ltr'><strong>πῶς</strong></span> <span class='ocrx_word' id='word_1_511' title='bbox 2639 425 2829 496; x_wconf 83' lang='grc' dir='ltr'><strong>Πάσχα</strong></span> <span class='ocrx_word' id='word_1_512' title='bbox 2859 424 2960 478; x_wconf 78' lang='grc' dir='ltr'><strong>οὐκ</strong></span> <span class='ocrx_word' id='word_1_513' title='bbox 2985 423 3132 478; x_wconf 81' lang='grc' dir='ltr'><strong>ἔστιν</strong></span> <span class='ocrx_word' id='word_1_514' title='bbox 3160 420 3446 476; x_wconf 78' lang='grc' dir='ltr'><strong>Ἰουδαϊκόν</strong></span> <span class='ocrx_word' id='word_1_515' title='bbox 3464 464 3481 488; x_wconf 93' lang='grc'><strong>,</strong></span> <span class='ocrx_word' id='word_1_516' title='bbox 3510 417 3619 478; x_wconf 84' lang='grc' dir='ltr'><strong>Ἦν</strong></span> <span class='ocrx_word' id='word_1_517' title='bbox 3650 424 3824 496; x_wconf 83' lang='grc' dir='ltr'><strong>Πάσχα</strong></span> 
     </span>
    </p>
   </div>
   <div class='ocr_carea' id='block_1_69' title="bbox 2277 506 3829 581">
    <p class='ocr_par' dir='ltr' id='par_1_69' title="bbox 2277 506 3829 581">
     <span class='ocr_line' id='line_1_69' title="bbox 2277 506 3829 581; baseline -0.003 -14"><span class='ocrx_word' id='word_1_518' title='bbox 2277 511 2567 567; x_wconf 77' lang='grc' dir='ltr'><strong>Ἰουδαϊκόν</strong></span> <span class='ocrx_word' id='word_1_519' title='bbox 2597 527 2751 576; x_wconf 82' lang='grc' dir='ltr'><strong>ποτε,</strong></span> <span class='ocrx_word' id='word_1_520' title='bbox 2775 509 2890 565; x_wconf 80' lang='grc' dir='ltr'><strong>ἀλλ’</strong></span> <span class='ocrx_word' id='word_1_521' title='bbox 2911 508 3076 581; x_wconf 83' lang='grc' dir='ltr'><strong>ἐλύθη</strong></span> <span class='ocrx_word' id='word_1_522' title='bbox 3104 507 3220 572; x_wconf 90' lang='grc' dir='ltr'><strong>νῦν,</strong></span> <span class='ocrx_word' id='word_1_523' title='bbox 3244 508 3340 563; x_wconf 78' lang='grc' dir='ltr'><strong>καὶ</strong></span> <span class='ocrx_word' id='word_1_524' title='bbox 3374 506 3579 579; x_wconf 83' lang='grc' dir='ltr'><strong>ἐπῆλθε</strong></span> <span class='ocrx_word' id='word_1_525' title='bbox 3606 506 3667 561; x_wconf 87' lang='lat'><strong>16</strong></span> <span class='ocrx_word' id='word_1_526' title='bbox 3688 525 3829 564; x_wconf 86' lang='grc' dir='ltr'><strong>πνευ-</strong></span> 
     </span>
    </p>
   </div>
   <div class='ocr_carea' id='block_1_70' title="bbox 2267 590 3833 667">
    <p class='ocr_par' dir='ltr' id='par_1_70' title="bbox 2267 590 3833 667">
     <span class='ocr_line' id='line_1_70' title="bbox 2267 590 3833 667; baseline -0.003 -18"><span class='ocrx_word' id='word_1_527' title='bbox 2267 595 2493 667; x_wconf 82' lang='grc' dir='ltr'><strong>ματικὸν</strong></span> <span class='ocrx_word' id='word_1_528' title='bbox 2513 595 2728 667; x_wconf 86' lang='grc' dir='ltr'><strong>Πάσχα,</strong></span> <span class='ocrx_word' id='word_1_529' title='bbox 2763 593 2792 647; x_wconf 84' lang='grc' dir='ltr'><strong>δ</strong></span> <span class='ocrx_word' id='word_1_530' title='bbox 2821 591 3105 664; x_wconf 87' lang='grc' dir='ltr'><strong>παρεδίδου</strong></span> <span class='ocrx_word' id='word_1_531' title='bbox 3136 592 3257 647; x_wconf 84' lang='grc' dir='ltr'><strong>τότε</strong></span> <span class='ocrx_word' id='word_1_532' title='bbox 3294 591 3324 644; x_wconf 90' lang='lat'><strong>6</strong></span> <span class='ocrx_word' id='word_1_533' title='bbox 3347 590 3600 663; x_wconf 90' lang='grc' dir='ltr'><strong>Χριστός.</strong></span> <span class='ocrx_word' id='word_1_534' title='bbox 3617 591 3833 645; x_wconf 80' lang='grc' dir='ltr'><strong>Ἐσθιόν-</strong></span> 
     </span>
    </p>
   </div>
   <div class='ocr_carea' id='block_1_71' title="bbox 2263 673 3827 749">
    <p class='ocr_par' dir='ltr' id='par_1_71' title="bbox 2263 673 3827 749">
     <span class='ocr_line' id='line_1_71' title="bbox 2263 673 3827 749; baseline -0.004 -17"><span class='ocrx_word' id='word_1_535' title='bbox 2263 695 2372 733; x_wconf 89' lang='grc' dir='ltr'><strong>των</strong></span> <span class='ocrx_word' id='word_1_536' title='bbox 2414 678 2521 749; x_wconf 89' lang='grc' dir='ltr'><strong>γάρ</strong></span> <span class='ocrx_word' id='word_1_537' title='bbox 2552 678 2734 732; x_wconf 79' lang='grc' dir='ltr'><strong>αὐτῶν</strong></span> <span class='ocrx_word' id='word_1_538' title='bbox 2772 678 2868 732; x_wconf 73' lang='grc' dir='ltr'><strong>καὶ</strong></span> <span class='ocrx_word' id='word_1_539' title='bbox 2905 675 3193 738; x_wconf 87' lang='grc' dir='ltr'><strong>πινόντων,</strong></span> <span class='ocrx_word' id='word_1_540' title='bbox 3242 675 3394 747; x_wconf 77' lang='grc' dir='ltr'><strong>φησὶ,</strong></span> <span class='ocrx_word' id='word_1_541' title='bbox 3436 673 3620 729; x_wconf 82' lang='grc' dir='ltr'><strong>λαϐὼν</strong></span> <span class='ocrx_word' id='word_1_542' title='bbox 3658 674 3827 746; x_wconf 85' lang='grc' dir='ltr'><strong>άρτον,</strong></span> 
     </span>
    </p>
   </div>
   <div class='ocr_carea' id='block_1_72' title="bbox 2263 755 3832 829">
    <p class='ocr_par' dir='ltr' id='par_1_72' title="bbox 2263 755 3832 829">
     <span class='ocr_line' id='line_1_72' title="bbox 2263 755 3832 829; baseline -0.004 -14"><span class='ocrx_word' id='word_1_543' title='bbox 2263 761 2463 816; x_wconf 74' lang='grc' dir='ltr'><strong>ἔκλασε</strong></span> <span class='ocrx_word' id='word_1_544' title='bbox 2486 762 2583 815; x_wconf 76' lang='grc' dir='ltr'><strong>καὶ</strong></span> <span class='ocrx_word' id='word_1_545' title='bbox 2612 755 2733 814; x_wconf 77' lang='grc' dir='ltr'><strong>εἶπε</strong></span> <span class='ocrx_word' id='word_1_546' title='bbox 2750 777 2765 791; x_wconf 90' lang='grc'><strong>·</strong></span> <span class='ocrx_word' id='word_1_547' title='bbox 2803 760 2986 816; x_wconf 84' lang='grc' dir='ltr'><strong>Τοῦτό</strong></span> <span class='ocrx_word' id='word_1_548' title='bbox 3010 761 3143 814; x_wconf 77' lang='grc' dir='ltr'><strong>ἐστι</strong></span> <span class='ocrx_word' id='word_1_549' title='bbox 3168 758 3235 813; x_wconf 86' lang='grc' dir='ltr'><strong>τὸ</strong></span> <span class='ocrx_word' id='word_1_550' title='bbox 3262 757 3434 829; x_wconf 81' lang='grc' dir='ltr'><strong>σῶμά</strong></span> <span class='ocrx_word' id='word_1_551' title='bbox 3452 775 3577 828; x_wconf 81' lang='grc' dir='ltr'><strong>μου</strong></span> <span class='ocrx_word' id='word_1_552' title='bbox 3606 756 3672 811; x_wconf 83' lang='grc' dir='ltr'><strong>τὸ</strong></span> <span class='ocrx_word' id='word_1_553' title='bbox 3694 756 3832 824; x_wconf 79' lang='grc' dir='ltr'><strong>ὑπὲρ</strong></span> 
     </span>
    </p>
   </div>
   <div class='ocr_carea' id='block_1_73' title="bbox 2263 839 3832 915">
    <p class='ocr_par' dir='ltr' id='par_1_73' title="bbox 2263 839 3832 915">
     <span class='ocr_line' id='line_1_73' title="bbox 2263 839 3832 915; baseline -0.005 -16"><span class='ocrx_word' id='word_1_554' title='bbox 2263 844 2434 915; x_wconf 84' lang='grc' dir='ltr'><strong>ὑμῶν</strong></span> <span class='ocrx_word' id='word_1_555' title='bbox 2479 843 2790 914; x_wconf 55' lang='grc' dir='ltr'><strong>γελώμενον</strong></span> <span class='ocrx_word' id='word_1_556' title='bbox 2836 846 2922 910; x_wconf 82' lang='grc' dir='ltr'><strong>εις</strong></span> <span class='ocrx_word' id='word_1_557' title='bbox 2968 842 3189 913; x_wconf 63' lang='grc' dir='ltr'><strong>ἄφεσιν</strong></span> <span class='ocrx_word' id='word_1_558' title='bbox 3231 839 3759 912; x_wconf 74' lang='grc' dir='ltr'><strong>ἁμαρτιῶν.¹’1σασιν</strong></span> <span class='ocrx_word' id='word_1_559' title='bbox 3788 840 3832 893; x_wconf 85' lang='grc' dir='ltr'><strong>οί</strong></span> 
     </span>
    </p>
   </div>
   <div class='ocr_carea' id='block_1_74' title="bbox 2270 924 3835 1001">
    <p class='ocr_par' dir='ltr' id='par_1_74' title="bbox 2270 924 3835 1001">
     <span class='ocr_line' id='line_1_74' title="bbox 2270 924 3835 1001; baseline -0.003 -20"><span class='ocrx_word' id='word_1_560' title='bbox 2270 928 2611 1001; x_wconf 81' lang='grc' dir='ltr'><strong>μεμυημένοι</strong></span> <span class='ocrx_word' id='word_1_561' title='bbox 2634 928 2703 982; x_wconf 88' lang='grc' dir='ltr'><strong>τά</strong></span> <span class='ocrx_word' id='word_1_562' title='bbox 2729 927 3015 999; x_wconf 85' lang='grc' dir='ltr'><strong>λεγόμενα.</strong></span> <span class='ocrx_word' id='word_1_563' title='bbox 3041 926 3152 979; x_wconf 70' lang='grc' dir='ltr'><strong>Καὶ</strong></span> <span class='ocrx_word' id='word_1_564' title='bbox 3180 925 3342 980; x_wconf 88' lang='grc' dir='ltr'><strong>πάλιν</strong></span> <span class='ocrx_word' id='word_1_565' title='bbox 3362 924 3422 977; x_wconf 89' lang='lat'><strong>16</strong></span> <span class='ocrx_word' id='word_1_566' title='bbox 3454 924 3736 995; x_wconf 79' lang='grc' dir='ltr'><strong>ποτήριον,</strong></span> <span class='ocrx_word' id='word_1_567' title='bbox 3755 924 3835 976; x_wconf 83' lang='grc' dir='ltr'><strong>λέ-</strong></span> 
     </span>
    </p>
   </div>
   <div class='ocr_carea' id='block_1_75' title="bbox 2266 1006 3836 1082">
    <p class='ocr_par' dir='ltr' id='par_1_75' title="bbox 2266 1006 3836 1082">
     <span class='ocr_line' id='line_1_75' title="bbox 2266 1006 3836 1082; baseline -0.003 -17"><span class='ocrx_word' id='word_1_568' title='bbox 2266 1029 2380 1082; x_wconf 86' lang='grc' dir='ltr'><strong>γων</strong></span> <span class='ocrx_word' id='word_1_569' title='bbox 2402 1027 2416 1041; x_wconf 74' lang='grc'><strong>⁸</strong></span> <span class='ocrx_word' id='word_1_570' title='bbox 2454 1011 2637 1067; x_wconf 80' lang='grc' dir='ltr'><strong>Τοῦτό</strong></span> <span class='ocrx_word' id='word_1_571' title='bbox 2676 1013 2808 1067; x_wconf 80' lang='grc' dir='ltr'><strong>ἐστι</strong></span> <span class='ocrx_word' id='word_1_572' title='bbox 2850 1012 2915 1066; x_wconf 78' lang='grc' dir='ltr'><strong>τὸ</strong></span> <span class='ocrx_word' id='word_1_573' title='bbox 2962 1006 3104 1081; x_wconf 83' lang='grc' dir='ltr'><strong>αἷμά</strong></span> <span class='ocrx_word' id='word_1_574' title='bbox 3127 1027 3269 1079; x_wconf 79' lang='grc' dir='ltr'><strong>μου,</strong></span> <span class='ocrx_word' id='word_1_575' title='bbox 3301 1007 3369 1062; x_wconf 80' lang='grc' dir='ltr'><strong>τὸ</strong></span> <span class='ocrx_word' id='word_1_576' title='bbox 3406 1006 3560 1075; x_wconf 85' lang='grc' dir='ltr'><strong>ὑπὲρ</strong></span> <span class='ocrx_word' id='word_1_577' title='bbox 3604 1007 3836 1061; x_wconf 69' lang='grc' dir='ltr'><strong>πολλῶν</strong></span> 
     </span>
    </p>
   </div>
   <div class='ocr_carea' id='block_1_76' title="bbox 2265 1090 3837 1165">
    <p class='ocr_par' dir='ltr' id='par_1_76' title="bbox 2265 1090 3837 1165">
     <span class='ocr_line' id='line_1_76' title="bbox 2265 1090 3837 1165; baseline -0.004 -16"><span class='ocrx_word' id='word_1_578' title='bbox 2265 1096 2675 1165; x_wconf 75' lang='grc' dir='ltr'><strong>ἐκχυνόμενον</strong></span> <span class='ocrx_word' id='word_1_579' title='bbox 2708 1099 2797 1162; x_wconf 84' lang='grc' dir='ltr'><strong>είς</strong></span> <span class='ocrx_word' id='word_1_580' title='bbox 2838 1093 3061 1165; x_wconf 66' lang='grc' dir='ltr'><strong>ἄφεσιν</strong></span> <span class='ocrx_word' id='word_1_581' title='bbox 3102 1090 3430 1163; x_wconf 60' lang='grc' dir='ltr'><strong>ἁμαρτιῶν.</strong></span> <span class='ocrx_word' id='word_1_582' title='bbox 3458 1091 3574 1146; x_wconf 77' lang='grc' dir='ltr'><strong>Καὶ</strong></span> <span class='ocrx_word' id='word_1_583' title='bbox 3615 1091 3788 1161; x_wconf 75' lang='grc' dir='ltr'><strong>παρῆν</strong></span> <span class='ocrx_word' id='word_1_584' title='bbox 3810 1090 3837 1142; x_wconf 90' lang='lat'><strong>6</strong></span> 
     </span>
    </p>
   </div>
   <div class='ocr_carea' id='block_1_77' title="bbox 2280 1174 3840 1253">
    <p class='ocr_par' dir='ltr' id='par_1_77' title="bbox 2280 1174 3840 1253">
     <span class='ocr_line' id='line_1_77' title="bbox 2280 1174 3840 1253; baseline -0.004 -19"><span class='ocrx_word' id='word_1_585' title='bbox 2280 1180 2499 1243; x_wconf 90' lang='grc' dir='ltr'><strong>Ἰούδας,</strong></span> <span class='ocrx_word' id='word_1_586' title='bbox 2528 1179 2623 1234; x_wconf 86' lang='grc' dir='ltr'><strong>τοῦ</strong></span> <span class='ocrx_word' id='word_1_587' title='bbox 2658 1179 2896 1253; x_wconf 81' lang='grc' dir='ltr'><strong>Χριστοῦ</strong></span> <span class='ocrx_word' id='word_1_588' title='bbox 2936 1177 3109 1234; x_wconf 88' lang='grc' dir='ltr'><strong>ταῦτα</strong></span> <span class='ocrx_word' id='word_1_589' title='bbox 3149 1177 3420 1247; x_wconf 87' lang='grc' dir='ltr'><strong>λέγοντος.</strong></span> <span class='ocrx_word' id='word_1_590' title='bbox 3449 1175 3624 1229; x_wconf 83' lang='grc' dir='ltr'><strong>Τοῦτό</strong></span> <span class='ocrx_word' id='word_1_591' title='bbox 3648 1177 3758 1228; x_wconf 84' lang='grc' dir='ltr'><strong>ἐστι</strong></span> <span class='ocrx_word' id='word_1_592' title='bbox 3786 1174 3840 1228; x_wconf 81' lang='lat'><strong>16</strong></span> 
     </span>
    </p>
   </div>
   <div class='ocr_carea' id='block_1_78' title="bbox 2270 1258 3839 1336">
    <p class='ocr_par' dir='ltr' id='par_1_78' title="bbox 2270 1258 3839 1336">
     <span class='ocr_line' id='line_1_78' title="bbox 2270 1258 3839 1336; baseline -0.006 -17"><span class='ocrx_word' id='word_1_593' title='bbox 2270 1265 2452 1336; x_wconf 77' lang='grc' dir='ltr'><strong>σῶμα,</strong></span> <span class='ocrx_word' id='word_1_594' title='bbox 2466 1265 2495 1319; x_wconf 83' lang='lat'><strong>6</strong></span> <span class='ocrx_word' id='word_1_595' title='bbox 2513 1265 2697 1336; x_wconf 78' lang='grc' dir='ltr'><strong>ὲπώλη</strong></span> <span class='ocrx_word' id='word_1_596' title='bbox 2706 1282 2824 1329; x_wconf 90' lang='grc' dir='ltr'><strong>σας,</strong></span> <span class='ocrx_word' id='word_1_597' title='bbox 2840 1264 3030 1330; x_wconf 83' lang='grc' dir='ltr'><strong>Ἰούδα,</strong></span> <span class='ocrx_word' id='word_1_598' title='bbox 3045 1263 3338 1334; x_wconf 84' lang='grc' dir='ltr'><strong>τριάκοντα</strong></span> <span class='ocrx_word' id='word_1_599' title='bbox 3359 1259 3640 1332; x_wconf 85' lang='grc' dir='ltr'><strong>ἀργυρίων</strong></span> <span class='ocrx_word' id='word_1_600' title='bbox 3657 1275 3675 1291; x_wconf 75' lang='grc' dir='ltr'><strong>ο</strong></span> <span class='ocrx_word' id='word_1_601' title='bbox 3697 1258 3839 1312; x_wconf 84' lang='grc' dir='ltr'><strong>τοῦτό</strong></span> 
     </span>
    </p>
   </div>
   <div class='ocr_carea' id='block_1_79' title="bbox 2271 1340 3841 1421">
    <p class='ocr_par' dir='ltr' id='par_1_79' title="bbox 2271 1340 3841 1421">
     <span class='ocr_line' id='line_1_79' title="bbox 2271 1340 3841 1421; baseline -0.006 -19"><span class='ocrx_word' id='word_1_602' title='bbox 2271 1350 2390 1402; x_wconf 75' lang='grc' dir='ltr'><strong>ἐστι</strong></span> <span class='ocrx_word' id='word_1_603' title='bbox 2422 1350 2485 1403; x_wconf 87' lang='lat'><strong>16</strong></span> <span class='ocrx_word' id='word_1_604' title='bbox 2514 1344 2672 1421; x_wconf 77' lang='grc' dir='ltr'><strong>αἷμα,</strong></span> <span class='ocrx_word' id='word_1_605' title='bbox 2703 1349 2844 1420; x_wconf 80' lang='grc' dir='ltr'><strong>ὑπὲρ</strong></span> <span class='ocrx_word' id='word_1_606' title='bbox 2887 1343 2949 1402; x_wconf 74' lang='grc' dir='ltr'><strong>οὗ</strong></span> <span class='ocrx_word' id='word_1_607' title='bbox 2985 1348 3092 1419; x_wconf 86' lang='grc' dir='ltr'><strong>πρὸ</strong></span> <span class='ocrx_word' id='word_1_608' title='bbox 3130 1345 3327 1417; x_wconf 81' lang='grc' dir='ltr'><strong>μικροῦ</strong></span> <span class='ocrx_word' id='word_1_609' title='bbox 3371 1345 3440 1397; x_wconf 74' lang='grc' dir='ltr'><strong>τὰ</strong></span> <span class='ocrx_word' id='word_1_610' title='bbox 3484 1341 3678 1413; x_wconf 79' lang='grc' dir='ltr'><strong>ἀναιδῆ</strong></span> <span class='ocrx_word' id='word_1_611' title='bbox 3724 1340 3841 1412; x_wconf 84' lang='grc' dir='ltr'><strong>σύμ-</strong></span> 
     </span>
    </p>
   </div>
   <div class='ocr_carea' id='block_1_80' title="bbox 2272 1426 3841 1504">
    <p class='ocr_par' dir='ltr' id='par_1_80' title="bbox 2272 1426 3841 1504">
     <span class='ocr_line' id='line_1_80' title="bbox 2272 1426 3841 1504; baseline -0.006 -18"><span class='ocrx_word' id='word_1_612' title='bbox 2272 1449 2427 1503; x_wconf 84' lang='grc' dir='ltr'><strong>φωνα</strong></span> <span class='ocrx_word' id='word_1_613' title='bbox 2472 1432 2658 1487; x_wconf 79' lang='grc' dir='ltr'><strong>ἐποίου</strong></span> <span class='ocrx_word' id='word_1_614' title='bbox 2709 1433 2845 1504; x_wconf 84' lang='grc' dir='ltr'><strong>πρὸς</strong></span> <span class='ocrx_word' id='word_1_615' title='bbox 2890 1432 3015 1494; x_wconf 78' lang='grc' dir='ltr'><strong>τοὺς</strong></span> <span class='ocrx_word' id='word_1_616' title='bbox 3055 1427 3375 1500; x_wconf 79' lang='grc' dir='ltr'><strong>ἀγνώμονας</strong></span> <span class='ocrx_word' id='word_1_617' title='bbox 3424 1426 3767 1498; x_wconf 74' lang='grc' dir='ltr'><strong>Φαρισαίους.</strong></span> <span class='ocrx_word' id='word_1_618' title='bbox 3784 1426 3841 1475; x_wconf 76' lang='grc' dir='ltr'><strong>’Ὠ</strong></span> 
     </span>
    </p>
   </div>
   <div class='ocr_carea' id='block_1_81' title="bbox 2269 1509 3845 1589">
    <p class='ocr_par' dir='ltr' id='par_1_81' title="bbox 2269 1509 3845 1589">
     <span class='ocr_line' id='line_1_81' title="bbox 2269 1509 3845 1589; baseline -0.006 -18"><span class='ocrx_word' id='word_1_619' title='bbox 2269 1518 2371 1589; x_wconf 84' lang='grc' dir='ltr'><strong>τῆς</strong></span> <span class='ocrx_word' id='word_1_620' title='bbox 2414 1518 2510 1571; x_wconf 86' lang='grc' dir='ltr'><strong>τοῦ</strong></span> <span class='ocrx_word' id='word_1_621' title='bbox 2558 1516 2797 1589; x_wconf 79' lang='grc' dir='ltr'><strong>Χριστοῦ</strong></span> <span class='ocrx_word' id='word_1_622' title='bbox 2843 1514 3286 1587; x_wconf 72' lang='grc' dir='ltr'><strong>φιλανθρωπίας-ί</strong></span> <span class='ocrx_word' id='word_1_623' title='bbox 3318 1510 3363 1565; x_wconf 80' lang='grc' dir='ltr'><strong>ὣ</strong></span> <span class='ocrx_word' id='word_1_624' title='bbox 3403 1512 3504 1584; x_wconf 81' lang='grc' dir='ltr'><strong>τῆς</strong></span> <span class='ocrx_word' id='word_1_625' title='bbox 3553 1510 3649 1564; x_wconf 92' lang='grc' dir='ltr'><strong>τοῦ</strong></span> <span class='ocrx_word' id='word_1_626' title='bbox 3688 1509 3845 1562; x_wconf 84' lang='grc' dir='ltr'><strong>Ἰούδα</strong></span> 
     </span>
    </p>
   </div>
   <div class='ocr_carea' id='block_1_82' title="bbox 2273 1592 3842 1672">
    <p class='ocr_par' dir='ltr' id='par_1_82' title="bbox 2273 1592 3842 1672">
     <span class='ocr_line' id='line_1_82' title="bbox 2273 1592 3842 1672; baseline -0.006 -19"><span class='ocrx_word' id='word_1_627' title='bbox 2273 1600 2686 1671; x_wconf 80' lang='grc' dir='ltr'><strong>παραπληξίαςί</strong></span> <span class='ocrx_word' id='word_1_628' title='bbox 2712 1598 2758 1653; x_wconf 84' lang='grc' dir='ltr'><strong>ὣ</strong></span> <span class='ocrx_word' id='word_1_629' title='bbox 2792 1601 2891 1672; x_wconf 79' lang='grc' dir='ltr'><strong>τῆς</strong></span> <span class='ocrx_word' id='word_1_630' title='bbox 2949 1598 3178 1670; x_wconf 77' lang='grc' dir='ltr'><strong>μανίας-ί</strong></span> <span class='ocrx_word' id='word_1_631' title='bbox 3212 1599 3240 1650; x_wconf 92' lang='lat'><strong>6</strong></span> <span class='ocrx_word' id='word_1_632' title='bbox 3276 1595 3376 1668; x_wconf 81' lang='grc' dir='ltr'><strong>μὲν</strong></span> <span class='ocrx_word' id='word_1_633' title='bbox 3419 1595 3528 1667; x_wconf 76' lang='grc' dir='ltr'><strong>γὰρ</strong></span> <span class='ocrx_word' id='word_1_634' title='bbox 3577 1592 3842 1662; x_wconf 74' lang='grc' dir='ltr'><strong>ἐπώλησεν</strong></span> 
     </span>
    </p>
   </div>
   <div class='ocr_carea' id='block_1_83' title="bbox 2272 1675 3844 1756">
    <p class='ocr_par' dir='ltr' id='par_1_83' title="bbox 2272 1675 3844 1756">
     <span class='ocr_line' id='line_1_83' title="bbox 2272 1675 3844 1756; baseline -0.006 -19"><span class='ocrx_word' id='word_1_635' title='bbox 2272 1684 2436 1738; x_wconf 83' lang='grc' dir='ltr'><strong>αὑτὸν</strong></span> <span class='ocrx_word' id='word_1_636' title='bbox 2472 1685 2768 1756; x_wconf 73' lang='grc' dir='ltr'><strong>τριάκοντα</strong></span> <span class='ocrx_word' id='word_1_637' title='bbox 2795 1683 3095 1755; x_wconf 84' lang='grc' dir='ltr'><strong>δηναρίων·</strong></span> <span class='ocrx_word' id='word_1_638' title='bbox 3136 1683 3167 1734; x_wconf 90' lang='lat'><strong>6</strong></span> <span class='ocrx_word' id='word_1_639' title='bbox 3212 1681 3449 1753; x_wconf 74' lang='grc' dir='ltr'><strong>Χριστδς</strong></span> <span class='ocrx_word' id='word_1_640' title='bbox 3493 1680 3552 1733; x_wconf 78' lang='grc' dir='ltr'><strong>δὲ</strong></span> <span class='ocrx_word' id='word_1_641' title='bbox 3592 1679 3685 1732; x_wconf 68' lang='grc' dir='ltr'><strong>καὶ</strong></span> <span class='ocrx_word' id='word_1_642' title='bbox 3720 1675 3844 1748; x_wconf 83' lang='grc' dir='ltr'><strong>μετά</strong></span> 
     </span>
    </p>
   </div>
   <div class='ocr_carea' id='block_1_84' title="bbox 2272 1761 3843 1842">
    <p class='ocr_par' dir='ltr' id='par_1_84' title="bbox 2272 1761 3843 1842">
     <span class='ocr_line' id='line_1_84' title="bbox 2272 1761 3843 1842; baseline -0.005 -20"><span class='ocrx_word' id='word_1_643' title='bbox 2272 1768 2430 1823; x_wconf 89' lang='grc' dir='ltr'><strong>τοῦτο</strong></span> <span class='ocrx_word' id='word_1_644' title='bbox 2454 1770 2513 1822; x_wconf 85' lang='grc' dir='ltr'><strong>ού</strong></span> <span class='ocrx_word' id='word_1_645' title='bbox 2550 1770 2907 1842; x_wconf 82' lang='grc' dir='ltr'><strong>παρῃτήσατο</strong></span> <span class='ocrx_word' id='word_1_646' title='bbox 2937 1767 3067 1821; x_wconf 81' lang='grc' dir='ltr'><strong>αὐτὸ</strong></span> <span class='ocrx_word' id='word_1_647' title='bbox 3090 1767 3151 1820; x_wconf 89' lang='lat'><strong>16</strong></span> <span class='ocrx_word' id='word_1_648' title='bbox 3174 1761 3316 1837; x_wconf 73' lang='grc' dir='ltr'><strong>αἷμα</strong></span> <span class='ocrx_word' id='word_1_649' title='bbox 3349 1766 3410 1819; x_wconf 89' lang='lat'><strong>16</strong></span> <span class='ocrx_word' id='word_1_650' title='bbox 3443 1763 3653 1837; x_wconf 81' lang='grc' dir='ltr'><strong>πραθὲν</strong></span> <span class='ocrx_word' id='word_1_651' title='bbox 3676 1762 3843 1815; x_wconf 83' lang='grc' dir='ltr'><strong>δοῦναι</strong></span> 
     </span>
    </p>
   </div>
   <div class='ocr_carea' id='block_1_85' title="bbox 2273 1847 3840 1926">
    <p class='ocr_par' dir='ltr' id='par_1_85' title="bbox 2273 1847 3840 1926">
     <span class='ocr_line' id='line_1_85' title="bbox 2273 1847 3840 1926; baseline -0.003 -20"><span class='ocrx_word' id='word_1_652' title='bbox 2273 1854 2352 1918; x_wconf 70' lang='grc' dir='ltr'><strong>είς</strong></span> <span class='ocrx_word' id='word_1_653' title='bbox 2380 1854 2572 1923; x_wconf 78' lang='grc' dir='ltr'><strong>ἄφεσιν</strong></span> <span class='ocrx_word' id='word_1_654' title='bbox 2600 1852 2884 1926; x_wconf 83' lang='grc' dir='ltr'><strong>ἁμαρτιῶν</strong></span> <span class='ocrx_word' id='word_1_655' title='bbox 2915 1851 2994 1923; x_wconf 82' lang='grc' dir='ltr'><strong>τῷ</strong></span> <span class='ocrx_word' id='word_1_656' title='bbox 3036 1851 3366 1924; x_wconf 79' lang='grc' dir='ltr'><strong>πεπραχότι,</strong></span> <span class='ocrx_word' id='word_1_657' title='bbox 3410 1851 3463 1904; x_wconf 86' lang='grc' dir='ltr'><strong>εί</strong></span> <span class='ocrx_word' id='word_1_658' title='bbox 3498 1866 3565 1919; x_wconf 88' lang='grc' dir='ltr'><strong>γε</strong></span> <span class='ocrx_word' id='word_1_659' title='bbox 3600 1847 3840 1919; x_wconf 71' lang='grc' dir='ltr'><strong>ἠθέλησε.</strong></span> 
     </span>
    </p>
   </div>
   <div class='ocr_carea' id='block_1_86' title="bbox 2273 1933 3847 2008">
    <p class='ocr_par' dir='ltr' id='par_1_86' title="bbox 2273 1933 3847 2008">
     <span class='ocr_line' id='line_1_86' title="bbox 2273 1933 3847 2008; baseline -0.004 -18"><span class='ocrx_word' id='word_1_660' title='bbox 2273 1936 2385 1990; x_wconf 72' lang='grc' dir='ltr'><strong>Καὶ</strong></span> <span class='ocrx_word' id='word_1_661' title='bbox 2411 1936 2522 2008; x_wconf 85' lang='grc' dir='ltr'><strong>γάρ</strong></span> <span class='ocrx_word' id='word_1_662' title='bbox 2551 1937 2734 2008; x_wconf 80' lang='grc' dir='ltr'><strong>παρῆν</strong></span> <span class='ocrx_word' id='word_1_663' title='bbox 2775 1935 2995 2001; x_wconf 86' lang='grc' dir='ltr'><strong>Ἰούδας,</strong></span> <span class='ocrx_word' id='word_1_664' title='bbox 3024 1935 3117 1990; x_wconf 76' lang='grc' dir='ltr'><strong>καὶ</strong></span> <span class='ocrx_word' id='word_1_665' title='bbox 3170 1938 3386 2007; x_wconf 81' lang='grc' dir='ltr'><strong>μετεῖχε</strong></span> <span class='ocrx_word' id='word_1_666' title='bbox 3413 1935 3514 2005; x_wconf 78' lang='grc' dir='ltr'><strong>τῆς</strong></span> <span class='ocrx_word' id='word_1_667' title='bbox 3549 1933 3699 2003; x_wconf 77' lang='grc' dir='ltr'><strong>ίερᾶς</strong></span> <span class='ocrx_word' id='word_1_668' title='bbox 3728 1946 3847 2001; x_wconf 80' lang='grc' dir='ltr'><strong>τρα-</strong></span> 
     </span>
    </p>
   </div>
   <div class='ocr_carea' id='block_1_87' title="bbox 2272 2014 3846 2092">
    <p class='ocr_par' dir='ltr' id='par_1_87' title="bbox 2272 2014 3846 2092">
     <span class='ocr_line' id='line_1_87' title="bbox 2272 2014 3846 2092; baseline -0.004 -19"><span class='ocrx_word' id='word_1_669' title='bbox 2272 2019 2689 2091; x_wconf 79' lang='grc' dir='ltr'><strong>πέζης.”Ωσπερ</strong></span> <span class='ocrx_word' id='word_1_670' title='bbox 2713 2018 2821 2092; x_wconf 84' lang='grc' dir='ltr'><strong>γάρ</strong></span> <span class='ocrx_word' id='word_1_671' title='bbox 2845 2020 2973 2083; x_wconf 86' lang='grc' dir='ltr'><strong>τοὺς</strong></span> <span class='ocrx_word' id='word_1_672' title='bbox 3003 2018 3169 2083; x_wconf 86' lang='grc' dir='ltr'><strong>πόδας</strong></span> <span class='ocrx_word' id='word_1_673' title='bbox 3201 2016 3369 2073; x_wconf 75' lang='grc' dir='ltr'><strong>αὐτοῦ</strong></span> <span class='ocrx_word' id='word_1_674' title='bbox 3398 2015 3539 2087; x_wconf 89' lang='grc' dir='ltr'><strong>μετά</strong></span> <span class='ocrx_word' id='word_1_675' title='bbox 3564 2015 3671 2069; x_wconf 90' lang='grc' dir='ltr'><strong>τῶν</strong></span> <span class='ocrx_word' id='word_1_676' title='bbox 3687 2014 3846 2069; x_wconf 79' lang='grc' dir='ltr'><strong>ἄλλων</strong></span> 
     </span>
    </p>
   </div>
   <div class='ocr_carea' id='block_1_88' title="bbox 2275 2102 3847 2175">
    <p class='ocr_par' dir='ltr' id='par_1_88' title="bbox 2275 2102 3847 2175">
     <span class='ocr_line' id='line_1_88' title="bbox 2275 2102 3847 2175; baseline -0.005 -16"><span class='ocrx_word' id='word_1_677' title='bbox 2275 2105 2425 2175; x_wconf 67' lang='grc' dir='ltr'><strong>ἔνιψε</strong></span> <span class='ocrx_word' id='word_1_678' title='bbox 2457 2104 2736 2175; x_wconf 86' lang='grc' dir='ltr'><strong>μαθητῶν,</strong></span> <span class='ocrx_word' id='word_1_679' title='bbox 2771 2103 2913 2158; x_wconf 69' lang='grc' dir='ltr'><strong>οὕτω</strong></span> <span class='ocrx_word' id='word_1_680' title='bbox 2956 2104 3052 2157; x_wconf 74' lang='grc' dir='ltr'><strong>καὶ</strong></span> <span class='ocrx_word' id='word_1_681' title='bbox 3088 2104 3187 2175; x_wconf 81' lang='grc' dir='ltr'><strong>τῆς</strong></span> <span class='ocrx_word' id='word_1_682' title='bbox 3220 2103 3371 2174; x_wconf 77' lang='grc' dir='ltr'><strong>ἱερᾶς</strong></span> <span class='ocrx_word' id='word_1_683' title='bbox 3404 2102 3633 2172; x_wconf 83' lang='grc' dir='ltr'><strong>μετέσχε</strong></span> <span class='ocrx_word' id='word_1_684' title='bbox 3663 2102 3847 2171; x_wconf 82' lang='grc' dir='ltr'><strong>τραπέ-</strong></span> 
     </span>
    </p>
   </div>
   <div class='ocr_carea' id='block_1_89' title="bbox 2277 2185 3847 2261">
    <p class='ocr_par' dir='ltr' id='par_1_89' title="bbox 2277 2185 3847 2261">
     <span class='ocr_line' id='line_1_89' title="bbox 2277 2185 3847 2261; baseline -0.005 -18"><span class='ocrx_word' id='word_1_685' title='bbox 2277 2188 2397 2261; x_wconf 85' lang='grc' dir='ltr'><strong>ζης,</strong></span> <span class='ocrx_word' id='word_1_686' title='bbox 2423 2189 2510 2243; x_wconf 82' lang='grc' dir='ltr'><strong>ἵνα</strong></span> <span class='ocrx_word' id='word_1_687' title='bbox 2547 2188 2817 2261; x_wconf 87' lang='grc' dir='ltr'><strong>μηδεμίαν</strong></span> <span class='ocrx_word' id='word_1_688' title='bbox 2838 2188 3135 2257; x_wconf 87' lang='grc' dir='ltr'><strong>ἀπολογίας</strong></span> <span class='ocrx_word' id='word_1_689' title='bbox 3167 2186 3265 2259; x_wconf 89' lang='grc' dir='ltr'><strong>ἔχῃ</strong></span> <span class='ocrx_word' id='word_1_690' title='bbox 3296 2188 3596 2259; x_wconf 83' lang='grc' dir='ltr'><strong>πρόφασιν,</strong></span> <span class='ocrx_word' id='word_1_691' title='bbox 3621 2185 3714 2239; x_wconf 78' lang='grc' dir='ltr'><strong>ἐὰν</strong></span> <span class='ocrx_word' id='word_1_692' title='bbox 3739 2185 3847 2236; x_wconf 83' lang='grc' dir='ltr'><strong>ἐπι-</strong></span> 
     </span>
    </p>
   </div>
   <div class='ocr_carea' id='block_1_90' title="bbox 2279 2264 3845 2345">
    <p class='ocr_par' dir='ltr' id='par_1_90' title="bbox 2279 2264 3845 2345">
     <span class='ocr_line' id='line_1_90' title="bbox 2279 2264 3845 2345; baseline -0.005 -19"><span class='ocrx_word' id='word_1_693' title='bbox 2279 2273 2441 2345; x_wconf 88' lang='grc' dir='ltr'><strong>μείνῃ</strong></span> <span class='ocrx_word' id='word_1_694' title='bbox 2479 2275 2549 2345; x_wconf 79' lang='grc' dir='ltr'><strong>τῇ</strong></span> <span class='ocrx_word' id='word_1_695' title='bbox 2595 2272 2851 2343; x_wconf 76' lang='grc' dir='ltr'><strong>πονηρίᾳ.</strong></span> <span class='ocrx_word' id='word_1_696' title='bbox 2877 2270 3064 2326; x_wconf 88' lang='grc' dir='ltr'><strong>Πάντα</strong></span> <span class='ocrx_word' id='word_1_697' title='bbox 3095 2271 3206 2342; x_wconf 83' lang='grc' dir='ltr'><strong>γάρ</strong></span> <span class='ocrx_word' id='word_1_698' title='bbox 3235 2268 3386 2341; x_wconf 70' lang='grc'><strong>[584]</strong></span> <span class='ocrx_word' id='word_1_699' title='bbox 3408 2269 3479 2323; x_wconf 81' lang='grc' dir='ltr'><strong>τά</strong></span> <span class='ocrx_word' id='word_1_700' title='bbox 3513 2270 3648 2337; x_wconf 84' lang='grc' dir='ltr'><strong>παρ’</strong></span> <span class='ocrx_word' id='word_1_701' title='bbox 3670 2264 3845 2321; x_wconf 87' lang='grc' dir='ltr'><strong>ἐαυτοῦ</strong></span> 
     </span>
    </p>
   </div>
   <div class='ocr_carea' id='block_1_91' title="bbox 2277 2351 3848 2429">
    <p class='ocr_par' dir='ltr' id='par_1_91' title="bbox 2277 2351 3848 2429">
     <span class='ocr_line' id='line_1_91' title="bbox 2277 2351 3848 2429; baseline -0.006 -16"><span class='ocrx_word' id='word_1_702' title='bbox 2277 2358 2610 2426; x_wconf 78' lang='grc' dir='ltr'><strong>ἐπεδείξατο,</strong></span> <span class='ocrx_word' id='word_1_703' title='bbox 2640 2358 2737 2412; x_wconf 76' lang='grc' dir='ltr'><strong>καὶ</strong></span> <span class='ocrx_word' id='word_1_704' title='bbox 2765 2357 3113 2429; x_wconf 77' lang='grc' dir='ltr'><strong>εἰσήνεγκεν·</strong></span> <span class='ocrx_word' id='word_1_705' title='bbox 3147 2356 3177 2409; x_wconf 92' lang='lat'><strong>6</strong></span> <span class='ocrx_word' id='word_1_706' title='bbox 3202 2355 3260 2409; x_wconf 87' lang='grc' dir='ltr'><strong>δέ</strong></span> <span class='ocrx_word' id='word_1_707' title='bbox 3282 2354 3462 2428; x_wconf 76' lang='grc' dir='ltr'><strong>ἔμεινε</strong></span> <span class='ocrx_word' id='word_1_708' title='bbox 3489 2355 3592 2427; x_wconf 81' lang='grc' dir='ltr'><strong>τὴν</strong></span> <span class='ocrx_word' id='word_1_709' title='bbox 3621 2351 3848 2425; x_wconf 71' lang='grc' dir='ltr'><strong>πονηρὰν</strong></span> 
     </span>
    </p>
   </div>
   <div class='ocr_carea' id='block_1_92' title="bbox 2275 2442 2818 2515">
    <p class='ocr_par' dir='ltr' id='par_1_92' title="bbox 2275 2442 2818 2515">
     <span class='ocr_line' id='line_1_92' title="bbox 2275 2442 2818 2515; baseline 0.004 -19"><span class='ocrx_word' id='word_1_710' title='bbox 2275 2442 2546 2515; x_wconf 77' lang='grc' dir='ltr'><strong>διατηρῶν</strong></span> <span class='ocrx_word' id='word_1_711' title='bbox 2568 2443 2818 2515; x_wconf 82' lang='grc' dir='ltr'><strong>γνώμην.</strong></span> 
     </span>
    </p>
   </div>
   <div class='ocr_carea' id='block_1_93' title="bbox 2351 2518 3849 2597">
    <p class='ocr_par' dir='ltr' id='par_1_93' title="bbox 2351 2518 3849 2597">
     <span class='ocr_line' id='line_1_93' title="bbox 2351 2518 3849 2597; baseline -0.007 -17"><span class='ocrx_word' id='word_1_712' title='bbox 2351 2532 2426 2590; x_wconf 81' lang='grc' dir='ltr'><strong>ς’.</strong></span> <span class='ocrx_word' id='word_1_713' title='bbox 2445 2524 2609 2579; x_wconf 79' lang='grc' dir='ltr'><strong>Ἀλλά</strong></span> <span class='ocrx_word' id='word_1_714' title='bbox 2623 2526 2813 2597; x_wconf 80' lang='grc' dir='ltr'><strong>καιρὸς</strong></span> <span class='ocrx_word' id='word_1_715' title='bbox 2834 2524 3022 2580; x_wconf 79' lang='grc' dir='ltr'><strong>λοιπὸν</strong></span> <span class='ocrx_word' id='word_1_716' title='bbox 3038 2526 3105 2596; x_wconf 70' lang='grc' dir='ltr'><strong>τῇ</strong></span> <span class='ocrx_word' id='word_1_717' title='bbox 3124 2526 3327 2595; x_wconf 79' lang='grc' dir='ltr'><strong>φρικτῇ</strong></span> <span class='ocrx_word' id='word_1_718' title='bbox 3351 2522 3526 2594; x_wconf 85' lang='grc' dir='ltr'><strong>ταύτῃ</strong></span> <span class='ocrx_word' id='word_1_719' title='bbox 3550 2518 3849 2593; x_wconf 85' lang='grc' dir='ltr'><strong>προσελθεῖν</strong></span> 
     </span>
    </p>
   </div>
   <div class='ocr_carea' id='block_1_94' title="bbox 2278 2606 3851 2683">
    <p class='ocr_par' dir='ltr' id='par_1_94' title="bbox 2278 2606 3851 2683">
     <span class='ocr_line' id='line_1_94' title="bbox 2278 2606 3851 2683; baseline -0.006 -19"><span class='ocrx_word' id='word_1_720' title='bbox 2278 2607 2549 2683; x_wconf 84' lang='grc' dir='ltr'><strong>τραπέζῃ.</strong></span> <span class='ocrx_word' id='word_1_721' title='bbox 2569 2608 2777 2674; x_wconf 88' lang='grc' dir='ltr'><strong>Πάντες</strong></span> <span class='ocrx_word' id='word_1_722' title='bbox 2798 2609 2980 2665; x_wconf 85' lang='grc' dir='ltr'><strong>τοίνυν</strong></span> <span class='ocrx_word' id='word_1_723' title='bbox 3011 2607 3399 2681; x_wconf 84' lang='grc' dir='ltr'><strong>προσέλθωμεν</strong></span> <span class='ocrx_word' id='word_1_724' title='bbox 3423 2606 3566 2678; x_wconf 90' lang='grc' dir='ltr'><strong>μετά</strong></span> <span class='ocrx_word' id='word_1_725' title='bbox 3585 2606 3682 2676; x_wconf 79' lang='grc' dir='ltr'><strong>τῆς</strong></span> <span class='ocrx_word' id='word_1_726' title='bbox 3706 2619 3851 2674; x_wconf 86' lang='grc' dir='ltr'><strong>προσ-</strong></span> 
     </span>
    </p>
   </div>
   <div class='ocr_carea' id='block_1_95' title="bbox 2280 2686 3851 2766">
    <p class='ocr_par' dir='ltr' id='par_1_95' title="bbox 2280 2686 3851 2766">
     <span class='ocr_line' id='line_1_95' title="bbox 2280 2686 3851 2766; baseline -0.006 -19"><span class='ocrx_word' id='word_1_727' title='bbox 2280 2691 2522 2765; x_wconf 87' lang='grc' dir='ltr'><strong>ηκούσης</strong></span> <span class='ocrx_word' id='word_1_728' title='bbox 2565 2692 2923 2766; x_wconf 82' lang='grc' dir='ltr'><strong>σωφροσύνης</strong></span> <span class='ocrx_word' id='word_1_729' title='bbox 2964 2692 3061 2748; x_wconf 71' lang='grc' dir='ltr'><strong>καὶ</strong></span> <span class='ocrx_word' id='word_1_730' title='bbox 3092 2691 3338 2764; x_wconf 76' lang='grc' dir='ltr'><strong>νήψεως’</strong></span> <span class='ocrx_word' id='word_1_731' title='bbox 3387 2690 3480 2745; x_wconf 79' lang='grc' dir='ltr'><strong>καὶ</strong></span> <span class='ocrx_word' id='word_1_732' title='bbox 3512 2689 3704 2763; x_wconf 79' lang='grc' dir='ltr'><strong>μηδεὶς</strong></span> <span class='ocrx_word' id='word_1_733' title='bbox 3725 2686 3851 2740; x_wconf 81' lang='grc' dir='ltr'><strong>ἔστω</strong></span> 
     </span>
    </p>
   </div>
   <div class='ocr_carea' id='block_1_96' title="bbox 2294 2768 3849 2849">
    <p class='ocr_par' dir='ltr' id='par_1_96' title="bbox 2294 2768 3849 2849">
     <span class='ocr_line' id='line_1_96' title="bbox 2294 2768 3849 2849; baseline -0.006 -18"><span class='ocrx_word' id='word_1_734' title='bbox 2294 2775 2496 2841; x_wconf 86' lang='grc' dir='ltr'><strong>Ἰούδας</strong></span> <span class='ocrx_word' id='word_1_735' title='bbox 2528 2774 2631 2841; x_wconf 79' lang='grc' dir='ltr'><strong>ἔτι,</strong></span> <span class='ocrx_word' id='word_1_736' title='bbox 2672 2776 2861 2849; x_wconf 73' lang='grc' dir='ltr'><strong>μηδεὶς</strong></span> <span class='ocrx_word' id='word_1_737' title='bbox 2885 2775 3026 2830; x_wconf 86' lang='grc' dir='ltr'><strong>ἔστω</strong></span> <span class='ocrx_word' id='word_1_738' title='bbox 3055 2773 3313 2846; x_wconf 71' lang='grc' dir='ltr'><strong>πονηρὸς,</strong></span> <span class='ocrx_word' id='word_1_739' title='bbox 3346 2773 3539 2845; x_wconf 81' lang='grc' dir='ltr'><strong>μηδεὶς</strong></span> <span class='ocrx_word' id='word_1_740' title='bbox 3584 2771 3718 2843; x_wconf 81' lang='grc' dir='ltr'><strong>ἔχων</strong></span> <span class='ocrx_word' id='word_1_741' title='bbox 3762 2768 3849 2830; x_wconf 74' lang='grc' dir='ltr'><strong>ἰὸν,</strong></span> 
     </span>
    </p>
   </div>
   <div class='ocr_carea' id='block_1_97' title="bbox 2284 2851 3851 2932">
    <p class='ocr_par' dir='ltr' id='par_1_97' title="bbox 2284 2851 3851 2932">
     <span class='ocr_line' id='line_1_97' title="bbox 2284 2851 3851 2932; baseline -0.015 -15"><span class='ocrx_word' id='word_1_742' title='bbox 2284 2859 2360 2932; x_wconf 78' lang='grc' dir='ltr'><strong>μὴ</strong></span> <span class='ocrx_word' id='word_1_743' title='bbox 2390 2858 2525 2915; x_wconf 81' lang='grc' dir='ltr'><strong>ἄλλα</strong></span> <span class='ocrx_word' id='word_1_744' title='bbox 2558 2861 2656 2932; x_wconf 81' lang='grc' dir='ltr'><strong>μὲν</strong></span> <span class='ocrx_word' id='word_1_745' title='bbox 2685 2860 2779 2913; x_wconf 77' lang='grc' dir='ltr'><strong>ἐπὶ</strong></span> <span class='ocrx_word' id='word_1_746' title='bbox 2814 2857 2909 2914; x_wconf 84' lang='grc' dir='ltr'><strong>τοῦ</strong></span> <span class='ocrx_word' id='word_1_747' title='bbox 2952 2858 3224 2931; x_wconf 86' lang='grc' dir='ltr'><strong>στόματος</strong></span> <span class='ocrx_word' id='word_1_748' title='bbox 3258 2857 3462 2929; x_wconf 72' lang='grc' dir='ltr'><strong>φέρων,</strong></span> <span class='ocrx_word' id='word_1_749' title='bbox 3485 2854 3626 2909; x_wconf 71' lang='grc' dir='ltr'><strong>ἄλλα</strong></span> <span class='ocrx_word' id='word_1_750' title='bbox 3672 2852 3728 2907; x_wconf 70' lang='grc' dir='ltr'><strong>δὲ</strong></span> <span class='ocrx_word' id='word_1_751' title='bbox 3770 2851 3851 2903; x_wconf 69' lang='grc' dir='ltr'><strong>ἐπὶ</strong></span> 
     </span>
    </p>
   </div>
   <div class='ocr_carea' id='block_1_98' title="bbox 2278 2937 3851 3016">
    <p class='ocr_par' dir='ltr' id='par_1_98' title="bbox 2278 2937 3851 3016">
     <span class='ocr_line' id='line_1_98' title="bbox 2278 2937 3851 3016; baseline -0.006 -18"><span class='ocrx_word' id='word_1_752' title='bbox 2278 2946 2380 3016; x_wconf 85' lang='grc' dir='ltr'><strong>τῆς</strong></span> <span class='ocrx_word' id='word_1_753' title='bbox 2403 2943 2664 3008; x_wconf 87' lang='grc' dir='ltr'><strong>διανοίας.</strong></span> <span class='ocrx_word' id='word_1_754' title='bbox 2691 2943 2964 3015; x_wconf 86' lang='grc' dir='ltr'><strong>Πάρεστιν</strong></span> <span class='ocrx_word' id='word_1_755' title='bbox 3004 2944 3035 2998; x_wconf 89' lang='grc' dir='ltr'><strong>ό</strong></span> <span class='ocrx_word' id='word_1_756' title='bbox 3081 2941 3339 3014; x_wconf 82' lang='grc' dir='ltr'><strong>Χριστὸς,</strong></span> <span class='ocrx_word' id='word_1_757' title='bbox 3370 2940 3464 2995; x_wconf 74' lang='grc' dir='ltr'><strong>καὶ</strong></span> <span class='ocrx_word' id='word_1_758' title='bbox 3487 2938 3586 2993; x_wconf 85' lang='grc' dir='ltr'><strong>νῦν</strong></span> <span class='ocrx_word' id='word_1_759' title='bbox 3609 2940 3805 3000; x_wconf 86' lang='grc' dir='ltr'><strong>ἐκεῖνος</strong></span> <span class='ocrx_word' id='word_1_760' title='bbox 3826 2937 3851 2989; x_wconf 76' lang='grc' dir='ltr'><strong>ὁ</strong></span> 
     </span>
    </p>
   </div>
   <div class='ocr_carea' id='block_1_99' title="bbox 2280 3016 3851 3101">
    <p class='ocr_par' dir='ltr' id='par_1_99' title="bbox 2280 3016 3851 3101">
     <span class='ocr_line' id='line_1_99' title="bbox 2280 3016 3851 3101; baseline -0.006 -20"><span class='ocrx_word' id='word_1_761' title='bbox 2280 3028 2379 3101; x_wconf 80' lang='grc' dir='ltr'><strong>τὴν</strong></span> <span class='ocrx_word' id='word_1_762' title='bbox 2403 3025 2683 3099; x_wconf 83' lang='grc' dir='ltr'><strong>τράπεζαν</strong></span> <span class='ocrx_word' id='word_1_763' title='bbox 2703 3026 3077 3098; x_wconf 87' lang='grc' dir='ltr'><strong>διακοσμήσας</strong></span> <span class='ocrx_word' id='word_1_764' title='bbox 3097 3024 3335 3098; x_wconf 86' lang='grc' dir='ltr'><strong>ἐκείνην,</strong></span> <span class='ocrx_word' id='word_1_765' title='bbox 3354 3016 3508 3088; x_wconf 67' lang='grc' dir='ltr'><strong>οὗτος</strong></span> <span class='ocrx_word' id='word_1_766' title='bbox 3541 3024 3636 3078; x_wconf 71' lang='grc' dir='ltr'><strong>καὶ</strong></span> <span class='ocrx_word' id='word_1_767' title='bbox 3668 3023 3851 3091; x_wconf 88' lang='grc' dir='ltr'><strong>ταύτην</strong></span> 
     </span>
    </p>
   </div>
   <div class='ocr_carea' id='block_1_100' title="bbox 2279 3101 3852 3183">
    <p class='ocr_par' dir='ltr' id='par_1_100' title="bbox 2279 3101 3852 3183">
     <span class='ocr_line' id='line_1_100' title="bbox 2279 3101 3852 3183; baseline -0.008 -18"><span class='ocrx_word' id='word_1_768' title='bbox 2279 3111 2569 3183; x_wconf 79' lang='grc' dir='ltr'><strong>διακοσμεῖ</strong></span> <span class='ocrx_word' id='word_1_769' title='bbox 2588 3109 2704 3165; x_wconf 89' lang='grc' dir='ltr'><strong>νῦν.</strong></span> <span class='ocrx_word' id='word_1_770' title='bbox 2741 3109 2878 3163; x_wconf 81' lang='grc' dir='ltr'><strong>Ούδέ</strong></span> <span class='ocrx_word' id='word_1_771' title='bbox 2905 3109 3015 3180; x_wconf 82' lang='grc' dir='ltr'><strong>γὰρ</strong></span> <span class='ocrx_word' id='word_1_772' title='bbox 3048 3106 3335 3178; x_wconf 79' lang='grc' dir='ltr'><strong>ἄνθρωπός</strong></span> <span class='ocrx_word' id='word_1_773' title='bbox 3364 3109 3513 3161; x_wconf 82' lang='grc' dir='ltr'><strong>ἐστιν</strong></span> <span class='ocrx_word' id='word_1_774' title='bbox 3548 3108 3580 3161; x_wconf 92' lang='lat'><strong>6</strong></span> <span class='ocrx_word' id='word_1_775' title='bbox 3604 3101 3852 3183; x_wconf 45' lang='grc' dir='ltr'><strong>ποιῶν.τά</strong></span> 
     </span>
    </p>
   </div>
   <div class='ocr_carea' id='block_1_101' title="bbox 2282 3173 3852 3269">
    <p class='ocr_par' dir='ltr' id='par_1_101' title="bbox 2282 3173 3852 3269">
     <span class='ocr_line' id='line_1_101' title="bbox 2282 3173 3852 3269; baseline -0.004 -20"><span class='ocrx_word' id='word_1_776' title='bbox 2282 3173 2624 3269; x_wconf 79' lang='grc' dir='ltr'><strong>προκείμενα</strong></span> <span class='ocrx_word' id='word_1_777' title='bbox 2666 3173 2928 3264; x_wconf 69' lang='grc' dir='ltr'><strong>γενέσθαι⁷</strong></span> <span class='ocrx_word' id='word_1_778' title='bbox 2961 3173 3120 3266; x_wconf 79' lang='grc' dir='ltr'><strong>σῶμα</strong></span> <span class='ocrx_word' id='word_1_779' title='bbox 3152 3173 3248 3247; x_wconf 66' lang='grc' dir='ltr'><strong>καὶ</strong></span> <span class='ocrx_word' id='word_1_780' title='bbox 3287 3186 3427 3263; x_wconf 76' lang='grc' dir='ltr'><strong>αἷμα</strong></span> <span class='ocrx_word' id='word_1_781' title='bbox 3456 3190 3717 3262; x_wconf 85' lang='grc' dir='ltr'><strong>Χριστοῦ,</strong></span> <span class='ocrx_word' id='word_1_782' title='bbox 3748 3173 3852 3243; x_wconf 72' lang='grc' dir='ltr'><strong>ἀλλ’</strong></span> 
     </span>
    </p>
   </div>
   <div class='ocr_carea' id='block_1_102' title="bbox 2281 3272 3853 3350">
    <p class='ocr_par' dir='ltr' id='par_1_102' title="bbox 2281 3272 3853 3350">
     <span class='ocr_line' id='line_1_102' title="bbox 2281 3272 3853 3350; baseline -0.004 -17"><span class='ocrx_word' id='word_1_783' title='bbox 2281 3279 2444 3343; x_wconf 80' lang='grc' dir='ltr'><strong>αὐτὸς</strong></span> <span class='ocrx_word' id='word_1_784' title='bbox 2472 3281 2503 3333; x_wconf 90' lang='grc' dir='ltr'><strong>ό</strong></span> <span class='ocrx_word' id='word_1_785' title='bbox 2530 3277 2865 3350; x_wconf 77' lang='grc' dir='ltr'><strong>σταυρωθεὶς</strong></span> <span class='ocrx_word' id='word_1_786' title='bbox 2893 3276 3035 3348; x_wconf 81' lang='grc' dir='ltr'><strong>ὑπὲρ</strong></span> <span class='ocrx_word' id='word_1_787' title='bbox 3056 3274 3215 3348; x_wconf 78' lang='grc' dir='ltr'><strong>ἡμῶν</strong></span> <span class='ocrx_word' id='word_1_788' title='bbox 3241 3273 3499 3347; x_wconf 88' lang='grc' dir='ltr'><strong>Χριστός.</strong></span> <span class='ocrx_word' id='word_1_789' title='bbox 3523 3274 3719 3347; x_wconf 86' lang='grc' dir='ltr'><strong>Σχῆμα</strong></span> <span class='ocrx_word' id='word_1_790' title='bbox 3737 3272 3853 3342; x_wconf 78' lang='grc' dir='ltr'><strong>πλη-</strong></span> 
     </span>
    </p>
   </div>
   <div class='ocr_carea' id='block_1_103' title="bbox 2284 3357 3852 3433">
    <p class='ocr_par' dir='ltr' id='par_1_103' title="bbox 2284 3357 3852 3433">
     <span class='ocr_line' id='line_1_103' title="bbox 2284 3357 3852 3433; baseline -0.004 -20"><span class='ocrx_word' id='word_1_791' title='bbox 2284 3359 2396 3433; x_wconf 84' lang='grc' dir='ltr'><strong>ρῶν</strong></span> <span class='ocrx_word' id='word_1_792' title='bbox 2426 3360 2662 3433; x_wconf 68' lang='grc' dir='ltr'><strong>ἔστηκεν</strong></span> <span class='ocrx_word' id='word_1_793' title='bbox 2686 3363 2717 3415; x_wconf 91' lang='lat'><strong>6</strong></span> <span class='ocrx_word' id='word_1_794' title='bbox 2744 3361 2944 3433; x_wconf 82' lang='grc' dir='ltr'><strong>ίερεὺς,</strong></span> <span class='ocrx_word' id='word_1_795' title='bbox 2975 3358 3043 3413; x_wconf 87' lang='grc' dir='ltr'><strong>τά</strong></span> <span class='ocrx_word' id='word_1_796' title='bbox 3073 3360 3295 3432; x_wconf 76' lang='grc' dir='ltr'><strong>ῥήματα</strong></span> <span class='ocrx_word' id='word_1_797' title='bbox 3325 3358 3699 3429; x_wconf 85' lang='grc' dir='ltr'><strong>φθεγγόμενος</strong></span> <span class='ocrx_word' id='word_1_798' title='bbox 3730 3357 3852 3409; x_wconf 79' lang='grc' dir='ltr'><strong>έκεῖ-</strong></span> 
     </span>
    </p>
   </div>
   <div class='ocr_carea' id='block_1_104' title="bbox 2282 3437 3851 3516">
    <p class='ocr_par' dir='ltr' id='par_1_104' title="bbox 2282 3437 3851 3516">
     <span class='ocr_line' id='line_1_104' title="bbox 2282 3437 3851 3516; baseline -0.004 -18"><span class='ocrx_word' id='word_1_799' title='bbox 2282 3459 2382 3498; x_wconf 87' lang='grc' dir='ltr'><strong>να⁹</strong></span> <span class='ocrx_word' id='word_1_800' title='bbox 2414 3447 2448 3516; x_wconf 83' lang='grc' dir='ltr'>ὴ</span> <span class='ocrx_word' id='word_1_801' title='bbox 2472 3445 2531 3497; x_wconf 84' lang='grc' dir='ltr'><strong>δέ</strong></span> <span class='ocrx_word' id='word_1_802' title='bbox 2565 3444 2795 3515; x_wconf 89' lang='grc' dir='ltr'><strong>δύναμις</strong></span> <span class='ocrx_word' id='word_1_803' title='bbox 2838 3442 2934 3496; x_wconf 85' lang='grc' dir='ltr'><strong>καὶ</strong></span> <span class='ocrx_word' id='word_1_804' title='bbox 2974 3444 3008 3515; x_wconf 82' lang='grc' dir='ltr'><strong>ὴ</strong></span> <span class='ocrx_word' id='word_1_805' title='bbox 3035 3441 3195 3515; x_wconf 90' lang='grc' dir='ltr'><strong>χάρις</strong></span> <span class='ocrx_word' id='word_1_806' title='bbox 3220 3440 3314 3496; x_wconf 85' lang='grc' dir='ltr'><strong>τοῦ</strong></span> <span class='ocrx_word' id='word_1_807' title='bbox 3339 3441 3475 3496; x_wconf 85' lang='grc' dir='ltr'><strong>Θεοῦ</strong></span> <span class='ocrx_word' id='word_1_808' title='bbox 3512 3441 3653 3496; x_wconf 73' lang='grc' dir='ltr'><strong>ἐστι.</strong></span> <span class='ocrx_word' id='word_1_809' title='bbox 3689 3437 3851 3497; x_wconf 73' lang='grc' dir='ltr'><strong>Τοῦτό</strong></span> 
     </span>
    </p>
   </div>
   <div class='ocr_carea' id='block_1_105' title="bbox 2278 3521 3851 3600">
    <p class='ocr_par' dir='ltr' id='par_1_105' title="bbox 2278 3521 3851 3600">
     <span class='ocr_line' id='line_1_105' title="bbox 2278 3521 3851 3600; baseline -0.007 -16"><span class='ocrx_word' id='word_1_810' title='bbox 2278 3546 2399 3598; x_wconf 82' lang='grc' dir='ltr'><strong>μου</strong></span> <span class='ocrx_word' id='word_1_811' title='bbox 2429 3527 2561 3582; x_wconf 77' lang='grc' dir='ltr'><strong>ἐστι</strong></span> <span class='ocrx_word' id='word_1_812' title='bbox 2582 3526 2649 3581; x_wconf 88' lang='grc' dir='ltr'><strong>τὸ</strong></span> <span class='ocrx_word' id='word_1_813' title='bbox 2676 3525 2871 3597; x_wconf 79' lang='grc' dir='ltr'><strong>σῶμα,</strong></span> <span class='ocrx_word' id='word_1_814' title='bbox 2892 3526 3042 3600; x_wconf 83' lang='grc' dir='ltr'><strong>φησί.</strong></span> <span class='ocrx_word' id='word_1_815' title='bbox 3062 3526 3232 3581; x_wconf 87' lang='grc' dir='ltr'><strong>Τοῦτο</strong></span> <span class='ocrx_word' id='word_1_816' title='bbox 3250 3526 3311 3580; x_wconf 88' lang='lat'><strong>16</strong></span> <span class='ocrx_word' id='word_1_817' title='bbox 3328 3527 3481 3598; x_wconf 77' lang='grc' dir='ltr'><strong>ῥῆμα</strong></span> <span class='ocrx_word' id='word_1_818' title='bbox 3505 3521 3851 3599; x_wconf 69' lang='grc' dir='ltr'><strong>μεταρρυθμί-</strong></span> 
     </span>
    </p>
   </div>
   <div class='ocr_carea' id='block_1_106' title="bbox 2284 3607 3848 3686">
    <p class='ocr_par' dir='ltr' id='par_1_106' title="bbox 2284 3607 3848 3686">
     <span class='ocr_line' id='line_1_106' title="bbox 2284 3607 3848 3686; baseline -0.003 -20"><span class='ocrx_word' id='word_1_819' title='bbox 2284 3611 2366 3677; x_wconf 87' lang='grc' dir='ltr'><strong>ζει</strong></span> <span class='ocrx_word' id='word_1_820' title='bbox 2411 3612 2482 3667; x_wconf 86' lang='grc' dir='ltr'><strong>τά</strong></span> <span class='ocrx_word' id='word_1_821' title='bbox 2522 3611 2892 3686; x_wconf 89' lang='grc' dir='ltr'><strong>προκείμενα·</strong></span> <span class='ocrx_word' id='word_1_822' title='bbox 2941 3610 3035 3666; x_wconf 73' lang='grc' dir='ltr'><strong>καὶ</strong></span> <span class='ocrx_word' id='word_1_823' title='bbox 3064 3609 3318 3683; x_wconf 86' lang='grc' dir='ltr'><strong>καθάπερ</strong></span> <span class='ocrx_word' id='word_1_824' title='bbox 3345 3613 3379 3683; x_wconf 82' lang='grc' dir='ltr'><strong>ή</strong></span> <span class='ocrx_word' id='word_1_825' title='bbox 3411 3610 3567 3683; x_wconf 80' lang='grc' dir='ltr'><strong>φωνὴ</strong></span> <span class='ocrx_word' id='word_1_826' title='bbox 3609 3608 3781 3677; x_wconf 79' lang='grc' dir='ltr'><strong>ἐκείνη</strong></span> <span class='ocrx_word' id='word_1_827' title='bbox 3822 3607 3848 3675; x_wconf 79' lang='grc' dir='ltr'>ἡ</span> 
     </span>
    </p>
   </div>
   <div class='ocr_carea' id='block_1_107' title="bbox 2282 3694 3850 3766">
    <p class='ocr_par' dir='ltr' id='par_1_107' title="bbox 2282 3694 3850 3766">
     <span class='ocr_line' id='line_1_107' title="bbox 2282 3694 3850 3766; baseline -0.003 -16"><span class='ocrx_word' id='word_1_828' title='bbox 2282 3695 2517 3766; x_wconf 85' lang='grc' dir='ltr'><strong>λέγουσα</strong></span> <span class='ocrx_word' id='word_1_829' title='bbox 2534 3712 2549 3727; x_wconf 89' lang='grc'><strong>·</strong></span> <span class='ocrx_word' id='word_1_830' title='bbox 2586 3695 2955 3762; x_wconf 80' lang='grc' dir='ltr'><strong>Αῠξάνεσθε,</strong></span> <span class='ocrx_word' id='word_1_831' title='bbox 2987 3696 3086 3750; x_wconf 79' lang='grc' dir='ltr'><strong>καὶ</strong></span> <span class='ocrx_word' id='word_1_832' title='bbox 3128 3697 3536 3764; x_wconf 66' lang='grc' dir='ltr'><strong>πληθύνεσθε,</strong></span> <span class='ocrx_word' id='word_1_833' title='bbox 3567 3694 3666 3749; x_wconf 79' lang='grc' dir='ltr'><strong>καί</strong></span> <span class='ocrx_word' id='word_1_834' title='bbox 3712 3694 3850 3755; x_wconf 78' lang='grc' dir='ltr'><strong>πλη-</strong></span> 
     </span>
    </p>
   </div>
   <div class='ocr_carea' id='block_1_108' title="bbox 2275 3770 3851 3851">
    <p class='ocr_par' dir='ltr' id='par_1_108' title="bbox 2275 3770 3851 3851">
     <span class='ocr_line' id='line_1_108' title="bbox 2275 3770 3851 3851; baseline -0.003 -16"><span class='ocrx_word' id='word_1_835' title='bbox 2275 3778 2514 3851; x_wconf 84' lang='grc' dir='ltr'><strong>ρώσατε</strong></span> <span class='ocrx_word' id='word_1_836' title='bbox 2541 3779 2658 3849; x_wconf 77' lang='grc' dir='ltr'><strong>τὴν</strong></span> <span class='ocrx_word' id='word_1_837' title='bbox 2683 3778 2822 3849; x_wconf 76' lang='grc' dir='ltr'><strong>γῆν,</strong></span> <span class='ocrx_word' id='word_1_838' title='bbox 2865 3777 3066 3850; x_wconf 78' lang='grc' dir='ltr'><strong>ἐρρέθη</strong></span> <span class='ocrx_word' id='word_1_839' title='bbox 3112 3778 3211 3849; x_wconf 83' lang='grc' dir='ltr'><strong>μὲν</strong></span> <span class='ocrx_word' id='word_1_840' title='bbox 3255 3778 3425 3846; x_wconf 73' lang='grc' dir='ltr'><strong>ἅπαξ,</strong></span> <span class='ocrx_word' id='word_1_841' title='bbox 3471 3776 3561 3832; x_wconf 88' lang='grc' dir='ltr'><strong>διά</strong></span> <span class='ocrx_word' id='word_1_842' title='bbox 3593 3775 3779 3838; x_wconf 71' lang='grc' dir='ltr'><strong>παντὸς</strong></span> <span class='ocrx_word' id='word_1_843' title='bbox 3802 3770 3851 3824; x_wconf 79' lang='grc' dir='ltr'><strong>δὲ</strong></span> 
     </span>
    </p>
   </div>
   <div class='ocr_carea' id='block_1_109' title="bbox 2283 3855 3850 3935">
    <p class='ocr_par' dir='ltr' id='par_1_109' title="bbox 2283 3855 3850 3935">
     <span class='ocr_line' id='line_1_109' title="bbox 2283 3855 3850 3935; baseline -0.004 -17"><span class='ocrx_word' id='word_1_844' title='bbox 2283 3863 2381 3918; x_wconf 89' lang='grc' dir='ltr'><strong>τοῦ</strong></span> <span class='ocrx_word' id='word_1_845' title='bbox 2417 3864 2613 3935; x_wconf 90' lang='grc' dir='ltr'><strong>χρόνου</strong></span> <span class='ocrx_word' id='word_1_846' title='bbox 2641 3863 2851 3933; x_wconf 87' lang='grc' dir='ltr'><strong>γίνεται</strong></span> <span class='ocrx_word' id='word_1_847' title='bbox 2884 3861 3032 3933; x_wconf 78' lang='grc' dir='ltr'><strong>ἔργῳ</strong></span> <span class='ocrx_word' id='word_1_848' title='bbox 3059 3861 3435 3933; x_wconf 84' lang='grc' dir='ltr'><strong>ἐνδυναμοῦσα</strong></span> <span class='ocrx_word' id='word_1_849' title='bbox 3463 3863 3565 3934; x_wconf 82' lang='grc' dir='ltr'><strong>τὴν</strong></span> <span class='ocrx_word' id='word_1_850' title='bbox 3595 3860 3749 3934; x_wconf 83' lang='grc' dir='ltr'><strong>φύσιν</strong></span> <span class='ocrx_word' id='word_1_851' title='bbox 3767 3855 3850 3927; x_wconf 74' lang='grc' dir='ltr'><strong>τὴν</strong></span> 
     </span>
    </p>
   </div>
   <div class='ocr_carea' id='block_1_110' title="bbox 2286 3940 3848 4020">
    <p class='ocr_par' dir='ltr' id='par_1_110' title="bbox 2286 3940 3848 4020">
     <span class='ocr_line' id='line_1_110' title="bbox 2286 3940 3848 4020; baseline -0.005 -18"><span class='ocrx_word' id='word_1_852' title='bbox 2286 3948 2562 4020; x_wconf 76' lang='grc' dir='ltr'><strong>ἡμετέραν</strong></span> <span class='ocrx_word' id='word_1_853' title='bbox 2608 3947 2746 4019; x_wconf 82' lang='grc' dir='ltr'><strong>πρὸς</strong></span> <span class='ocrx_word' id='word_1_854' title='bbox 2782 3944 3152 4013; x_wconf 77' lang='grc' dir='ltr'><strong>παιδοποιίαν·</strong></span> <span class='ocrx_word' id='word_1_855' title='bbox 3190 3944 3332 4000; x_wconf 77' lang='grc' dir='ltr'><strong>οὕτω</strong></span> <span class='ocrx_word' id='word_1_856' title='bbox 3359 3950 3453 4001; x_wconf 78' lang='grc' dir='ltr'><strong>καὶ</strong></span> <span class='ocrx_word' id='word_1_857' title='bbox 3480 3948 3514 4017; x_wconf 81' lang='grc' dir='ltr'><strong>ή</strong></span> <span class='ocrx_word' id='word_1_858' title='bbox 3547 3945 3697 4016; x_wconf 82' lang='grc' dir='ltr'><strong>φωνὴ</strong></span> <span class='ocrx_word' id='word_1_859' title='bbox 3726 3940 3848 4010; x_wconf 83' lang='grc' dir='ltr'><strong>αῦτη</strong></span> 
     </span>
    </p>
   </div>
   <div class='ocr_carea' id='block_1_111' title="bbox 2286 4024 3849 4101">
    <p class='ocr_par' dir='ltr' id='par_1_111' title="bbox 2286 4024 3849 4101">
     <span class='ocr_line' id='line_1_111' title="bbox 2286 4024 3849 4101; baseline -0.004 -17"><span class='ocrx_word' id='word_1_860' title='bbox 2286 4029 2436 4095; x_wconf 82' lang='grc' dir='ltr'><strong>ἀπαξ</strong></span> <span class='ocrx_word' id='word_1_861' title='bbox 2466 4030 2721 4101; x_wconf 80' lang='grc' dir='ltr'><strong>λεχθεῖσα</strong></span> <span class='ocrx_word' id='word_1_862' title='bbox 2755 4030 2878 4083; x_wconf 86' lang='grc' dir='ltr'><strong>καθ’</strong></span> <span class='ocrx_word' id='word_1_863' title='bbox 2899 4028 3139 4101; x_wconf 86' lang='grc' dir='ltr'><strong>ἐκάστην</strong></span> <span class='ocrx_word' id='word_1_864' title='bbox 3168 4029 3448 4101; x_wconf 85' lang='grc' dir='ltr'><strong>τράπεζαν</strong></span> <span class='ocrx_word' id='word_1_865' title='bbox 3494 4031 3552 4084; x_wconf 80' lang='grc' dir='ltr'><strong>ἐν</strong></span> <span class='ocrx_word' id='word_1_866' title='bbox 3597 4031 3712 4091; x_wconf 85' lang='grc' dir='ltr'><strong>ταῖς</strong></span> <span class='ocrx_word' id='word_1_867' title='bbox 3741 4024 3849 4078; x_wconf 83' lang='grc' dir='ltr'><strong>Ἐκ-</strong></span> 
     </span>
    </p>
   </div>
   <div class='ocr_carea' id='block_1_112' title="bbox 2286 4107 3850 4186">
    <p class='ocr_par' dir='ltr' id='par_1_112' title="bbox 2286 4107 3850 4186">
     <span class='ocr_line' id='line_1_112' title="bbox 2286 4107 3850 4186; baseline 0.001 -19"><span class='ocrx_word' id='word_1_868' title='bbox 2286 4114 2538 4185; x_wconf 88' lang='grc' dir='ltr'><strong>κλησίαις</strong></span> <span class='ocrx_word' id='word_1_869' title='bbox 2585 4113 2645 4181; x_wconf 80' lang='grc' dir='ltr'><strong>ἐξ</strong></span> <span class='ocrx_word' id='word_1_870' title='bbox 2695 4113 2905 4169; x_wconf 83' lang='grc' dir='ltr'><strong>ἐκείνου</strong></span> <span class='ocrx_word' id='word_1_871' title='bbox 2957 4112 3123 4185; x_wconf 89' lang='grc' dir='ltr'><strong>μέχρι</strong></span> <span class='ocrx_word' id='word_1_872' title='bbox 3155 4115 3399 4186; x_wconf 88' lang='grc' dir='ltr'><strong>σήμερον</strong></span> <span class='ocrx_word' id='word_1_873' title='bbox 3433 4114 3528 4168; x_wconf 75' lang='grc' dir='ltr'><strong>καὶ</strong></span> <span class='ocrx_word' id='word_1_874' title='bbox 3561 4113 3724 4186; x_wconf 87' lang='grc' dir='ltr'><strong>μέχρι</strong></span> <span class='ocrx_word' id='word_1_875' title='bbox 3761 4107 3850 4177; x_wconf 80' lang='grc' dir='ltr'><strong>τῆς</strong></span> 
     </span>
    </p>
   </div>
   <div class='ocr_carea' id='block_1_113' title="bbox 2284 4190 3851 4269">
    <p class='ocr_par' dir='ltr' id='par_1_113' title="bbox 2284 4190 3851 4269">
     <span class='ocr_line' id='line_1_113' title="bbox 2284 4190 3851 4269; baseline -0.005 -18"><span class='ocrx_word' id='word_1_876' title='bbox 2284 4197 2448 4251; x_wconf 83' lang='grc' dir='ltr'><strong>αὐτοῦ</strong></span> <span class='ocrx_word' id='word_1_877' title='bbox 2483 4196 2815 4268; x_wconf 85' lang='grc' dir='ltr'><strong>παρουσίας,</strong></span> <span class='ocrx_word' id='word_1_878' title='bbox 2836 4196 2937 4269; x_wconf 82' lang='grc' dir='ltr'><strong>τὴν</strong></span> <span class='ocrx_word' id='word_1_879' title='bbox 2967 4195 3157 4251; x_wconf 90' lang='grc' dir='ltr'><strong>θυσίαν</strong></span> <span class='ocrx_word' id='word_1_880' title='bbox 3191 4197 3615 4269; x_wconf 83' lang='grc' dir='ltr'><strong>ἀπηρτισμένην</strong></span> <span class='ocrx_word' id='word_1_881' title='bbox 3642 4190 3851 4267; x_wconf 78' lang='grc' dir='ltr'><strong>ἐργάζε-</strong></span> 
     </span>
    </p>
   </div>
   <div class='ocr_carea' id='block_1_114' title="bbox 2284 4274 3849 4353">
    <p class='ocr_par' dir='ltr' id='par_1_114' title="bbox 2284 4274 3849 4353">
     <span class='ocr_line' id='line_1_114' title="bbox 2284 4274 3849 4353; baseline 0.001 -20"><span class='ocrx_word' id='word_1_882' title='bbox 2284 4297 2398 4335; x_wconf 91' lang='grc' dir='ltr'><strong>ται.</strong></span> <span class='ocrx_word' id='word_1_883' title='bbox 2432 4278 2639 4351; x_wconf 78' lang='grc' dir='ltr'><strong>Μηδεὶς</strong></span> <span class='ocrx_word' id='word_1_884' title='bbox 2669 4279 2850 4333; x_wconf 90' lang='grc' dir='ltr'><strong>τοίνυν</strong></span> <span class='ocrx_word' id='word_1_885' title='bbox 2897 4278 3130 4345; x_wconf 78' lang='grc' dir='ltr'><strong>ὕπουλος</strong></span> <span class='ocrx_word' id='word_1_886' title='bbox 3170 4279 3334 4341; x_wconf 76' lang='grc' dir='ltr'><strong>ἔστω.</strong></span> <span class='ocrx_word' id='word_1_887' title='bbox 3364 4280 3558 4353; x_wconf 82' lang='grc' dir='ltr'><strong>μηδεὶς</strong></span> <span class='ocrx_word' id='word_1_888' title='bbox 3608 4274 3849 4349; x_wconf 75' lang='grc' dir='ltr'><strong>πονηρίας</strong></span> 
     </span>
    </p>
   </div>
   <div class='ocr_carea' id='block_1_115' title="bbox 2286 4359 3847 4436">
    <p class='ocr_par' dir='ltr' id='par_1_115' title="bbox 2286 4359 3847 4436">
     <span class='ocr_line' id='line_1_115' title="bbox 2286 4359 3847 4436; baseline 0.003 -19"><span class='ocrx_word' id='word_1_889' title='bbox 2286 4362 2496 4436; x_wconf 88' lang='grc' dir='ltr'><strong>γέμων,</strong></span> <span class='ocrx_word' id='word_1_890' title='bbox 2529 4362 2719 4435; x_wconf 76' lang='grc' dir='ltr'><strong>μηδεὶς</strong></span> <span class='ocrx_word' id='word_1_891' title='bbox 2774 4363 2852 4417; x_wconf 86' lang='grc' dir='ltr'><strong>ίὸν</strong></span> <span class='ocrx_word' id='word_1_892' title='bbox 2898 4362 3038 4433; x_wconf 79' lang='grc' dir='ltr'><strong>ἔχων</strong></span> <span class='ocrx_word' id='word_1_893' title='bbox 3089 4364 3148 4416; x_wconf 84' lang='grc' dir='ltr'><strong>ἐν</strong></span> <span class='ocrx_word' id='word_1_894' title='bbox 3194 4366 3261 4435; x_wconf 76' lang='grc' dir='ltr'><strong>τῇ</strong></span> <span class='ocrx_word' id='word_1_895' title='bbox 3312 4364 3543 4436; x_wconf 82' lang='grc' dir='ltr'><strong>διανοίᾳ,</strong></span> <span class='ocrx_word' id='word_1_896' title='bbox 3579 4366 3668 4420; x_wconf 79' lang='grc' dir='ltr'><strong>ἵνα</strong></span> <span class='ocrx_word' id='word_1_897' title='bbox 3689 4362 3759 4433; x_wconf 82' lang='grc' dir='ltr'><strong>μὴ</strong></span> <span class='ocrx_word' id='word_1_898' title='bbox 3779 4359 3847 4420; x_wconf 82' lang='grc' dir='ltr'><strong>εις</strong></span> 
     </span>
    </p>
   </div>
   <div class='ocr_carea' id='block_1_116' title="bbox 2286 4441 3850 4519">
    <p class='ocr_par' dir='ltr' id='par_1_116' title="bbox 2286 4441 3850 4519">
     <span class='ocr_line' id='line_1_116' title="bbox 2286 4441 3850 4519; baseline -0.004 -18"><span class='ocrx_word' id='word_1_899' title='bbox 2286 4448 2608 4519; x_wconf 88' lang='grc' dir='ltr'><strong>κατάκριμα</strong></span> <span class='ocrx_word' id='word_1_900' title='bbox 2640 4446 3058 4519; x_wconf 85' lang='grc' dir='ltr'><strong>μεταλαμϐάνῃ.</strong></span> <span class='ocrx_word' id='word_1_901' title='bbox 3077 4448 3189 4502; x_wconf 73' lang='grc' dir='ltr'><strong>Καὶ</strong></span> <span class='ocrx_word' id='word_1_902' title='bbox 3219 4447 3327 4517; x_wconf 80' lang='grc' dir='ltr'><strong>γὰρ</strong></span> <span class='ocrx_word' id='word_1_903' title='bbox 3356 4448 3500 4513; x_wconf 88' lang='grc' dir='ltr'><strong>τότε,</strong></span> <span class='ocrx_word' id='word_1_904' title='bbox 3532 4447 3672 4519; x_wconf 85' lang='grc' dir='ltr'><strong>μετά</strong></span> <span class='ocrx_word' id='word_1_905' title='bbox 3695 4445 3750 4498; x_wconf 85' lang='grc' dir='ltr'><strong>τὸ</strong></span> <span class='ocrx_word' id='word_1_906' title='bbox 3768 4441 3850 4495; x_wconf 87' lang='grc' dir='ltr'><strong>λα-</strong></span> 
     </span>
    </p>
   </div>
   <div class='ocr_carea' id='block_1_117' title="bbox 2288 4525 3846 4605">
    <p class='ocr_par' dir='ltr' id='par_1_117' title="bbox 2288 4525 3846 4605">
     <span class='ocr_line' id='line_1_117' title="bbox 2288 4525 3846 4605; baseline -0.004 -22"><span class='ocrx_word' id='word_1_907' title='bbox 2288 4531 2403 4585; x_wconf 88' lang='grc' dir='ltr'><strong>ϐεῖν</strong></span> <span class='ocrx_word' id='word_1_908' title='bbox 2448 4531 2545 4601; x_wconf 82' lang='grc' dir='ltr'><strong>τὴν</strong></span> <span class='ocrx_word' id='word_1_909' title='bbox 2578 4529 2921 4602; x_wconf 83' lang='grc' dir='ltr'><strong>προσφορὰν,</strong></span> <span class='ocrx_word' id='word_1_910' title='bbox 2946 4530 3262 4603; x_wconf 84' lang='grc' dir='ltr'><strong>ἐπεπήδησε</strong></span> <span class='ocrx_word' id='word_1_911' title='bbox 3294 4530 3374 4603; x_wconf 82' lang='grc' dir='ltr'><strong>τῷ</strong></span> <span class='ocrx_word' id='word_1_912' title='bbox 3405 4531 3577 4605; x_wconf 76' lang='grc' dir='ltr'><strong>Ἰούδα</strong></span> <span class='ocrx_word' id='word_1_913' title='bbox 3624 4534 3652 4587; x_wconf 91' lang='lat'><strong>6</strong></span> <span class='ocrx_word' id='word_1_914' title='bbox 3686 4525 3846 4585; x_wconf 87' lang='grc' dir='ltr'><strong>διάϐο-</strong></span> 
     </span>
    </p>
   </div>
   <div class='ocr_carea' id='block_1_118' title="bbox 2286 4607 3845 4689">
    <p class='ocr_par' dir='ltr' id='par_1_118' title="bbox 2286 4607 3845 4689">
     <span class='ocr_line' id='line_1_118' title="bbox 2286 4607 3845 4689; baseline 0.001 -22"><span class='ocrx_word' id='word_1_915' title='bbox 2286 4615 2398 4680; x_wconf 86' lang='grc' dir='ltr'><strong>λος,</strong></span> <span class='ocrx_word' id='word_1_916' title='bbox 2427 4615 2488 4667; x_wconf 82' lang='grc' dir='ltr'><strong>ού</strong></span> <span class='ocrx_word' id='word_1_917' title='bbox 2520 4614 2615 4668; x_wconf 89' lang='grc' dir='ltr'><strong>τοῦ</strong></span> <span class='ocrx_word' id='word_1_918' title='bbox 2645 4613 2897 4687; x_wconf 84' lang='grc' dir='ltr'><strong>σώματος</strong></span> <span class='ocrx_word' id='word_1_919' title='bbox 2926 4617 3351 4689; x_wconf 82' lang='grc' dir='ltr'><strong>καταφρονήσας</strong></span> <span class='ocrx_word' id='word_1_920' title='bbox 3379 4614 3478 4669; x_wconf 89' lang='grc' dir='ltr'><strong>τοῦ</strong></span> <span class='ocrx_word' id='word_1_921' title='bbox 3513 4607 3845 4670; x_wconf 73' lang='grc' dir='ltr'><strong>Δεσποτικοῦ.</strong></span> 
     </span>
    </p>
   </div>
   <div class='ocr_carea' id='block_1_119' title="bbox 2286 4694 3844 4771">
    <p class='ocr_par' dir='ltr' id='par_1_119' title="bbox 2286 4694 3844 4771">
     <span class='ocr_line' id='line_1_119' title="bbox 2286 4694 3844 4771; baseline -0.001 -19"><span class='ocrx_word' id='word_1_922' title='bbox 2286 4698 2425 4752; x_wconf 90' lang='grc' dir='ltr'><strong>ἀλλά</strong></span> <span class='ocrx_word' id='word_1_923' title='bbox 2454 4697 2543 4751; x_wconf 84' lang='grc' dir='ltr'><strong>διὰ</strong></span> <span class='ocrx_word' id='word_1_924' title='bbox 2575 4698 2676 4769; x_wconf 81' lang='grc' dir='ltr'><strong>τὴν</strong></span> <span class='ocrx_word' id='word_1_925' title='bbox 2707 4698 3098 4770; x_wconf 89' lang='grc' dir='ltr'><strong>ἀναισχυντίαν</strong></span> <span class='ocrx_word' id='word_1_926' title='bbox 3139 4698 3498 4771; x_wconf 81' lang='grc' dir='ltr'><strong>καταφρονῶν</strong></span> <span class='ocrx_word' id='word_1_927' title='bbox 3543 4699 3641 4754; x_wconf 83' lang='grc' dir='ltr'><strong>τοῦ</strong></span> <span class='ocrx_word' id='word_1_928' title='bbox 3672 4694 3844 4752; x_wconf 71' lang='grc' dir='ltr'><strong>Ἰούδα.</strong></span> 
     </span>
    </p>
   </div>
   <div class='ocr_carea' id='block_1_120' title="bbox 2286 4780 3845 4854">
    <p class='ocr_par' dir='ltr' id='par_1_120' title="bbox 2286 4780 3845 4854">
     <span class='ocr_line' id='line_1_120' title="bbox 2286 4780 3845 4854; baseline 0 -21"><span class='ocrx_word' id='word_1_929' title='bbox 2286 4781 2375 4836; x_wconf 85' lang='grc' dir='ltr'><strong>ἴνα</strong></span> <span class='ocrx_word' id='word_1_930' title='bbox 2403 4780 2601 4854; x_wconf 78' lang='grc' dir='ltr'><strong>μάθῃς,</strong></span> <span class='ocrx_word' id='word_1_931' title='bbox 2632 4782 2716 4835; x_wconf 78' lang='grc' dir='ltr'><strong>ὅτι</strong></span> <span class='ocrx_word' id='word_1_932' title='bbox 2746 4782 2859 4844; x_wconf 84' lang='grc' dir='ltr'><strong>τοῖς</strong></span> <span class='ocrx_word' id='word_1_933' title='bbox 2888 4780 3124 4847; x_wconf 81' lang='grc' dir='ltr'><strong>ἀναξίως</strong></span> <span class='ocrx_word' id='word_1_934' title='bbox 3149 4783 3433 4854; x_wconf 82' lang='grc' dir='ltr'><strong>μετέχουσι</strong></span> <span class='ocrx_word' id='word_1_935' title='bbox 3456 4783 3567 4838; x_wconf 89' lang='grc' dir='ltr'><strong>τῶν</strong></span> <span class='ocrx_word' id='word_1_936' title='bbox 3589 4782 3740 4837; x_wconf 85' lang='grc' dir='ltr'><strong>θείων</strong></span> <span class='ocrx_word' id='word_1_937' title='bbox 3760 4791 3845 4848; x_wconf 85' lang='grc' dir='ltr'><strong>μυ-</strong></span> 
     </span>
    </p>
   </div>
   <div class='ocr_carea' id='block_1_121' title="bbox 2289 4862 3838 4938">
    <p class='ocr_par' dir='ltr' id='par_1_121' title="bbox 2289 4862 3838 4938">
     <span class='ocr_line' id='line_1_121' title="bbox 2289 4862 3838 4938; baseline -0.003 -21"><span class='ocrx_word' id='word_1_938' title='bbox 2289 4864 2548 4936; x_wconf 87' lang='grc' dir='ltr'><strong>στηρίων,</strong></span> <span class='ocrx_word' id='word_1_939' title='bbox 2578 4862 2790 4929; x_wconf 89' lang='grc' dir='ltr'><strong>τούτοις</strong></span> <span class='ocrx_word' id='word_1_940' title='bbox 2822 4864 3060 4936; x_wconf 87' lang='grc' dir='ltr'><strong>μάλιστα</strong></span> <span class='ocrx_word' id='word_1_941' title='bbox 3080 4866 3324 4938; x_wconf 77' lang='grc' dir='ltr'><strong>ἐπιπηδᾷ</strong></span> <span class='ocrx_word' id='word_1_942' title='bbox 3345 4868 3439 4920; x_wconf 80' lang='grc' dir='ltr'><strong>καὶ</strong></span> <span class='ocrx_word' id='word_1_943' title='bbox 3453 4867 3717 4921; x_wconf 90' lang='grc' dir='ltr'><strong>ἐπιϐαίνει</strong></span> <span class='ocrx_word' id='word_1_944' title='bbox 3738 4876 3838 4915; x_wconf 89' lang='grc' dir='ltr'><strong>συν-</strong></span> 
     </span>
    </p>
   </div>
   <div class='ocr_carea' id='block_1_122' title="bbox 2286 4942 3845 5022">
    <p class='ocr_par' dir='ltr' id='par_1_122' title="bbox 2286 4942 3845 5022">
     <span class='ocr_line' id='line_1_122' title="bbox 2286 4942 3845 5022; baseline -0.007 -11"><span class='ocrx_word' id='word_1_945' title='bbox 2286 4947 2428 5019; x_wconf 80' lang='grc' dir='ltr'><strong>εχῶς</strong></span> <span class='ocrx_word' id='word_1_946' title='bbox 2456 4950 2484 5001; x_wconf 91' lang='lat'><strong>6</strong></span> <span class='ocrx_word' id='word_1_947' title='bbox 2506 4946 2774 5013; x_wconf 88' lang='grc' dir='ltr'><strong>διάϐολος,</strong></span> <span class='ocrx_word' id='word_1_948' title='bbox 2816 4947 3006 5021; x_wconf 82' lang='grc' dir='ltr'><strong>ὥσπερ</strong></span> <span class='ocrx_word' id='word_1_949' title='bbox 3052 4950 3147 5003; x_wconf 80' lang='grc' dir='ltr'><strong>καὶ</strong></span> <span class='ocrx_word' id='word_1_950' title='bbox 3178 4949 3258 5021; x_wconf 83' lang='grc' dir='ltr'><strong>τῷ</strong></span> <span class='ocrx_word' id='word_1_951' title='bbox 3293 4951 3465 5022; x_wconf 76' lang='grc' dir='ltr'><strong>Ἰούδᾳ</strong></span> <span class='ocrx_word' id='word_1_952' title='bbox 3487 4951 3636 5006; x_wconf 85' lang='grc' dir='ltr'><strong>τότε.</strong></span> <span class='ocrx_word' id='word_1_953' title='bbox 3659 4949 3723 5003; x_wconf 76' lang='grc' dir='ltr'><strong>Δί</strong></span> <span class='ocrx_word' id='word_1_954' title='bbox 3751 4942 3845 5013; x_wconf 81' lang='grc' dir='ltr'><strong>γὰρ</strong></span> 
     </span>
    </p>
   </div>
   <div class='ocr_carea' id='block_1_123' title="bbox 2286 5026 3845 5105">
    <p class='ocr_par' dir='ltr' id='par_1_123' title="bbox 2286 5026 3845 5105">
     <span class='ocr_line' id='line_1_123' title="bbox 2286 5026 3845 5105; baseline -0.003 -19"><span class='ocrx_word' id='word_1_955' title='bbox 2286 5032 2444 5103; x_wconf 75' lang='grc' dir='ltr'><strong>τιμαὶ</strong></span> <span class='ocrx_word' id='word_1_956' title='bbox 2487 5032 2613 5097; x_wconf 78' lang='grc' dir='ltr'><strong>τοὺς</strong></span> <span class='ocrx_word' id='word_1_957' title='bbox 2662 5031 2762 5102; x_wconf 85' lang='grc' dir='ltr'><strong>μὲν</strong></span> <span class='ocrx_word' id='word_1_958' title='bbox 2798 5031 2986 5100; x_wconf 80' lang='grc' dir='ltr'><strong>ἀξίους</strong></span> <span class='ocrx_word' id='word_1_959' title='bbox 3012 5033 3306 5104; x_wconf 87' lang='grc' dir='ltr'><strong>ὠφελοῦσι,</strong></span> <span class='ocrx_word' id='word_1_960' title='bbox 3340 5035 3469 5098; x_wconf 81' lang='grc' dir='ltr'><strong>τοὺς</strong></span> <span class='ocrx_word' id='word_1_961' title='bbox 3503 5035 3561 5089; x_wconf 87' lang='grc' dir='ltr'><strong>δέ</strong></span> <span class='ocrx_word' id='word_1_962' title='bbox 3586 5031 3733 5105; x_wconf 89' lang='grc' dir='ltr'><strong>παρά</strong></span> <span class='ocrx_word' id='word_1_963' title='bbox 3762 5026 3845 5097; x_wconf 78' lang='grc' dir='ltr'><strong>τὴν</strong></span> 
     </span>
    </p>
   </div>
   <div class='ocr_carea' id='block_1_124' title="bbox 2287 5114 3841 5191">
    <p class='ocr_par' dir='ltr' id='par_1_124' title="bbox 2287 5114 3841 5191">
     <span class='ocr_line' id='line_1_124' title="bbox 2287 5114 3841 5191; baseline 0.001 -24"><span class='ocrx_word' id='word_1_964' title='bbox 2287 5115 2446 5182; x_wconf 82' lang='grc' dir='ltr'><strong>ἀξίαν</strong></span> <span class='ocrx_word' id='word_1_965' title='bbox 2465 5114 2845 5181; x_wconf 88' lang='grc' dir='ltr'><strong>ἀπολαύοντας</strong></span> <span class='ocrx_word' id='word_1_966' title='bbox 2867 5119 2949 5181; x_wconf 88' lang='grc' dir='ltr'><strong>είς</strong></span> <span class='ocrx_word' id='word_1_967' title='bbox 2972 5117 3195 5189; x_wconf 85' lang='grc' dir='ltr'><strong>μείζονα</strong></span> <span class='ocrx_word' id='word_1_968' title='bbox 3215 5118 3490 5189; x_wconf 87' lang='grc' dir='ltr'><strong>τιμωρίαν</strong></span> <span class='ocrx_word' id='word_1_969' title='bbox 3514 5116 3841 5191; x_wconf 71' lang='grc' dir='ltr'><strong>ἐμϐάλλουσι·</strong></span> 
     </span>
    </p>
   </div>
   <div class='ocr_carea' id='block_1_125' title="bbox 2287 5192 3847 5273">
    <p class='ocr_par' dir='ltr' id='par_1_125' title="bbox 2287 5192 3847 5273">
     <span class='ocr_line' id='line_1_125' title="bbox 2287 5192 3847 5273; baseline 0.002 -22"><span class='ocrx_word' id='word_1_970' title='bbox 2287 5198 2397 5251; x_wconf 73' lang='grc' dir='ltr'><strong>Καὶ</strong></span> <span class='ocrx_word' id='word_1_971' title='bbox 2438 5196 2632 5265; x_wconf 88' lang='grc' dir='ltr'><strong>ταῦτα,</strong></span> <span class='ocrx_word' id='word_1_972' title='bbox 2663 5200 2764 5271; x_wconf 82' lang='grc' dir='ltr'><strong>οὐχ</strong></span> <span class='ocrx_word' id='word_1_973' title='bbox 2791 5200 2880 5254; x_wconf 84' lang='grc' dir='ltr'><strong>ἵνα</strong></span> <span class='ocrx_word' id='word_1_974' title='bbox 2911 5201 3155 5273; x_wconf 83' lang='grc' dir='ltr'><strong>φοϐήσω,</strong></span> <span class='ocrx_word' id='word_1_975' title='bbox 3191 5200 3356 5271; x_wconf 87' lang='grc' dir='ltr'><strong>λέγω,</strong></span> <span class='ocrx_word' id='word_1_976' title='bbox 3386 5201 3505 5256; x_wconf 85' lang='grc' dir='ltr'><strong>ἀλλ’</strong></span> <span class='ocrx_word' id='word_1_977' title='bbox 3529 5203 3617 5258; x_wconf 78' lang='grc' dir='ltr'><strong>ἴνα</strong></span> <span class='ocrx_word' id='word_1_978' title='bbox 3641 5192 3847 5267; x_wconf 80' lang='grc' dir='ltr'><strong>ἀσφαλί-</strong></span> 
     </span>
    </p>
   </div>
   <div class='ocr_carea' id='block_1_126' title="bbox 2289 5279 3844 5359">
    <p class='ocr_par' dir='ltr' id='par_1_126' title="bbox 2289 5279 3844 5359">
     <span class='ocr_line' id='line_1_126' title="bbox 2289 5279 3844 5359; baseline 0 -24"><span class='ocrx_word' id='word_1_979' title='bbox 2289 5299 2491 5353; x_wconf 89' lang='grc' dir='ltr'><strong>σωμαι.</strong></span> <span class='ocrx_word' id='word_1_980' title='bbox 2527 5283 2735 5355; x_wconf 75' lang='grc' dir='ltr'><strong>Μηδεὶς</strong></span> <span class='ocrx_word' id='word_1_981' title='bbox 2779 5285 2962 5340; x_wconf 86' lang='grc' dir='ltr'><strong>τοίνυν</strong></span> <span class='ocrx_word' id='word_1_982' title='bbox 2999 5286 3141 5341; x_wconf 88' lang='grc' dir='ltr'><strong>ἔστω</strong></span> <span class='ocrx_word' id='word_1_983' title='bbox 3174 5286 3395 5352; x_wconf 87' lang='grc' dir='ltr'><strong>Ἰούδας,</strong></span> <span class='ocrx_word' id='word_1_984' title='bbox 3448 5288 3638 5359; x_wconf 75' lang='grc' dir='ltr'><strong>μηδεὶς</strong></span> <span class='ocrx_word' id='word_1_985' title='bbox 3682 5279 3844 5338; x_wconf 74' lang='grc' dir='ltr'><strong>εἰσιὼν</strong></span> 
     </span>
    </p>
   </div>
   <div class='ocr_carea' id='block_1_127' title="bbox 2290 5361 3841 5443">
    <p class='ocr_par' dir='ltr' id='par_1_127' title="bbox 2290 5361 3841 5443">
     <span class='ocr_line' id='line_1_127' title="bbox 2290 5361 3841 5443; baseline 0.002 -24"><span class='ocrx_word' id='word_1_986' title='bbox 2290 5366 2365 5419; x_wconf 76' lang='grc' dir='ltr'><strong>ἱὸν</strong></span> <span class='ocrx_word' id='word_1_987' title='bbox 2409 5365 2580 5437; x_wconf 85' lang='grc' dir='ltr'><strong>ἐχέτω</strong></span> <span class='ocrx_word' id='word_1_988' title='bbox 2614 5369 2901 5440; x_wconf 86' lang='grc' dir='ltr'><strong>πονηρίας.</strong></span> <span class='ocrx_word' id='word_1_989' title='bbox 2933 5369 3122 5443; x_wconf 80' lang='grc' dir='ltr'><strong>Τροφὴ</strong></span> <span class='ocrx_word' id='word_1_990' title='bbox 3152 5371 3260 5443; x_wconf 83' lang='grc' dir='ltr'><strong>γάρ</strong></span> <span class='ocrx_word' id='word_1_991' title='bbox 3303 5374 3424 5425; x_wconf 80' lang='grc' dir='ltr'><strong>ἐστι</strong></span> <span class='ocrx_word' id='word_1_992' title='bbox 3458 5366 3786 5442; x_wconf 80' lang='grc' dir='ltr'><strong>πνευματικὴ</strong></span> <span class='ocrx_word' id='word_1_993' title='bbox 3813 5361 3841 5431; x_wconf 78' lang='grc' dir='ltr'><strong>ή</strong></span> 
     </span>
    </p>
   </div>
   <div class='ocr_carea' id='block_1_128' title="bbox 2288 5447 3845 5528">
    <p class='ocr_par' dir='ltr' id='par_1_128' title="bbox 2288 5447 3845 5528">
     <span class='ocr_line' id='line_1_128' title="bbox 2288 5447 3845 5528; baseline 0.01 -27"><span class='ocrx_word' id='word_1_994' title='bbox 2288 5447 2451 5503; x_wconf 81' lang='grc' dir='ltr'><strong>θυσία</strong></span> <span class='ocrx_word' id='word_1_995' title='bbox 2472 5466 2485 5479; x_wconf 83' lang='lat'><strong><em>°</em></strong></span> <span class='ocrx_word' id='word_1_996' title='bbox 2512 5451 2607 5504; x_wconf 77' lang='grc' dir='ltr'><strong>καὶ</strong></span> <span class='ocrx_word' id='word_1_997' title='bbox 2634 5451 2885 5524; x_wconf 74' lang='grc' dir='ltr'><strong>καθάπερ</strong></span> <span class='ocrx_word' id='word_1_998' title='bbox 2912 5454 2945 5523; x_wconf 78' lang='grc' dir='ltr'><strong>ἡ</strong></span> <span class='ocrx_word' id='word_1_999' title='bbox 2976 5454 3266 5526; x_wconf 85' lang='grc' dir='ltr'><strong>σωματικὴ</strong></span> <span class='ocrx_word' id='word_1_1000' title='bbox 3292 5456 3491 5528; x_wconf 78' lang='grc' dir='ltr'><strong>τροφὴ,</strong></span> <span class='ocrx_word' id='word_1_1001' title='bbox 3517 5458 3644 5511; x_wconf 83' lang='grc' dir='ltr'><strong>ὅταν</strong></span> <span class='ocrx_word' id='word_1_1002' title='bbox 3667 5454 3740 5515; x_wconf 77' lang='grc' dir='ltr'><strong>εἰς</strong></span> <span class='ocrx_word' id='word_1_1003' title='bbox 3759 5461 3845 5516; x_wconf 66' lang='grc' dir='ltr'><strong>γαε</strong></span> 
     </span>
    </p>
   </div>
   <div class='ocr_carea' id='block_1_129' title="bbox 2292 5532 3844 5614">
    <p class='ocr_par' dir='ltr' id='par_1_129' title="bbox 2292 5532 3844 5614">
     <span class='ocr_line' id='line_1_129' title="bbox 2292 5532 3844 5614; baseline -0.015 -9"><span class='ocrx_word' id='word_1_1004' title='bbox 2292 5532 2461 5603; x_wconf 75' lang='grc' dir='ltr'>στέρα</span> <span class='ocrx_word' id='word_1_1005' title='bbox 2487 5536 2693 5605; x_wconf 79' lang='grc' dir='ltr'><strong>χυμοὺς</strong></span> <span class='ocrx_word' id='word_1_1006' title='bbox 2724 5536 2955 5606; x_wconf 78' lang='grc' dir='ltr'><strong>ἔχουσαν</strong></span> <span class='ocrx_word' id='word_1_1007' title='bbox 2985 5540 3256 5610; x_wconf 76' lang='grc' dir='ltr'><strong>πονηροὺς</strong></span> <span class='ocrx_word' id='word_1_1008' title='bbox 3281 5541 3524 5614; x_wconf 76' lang='grc' dir='ltr'><strong>ἐμπέσῃ,</strong></span> <span class='ocrx_word' id='word_1_1009' title='bbox 3553 5540 3707 5595; x_wconf 86' lang='grc' dir='ltr'><strong>πλέον</strong></span> <span class='ocrx_word' id='word_1_1010' title='bbox 3736 5536 3844 5586; x_wconf 82' lang='grc' dir='ltr'><strong>ἐπι·-</strong></span> 
     </span>
    </p>
   </div>
   <div class='ocr_carea' id='block_1_130' title="bbox 2289 5616 3840 5695">
    <p class='ocr_par' dir='ltr' id='par_1_130' title="bbox 2289 5616 3840 5695">
     <span class='ocr_line' id='line_1_130' title="bbox 2289 5616 3840 5695; baseline 0.005 -26"><span class='ocrx_word' id='word_1_1011' title='bbox 2289 5616 2455 5670; x_wconf 88' lang='grc' dir='ltr'><strong>τείνει</strong></span> <span class='ocrx_word' id='word_1_1012' title='bbox 2501 5618 2600 5689; x_wconf 72' lang='grc' dir='ltr'><strong>τὴν</strong></span> <span class='ocrx_word' id='word_1_1013' title='bbox 2644 5618 2979 5691; x_wconf 78' lang='grc' dir='ltr'><strong>ἀρρωστίαν,</strong></span> <span class='ocrx_word' id='word_1_1014' title='bbox 3005 5622 3066 5674; x_wconf 88' lang='grc' dir='ltr'><strong>ού</strong></span> <span class='ocrx_word' id='word_1_1015' title='bbox 3117 5622 3269 5693; x_wconf 88' lang='grc' dir='ltr'><strong>παρά</strong></span> <span class='ocrx_word' id='word_1_1016' title='bbox 3316 5623 3417 5695; x_wconf 82' lang='grc' dir='ltr'><strong>τὴν</strong></span> <span class='ocrx_word' id='word_1_1017' title='bbox 3450 5624 3654 5680; x_wconf 82' lang='grc' dir='ltr'><strong>οἰκείαν</strong></span> <span class='ocrx_word' id='word_1_1018' title='bbox 3681 5617 3840 5690; x_wconf 58' lang='grc' dir='ltr'><strong>φύσιν,</strong></span> 
     </span>
    </p>
   </div>
   <div class='ocr_carea' id='block_1_131' title="bbox 2293 5695 3842 5778">
    <p class='ocr_par' dir='ltr' id='par_1_131' title="bbox 2293 5695 3842 5778">
     <span class='ocr_line' id='line_1_131' title="bbox 2293 5695 3842 5778; baseline 0.008 -26"><span class='ocrx_word' id='word_1_1019' title='bbox 2293 5698 2427 5752; x_wconf 84' lang='grc' dir='ltr'><strong>ἀλλά</strong></span> <span class='ocrx_word' id='word_1_1020' title='bbox 2458 5700 2608 5772; x_wconf 87' lang='grc' dir='ltr'><strong>παρά</strong></span> <span class='ocrx_word' id='word_1_1021' title='bbox 2639 5702 2736 5771; x_wconf 79' lang='grc' dir='ltr'><strong>τὴν</strong></span> <span class='ocrx_word' id='word_1_1022' title='bbox 2762 5702 3043 5758; x_wconf 89' lang='grc' dir='ltr'><strong>ἀσθένειαν</strong></span> <span class='ocrx_word' id='word_1_1023' title='bbox 3070 5705 3169 5777; x_wconf 84' lang='grc' dir='ltr'><strong>τῆς</strong></span> <span class='ocrx_word' id='word_1_1024' title='bbox 3194 5706 3502 5778; x_wconf 71' lang='grc' dir='ltr'><strong>γαστρόςιι-</strong></span> <span class='ocrx_word' id='word_1_1025' title='bbox 3534 5706 3671 5761; x_wconf 74' lang='grc' dir='ltr'><strong>οὕτω</strong></span> <span class='ocrx_word' id='word_1_1026' title='bbox 3691 5701 3748 5773; x_wconf 78' lang='grc' dir='ltr'><strong>δὴ</strong></span> <span class='ocrx_word' id='word_1_1027' title='bbox 3764 5695 3842 5752; x_wconf 68' lang='grc' dir='ltr'><strong>καὶ</strong></span> 
     </span>
    </p>
   </div>
   <div class='ocr_carea' id='block_1_132' title="bbox 2359 5799 3840 5876">
    <p class='ocr_par' dir='ltr' id='par_1_132' title="bbox 2359 5799 3840 5876">
     <span class='ocr_line' id='line_1_132' title="bbox 2359 5799 3840 5876; baseline 0.004 -21"><span class='ocrx_word' id='word_1_1028' title='bbox 2359 5802 2385 5843; x_wconf 66' lang='grc'><strong><em>³³</em></strong></span> <span class='ocrx_word' id='word_1_1029' title='bbox 2407 5805 2504 5855; x_wconf 71' lang='lat' dir='ltr'><strong>Alii</strong></span> <span class='ocrx_word' id='word_1_1030' title='bbox 2525 5811 2607 5865; x_wconf 83' lang='grc' dir='ltr'><strong>τῆς</strong></span> <span class='ocrx_word' id='word_1_1031' title='bbox 2623 5806 2812 5871; x_wconf 78' lang='grc' dir='ltr'><strong>σαρκός.</strong></span> <span class='ocrx_word' id='word_1_1032' title='bbox 2840 5808 2961 5859; x_wconf 77' lang='lat' dir='ltr'><strong>Infra</strong></span> <span class='ocrx_word' id='word_1_1033' title='bbox 2989 5809 3176 5859; x_wconf 75' lang='grc' dir='ltr'><strong>ἐπειδὰν</strong></span> <span class='ocrx_word' id='word_1_1034' title='bbox 3203 5810 3264 5866; x_wconf 84' lang='grc' dir='ltr'><strong>εἰς</strong></span> <span class='ocrx_word' id='word_1_1035' title='bbox 3286 5810 3492 5861; x_wconf 84' lang='grc' dir='ltr'><strong>διάνοιαν</strong></span> <span class='ocrx_word' id='word_1_1036' title='bbox 3515 5799 3840 5876; x_wconf 59' lang='grc' dir='ltr'><strong>ἐμπέσῃρκδίυ</strong></span> 
     </span>
    </p>
   </div>
  </div>
