4100 6420
258 336 365 392 379

261 465 390 520 erga
416 447 733 503 beneﬁcium
762 457 916 504 erant
940 447 1107 504 Judtei
1131 490 1146 512 ,
1177 457 1233 503 et
1269 450 1445 504 statim
1482 459 1602 519 post
1639 457 1858 518 accepta

268 538 526 594 beneﬁcia
571 541 818 608 praecepti
861 541 1030 594 divini
1068 539 1541 595 obliviscebantur.
1577 540 1708 594 Nam
1739 555 1859 595 cum

268 635 466 702 egressi
509 642 633 687 sunt
680 648 742 686 es
788 633 1059 703 ZEgypto,
1104 643 1384 702 postquam
1428 648 1578 687 mare
1613 632 1864 686 viderunt

269 726 493 779 scissum
524 734 576 778 et
609 740 792 778 rursus
820 727 1130 778 Coalescens
1153 765 1169 790 ,
1201 725 1412 794 aliaque
1441 724 1718 779 innumera
1761 726 1863 778 mi-

271 817 470 879 racula,
505 816 750 871 dicebant
785 834 798 869 :
829 815 1105 869 Faciamus
1130 815 1272 868 nobis
1290 816 1430 881 deos,
1462 817 1549 886 qui
1578 818 1862 885 prcccedant

270 923 362 961 nos
391 905 584 978 (Exod.
611 905 699 961 δί.
729 907 807 976 1).
834 905 967 973 Quid
995 905 1164 959 dicis?
1193 905 1446 960 miracula
1469 905 1646 960 adhuc
1671 907 1722 960 in
1750 921 1863 959 ma-

271 997 426 1052 nibus
471 1006 624 1062 sunt,
667 1006 722 1051 ct
760 998 870 1064 jam
913 996 1138 1051 beneﬁci
1177 996 1376 1052 oblitus
1415 998 1512 1052 es?
1538 997 1670 1064 Quia
1706 999 1864 1066 igitur

270 1103 436 1157 usque
455 1088 590 1142 adeo
615 1089 809 1156 stupidi
833 1096 888 1142 et
913 1088 1100 1158 ingrati
1127 1097 1298 1153 erant,
1327 1088 1676 1142 festivitatum
1701 1105 1863 1159 argu-

271 1189 450 1232 mento
484 1179 622 1232 Deus
651 1179 916 1233 donarunt
952 1180 1519 1234 commemorationem
1544 1180 1858 1246 adstrinxit,

270 1270 496 1338 ideoque
528 1270 729 1324 Pascha
762 1270 1040 1324 immolare
1069 1270 1226 1339 jussit
1258 1288 1277 1326 :
1310 1270 1410 1336 Ut,
1440 1273 1485 1324 si
1510 1282 1556 1324 te
1584 1273 1864 1342 interroga-

267 1363 420 1426 verit,
453 1362 650 1431 inquit,
679 1363 815 1429 ﬁlius
846 1371 990 1426 tuus,
1016 1362 1152 1430 Quid
1182 1371 1264 1416 est
1293 1362 1394 1417 hoc
1419 1363 1663 1418 Pascha?
1685 1364 1859 1430 dicas,

270 1453 400 1519 Quia
444 1454 564 1523 agni
611 1455 871 1523 sanguine
913 1454 1107 1523 januas
1150 1464 1419 1509 unxerunt
1463 1457 1588 1511 olim
1634 1457 1864 1526 majores

268 1547 440 1600 nostri
481 1549 532 1599 in
577 1546 844 1618 Egypto,
879 1562 947 1602 ne
988 1557 1227 1601 vastator
1269 1550 1491 1619 angelus
1529 1551 1748 1604 veniens
1782 1551 1863 1604 vi-

269 1640 509 1709 densque
533 1640 790 1694 insultare
809 1640 1050 1704 auderet,
1073 1649 1127 1694 et
1152 1641 1361 1711 plagam
1386 1641 1647 1711 inﬁigeret
1668 1642 1860 1710 (Exod.

270 1732 357 1784 19..
402 1731 518 1800 27).
569 1733 798 1800 Eratque
837 1729 1088 1799 deinceps
1130 1730 1326 1786 festum
1376 1744 1630 1802 perpetua
1675 1733 1864 1786 salutis

267 1824 726 1879 commemoratio.
759 1822 868 1877 lmo
904 1839 1034 1878 vero
1066 1839 1171 1877 non
1205 1823 1256 1877 id
1289 1824 1458 1878 solum
1501 1825 1861 1888 lucrabantur,

270 1915 411 1986 quod
441 1916 521 1970 eis
556 1915 895 1985 antiquorum
936 1915 1316 1972 beneﬁciorum
1357 1918 1668 1971 memoriam
1709 1933 1865 1972 revo-

269 2016 453 2073 caret,
486 2008 580 2063 sed
607 2020 660 2063 et
685 2009 826 2063 aliud
856 2009 1028 2078 majus
1051 2051 1066 2076 ,
1099 2010 1240 2080 quod
1271 2009 1443 2066 futura
1477 2009 1864 2080 prmﬁguraret.

271 2099 363 2154 llle
392 2101 587 2169 quippe
615 2115 783 2169 agnus
811 2099 975 2170 ﬁgura
1006 2109 1121 2154 erat
1155 2101 1374 2155 alterius
1403 2100 1521 2168 agni
1555 2099 1862 2167 spiritualis,

269 2200 323 2246 et
343 2191 461 2244 ovis
487 2205 642 2245 ovem
672 2189 1018 2260 prmnotabat.
1049 2192 1226 2260 Atque
1257 2189 1385 2243 illud
1416 2189 1628 2258 quidem
1659 2189 1864 2254 umbra,

273 2284 375 2338 hoc
401 2283 598 2337 veritas
620 2291 754 2337 erat.
778 2281 912 2337 Cum
944 2291 1123 2337 autem
1151 2281 1487 2350 apparuisset
1511 2281 1601 2334 Sol
1624 2281 1862 2348 justitite,

273 2375 462 2429 umbra
491 2374 720 2428 cessavit
749 2391 762 2428 :
787 2374 992 2427 oriente
1019 2372 1214 2442 quippe
1254 2372 1370 2424 sole
1406 2371 1630 2424 solvitur
1657 2370 1863 2424 umbra.

277 2469 399 2523 Ideo
431 2469 482 2522 in
515 2468 700 2521 cadent
738 2467 852 2538 ipsa
884 2483 1064 2521 mensa
1099 2477 1383 2536 utrumque
1415 2465 1618 2521 Pascha
1663 2467 1868 2536 perlici-

275 2570 380 2620 tur,
413 2549 469 2613 et
494 2559 600 2628 typi
625 2568 679 2612 et
703 2558 957 2613 veritatis.
982 2557 1440 2625 Quemadmodum
1471 2557 1614 2612 enim
1642 2557 1872 2627 pictores

274 2651 325 2704 in
355 2649 546 2705 eadem
576 2650 686 2718 ipsa
721 2649 896 2704 tabula
932 2657 986 2703 et
1027 2649 1200 2703 lineas
1229 2649 1638 2704 circumducunt
1665 2658 1720 2703 et
1748 2665 1870 2702 um-

275 2745 427 2798 bram
470 2742 795 2812 depingunt,
843 2750 1074 2810 tuncque
1111 2742 1351 2795 colorum
1390 2741 1668 2796 veritatem
1707 2755 1873 2810 appo-

275 2844 411 2889 mmt
441 2851 455 2886 :
486 2833 565 2888 sic
599 2842 654 2888 et
694 2832 939 2886 Christus
981 2829 1106 2885 fecit
1143 2848 1156 2885 :
1202 2831 1254 2885 in
1296 2831 1483 2886 eadem
1531 2831 1643 2902 ipsa
1687 2846 1870 2885 mensa

275 2926 512 2997 typicum
543 2923 746 2978 Pascha
773 2922 1052 2992 descripsit
1073 2963 1086 2984 ,
1117 2929 1170 2976 et
1201 2936 1382 2976 verum
1419 2920 1638 2974 addidit.
1676 2919 1774 2975 Ubi
1801 2919 1873 2975 vis

277 3033 515 3086 paremus
551 3015 639 3068 tibi
681 3015 940 3068 comedere
981 3012 1224 3067 Pascha?
1254 3013 1402 3067 Tunc
1442 3011 1718 3066 Iudaicum
1758 3020 1875 3065 erat

279 3105 484 3161 Pascha
505 3147 520 3169 ,
550 3105 644 3160 sed
674 3107 921 3160 veniente
949 3105 1060 3159 sole
1086 3146 1101 3171 ,
1135 3105 1350 3159 lucerna
1379 3119 1446 3159 ne
1477 3103 1650 3159 luceat
1677 3121 1689 3156 :
1717 3118 1872 3158 acce-

277 3200 444 3255 dente
470 3197 715 3261 veritate,
744 3209 918 3252 cesset
942 3196 1134 3252 deinde
1162 3196 1370 3250 umbra.

347 3295 407 3349 5.
427 3292 613 3346 Contra
633 3290 860 3344 Iudicas.
881 3291 901 3361 (
920 3289 1043 3343 Vide
1067 3291 1119 3343 in
1151 3289 1388 3343 Homiliis
1405 3298 1577 3343 contra
1602 3288 1774 3350 eos,T.
1795 3288 1871 3359 1.)

277 3414 345 3424 -
377 3384 506 3438 Hcce
530 3382 728 3437 Judreis
755 3381 897 3448 dico,
928 3381 1049 3452 quia
1081 3381 1326 3436 videntur
1352 3379 1555 3435 Pascha
1581 3379 1873 3444 celebrare,

275 3477 405 3546 quia
433 3473 724 3542 impudenti
750 3473 974 3529 consilio
995 3487 1178 3543 azyma
1206 3471 1464 3542 objiciunt
1491 3471 1565 3525 illi
1594 3470 1879 3526 incircum-

277 3569 376 3622 cisi
403 3566 588 3620 corde.
616 3563 918 3633 Quomodo,
937 3579 1139 3634 qumso,
1162 3563 1363 3618 Pascha
1385 3563 1643 3627 celebras,
1661 3561 1878 3617 Iudaee?

277 3659 566 3727 Templum
595 3658 824 3711 dirutum
855 3663 938 3709 est
960 3695 975 3720 ,
1007 3655 1174 3707 altare
1203 3655 1468 3708 sublatum
1494 3695 1510 3718 ,
1539 3662 1722 3707 sancta
1752 3667 1878 3706 san-

277 3761 490 3805 ctorum
513 3747 842 3810 conculcata,
861 3760 1019 3798 omne
1043 3743 1288 3798 sacriﬁcii
1314 3758 1480 3813 genus
1501 3743 1730 3797 solutum
1752 3751 1834 3797 est
1861 3756 1876 3795 :

281 3860 382 3898 cur
406 3858 532 3912 ergo
549 3842 711 3896 audes
740 3840 853 3895 hmc
873 3839 1144 3908 illegitima
1176 3838 1522 3908 perpetrare?
1553 3837 1877 3908 Babylonem

278 3933 570 4005 aliquando
590 3932 897 3988 concessisti
923 3975 938 3997 ,
967 3942 1126 4001 atque
1156 3930 1263 3985 illic
1288 3929 1570 3996 dicebant,
1595 3929 1682 3998 qui
1713 3936 1763 3984 te
1787 3943 1879 3982 ca-

283 4028 491 4096 ptivum
545 4023 915 4088 adduxerant,
955 4022 1165 4078 Caritate
1209 4021 1354 4076 nobis
1393 4022 1455 4075 de
1495 4022 1701 4076 canticis
1752 4021 1881 4076 Sion

279 4116 473 4188 (Psal.
499 4116 619 4170 156.
651 4115 722 4184 5)
760 4133 773 4168 :
805 4125 858 4170 et
884 4124 936 4170 tu
959 4113 1241 4169 renuebas.
1277 4114 1399 4168 llaec
1423 4128 1581 4182 porro
1602 4112 1882 4168 declarans

282 4209 456 4266 David
481 4209 692 4264 dicebat
723 4226 736 4262 :
767 4207 938 4276 Super
962 4207 1180 4276 ﬂumina
1203 4204 1500 4275 Babylonis,
1533 4205 1639 4258 illic
1663 4205 1880 4258 sedimus

281 4311 330 4355 et
359 4300 592 4370 ﬂeuimus
616 4314 633 4352 :
655 4300 709 4352 in
737 4298 973 4352 salicibus
1001 4299 1054 4350 in
1082 4296 1246 4350 medio
1274 4297 1383 4360 eius
1410 4294 1767 4363 suspendimus
1792 4309 1881 4346 or-

286 4407 426 4463 gana
457 4399 630 4444 nostra
659 4388 829 4462 (Ibid.
856 4405 904 4442 υ.
937 4389 986 4442 1.
1013 4388 1109 4458 2),
1141 4387 1192 4441 id
1219 4395 1321 4452 est,
1355 4385 1683 4455 psalterium,
1713 4383 1885 4438 citha-

285 4500 407 4540 ram
429 4525 443 4547 ,
468 4484 666 4554 lyram,
697 4492 750 4538 et
779 4491 992 4538 extera.
1026 4481 1117 4536 llis
1143 4481 1286 4536 enim
1319 4479 1444 4534 olim
1477 4477 1763 4532 utebantur
1785 4518 1800 4538 ,
1831 4488 1887 4532 et

287 4578 377 4632 his
405 4578 638 4646 psalmos
662 4576 927 4632 canebant
951 4595 964 4630 :
990 4575 1210 4645 haecque
1241 4575 1292 4627 in
1321 4573 1684 4641 captivitatem
1714 4570 1883 4625 abdu-

286 4670 360 4724 cti
385 4683 568 4724 secum
598 4667 848 4732 tulerant,
873 4679 928 4722 ut
956 4675 1359 4722 monumentum
1390 4665 1572 4735 patrita
1596 4672 1884 4719 consuetu-

288 4761 434 4816 dinis
462 4759 719 4815 baberent
736 4799 752 4824 ,
777 4773 882 4813 non
911 4768 969 4813 ut
1009 4759 1074 4814 iis
1098 4768 1395 4814 uterentur.
1426 4757 1543 4812 Illic
1567 4756 1708 4812 enim
1733 4797 1750 4822 ,
1777 4757 1884 4822 ait,

289 4855 726 4923 interrogaverunt
753 4868 845 4906 nos
868 4892 882 4915 ,
909 4850 993 4920 qui
1031 4851 1254 4920 captiuos
1297 4849 1551 4904 duxerunt
1579 4865 1671 4903 nos
1694 4889 1709 4914 ,
1741 4847 1890 4903 verba

292 4946 588 4999 cantionum
621 4943 790 5014 (Ibid.
818 4959 865 4996 υ.
897 4943 931 4998 3
951 4940 994 5012 ).
1025 4942 1092 4996 Et
1125 4941 1356 4996 diximus
1375 4981 1391 5007 ,
1423 4940 1690 5006 Quomodo
1715 4952 1890 4994 canta-

293 5038 459 5092 bimus
494 5037 746 5091 canticum
786 5034 993 5088 Domini
1033 5033 1088 5088 in
1128 5043 1264 5086 terra
1300 5031 1512 5086 aliena?
1547 5031 1686 5098 Quid
1712 5031 1888 5086 dicis?

295 5127 564 5182 canticum
587 5126 799 5182 Domini
821 5141 926 5182 non
953 5133 1135 5180 cantas
1157 5124 1209 5177 in
1233 5132 1374 5178 terra
1395 5123 1588 5189 aliena,
1612 5133 1665 5178 et
1685 5123 1888 5178 Pascha

299 5219 508 5274 Domini
531 5219 774 5274 celebras
797 5219 850 5274 in
877 5228 1015 5274 terra
1042 5217 1253 5272 aliena?
1279 5216 1462 5270 Viden‘
1485 5217 1748 5288 ingratum
1770 5217 1889 5270 ani-

299 5311 488 5364 mum?
517 5311 690 5364 viden'
717 5310 1088 5380 iniquitatem?
1117 5309 1248 5364 Cum
1273 5309 1471 5364 inimici
1500 5318 1654 5364 erant
1677 5309 1769 5379 qui
1795 5325 1889 5365 οο-

301 5411 513 5470 gerent,
541 5418 609 5456 ne
638 5403 898 5470 psalmum
927 5402 1141 5473 quidem
1167 5400 1347 5456 dicere
1374 5400 1641 5456 audebant
1669 5401 1720 5455 in
1750 5410 1891 5457 terra

301 5493 506 5559 aliena;
535 5509 674 5548 nunc
697 5502 876 5549 autem
901 5509 996 5548 sua
1027 5503 1217 5564 sponte
1241 5536 1254 5558 ,
1279 5494 1491 5549 nemine
1515 5503 1739 5563 cogente
1757 5535 1772 5560 ,
1803 5510 1899 5550 ne-

305 5588 451 5642 mine
469 5587 574 5640 vim
597 5588 876 5652 intercute,
896 5587 1092 5642 bellum
1117 5587 1351 5643 inferunt
1373 5587 1502 5642 Deo.
1528 5586 1713 5642 Viden’
1733 5603 1894 5658 quam

305 5678 512 5746 impura
537 5681 639 5733 sint
662 5679 890 5750 azyma?
918 5695 1076 5744 quam
1105 5680 1436 5750 illegitimum
1473 5680 1663 5735 festum
1686 5680 1709 5730 ‘i
1739 5696 1894 5751 quam

308 5785 433 5826 tere
459 5788 559 5827 non
589 5773 658 5826 sit
683 5772 884 5827 Pascha
915 5771 1232 5828 Judaicum?
1265 5772 1388 5827 Erat
1424 5774 1549 5828 olim
1586 5773 1784 5829 Pascha
1815 5773 1897 5828 Ju-

1352 332 1437 389 DE
1474 333 1896 393 PRODITIONE
1932 339 2129 393 ΔΜ)Ᾰὶ
2196 341 2421 400 1101111..
2468 345 2510 400 Ι.

3457 339 3562 394 580

1970 448 2204 520 daicum,
2233 454 2328 508 sed
2355 471 2497 510 nunc
2516 454 2748 510 solutum
2773 462 2856 509 est
2874 495 2886 515 ,
2918 452 3241 522 advenitqne
3278 450 3562 521 Spirituale

1970 541 2194 609 Pascha,
2223 545 2366 614 quod
2397 555 2522 598 tunc
2565 544 2783 599 tradidit
2808 543 3075 598 Christus.
3109 543 3214 596 Illis
3247 544 3388 596 enim
3417 559 3565 596 tuan-

1966 633 2282 688 ducantihus
2318 651 2381 689 ac
2426 637 2764 701 bibentibus,
2814 633 3022 704 inquit,
3067 634 3332 702 accipiens
3372 649 3561 702 panem

1967 725 2124 796 fregit
2161 735 2215 778 et
2241 725 2373 780 dixit
2408 744 2421 779 :
2454 726 2566 779 Hoc
2593 739 2662 780 cs:
2691 744 2874 796 corpus
2905 741 3105 788 meum,
3138 724 3275 794 quod
3309 741 3400 793 pro
3428 726 3565 778 vobis

1966 817 2220 885 frangitur
2244 817 2294 870 in
2332 819 2679 871 remissionem
2707 827 3029 886 peccatorum
3057 815 3277 887 (Matth.
3307 813 3398 871 ΞΕ.
3426 813 3496 868 26

1966 907 2150 960 Sciunt
2173 909 2226 971 ii,
2249 908 2339 976 qui
2365 909 2551 962 initiati
2577 917 2720 972 sunt,
2751 910 2835 962 illa
2861 925 2978 977 qua:
3005 909 3274 972 dicuntur,
3301 917 3354 961 ct
3380 922 3565 960 rursus

1965 997 2185 1050 calicem
2217 998 2402 1052 dicens
2433 1014 2447 1051 :
2480 996 2578 1050 Hic
2607 1009 2677 1052 est
2715 999 2921 1068 sanguis
2948 1014 3119 1062 utens,
3155 997 3244 1066 qui
3269 1013 3362 1065 pro
3392 995 3563 1049 multis

1967 1089 2244 1157 cﬁ‘unditur
2267 1093 2322 1144 in
2349 1093 2690 1145 remissionem
2718 1103 3032 1161 peccatorum
3062 1091 3232 1159 (Ibid.
3261 1090 3372 1160 2S)
3422 1088 3565 1145 Ade.-

1968 1191 2048 1236 rat
2076 1181 2242 1236 Judas
2273 1182 2389 1236 haec
2413 1182 2630 1236 Christo
2655 1182 2888 1238 dicente.
2919 1182 3031 1237 1100
3061 1192 3139 1236 est
3172 1198 3386 1251 corpus,
3420 1179 3563 1250 quod

1967 1273 2287 1339 vendidisti,
2317 1273 2451 1328 .Iuda
2474 1316 2490 1338 ,
2523 1273 2735 1343 triginta
2765 1275 3067 1344 argenteis;
3098 1273 3184 1328 hic
3208 1283 3289 1327 est
3309 1273 3521 1342 sanguis
3545 1313 3559 1334 ,

1967 1378 2068 1432 pro
2092 1381 2196 1434 quo
2223 1382 2390 1436 nuper
2411 1374 2561 1436 pacta
2592 1366 2930 1435 impudenter
2955 1366 3124 1419 iuibas
3154 1381 3273 1419 cum
3309 1362 3565 1432 improbis

1969 1455 2271 1510 Phariszeis.
2297 1457 2339 1511 Ο
2357 1456 2556 1511 Christi
2583 1457 2958 1526 benignitatem
2977 1459 2991 1509 1
3021 1473 3052 1509 o
3073 1456 3222 1510 Iudae
3239 1456 3561 1510 dementiam

1969 1557 2024 1601 et
2051 1548 2346 1601 insaniam!
2381 1548 2474 1602 Ille
2516 1563 2744 1617 namque
2771 1547 3012 1602 vendidit
3047 1547 3192 1600 illmu
3222 1548 3438 1615 triginta
3465 1545 3564 1599 de—

1971 1644 2157 1706 nariis,
2175 1642 2418 1698 Christus
2435 1657 2561 1697 vero
2587 1651 2767 1712 postea
2801 1659 2905 1694 non
2933 1640 3202 1694 recusarit
3229 1640 3370 1693 hunc
3393 1639 3566 1706 ipsum

1971 1735 2280 1804 sanguinem
2319 1733 2590 1786 venditum
2631 1731 2882 1786 vendenti
2927 1729 3055 1784 dare
3097 1731 3148 1783 in
3194 1729 3567 1784 remissionem

1974 1836 2334 1896 peccatorum,
2361 1825 2620 1894 siquidem
2646 1824 2928 1879 voluisset.
2960 1824 3157 1876 Aderat
3181 1821 3366 1883 Iudas,
3399 1832 3454 1876 et
3476 1837 3569 1876 sa-

1973 1931 2079 1971 cne
2116 1932 2312 1970 mensm
2341 1917 2605 1986 particeps
2640 1925 2773 1970 erat.
2802 1915 2952 1969 Sicut
2978 1914 3122 1968 enim
3157 1913 3318 1982 pedes
3345 1912 3460 1982 ejus
3489 1912 3569 1966 la-

1971 2008 2069 2068 vit,
2098 2017 2155 2060 ut
2183 2019 2236 2061 et
2263 2008 2489 2062 aiiorum
2530 2007 2912 2074 discipulorum
2935 2047 2950 2072 ,
2984 2007 3052 2059 ita
3093 2016 3144 2059 ct
3175 2020 3342 2059 sacrm
3370 2019 3570 2058 mensre

1967 2097 2239 2170 particeps
2266 2099 2354 2153 ille
2387 2099 2477 2152 l'uit
2504 2140 2518 2162 ,
2550 2108 2606 2152 ut
2635 2098 2836 2152 nullum
2866 2096 3227 2150 excusationis
3260 2097 3432 2149 locum
3465 2095 3562 2148 ha-

1971 2193 2146 2257 beret,
2165 2193 2208 2245 si
2228 2190 2280 2244 in
2300 2191 2533 2259 nequitia
2558 2199 2944 2260 perseveraret.
2967 2187 3156 2242 Omnia
3174 2187 3314 2242 enim
3339 2201 3458 2256 quae
3481 2200 3574 2254 pe-

1976 2297 2076 2338 nes
2101 2297 2160 2338 se
2191 2292 2346 2338 erant
2374 2283 2633 2340 Dominus
2669 2281 2984 2337 exhibuerat
3018 2289 3073 2334 et
3113 2277 3407 2348 protulerat
3437 2292 3450 2328 :
3481 2277 3572 2332 ille

1975 2391 2107 2430 vero
2133 2378 2185 2430 in
2215 2376 2356 2432 malo
2381 2390 2479 2430 suo
2506 2377 2780 2446 proposito
2805 2373 3020 2427 mansit.

2048 2470 2100 2522 6.
2147 2467 2307 2521 Panis
2333 2470 2726 2537 transformatur
2753 2465 2804 2518 in
2837 2462 3182 2528 Eucharistia,
3211 2471 3257 2514 et
3284 2461 3340 2530 ﬁt
3369 2461 3572 2528 sacri/i-

1977 2560 2110 2612 cium
2131 2563 2427 2628 perfectum.
2449 2587 2524 2598 —
2547 2555 2654 2611 Sed
2685 2566 2891 2624 tempus
2912 2554 3128 2607 demum
3159 2560 3240 2606 est
3259 2551 3325 2604 ad
3348 2551 3575 2605 horren-

1977 2648 2100 2704 dam
2141 2649 2275 2702 hanc
2316 2663 2556 2702 mensam
2604 2645 2916 2701 accedendi.
2957 2645 3157 2699 Omnes
3201 2645 3376 2712 itaque
3419 2657 3576 2696 acce-

1978 2741 2168 2794 damus
2207 2756 2328 2796 cum
2375 2738 2684 2809 congruenti
2736 2737 3086 2806 temperantia
3135 2750 3199 2790 ac
3242 2735 3511 2805 vigilantia
3558 2750 3572 2787 :

1979 2831 2156 2885 nullus
2182 2833 2317 2884 ultra
2347 2829 2514 2884 Iudas
2543 2838 2659 2884 esto
2678 2872 2693 2895 ,
2725 2829 2900 2884 nullus
2932 2825 3208 2896 improbus
3231 2867 3244 2887 ,
3281 2825 3458 2878 tmllus
3483 2839 3578 2877 ve-

1979 2937 2121 2976 neno
2149 2920 2394 2986 infectus,
2423 2935 2595 2988 neque
2621 2920 2720 2972 alia
2749 2919 2798 2972 in
2821 2933 2914 2972 ore
2938 2931 3177 2977 versans,
3201 2915 3301 2967 alia
3327 2915 3377 2968 iu
3400 2924 3580 2970 mente

1980 3014 2237 3068 retinens.
2269 3012 2436 3066 Adest
2463 3010 2708 3066 Christus
2728 3051 2742 3072 ,
2771 3019 2825 3064 ct
2854 3023 2996 3063 nunc
3024 3011 3088 3074 is,
3122 3007 3213 3076 qui
3245 3022 3483 3060 mensam
3511 3008 3579 3060 il-

1981 3107 2086 3161 lam
2108 3105 2402 3175 apparavit,
2426 3103 2515 3158 bic
2540 3104 2655 3174 ipse
2681 3102 2817 3155 hanc
2845 3115 2986 3155 nunc
3015 3107 3261 3154 exornat.
3292 3097 3406 3153 Non
3434 3098 3577 3152 enim

1983 3199 2144 3252 homo
2167 3206 2287 3264 est,
2309 3195 2399 3266 qui
2429 3193 2558 3249 facit
2590 3202 2644 3248 ut
2671 3191 2942 3264 proposita
2968 3189 3267 3246 efﬁciantur
3292 3202 3488 3257 corpus
3525 3196 3580 3242 et

1983 3289 2198 3359 sanguis
2227 3286 2422 3342 Christi
2446 3328 2462 3352 ,
2489 3285 2584 3340 sed
2611 3285 2724 3354 ipse
2750 3282 2995 3336 Christus
3023 3281 3112 3350 qui
3143 3295 3240 3350 pro
3269 3279 3422 3334 nobis
3451 3293 3548 3334 cru
3568 3309 3580 3319 -

1983 3381 2172 3434 cilixus
2201 3387 2302 3434 est.
2332 3379 2578 3448 Figuratn
2612 3377 2837 3445 impleus
2865 3383 2970 3428 stat
2994 3373 3248 3428 sacerdos
3287 3371 3446 3427 verba
3490 3371 3581 3425 illa

1986 3472 2266 3543 proferens
2300 3489 2312 3523 :
2344 3470 2513 3525 virtus
2559 3479 2737 3523 autem
2783 3477 2837 3523 et
2876 3467 3044 3537 gratia
3087 3465 3177 3520 Dei
3223 3474 3324 3519 est.
3358 3463 3472 3518 Hoc
3507 3473 3585 3518 est

1985 3581 2170 3634 corpus
2209 3579 2411 3628 meum,
2443 3561 2634 3631 inquit.
2678 3560 2790 3615 Hoc
2828 3558 3048 3614 verbum
3095 3558 3435 3611 transformat
3477 3570 3586 3622 ea,

1986 3673 2105 3726 quze
2128 3657 2395 3726 proposita
2422 3663 2566 3708 sunt.
2593 3655 2668 3708 Ac
2695 3649 3143 3722 quemadmodum
3168 3664 3268 3702 vox
3300 3649 3384 3702 illa
3419 3665 3432 3701 :
3465 3646 3584 3702 Cre-

1985 3749 2127 3812 scite,
2163 3758 2207 3800 et
2237 3744 2664 3815 multiplicamini,
2697 3755 2744 3796 et
2769 3742 2955 3812 replete
2981 3751 3165 3793 terram
3188 3739 3342 3808 (Gen.
3377 3740 3426 3792 1.
3453 3737 3546 3808 28)
3567 3780 3583 3802 ,

1987 3838 2155 3892 semel
2187 3836 2398 3906 quidem
2452 3835 2656 3903 prolata
2705 3842 2821 3896 est,
2862 3830 3009 3884 omni
3047 3845 3173 3882 vero
3211 3837 3452 3898 tempore
3489 3843 3588 3882 na-

1990 3939 2121 3984 tura:
2153 3938 2350 3980 nostra:
2377 3925 2482 3979 vim
2513 3923 2709 3994 przebet
2753 3922 2820 3976 ad
2855 3921 3082 3974 ﬁliorum
3116 3919 3539 3986 procreationem
3567 3935 3582 3984 ;

1990 4023 2060 4076 ita
2087 4029 2141 4076 et
2170 4036 2270 4073 vox
2311 4019 2428 4073 hare
2465 4015 2630 4072 semel
2672 4016 2874 4084 prolata
2916 4013 2966 4066 in
3010 4011 3265 4066 Ecclesiis
3300 4010 3364 4064 ad
3399 4024 3588 4062 unam-

1989 4127 2256 4184 quamque
2287 4124 2525 4164 mensam
2551 4147 2567 4174 ,
2598 4107 2665 4161 ab
2697 4107 2788 4160 illo
2815 4105 2880 4159 ad
2913 4103 3224 4158 hodierumn
3256 4115 3423 4170 usque
3451 4109 3588 4153 tem-

1991 4221 2090 4277 pus
2110 4212 2164 4258 et
2186 4217 2354 4272 usque
2375 4199 2442 4254 ad
2469 4199 2760 4253 adventum
2788 4195 2922 4266 ejus,
2949 4193 3269 4248 sacriﬁcium
3294 4191 3586 4260 perlectum

1990 4297 2172 4354 efﬁcit.
2207 4294 2392 4349 Nullus
2419 4292 2577 4362 igitur
2603 4288 2880 4343 simulatus
2919 4284 3159 4350 accedat,
3194 4283 3370 4337 nullus
3401 4282 3590 4352 ncqui-

1993 4391 2061 4444 tia
2094 4389 2308 4458 plenus,
2338 4386 2513 4440 nullus
2542 4390 2802 4438 venenata
2832 4388 3015 4434 mente
3041 4421 3054 4442 ,
3088 4392 3155 4431 ne
3181 4377 3231 4430 in
3258 4375 3586 4430 condemna-

1993 4483 2189 4537 tionem
2214 4482 2479 4551 particeps
2511 4476 2796 4532 elﬁciatur.
2826 4474 2977 4528 Tunc
3003 4472 3145 4526 enim
3175 4479 3292 4540 post
3311 4479 3588 4540 acceptam

1992 4574 2314 4628 oblationem
2334 4613 2350 4635 ,
2374 4569 2616 4624 diabolus
2655 4565 2840 4622 insiliit
2874 4565 2927 4618 in
2961 4563 3151 4619 Judatn
3175 4604 3188 4626 ,
3220 4579 3324 4616 non
3356 4561 3593 4616 Domini-

1993 4681 2113 4720 cum
2135 4678 2328 4735 corpus
2345 4659 2764 4732 despiciensﬁed
2785 4657 2811 4713 J
2818 4657 2972 4712 udam
2991 4656 3060 4711 ob
3075 4653 3455 4724 impudentiam
3471 4667 3593 4708 con-

1996 4768 2273 4822 temnens;
2303 4755 2554 4811 utdiscas
2587 4754 2640 4808 in
2668 4768 2762 4808 eos
2785 4751 3040 4812 maxime,
3072 4749 3158 4817 qui
3185 4747 3360 4801 divina
3393 4753 3595 4816 myste-

1995 4852 2072 4907 ria
2102 4850 2313 4919 indigne
2352 4847 2671 4919 participant
2691 4885 2706 4910 ,
2738 4843 3046 4911 frequenter
3081 4839 3283 4892 insilire
3311 4847 3365 4892 et
3393 4838 3594 4890 irrum-

1996 4959 2123 5014 pere
2142 4940 2434 5004 diabolum,
2461 4947 2518 4992 ut
2542 4948 2668 4992 tunc
2691 4933 2842 4990 Iudae
2863 4930 3103 4999 contigit.
3132 4929 3340 4982 Etenim
3360 4927 3594 4981 honores

1996 5050 2091 5090 eos
2111 5034 2199 5102 qui
2239 5031 2382 5102 digni
2427 5037 2552 5084 sunt
2590 5027 2811 5097 juvant,
2846 5038 2940 5078 eos
2971 5037 3098 5076 vero
3140 5020 3231 5090 qui
3275 5019 3488 5089 indigne
3529 5017 3598 5073 iis

1998 5127 2266 5188 fruuntur,
2301 5124 2354 5176 in
2381 5123 2554 5190 majus
2583 5117 2901 5188 supplicium
2940 5114 3250 5183 COIIleillnl.
3285 5112 3409 5167 11ωο
3436 5124 3598 5179 porro

2000 5233 2105 5271 non
2134 5225 2191 5270 ut
2221 5230 2319 5268 vos
2343 5212 2672 5267 terrefaciam
2690 5209 2830 5272 dico,
2861 5207 2956 5263 sed
2979 5217 3036 5260 ut
3055 5205 3326 5260 cautiores
3348 5202 3593 5257 reddam.

1998 5309 2170 5366 Nemo
2191 5310 2367 5377 itaque
2397 5306 2466 5360 sit
2489 5305 2676 5370 Judas,
2703 5317 2863 5358 nemo
2890 5299 3216 5369 ingrediatur
3239 5297 3484 5366 nequitia:
3507 5309 3600 5348 ve-

2003 5416 2142 5458 neno
2167 5399 2413 5454 iniectus.
2446 5396 2577 5452 Nam
2618 5394 2934 5450 sacrilicium
2973 5400 3057 5446 est
3093 5387 3380 5460 Spiritualis
3404 5384 3595 5441 cibus:

2002 5509 2067 5549 ac
2090 5488 2540 5563 quemadmodum
2579 5487 2730 5542 cibus
2758 5497 3052 5554 corporeus
3075 5522 3090 5545 ,
3123 5495 3244 5534 cum
3275 5477 3324 5532 in
3356 5485 3598 5530 ventrem

2005 5586 2188 5658 pravis
2211 5582 2528 5639 humoribus
2558 5579 2819 5650 repletum
2850 5574 3119 5636 inciderit,
3147 5579 3304 5639 auget
3328 5567 3597 5658 morbum,

2007 5657 2112 5734 non
2160 5686 2346 5731 natura
2392 5688 2485 5728 sua
2511 5712 2526 5737 ,
2566 5671 2660 5726 sed
2693 5668 2892 5724 ventris
2941 5662 3248 5719 inﬁrmitate
3282 5680 3294 5715 :
3326 5660 3395 5712 ita
3437 5657 3598 5713 etiam

2010 5767 2269 5839 contingit
2295 5767 2347 5819 in
2369 5763 2731 5836 spiritualibus
2764 5757 3066 5830 mysteriis;
3097 5768 3219 5808 nam
3251 5766 3372 5808 cum
3401 5749 3453 5805 in
3480 5747 3598 5808 ani-
