4100 6424
585 347 682 401 Sili

517 494 520 496 η
587 474 728 515 mam
756 454 1038 512 inciderint
1059 451 1288 522 nequitia
1316 450 1547 520 plenam,
1571 447 1715 502 illam
1744 444 1912 514 magis
1930 457 2168 499 corrum-

590 564 721 619 punt
745 557 798 602 et
829 545 1183 609 labefactant,
1220 557 1322 595 non
1365 551 1552 594 natura
1584 553 1710 602 sua,
1741 535 1836 591 sed
1864 534 2172 604 recipientis

589 642 779 694 anima:
823 637 1156 692 inﬁrmitate.
1207 634 1374 688 Nemo
1417 632 1575 702 igitur
1619 629 1787 683 malas
1823 626 2172 697 cogitationes

589 734 728 785 intus
751 729 964 794 habeat,
993 727 1086 782 sed
1117 734 1350 780 mentem
1383 735 1668 792 purgemus
1702 737 1714 772 :
1745 719 1942 773 etenim
1971 717 2038 771 ad
2071 732 2173 787 pu-

587 837 707 876 rum
731 818 1050 875 sacrificium
1094 815 1430 878 accedimus;
1462 821 1700 867 sanctam
1741 809 2025 865 reddamus
2051 808 2172 862 ani-

586 928 726 966 mam
751 929 766 965 :
790 913 892 966 hoc
911 909 1054 965 enim
1079 908 1165 963 vel
1193 923 1298 962 uno
1325 901 1412 960 die
1439 903 1618 975 perﬁci
1649 911 1841 973 potest.
1869 899 2169 967 Quomodo,

583 1020 687 1073 qua
721 1001 964 1058 ratione?
1005 1001 1062 1056 Si
1091 998 1218 1070 quid
1253 999 1450 1052 habeas
1486 1003 1672 1050 contra
1702 993 1973 1047 inimicum
1997 1031 2012 1056 ,
2047 991 2172 1046 tolle

585 1095 739 1159 iram,
763 1093 968 1164 plagam
990 1091 1134 1145 illam
1159 1104 1308 1154 cura,
1337 1087 1483 1142 solve
1510 1084 1860 1146 inimicitiam,
1885 1092 1938 1137 ut
1963 1097 1992 1134 a
2018 1097 2172 1137 men-

583 1199 642 1236 sa
665 1182 924 1236 medelam
953 1181 1183 1250 accipias
1208 1199 1220 1232 :
1248 1179 1312 1232 ad
1342 1176 1666 1232 horrendum
1692 1174 1834 1229 enim
1857 1181 1911 1228 et
1929 1181 2170 1227 sanctum

582 1273 902 1328 sacriﬁcium
931 1272 1155 1326 accedis.
1190 1271 1497 1324 Revereare
1528 1266 1683 1336 hujus
1709 1265 1995 1320 oblationis
2013 1279 2172 1334 argu-

584 1375 844 1431 mentum,
877 1364 1086 1420 occisus
1121 1363 1268 1432 jacet
1295 1361 1560 1416 Christus.
1591 1359 1754 1428 Cujus
1780 1373 1907 1413 vero
1927 1371 2090 1412 causa
2118 1366 2173 1412 et

583 1471 752 1526 quare
771 1456 980 1510 occisus
1001 1453 1121 1509 est?
1148 1453 1220 1509 Ut
1242 1451 1551 1508 caelestibus
1577 1449 1735 1504 simul
1760 1457 1815 1504 et
1835 1449 2060 1503 terrenis
2080 1461 2173 1517 pa-

581 1564 700 1603 cem
731 1547 976 1613 afferret,
1007 1555 1066 1601 ut
1090 1557 1142 1600 te
1167 1545 1472 1613 angelorum
1503 1543 1662 1598 etiam
1693 1541 1922 1595 amicum
1951 1541 2167 1607 faceret,

583 1647 709 1694 utte
733 1655 853 1694 cum
879 1640 986 1693 Deo
1009 1637 1376 1692 universorum
1399 1633 1786 1700 reconciliaret,
1807 1641 1866 1687 ut
1885 1641 1937 1688 te
1961 1634 2169 1688 hostem

581 1741 636 1785 et
678 1729 1039 1785 adversarium
1080 1729 1310 1781 amicum
1354 1726 1576 1780 faceret.
1611 1725 1705 1780 Ille
1746 1725 1980 1778 animam
2017 1739 2170 1778 suam

582 1822 727 1876 dedit
751 1836 848 1891 pro
871 1819 954 1885 iis,
978 1820 1067 1890 qui
1093 1834 1151 1873 se
1170 1818 1429 1883 oderant;
1460 1827 1516 1871 tu
1543 1832 1668 1870 vero
1695 1815 2024 1870 inimicitiam
2052 1829 2169 1869 ser-

579 1927 676 1966 vas
717 1920 903 1966 contra
943 1909 1303 1964 conservum?
1346 1917 1400 1963 et
1442 1923 1548 1977 quo
1588 1916 1744 1976 pacto
1781 1907 1930 1961 adire
1971 1907 2170 1976 poteris

579 2019 819 2060 mensam
842 2004 1024 2074 pacis?
1048 2013 1103 2058 et
1134 2003 1224 2057 ille
1249 2017 1318 2057 ne
1343 2002 1479 2056 mori
1505 2000 1723 2070 quidem
1751 2015 1848 2070 pro
1879 2009 1931 2053 te
1951 2013 2168 2054 recusa-

581 2096 672 2158 vit,
705 2104 758 2148 tu
787 2110 915 2148 vero
952 2095 1082 2147 iram
1113 2107 1374 2148 conservo
1416 2092 1489 2145 tui
1521 2091 1687 2160 ipsius
1710 2104 1870 2144 causa
1896 2089 2171 2144 remittere

577 2188 804 2242 abnuis?
834 2201 998 2256 ecqua
1027 2185 1142 2240 haec
1179 2186 1332 2240 venia
1368 2184 1526 2254 digna
1556 2183 1722 2238 sunt?
1761 2183 1885 2236 Mihi
1914 2183 2168 2236 damnum

579 2277 776 2342 intulit,
810 2277 1018 2345 inquies
1042 2317 1057 2342 ,
1085 2284 1141 2330 et
1182 2275 1471 2329 admodum
1502 2289 1589 2328 me
1619 2275 1777 2328 laesit.
1817 2273 1886 2328 Et
1909 2273 2036 2340 quid
2063 2273 2168 2328 hoc

575 2367 691 2420 est?
720 2367 1071 2420 Pecuniarum
1099 2377 1182 2420 est
1210 2365 1461 2420 damnum
1493 2383 1506 2419 :
1540 2365 1777 2421 nondum
1805 2365 1949 2420 enim
1978 2365 2167 2420 vulne-

576 2459 713 2512 ravit
733 2459 873 2512 sicut
899 2458 1170 2512 Christum
1198 2457 1398 2524 ludas;
1428 2466 1662 2512 attamen
1693 2457 1806 2526 ipse
1831 2456 2165 2526 sanguinem,

574 2551 668 2619 qni
695 2549 900 2603 eiii-sus
923 2557 1028 2614 est,
1053 2548 1108 2602 in
1136 2548 1396 2618 ipsorum,
1427 2547 1518 2618 qui
1549 2547 1910 2606 effundebant.
1941 2546 2168 2601 salutem

573 2642 740 2697 dedit.
764 2642 900 2707 Quid
921 2641 1044 2696 huic
1065 2642 1141 2696 rei
1167 2639 1453 2711 pardicere
1473 2640 1688 2695 valeas?
1709 2640 1766 2695 Si
1781 2655 1887 2695 non
1903 2640 2169 2695 dimiseris

575 2736 808 2800 inimico,
830 2749 936 2788 non
959 2733 1105 2788 illum
1132 2733 1303 2798 lzcdis,
1330 2732 1423 2787 sed
1453 2733 1702 2804 teipsum.
1729 2733 1880 2788 illum
1905 2731 2168 2803 siquidem

573 2842 720 2898 smpe
752 2828 807 2882 in
856 2827 956 2882 hac
981 2827 1088 2882 vita
1133 2826 1355 2894 laesisti,
1401 2827 1628 2896 teipsum
1671 2842 1800 2881 vero
1833 2825 1984 2880 venia
2025 2824 2164 2879 indi-

574 2933 738 2986 gnum
768 2917 1084 2983 reddidisti,
1115 2917 1167 2972 in
1200 2919 1405 2973 actione
1432 2917 1596 2972 futuri
1619 2917 1828 2987 judicii.
1854 2915 1994 2972 Nihil
2022 2916 2164 2971 enim

574 3009 646 3062 ita
677 3008 814 3062 Deus
843 3009 955 3063 odit
982 3019 1040 3062 ut
1082 3009 1351 3064 hominem
1399 3007 1716 3077 injuriarum
1743 3022 2036 3063 memorem
2059 3050 2076 3073 ,
2108 3015 2167 3062 ut

573 3115 668 3156 cor
690 3109 900 3156 tumens
927 3111 980 3155 et
1008 3102 1243 3156 animum
1271 3104 1348 3156 ira
1374 3101 1670 3157 ardentem.
1697 3100 1836 3156 Audi
1863 3099 2019 3170 igitur
2036 3099 2164 3170 quid

570 3191 716 3246 dicat
751 3209 764 3245 :
792 3189 919 3246 Cum
945 3191 1182 3245 obtuleris
1208 3207 1393 3246 munus
1419 3202 1562 3245 tuum
1589 3192 1658 3245 ad
1691 3192 1853 3246 altare
1875 3233 1891 3258 ,
1921 3203 1967 3245 et
1996 3190 2065 3244 ibi
2083 3208 2164 3245 re-

569 3285 807 3338 cordatus
847 3285 1003 3354 fueris
1031 3285 1241 3339 adstans
1277 3285 1464 3350 altari,
1494 3285 1628 3353 quod
1653 3287 1810 3354 frater
1839 3294 1955 3336 tuus
1983 3283 2162 3336 habeat

569 3374 763 3445 aliquid
791 3375 1056 3429 adversum
1082 3386 1128 3428 te
1158 3391 1177 3430 :
1204 3375 1429 3444 relinque
1465 3391 1648 3428 ntunus
1692 3385 1830 3428 tuum
1868 3375 1935 3427 ad
1959 3374 2121 3428 altare
2142 3415 2158 3440 ,

568 3473 616 3516 et
653 3466 824 3520 abiens
860 3467 1187 3520 reconciliare
1233 3467 1381 3535 fratri
1428 3477 1514 3519 tuo
1536 3507 1552 3531 ,
1593 3478 1641 3520 et
1670 3475 1789 3519 tunc
1826 3466 1953 3532 θίγεν
1977 3481 2162 3537 manus

569 3567 714 3609 tuum
743 3556 973 3627 (Matth.
1018 3559 1073 3612 5.
1116 3557 1209 3612 25.
1238 3557 1367 3629 24).
1399 3557 1537 3624 Quid
1580 3559 1712 3613 dicis
1733 3601 1747 3625 ,
1780 3558 2158 3614 Dimittamne?

1281 348 1338 404 S.
1379 343 1656 402 JOANNIS
1690 333 2168 397 CHRYSOSTOMI
2210 333 2527 392 ARCIIIEP.
2568 328 3095 391 CONSTANTINOP.

2280 439 2474 506 Etiam,
2499 438 2690 508 inquit,
2717 437 2786 493 ob
2808 451 2993 508 pacem
3023 437 3166 493 enim
3196 451 3317 494 clm
3345 438 3505 496 fratre
3532 449 3625 496 tuo
3653 441 3751 498 hoc
3771 459 3850 500 ss-

2275 531 2531 586 crilicium
2550 529 2843 584 institutum
2863 539 2964 584 est.
2979 528 3033 584 Si
3065 529 3224 598 igitur
3247 530 3316 585 ob
3333 545 3515 600 pacem
3545 547 3668 587 cum
3700 534 3852 591 fratre

2277 629 2369 676 tuo
2393 620 2707 676 servandam
2746 621 2848 674 hoc
2877 618 3196 674 sacriﬁcium
3228 619 3525 676 institutum
3551 633 3658 690 est,
3687 632 3741 678 tu
3766 642 3848 680 au-

2277 721 2385 768 tem
2413 727 2598 782 pacem
2644 725 2751 765 non
2795 711 2898 765 iuis
2918 751 2932 776 ,
2965 711 3158 766 frustra
3189 713 3508 767 sacrificium
3533 716 3812 784 participas
3837 735 3851 772 :

2276 803 2461 858 inutile
2500 816 2726 872 namque
2766 801 2862 856 tibi
2903 801 3006 858 hoc
3042 817 3181 872 opus
3219 802 3466 858 efficitur.
3508 803 3648 860 lllud
3690 809 3856 878 itaque

2279 897 2506 966 primum
2539 894 2730 960 facito,
2767 911 2862 966 pro
2899 909 3006 965 quo
3049 895 3369 950 sacriﬁcium
3399 895 3641 952 oblatum
3669 909 3781 965 est,
3807 910 3858 956 et

2277 997 2404 1042 tunc
2430 988 2519 1041 illo
2549 985 2774 1057 pulchre
2813 987 3028 1041 frueris.
3071 985 3196 1042 ideo
3231 985 3509 1042 descendit
3541 987 3709 1044 Filius
3733 989 3856 1056 Dei,

2275 1089 2333 1134 ut
2355 1088 2596 1132 naturam
2621 1087 2858 1133 nostram
2884 1077 3109 1132 Domino
3133 1091 3232 1131 suo
3253 1079 3627 1134 reconciliaret
3655 1096 3668 1132 :
3693 1095 3856 1150 neque

2276 1172 2396 1227 ideo
2415 1172 2588 1225 solum
2610 1171 2774 1237 venit,
2792 1169 2888 1226 sed
2915 1170 3076 1224 etiam
3109 1178 3168 1224 ut
3195 1183 3315 1237 nas,
3348 1169 3395 1224 si
3419 1185 3534 1225 rem
3561 1169 3858 1240 hujusmodi

2274 1262 2593 1329 faceremus,
2620 1277 2732 1318 suae
2747 1261 3122 1332 appellationis
3147 1262 3430 1332 participes
3449 1259 3712 1316 efficeret.
3734 1260 3857 1316 Nam

2273 1354 2438 1421 Beati,
2468 1355 2656 1424 inquit,
2678 1353 2900 1425 paciﬁci,
2927 1353 3167 1418 quoniam
3189 1353 3287 1422 ipsi
3313 1351 3409 1421 ﬁlii
3433 1352 3530 1406 Dei
3562 1353 3860 1407 vocabuntur

2273 1447 2504 1519 (Matth.
2531 1447 2586 1502 5.
2613 1445 2701 1517 9).
2733 1445 2886 1512 Quod
2911 1445 3054 1499 enim
3082 1444 3208 1499 fecit
3230 1444 3532 1514 unigenitus
3562 1444 3726 1499 Filius
3752 1444 3856 1510 Dei,

2273 1541 2325 1595 id
2358 1550 2413 1594 tu
2445 1555 2540 1609 pro
2569 1539 2709 1593 virili
2739 1546 2828 1592 tua
2856 1536 3019 1591 facito
3041 1577 3055 1601 ,
3089 1545 3146 1590 ut
3172 1535 3318 1606 pacis
3345 1535 3663 1590 conciliator
3691 1544 3743 1589 et
3771 1535 3860 1589 tibi

2271 1633 2346 1687 sis
2375 1640 2430 1687 et
2449 1631 2591 1691 aliis.
2617 1629 2742 1686 ldeo
2781 1639 2834 1685 te
2862 1629 3137 1699 paciﬁcum
3159 1668 3174 1694 ,
3200 1628 3365 1682 ﬁlium
3396 1628 3489 1683 Dei
3515 1638 3674 1682 vocat
3703 1645 3718 1681 :
3748 1628 3860 1684 ideo

2273 1734 2516 1796 tempore
2541 1723 2792 1779 sacriﬁcii
2833 1721 3035 1777 nullum
3063 1719 3206 1775 aliud
3233 1727 3560 1790 praeceptum
3587 1728 3860 1786 memorat,

2271 1833 2429 1888 quam
2476 1817 2965 1872 reconciliationem
3002 1831 3127 1870 cum
3169 1813 3332 1870 fratre
3354 1855 3370 1880 ,
3404 1813 3700 1870 ostendens
3739 1814 3859 1868 illud

2270 1908 2510 1963 omnium
2556 1908 2844 1962 maximum
2886 1921 3027 1962 esse.
3077 1905 3328 1961 Volebam
3374 1905 3717 1976 prolixiorem
3772 1907 3859 1960 ha-

2270 1999 2398 2054 bere
2422 2013 2764 2064 sermonem,
2797 1998 2891 2053 sed
2933 1998 2997 2052 iis
3038 1997 3126 2068 qui
3166 1995 3268 2051 sibi
3304 1994 3590 2050 attendunt
3617 1995 3731 2052 haec
3755 1996 3859 2052 sola

2271 2089 2564 2152 sufﬁciunt,
2597 2089 2642 2142 si
2665 2088 2978 2144 memoriam
3007 2087 3284 2142 retineant.
3315 2084 3516 2140 Horum
3545 2085 3755 2156 itaquc‘,
3780 2085 3859 2140 di-

2272 2182 2430 2248 lecti,
2467 2182 2750 2236 verborum
2794 2196 3007 2250 seraper
3044 2178 3419 2244 recordemur,
3464 2193 3569 2234 nec
3610 2193 3715 2234 non
3745 2192 3858 2233 san—

2271 2284 2480 2328 ctorum
2534 2275 2879 2339 osculorum,
2922 2274 3290 2344 tremendique
3339 2274 3622 2346 amplexus
3646 2315 3662 2342 ,
3705 2288 3855 2343 quem

2276 2377 2464 2423 mutuo
2481 2367 2698 2422 damus.
2745 2366 2858 2422 Hoc
2883 2366 3081 2436 quippe
3125 2367 3332 2420 animas
3359 2367 3581 2436 colligat
3620 2374 3854 2430 nostras,

2274 2469 2330 2516 ct
2356 2475 2547 2516 omnes
2585 2475 2751 2514 unum
2791 2475 2986 2530 corpus
3026 2458 3230 2523 efficit,
3261 2458 3694 2530 quandoquidem
3723 2455 3858 2512 etde

2276 2569 2382 2608 uno
2408 2568 2634 2623 corpore
2663 2568 2852 2608 omnes
2893 2553 3294 2622 participamus.
3333 2551 3440 2608 Nos
3465 2567 3600 2621 ergo
3628 2551 3680 2606 in
3704 2565 3855 2605 unum

2273 2655 2328 2700 et
2359 2645 2499 2699 idem
2544 2660 2740 2714 corpus
2778 2645 3148 2700 coalescamus
3180 2659 3194 2698 :
3226 2660 3330 2698 non
3373 2659 3604 2713 corpora
3642 2642 3854 2698 commi-

2273 2749 2504 2799 scentes,
2537 2737 2632 2791 sed
2660 2737 2872 2790 animas
2900 2747 3087 2790 mutuo
3114 2736 3350 2790 caritatis
3376 2735 3592 2790 vinculo
3617 2734 3856 2805 copulan-

2273 2840 2372 2885 tes.
2397 2829 2486 2884 Sic
2503 2830 2796 2898 poterimus
2815 2829 2916 2884 hac
2935 2845 3119 2885 mensa
3143 2844 3265 2885 cum
3286 2829 3477 2884 ﬁducia
3496 2830 3636 2883 frui:
3659 2826 3856 2883 etiamsi

2271 2925 2414 2975 enim
2443 2921 2717 2975 sexcentis
2744 2919 3082 2976 abundemus
3114 2919 3336 2990 iustitia:
3377 2920 3654 2990 operibus,
3691 2920 3737 2974 si
3777 2917 3854 2972 in-

2269 3013 2529 3081 jnriarum
2563 3013 2877 3068 memoriam
2914 3013 3267 3080 retineamus,
3292 3011 3472 3066 omnia
3501 3010 3559 3066 in
3590 3025 3780 3065 vanum
3805 3017 3854 3063 et

2271 3104 2466 3159 frustra
2495 3103 2726 3170 cedunt,
2759 3119 2824 3159 ac
2851 3104 3058 3158 nullum
3100 3103 3224 3159 inde
3263 3103 3495 3158 fructum
3530 3103 3605 3158 ad
3641 3102 3852 3158 salutem

2269 3210 2560 3263 excerpere
2586 3195 2897 3265 poterimus.
2928 3195 3054 3250 Hanc
3083 3195 3259 3265 itaque
3285 3194 3466 3260 docti,
3498 3209 3718 3249 onmem
3754 3191 3852 3248 sol-

2269 3300 2456 3339 vamus
2487 3286 2641 3351 iram,
2672 3295 2999 3356 purgataque
3022 3286 3368 3352 conscientia,
3399 3300 3522 3340 cum
3547 3292 3850 3340 mansuetu-

2268 3375 2392 3430 dine
2429 3385 2483 3431 et
2519 3376 2782 3432 modestia
2816 3379 2964 3432 omni
2994 3377 3311 3433 accedamus
3336 3377 3402 3431 ad
3433 3393 3676 3433 mensam
3700 3375 3849 3432 Chri-

2268 3467 2357 3533 sti,
2381 3482 2502 3521 cum
2534 3482 2640 3537 quo
2667 3467 2808 3522 Patri
2831 3468 3021 3538 gloria,
3052 3468 3244 3535 honor,
3276 3469 3583 3539 imperium,
3609 3483 3710 3523 una
3735 3481 3848 3522 cum

2268 3568 2454 3614 sancto
2483 3558 2707 3629 Spiritu,
2738 3576 2880 3615 nunc
2901 3571 2956 3616 et
2975 3576 3209 3632 semper,
3241 3572 3348 3617 etc.

571 3810 633 3854 IN
677 3811 947 3856 DIVINAM
990 3811 1072 3852 ET
1113 3809 1432 3854 MYSTICAM
1477 3810 1726 3855 COENAM
1769 3810 2175 3868 SALVATORIS,
2219 3811 2300 3854 ET
2341 3813 2425 3854 DE
2469 3813 2854 3856 PRODITIONE
2896 3815 3076 3857 JUDE
3107 3817 3122 3855 ε
3156 3815 3222 3858 IN
3265 3815 3501 3858 PASCHA
3546 3816 3729 3872 ITEM,
3773 3813 3846 3856 ET

646 3909 712 3952 IN
756 3909 1296 3954 DISPENSATIONEM
1335 3910 1713 3958 .DIVINOBUM
1754 3909 2239 3968 MYSTERIOBUH,
2284 3913 2366 3955 ET
2409 3913 2492 3955 DE
2535 3914 2874 3959 OBLIVIONE
2944 3914 3363 3961 INJURIABUM.
3437 3918 3677 3962 ΗΔΒῙΤΔ
3743 3917 3843 3960 EST

647 4010 916 4053 HOMILIA
959 4011 1021 4053 IN
1067 4009 1302 4053 SANCTA
1337 4011 1417 4051 ET
1445 4011 1666 4055 HAGNA
1692 4011 1887 4054 FERIA
1915 4009 2176 4062 QUINTA.

1190 4127 1414 4165 llOMlLlA
1449 4126 1511 4169 Il.

639 4205 692 4258 I.
722 4202 888 4256 Iudas
916 4204 1083 4273 potius
1106 4219 1258 4275 quam
1297 4201 1470 4267 Iesus,
1499 4211 1546 4257 et
1579 4204 1854 4274 generatim
1878 4244 1894 4269 ,
1936 4203 2070 4258 male
2094 4220 2157 4258 a-

568 4308 736 4368 gentes
761 4299 926 4367 potius
947 4312 1109 4366 quam
1129 4295 1274 4351 mala
1289 4296 1435 4368 passi
1451 4296 1658 4366 lugendi
1692 4307 1830 4351 sunt.
1880 4327 1951 4337 —
1985 4295 2150 4352 Vole-

571 4389 716 4453 bam,
749 4386 950 4454 dilecti,
971 4388 1039 4443 de
1061 4388 1361 4459 patriarcha
1389 4403 1575 4442 rursus
1599 4403 1902 4443 sermonem
1931 4387 2147 4453 habere,

567 4485 624 4530 et
652 4476 776 4530 inde
806 4478 956 4532 vobis
1007 4477 1285 4546 spirituale
1333 4478 1636 4533 convivium
1691 4493 1962 4549 apponere
2009 4478 2152 4534 :sed

570 4567 813 4635 ingratus
855 4567 1141 4636 proditoris
1171 4569 1380 4624 animus
1423 4569 1488 4624 ad
1538 4569 1676 4624 illius
1724 4570 2152 4641 pertractandum

566 4657 770 4712 facinus
799 4659 1033 4729 linguam
1056 4669 1290 4714 nostram
1309 4661 1588 4730 pertrahit,
1614 4671 1670 4717 et
1695 4661 1803 4718 diei
1827 4664 2150 4734 opportuni-

564 4762 669 4818 tas,
698 4760 757 4806 ut
775 4750 844 4806 de
869 4752 1070 4806 insania
1100 4753 1317 4807 sceleris
1341 4752 1458 4822 ejus
1499 4767 1716 4824 agamus
1738 4796 1753 4821 ,
1781 4771 1880 4809 nos
1903 4755 2152 4811 cohorta-

564 4853 673 4898 tur.
705 4843 876 4900 Hodie
919 4845 1118 4916 quippe
1159 4844 1417 4900 Dominus
1464 4853 1648 4900 noster
1672 4845 1829 4900 Jesus
1851 4845 2094 4901 Christus
2118 4862 2150 4903 a

567 4937 784 5005 proprio
798 4936 1060 5006 discipulo
1073 4935 1380 4991 Iudaeorum
1407 4937 1654 4992 manibus
1671 4937 1896 4993 traditus
1915 4945 2019 4992 est.
2042 4936 2150 4993 Ve-

565 5042 682 5080 rum
712 5037 766 5080 tu
810 5027 910 5082 hoc
938 5027 1159 5083 audiens
1181 5069 1198 5095 ,
1228 5028 1505 5083 carissime
1523 5068 1539 5094 ,
1570 5044 1636 5082 ne
1659 5028 1826 5083 tristis
1851 5039 1970 5084 esto
1991 5069 2007 5095 ,
2047 5043 2148 5083 nec

565 5117 804 5185 graviter
833 5117 994 5185 feras,
1028 5119 1169 5187 quod
1199 5119 1454 5173 Dominus
1485 5120 1706 5174 traditus
1754 5121 1823 5173 sit
1855 5137 1868 5172 :
1900 5119 2008 5174 imo
2053 5133 2150 5188 po—

569 5209 671 5262 tius
701 5208 987 5277 ingemisce
1028 5219 1082 5264 et
1124 5211 1177 5264 in
1215 5208 1370 5265 ﬂetus
1394 5225 1638 5280 erumpe,
1670 5225 1776 5264 non
1802 5210 1872 5265 ob
1897 5209 2146 5264 traditum

563 5298 770 5366 Iesum,
797 5299 889 5354 sed
909 5300 978 5353 ob
1009 5301 1316 5355 traditorem
1344 5301 1556 5357 Iudam.
1579 5302 1710 5356 Nam
1733 5301 1956 5356 traditus
1991 5300 2146 5356 Jesus

563 5392 822 5446 mundum
851 5393 1102 5459 servavit,
1124 5394 1364 5462 proditor
1387 5411 1517 5449 vero
1545 5394 1708 5449 Judas
1738 5395 1968 5449 animam
1994 5407 2146 5448 suam

563 5485 825 5554 perdidit;
856 5485 1093 5554 proditus
1114 5486 1271 5542 Jesus
1309 5488 1373 5542 ad
1405 5487 1678 5544 dexteram
1715 5488 1888 5544 Patris
1915 5488 2066 5544 sedet
2091 5489 2145 5543 in

560 5577 726 5640 cmlis,
753 5579 992 5647 proditor
1018 5579 1181 5634 Judas
1208 5581 1258 5634 in
1292 5581 1497 5636 inferno
1525 5596 1667 5635 nunc
1693 5591 1792 5646 est,
1809 5590 1967 5650 atque
1995 5580 2146 5635 inde-

566 5670 827 5730 precabile
847 5682 1212 5741 :eternumque
1233 5682 1505 5742 exspectat
1532 5672 1869 5742 supplicium.
1914 5672 2038 5726 ldco
2066 5671 2147 5726 iu-

562 5757 795 5820 gemisce
817 5801 831 5828 ,
864 5760 984 5816 ideo
1016 5762 1067 5816 in
1120 5763 1274 5820 ﬂetus
1313 5779 1533 5834 erumpe
1565 5781 1579 5818 :
1611 5763 2037 5834 quandoquidem
2088 5773 2142 5820 et

2268 4205 2383 4275 ipse
2399 4204 2655 4259 Dominus
2681 4214 2863 4260 uoster
2887 4205 3044 4260 Jesus
3065 4205 3308 4261 Christus
3324 4205 3509 4262 videns
3525 4205 3554 4262 J
3559 4207 3714 4263 udam
3739 4216 3842 4261 tur-

2266 4295 2423 4350 batus
2439 4305 2522 4350 est
2537 4308 2590 4350 et
2616 4294 2780 4351 ﬂevit.
2832 4295 3020 4350 Videns
3047 4297 3191 4351 enim
3221 4313 3334 4350 eum
3362 4338 3376 4360 ,
3417 4297 3606 4367 inquit,
3631 4297 3842 4351 turbatus

2260 4399 2353 4454 est,
2382 4397 2430 4441 et
2453 4387 2582 4442 dixit
2605 4430 2620 4454 ,
2659 4387 2802 4443 Unus
2831 4399 3047 4442 vestrum
3078 4389 3239 4442 tradet
3265 4405 3344 4442 me
3373 4389 3392 4456 (
3433 4389 3593 4444 Joan.
3630 4391 3712 4444 15.
3730 4388 3834 4450 2|).

2263 4481 2441 4546 Quare
2471 4479 2714 4534 turbatus
2733 4480 2860 4534 est?
2885 4479 3137 4548 Cogitaus
3171 4481 3392 4544 scilicet,
3423 4496 3542 4534 eum
3573 4491 3694 4551 post
3729 4488 3836 4533 tau-

2261 4583 2369 4627 tam
2408 4571 2748 4638 doctrinam,
2781 4581 2902 4642 post
2941 4582 3046 4626 tam
3097 4573 3295 4627 multas
3321 4572 3722 4628 adhortationes
3743 4613 3757 4638 ,
3785 4571 3834 4624 iu

2215 4678 2221 4684 ’
2259 4675 2516 4736 quantum
2543 4679 2666 4720 sese
2687 4665 3038 4734 prmcipitium
3064 4676 3265 4737 ageret,
3297 4683 3402 4722 non
3431 4669 3832 4738 presentisccre.

2259 4758 2460 4814 Videas
2485 4758 2644 4829 igitur
2667 4757 2924 4813 Dominus
2945 4757 3190 4829 discipuli
3216 4759 3514 4827 insaniam,
3542 4769 3598 4815 et
3635 4758 3835 4816 miseri-

2255 4847 2438 4904 cordia
2470 4849 2523 4904 in
2553 4865 2676 4905 eum
2697 4858 2893 4915 motus,
2912 4847 3155 4906 turbatus
3181 4859 3263 4906 est
3287 4860 3343 4906 et
3372 4850 3538 4906 flevit.
3565 4851 3680 4907 Hoc
3703 4850 3834 4906 enim

2258 4938 2402 4993 ultro
2428 4940 2671 5008 citroque
2696 4947 2998 4993 memorant
3032 4941 3369 5010 evangelista
3391 4981 3408 5005 ,
3449 4951 3509 4996 ut
3535 4939 3833 4997 oeconomia:

2256 5029 2464 5084 veritati
2493 5029 2652 5084 ﬁdem
2694 5030 2909 5085 faciant.
2958 5030 3226 5087 Turbatus
3251 5031 3431 5102 itaque
3470 5043 3555 5089 est
3593 5033 3833 5088 Dominus

2253 5120 2498 5189 discipuli
2545 5121 2783 5177 animum
2811 5137 3152 5191 summopere
3195 5123 3461 5193 ingratum
3500 5126 3734 5192 intuitus,
3778 5131 3831 5176 ut

2256 5227 2356 5268 nos
2376 5211 2572 5267 doceat
2601 5213 2720 5267 illos
2762 5213 2996 5268 maxime
3037 5213 3295 5283 lugendos
3338 5229 3458 5270 esse
3487 5217 3579 5286 qui
3617 5215 3752 5269 male
3773 5227 3829 5264 a-

2252 5314 2406 5374 gunt,
2445 5321 2552 5360 non
2601 5316 2782 5360 autem
2833 5321 2928 5360 eos
2965 5306 3056 5375 qui
3091 5307 3228 5360 mala
3259 5307 3549 5374 patiuntur.
3595 5308 3721 5362 Nam
3746 5303 3826 5376 qui

2255 5394 2452 5462 injusta
2475 5405 2528 5449 et
2573 5395 2786 5465 indigna
2839 5396 3145 5465 patiuntur,
3176 5397 3321 5467 digni
3365 5397 3546 5467 potius
3583 5407 3702 5453 sunt
3745 5394 3826 5465 qui

2253 5485 2394 5541 beati
2458 5489 2835 5556 prmdicentur.
2891 5489 3225 5558 Quapropter
3272 5489 3484 5546 dicebat
3526 5491 3762 5546 Christus
3811 5502 3823 5540 :

2250 5577 2397 5633 Beati
2423 5579 2509 5650 qui
2540 5582 2979 5650 persequutionent
3026 5585 3292 5651 patiuntur
3336 5594 3543 5654 propter
3559 5583 3822 5654 justitiam,

2249 5670 2486 5740 quoniam
2512 5671 2736 5739 ipsorum
2759 5681 3052 5742 estregnum
3080 5673 3320 5727 αξιοι-ωτι
3337 5672 3550 5740 (Matth.
3569 5669 3822 5743 5.l0).Vi-

2249 5763 2369 5820 den‘
2394 5771 2651 5837 quantum
2675 5780 2796 5822 esse
2825 5767 3030 5821 lucrum
3069 5766 3299 5823 ostendit
3333 5783 3520 5823 eorum
3545 5809 3559 5834 ,
3589 5767 3671 5836 qui
3698 5764 3821 5818 male
