4100 6422
524 340 631 397 383

522 452 691 520 εδειξε
731 451 842 505 τῶν
876 450 1063 513 κακῶς
1089 447 1436 519 πασχόντωνς
1474 445 1646 499 Βλέπε
1677 446 1839 500 πάλιν
1868 445 2105 516 ἀλλαχοῦ

521 537 632 593 τῶν
672 535 857 600 κακῶς
909 532 1204 587 ποιούντων
1251 531 1351 601 τὴν
1403 530 1779 600 ἀπαραίτητον
1809 529 2111 600 τιμωρίαν·

522 620 687 674 ἄκουε
735 618 830 671 τοῦ
879 616 1150 687 μακαρίου
1211 613 1424 667 Παύλου
1476 612 1757 679 λέγοντος·
1800 611 1984 680 Ὑμεῖς
2020 611 2111 672 δὲ,

521 702 791 770 ἀδελφοὶ,
812 698 1061 769 μιμηταί
1099 697 1421 766 ἐγενήθητε
1450 695 1570 749 τῶν
1610 693 1983 763 Ἐκκλησιῶν
2005 694 2114 749 τοῦ

522 785 671 840 Θεοῦ
690 782 807 837 τῶν
834 780 1037 836 οὐσῶν
1062 780 1131 833 ἐν
1162 778 1233 846 τῇ
1263 779 1546 845 Ἰουδαίᾳ,
1578 777 1668 831 ὅτι
1702 776 1774 831 τὰ
1803 778 1955 834 αὐτὰ
1976 776 2116 830 ἑπάο

521 869 652 920 οετε
680 865 777 918 καὶ
799 864 961 930 ὑμεῖς
988 863 1107 918 ὑπὸ
1145 861 1261 915 τῶν
1278 860 1444 915 ιδίων
1462 858 1887 930 συμφυλετῶν,
1916 857 2114 924 καθὼς

520 950 617 1003 καὶ
660 948 831 1002 αὐτοὶ
875 947 993 1001 ὑπὸ
1027 945 1147 999 τῶν
1178 944 1495 1007 Ἰουδαίων,
1547 945 1666 997 τῶν
1713 944 1811 997 καὶ
1854 944 1961 996 τόν
1995 942 2115 995 Κύ-

515 1049 650 1100 ριον
703 1028 1186 1085 ἀποκτεινάντων
1244 1027 1511 1094 Ἰησοῦν,
1572 1027 1668 1080 καὶ
1720 1027 1856 1092 τοὺς
1921 1025 2112 1092 ἰδίους

518 1114 850 1184 προφήτας,
874 1114 973 1167 καὶ
1000 1112 1361 1166 κωλυόντων
1380 1110 1556 1179 ἡμᾶς.
1581 1109 1738 1179 φησὶ,
1764 1109 1888 1175 τοῖς
1908 1110 2112 1163 ἔθνεσι

518 1196 808 1265 λαλῆσαι,
837 1197 938 1249 ἵνα
966 1193 1266 1257 σωθῶσιν,
1311 1196 1394 1260 είς
1438 1192 1504 1246 τὸ
1527 1190 1963 1259 ἀναπληρῶσαι
2004 1192 2113 1243 αὺ-

518 1278 638 1333 τῶν
664 1280 769 1345 τὰς
799 1278 1088 1348 ἁμαρτίας
1106 1294 1121 1307 ·
1156 1276 1387 1346 ἔφθασε
1420 1274 1488 1328 δὲ
1520 1276 1611 1327 ἐπ’
1638 1275 1859 1340 αὐτοὺς
1889 1276 1927 1341 1}
1962 1272 2109 1343 ὀργὴ

518 1364 626 1417 τοῦ
663 1362 812 1418 Θεοῦ
850 1365 939 1427 εἰς
982 1360 1178 1426 τέλος.
1232 1357 1407 1423 Εἶδες,
1457 1359 1540 1412 ὅτι
1590 1358 1834 1420 ἐκείνους
1876 1357 2109 1427 μάλιστα

516 1446 724 1500 δίκαιον
752 1448 971 1517 θρηνεῖν
1013 1446 1107 1497 καὶ
1152 1443 1446 1496 κόπτεσθαι
1480 1444 1604 1505 τοὺς
1640 1438 2107 1505 κακοποιοῦνταςς

516 1529 617 1582 Διά
651 1526 808 1581 τοῦτο
844 1528 939 1580 καὶ
989 1527 1021 1578 6
1067 1525 1450 1596 φιλάνθρωπος
1493 1524 1769 1594 Δεσπότης
1816 1523 1960 1595 ὁρῶν
2012 1521 2108 1574 τοῦ

522 1610 765 1681 μαθητοῦ
801 1610 900 1679 τὴν
948 1609 1173 1678 τόλμαν,
1207 1607 1533 1677 ἐταράττετο
1561 1608 1656 1659 καὶ
1687 1606 1937 1677 ἐδάκρυε,
1955 1603 2106 1677 [587]

512 1694 619 1764 τὴν
671 1694 799 1762 περὶ
839 1691 931 1744 τὸν
969 1690 1214 1761 μαθητὴν
1259 1689 1602 1759 συμπάθειαν
1644 1687 2106 1759 ἐπιδεικνύμενος,

518 1776 612 1829 καὶ
640 1775 854 1837 δεικνὺς
884 1774 1047 1827 αὐτοῦ
1089 1773 1188 1843 τῆς
1235 1770 1645 1843 φιλανθρωπίας
1670 1772 1729 1824 τὸ
1754 1771 2002 1840 μέγεθος,
2025 1770 2108 1823 ὅτι

517 1859 611 1913 καὶ
641 1858 835 1928 μέχρις
854 1857 1022 1927 αὐτῆς
1053 1860 1149 1928 τῆς
1182 1855 1472 1929 προδοσίας
1497 1856 1599 1909 οὐκ
1624 1854 1857 1908 ἐπαύετο
1882 1853 1981 1924 τῆς
2011 1851 2106 1905 τοῦ

519 1939 764 2011 μαθητοῦ
807 1938 1144 2011 διορθώσεως
1190 1938 1605 2009 προνοούμενος.
1642 1937 1742 1991 Διά
1785 1936 1972 1991 τοῦτον
2013 1931 2108 1990 οῦν

513 2024 782 2095 δάκρυσον
823 2022 1020 2093 πικρὸν
1066 2024 1162 2075 καὶ
1222 2022 1477 2087 στέναξον
1515 2021 1737 2091 μᾶλλον,
1772 2020 1896 2073 ἐπεὶ
1945 2019 2039 2072 καὶ
2077 2019 2108 2071 6

514 2107 791 2177 Δεσπότης
815 2107 882 2159 δι’
903 2108 1109 2159 ἐκεῖνον
1131 2105 1415 2177 ἠθύμησεν
1433 2120 1446 2133 ·
1483 2103 1810 2172 Ὲταρὰχθη
1856 2101 1985 2170 7&9,
2009 2117 2112 2171 φη.

516 2191 621 2257 σὶν,
653 2194 686 2244 ό
718 2189 961 2257 Ἰησοῦς
985 2189 1082 2244 καὶ
1107 2190 1308 2243 εἶπεν·
1343 2184 1449 2255 Εἷς
1470 2188 1541 2253 ἐξ
1570 2187 1737 2257 ὑμῶν
1765 2184 2108 2254 παραδώσει

512 2292 604 2346 με.
632 2276 697 2327 Ὦ
726 2275 864 2344 πόση
887 2273 1281 2345 εὐσπλαγχνία,
1310 2274 1454 2345 πόση
1494 2273 1767 2341 άγαθότης
1795 2271 2101 2325 Δεσπότουι

511 2362 540 2413 6
576 2358 855 2429 προδοθεὶς
877 2358 1019 2429 ὑπὲρ
1047 2357 1142 2410 τοῦ
1183 2357 1443 2428 προδότου
1474 2357 1649 2425 ἀλγεῖ.
1674 2357 1849 2428 Ὀρῶν
1870 2356 1980 2425 γάρ
2008 2356 2108 2408 αύ-

509 2444 603 2497 τὸν
635 2443 960 2513 ἐπιμένοντα
988 2443 1055 2511 τῇ
1090 2441 1348 2512 πονηρίᾳ,
1388 2439 1722 2509 Ἐταρὰχθη
1770 2440 1869 2493 καὶ
1900 2439 2103 2493 εἶπεν·

513 2523 620 2591 Εἷς
643 2525 714 2588 ἐξ
745 2522 915 2593 ὑμῶν
947 2522 1287 2590 παραδώσει
1312 2540 1411 2590 με.
1451 2522 1673 2585 Σκόπει,
1715 2521 1854 2591 πόση
1894 2537 2105 2591 μακρο-

511 2609 712 2679 θυμίαῑ
749 2608 891 2678 πόση
942 2605 1355 2677 φιλανθρωπίαι
1388 2605 1506 2669 πῶς
1536 2605 1776 2674 φείδεται
1801 2602 1897 2656 τοῦ
1927 2603 2108 2672 ἀγνώ-

515 2708 697 2761 μονος,
737 2692 831 2743 xal
873 2689 933 2742 οὐ
982 2688 1229 2760 βούλεται
1271 2689 1435 2742 αὑτὸν
1477 2688 1832 2757 ἀναίσχυντον
1869 2686 2107 2757 ἐργάσα-

513 2773 656 2831 σθαι.
689 2773 823 2827 ἀλλά
871 2773 1081 2835 πάντας
1120 2774 1199 2834 είς
1235 2772 1437 2825 δειλίαν
1479 2773 1664 2839 ἐνάγει
1700 2770 1827 2832 τοὺς
1857 2769 2104 2841 μαθητὰς

510 2859 606 2912 καὶ
644 2857 970 2925 ἐναγωνίους
1003 2856 1165 2914 ποιεῖ,
1196 2858 1333 2925 πρὸς
1365 2855 1424 2908 τὸ
1454 2855 1710 2925 ἀφορμήν
1748 2871 1870 2906 τινα
1911 2853 2104 2925 ἐκείνῳ

510 2943 812 3012 παρασχεῖν
848 2939 943 2992 τοῦ
985 2939 1327 3010 μεταγνῶναι
1366 2938 1467 3007 τῆς
1511 2937 1744 3009 μανίαςί
1790 2937 1926 2990 Ἀλλ’
1972 2938 2103 2991 ὅταν

508 3025 835 3096 ἀναίσθητος
857 3023 1144 3094 γένηταιὴ
1183 3022 1330 3093 ψυχὴ
1372 3023 1445 3093 μὴ
1478 3022 1741 3094 δεχομένη
1774 3022 1866 3076 τὸν
1903 3022 2103 3091 σπόρον

507 3108 607 3179 τῆς
650 3107 951 3171 εὐσεϐείας,
980 3107 1040 3159 οὐ
1078 3107 1398 3177 παραίνεσιν
1419 3106 1650 3175 δέχεται,
1675 3106 1737 3158 ού
1770 3105 2098 3177 συμϐουλὴν,

507 3193 644 3246 ἀλλὰ
698 3191 1031 3245 σκοτωθείσα
1069 3191 1175 3244 ὑπὸ
1237 3189 1331 3244 τοῦ
1389 3189 1596 3252 πάθους
1647 3188 1789 3243 κατά
1840 3188 2102 3260 κρημνῶν

506 3276 724 3330 ἄπεισι·
748 3275 939 3346 διόπερ
974 3273 1097 3327 οὔτε
1137 3266 1293 3336 οὗτος
1324 3273 1581 3345 ἐκέρδανέ
1615 3289 1667 3324 τι
1691 3273 1756 3324 ἐκ
1783 3271 1881 3340 τῆς
1902 3270 2101 3324 τοσαύ-

505 3375 606 3430 της
661 3356 1059 3429 μακροθυμίας.
1107 3353 1212 3423 Εἷς
1261 3357 1332 3421 ἐξ
1392 3355 1561 3424 ὑμῶν
1615 3354 1956 3423 παραδώσει
2000 3372 2099 3424 με,

507 3443 661 3511 φησί.
694 3442 850 3504 Τίνος
894 3440 1082 3493 ἐνεκεν
1118 3438 1396 3511 ἐταράχθη
1438 3440 1529 3492 καὶ
1574 3437 1887 3509 ὴθύμησεν;
1933 3437 2098 3508 Ὀμοῦ

505 3526 602 3577 καὶ
629 3525 729 3594 τὴν
759 3522 1142 3593 φιλοστοργίαν
1168 3523 1267 3591 τὴν
1294 3520 1490 3574 ἐαυτοῦ
1522 3519 1983 3590 ἐπιδεικνύμενος,
2004 3520 2100 3574 καὶ

504 3608 772 3661 διδάσκων
815 3606 993 3676 ἡμᾶς,
1039 3605 1121 3657 ὅτι
1159 3603 1402 3665 ἐκείνους
1446 3602 1680 3673 μάλιστα
1728 3603 1807 3655 δεῖ
1857 3602 2097 3674 θρηνεῖν,

504 3693 632 3753 τοὺς
663 3689 851 3751 κακῶς
886 3687 964 3758 τῷ
996 3686 1224 3757 πλησίον
1268 3686 1794 3758 κατεργαζομένους.
1835 3687 1945 3740 Kal
1987 3687 2097 3759 7&9

505 3778 704 3828 ἐκεῖνοι
733 3772 854 3826 καθ’
886 3772 1093 3826 ἑαυτῶν
1117 3772 1218 3843 τὴν
1266 3772 1435 3841 ὀργὴν
1469 3771 1853 3841 ἐπιφέρουσιν·
1884 3771 2004 3842 οὐχὶ
2039 3771 2096 3825 δὲ

503 3858 596 3910 τὸν
628 3858 904 3926 πάσχοντα
941 3855 1149 3919 κακῶς,
1176 3853 1313 3907 ἀλλά
1351 3853 1441 3907 τὸν
1488 3852 1746 3907 ποιοῦντα
1770 3854 1934 3916 κακά,
1966 3854 2095 3907 τοῦ·

503 3957 597 3993 τον
649 3939 867 4012 θρηνεῖν
912 3937 1189 4009 πανταχοῦ
1236 3938 1463 3994 δίκαιον.
1496 3937 1571 3991 Τὸ
1616 3937 1717 4009 μὲν
1759 3937 1868 4009 γάρ
1907 3939 2096 4003 κακῶς

504 4022 719 4087 παθεῖν,
744 4023 843 4095 τὴν
892 4021 1171 4092 βασιλείαν
1209 4023 1339 4092 ἡμῖν
1380 4019 1491 4074 τῶν
1526 4020 1773 4093 οὐρανῶν
1810 4020 2089 4092 προξενεῖ·

501 4107 563 4159 τὸ
590 4107 645 4159 δέ
671 4105 854 4169 κακῶς
881 4103 1103 4175 ποιῆσαί
1131 4121 1235 4156 τινι
1261 4105 1431 4158 αἴτιον
1452 4106 1583 4176 ημῖν
1620 4103 1720 4174 τῆς
1748 4104 1972 4176 γεέννης
1997 4107 2091 4158 καὶ

500 4191 602 4260 τῆς
630 4190 901 4252 κολάσεως
928 4189 1156 4259 γίνεται.
1190 4187 1481 4256 Μακάριοι
1517 4187 1646 4260 γὰρ,
1681 4189 1864 4259 φησὶν,
1899 4190 1956 4241 οὶ
1992 4188 2089 4243 δε-

502 4273 811 4344 διωγμένοι
838 4273 1046 4327 ἕνεκεν
1072 4272 1483 4339 δικαιοσύνης.
1537 4273 1719 4343 Ὁρᾷς.
1747 4272 1865 4336 πῶς
1899 4272 1962 4325 τὸ
1993 4290 2092 4326 κα-

502 4359 616 4424 κῶς
645 4358 839 4412 παθεῖν
868 4357 980 4428 ἐχει
1010 4356 1200 4428 μισθὸν
1239 4357 1335 4411 καὶ
1378 4355 1631 4419 ἔπαθλον,
1664 4355 1764 4428 τὴν
1789 4356 1897 4411 τῶν
1925 4358 2092 4429 ούρα-

502 4442 611 4498 νῶν
637 4442 912 4513 βασιλείαν
935 4458 950 4507 ;
981 4442 1247 4494 ’Ἄκουσον
1286 4441 1401 4504 πῶς
1427 4442 1520 4495 καὶ
1560 4441 1622 4494 τὸ
1651 4441 1837 4506 κακῶς
1864 4440 2090 4512 ποιῆσαι

502 4526 723 4579 κόλασιν
770 4524 925 4594 φέρει
970 4524 1065 4578 καὶ
1110 4525 1399 4595 τιμωρίαν.
1441 4523 1626 4578 Εἰπὼν
1664 4523 1773 4596 γὰρ
1815 4527 1844 4579 6
1878 4525 2088 4591 Παῦλος

501 4609 635 4681 περὶ
664 4607 773 4662 τῶν
805 4606 1098 4669 Ἰουδαίων,
1119 4605 1203 4659 ὃτι
1243 4606 1337 4659 τὸν
1382 4605 1585 4678 Κύριον
1617 4608 1962 4672 ἀπέκτειναν,
1993 4610 2088 4665 καὶ

498 4693 627 4754 τοὺς
672 4690 959 4762 προφήτας
1001 4687 1249 4755 ἐδίωξαν,
1295 4689 1599 4759 ἐπήγαγεν·
1645 4684 1761 4746 Ὧν
1803 4691 1871 4746 τό
1912 4692 2089 4758 τέλος

497 4774 632 4832 ἐστι
664 4772 816 4831 κατὰ
841 4772 910 4828 τὰ
933 4774 1079 4843 ἔργα
1103 4769 1322 4827 αὐτῶν.
1350 4767 1501 4837 Είδες
1527 4773 1644 4839 πῶς
1675 4776 1724 4828 οἱ
1759 4775 1859 4846 μέν
1896 4774 2087 4830 διωκό-

502 4874 656 4928 μενοι
704 4858 805 4929 τὴν
831 4856 1105 4928 βασιλείαν
1128 4855 1237 4910 τῶν
1258 4854 1507 4929 οὐρανῶν
1534 4855 1919 4929 λαμδάνουσιν·
1949 4860 2001 4915 οί
2027 4860 2086 4916 δέ

497 4939 801 5005 διώκοντες,
827 4940 925 5012 τὴν
952 4938 1046 4994 τοῦ
1075 4939 1210 4994 Θεοῦ
1239 4939 1408 5013 ὀργὴν
1438 4939 1872 5013 κληρονομοῦσι;

569 5023 755 5077 Ταῦτα
792 5023 850 5077 δὲ
897 5024 996 5093 οὐχ
1039 5022 1226 5089 ἁπλῶς
1272 5022 1531 5095 κινοῦμεν
1561 5025 1653 5079 ἐπὶ
1691 5026 1788 5093 τῆς
1810 5027 2084 5098 ὑμετέρας

497 5107 737 5176 ἀγάπης,
781 5106 895 5159 ἀλλ’
940 5107 1028 5159 ἵνα
1070 5106 1452 5178 παιδευώμεθα
1495 5108 1632 5180 πρὸς
1674 5110 1802 5172 τοὺς
1854 5109 2084 5180 ἐχθροὺς

496 5190 656 5261 ἡμῶν
680 5190 754 5261 μὴ
776 5188 1110 5260 ὀργίζεσθαι,
1136 5189 1355 5244 ἀλλ’ἵνα
1377 5190 1575 5261 μᾶλλον
1600 5191 1838 5263 ἐλεῶμεν
1861 5194 2093 5260 αὐτοὺς,

496 5275 593 5328 καὶ
608 5272 936 5345 δακρύωμεν
957 5273 1051 5325 καὶ
1070 5272 1325 5344 ἀλγῶμεν
1341 5274 1482 5346 ὑπὲρ
1497 5274 1694 5330 αὐτῶν.
1722 5276 1949 5331 Ἐκεῖνοι
1972 5279 2082 5350 γάρ

496 5360 632 5413 εἰσιν
654 5359 702 5411 οί
728 5356 913 5420 κακῶς
945 5355 1266 5427 πάσχοντες,
1298 5359 1349 5411 οἱ
1392 5358 1767 5430 ἐχθραίνοντες
1809 5361 1941 5432 ἡμῖν
1978 5361 2082 5432 μά-

495 5456 616 5511 την.
637 5442 735 5495 Ἂν
761 5439 904 5494 οὕτω
932 5440 1442 5512 παρασκευάσωμεν
1474 5441 1629 5513 ήμῶν
1658 5440 1755 5514 τὴν
1781 5441 1978 5514 ψυχὴν,
2004 5444 2080 5509 ὡς

498 5525 574 5597 μὴ
600 5524 937 5597 ὀργίζεσθαι,
974 5524 1110 5578 ἀλλὰ
1149 5523 1243 5578 καὶ
1273 5524 1459 5593 ἀλγεῖν
1505 5526 1645 5598 ὑπὲρ
1681 5526 1883 5593 αὐτῶν,
1920 5529 2081 5600 δυνη-

497 5607 701 5676 σόμεθα
746 5608 886 5661 κατά
926 5606 1024 5678 τὴν
1057 5606 1150 5661 τοῦ
1195 5608 1403 5680 Κυρίου
1446 5608 1629 5680 φωνὴν
1662 5609 1755 5664 καὶ
1784 5609 2081 5682 ὑπερεύχε-

497 5688 624 5741 σθαι
660 5690 858 5752 αὐτῶν.
882 5692 976 5743 καὶ
1018 5689 1216 5763 πολλὴν
1255 5691 1344 5745 διὰ
1372 5689 1560 5746 τούτου
1602 5693 1702 5764 τὴν
1732 5694 1938 5747 ἄνωθεν
1960 5697 2079 5750 ἐπι-

497 5767 806 5823 σπάσασθαι
843 5774 1032 5842 ῥοπήν.
1084 5773 1180 5826 Διά
1229 5773 1339 5845 γὰρ
1377 5769 1534 5825 τοῦτο
1570 5776 1837 5848 τετάρτην
1864 5777 2075 5848 ἡμέραν

1278 333 1335 388 5.
1374 329 1662 388 JOANNIS
1698 329 2191 390 CHRYSOSTOMI
2232 324 2550 383 ARCUIEP.
2593 324 3131 383 CONSTANTINOP.

3686 329 3780 385 581

2214 442 2322 514 ἔχω
2374 441 2756 512 διαλεγόμενος
2798 442 2928 513 ὑμῖν
2976 441 3106 512 περὶ
3154 440 3318 511 εὐχῆς
3354 439 3455 510 τῆς
3506 442 3644 514 ύπὶρ
3681 443 3782 499 τῶν

2213 524 2446 597 ἐχθρῶν,
2470 525 2557 578 ἵνα
2587 523 2811 595 μόνιμος
2836 523 3059 594 γένηται
3085 523 3185 590 τῆς
3212 523 3555 588 διδασκαλίας
3585 527 3614 579 6
3637 525 3782 594 λόγος

2210 612 2278 679 τῇ
2307 606 2555 678 συνεχείᾳ
2582 607 2682 676 τῆς
2711 605 3107 677 παραινέσεως,
3146 606 3233 659 ἵνα
3261 604 3464 677 ῥιζωθῇ
3497 607 3650 677 ὑμῶν
3674 610 3784 673 ταῖς

2211 693 2486 754 διανοίαις.
2520 691 2619 745 Διά
2649 691 2807 745 τοῦτο
2836 690 3071 760 συνεχῶς
3105 689 3474 760 ἐπαντλοῦμεν
3518 692 3647 761 ὑμῖν
3680 694 3783 756 τοῖς

2212 778 2470 849 ῥήμασιν,
2494 774 2634 828 ὥστε
2660 775 2721 828 τὸ
2745 774 2857 844 οίδη
2867 791 2943 845 μα
2962 775 3060 843 τῆς
3085 774 3253 844 όργῆς
3285 774 3671 843 ὺπονοστῆσαι,
3697 777 3785 830 καὶ

2211 859 2615 929 κατασταλῆναι
2666 858 2763 930 τὴν
2811 858 3136 927 φλεγμονὴν,
3189 859 3281 911 xal
3337 859 3581 930 καθαρὸν
3627 859 3784 930 ὀργῆς

2210 938 2350 995 εἶναι
2378 942 2468 995 τὸν
2499 944 2630 1013 εὐχῇ
2672 943 2984 1014 προσιόντα.
3029 942 3162 995 Οὑδέ
3189 939 3298 1013 7&9
3332 943 3362 994 6
3389 940 3625 1012 Χριστὸς
3659 944 3787 1015 ὑπὲρ

2208 1028 2317 1081 τῶν
2354 1027 2562 1099 ἐχθρῶν
2590 1027 2762 1080 ταῦτα
2810 1029 3067 1098 παραινεῖ
3100 1026 3294 1095 μόνον,
3337 1025 3473 1079 ἀλλὰ
3512 1028 3610 1078 καὶ
3657 1027 3786 1096 ὑπὲρ

2211 1107 2368 1182 ήμῶν
2387 1110 2495 1163 τῶν
2518 1109 2784 1180 ἀφιέντων
2808 1110 3034 1171 ἐκείνοις
3053 1114 3119 1161 τὰ
3145 1109 3536 1180 ἁμαρτήματα.
3560 1108 3790 1173 Μείζονα

2209 1192 2491 1266 γάρί588]
2534 1193 2831 1264 λαμόάνεις
2879 1193 2912 1264 ἢ
2957 1192 3131 1257 δίδως,
3168 1193 3347 1261 ἀφιεὶς
3378 1192 3479 1261 τὴν
3516 1193 3683 1262 ὀργὴν
3716 1191 3786 1261 τῷ

2210 1277 2409 1348 ἐχθρῷ.
2465 1279 2573 1331 Kal
2604 1278 2719 1342 πῶς
2766 1278 2985 1348 μείζονα
3028 1276 3311 1347 λαμϐάνω.
3346 1276 3518 1346 φησίς
3555 1276 3785 1348 Πρόσεχε

2208 1361 2473 1434 ἀκριϐῶς.
2518 1362 2642 1415 Ἐάν
2681 1362 2850 1433 ἀφίης
2877 1361 3056 1414 τοίνυν
3081 1359 3152 1413 τά
3174 1361 3256 1422 είς
3285 1358 3378 1412 τὸν
3401 1358 3592 1431 ἐχθρὸν
3615 1361 3784 1430 ἀμαρ-

2206 1446 2446 1515 τήματα,
2480 1444 2843 1516 συγχωρεῖταί
2869 1460 2951 1497 σοι
2978 1443 3047 1497 τὰ
3077 1445 3158 1506 είς
3188 1442 3282 1495 τὸν
3314 1442 3594 1513 Δεσπότην
3621 1442 3781 1513 πλημ.

2211 1526 2521 1597 μελήματα.
2585 1528 2800 1580 Ἐκεῖνα
2855 1525 3050 1580 ἀνίατά
3101 1526 3220 1578 ἐστι
3275 1526 3370 1577 καὶ
3412 1524 3781 1592 ἀσύγγνωστα,

2206 1609 2378 1663 ταῦτα
2417 1609 2475 1663 δέ
2518 1609 2717 1681 πολλὴν
2780 1610 2893 1680 ἔχει
2918 1608 3272 1678 παραμυθίαν
3312 1610 3406 1661 καὶ
3439 1607 3780 1679 συγγνώμην.

2211 1694 2477 1747 Ἄκουσον
2517 1692 2648 1761 γοῦν
2683 1692 2780 1747 τοῦ
2822 1692 2941 1746 1m
2984 1692 3231 1759 λέγοντος
3289 1690 3421 1762 πρὸς
3468 1692 3596 1754 τοὺς
3647 1691 3785 1753 υἱοὺς

2207 1775 2372 1831 αὐτοῦ
2392 1795 2405 1808 ·
2455 1778 2590 1831 Ἐὰν
2613 1776 2891 1847 ἁμαρτὼν
2927 1775 3157 1845 ἁμάρτῃ
3208 1776 3517 1843 ἄνθρωπος
3563 1776 3644 1841 εις
3685 1773 3785 1829 ἄν·

2209 1863 2463 1926 θρωπον,
2500 1864 2533 1915 ό
2572 1861 2758 1928 ἱερεὺς
2817 1860 3212 1927 προσεύξεται
3257 1858 3393 1927 περὶ
3429 1858 3617 1912 αὑτοῦ
3632 1874 3645 1887 ·
3684 1858 3786 1912 ἐὰν

2207 1943 2276 1998 δὲ
2314 1948 2404 2010 εις
2435 1944 2542 1999 τόν
2575 1944 2725 1998 Θεὸν
2766 1943 3023 2014 ἁμάρτῃ,
3072 1944 3166 2009 τίς
3211 1943 3610 2009 προσεύξεται
3658 1944 3782 2011 περὶ

2206 2029 2429 2093 αὐτοῦ;
2459 2030 2619 2083 Ὥστε
2651 2031 2827 2083 ἐκεῖνο
2857 2028 2998 2098 μέγα
3029 2027 3271 2099 τραῦμα,
3303 2028 3410 2081 οὐδ’
3433 2029 3569 2099 εὐχῇ
3601 2026 3786 2100 ῥᾳδίως

2206 2111 2408 2167 λύεται.
2452 2114 2562 2168 Kal
2598 2115 2729 2184 εὐχῇ
2782 2114 2880 2184 μὲν
2920 2113 2981 2166 ού
3026 2112 3209 2166 λύεται
3242 2114 3303 2166 τὸ
3338 2111 3577 2166 τοιοῦτον
3614 2111 3784 2183 παρά-

2206 2213 2429 2267 πτωμα,
2472 2198 2816 2268 συγχωρήσει
2857 2196 2914 2249 δέ
2962 2196 3069 2249 τῶν
3116 2196 3530 2267 ἁμαρτημάτων
3566 2195 3671 2247 τῶν
3711 2194 3785 2256 είς

2203 2280 2298 2334 τὸν
2331 2280 2523 2351 ἐχθρὸν
2559 2278 2744 2333 λύεται
2775 2280 3108 2350 παραυτίκα.
3150 2279 3242 2332 Διὸ
3281 2281 3468 2334 ἐκεῖνα
3494 2278 3593 2349 μὲν
3625 2276 3783 2347 μύρια

2203 2364 2441 2419 τάλαντα
2471 2363 2732 2418 ἐκάλεσεν
2763 2366 2791 2417 6
2818 2363 2971 2427 Θεὸς,
2999 2363 3069 2417 τὰ
3091 2365 3171 2428 είς
3193 2363 3284 2417 τὸν
3303 2364 3583 2432 Δεσπότην
3617 2363 3785 2431 ἁμαρ-

2204 2448 2441 2519 τήματα,
2484 2446 2661 2502 ταῦτα
2721 2447 2781 2500 δέ
2834 2448 3029 2502 ἐκατδν
3077 2447 3341 2520 δηνάρια·
3387 2446 3424 2501 ά
3473 2446 3570 2499 ἐὰν
3623 2446 3779 2515 ἀφῇς,

2205 2532 2544 2604 ἀφεθήσεταί
2581 2531 2760 2585 σοιτά
2792 2533 2962 2602 μύρια
2991 2531 3247 2588 τάλαντα.

2276 2685 2341 2756 β’.
2369 2686 2529 2741 Ἀλλά
2557 2686 2685 2759 περὶ
2720 2686 2820 2756 μέν
2847 2689 2944 2757 τῆς
2971 2685 3137 2756 εὐχῆς
3174 2685 3373 2749 ἱκανῶς
3396 2686 3628 2757 εἴρηται.
3654 2684 3711 2737 Εἰ
3728 2682 3781 2736 δὲ

2202 2767 2367 2832 δοκεῖ,
2404 2770 2598 2842 μικρὸν
2630 2770 2887 2839 ἀνωτέρω
2936 2769 3024 2823 τὸν
3058 2769 3214 2838 λόγον
3241 2769 3562 2837 ἀγαγόντες,
3587 2768 3675 2820 ἐπὶ
3696 2765 3780 2819 τὸν

2200 2854 2300 2923 τῆς
2334 2855 2623 2922 προδοσίας
2656 2853 3040 2925 ἐπανέλθωμεν
3083 2854 3260 2922 λόγον,
3304 2855 3400 2907 καὶ
3436 2854 3634 2923 ἴδωμεν
3671 2850 3779 2913 πῶς

2203 2936 2475 3007 παρεδόοη
2504 2937 2661 3008 ἡμῶν
2690 2939 2718 2991 6
2749 2937 3045 3008 Δεσπότης.
3064 2937 3181 2991 Ἵνα
3204 2937 3259 2990 δὲ
3289 2936 3383 2989 καὶ
3408 2934 3504 2988 τοῦ
3535 2934 3778 3006 πΜτου

2199 3021 2300 3090 τὴν
2331 3021 2527 3091 μανίαν
2563 3022 2781 3076 ἃπασαν
2824 3020 3247 3092 καταμάθωμεν,
3289 3019 3384 3074 καὶ
3414 3020 3511 3073 τοῦ
3547 3015 3777 3090 μαθητοῦ

2202 3102 2299 3174 τὴν
2357 3104 2751 3176 ἀγνωμοσύνην
2794 3104 3033 3173 γνῶμεν,
3073 3103 3168 3157 καὶ
3216 3102 3309 3157 τοῦ
3365 3104 3636 3159 Δεσπότου
3689 3100 3779 3171 τὴν

2200 3184 2406 3253 ἄφατον
2433 3186 2860 3260 φιλανθρωπίαν,
2905 3187 3227 3257 ἀκούσωμεν
3256 3185 3348 3239 τοῦ
3379 3181 3778 3256 εὐαγγελιστοῦ,

2201 3269 2319 3332 πῶς
2348 3272 2481 3340 ἡμῖν
2508 3270 2675 3325 αὐτοῦ
2702 3272 2974 3341 διηγεῖται
3016 3273 3114 3343 τὴν
3155 3271 3381 3341 τόλμαν·
3432 3274 3592 3334 Τότε,
3630 3268 3774 3339 φησὶ,

2199 3357 2509 3423 πορευθείς
2536 3353 2626 3424 εἷς
2663 3358 2782 3411 τῶν
2827 3358 3078 3424 δώδεκα,
3119 3359 3349 3423 Ἰούδας
3387 3361 3420 3413 ό
3462 3360 3776 3428 λεγόμενος

2213 3440 2615 3508 Ἰσκαριώτης,
2643 3442 2794 3509 πρὸς
2822 3443 2965 3509 τοὺς
3001 3442 3311 3513 ἀρχιερεῖς.
3341 3438 3516 3497 εἶπεν
3550 3439 3772 3506 αὐτοῖς·

2205 3526 2267 3578 Τί
2292 3523 2499 3580 θέλετέ
2526 3544 2630 3596 μοι
2672 3526 2908 3591 δοῦναι,
2953 3526 3116 3597 κάγὼ
3142 3527 3285 3597 ὑμῖν
3308 3527 3640 3597 παραδώσω
3673 3526 3774 3579 αὐ-

2196 3616 2341 3674 τόν;
2384 3612 2542 3662 Δοκεῖ
2583 3610 2682 3680 μὲν
2717 3612 2825 3682 γὰρ
2872 3612 3039 3680 σαφὲς
3084 3606 3223 3665 εἶναι
3252 3611 3312 3665 τὸ
3344 3610 3659 3679 λεγόμενον,
3691 3608 3773 3663 καὶ

2200 3691 2365 3762 μηδὲν
2399 3691 2558 3747 πλέον
2595 3693 2925 3747 αἰνίττεσθαι
2945 3712 2958 3725 ·
2990 3696 3039 3748 εί
3085 3694 3143 3748 δέ
3189 3712 3273 3757 τις
3321 3695 3566 3764 ἀκριϐῶς
3605 3692 3773 3760 ἐξετά-

2198 3791 2339 3827 σειεν
2360 3774 2589 3828 ἕκαστον
2610 3775 2716 3828 τῶν
2737 3776 3063 3847 εἰρημένων,
3088 3776 3286 3849 πολλὴν
3309 3777 3421 3848 ἔχει
3448 3778 3672 3848 θεωρίαν
3687 3775 3772 3829 καὶ

2196 3856 2331 3911 πολὺ
2358 3856 2418 3910 τὸ
2454 3856 2617 3927 βάθος
2641 3860 2748 3911 τῶν
2776 3858 3083 3929 νοημάτων.
3125 3861 3234 3913 Καὶ
3266 3860 3484 3931 πρῶτον
3515 3864 3543 3915 ό
3575 3860 3768 3931 καιρός.

2196 3941 2272 3993 Ού
2304 3940 2410 4012 γὰρ
2442 3941 2627 4006 ἁπλῶς
2655 3941 2818 3995 αὐτὸν
2854 3943 3272 4013 ἐπισημαίνεται
3304 3944 3333 3995 6
3358 3944 3768 4014 εὖαγγελιστής·

2194 4024 2256 4075 ού
2294 4023 2402 4097 γάρ
2443 4019 2585 4085 εἷπε,
2632 4023 2963 4093 πορευθεὶς,
3006 4025 3221 4090 ἁπλῶς·
3270 4026 3406 4080 άλλά
3452 4025 3767 4098 προσέθηκε,

2200 4107 2337 4161 Τότε
2395 4112 2724 4178 πορευθείς.
2777 4108 2943 4161 Τότε·
3003 4109 3169 4174 πότες
3231 4109 3341 4162 Kal
3400 4109 3547 4174 τίνος
3598 4109 3770 4162 ἕνεκεν

2193 4190 2542 4260 ἐπισημαίνει
2575 4190 2666 4244 τὸν
2698 4191 2921 4262 χρόνον;
2949 4192 3061 4262 Οὐχ
3095 4191 3281 4256 ἁπλῶς
3316 4194 3448 4263 ἡμῖν
3483 4188 3765 4263 ἐπισημαί-

2192 4289 2344 4326 νεται
2394 4273 2485 4326 τὸν
2542 4274 2732 4345 καιρὸν
2787 4275 2816 4328 6
2867 4276 3260 4348 εὐαγγελιστὴς
3311 4277 3587 4347 Πνεύματι
3640 4274 3768 4343 ἁγίῳ

2192 4355 2589 4428 φθεγγόμενος·
2640 4360 2669 4412 6
2721 4358 2829 4429 7&9
2876 4359 3157 4430 Πνεύματι
3206 4359 3595 4430 φθεγγόμενος,
3629 4357 3765 4412 οὐδὲν

2192 4439 2378 4504 ἁπλῶς
2424 4440 2543 4494 οὐδὲ
2573 4442 2695 4513 είκῆ
2744 4441 3059 4512 φθέγγεται.
3103 4442 3169 4496 Τί
3207 4438 3300 4496 οὖν
3342 4444 3457 4495 ἐστι
3494 4442 3575 4505 τὸ,
3608 4441 3765 4505 τότε;

2191 4522 2305 4594 Πρὸ
2347 4522 2510 4576 αὑτοῦ
2551 4522 2646 4576 τοῦ
2690 4523 2905 4598 χρόνου,
2949 4525 3055 4597 πρὸ
3083 4525 3253 4596 αὐτῆς
3284 4525 3384 4594 τῆς
3427 4524 3574 4597 ῶρας
3612 4539 3768 4594 προσ-

2189 4605 2320 4677 ἦλθε
2375 4606 2512 4677 κόρη
2572 4606 2911 4680 ἀλάϐαστρον
2966 4608 3137 4680 μύρου
3195 4609 3426 4680 ἔχουσα,
3488 4609 3581 4663 καὶ
3641 4623 3764 4661 κατ·-

2188 4689 2308 4761 έχεε
2346 4689 2407 4744 τὸ
2436 4689 2614 4744 ἔλαιον
2646 4692 2820 4744 ἐκεῖνο
2858 4690 2951 4743 ἐπὶ
2984 4690 3082 4764 τὴν
3130 4692 3371 4763 κεφαλὴν
3410 4692 3504 4745 τοῦ
3548 4689 3759 4763 Κυρίου.

2200 4771 2537 4839 Ἐπεδείξατο
2570 4772 2767 4844 πολλὴν
2812 4771 2993 4827 πίστιν
3026 4776 3059 4846 ή
3098 4776 3257 4847 γυνὴ,
3302 4775 3609 4841 ἐπεδείξατο
3640 4770 3761 4825 πολ-

2184 4854 2285 4927 λὴν
2324 4854 2643 4927 θεραπείαν.
2677 4855 2989 4924 ἐπεδείξατο
3027 4857 3228 4931 πολλὴν
3274 4858 3518 4929 ὑπακοὴν
3557 4857 3645 4911 καὶ
3681 4853 3761 4906 εὑ-

2179 4935 2436 4994 λάδειαν·
2487 4938 2844 5010 μετεϐάλλετο
2886 4941 2995 4995 ἀπὸ
3044 4940 3139 4995 τοῦ
3191 4941 3308 5011 βίου
3353 4940 3448 4996 τοῦ
3483 4938 3754 5013 προτέρου,

2181 5022 2276 5075 καὶ
2313 5021 2529 5090 ἐγένετο
2563 5020 2784 5092 βελτίων
2830 5025 2925 5077 καὶ
2968 5025 3402 5097 σωφρονεστέρα.
3454 5024 3563 5078 Kal
3604 5023 3686 5076 ὅτε
3726 5021 3757 5088 ἠ

2184 5106 2358 5178 πόρνη
2416 5105 2761 5176 μετενόησεν,
2810 5108 2899 5160 ὅτε
2932 5107 3026 5161 τὸν
3071 5109 3348 5180 Δεσπότην
3381 5107 3610 5177 ἐπέγνω,
3644 5104 3754 5157 τότε

2180 5190 2210 5243 6
2259 5187 2507 5259 μαθητὴς
2543 5187 2634 5242 τὸν
2673 5188 2988 5243 διδάσκαλον
3036 5191 3341 5262 παρέδωκε.
3392 5194 3524 5246 Τότε
3544 5207 3560 5223 ·
3590 5190 3744 5253 πότε;

2183 5273 2312 5325 Ὅτε
2344 5272 2518 5342 πόρνη
2550 5272 2941 5343 προσελθοῦσα,
2974 5274 3035 5328 τὸ
3081 5274 3422 5344 άλάδαστρον
3466 5274 3559 5328 τοῦ
3594 5273 3752 5345 μύρου

2181 5354 2500 5423 καταχέασα
2532 5354 2675 5409 κατά
2721 5355 2827 5409 τῶν
2848 5356 3022 5410 ποδῶν
3054 5357 3147 5412 τοῦ
3176 5359 3377 5430 Ἰησοῦ,
3406 5362 3525 5424 ταῖς
3542 5358 3752 5416 οἰκείαις

2181 5434 2357 5507 θριξὶν
2372 5435 2622 5506 ἐξέμαξε,
2639 5438 2733 5492 καὶ
2754 5438 2952 5510 πολλὴν
2966 5441 3063 5512 τὴν
3086 5442 3380 5513 θεραπείαν
3400 5442 3748 5498 ἐπεδείκνυτο.

2180 5519 2249 5573 τά
2276 5520 2334 5572 ἐν
2367 5519 2529 5573 παντὶ
2565 5519 2642 5591 τῷ
2676 5521 2854 5593 χρόνῳ
2896 5522 3268 5596 ἁμαρτήματα
3300 5525 3645 5597 ἐξαλείφουσα
3671 5518 3749 5574 διὰ

2179 5605 2280 5672 τῆς
2330 5602 2768 5674 ἐξομολογήσεως
2813 5604 3003 5675 αὐτῆς.
3057 5605 3191 5661 Τότε
3241 5604 3366 5675 οῦν,
3417 5613 3505 5667 ὅτε
3552 5604 3748 5673 ἐκείνην

2181 5684 2444 5739 ἐθεάσατο
2471 5686 2739 5757 τοσαύτην
2770 5686 3062 5760 θεραπείαν
3100 5689 3180 5762 τῷ
3221 5692 3523 5764 διδασκάλῳ
3560 5687 3744 5743 ἐπιδει-

2185 5767 2447 5839 ξαμένην,
2475 5770 2598 5824 τότε
2637 5770 2799 5836 αὐτὸς
2845 5774 2938 5826 ἐπὶ
2985 5774 3087 5847 τὴν
3125 5776 3437 5849 παράνομον
3479 5770 3746 5843 προδοσίαν
