4100 6424
335 317 442 374 585

335 434 649 505 patiuntur!
677 435 808 493 Vide
841 453 1048 493 rursum
1087 440 1193 495 alio
1244 442 1296 497 in
1342 443 1462 499 loco
1489 445 1629 502 male
1657 446 1924 518 agentium

332 525 638 582 inevitabile
665 529 982 599 supplicium
1023 549 1038 586 :
1083 533 1208 588 audi
1259 536 1320 589 Β.
1351 536 1574 592 Paulum
1626 538 1925 595 dicentem:

342 615 443 672 Vos
464 627 657 688 autem,
689 624 895 692 fratres,
946 624 1224 681 imitatores
1249 629 1373 699 facti
1419 631 1538 686 estis
1585 631 1928 688 Ecclesiarum

331 708 450 776 Dei,
480 726 593 780 qua:
620 723 738 767 sunt
765 714 820 768 in
838 713 1023 770 Iudaea
1050 733 1071 781 ;
1098 722 1338 789 quoniam
1362 723 1537 777 cadent
1579 727 1717 795 passi
1739 729 1854 782 estis
1881 738 1927 782 et

328 817 417 857 sos
444 819 478 857 α
504 807 729 876 prapriis
781 808 1145 866 contribulibus
1164 854 1180 878 ,
1213 815 1641 883 quemadmodum
1681 828 1727 871 et
1767 821 1869 888 ipsi
1894 838 1926 873 a

326 895 546 962 Judasis,
573 898 660 967 qui
683 906 731 952 et
760 897 1035 955 Dominum
1064 905 1356 960 occiderunt
1383 906 1580 976 Iesum,
1609 920 1658 964 et
1685 914 1919 982 proprios

324 1003 448 1042 suos
468 990 761 1059 praphetas,
789 1000 836 1046 et
882 995 1218 1065 impedierunt
1277 1016 1368 1054 nos
1398 1001 1534 1072 loqui
1581 1004 1843 1074 gentibus,
1868 1016 1923 1059 ut

327 1079 484 1134 salva:
511 1082 670 1150 ﬁant,
698 1092 754 1135 ut
792 1084 1035 1151 impleant
1078 1103 1284 1156 peccata
1313 1109 1408 1145 sua
1434 1109 1453 1147 :
1495 1096 1720 1163 pervenit
1754 1108 1921 1151 autem

327 1163 408 1216 ira
434 1164 528 1219 Dei
547 1168 837 1237 superillos
858 1186 1013 1240 usque
1028 1173 1080 1226 in
1096 1175 1248 1242 ﬁnem
1275 1174 1349 1246 (l.
1376 1175 1558 1232 Thess.
1576 1179 1632 1233 2.
1682 1181 1848 1238 ιιι-16
1876 1181 1918 1254 ).

330 1253 523 1310 Viden’
541 1270 635 1311 eos
664 1259 897 1315 maxime
926 1276 1021 1330 par
1047 1277 1165 1318 esse
1187 1266 1368 1335 lugere
1396 1275 1451 1322 et
1489 1269 1616 1323 ﬁetu
1648 1273 1917 1342 prosequi,

329 1347 424 1416 qui
475 1348 612 1403 mala
669 1356 1022 1422 perpetrant?
1082 1356 1419 1429 Quapropter
1469 1363 1921 1423 clementissimus

330 1438 616 1509 Dominus,
648 1457 770 1497 cum
819 1444 1027 1503 videret
1063 1448 1311 1520 discipuli
1360 1451 1583 1522 facinus,
1612 1456 1921 1513 turbabatur

320 1536 379 1584 et
422 1528 618 1600 ﬂebat,
655 1535 1177 1595 commiserationem
1215 1557 1346 1613 erga
1393 1544 1721 1615 discipulum
1767 1564 1916 1604 suam

317 1619 606 1677 ostendens
626 1664 641 1689 ,
677 1624 1124 1699 benignitatisque
1151 1646 1263 1687 suae
1306 1635 1725 1704 magnitudinem
1755 1639 1916 1694 exhi-

321 1709 472 1774 bens,
504 1713 646 1782 quod
670 1715 753 1770 vel
796 1732 968 1787 usque
994 1719 1061 1774 ad
1092 1721 1259 1791 ipsam
1290 1726 1644 1794 proditionem
1674 1728 1914 1800 discipuli

319 1804 685 1861 emendationi
717 1809 1027 1879 prospicere
1073 1828 1179 1868 non
1209 1826 1468 1872 cessaret.
1508 1818 1738 1890 Propter
1775 1822 1917 1878 hunc

319 1892 485 1964 igitur
511 1896 688 1965 potius
715 1900 911 1956 acerbe
936 1901 1058 1972 luge
1077 1913 1132 1959 et
1159 1905 1472 1976 ingemisce,
1497 1911 1619 1981 quia
1652 1912 1911 1969 Dominus

316 1986 462 2043 illius
491 2003 653 2045 causa
685 2003 913 2049 moestus
956 1994 1074 2051 fuit.
1117 1996 1376 2055 Turbatus
1401 2013 1496 2068 est,
1517 2003 1718 2074 inquit,
1740 2005 1910 2074 Jcsus,

312 2086 360 2132 et
385 2079 536 2146 dixit,
569 2079 715 2137 Unus
742 2094 961 2140 vestrum
1012 2089 1178 2143 tradet
1221 2107 1301 2145 me
1327 2091 1347 2163 (
1368 2093 1527 2148 Joan.
1570 2097 1660 2151 15.
1702 2098 1763 2152 2|
1798 2099 1840 2165 ).
1869 2099 1914 2154 Ο

311 2181 565 2240 quantam
589 2175 1045 2235 misericordiam!
1078 2180 1331 2254 quantam
1357 2186 1565 2242 Domini
1592 2187 1907 2246 bonitatem!

310 2261 414 2329 Qui
464 2265 711 2333 proditur
758 2269 1047 2337 proditoris
1085 2275 1255 2342 gratia
1307 2275 1478 2331 dolet.
1524 2277 1723 2335 Vidcns
1765 2282 1909 2337 Cllim

313 2367 438 2407 eum
469 2355 522 2409 in
550 2357 785 2427 nequitia
816 2360 1193 2419 immorantem
1212 2406 1229 2431 ,
1257 2365 1509 2425 Turbatus
1544 2380 1620 2425 est
1646 2380 1694 2426 et
1728 2372 1858 2427 dixit
1890 2415 1905 2441 ,

313 2443 463 2501 Unus
488 2458 714 2504 vestrum
753 2452 918 2507 tradet
960 2471 1059 2509 nte.
1107 2456 1263 2524 Vide,
1293 2470 1543 2530 quantam
1574 2465 1736 2520 animi
1778 2468 1910 2523 tole-

310 2538 540 2592 rantiam
574 2539 871 2610 lquantam
912 2544 1338 2605 humanitatem!
1373 2554 1645 2621 quomodo
1701 2557 1909 2627 ingrato

312 2630 504 2697 parcit,
534 2646 635 2687 nec
664 2633 777 2689 vult
800 2650 923 2690 eum
950 2638 1416 2707 impudentissime
1443 2658 1636 2714 agere:
1669 2648 1765 2703 sed
1787 2663 1907 2703 om-

312 2734 410 2775 nes
438 2720 729 2793 discipulos
759 2724 813 2780 in
846 2726 1093 2784 timorem
1124 2740 1179 2785 et
1201 2734 1526 2791 anxietatem
1555 2738 1772 2794 deducit
1798 2782 1814 2809 ,
1848 2753 1908 2798 ut

312 2811 392 2866 illi
442 2828 628 2869 ansam
658 2817 897 2886 praebeat
936 2822 1289 2891 resipiscendi
1317 2827 1386 2883 ab
1418 2827 1644 2885 insania.
1676 2832 1746 2888 At
1783 2848 1903 2889 cum

305 2904 484 2959 anima
515 2909 661 2962 omni
691 2909 916 2968 dimisso
956 2926 1118 2969 sensu
1167 2932 1352 2973 semen
1381 2921 1592 2989 pietatis
1631 2940 1737 2980 non
1764 2928 1906 2983 acci-

305 2994 403 3065 pit,
442 3011 550 3051 non
577 2998 993 3060 admonitionem
1018 3046 1034 3069 ,
1063 3022 1171 3062 non
1200 3010 1482 3066 consilium
1508 3012 1775 3083 admittit,
1809 3017 1902 3073 sed

308 3084 508 3141 affectu
534 3088 699 3145 animi
727 3092 1076 3151 obtencbrata
1107 3112 1202 3168 per
1230 3101 1520 3172 praecipitia
1544 3105 1672 3160 abit.
1705 3106 1906 3175 Quam-

304 3176 495 3232 obrem
523 3195 697 3252 neque
734 3182 821 3239 hic
843 3200 911 3239 ex
938 3194 1084 3241 tanta
1114 3188 1316 3245 Christi
1343 3192 1597 3261 patientia
1627 3198 1900 3269 quidpiam

302 3267 538 3327 lucratus
556 3281 660 3327 est.
694 3273 840 3331 Unus
866 3287 1088 3333 vestrum
1112 3282 1274 3336 tradet
1301 3299 1400 3351 me,
1429 3286 1620 3357 inquit.
1648 3267 1904 3347 Curﬁtur-

301 3360 458 3418 hatus
502 3375 559 3419 et
598 3358 834 3425 mterore
875 3370 1102 3429 aﬁ‘ectus
1126 3375 1257 3431 est?
1292 3376 1363 3433 Ut
1387 3393 1543 3436 suum
1566 3383 1725 3440 simul
1749 3400 1901 3441 alno-

300 3468 416 3507 rem
444 3456 773 3524 ostenderet,
804 3476 1011 3532 nosque
1036 3464 1289 3532 doceret,
1322 3484 1417 3525 eos
1451 3473 1685 3531 maxime
1710 3476 1901 3549 lugen-

301 3544 403 3598 dos
432 3550 678 3618 esse,qui
708 3559 894 3607 contra
923 3556 1229 3622 proximum
1259 3561 1398 3615 mala
1436 3544 1901 3634 perpetrant.vEt-

300 3636 446 3692 enim
465 3639 541 3694 illi
560 3640 691 3696 iram
716 3653 902 3699 contra
923 3647 1132 3717 seipsos
1147 3651 1402 3707 excitant.
1429 3653 1746 3729 Neutiquam
1775 3676 1898 3719 eum

298 3733 391 3800 qui
420 3732 559 3788 male
578 3740 796 3805 patitur,
825 3737 919 3793 sed
949 3754 1074 3795 eum
1114 3744 1206 3813 qui
1229 3745 1366 3798 mala
1390 3758 1679 3819 perpetrat,
1701 3754 1900 3825 ubique

303 3823 491 3893 lugere
520 3841 616 3896 par
643 3837 745 3883 est.
773 3829 904 3885 Nam
935 3834 977 3887 si
1011 3835 1148 3891 male
1175 3838 1438 3905 patiamur
1460 3882 1476 3908 ,
1516 3842 1570 3898 id
1612 3846 1766 3903 nobis
1809 3823 1898 3903 re-

303 3930 466 3984 gnum
498 3920 761 3975 caelorum
792 3922 1147 3994 adipiscitur;
1192 3929 1273 3984 sin
1308 3932 1449 3988 male
1475 3936 1706 4005 cuipiam
1738 3937 1899 3995 facia-

304 4021 450 4073 mus,
474 4008 529 4063 id
584 4010 637 4065 in
684 4026 842 4068 causa
878 4024 962 4070 est
986 4027 1041 4072 ut
1074 4019 1125 4073 in
1155 4020 1454 4089 gehennam
1479 4036 1537 4080 et
1579 4028 1895 4098 supplicium

300 4100 594 4155 mittamur.
624 4101 755 4157 Nam
782 4104 948 4173 Beati,
1000 4108 1198 4179 inquit,
1222 4113 1310 4176 qui
1338 4119 1771 4187 persequutionem
1798 4139 1895 4191 pa-

300 4193 501 4249 tiuntur
530 4208 743 4269 propter
751 4202 1053 4272 justitiam(
1083 4204 1272 4262 Matth.
1302 4209 1357 4265 5.
1386 4211 1455 4266 10
1481 4215 1525 4283 ).
1547 4212 1736 4270 Viden’
1759 4232 1897 4287 quo-

300 4286 461 4341 modo
490 4289 634 4344 male
662 4293 771 4360 pati
792 4294 845 4348 in
869 4296 1173 4353 mercedem
1203 4307 1259 4354 et
1288 4303 1568 4370 praemium
1598 4286 1787 4363 afferat
1811 4326 1898 4366 re-

297 4390 459 4445 gnum
487 4380 777 4437 caelorum?
807 4385 945 4440 Audi
976 4389 1250 4457 quomodo
1271 4394 1411 4448 mala
1440 4406 1753 4465 perpetrare
1774 4416 1893 4470 pce-

299 4481 424 4520 nam
450 4478 506 4523 et
527 4473 848 4542 supplicium
866 4476 1056 4533 aderat
1080 4496 1093 4533 :
1125 4495 1247 4536 cum
1274 4483 1419 4538 enim
1440 4486 1667 4544 dixisset
1695 4490 1895 4547 Paulus

297 4556 440 4625 quod
467 4557 638 4617 Judaei
667 4562 953 4622 Dominum
993 4570 1339 4635 occidissent.
1367 4584 1423 4631 et
1450 4578 1738 4649 prophetas
1769 4598 1895 4652 per-

296 4647 510 4718 aequuti
540 4662 759 4721 essent,
810 4657 1046 4727 adjecit:
1090 4661 1325 4729 Quorum
1353 4667 1475 4734 ﬁnis
1513 4647 1584 4723 est
1614 4647 1892 4729 secundum

296 4755 455 4809 opera
482 4760 654 4798 eorum
681 4746 762 4815 (2.
790 4747 910 4803 Cor.
941 4753 1031 4806 H.
1056 4754 1172 4826 15).
1204 4756 1391 4815 Viden’
1413 4763 1684 4830 quomodo
1706 4765 1772 4833 ii,
1800 4768 1893 4839 qui

301 4836 771 4905 persequutioncm
806 4842 1099 4910 patiuntur,
1130 4861 1355 4918 regnum
1393 4853 1648 4909 caelorum
1678 4836 1894 4914 lucren-

304 4935 398 4981 tur
428 4945 442 4993 ;
476 4928 510 4983 ii
537 4945 667 4987 vero
697 4974 713 4999 ,
736 4935 825 5003 qui
854 4947 1263 5007 persequuntur,
1291 4942 1424 4998 iram
1467 4946 1560 5001 Dei
1588 4946 1642 5001 in
1666 4948 1893 5005 hmredi-

300 5027 466 5072 tatem
489 5023 749 5092 accipiant
773 5026 797 5080 2

372 5108 640 5167 (trandum
682 5132 773 5186 pro
806 5118 1042 5174 inimicis.
1074 5151 1148 5162 —
1172 5122 1298 5181 llaec
1341 5141 1505 5195 porro
1545 5146 1651 5187 non
1690 5140 1894 5192 temere

294 5201 436 5269 apud
458 5204 733 5262 caritatem
750 5220 979 5265 vestram
1004 5212 1285 5283 agitamus,
1308 5217 1402 5272 sed
1428 5229 1488 5275 ut
1513 5222 1783 5280 discamus
1797 5226 1894 5282 ad.

296 5303 488 5347 versus
514 5292 760 5354 inimicos
785 5311 995 5359 nostros
1010 5319 1114 5360 non
1145 5307 1338 5375 irasci;
1372 5312 1467 5366 sed
1493 5315 1671 5382 petius
1696 5326 1755 5371 ut
1791 5320 1893 5374 mi-

295 5386 587 5441 sericordia
628 5404 753 5461 erga
795 5393 914 5448 illos
954 5410 1305 5467 moveamur,
1358 5400 1678 5476 illorumque
1721 5411 1889 5478 gratia

295 5493 586 5537 mmrorem
612 5490 669 5537 et
697 5484 966 5553 planctum
1004 5503 1359 5548 assumamus.
1400 5494 1477 5550 Illi
1517 5499 1716 5568 quippe
1748 5503 1890 5559 male

295 5572 587 5641 patiuntur,
602 5577 696 5646 qui
714 5578 829 5632 sine
839 5592 999 5635 causa
1012 5584 1172 5639 nobis
1186 5584 1253 5639 ad
1261 5598 1562 5644 versantur.
1577 5590 1635 5646 Si
1650 5594 1887 5651 animum

298 5674 541 5721 nostrum
572 5667 646 5722 ita
671 5682 1066 5741 comparemus,
1099 5682 1160 5730 ut
1177 5691 1283 5732 non
1308 5677 1619 5747 irascamur,
1650 5684 1744 5740 sed
1766 5684 1887 5740 illo-

297 5773 416 5814 rum
442 5762 608 5832 gratia
625 5762 924 5831 doleamus,
952 5767 1110 5822 etiam
1138 5772 1429 5837 poterimus
1449 5776 1739 5834 secundum
1773 5780 1878 5837 Do-

620 5865 889 5927 PATROL.
937 5869 1053 5929 Gn.
1104 5870 1325 5938 XL]

1324 340 1327 343 '
1375 330 1461 387 DE
1502 330 1910 389 ΡΠΟυΙἸῖΙΟΝΕ
1949 333 2173 397 ευυΑε.
2208 341 2438 400 HOMIL.
2484 348 2546 403 ll.

3519 370 3620 425 354i

2041 450 2172 506 mini
2196 469 2379 512 vocem
2410 476 2508 529 pro
2539 462 2641 517 illis
2663 479 2839 533 orare,
2871 469 3070 542 illoque
3096 478 3254 532 ume
3281 480 3498 538 multam
3529 502 3623 541 no.

2037 542 2116 597 bis
2150 560 2306 615 opem
2334 551 2538 607 caelitus
2565 556 2870 615 conciliare.
2892 560 3015 617 Ideo
3034 576 3222 635 quarta
3245 570 3355 639 jam
3378 573 3466 628 die
3486 579 3627 647 apud

2035 648 2128 689 vos
2154 650 2455 697 sermonem
2487 644 2660 703 habeo
2687 649 2755 705 de
2774 654 3016 711 oratione
3039 670 3134 726 pro
3164 661 3413 730 inimicis,
3444 678 3500 723 ut
3523 644 3595 724 ad
3613 703 3627 711 -

2034 731 2341 788 monitionis
2367 734 2664 807 frequentia
2695 743 2900 803 ﬁrmior
2923 750 2993 804 sit
3017 751 3259 810 doctrina
3283 799 3298 823 ,
3333 768 3387 813 ut
3417 761 3627 818 radices

2031 830 2153 888 agat
2183 823 2235 876 in
2266 825 2457 885 animis
2506 834 2716 889 vestris.
2754 836 2983 910 Ideoque
3013 841 3318 913 frequenter
3354 851 3493 920 apud
3531 868 3625 908 vos

2029 914 2373 972 sermonibus
2404 919 2683 986 instamus.
2717 937 2774 982 ut
2803 929 2895 985 ira:
2934 940 3201 991 tumorem
3233 940 3481 996 tollamus
3506 985 3522 1010 ,
3569 955 3626 1000 ct

2031 1001 2293 1060 fervorem
2316 1008 2589 1079 sedemus,
2611 1024 2771 1086 utque
2794 1022 2909 1089 puri
2932 1024 2996 1078 ad
3012 1026 3309 1084 orationem
3329 1033 3616 1089 accedatis.

2027 1093 2211 1168 Neque
2240 1100 2382 1155 enim
2408 1101 2654 1162 Christus
2683 1109 3016 1169 inimicorum
3045 1124 3248 1174 tantum
3277 1124 3447 1192 gratia
3473 1126 3539 1180 ad
3569 1125 3622 1181 id

2036 1185 2302 1257 hortatur,
2334 1194 2429 1248 sed
2455 1197 2616 1252 etiam
2646 1203 2816 1257 nostri
2841 1219 3001 1261 causa
3028 1210 3116 1279 qui
3147 1210 3253 1268 illis
3296 1227 3511 1283 peccata
3543 1233 3622 1275 re-

2027 1280 2312 1337 mittimus.
2364 1285 2522 1341 Plura
2550 1290 2692 1345 enim
2723 1295 2956 1365 accipis,
2987 1314 3144 1369 quam
3175 1302 3273 1358 das
3325 1322 3442 1361 cum
3483 1308 3620 1364 iram

2027 1380 2171 1428 tuam
2196 1376 2411 1433 inimico
2435 1379 2677 1437 dimittis.
2699 1385 2980 1452 Quomodo
3004 1392 3122 1461 plus
3134 1396 3576 1470 accipio,inqnies
3596 1402 3621 1454 ?

2024 1466 2257 1524 Attende
2287 1471 2592 1543 diligenter.
2625 1477 2681 1532 Si
2712 1479 2929 1537 inimico
2958 1496 3176 1555 peccata
3200 1466 3474 1557 dimittas,
3521 1495 3620 1551 dc-

2024 1555 2146 1611 licta
2200 1567 2288 1614 tua
2329 1562 2382 1617 in
2427 1564 2702 1623 Christum
2754 1584 3064 1642 perpetrata
3119 1555 3471 1638 dimittuntur
3503 1586 3615 1642 tibi.

2025 1646 2151 1704 Haec
2176 1666 2337 1720 porro
2357 1656 2442 1711 vix
2474 1657 2666 1715 dimitti
2696 1673 2749 1717 et
2771 1666 2976 1720 veniam
3008 1667 3206 1727 habere
3235 1684 3480 1743 possunt,
3529 1677 3620 1733 illa

2021 1759 2149 1798 vero
2170 1747 2379 1803 veniam
2410 1762 2464 1806 et
2483 1753 2730 1809 solatium
2758 1759 2985 1814 multum
3012 1764 3305 1832 reperiunt.
3329 1768 3466 1822 Audi
3501 1768 3619 1826 l-leli

2023 1836 2147 1890 ﬁliis
2178 1839 2291 1895 suis
2314 1840 2581 1900 dicentem
2612 1888 2628 1913 ,
2662 1847 2724 1903 Si
2753 1866 2965 1920 peccans
2984 1858 3256 1922 peccaverit
3281 1858 3429 1912 homo
3449 1861 3503 1914 in
3526 1863 3621 1915 ho-

2020 1929 2226 1996 minem,
2257 1934 2492 1991 sacerdos
2513 1939 2676 1993 orabit
2714 1959 2807 2010 pro
2825 1959 2915 2007 eo;
2935 1945 2981 1998 si
3006 1961 3122 2000 vero
3150 1948 3205 2002 in
3234 1948 3399 2004 Deum
3434 1969 3615 2022 pecca-

2019 2022 2162 2087 verit,
2195 2025 2308 2094 quis
2347 2045 2439 2098 pro
2469 2030 2560 2085 illo
2607 2034 2767 2088 orabit
2813 2036 2888 2107 (1.
2912 2037 3039 2109 Reg.
3064 2039 3119 2095 2.
3142 2040 3257 2113 25).
3288 2043 3468 2115 Itaque
3498 2062 3615 2101 ma-

2016 2127 2180 2185 gnum
2205 2124 2289 2172 est
2314 2119 2508 2176 vulnus
2533 2122 2681 2190 illud,
2714 2140 2885 2197 neque
2912 2127 3066 2183 facile
3089 2134 3326 2188 oratione
3350 2135 3610 2201 solvitur;

2017 2205 2125 2260 imo
2167 2223 2237 2263 ne
2274 2211 2517 2268 oratione
2561 2215 2776 2284 quidem
2826 2218 3051 2275 solvitur
3080 2222 3183 2278 tale
3212 2222 3489 2291 delictum,
3519 2229 3614 2282 sed

2015 2311 2114 2366 per
2155 2301 2363 2356 veniam
2409 2318 2745 2374 peccatorum
2806 2310 3021 2367 inimico
3071 2328 3383 2372 concessam
3433 2319 3611 2373 statim

2015 2391 2261 2448 solvitur.
2290 2393 2418 2452 Ideo
2451 2398 2537 2453 illa
2566 2400 2782 2469 quidem
2810 2403 2998 2459 decem
3037 2405 3201 2461 millia
3233 2408 3428 2464 talenta
3455 2426 3616 2465 voea-

2012 2480 2089 2536 vit
2112 2482 2273 2548 Deus,
2306 2502 2497 2557 nempe
2526 2490 2714 2547 delicta
2744 2492 2800 2547 in
2828 2494 3142 2563 Dominum;
3176 2498 3290 2555 haec
3313 2516 3443 2557 vero
3479 2517 3615 2558 ceu-

2014 2582 2126 2628 tum
2152 2575 2402 2635 denarios
2425 2579 2637 2650 (Matth.
2682 2586 2770 2642 l9.
2802 2588 2892 2644 25.
2923 2589 3081 2661 sqq.),
3101 2609 3233 2664 quos
3253 2595 3298 2650 si
3322 2595 3614 2667 dimiseris,

2011 2666 2345 2727 dimittentur
2372 2673 2467 2728 tibi
2501 2674 2689 2733 decem
2718 2679 2885 2735 millia
2913 2683 3128 2741 talenta.

2082 2760 2136 2816 2.
2178 2762 2380 2820 Verum
2408 2766 2478 2823 de
2503 2770 2745 2827 oratione
2769 2773 2918 2827 satis.
2950 2773 3007 2830 Si
3040 2776 3211 2845 placet
3236 2787 3435 2848 autem,
3460 2797 3616 2854 repe-

2014 2853 2108 2908 tito
2134 2856 2295 2926 paulo
2323 2856 2478 2914 altius
2503 2876 2772 2929 sermone,
2809 2863 2874 2919 ad
2907 2867 3263 2936 proditionem
3303 2853 3609 2938 redeamus,

2010 2945 2389 3018 videamusque
2425 2953 2696 3022 quomodo
2725 2956 2979 3012 Dominus
3021 2973 3207 3016 nOSIer
3230 2963 3470 3032 proditus
3517 2965 3608 3020 sit.

2010 3035 2081 3092 Ut
2107 3053 2234 3094 vero
2268 3049 2431 3097 totam
2464 3044 2751 3112 proditoris
2775 3046 3035 3103 insaniam
3066 3051 3387 3121 ediscamus,
3419 3056 3611 3110 simul-

2007 3142 2111 3198 que
2138 3130 2404 3199 iugratum
2431 3133 2674 3205 discipuli
2704 3137 2940 3194 animum
2965 3148 3022 3195 et
3050 3141 3259 3197 Domini
3282 3144 3608 3202 ineffabilem

2006 3220 2346 3277 clementiam
2393 3238 2764 3294 agnoscamus,
2813 3229 3092 3288 audiamus
3133 3235 3404 3304 quomodo
3438 3251 3606 3312 evan.-

2005 3311 2193 3381 gelista
2235 3314 2390 3369 nobis
2417 3317 2532 3386 ejus
2556 3316 2763 3375 facinus
2792 3332 3023 3378 enarret.
3061 3323 3223 3393 Tunc,
3268 3327 3459 3401 inquit,
3485 3311 3611 3387 abiit

2006 3419 2139 3458 unus
2177 3406 2242 3460 de
2269 3406 2555 3476 duodecim,
2596 3410 2764 3466 Iudas
2788 3414 2951 3469 dictus
2991 3414 3282 3487 Iscariotes,
3319 3421 3388 3475 ad
3413 3423 3608 3493 princi-

2007 3508 2095 3563 pes
2121 3497 2464 3565 sacerdotum,
2488 3510 2536 3554 et
2560 3502 2689 3556 dixit
2729 3505 2800 3558 eis
2821 3521 2840 3558 .'
2869 3505 3009 3571 Quid
3034 3509 3182 3563 vultis
3227 3512 3353 3567 mihi
3379 3513 3518 3580 dare,
3561 3524 3611 3569 et

2005 3600 2098 3657 ego
2141 3588 2279 3643 vobis
2324 3590 2524 3646 tradam
2570 3610 2685 3648 cum
2724 3594 2939 3666 (Matth.
2973 3598 3064 3655 26.
3107 3601 3189 3657 14.
3224 3601 3339 3673 15).
3386 3604 3612 3662 Videtur

2004 3678 2219 3747 quidem
2248 3681 2301 3735 id
2330 3683 2474 3752 quod
2502 3684 2701 3741 dictum
2729 3701 2810 3743 est
2840 3690 3041 3746 clarum
3070 3710 3189 3750 esse
3219 3696 3457 3769 nihilque
3487 3715 3608 3760 am-

2005 3768 2142 3836 plius
2184 3771 2552 3841 subindicare;
2605 3778 2699 3833 sed
2740 3780 2785 3834 si
2833 3784 2952 3851 quis
2999 3784 3243 3855 singula,
3296 3768 3415 3860 quae
3465 3794 3611 3851 dicta

2004 3869 2165 3926 sunt,
2193 3864 2492 3929 examinet,
2534 3883 2781 3939 magnam
2809 3873 3048 3942 prmbent
3071 3882 3467 3949 contemplandi
3495 3900 3609 3940 ma~

2006 3952 2549 4028 teriam,multamque
2563 3974 2816 4016 sensuum
2836 3963 3454 4029 profunditatem.Primo
3472 3983 3608 4029 tent-

2004 4057 2105 4112 pus
2135 4046 2581 4105 considerandum
2625 4060 2730 4107 est.
2769 4053 2885 4109 Non
2921 4057 3063 4111 etiim
3118 4059 3430 4131 simpliciter
3474 4066 3602 4121 illud

2003 4134 2205 4192 indicat
2258 4142 2617 4213 evangelista;
2672 4148 3009 4215 nequeenim
3046 4150 3181 4206 dixit
3222 4153 3415 4222 solum,
3448 4156 3603 4224 abiit;

2002 4229 2094 4283 sed
2137 4230 2361 4301 adjecit,
2413 4233 2558 4291 Tunc
2584 4238 2725 4293 abiit.
2771 4240 2951 4307 Tunc,
2991 4244 3373 4313 quandonam?
3423 4250 3603 4322 Ecqua

2002 4318 2071 4375 de
2094 4336 2254 4377 causa
2278 4333 2486 4395 tempus
2508 4327 2741 4385 indicat?
2758 4330 2875 4386 Non
2901 4335 3018 4388 sine
3034 4349 3193 4392 causa
3219 4338 3370 4393 nobis
3393 4318 3604 4412 tempus

2002 4411 2266 4482 signiﬁcat
2288 4419 2612 4488 evangelista
2638 4436 2701 4476 ex
2729 4421 2928 4491 Spiritu
2968 4435 3153 4481 sancto
3175 4428 3398 4501 loquens
3429 4449 3444 4487 :
3478 4411 3601 4488 nam

2000 4504 2089 4571 qui
2135 4520 2202 4559 ex
2252 4506 2454 4579 Spiritu
2498 4511 2754 4583 loquitur.
2782 4516 2917 4572 nihil
2947 4518 3063 4575 sine
3100 4536 3257 4577 eausa
3285 4525 3369 4581 vel
3400 4536 3603 4583 temere

2001 4595 2256 4666 loquitur.
2304 4600 2441 4669 Quid
2467 4601 2626 4674 igitur
2651 4615 2734 4661 est
2758 4607 2909 4677 illud,
2973 4613 3132 4667 tunc!
3155 4616 3293 4670 Ante
3319 4617 3449 4672 illud
3468 4629 3601 4675 tem-

2001 4696 2132 4755 pus,
2176 4700 2301 4746 ante
2345 4692 2491 4748 illam
2535 4695 2723 4752 horam
2769 4701 2995 4756 accessit
3038 4704 3212 4772 puella
3254 4706 3454 4763 habens
3482 4709 3600 4763 ala-

2000 4776 2239 4835 bastrum
2269 4784 2566 4854 unguenti,
2621 4797 2676 4844 et
2720 4788 2904 4847 eﬁ'udit
2928 4792 3106 4848 oleum
3135 4794 3263 4850 illud
3303 4809 3467 4868 super
3502 4813 3598 4853 ea-

2000 4882 2097 4941 put
2145 4873 2378 4932 Domini.
2433 4880 2652 4937 Multam
2700 4882 2858 4939 ﬁdem
2906 4888 3141 4943 ostendit
3179 4890 3409 4959 mulier,
3451 4895 3598 4947 mul-

1999 4972 2107 5020 tam
2136 4967 2473 5028 ministrsndi
2493 4987 2698 5041 curam,
2727 4975 3110 5047 obedientiam,
3138 4981 3390 5052 pietatem
3420 5001 3434 5038 :
3479 5001 3601 5042 mu-

2000 5064 2108 5110 tata
2136 5066 2275 5114 esta
2320 5062 2542 5129 pristina
2588 5065 2730 5130 vita,
2766 5067 3059 5140 meliorque
3107 5086 3170 5127 ac
3210 5079 3599 5146 temperantior

1997 5146 2185 5203 eﬁ‘ecta
2213 5161 2317 5206 est.
2344 5151 2416 5208 Et
2460 5168 2582 5209 cum
2639 5158 2893 5214 meretrix
2940 5162 3186 5232 resipuit,
3234 5180 3355 5221 cum
3410 5168 3599 5224 Dolui-

1999 5254 2127 5292 num
2181 5243 2426 5310 agnovit,
2488 5253 2615 5302 tunc
2651 5247 2941 5319 discipulus
2993 5257 3308 5326 magistrum
3336 5261 3593 5329 prodidit.

1994 5325 2168 5396 Tunc,
2213 5333 2595 5400 quandonam?
2641 5353 2762 5394 cum
2815 5345 3071 5400 meretrix
3096 5325 3387 5414 raceedens,
3419 5350 3593 5406 effuso

1996 5432 2159 5486 super
2193 5422 2355 5488 pedes
2393 5423 2521 5481 Jesu
2569 5431 2824 5499 unguenti
2850 5433 3153 5502 alabastro,
3200 5440 3428 5508 propriis
3472 5440 3595 5496 illos

1995 5510 2204 5579 capillis
2232 5513 2520 5584 abstersit,
2544 5520 2876 5593 multumque
2914 5526 3269 5582 ministerium
3308 5529 3588 5599 extabuit,

1996 5615 2094 5670 per
2117 5602 2420 5673 huiusmodi
2448 5610 2844 5671 confessionem
2874 5628 3065 5672 cuncta
3089 5619 3341 5688 prmteriti
3383 5629 3591 5692 tempo-

1996 5696 2072 5749 ris
2109 5706 2325 5765 peccata
2368 5699 2574 5760 deleas.
2625 5704 2776 5762 Tunc
2830 5708 3039 5779 itaque,
3085 5724 3205 5765 cum
3253 5711 3396 5769 illam
3455 5711 3593 5768 vidit

1998 5793 2203 5845 tantum
2231 5789 2462 5850 ofﬁcium
2490 5797 2742 5865 magistro
2766 5798 3127 5865 exhibentem,
3144 5810 3272 5947 aegre
3297 5807 3384 5861 ille
3401 5808 3465 5862 ad
3481 5809 3587 5863 iui.
