4100 6470
541 344 646 398 εικε

540 474 701 529 quam
729 458 1084 531 proditionem
1135 456 1417 514 festinavit.
1448 456 1514 512 Et
1560 454 1647 510 illa
1670 452 1880 524 quidem
1911 467 1978 508 ex
2015 451 2133 520 ipso

540 551 792 623 nequitia:
842 550 1006 606 fundo
1049 550 1099 604 in
1145 549 1315 619 ipsum
1355 548 1541 604 cadum
1591 544 1862 607 ascendit;
1896 543 1979 597 hic
2006 556 2134 597 vero

542 655 657 715 post
687 647 964 700 innumera
1015 642 1269 698 miracula
1304 651 1360 698 et
1401 641 1573 711 signa,
1618 648 1738 711 post
1785 647 1983 693 tantam
2031 635 2133 691 do-

539 736 806 801 ctrinam,
865 742 985 805 post
1034 733 1358 789 ineffabilem
1386 733 1527 786 illam
1570 731 1776 785 Dotnini
1815 737 2136 797 attempera-

541 830 763 892 tionem,
814 827 865 881 in
931 827 1112 881 tartari
1163 826 1383 881 fundum
1428 824 1643 880 decidit.
1678 823 1906 877 Tantum
1936 822 2133 877 malum

537 929 620 974 est
670 917 913 974 socordia
948 926 1005 974 et
1032 927 1282 989 corrupta
1318 917 1583 972 voluntas.
1617 914 1971 985 Quamobrem
1999 914 2135 969 Pan-

542 1014 625 1065 lns
657 1010 1015 1078 dicebat:Qui
1030 1010 1225 1065 videtur
1249 1018 1402 1077 stare,
1431 1009 1593 1063 uideat
1624 1024 1686 1061 ne
1714 1010 1865 1060 cadat
1894 1007 1973 1077 (Ι.
2006 1004 2129 1061 Cor.

541 1103 629 1158 10.
665 1103 753 1172 12)
782 1119 795 1155 :
840 1112 895 1158 et
948 1101 1208 1174 propheta
1242 1101 1506 1155 clamabat
1550 1100 1674 1154 olim
1704 1118 1717 1155 :
1770 1098 2021 1169 Numqui
2049 1114 2137 1151 ca-

539 1198 634 1258 dit,
667 1211 768 1249 non
810 1194 1081 1266 resurget?
1120 1204 1169 1248 et
1217 1194 1303 1265 qui
1354 1193 1529 1246 avertit
1571 1209 1658 1257 se,
1709 1208 1811 1246 non
1865 1199 2137 1245 revertetur

540 1283 753 1354 (lt-rein.
781 1284 834 1340 8.
857 1285 955 1356 tl)?
1008 1284 1080 1341 Ut
1120 1298 1293 1354 neque
1352 1284 1398 1337 is
1440 1282 1529 1349 qui
1572 1292 1678 1337 stat
1722 1281 1985 1345 confidat,
2040 1280 2134 1335 sed

539 1392 757 1446 semper
783 1376 1039 1432 certando
1074 1376 1363 1441 consistat;
1394 1390 1493 1430 nec
1538 1374 1627 1445 qui
1657 1374 1892 1441 decidit,
1940 1373 2136 1443 deSpe-

541 1479 643 1523 ret.
665 1469 836 1524 Tanta
861 1469 1004 1525 enim
1032 1469 1113 1523 vis
1141 1477 1258 1524 erat
1279 1468 1537 1538 magistri,
1556 1477 1615 1521 ut
1639 1467 1798 1522 etiam
1826 1466 2138 1522 meretrices

541 1570 595 1615 et
627 1560 936 1628 publicanos
963 1558 1297 1630 pertraheret
1329 1560 1395 1614 ad
1421 1560 1691 1630 propriam
1711 1558 2136 1629 obsequentiam.

613 1648 756 1705 Deus
787 1667 885 1705 non
925 1651 1217 1706 necessitate
1252 1651 1498 1721 pertrahit
1535 1652 1605 1704 ad
1642 1650 1827 1705 bonum
1861 1650 2134 1721 agendum.

541 1773 613 1784 —
658 1742 797 1811 Quid
838 1759 1006 1813 ergo,
1052 1743 1295 1814 inquies,
1338 1744 1428 1814 qni
1477 1745 1790 1800 meretrices
1837 1745 2134 1814 pertraxit,

541 1835 862 1906 discipulum
903 1851 1010 1891 non
1053 1836 1224 1905 potuit
1268 1835 1619 1906 pertrahere?
1658 1836 1828 1891 Etiam
1872 1836 2044 1906 potuit
2082 1843 2139 1891 et

542 1928 860 1999 discipulum
889 1928 1238 1998 pertrahere;
1266 1928 1361 1983 sed
1396 1929 1565 1983 noluit
1607 1927 1780 1998 ipsum
1816 1927 2136 1982 necessitate

540 2022 718 2075 facere
740 2021 937 2076 bonum
963 2061 978 2086 ,
1010 2036 1181 2090 neque
1205 2021 1257 2075 vi
1286 2020 1436 2075 illum
1458 2020 1524 2075 ad
1546 2021 1778 2091 seipsum
1803 2019 2135 2090 pertrahere.

540 2111 666 2167 ldeo
691 2111 1018 2183 evangelista
1045 2113 1198 2168 nobis
1223 2127 1286 2167 ea
1316 2127 1541 2167 narrans
1565 2153 1580 2177 ,
1611 2125 1731 2183 qua:
1764 2111 1831 2166 ad
1870 2112 2136 2182 ingratum

540 2203 857 2272 discipulum
898 2203 1251 2273 spectabant,
1296 2203 1472 2259 dixit:
1517 2201 1662 2258 Tunc
1712 2203 1875 2269 abiit,
1920 2203 1974 2259 id
2013 2210 2137 2271 est,

542 2311 648 2349 non
678 2295 745 2350 ab
769 2295 886 2350 aliis
917 2304 1135 2351 vocatus
1158 2337 1174 2362 ,
1209 2311 1383 2366 neque
1421 2306 1639 2352 coactus
1667 2295 1735 2351 ab
1771 2297 1879 2350 alio
1902 2336 1917 2361 ,
1961 2310 2137 2366 neque

539 2388 646 2442 alio
670 2401 730 2442 se
765 2386 1051 2453 hortante;
1098 2386 1193 2441 sed
1234 2397 1427 2458 su0pte
1465 2397 1611 2442 motu
1648 2388 1715 2443 ad
1755 2387 1808 2443 id
1845 2403 2139 2444 conversus

540 2488 623 2534 est
645 2522 661 2545 ,
693 2479 983 2535 ostendens
1014 2495 1071 2534 se
1110 2495 1206 2535 sua
1234 2487 1424 2550 sponte
1459 2491 1513 2535 et
1553 2479 1771 2550 preprio
1809 2479 2030 2535 arbitrio
2069 2479 2140 2535 ad

542 2571 780 2640 iniquum
830 2570 958 2625 illud
1006 2570 1214 2627 facinus
1282 2586 1641 2641 properasse,
1690 2572 1830 2626 nulla
1890 2581 2140 2628 movente

540 2679 741 2729 causa;
786 2664 881 2719 sed
919 2680 949 2719 a
995 2664 1231 2734 nequitia
1268 2665 1410 2719 intus
1458 2663 1782 2720 scaturiente
1821 2664 1890 2718 ad
1932 2663 2139 2719 Domini

543 2756 883 2811 traditionem
935 2757 1170 2827 seipsum
1220 2758 1446 2827 impulit.
1480 2758 1620 2813 Tunc
1674 2758 1846 2814 abiens
1898 2774 2028 2813 unus
2076 2758 2141 2813 de

540 2846 830 2902 duodecim.
857 2848 973 2904 Non
1003 2865 1222 2918 parvum
1245 2851 1448 2905 crimen
1472 2850 1601 2905 illud
1632 2860 1716 2906 est
1744 2850 1883 2921 quod
1909 2849 2134 2917 dicatur,

546 2937 692 2995 Unus
709 2942 772 2994 de
792 2939 1079 2995 duodecim.
1110 2941 1242 3008 Quia
1270 2943 1412 2997 enim
1442 2952 1595 2998 erant
1614 2953 1669 2999 et
1692 2944 1780 2997 alii
1807 2943 2139 3015 septuaginta

543 3031 833 3101 discipuli,
865 3031 988 3087 ideo
1017 3032 1188 3100 dixit,
1222 3032 1367 3089 Unus
1393 3034 1455 3090 de
1481 3036 1786 3102 duodecim;
1827 3037 1879 3092 id
1920 3047 2039 3102 est,
2072 3053 2138 3093 ex

541 3123 757 3179 seleCtis
780 3163 796 3189 ,
825 3123 918 3194 qui
945 3124 1183 3194 quotidie
1208 3140 1331 3180 cum
1358 3128 1449 3182 illo
1477 3128 1830 3183 versabantur
1850 3171 1868 3197 ,
1899 3130 1989 3201 qui
2020 3145 2139 3184 ma-

543 3232 647 3286 gna
702 3216 897 3276 ﬁducia
943 3219 1274 3278 fruebantur.
1321 3222 1391 3279 Ut
1434 3224 1591 3294 igitur
1628 3224 1805 3280 discas
1847 3224 2025 3296 ipsum
2071 3239 2138 3280 ex

540 3306 829 3383 pra-'cipuis
854 3313 1133 3384 discipulis
1162 3316 1329 3371 fuisse
1350 3357 1365 3383 ,
1411 3317 1524 3384 ait,
1570 3316 1714 3372 Unus
1743 3317 1806 3372 de
1848 3317 2136 3372 duodecim.

538 3400 725 3473 Neque
754 3402 808 3458 id
840 3412 979 3461 tacet
1012 3407 1337 3478 evangelista
1363 3450 1376 3472 ,
1408 3417 1465 3462 ut
1494 3416 1548 3463 tu
1577 3409 1770 3465 credas
1792 3450 1807 3476 ,
1838 3409 1954 3465 haec
1974 3450 1989 3475 ,
2019 3424 2139 3479 qua:

540 3494 790 3550 videntur
816 3497 1076 3567 probrosa
1102 3513 1222 3553 esse
1247 3538 1263 3566 ,
1298 3500 1510 3555 Domini
1544 3516 1670 3571 erga
1697 3515 1796 3555 nos
1821 3501 2139 3556 sollicitudi-

545 3599 667 3639 nem
712 3587 1005 3643 ostendere
1028 3628 1043 3653 ,
1079 3589 1222 3658 quod
1267 3589 1472 3644 scilicet
1507 3591 1829 3660 proditorem
1872 3600 1927 3647 et
1966 3589 2139 3647 furem

543 3686 623 3747 tut
659 3676 814 3733 bonis
850 3677 1133 3749 dignatus,
1177 3691 1232 3736 et
1270 3696 1437 3752 usque
1473 3682 1541 3737 ad
1581 3683 1820 3738 ultimam
1861 3699 2139 3755 vesperam

542 3772 854 3828 cohortatus
883 3773 974 3829 sit.
1008 3773 1253 3831 Vidistin’
1282 3777 1617 3832 meretricem
1641 3816 1657 3843 ,
1702 3792 1822 3848 quae
1854 3777 2137 3847 abluerat,

543 3864 769 3919 salutent
804 3874 1015 3920 nactam
1044 3881 1166 3922 esse
1190 3907 1208 3936 ,
1238 3868 1559 3938 discipulum
1591 3883 1719 3924 vero
1745 3909 1762 3934 ,
1800 3871 1924 3941 quia
1960 3872 2141 3941 segnis

544 3953 719 4010 fuerat
741 3995 756 4021 ,
783 3954 1089 4012 decidisse?
1108 3956 1187 4013 Ne
1215 3957 1374 4029 igitur
1393 3958 1462 4015 de
1483 3969 1535 4015 te
1555 3958 1810 4030 desperes
1834 4002 1848 4028 ,
1877 3960 1944 4016 ad
1968 3976 2143 4016 mere-

544 4048 733 4102 tricem
755 4048 1078 4118 respiciens;
1102 4066 1283 4120 neque
1293 4050 1555 4124 confidas,
1579 4051 1645 4123 ad
1665 4051 1910 4123 discipuli
1937 4052 2142 4108 facinus

542 4140 731 4217 oculos
766 4151 1130 4196 convertens:
1165 4142 1324 4198 ambo
1362 4144 1507 4215 enim
1545 4144 1845 4214 perniciosa
1885 4154 2028 4200 sunt.
2056 4146 2140 4201 Ad

545 4231 752 4300 lapsum
781 4233 924 4287 enim
963 4233 1213 4304 proclivis
1257 4244 1340 4290 est
1373 4234 1586 4290 animus
1624 4246 1810 4291 noster
1833 4278 1848 4302 ,
1892 4237 2141 4293 volubilis

541 4323 829 4379 voluntas:
860 4326 1211 4395 quamobrem
1254 4310 1487 4396 undique
1521 4341 1620 4383 nos
1649 4329 1952 4385 muniamus
1979 4343 2140 4398 opor-

545 4423 640 4493 tet.
676 4415 833 4471 Tunc.
851 4417 1021 4473 abiens
1050 4435 1180 4474 unus
1214 4420 1279 4475 de
1314 4420 1578 4475 duodecim
1599 4461 1616 4488 ,
1645 4419 1814 4475 ludas
1840 4420 2133 4476 lscariotes.

545 4507 736 4565 .Viden’
760 4526 828 4566 ex
853 4522 1052 4582 quanto
1086 4513 1254 4568 choro
1295 4514 1536 4571 decidit?
1571 4516 1747 4573 viden’
1781 4527 1979 4588 quanta
2017 4532 2137 4573 sese

544 4599 826 4670 disciplina
858 4603 1126 4673 privavit?
1150 4604 1324 4660 viden’
1348 4616 1605 4677 quantum
1636 4610 1707 4663 sit
1737 4610 1936 4664 malum
1959 4610 2139 4681 segni-

546 4691 694 4748 ties?
719 4690 888 4747 ludas
906 4734 920 4756 ,
944 4694 1126 4765 inquit
1150 4737 1166 4761 ,
1200 4693 1470 4751 lscariotes
1492 4739 1507 4765 ,
1539 4699 1662 4769 quia
1688 4699 1826 4755 alius
1864 4709 1980 4756 erat
2017 4700 2143 4757 huic

544 4785 881 4855 cognominis
903 4826 920 4854 ,
950 4787 1039 4857 qui
1061 4786 1338 4843 dicebatur
1353 4789 1565 4845 Jacobi.
1592 4791 1777 4848 Viden'
1797 4795 2141 4865 evangelista:

545 4877 863 4950 sapientiam
887 4921 902 4945 ,
936 4879 1027 4950 qui
1058 4880 1206 4935 illum
1233 4895 1338 4936 non
1363 4897 1394 4936 a
1417 4880 1654 4938 facinore
1676 4923 1692 4949 ,
1723 4884 1816 4939 sed
1844 4900 1873 4939 a
1901 4886 2019 4940 loco
2046 4902 2145 4942 no-

546 4979 659 5025 tum
690 4970 845 5027 nobis
873 4969 1037 5038 facit,
1064 4973 1154 5042 qui
1181 4972 1342 5029 alium
1369 4990 1476 5030 non
1506 4990 1536 5029 a
1580 4975 1699 5032 loco
1721 5017 1737 5044 ,
1778 4976 1873 5033 sed
1905 4992 1936 5032 a
1976 4979 2144 5048 patris

546 5061 764 5119 numine
803 5064 1232 5133 cognoscendum
1272 5067 1428 5123 nobis
1472 5069 1697 5138 praebet.
1744 5068 1903 5139 Atqui
1948 5085 2141 5126 conse-

544 5165 777 5223 quenter
803 5156 1027 5213 dixisset
1052 5158 1245 5216 Judam
1274 5162 1600 5231 proditorem
1625 5180 1640 5229 ;
1678 5172 2044 5220 verumtamen
2086 5173 2144 5220 ut

548 5261 648 5302 nos
672 5247 893 5304 doceret
920 5249 1155 5323 linguam
1178 5267 1397 5310 servare
1436 5269 1469 5309 a
1501 5256 1876 5311 criminatione
1916 5272 2140 5327 puram,

547 5356 575 5396 a
608 5340 899 5413 proditoris
927 5345 1146 5401 nomine
1180 5346 1430 5403 abstinet.
1463 5347 1740 5404 Discamus
1768 5349 1930 5420 igitur
1966 5349 2144 5405 inimi-

547 5448 734 5488 corum
774 5435 1046 5490 neminem
1086 5450 1209 5491 eum
1252 5438 1498 5495 convicio
1537 5455 1857 5497 memorare.
1897 5439 1956 5497 Si
1998 5441 2143 5496 enim

548 5525 737 5599 beatus
764 5524 851 5581 hic
880 5529 960 5582 vir
985 5526 1311 5598 proditorem
1339 5531 1510 5585 noluit
1530 5532 1801 5588 criminari
1827 5572 1843 5600 ,
1882 5547 2005 5589 cum
2043 5534 2144 5591 hoc

549 5614 789 5687 iniquum
820 5615 1024 5674 facinus
1047 5627 1326 5676 enarraret
1347 5661 1362 5687 ,
1390 5621 1487 5677 sed
1514 5622 1617 5679 hoc
1637 5623 1852 5694 quidem
1881 5626 2045 5680 tacuit
2067 5667 2083 5689 .
2110 5641 2142 5681 a

550 5708 668 5763 loco
697 5721 874 5769 autem
910 5715 1055 5771 unde
1093 5715 1367 5788 prodierat
1408 5726 1593 5773 notum
1634 5718 1781 5775 illum
1834 5717 1999 5774 fecit:
2037 5736 2139 5793 qua

548 5798 749 5855 erimus
777 5807 927 5861 venia
954 5806 1097 5878 digni
1122 5849 1138 5877 ,
1167 5824 1288 5865 cum
1319 5810 1618 5882 proximum
1632 5811 1991 5870 criminamnr
2016 5859 2028 5880 ,
2078 5830 2139 5871 ac

1266 338 1323 395 S.
1362 338 1643 396 JOANNIS
1680 337 2162 395 CllliYSOSTOMI
2202 338 2524 400 ARClllEP.
2564 343 3101 404 CONSTANTlNOP.
3694 349 3780 405 386

2247 462 2391 520 sa'pe
2420 465 2526 506 non
2553 452 2726 507 solum
2755 454 2996 510 inimicos
3038 470 3160 510 cum
3203 457 3515 514 contumelia
3553 474 3783 517 memora-

2250 557 2369 595 mus
2391 584 2409 608 ,
2428 542 2521 598 sed
2543 544 2703 598 etiam
2731 560 2826 599 eos
2849 586 2865 611 ,
2890 547 2980 613 qui
3009 561 3132 616 erga
3161 562 3258 601 nos
3288 548 3423 603 bene
3449 549 3609 605 affecti
3633 553 3787 607 viden-

2251 641 2355 686 tur.
2383 631 2464 688 Ne
2486 674 2505 701 ,
2533 648 2715 703 qumso
2740 678 2755 702 ,
2788 635 2840 690 id
2879 651 3117 706 agamus.
3168 637 3220 692 Id
3265 647 3318 693 et
3358 639 3545 695 Paulus
3584 645 3791 713 przecipit

2247 723 2431 781 dicens
2461 743 2473 778 :
2513 725 2688 781 Omnis
2717 744 2878 782 sermo
2923 729 3084 783 malus
3123 731 3184 783 de
3222 747 3309 784 ore
3344 740 3500 785 vestro
3528 749 3587 785 ne
3611 736 3790 802 prodeat

2251 813 2486 887 (Epltes.
2524 818 2559 872 4
2585 860 2599 885 ,
2645 817 2780 887 9.9).
2832 818 2954 874 ldeo
2996 821 3065 875 ab
3104 820 3404 891 huiusmodi
3448 824 3622 878 morbo
3661 827 3792 895 plane

2249 923 2416 977 purus
2445 909 2632 965 beatus
2658 910 2934 966 Matthmus
2961 911 3173 967 dicebat
3201 929 3216 965 :
3251 912 3389 968 Tunc
3414 914 3579 969 abiens
3605 931 3719 969 unus
3743 918 3795 969 ds

2251 999 2553 1065 duodecim,
2579 1002 2668 1068 qui
2692 1002 2950 1056 dicebatur
2968 1004 3135 1057 ludas
3155 1003 3425 1058 Iscariotes
3447 1046 3461 1070 ,
3486 1006 3551 1059 ad
3574 1008 3794 1076 principes

2249 1093 2565 1145 sacerdotum
2593 1093 2722 1146 dixit
2746 1134 2761 1158 ,
2804 1094 2940 1158 Quid
2968 1093 3120 1148 vultis
3167 1095 3292 1149 mihi
3326 1096 3466 1160 dare,
3492 1106 3535 1149 et
3570 1112 3652 1168 ego
3686 1097 3801 1150 vobis

2251 1182 2451 1235 trudam
2476 1199 2591 1236 eunt
2612 1185 2637 1237 .9
2657 1184 2700 1238 0
2725 1184 3106 1240 exsecrandam
3132 1200 3315 1240 vocem
3340 1185 3356 1240 l
3378 1201 3411 1240 o
3432 1187 3662 1241 insanum
3686 1186 3794 1239 faci-

2249 1288 2350 1329 nus
2375 1275 2388 1329 !
2422 1276 2555 1330 Dum
2585 1277 2697 1331 hazc
2716 1278 2891 1348 cogito
2918 1318 2935 1345 ,
2961 1287 3135 1334 tremo
3157 1321 3174 1346 ,
3196 1279 3399 1334 dilecti.
3420 1278 3681 1347 Quomodo
3699 1278 3802 1333 talis

2251 1381 2358 1422 vox
2388 1383 2454 1422 ex
2485 1383 2579 1423 ore
2607 1370 2847 1425 exsiliit?
2885 1371 3154 1440 quomodo
3195 1372 3430 1442 linguam
3467 1372 3660 1428 movit?
3686 1388 3801 1442 quo-

2251 1460 2412 1516 modo
2436 1461 2615 1517 anima
2641 1478 2672 1517 a
2700 1478 2926 1534 corpore
2952 1479 3058 1520 non
3082 1463 3387 1520 abscessit?
3412 1464 3665 1535 quomodo
3686 1464 3806 1519 labia

2252 1568 2359 1609 non
2389 1554 2826 1625 obtorpuerunt?
2851 1558 3121 1628 quomodo
3149 1573 3258 1613 non
3286 1567 3467 1614 mente
3491 1558 3737 1614 θεοεεεὶιὶ

2320 1647 2374 1703 5.
2417 1648 2553 1713 Quid
2576 1649 2725 1703 vultis
2749 1650 2875 1704 mihi
2899 1651 3041 1717 dare,
3066 1660 3112 1705 et
3126 1666 3218 1722 ego
3233 1651 3371 1706 vobis
3395 1652 3586 1705 tradam
3608 1667 3709 1704 eum
3723 1648 3808 1705 1-

2249 1735 2345 1795 Dic
2368 1739 2499 1795 mihi
2524 1781 2538 1806 ,
2565 1740 2738 1810 Juda,
2785 1741 3020 1799 haeccine
3052 1744 3308 1814 magister
3348 1751 3494 1799 tanto
3522 1755 3741 1812 tempore
3763 1752 3809 1797 te

2249 1829 2474 1887 docuit?
2502 1833 2646 1888 itane
2672 1833 2726 1888 in
2753 1834 3082 1890 oblivionem
3122 1833 3483 1904 frequentium
3521 1833 3809 1889 admonitio-

2246 1939 2376 1980 num
2407 1925 2647 1980 venisti?
2671 1941 2849 1981 nonne
2876 1925 2998 1981 ideo
3031 1925 3201 1993 dixit,
3253 1925 3433 1982 Nolite
3468 1926 3707 1998 possidere
3725 1942 3809 1977 au-

2250 2035 2365 2072 rum
2384 2060 2402 2083 ,
2433 2035 2593 2089 neque
2615 2028 2876 2091 argentum
2904 2019 2924 2090 (
2953 2018 3137 2073 Matth.
3164 2018 3232 2074 ιο
3252 2060 3268 2086 ,
3296 2018 3330 2075 9
3353 2021 3397 2090 ),
3429 2029 3487 2073 ιιι
3506 2019 3611 2089 jam
3651 2016 3759 2072 inde
3783 2032 3810 2071 a

2248 2111 2515 2182 principio
2545 2122 2695 2167 tuum
2723 2128 2848 2182 erga
2878 2112 3138 2184 pecunias
3166 2110 3402 2168 furorem
3430 2111 3812 2183 comprimeret?

2248 2221 2429 2262 nonne
2471 2206 2786 2261 hortabatur
2826 2206 3053 2262 dicens:
3103 2207 3166 2263 Si
3208 2209 3320 2279 quis
3365 2218 3416 2263 te
3455 2208 3733 2280 percusserit
3766 2206 3811 2258 in

2250 2301 2514 2356 maxillam
2539 2301 2797 2355 dertcram
2821 2340 2838 2367 ,
2857 2310 2994 2356 certe
3018 2301 3096 2355 illi
3115 2310 3162 2355 et
3188 2302 3343 2355 aliam
3376 2300 3593 2375 (Matth.
3620 2301 3653 2356 5
3671 2343 3687 2367 ,
3707 2298 3814 2367 59)?

2257 2389 2365 2447 Cur
2384 2434 2399 2459 ,
2428 2409 2611 2463 quaeso
2635 2434 2651 2460 ,
2692 2395 3006 2464 magistrum
3033 2394 3259 2464 prodis?
3285 2409 3354 2451 an
3381 2397 3502 2466 quia
3531 2402 3815 2465 potestatem

2253 2482 2350 2538 tibi
2376 2483 2526 2538 dedit
2551 2483 2809 2539 adversus
2835 2483 3096 2539 da-monia
3123 2525 3139 2550 ,
3169 2485 3240 2539 ita
3261 2495 3319 2540 ut
3344 2484 3559 2541 morbos
3585 2497 3780 2539 curares
3798 2521 3815 2545 .

2248 2577 2493 2648 leprosos
2519 2577 2808 2633 mundares
2831 2617 2848 2645 ,
2876 2586 2933 2633 et
2959 2578 3061 2632 alia
3093 2579 3260 2633 multa
3290 2578 3546 2634 miracula
3571 2585 3812 2648 perpetra-

2250 2670 2387 2725 res?
2413 2684 2512 2740 pro
2539 2669 2693 2725 hisne
2716 2669 2992 2726 beneﬁciis
3019 2669 3133 2725 haec
3177 2671 3252 2725 illi
3289 2670 3510 2741 praemia
3554 2666 3818 2725 retribuist

2248 2759 2295 2817 Ο
2319 2759 2556 2816 furorem
2582 2802 2596 2827 ,
2627 2763 2734 2816 imo
2759 2768 2935 2832 potius
2959 2803 2975 2829 ,
3004 2763 3281 2817 avaritiam
3305 2764 3319 2818 ε
3366 2761 3483 2817 haec
3523 2762 3659 2817 enim
3698 2758 3819 2813 mala

2250 2854 2428 2907 omnia
2455 2854 2676 2908 avaritia
2702 2855 2947 2924 peperit,
2973 2852 3122 2908 radix
3150 2853 3239 2908 illa
3265 2854 3529 2910 malorum
3555 2895 3569 2917 ,
3595 2867 3705 2922 qum
3723 2850 3815 2904 ani-

2252 2958 2369 2998 mas
2397 2952 2608 2999 nostras
2632 2944 2948 2999 obtenebrat
2970 2984 2986 3008 ,
3011 2959 3219 2999 necnon
3248 2944 3393 3015 ipsas
3425 2946 3566 3015 leges
3593 2952 3778 2998 natura:
3798 2979 3815 3003 ,

2248 3052 2369 3107 quae
2397 3036 2448 3092 id
2478 3038 2673 3103 el‘licit,
2708 3048 2766 3093 ut
2795 3045 2975 3093 mente
2995 3038 3314 3093 excedamus
3338 3080 3355 3105 ,
3386 3054 3560 3108 neque
3582 3034 3817 3107 permittit

2253 3138 2311 3184 ut
2340 3129 2426 3184 vel
2450 3129 2699 3185 amicitia:
2722 3168 2738 3197 ,
2783 3130 2870 3185 vel
2897 3130 3228 3200 cognationis
3252 3172 3267 3197 ,
3312 3131 3402 3186 vel
3427 3130 3639 3185 alterius
3665 3127 3820 3197 cujus-

2247 3221 2390 3292 piam
2434 3220 2780 3276 recordemur
2810 3239 2823 3276 :
2854 3220 2951 3276 sed
2981 3221 3152 3276 semel
3194 3236 3476 3277 exezecans
3494 3220 3671 3276 oculos
3689 3232 3822 3272 men-

2250 3312 2320 3367 tis
2348 3322 2583 3380 nostrm,
2610 3326 2710 3367 nos
2741 3311 2797 3366 in
2823 3312 3061 3367 tenebris
3087 3312 3337 3368 incedere
3363 3311 3510 3368 facit.
3541 3311 3607 3366 Et
3640 3317 3694 3365 ut
3732 3308 3821 3362 hoc

2254 3405 2400 3461 clare
2450 3405 2668 3468 discas,
2709 3403 2833 3460 vide
2874 3415 3074 3475 quanta
3112 3412 3241 3459 tunc
3289 3403 3516 3474 ejeeerit
3557 3418 3623 3458 ex
3661 3399 3821 3455 anima

2249 3497 2419 3555 Judre.
2446 3495 2804 3567 Subingressa
2844 3496 3034 3551 istliaec
3058 3496 3286 3551 avaritia
3309 3536 3326 3563 ,
3367 3494 3631 3564 colloquia
3656 3532 3671 3558 ,
3711 3505 3825 3545 eon-

2249 3589 2587 3646 suetudinem
2611 3630 2627 3658 ,
2650 3590 3086 3646 communionem
3104 3629 3119 3653 ,
3146 3587 3448 3643 mirabilem
3477 3587 3616 3642 illam
3641 3581 3822 3638 doctri—

2251 3699 2411 3749 nam,
2438 3684 2617 3739 omnia
2643 3725 2659 3750 ,
2708 3684 2924 3754 inquam
2952 3723 2969 3749 ,
3012 3682 3101 3737 illa
3138 3682 3191 3737 in
3237 3680 3561 3737 oblivionem
3598 3674 3815 3733 adduxit.

2251 3776 2483 3832 Pulchre
2521 3775 2732 3830 dicebat
2772 3775 2989 3839 Paulus,
3031 3772 3204 3829 Radix
3234 3772 3463 3826 omnium
3493 3770 3730 3824 malorum
3760 3771 3825 3818 est

2248 3867 2465 3923 avaritia
2503 3867 2578 3938 (l.
2604 3864 2741 3920 Tim.
2763 3865 2818 3932 6,
2839 3863 2960 3936 10).
2997 3864 3133 3931 Quid
3159 3863 3305 3917 vultis
3339 3862 3469 3917 mihi
3505 3861 3644 3924 dare,
3666 3866 3709 3912 et
3746 3868 3827 3925 ego

2247 3960 2383 4015 vobis
2425 3962 2624 4013 tradam
2671 3960 2837 4014 eunt?
2880 3957 3104 4025 Tradis,
3144 3953 3282 4012 Juda
3305 3995 3319 4020 ,
3366 3972 3492 4012 eum
3537 3953 3626 4026 qui
3666 3948 3825 4006 omnia

2250 4054 2491 4111 continet
2516 4052 2725 4108 verbo?
2752 4051 2940 4107 vendis
2982 4049 3577 4120 incomprehensibilem
3600 4088 3615 4113 ,
3642 4052 3693 4100 et
3729 4041 3828 4112 opi-

2250 4146 2408 4201 ﬁcem
2436 4145 2554 4200 caeli
2585 4153 2642 4199 et
2669 4153 2829 4199 terrae
2851 4184 2867 4211 ,
2898 4152 3196 4198 creatorem
3243 4150 3453 4195 natura:
3479 4149 3671 4194 nosme
3691 4175 3707 4202 ,
3748 4130 3828 4202 qui

2251 4239 2417 4295 verbo
2443 4247 2501 4293 et
2526 4245 2660 4292 nutu
2698 4237 2877 4291 omnia
2919 4234 3242 4290 constituit?
3291 4233 3359 4290 Ut
3406 4233 3567 4304 igitur
3606 4224 3830 4285 ostendat

2249 4330 2393 4403 quod
2421 4329 2615 4385 lubens
2643 4328 2870 4384 traditus
2899 4327 3007 4392 sit,
3038 4326 3162 4382 audi
3189 4324 3318 4395 quid
3343 4323 3526 4381 faciat.
3568 4322 3687 4393 Ipso
3711 4330 3822 4389 pro-

2249 4420 2469 4476 ditionis
2494 4429 2738 4491 tempore
2761 4461 2776 4484 ,
2809 4416 3023 4489 quando
3053 4419 3367 4472 invaserunt
3410 4430 3535 4472 eum
3574 4428 3691 4469 cum
3728 4408 3828 4479 gla-

2255 4513 2361 4570 diis
2388 4521 2445 4568 et
2471 4512 2629 4583 lignis
2651 4553 2664 4578 ,
2698 4509 3034 4581 lampadibus
3056 4518 3113 4564 et
3157 4508 3380 4563 laternis
3408 4504 3652 4562 instructi
3677 4544 3692 4569 ,
3716 4498 3830 4555 dicit

2249 4604 2331 4661 eis
2357 4623 2373 4661 :
2424 4603 2587 4670 Quem
2621 4602 2844 4675 quaeritis
2888 4602 2907 4672 (
2935 4599 3095 4657 Joan.
3125 4599 3193 4655 l8
3216 4639 3232 4667 ,
3263 4599 3298 4654 4
3329 4598 3388 4669 )?
3433 4598 3504 4653 Et
3539 4594 3833 4667 ignorabant

2256 4711 2379 4753 eum
2404 4737 2421 4763 ,
2464 4710 2622 4766 quem
2668 4694 2874 4765 capturi
2914 4701 3086 4749 erant.
3134 4693 3362 4748 Tantum
3408 4690 3595 4747 aberat
3630 4697 3688 4743 ut
3723 4696 3829 4739 eum

2251 4789 2482 4861 prodere
2526 4795 2709 4859 posset
2732 4785 2867 4857 ,‘qui
2911 4800 3085 4856 neque
3123 4793 3449 4856 praesentem
3501 4799 3623 4841 eum
3667 4779 3832 4836 videre

2251 4892 2500 4956 poterat,
2530 4897 2691 4952 quem
2719 4880 3009 4935 traditurus
3048 4887 3205 4945 erat,
3254 4878 3356 4933 etsi
3403 4887 3482 4932 tot
3520 4870 3832 4944 lampadibus

2251 4976 2647 5045 luminibusque
2674 4973 2986 5029 instructus.
3009 4971 3163 5039 Quod
3188 4971 3331 5027 enim
3356 4969 3472 5025 haec
3496 4966 3833 5025 subindicaret

2250 5083 2373 5125 cum
2428 5066 2564 5122 dixit
2606 5082 2702 5122 eos
2741 5075 2797 5121 et
2838 5063 3114 5134 lampades
3165 5069 3221 5117 et
3263 5061 3501 5117 laternas
3554 5057 3827 5114 habuisse,

2250 5175 2427 5231 neque
2454 5161 2534 5216 sic
2558 5175 2682 5215 eum
2710 5156 2978 5213 invenisse
3002 5196 3018 5222 ,
3056 5153 3109 5210 id
3138 5154 3313 5210 innuit
3338 5167 3463 5209 cum
3493 5153 3602 5216 ait,
3634 5145 3699 5201 Et
3736 5142 3832 5197 Ja-

2250 5254 2345 5308 das
2372 5251 2538 5308 stabat
2560 5267 2674 5305 cum
2697 5250 2802 5304 illis
2824 5288 2841 5315 ,
2873 5250 2918 5302 is
2947 5247 3035 5315 qui
3061 5244 3269 5301 dixerat
3292 5283 3309 5311 ,
3339 5242 3455 5315 Ego
3482 5242 3617 5298 nobis
3642 5234 3827 5305 tradam

2248 5365 2386 5404 eum.
2415 5347 2615 5402 Eorum
2639 5344 2836 5415 quippe
2857 5350 3093 5397 mentem
3112 5338 3400 5397 excaecavit
3422 5377 3438 5403 ,
3468 5343 3528 5391 ut
3553 5329 3828 5405 potentiam

2250 5455 2401 5496 suam
2430 5437 2778 5501 ostenderet,
2802 5444 2857 5490 et
2886 5435 2960 5488 illi
2981 5432 3250 5488 discerent
3270 5445 3333 5485 ea
3359 5444 3421 5484 se
3443 5423 3699 5496 aggredi.
3719 5430 3828 5488 qua:

2252 5534 2367 5590 ﬁeri
2397 5548 2503 5587 non
2533 5537 2772 5602 possent.
2816 5526 3021 5583 Deinde
3054 5524 3235 5581 audita
3271 5523 3386 5593 ejus
3423 5535 3559 5577 voce
3600 5516 3830 5572 abierunt

2250 5623 2463 5697 supini,
2493 5631 2549 5680 et
2571 5621 2879 5680 ceciderunt
2906 5618 2962 5673 in
2992 5627 3211 5674 terram.
3240 5612 3434 5670 Vidisti
3473 5606 3737 5683 quomodo
3763 5614 3825 5656 ne

2249 5696 2436 5776 vocem
2456 5716 2671 5789 quidem
2701 5714 2839 5769 ferre
2869 5720 3194 5783 potuerunt,
3221 5708 3317 5765 sed
3340 5706 3594 5779 prolapsu
3621 5696 3830 5758 infirmi-

2253 5825 2418 5871 tatem
2457 5825 2609 5868 suam
2651 5805 3128 5864 demonstrarunt?
3181 5800 3315 5857 Vide
3363 5798 3577 5855 Domini
3611 5794 3823 5850 clemeuo
