4100 6424
421 279 532 334 585

423 396 676 448 ἔσπευσε.
705 393 947 464 Κάκείνη
993 396 1092 466 μὲν
1130 395 1223 449 ἀπ’
1269 394 1432 448 αὐτοῦ
1474 395 1566 448 τοῦ
1611 395 1884 466 πυθμένος
1917 396 2014 464 τῆς

423 479 620 541 κακίας
644 481 724 542 εἰς
749 475 909 532 αὐτὸν
934 479 1026 532 τὸν
1055 479 1283 550 οὐρανὸν
1312 479 1544 549 ἀνῆλθεν
1561 496 1576 512 ο
1607 470 1762 543 οὗτος
1784 478 1842 531 δέ
1877 481 2014 549 μετὰ

425 561 594 634 μυρία
641 562 898 634 θαύματα
940 563 1035 616 καὶ
1069 565 1290 634 σημεῖα,
1322 567 1460 633 μετά
1499 563 1598 633 τὴν
1635 563 1904 633 τοσαύτην
1933 563 2014 616 δι-

421 645 738 706 δασκαλίαν,
766 647 903 716 μετά
933 647 1031 716 τὴν
1060 647 1265 716 ἄφατον
1297 645 1728 714 συγκατάϐασιν,
1750 647 1831 708 είς
1853 647 2014 699 αὑτὸν

421 731 514 784 τὸν
549 729 797 801 πυθμένα
828 730 937 784 τῶν
967 731 1252 802 ταρτάρων
1283 734 1575 786 κατέπεσε.
1608 729 1872 783 Τοσοῦτόν
1900 729 2012 782 ἐστι

425 814 668 886 ῥᾳθυμία
709 813 877 867 κακὸν
926 815 1018 866 καὶ
1060 812 1208 885 [589]
1261 814 1579 886 προαίρεσις
1619 813 2010 884 διεφθαρμένη.

422 897 514 950 Διὸ
551 897 644 950 καὶ
687 896 896 961 Παῦλος
947 896 1162 965 ἐλεγενο
1203 897 1266 949 '0
1309 895 1504 951 δοκῶν
1548 895 1820 959 ἑστάναι,
1861 896 2012 960 ,ϐλεο

423 983 579 1037 πέτω
602 982 684 1055 μὴ
712 983 873 1053 πέσῃ
894 1001 908 1014 ·
939 984 1033 1037 καὶ
1062 986 1089 1036 6
1125 984 1412 1054 προφήτης
1449 984 1618 1037 πάλαι
1661 983 1819 1037 ἐϐόα·
1848 982 1946 1050 Μὴ
1981 986 2014 1037 ὁ

423 1067 660 1120 πίπτων
701 1068 812 1120 οὐκ
859 1067 1216 1130 ἀνίσταται;
1273 1067 1312 1134 ἣ
1367 1070 1399 1120 ό
1455 1065 1850 1134 ἀποστρέφων
1901 1067 2014 1120 οὐκ

421 1149 806 1219 ἐπιστρέφει;
839 1149 926 1202 ἵνα
961 1155 1097 1222 μήτε
1137 1152 1166 1202 ό
1214 1149 1387 1214 ἑστὼς
1409 1150 1608 1222 θαρρῇ,
1639 1151 1754 1204 ἀλλ’
1801 1149 2010 1218 ἐναγώο

419 1231 592 1305 νιος
619 1231 905 1304 διηνεκῶς,
937 1234 1075 1304 μήτε
1114 1234 1143 1286 ό
1177 1232 1504 1287 καταπεσὼν
1535 1231 1758 1304 ἀπογνῷ
1793 1231 2010 1286 ἐαυτοῦ.

423 1315 668 1388 Τοσαύτη
693 1316 802 1387 γάρ
827 1316 860 1386 ἡ
898 1315 1124 1386 δύναμις
1156 1316 1249 1369 τοῦ
1280 1317 1621 1380 διδασκάλου,
1647 1317 1723 1380 ὡς
1749 1316 1843 1370 καὶ
1873 1315 2010 1387 πόρ-

423 1413 518 1459 va;
543 1396 629 1452 καὶ
658 1399 896 1463 τελώνας
923 1400 1332 1454 ἐπισπάσασθαι
1361 1401 1498 1472 πρὸς
1519 1401 1618 1473 τὴν
1645 1399 1852 1454 οἰκείαν
1881 1399 2014 1453 ὐπο-

422 1484 596 1552 ταγήν

492 1599 558 1654 Τί
578 1595 671 1656 οὖν
699 1619 899 1673 φησιν;
942 1603 998 1658 '0
1033 1605 1236 1676 πόρνας
1264 1606 1734 1677 ἐπισπασάμενος,
1758 1605 2010 1678 μαθητὴν

419 1683 522 1736 οὐκ
559 1683 777 1756 ἴσχυσεν
813 1688 1262 1755 ἐπισπάσασθαι;
1305 1691 1435 1752 Ναὶ,
1481 1689 1666 1761 ἴσχυεν
1696 1691 2010 1743 ἐπισπάσαο

423 1769 548 1822 σθαι
599 1769 694 1824 καὶ
744 1770 834 1824 τὸν
887 1771 1180 1844 μαθητήν·
1233 1774 1348 1826 ἀλλ’
1401 1775 1502 1826 οὐκ
1535 1773 1790 1827 ἐϐούλετο
1847 1774 2008 1827 αὐτὸν

420 1853 637 1925 ἀνάγκῃ
665 1855 891 1924 ποιῆσαι
931 1855 1116 1920 καλὸν,
1151 1857 1272 1910 οὐδὲ
1310 1857 1401 1928 βίᾳ
1428 1857 1656 1912 ἑλκύσαι
1684 1857 1847 1911 αὐτὸν
1873 1857 2010 1928 πρὸς

421 1937 634 1989 ἑαυτόν.
669 1937 770 1990 Διά
793 1937 951 1992 τοῦτο
989 1942 1017 1993 ό
1049 1941 1442 2012 εὐαγγελιστὴς
1474 1940 1829 2012 διηγούμενος
1878 1943 2009 2012 ἡμῖν

419 2021 488 2072 τὰ
524 2023 666 2075 κατά
710 2022 805 2076 τὸν
858 2023 1110 2095 μαθητὴν
1154 2025 1244 2078 τὸν
1273 2025 1569 2094 ἀγνώμονα
1615 2026 1804 2096 ἑλεγε’
1865 2027 2009 2081 Τότε

421 2106 753 2174 πορευθεὶς,
799 2111 1097 2175 τουτέστιν,
1132 2112 1232 2181 οὐχ
1266 2111 1357 2180 ὑφ’
1379 2112 1582 2182 ἐτέρων
1613 2111 1856 2181 κληθεὶς,
1883 2110 2007 2164 οὔτε

421 2189 665 2260 βιασθεὶς
698 2193 829 2264 παρ’
847 2193 1030 2260 ἄλλου,
1058 2195 1180 2248 οὐδέ
1211 2196 1341 2267 παρ’
1377 2196 1564 2266 ἐτέρου
1594 2195 1887 2266 δεξάμενος
1909 2198 2008 2268 τὴν

421 2276 774 2347 προτροπὴν,
833 2278 950 2331 ἀλλ’
1015 2278 1228 2333 οἴκοθεν
1309 2280 1631 2352 κινούμενος
1695 2282 1788 2333 ἐπὶ
1850 2281 2010 2334 τοῦτο

419 2357 658 2429 ἐτράπη,
685 2358 899 2424 δεικνὺς
920 2362 1002 2415 ὅτι
1030 2363 1373 2434 αὐτομάτως,
1415 2365 1509 2416 καὶ
1537 2363 1597 2428 ἐξ
1623 2363 1831 2426 οἰκείας
1863 2361 2007 2431 γνώ-

423 2455 531 2511 μης
577 2443 670 2494 ἐπὶ
699 2442 758 2494 :6
803 2443 1120 2516 παράνομον
1169 2445 1328 2498 τοῦτο
1352 2447 1610 2518 τόλμημα
1638 2446 1920 2518 ὥρμησεν,
1947 2446 2007 2513 ἐξ

418 2523 676 2594 οὐδεμιᾶς
699 2526 879 2590 αἰτίας
900 2528 1242 2600 κινούμενος,
1269 2531 1384 2584 ἀλλ’
1400 2530 1620 2600 ὑπὸτῆς
1651 2529 2006 2601 πηγαςούσης

418 2605 631 2660 ἔνδοθεν
665 2610 864 2674 κακίας
891 2611 983 2664 ἐπὶ
1014 2613 1114 2684 τὴν
1137 2613 1427 2683 προδοσίαν
1455 2612 1549 2666 τοῦ
1580 2613 1853 2666 Δεσπότου
1884 2615 2008 2666 ἐαυ-

417 2689 510 2742 τὸν
548 2690 768 2762 ώθήσας
788 2710 800 2722 ·
842 2695 982 2747 Τότε
1019 2696 1332 2762 πορευθεὶς
1357 2693 1445 2761 εἷς
1469 2694 1588 2749 τῶν
1619 2695 1866 2748 δώδεκα.
1897 2695 2008 2748 Καὶ

416 2773 575 2827 τοῦτο
603 2776 663 2826 οὐ
685 2777 881 2847 μικρὸν
911 2776 1164 2848 ἔγκλημα
1179 2779 1241 2832 τὸ
1270 2780 1467 2845 εἰπεῖν,
1487 2774 1593 2844 Εἷς
1609 2779 1726 2831 τῶν
1755 2777 2002 2832 δώδεκα.

432 2855 649 2929 Ἐπειδὴ
683 2858 793 2929 γὰρ
819 2855 960 2930 ἦσαν
987 2861 1082 2913 καὶ
1113 2861 1294 2932 ἐτεροι
1323 2863 1696 2932 ἐϐδομήκοντα
1738 2861 2002 2932 μαθηταὶ,

414 2938 508 2992 διὰ
535 2941 692 2992 τοῦτο
723 2938 896 3008 εἶπεν,
958 2938 1062 3009 Εἷς
1114 2943 1232 2997 τῶν
1278 2943 1530 3009 δώδεκα,
1582 2943 1852 3006 τουτέστι,
1893 2943 2004 2996 τῶν

415 3023 709 3094 ἐγκρίτων,
738 3025 848 3078 τῶν
874 3027 969 3079 καὶ
1003 3025 1123 3080 καθ’
1150 3027 1390 3098 ἑκάστην
1445 3027 1596 3097 αὐτῷ
1636 3044 2001 3097 συναναστρε-

416 3108 694 3179 φομένων,
721 3109 832 3162 τῶν
863 3111 1066 3181 πολλῆς
1098 3112 1481 3164 ἀπολαυόντων
1522 3111 1622 3182 τῆς
1666 3113 2000 3182 παρρησίας.

416 3191 538 3243 ’Ἰνα
563 3188 656 3245 οὖν
683 3193 862 3267 μάθῃς
893 3194 974 3248 ὅτι
1002 3194 1254 3267 μαθητὴς
1284 3191 1352 3267 ἦν
1381 3194 1490 3249 τῶν
1520 3193 1783 3264 δοκίμων,
1815 3194 1999 3264 φησίν

411 3269 520 3342 Ε’ἷς
545 3273 664 3329 τῶν
687 3276 941 3332 δώδεκα.
981 3279 1095 3332 Καὶ
1115 3279 1176 3332 οὐ
1204 3279 1538 3350 παρασιωπᾷ
1570 3278 1745 3332 ταῦτα
1775 3278 2002 3349 γράφων

411 3360 444 3412 6
459 3360 874 3433 εὐαγγελιστὴς,
893 3361 978 3414 ἵνα
1000 3363 1064 3415 σὺ
1093 3362 1339 3426 πεισθεὶς
1364 3364 1448 3415 ὅτι
1467 3361 1641 3415 ταῦτα
1656 3363 1726 3416 τὰ
1742 3361 2005 3416 δοκοῦντα

413 3445 757 3499 ἐπονείδιστα
807 3443 947 3499 εἶναι
1002 3446 1244 3502 δείκνυσι
1279 3446 1374 3501 τοῦ
1408 3448 1681 3503 Δεσπότου
1730 3447 1830 3518 τὴν
1867 3447 2004 3519 πρὸς

413 3529 562 3600 ἡμᾶς
609 3529 954 3600 κηδεμονίαν,
1003 3531 1086 3583 ὅτι
1136 3531 1228 3584 τὸν
1279 3531 1570 3603 προδότην,
1619 3532 1715 3586 τὸν
1762 3531 2003 3600 κλέπτην

411 3611 686 3666 τοσούτων
721 3613 954 3682 ἠξίωσεν
1003 3613 1250 3681 ἀγαθῶν,
1299 3616 1396 3667 καὶ
1439 3615 1605 3688 μέχρι
1634 3617 1736 3686 τῆς
1763 3617 2004 3686 ἐσχάτης

412 3697 656 3768 ἑσπέρας
705 3698 958 3769 παρῄνει.
984 3691 1140 3761 Εἶδες
1187 3698 1305 3761 πῶς
1348 3700 1382 3769 ἡ
1430 3700 1608 3769 πόρνη
1643 3700 1743 3769 μὲν
1786 3700 2001 3771 ἐσώθη,

411 3781 606 3853 ἐπειδὴ
634 3782 817 3852 ἔνιψεν
839 3799 852 3811 ⁶
887 3785 914 3835 6
965 3782 1214 3855 μαθητὴς
1252 3782 1308 3835 δὲ
1340 3783 1667 3854 ρᾳθυμήσας
1696 3783 1998 3851 κατέπεσε;

412 3865 507 3937 Μὴ
527 3865 706 3919 τοίνυν
737 3864 994 3936 ἀπογνῷς
1020 3865 1214 3919 ἐαυτοῦ
1236 3865 1374 3936 πρὸς
1401 3865 1498 3936 τὴν
1528 3866 1734 3938 πόρνην
1757 3865 2001 3934 ἀφορῶν,

417 3950 557 4024 μηδὲ
593 3949 876 4020 θαρσήσῃς
912 3949 1075 4002 πάλιν
1103 3950 1242 4019 πρὸς
1269 3951 1369 4020 τὴν
1398 3948 1493 4001 τοῦ
1528 3949 1773 4020 μαθητοῦ
1794 3950 2003 4020 τόλμαν

410 4032 618 4088 ἀπιδών
635 4051 648 4064 ν
678 4035 964 4104 ἀμφότερα
992 4033 1101 4106 γὰρ
1126 4033 1369 4104 ὀλέθρια.
1405 4034 1697 4099 Εὐόλισθος
1714 4034 1824 4107 γὰρ
1844 4035 2003 4105 ἡμῶν

409 4120 448 4188 ἡ
477 4117 694 4189 γνώμη,
721 4118 1146 4190 εὐπερίτρεπτος
1187 4121 1220 4189 ὴ
1254 4119 1575 4191 προαίρεσις
1596 4135 1609 4148 '
1632 4121 1714 4173 6:6
1738 4121 2002 4176 πάντοθεν

411 4201 810 4272 ἀσφαλίζεσθαι
850 4203 979 4274 χρή.
1022 4201 1158 4254 Τότε
1203 4204 1515 4271 πορευθεὶς
1545 4198 1635 4270 εἷς
1677 4205 1796 4258 τὼν
1825 4204 2002 4258 δώδε-

412 4302 514 4351 κα,
568 4284 797 4352 Ἰούδας
840 4289 871 4339 ό
915 4284 1310 4353 Ἰσκαριώτης.
1345 4287 1510 4358 Ὁρᾷς
1542 4287 1694 4340 ποίου
1722 4287 1882 4359 χοροῦ
1911 4288 2001 4353 ἐξ·

416 4370 648 4433 ἐπεσεν;
699 4372 832 4441 ὁρᾷς
872 4369 1032 4433 ποίας
1063 4369 1410 4434 διδασκαλίας
1444 4371 1635 4424 ἐαυτὸν
1661 4373 1956 4444 ἐστέρησεν
1984 4389 1999 4439 ;

412 4457 548 4527 ὁρᾷς
600 4454 764 4508 πόσον
820 4455 988 4510 κακὸν
1038 4457 1071 4525 ἡ
1121 4455 1401 4527 ῥᾳθυμίας
1466 4455 1698 4520 Ἰούδας,
1739 4460 1934 4529 φησὶν,
1974 4459 2002 4511 6

429 4539 800 4613 Ἰσκαριώτης,
839 4541 1029 4614 ἐπειδὴ
1080 4541 1266 4612 ἐτερος
1314 4537 1382 4612 ἦν
1432 4541 1608 4614 τούτῳ
1648 4541 1938 4614 ὁμώνυμος
1975 4544 2003 4595 6

412 4626 707 4698 λεγόμενος
749 4626 1028 4682 Ἰακώϐου.
1081 4627 1245 4701 Ὁρᾷς
1299 4627 1393 4680 τοῦ
1451 4627 1846 4697 εὐαγγελιστοῦ
1901 4628 2002 4699 τὴν

415 4713 634 4782 σοφίαν,
667 4713 751 4766 ὅτι
780 4713 882 4767 οὐκ
913 4714 1022 4768 ἀπὸ
1051 4715 1147 4768 τοῦ
1182 4715 1558 4786 τολμήματος,
1603 4713 1718 4768 ἀλλ’
1758 4715 1866 4769 ἀπδ
1907 4715 2002 4768 τοῦ

411 4799 605 4864 τόπου,
629 4797 787 4868 δῆλον
828 4798 962 4868 ἡμῖν
990 4797 1153 4851 αὐτὸν
1189 4802 1351 4862 ποιεῖ,
1383 4801 1592 4852 ἐκεῖνον
1619 4799 1720 4852 οὐκ
1749 4799 1859 4852 ἀπὸ
1904 4797 2000 4852 τοῦ

413 4884 604 4945 τόπου,
637 4882 750 4936 ἀλλ’
783 4881 892 4936 ἀπὸ
919 4882 1021 4952 τῆς
1053 4884 1450 4954 πατρωνυμίας
1493 4883 1768 4955 γνώριμον
1796 4884 2000 4949 ποιῶν;

414 4973 611 5026 Καίτοι
666 4986 729 5037 γε
779 4967 1071 5022 ἀκόλουθον
1118 4966 1188 5040 ἧν
1241 4970 1434 5035 εἰπεῖν,
1493 4971 1690 5024 Ἰούδαν
1738 4968 1831 5022 τὸν
1864 4985 2000 5041 προ-

413 5058 574 5128 δότην
595 5075 610 5090 ο
643 5055 758 5109 ἀλλ’
801 5056 888 5109 ἵνα
923 5056 1069 5126 ἡμᾶς
1108 5054 1373 5128 παιδεύσῃ
1419 5057 1668 5128 καθαρὰν
1700 5055 1844 5128 ἔχειν
1873 5074 2003 5111 κατ-

415 5141 646 5213 ηγορίας
699 5139 798 5211 τὴν
856 5139 1109 5208 γλῶσσαν
1137 5177 1152 5204 ,
1207 5139 1302 5191 καὶ
1358 5139 1491 5193 αὐτὸ
1546 5140 1609 5193 τὸ
1654 5143 1830 5194 εἰπεῖν
1871 5159 2003 5212 προ-

415 5225 571 5281 δότου
632 5225 890 5295 φείδεται.
951 5223 1344 5294 Παιδευώμεθα
1395 5225 1576 5278 τοίνυν
1635 5227 1839 5298 μηδένα
1894 5227 2003 5282 τῶν

416 5309 630 5384 ἐχθρῶν
689 5309 876 5375 κακῶς
931 5308 1262 5382 μεμνῆσθαι.
1333 5309 1397 5362 El
1457 5308 1567 5381 γὰρ
1635 5311 1664 5362 6
1733 5313 2002 5383 μακάριος

415 5390 570 5457 οὗτος
603 5392 700 5447 τοῦ
752 5393 1012 5464 προδότου
1044 5394 1147 5447 οὐκ
1198 5391 1460 5462 ἠνέσχετο
1492 5398 1901 5468 κατηγορῆσαι,
1943 5399 2006 5452 :6

417 5481 737 5550 παράνομον
783 5477 944 5531 τοῦτο
974 5479 1233 5550 τόλμημα
1265 5477 1642 5549 διηγούμενος,
1697 5481 1856 5537 τοῦτο
1905 5483 2005 5554 μὲν

416 5561 824 5633 ἀπεσιώπησεν,
849 5561 956 5615 ἀπὸ
979 5561 1036 5616 δὲ
1071 5562 1164 5616 τοῦ
1196 5562 1382 5629 τόπου,
1419 5563 1540 5617 ὅθεν
1563 5563 1808 5637 ὥρμητο,
1845 5568 2005 5638 δῆλον

417 5647 582 5703 αὐτὸν
613 5649 786 5700 ποιεῖ’
823 5647 982 5710 ποίας
1010 5647 1078 5700 ἂν
1108 5648 1300 5720 εἴημεν
1320 5651 1482 5722 ἡμεῖς
1506 5650 1646 5718 ἄξιοι
1675 5658 2006 5724 συγγνώμης

419 5732 546 5798 τοὺς
576 5731 802 5805 πλησίον
830 5733 1300 5804 κακηγοροῦντες;
1325 5737 1433 5790 Καὶ
1461 5735 1722 5802 πολλάκις
1748 5737 1810 5791 οὐ
1840 5737 2000 5808 μόνον

1485 270 1573 332 DE
1612 276 2033 333 PRODITIONE
2072 277 2288 337 JIEDJE.
2335 281 2569 338 HOMIL.
2613 281 2676 336 11.

3600 292 3631 342 5
3671 293 3704 341 6

2129 396 2280 470 [590]
2313 398 2419 454 τῶν
2447 399 2659 470 ἐχθρῶν
2697 397 3022 472 μεμνήμεθα
3047 396 3165 468 μεθ’
3204 397 3434 470 ὕϐρεως,
3457 400 3591 455 ἀλλά
3619 402 3709 454 καὶ

2124 481 2232 534 τῶν
2257 482 2558 536 δοκούντων
2588 483 2724 554 πρὸς
2750 485 2782 554 ἡ
2793 484 2900 552 μᾶς
2938 481 3082 552 ἔχειν
3100 482 3358 538 διάθεσιν.
3387 484 3499 556 Μὴ,
3528 504 3708 558 παρα-

2126 563 2296 617 καλῶ.
2328 563 2500 618 Τοῦτο
2514 567 2606 618 καὶ¹
2624 566 2836 630 Παῦλος
2865 568 3120 638 παραινεῖ
3149 565 3322 636 λέγων
3342 584 3355 597 ·
3380 567 3505 634 Πᾶς
3527 571 3711 639 λόγος

2123 647 2359 716 σαπρὸς
2389 649 2458 702 ἐκ
2482 650 2588 704 τοῦ
2620 653 2920 721 στόματος
2946 649 3114 721 ὑμῶν
3135 651 3223 720 μὴ
3269 652 3708 721 ἐκπορευέσθω.

2123 731 2220 784 Διά
2275 730 2436 784 τοῦτο
2487 735 2689 797 παντὸς
2747 735 2990 789 τοιούτου
3052 735 3261 799 πάθους
3314 736 3636 810 καθαρεύων
3680 741 3710 792 ό

2126 815 2395 887 μακάριος
2418 816 2697 881 Ματθαίος
2723 817 2909 887 ἔλεγεο
2952 821 3091 874 Τότε
3120 821 3438 888 πορευθείς
3468 816 3557 888 εἷς
3590 821 3709 874 τῶν

2122 897 2369 964 δώδεκα,
2398 902 2431 954 ό
2455 902 2778 971 λεγόμενος
2817 902 3048 970 Ἰούδας
3071 906 3104 957 ό
3134 902 3536 973 Ἰσκαριώτης,
3557 905 3710 972 πρὸς

2123 981 2264 1049 τοὺς
2303 983 2599 1052 ἀρχιερεῖς
2627 981 2776 1039 εἷπε·
2814 987 2874 1039 Τί
2900 986 3106 1041 θέλετέ
3141 1005 3244 1056 μοι
3281 987 3514 1053 δοῦναι,
3545 987 3708 1058 κάγὼ

2120 1065 2265 1133 ὑμῖν
2313 1067 2646 1136 παραδώσω
2704 1069 2923 1133 αὐτόν;
2984 1072 3050 1124 Ὢ
3114 1073 3318 1144 μιαρᾶς
3382 1072 3606 1142 φωνῆςί
3661 1072 3709 1125 ὦ

2119 1148 2328 1219 τόλμης
2364 1152 2549 1206 ἀνοιαί
2581 1153 2986 1225 ἐνθυμούμενος
3005 1155 3218 1227 τρέμω,
3248 1156 3552 1228 ἀγαπητοὶ,
3587 1155 3708 1219 πῶς

2120 1231 2420 1305 ἐξεπήδησε
2466 1235 2562 1289 τοῦ
2609 1237 2876 1307 στόματος
2903 1240 2938 1309 ἡ
2969 1239 3140 1310 φωνὴ,
3179 1238 3302 1303 πῶς
3332 1240 3431 1312 τὴν
3460 1238 3707 1308 γλῶτταν

2119 1317 2360 1389 ἐκίνησε,
2399 1318 2516 1382 πῶς
2550 1320 2651 1373 οὐκ
2688 1321 2900 1391 ἀπέστη
2932 1322 3028 1374 τοῦ
3052 1322 3302 1394 σώματος
3334 1326 3368 1396 ἡ
3408 1323 3708 1395 ψυχὴ,πῶς

2119 1403 2220 1456 οὐκ
2268 1403 2581 1477 ἐνάρκησαν
2627 1405 2697 1461 τὰ
2729 1407 2905 1479 χείλη,
2935 1408 3053 1472 πῶς
3099 1408 3200 1462 οὐκ
3247 1408 3440 1481 ἐξέστη
3490 1412 3555 1480 τῇ
3589 1409 3709 1462 δια-

2118 1503 2256 1558 νοιᾳ.

2189 1644 2259 1713 γ’.
2301 1646 2362 1700 Τί
2390 1646 2592 1702 θέλετέ
2605 1666 2708 1717 μοι
2737 1647 2970 1715 δοῦναι,
3011 1650 3174 1722 κάγὼ
3198 1650 3344 1722 ὑμῖν
3377 1649 3708 1720 παραδώσω

2118 1730 2307 1783 αὐτόν
2323 1746 2341 1792 ;
2367 1730 2501 1784 Είπέ
2537 1749 2650 1802 μοι,
2690 1733 2880 1800 Ἰούδα,
2909 1732 3089 1788 ταῦτά
3111 1752 3190 1788 σοι
3221 1735 3542 1790 ἐπαίδευσεν
3567 1736 3596 1788 6
3627 1733 3708 1787 δι-

2117 1812 2383 1876 δάσκαλος
2423 1816 2482 1868 ἐν
2520 1816 2760 1888 τοσούτῳ
2796 1818 3012 1889 χρόνῳς
3058 1819 3201 1871 οὕτω
3243 1817 3414 1889 λήθην
3461 1818 3707 1888 ἐποιήσω

2117 1896 2225 1950 τῶν
2256 1898 2496 1968 συνεχῶν
2522 1902 2899 1971 παραινέσεων
2924 1919 2938 1967 ;
2972 1903 3034 1956 οὐ
3069 1903 3158 1956 διὰ
3179 1902 3338 1955 τοῦτο
3370 1902 3524 1971 ἔλεγε
3543 1943 3559 1968 ,
3606 1900 3706 1969 Μὴ

2119 1979 2430 2047 κτήσησθε
2454 1983 2709 2050 χρυσὸν,
2733 1984 2889 2054 μήτε
2912 1985 3197 2056 ἄργυρον,
3230 1983 3438 2039 ἀνωθεν
3469 1999 3710 2055 προανα-

2120 2063 2354 2117 στέλλων
2382 2082 2475 2117 σου
2503 2066 2604 2136 τῆς
2652 2068 2779 2138 περὶ
2809 2069 2876 2122 τά
2902 2070 3157 2139 χρήματα
3182 2068 3374 2140 μανίας
3399 2067 3498 2140 τὴν
3538 2068 3706 2139 ὐπερσ

2117 2146 2308 2218 ϐολήνς
2343 2148 2403 2200 οὐ
2434 2151 2665 2223 παρῄνει
2697 2149 2889 2217 λέγων,
2941 2149 3082 2205 Ἐάν
3112 2152 3205 2218 τίς
3234 2166 3309 2205 σε
3340 2152 3578 2220 ῥαπίσῃ
3618 2153 3703 2216 είς

2117 2228 2233 2296 τὴν
2278 2230 2489 2295 δεξιὰν
2545 2234 2835 2304 σιαγόνα,
2885 2233 3158 2303 στρέψον
3215 2233 3377 2300 αὐτῷ
3436 2235 3533 2288 καί
3590 2233 3707 2301 τὴν

2115 2313 2350 2383 ἇλλην;
2384 2316 2540 2380 Τίνος
2579 2316 2785 2384 ἕνεκεν,
2838 2319 2960 2372 είπέ
3001 2336 3110 2388 μοι,
3154 2317 3466 2388 παραδίδως
3503 2318 3594 2370 τόν
3629 2319 3706 2371 6:-

2115 2395 2418 2463 δάσκαλον;
2444 2400 2647 2470 ὄτιτὴν
2693 2400 2836 2454 κατὰ
2861 2400 2972 2454 τῶν
3001 2400 3272 2468 δαιμόνων
3315 2397 3566 2464 ἐξουσίαν
3621 2417 3702 2453 σοι

2118 2479 2454 2551 παρέδωκεν,
2485 2483 2562 2546 ὡς
2585 2485 2678 2537 καὶ
2693 2485 2976 2556 νοσήματα
3001 2483 3348 2554 θεραπεύειν,
3364 2484 3704 2555 καὶλεπρούς

2116 2563 2423 2634 καθαίρειν,
2443 2567 2538 2618 καὶ
2562 2565 2726 2635 ἐτερα
2749 2565 2920 2619 πολλά
2948 2567 3174 2620 τοιαῦτα
3216 2564 3472 2636 θαύματα
3499 2567 3705 2620 ἐπιδεί-

2116 2645 2382 2711 κνυσθαι;
2449 2649 2572 2703 ἀντὶ
2615 2645 2709 2703 οῦν
2739 2649 2850 2704 τῶν
2893 2649 3224 2720 εὐεργεσιῶν
3253 2650 3460 2704 τούτων
3505 2650 3707 2714 ταύτας

2114 2729 2266 2800 αὐτῷ
2298 2729 2564 2794 ἀποδίδως
2590 2729 2692 2795 τὰς
2721 2732 2990 2800 ἁμοι6ἀς;
3031 2735 3096 2785 Ὠ
3123 2733 3222 2804 τῆς
3248 2733 3462 2804 μανίας,
3502 2732 3704 2804 μᾶλλον

2112 2811 2171 2865 δὲ
2200 2813 2299 2884 τῆς
2330 2812 2729 2884 φιλαργυρίαςί
2759 2814 2946 2867 Πάντα
2993 2815 3101 2886 γάρ
3148 2816 3326 2869 ταῦτα
3371 2816 3440 2869 τὰ
3493 2815 3640 2870 κακά
3667 2817 3702 2885 ἡ

2114 2895 2451 2968 φιλαργυρία
2482 2899 2810 2968 πεποίηκεν,
2839 2899 2874 2970 ἡ
2909 2899 3034 2970 ῥίζα
3060 2898 3171 2953 τῶν
3215 2899 3424 2964 κακῶν,
3452 2899 3574 2970 ἥτις
3601 2901 3703 2963 τάς

2111 2979 2291 3049 ψυχὰς
2342 2980 2499 3050 ήμῶν
2553 2984 2738 3034 σκοτοί.⁹
2792 2982 2887 3036 καὶ
2925 2983 3125 3045 αὐτοὺς
3172 2983 3300 3044 τοὺς
3341 2982 3443 3050 τῆς
3485 2981 3704 3050 φύσεως

2113 3061 2333 3132 νόμους,
2364 3064 2458 3116 καὶ
2486 3063 2663 3117 αὐτῶν
2695 3067 2842 3134 ἡμᾶς
2870 3065 3124 3118 ἐκϐάλλει
3166 3065 3273 3118 τῶν
3318 3065 3562 3135 φρενῶν,
3611 3065 3704 3118 καὶ

2111 3147 2212 3199 οὐκ
2236 3147 2461 3219 ἀφίησιν
2482 3146 2605 3202 οὔτε
2646 3148 2829 3217 φιλίας
2867 3147 2992 3202 οὔτε
3027 3149 3349 3218 συγγενείας
3385 3147 3509 3202 οὔτε
3540 3147 3704 3202 ἄλλου

2111 3231 2256 3294 τινὸς
2289 3231 2599 3302 μεμνῆσθαι
2619 3245 2633 3260 ⁸
2676 3231 2818 3284 ἀλλὰ
2840 3230 3096 3296 καθάπαξ
3126 3230 3435 3304 πηρώσασα
3460 3231 3617 3302 ἡμῶν
3637 3235 3705 3285 τα

2111 3314 2335 3385 όμματα
2383 3314 2484 3384 τῆς
2519 3313 2788 3380 διανοίας,
2831 3313 3006 3379 οὕτως
3057 3316 3114 3368 ἐν
3170 3317 3354 3370 σκότει
3411 3317 3558 3368 ποιεῖ
3609 3313 3708 3385 βα·-

2110 3399 2299 3464 δίζειν.
2335 3399 2445 3453 Καὶ
2477 3399 2565 3453 ἵνα
2599 3399 2781 3472 μάθῃς
2817 3399 2978 3453 τοῦτο
3019 3399 3230 3468 σαφῶς,
3261 3399 3363 3470 ὅρα
3402 3399 3525 3453 τότε
3561 3400 3706 3453 πόσα

2113 3482 2366 3547 ἐξέϐαλεν
2391 3485 2457 3536 ἐκ
2477 3482 2575 3554 τῆς
2593 3482 2688 3535 τοῦ
2716 3482 2887 3536 Ἰούδα
2901 3482 3101 3553 ψυχῆς.
3134 3482 3283 3553 Αὕτη
3313 3481 3706 3536 ἐπεισελθοῦσα

2111 3567 2211 3637 τὴν
2239 3564 2480 3636 ὁμιλίαν,
2509 3564 2609 3636 τὴν
2633 3565 2946 3637 συνήθειαν,
2979 3565 3082 3637 τὴν
3112 3565 3422 3628 κοινωνίαν,
3448 3565 3547 3637 τὴν
3573 3565 3706 3619 θαυ-

2115 3650 2327 3721 μαστὴν
2347 3649 2719 3712 διδασκαλίαν,
2747 3651 2926 3703 πάντα
2959 3650 3134 3704 ταῦτα
3163 3649 3243 3713 είς
3266 3649 3437 3722 λήθην
3454 3650 3709 3704 ἐνέϐαλεν

2113 3735 2147 3804 ή
2178 3733 2534 3805 φιλαργυρία.
2566 3733 2766 3796 Καλῶς
2791 3733 2947 3802 ἔλεγε
2976 3733 3212 3797 Παῦλος,
3249 3734 3333 3787 ὅτι
3372 3732 3522 3794 Ῥίζα
3557 3733 3710 3788 πάνυ

2111 3835 2231 3870 των
2253 3817 2373 3869 τῶν
2397 3815 2601 3870 κακῶν
2627 3817 2801 3870 ἐστιν
2826 3817 2866 3882 ’ἡ
2906 3817 3293 3886 φιλαργυρία.
3315 3846 3387 3858 -—
3411 3817 3472 3871 Τί
3498 3816 3708 3872 θέλετέ

2105 3917 2208 3969 μοι
2237 3898 2467 3962 δοῦναι,
2499 3897 2662 3969 κάγὼ
2680 3899 2828 3968 ὑμῖν
2853 3898 3189 3968 παραδώσω
3216 3900 3405 3953 αὐτόν
3419 3914 3441 3963 ;
3474 3899 3711 3970 Παραδί-

2110 3982 2235 4048 δως,
2254 3981 2445 4043 Ἰούδα,
2465 3981 2553 4035 τὸν
2579 3982 2648 4035 τά
2677 3982 2856 4036 πάντα
2879 3982 3169 4052 συνέχοντα
3191 3982 3363 4053 λόγῳ;
3392 3983 3592 4046 πωλεῖς
3613 3983 3707 4035 :6v

2111 4067 2517 4139 ἀκατάληπτον,
2553 4066 2644 4120 :6v
2683 4067 2908 4137 κτίστην
2946 4066 3176 4137 οὐρανοῦ
3218 4084 3279 4119 τε
3320 4066 3415 4121 καὶ
3462 4067 3588 4137 γῆς,
3613 4064 3707 4118 τὸν

2111 4150 2444 4222 δημιουργὸν
2469 4149 2568 4219 τῆς
2592 4151 2870 4222 ἡμετέρας
2904 4150 3143 4219 φύσεως,
3179 4149 3272 4203 τὸν
3298 4149 3442 4221 λόγῳ
3475 4150 3570 4202 καὶ
3593 4147 3707 4201 νεύ-

2115 4251 2248 4305 ματι
2267 4234 2335 4287 τὰ
2351 4233 2532 4287 πάντα
2558 4233 2972 4304 συστησάμενον
2993 4251 3007 4301 ;
3031 4235 3148 4287 Ἵνα
3177 4229 3271 4286 οὖν
3291 4233 3439 4305 δείξῃ
3459 4233 3540 4286 6::
3563 4230 3705 4286 ἑκὼν

2113 4318 2407 4392 παρεδόθη,
2454 4319 2684 4372 ἄκουσον
2713 4317 2767 4370 τί
2808 4320 2973 4371 ποιεῖ.
3024 4320 3160 4373 Κατ’
3188 4319 3350 4374 αὐτὸν
3382 4319 3474 4372 τὸν
3513 4316 3705 4388 καιρὸν

2110 4405 2212 4475 τῆς
2263 4401 2577 4474 προδοσίας,
2614 4402 2704 4454 ὅτε
2739 4401 2972 4472 ἐπῆλθον
3025 4402 3175 4474 αὐτῷ
3229 4402 3366 4473 μετὰ
3420 4399 3706 4473 μαχαιρῶν

2112 4487 2209 4541 καὶ
2238 4485 2432 4553 ξύλων,
2474 4484 2766 4555 λαμπάδας
2795 4485 2890 4539 καὶ
2930 4485 3133 4554 φανοὺς
3163 4485 3404 4556 ἔχοντες,
3430 4485 3579 4553 λέγει
3603 4485 3704 4537 αὐ-

2111 4574 2252 4636 τοῖς’
2293 4571 2432 4626 Τίνα
2469 4569 2722 4639 (meite;
2753 4571 2864 4623 Καὶ
2889 4569 3166 4641 ἠγνόησαν
3205 4570 3265 4624 6v
3308 4569 3542 4642 ἡμελλον
3573 4568 3703 4623 συλ-

2111 4655 2429 4728 λαμϐάνειν.
2455 4653 2724 4708 Τοσοῦτον
2759 4655 2985 4726 ἀπεῖχεν
3024 4657 3233 4719 ἐκεῖνος
3269 4656 3364 4710 τοῦ
3402 4653 3700 4727 δυνηθῆναι

2112 4737 2451 4810 παραδοῦναι
2483 4738 2666 4802 αὐτὸν,
2697 4739 2781 4792 6::
2805 4739 2926 4792 οὐδέ
2946 4738 3078 4809 όρᾷν
3109 4738 3274 4792 αὐτὸν
3303 4737 3536 4808 ἠδύνατο
3561 4753 3702 4806 παρ-

2109 4823 2238 4876 όντα
2258 4861 2274 4886 ,
2305 4822 2365 4876 ὃν
2394 4821 2597 4894 ἧμελλε
2639 4821 3020 4893 παραδιδόναι,
3066 4823 3162 4876 καὶ
3197 4821 3371 4874 ταῦτα
3400 4819 3700 4891 λαμπάδων

2110 4907 2287 4960 οὐσῶν
2341 4907 2436 4960 καὶ
2485 4906 2664 4976 φωτὸς
2695 4905 2975 4960 τοσούτου,
3008 4905 3134 4958 ’Ότι
3182 4904 3292 4976 γὰρ
3332 4903 3493 4957 τοῦτο
3525 4905 3699 4960 αἰνιτ-

2109 4990 2336 5060 τόμενος
2388 4986 2562 5055 εἶπεν,
2608 4991 2690 5043 6::
2717 4989 3009 5060 λαμπάδας
3039 4989 3132 5042 καὶ
3163 4989 3365 5059 φανοὺς
3407 4983 3573 5058 εἶχον,
3608 4988 3703 5041 καὶ

2110 5073 2231 5126 οὐδὲ
2247 5072 2422 5137 οὕτως
2447 5073 2614 5128 αὐτὸν
2644 5073 2931 5144 ηὕρισκον,
2951 5075 3087 5144 φησὶ
3119 5073 3297 5146 [γάρ],
3327 5073 3438 5128 Καὶ
3471 5072 3703 5138 Ἰούδας

2111 5155 2375 5223 εἱστήκει
2392 5157 2520 5226 μετ’
2549 5156 2769 5224 αὐτῶν,
2801 5159 3008 5224 ἐκεῖνος
3037 5157 3227 5213 εἰπών·
3254 5159 3398 5229 Ἐγὼ
3425 5158 3568 5228 ὑμῖν
3599 5173 3704 5211 πα-

2103 5241 2358 5312 ραδώσω
2391 5243 2598 5295 αὐτόν.
2644 5241 2930 5313 Ἐπήρωσε
2963 5243 3070 5314 γὰρ
3094 5243 3277 5298 αὐτῶν
3311 5245 3409 5315 τὴν
3437 5243 3699 5303 διάνοιαν,

2113 5325 2436 5396 βουλόμενος
2463 5323 2633 5391 δεῖξαι
2659 5326 2758 5397 τὴν
2785 5325 2991 5380 οἰκείαν
3019 5327 3268 5399 δύναμιν,
3289 5330 3382 5381 καὶ
3398 5328 3485 5381 ἶνα
3520 5324 3703 5398 μάθω-ι

2113 5427 2198 5464 σιν
2226 5409 2308 5463 ὅτι
2330 5408 2608 5466 ἀδυνάτοις
2636 5411 3027 5482 ἐπιχειροῦσιν.
3053 5409 3185 5466 Εἶτα
3201 5411 3531 5474 ἀκούσαντες
3547 5408 3697 5480 [σοι]

2113 5494 2212 5567 τὴν
2247 5492 2430 5564 φωνὴν
2456 5492 2623 5546 αὑτοῦ
2657 5494 2902 5565 ἀπῆλθον
2931 5495 3135 5560 ὕπτιοι,
3166 5497 3260 5549 καὶ
3284 5494 3480 5547 ἔπεσον
3500 5491 3698 5564 χαμαί.

2114 5573 2268 5641 Εῐδες
2287 5576 2404 5640 πῶς
2432 5575 2557 5630 οὐτε
2582 5576 2680 5648 τὴν
2704 5578 2888 5650 φωνὴν
2916 5579 3160 5647 ἐνεγκεῖν
3181 5576 3548 5648 ἠδυνήθησαν,
3565 5575 3700 5629 ἀλλά

2114 5659 2200 5713 διὰ
2225 5660 2323 5730 τῆς
2352 5660 2754 5725 καταπτώσεως
2772 5663 2870 5731 τὴν
2900 5662 3108 5715 ἑαυτῶν
3132 5661 3418 5714 ἀσθένειαν
3453 5657 3699 5734 ἐναργῶς

2115 5738 2436 5808 ἀπέδειξαν;
2489 5744 2629 5812 Ὅρα
2685 5745 2959 5799 Δεσπότου
3018 5741 3443 5816 φιλανθρωπίαν.
3481 5737 3699 5806 Ἐπειῆ
