  <div class='ocr_page' id='page_1' title='image "/cluster/home/n/w/nwhite01/storage/ocr_20150623/49:no.2:pt.1/coo.31924054869486/383.png"; bbox 0 0 4100 6450; ppageno 0'>
   <div class='ocr_carea' id='block_1_1' title="bbox 478 281 590 339">
    <p class='ocr_par' dir='ltr' id='par_1_1' title="bbox 478 281 590 339">
     <span class='ocr_line' id='line_1_1' title="bbox 478 281 590 339; baseline -0.018 1"><span class='ocrx_word' id='word_1_1' title='bbox 478 281 590 339; x_wconf 67' lang='lat'>387</span> 
     </span>
    </p>
   </div>
   <div class='ocr_carea' id='block_1_2' title="bbox 476 392 2054 466">
    <p class='ocr_par' dir='ltr' id='par_1_2' title="bbox 476 392 2054 466">
     <span class='ocr_line' id='line_1_2' title="bbox 476 392 2054 466; baseline -0.003 -14"><span class='ocrx_word' id='word_1_2' title='bbox 476 398 599 452; x_wconf 74' lang='grc' dir='ltr'>οὐδὲ</span> <span class='ocrx_word' id='word_1_3' title='bbox 631 394 775 449; x_wconf 72' lang='grc' dir='ltr'>οὕτω</span> <span class='ocrx_word' id='word_1_4' title='bbox 813 394 1072 449; x_wconf 78' lang='grc' dir='ltr'>καθίκετο</span> <span class='ocrx_word' id='word_1_5' title='bbox 1102 395 1204 466; x_wconf 88' lang='grc' dir='ltr'>τῆς</span> <span class='ocrx_word' id='word_1_6' title='bbox 1236 394 1625 465; x_wconf 72' lang='grc' dir='ltr'>ἀναισχυντίας</span> <span class='ocrx_word' id='word_1_7' title='bbox 1646 393 1739 448; x_wconf 80' lang='grc' dir='ltr'>τοῦ</span> <span class='ocrx_word' id='word_1_8' title='bbox 1772 392 2054 465; x_wconf 87' lang='grc' dir='ltr'>προδότου,</span> 
     </span>
    </p>
   </div>
   <div class='ocr_carea' id='block_1_3' title="bbox 476 475 2061 551">
    <p class='ocr_par' dir='ltr' id='par_1_3' title="bbox 476 475 2061 551">
     <span class='ocr_line' id='line_1_3' title="bbox 476 475 2061 551; baseline -0.005 -16"><span class='ocrx_word' id='word_1_9' title='bbox 476 481 601 535; x_wconf 62' lang='grc' dir='ltr'>οὔτε</span> <span class='ocrx_word' id='word_1_10' title='bbox 646 481 748 551; x_wconf 83' lang='grc' dir='ltr'>τῆς</span> <span class='ocrx_word' id='word_1_11' title='bbox 790 479 901 534; x_wconf 76' lang='grc' dir='ltr'>τῶν</span> <span class='ocrx_word' id='word_1_12' title='bbox 953 477 1224 532; x_wconf 80' lang='grc' dir='ltr'>Ἰουδαίων</span> <span class='ocrx_word' id='word_1_13' title='bbox 1254 478 1671 548; x_wconf 79' lang='grc' dir='ltr'>ἀγνωμοσύνης,</span> <span class='ocrx_word' id='word_1_14' title='bbox 1695 475 1890 529; x_wconf 81' lang='grc' dir='ltr'>ἐαυτὸν</span> <span class='ocrx_word' id='word_1_15' title='bbox 1919 475 2061 529; x_wconf 88' lang='grc' dir='ltr'>ἐκδί-</span> 
     </span>
    </p>
   </div>
   <div class='ocr_carea' id='block_1_4' title="bbox 475 558 2059 633">
    <p class='ocr_par' dir='ltr' id='par_1_4' title="bbox 475 558 2059 633">
     <span class='ocr_line' id='line_1_4' title="bbox 475 558 2059 633; baseline -0.006 -14"><span class='ocrx_word' id='word_1_16' title='bbox 475 566 631 628; x_wconf 84' lang='grc' dir='ltr'>δωσι,</span> <span class='ocrx_word' id='word_1_17' title='bbox 658 562 752 618; x_wconf 85' lang='grc' dir='ltr'>καί</span> <span class='ocrx_word' id='word_1_18' title='bbox 777 578 943 633; x_wconf 86' lang='grc' dir='ltr'>φησιν</span> <span class='ocrx_word' id='word_1_19' title='bbox 972 560 1001 612; x_wconf 93' lang='lat'>6</span> <span class='ocrx_word' id='word_1_20' title='bbox 1026 560 1251 632; x_wconf 76' lang='grc' dir='ltr'>Κύριοςο</span> <span class='ocrx_word' id='word_1_21' title='bbox 1285 560 1418 615; x_wconf 86' lang='grc' dir='ltr'>Ὅτε</span> <span class='ocrx_word' id='word_1_22' title='bbox 1446 559 1623 627; x_wconf 80' lang='grc' dir='ltr'>Εδειξα</span> <span class='ocrx_word' id='word_1_23' title='bbox 1660 560 1736 623; x_wconf 86' lang='grc' dir='ltr'>ὼς</span> <span class='ocrx_word' id='word_1_24' title='bbox 1773 558 2059 622; x_wconf 75' lang='grc' dir='ltr'>ἀδυνάτοις</span> 
     </span>
    </p>
   </div>
   <div class='ocr_carea' id='block_1_5' title="bbox 476 643 2062 720">
    <p class='ocr_par' dir='ltr' id='par_1_5' title="bbox 476 643 2062 720">
     <span class='ocr_line' id='line_1_5' title="bbox 476 643 2062 720; baseline -0.003 -20"><span class='ocrx_word' id='word_1_25' title='bbox 476 646 864 720; x_wconf 77' lang='grc' dir='ltr'>ἐπιχειροῦσιν,</span> <span class='ocrx_word' id='word_1_26' title='bbox 894 643 1204 717; x_wconf 74' lang='grc' dir='ltr'>ἠϐουλήθην</span> <span class='ocrx_word' id='word_1_27' title='bbox 1234 644 1414 699; x_wconf 85' lang='grc' dir='ltr'>αὐτῶν</span> <span class='ocrx_word' id='word_1_28' title='bbox 1437 644 1752 699; x_wconf 78' lang='grc' dir='ltr'>ἀναστεῖλαι</span> <span class='ocrx_word' id='word_1_29' title='bbox 1801 643 1905 716; x_wconf 80' lang='grc' dir='ltr'>τὴν</span> <span class='ocrx_word' id='word_1_30' title='bbox 1958 660 2062 714; x_wconf 84' lang='grc' dir='ltr'>μα·</span> 
     </span>
    </p>
   </div>
   <div class='ocr_carea' id='block_1_6' title="bbox 481 727 2057 800">
    <p class='ocr_par' dir='ltr' id='par_1_6' title="bbox 481 727 2057 800">
     <span class='ocr_line' id='line_1_6' title="bbox 481 727 2057 800; baseline -0.004 -15"><span class='ocrx_word' id='word_1_31' title='bbox 481 734 628 785; x_wconf 79' lang='grc' dir='ltr'>νίαν³</span> <span class='ocrx_word' id='word_1_32' title='bbox 661 731 722 784; x_wconf 85' lang='grc' dir='ltr'>ού</span> <span class='ocrx_word' id='word_1_33' title='bbox 760 730 1064 800; x_wconf 87' lang='grc' dir='ltr'>βούλονται,</span> <span class='ocrx_word' id='word_1_34' title='bbox 1087 728 1203 783; x_wconf 85' lang='grc' dir='ltr'>ἀλλ’</span> <span class='ocrx_word' id='word_1_35' title='bbox 1233 728 1314 782; x_wconf 71' lang='grc' dir='ltr'>ἐτι</span> <span class='ocrx_word' id='word_1_36' title='bbox 1347 728 1668 800; x_wconf 73' lang='grc' dir='ltr'>ἐπιμένουσι</span> <span class='ocrx_word' id='word_1_37' title='bbox 1690 731 1758 800; x_wconf 74' lang='grc' dir='ltr'>τῇ</span> <span class='ocrx_word' id='word_1_38' title='bbox 1785 727 2023 800; x_wconf 77' lang='grc' dir='ltr'>πονηρίᾳ</span> <span class='ocrx_word' id='word_1_39' title='bbox 2043 743 2057 758; x_wconf 76' lang='grc' dir='ltr'><strong>ο</strong></span> 
     </span>
    </p>
   </div>
   <div class='ocr_carea' id='block_1_7' title="bbox 480 813 1244 884">
    <p class='ocr_par' dir='ltr' id='par_1_7' title="bbox 480 813 1244 884">
     <span class='ocr_line' id='line_1_7' title="bbox 480 813 1244 884; baseline 0 -16"><span class='ocrx_word' id='word_1_40' title='bbox 480 815 588 868; x_wconf 74' lang='grc' dir='ltr'>ἰδοὺ</span> <span class='ocrx_word' id='word_1_41' title='bbox 609 814 847 884; x_wconf 76' lang='grc' dir='ltr'>ἐμαυτὸν</span> <span class='ocrx_word' id='word_1_42' title='bbox 877 813 1244 884; x_wconf 85' lang='grc' dir='ltr'>παραδίδωμι.</span> 
     </span>
    </p>
   </div>
   <div class='ocr_carea' id='block_1_8' title="bbox 549 892 2058 967">
    <p class='ocr_par' dir='ltr' id='par_1_8' title="bbox 549 892 2058 967">
     <span class='ocr_line' id='line_1_8' title="bbox 549 892 2058 967; baseline -0.002 -18"><span class='ocrx_word' id='word_1_43' title='bbox 549 897 735 951; x_wconf 81' lang='grc' dir='ltr'>Ταῦτα</span> <span class='ocrx_word' id='word_1_44' title='bbox 771 896 918 966; x_wconf 83' lang='grc' dir='ltr'>λέγω</span> <span class='ocrx_word' id='word_1_45' title='bbox 940 897 1091 967; x_wconf 84' lang='grc' dir='ltr'>ὑμῖν,</span> <span class='ocrx_word' id='word_1_46' title='bbox 1115 896 1203 951; x_wconf 74' lang='grc' dir='ltr'>ἵνα</span> <span class='ocrx_word' id='word_1_47' title='bbox 1237 895 1313 967; x_wconf 79' lang='grc' dir='ltr'>μὴ</span> <span class='ocrx_word' id='word_1_48' title='bbox 1346 893 1769 967; x_wconf 84' lang='grc' dir='ltr'>κατηγορήσωσί</span> <span class='ocrx_word' id='word_1_49' title='bbox 1799 909 1945 956; x_wconf 88' lang='grc' dir='ltr'>τινες</span> <span class='ocrx_word' id='word_1_50' title='bbox 1963 892 2058 946; x_wconf 81' lang='grc' dir='ltr'>τοῦ</span> 
     </span>
    </p>
   </div>
   <div class='ocr_carea' id='block_1_9' title="bbox 479 977 2056 1052">
    <p class='ocr_par' dir='ltr' id='par_1_9' title="bbox 479 977 2056 1052">
     <span class='ocr_line' id='line_1_9' title="bbox 479 977 2056 1052; baseline -0.003 -17"><span class='ocrx_word' id='word_1_51' title='bbox 479 982 737 1052; x_wconf 76' lang='grc' dir='ltr'>Χριστοῦ,</span> <span class='ocrx_word' id='word_1_52' title='bbox 773 981 1047 1051; x_wconf 73' lang='grc' dir='ltr'>λέγοντες*</span> <span class='ocrx_word' id='word_1_53' title='bbox 1085 981 1185 1035; x_wconf 86' lang='grc' dir='ltr'>Διά</span> <span class='ocrx_word' id='word_1_54' title='bbox 1215 982 1268 1036; x_wconf 88' lang='grc' dir='ltr'>τί</span> <span class='ocrx_word' id='word_1_55' title='bbox 1292 981 1353 1035; x_wconf 83' lang='grc' dir='ltr'>οὐ</span> <span class='ocrx_word' id='word_1_56' title='bbox 1388 981 1655 1052; x_wconf 81' lang='grc' dir='ltr'>μετέϐαλε</span> <span class='ocrx_word' id='word_1_57' title='bbox 1691 979 1783 1033; x_wconf 86' lang='grc' dir='ltr'>τὸν</span> <span class='ocrx_word' id='word_1_58' title='bbox 1816 977 2056 1043; x_wconf 81' lang='grc' dir='ltr'>Ἰούδανς</span> 
     </span>
    </p>
   </div>
   <div class='ocr_carea' id='block_1_10' title="bbox 478 1060 2061 1136">
    <p class='ocr_par' dir='ltr' id='par_1_10' title="bbox 478 1060 2061 1136">
     <span class='ocr_line' id='line_1_10' title="bbox 478 1060 2061 1136; baseline -0.003 -17"><span class='ocrx_word' id='word_1_59' title='bbox 478 1066 561 1119; x_wconf 84' lang='grc' dir='ltr'>διά</span> <span class='ocrx_word' id='word_1_60' title='bbox 602 1066 655 1120; x_wconf 88' lang='grc' dir='ltr'>τί</span> <span class='ocrx_word' id='word_1_61' title='bbox 683 1067 786 1120; x_wconf 87' lang='grc' dir='ltr'>ούκ</span> <span class='ocrx_word' id='word_1_62' title='bbox 818 1065 1076 1135; x_wconf 85' lang='grc' dir='ltr'>ἐποίησεν</span> <span class='ocrx_word' id='word_1_63' title='bbox 1106 1064 1268 1119; x_wconf 78' lang='grc' dir='ltr'>αὐτὸν</span> <span class='ocrx_word' id='word_1_64' title='bbox 1314 1064 1601 1136; x_wconf 80' lang='grc' dir='ltr'>βελτίονα;</span> <span class='ocrx_word' id='word_1_65' title='bbox 1646 1062 1757 1116; x_wconf 72' lang='lat' dir='ltr'>Kal</span> <span class='ocrx_word' id='word_1_66' title='bbox 1808 1061 1928 1124; x_wconf 87' lang='grc' dir='ltr'>πῶς</span> <span class='ocrx_word' id='word_1_67' title='bbox 1953 1060 2061 1115; x_wconf 73' lang='grc' dir='ltr'>ἔδει</span> 
     </span>
    </p>
   </div>
   <div class='ocr_carea' id='block_1_11' title="bbox 479 1143 2057 1221">
    <p class='ocr_par' dir='ltr' id='par_1_11' title="bbox 479 1143 2057 1221">
     <span class='ocr_line' id='line_1_11' title="bbox 479 1143 2057 1221; baseline -0.001 -18"><span class='ocrx_word' id='word_1_68' title='bbox 479 1150 702 1221; x_wconf 86' lang='grc' dir='ltr'>ποιῆσαι</span> <span class='ocrx_word' id='word_1_69' title='bbox 735 1150 826 1204; x_wconf 85' lang='grc' dir='ltr'>τὸν</span> <span class='ocrx_word' id='word_1_70' title='bbox 860 1148 1062 1203; x_wconf 82' lang='grc' dir='ltr'>Ἰούδαν</span> <span class='ocrx_word' id='word_1_71' title='bbox 1085 1148 1340 1220; x_wconf 75' lang='grc' dir='ltr'>σώφρονα</span> <span class='ocrx_word' id='word_1_72' title='bbox 1368 1148 1464 1203; x_wconf 74' lang='grc' dir='ltr'>καὶ</span> <span class='ocrx_word' id='word_1_73' title='bbox 1483 1147 1732 1217; x_wconf 75' lang='grc' dir='ltr'>ἐπιεικῆς</span> <span class='ocrx_word' id='word_1_74' title='bbox 1757 1145 1992 1217; x_wconf 84' lang='grc' dir='ltr'>ἀνάγκῃ,</span> <span class='ocrx_word' id='word_1_75' title='bbox 2024 1143 2057 1216; x_wconf 77' lang='grc' dir='ltr'>ἢ</span> 
     </span>
    </p>
   </div>
   <div class='ocr_carea' id='block_1_12' title="bbox 480 1228 2061 1305">
    <p class='ocr_par' dir='ltr' id='par_1_12' title="bbox 480 1228 2061 1305">
     <span class='ocr_line' id='line_1_12' title="bbox 480 1228 2061 1305; baseline -0.001 -20"><span class='ocrx_word' id='word_1_76' title='bbox 480 1232 711 1305; x_wconf 81' lang='grc' dir='ltr'>γνώμῃ;</span> <span class='ocrx_word' id='word_1_77' title='bbox 764 1234 829 1287; x_wconf 85' lang='grc' dir='ltr'>Εἰ</span> <span class='ocrx_word' id='word_1_78' title='bbox 860 1233 958 1304; x_wconf 80' lang='grc' dir='ltr'>μέν</span> <span class='ocrx_word' id='word_1_79' title='bbox 999 1232 1115 1305; x_wconf 85' lang='grc' dir='ltr'>γάρ</span> <span class='ocrx_word' id='word_1_80' title='bbox 1166 1233 1403 1305; x_wconf 79' lang='grc' dir='ltr'>ἀνάγκη,</span> <span class='ocrx_word' id='word_1_81' title='bbox 1441 1231 1565 1286; x_wconf 83' lang='grc' dir='ltr'>οὐδέ</span> <span class='ocrx_word' id='word_1_82' title='bbox 1619 1230 1792 1293; x_wconf 71' lang='grc' dir='ltr'>οὕτως</span> <span class='ocrx_word' id='word_1_83' title='bbox 1836 1228 2061 1299; x_wconf 73' lang='grc' dir='ltr'>ἔμελλεν</span> 
     </span>
    </p>
   </div>
   <div class='ocr_carea' id='block_1_13' title="bbox 479 1312 2058 1387">
    <p class='ocr_par' dir='ltr' id='par_1_13' title="bbox 479 1312 2058 1387">
     <span class='ocr_line' id='line_1_13' title="bbox 479 1312 2058 1387; baseline -0.002 -19"><span class='ocrx_word' id='word_1_84' title='bbox 479 1316 697 1370; x_wconf 73' lang='grc' dir='ltr'>ἔσεσθαι</span> <span class='ocrx_word' id='word_1_85' title='bbox 722 1315 946 1387; x_wconf 82' lang='grc' dir='ltr'>βελτίων</span> <span class='ocrx_word' id='word_1_86' title='bbox 971 1334 989 1353; x_wconf 78' lang='grc' dir='ltr'><strong>ο</strong></span> <span class='ocrx_word' id='word_1_87' title='bbox 1007 1317 1184 1382; x_wconf 74' lang='grc' dir='ltr'>οὐδεὶς</span> <span class='ocrx_word' id='word_1_88' title='bbox 1200 1315 1310 1387; x_wconf 83' lang='grc' dir='ltr'>γὰρ</span> <span class='ocrx_word' id='word_1_89' title='bbox 1332 1314 1549 1387; x_wconf 80' lang='grc' dir='ltr'>ἀνάγκῃ</span> <span class='ocrx_word' id='word_1_90' title='bbox 1571 1313 1781 1382; x_wconf 87' lang='grc' dir='ltr'>γίνεται</span> <span class='ocrx_word' id='word_1_91' title='bbox 1811 1312 2058 1383; x_wconf 60' lang='grc' dir='ltr'>βελτίων</span> 
     </span>
    </p>
   </div>
   <div class='ocr_carea' id='block_1_14' title="bbox 479 1393 2062 1473">
    <p class='ocr_par' dir='ltr' id='par_1_14' title="bbox 479 1393 2062 1473">
     <span class='ocr_line' id='line_1_14' title="bbox 479 1393 2062 1473; baseline -0.004 -21"><span class='ocrx_word' id='word_1_92' title='bbox 479 1401 528 1453; x_wconf 85' lang='grc' dir='ltr'>εἰ</span> <span class='ocrx_word' id='word_1_93' title='bbox 572 1399 629 1452; x_wconf 88' lang='grc' dir='ltr'>δέ</span> <span class='ocrx_word' id='word_1_94' title='bbox 671 1399 868 1473; x_wconf 80' lang='grc' dir='ltr'>γνώμῃ</span> <span class='ocrx_word' id='word_1_95' title='bbox 902 1401 997 1455; x_wconf 73' lang='grc' dir='ltr'>καὶ</span> <span class='ocrx_word' id='word_1_96' title='bbox 1041 1400 1397 1472; x_wconf 77' lang='grc' dir='ltr'>προαιρέσει,</span> <span class='ocrx_word' id='word_1_97' title='bbox 1446 1398 1626 1452; x_wconf 88' lang='grc' dir='ltr'>πάντα</span> <span class='ocrx_word' id='word_1_98' title='bbox 1679 1398 1944 1466; x_wconf 79' lang='grc' dir='ltr'>εἰσήγαγε</span> <span class='ocrx_word' id='word_1_99' title='bbox 1991 1393 2062 1447; x_wconf 91' lang='grc' dir='ltr'>τά</span> 
     </span>
    </p>
   </div>
   <div class='ocr_carea' id='block_1_15' title="bbox 480 1476 2058 1554">
    <p class='ocr_par' dir='ltr' id='par_1_15' title="bbox 480 1476 2058 1554">
     <span class='ocr_line' id='line_1_15' title="bbox 480 1476 2058 1554; baseline -0.003 -19"><span class='ocrx_word' id='word_1_100' title='bbox 480 1482 752 1553; x_wconf 86' lang='grc' dir='ltr'>δυνάμενα</span> <span class='ocrx_word' id='word_1_101' title='bbox 810 1484 973 1538; x_wconf 80' lang='grc' dir='ltr'>αὐτὸν</span> <span class='ocrx_word' id='word_1_102' title='bbox 1028 1484 1346 1554; x_wconf 77' lang='grc' dir='ltr'>ἀναγαγεῖν.</span> <span class='ocrx_word' id='word_1_103' title='bbox 1400 1482 1465 1537; x_wconf 82' lang='grc' dir='ltr'>Εἰ</span> <span class='ocrx_word' id='word_1_104' title='bbox 1519 1481 1576 1535; x_wconf 81' lang='grc' dir='ltr'>δὲ</span> <span class='ocrx_word' id='word_1_105' title='bbox 1644 1480 1719 1551; x_wconf 84' lang='grc' dir='ltr'>μὴ</span> <span class='ocrx_word' id='word_1_106' title='bbox 1783 1476 2058 1549; x_wconf 75' lang='grc' dir='ltr'>ἠϐουλήθη</span> 
     </span>
    </p>
   </div>
   <div class='ocr_carea' id='block_1_16' title="bbox 481 1559 2063 1636">
    <p class='ocr_par' dir='ltr' id='par_1_16' title="bbox 481 1559 2063 1636">
     <span class='ocr_line' id='line_1_16' title="bbox 481 1559 2063 1636; baseline -0.003 -19"><span class='ocrx_word' id='word_1_107' title='bbox 481 1564 734 1631; x_wconf 75' lang='grc' dir='ltr'>δέξασθαι</span> <span class='ocrx_word' id='word_1_108' title='bbox 784 1567 991 1629; x_wconf 86' lang='grc' dir='ltr'>ἐκεῖνος</span> <span class='ocrx_word' id='word_1_109' title='bbox 1041 1567 1110 1621; x_wconf 81' lang='grc' dir='ltr'>τὰ</span> <span class='ocrx_word' id='word_1_110' title='bbox 1163 1568 1449 1636; x_wconf 81' lang='grc' dir='ltr'>φάρμακα,</span> <span class='ocrx_word' id='word_1_111' title='bbox 1503 1564 1565 1617; x_wconf 84' lang='grc' dir='ltr'>οὐ</span> <span class='ocrx_word' id='word_1_112' title='bbox 1612 1562 1705 1616; x_wconf 80' lang='grc' dir='ltr'>τοῦ</span> <span class='ocrx_word' id='word_1_113' title='bbox 1765 1559 1950 1632; x_wconf 79' lang='grc' dir='ltr'>ἰατροῦ</span> <span class='ocrx_word' id='word_1_114' title='bbox 1999 1560 2063 1613; x_wconf 83' lang='grc' dir='ltr'>τὸ</span> 
     </span>
    </p>
   </div>
   <div class='ocr_carea' id='block_1_17' title="bbox 480 1645 2058 1720">
    <p class='ocr_par' dir='ltr' id='par_1_17' title="bbox 480 1645 2058 1720">
     <span class='ocr_line' id='line_1_17' title="bbox 480 1645 2058 1720; baseline -0.003 -20"><span class='ocrx_word' id='word_1_115' title='bbox 480 1649 753 1718; x_wconf 73' lang='grc' dir='ltr'>ἔγκλημα,</span> <span class='ocrx_word' id='word_1_116' title='bbox 792 1648 925 1701; x_wconf 86' lang='grc' dir='ltr'>ἀλλά</span> <span class='ocrx_word' id='word_1_117' title='bbox 956 1647 1048 1701; x_wconf 75' lang='grc' dir='ltr'>τοῦ</span> <span class='ocrx_word' id='word_1_118' title='bbox 1078 1649 1179 1717; x_wconf 82' lang='grc' dir='ltr'>τήν</span> <span class='ocrx_word' id='word_1_119' title='bbox 1228 1647 1527 1720; x_wconf 80' lang='grc' dir='ltr'>θεραπείαν</span> <span class='ocrx_word' id='word_1_120' title='bbox 1558 1645 1978 1716; x_wconf 80' lang='grc' dir='ltr'>διακρουομένου</span> <span class='ocrx_word' id='word_1_121' title='bbox 2026 1645 2058 1715; x_wconf 83' lang='grc' dir='ltr'>ή</span> 
     </span>
    </p>
   </div>
   <div class='ocr_carea' id='block_1_18' title="bbox 478 1725 2061 1803">
    <p class='ocr_par' dir='ltr' id='par_1_18' title="bbox 478 1725 2061 1803">
     <span class='ocr_line' id='line_1_18' title="bbox 478 1725 2061 1803; baseline -0.004 -18"><span class='ocrx_word' id='word_1_122' title='bbox 478 1733 804 1803; x_wconf 82' lang='grc' dir='ltr'>κατηγορία.</span> <span class='ocrx_word' id='word_1_123' title='bbox 823 1733 1009 1795; x_wconf 84' lang='grc' dir='ltr'>Θέλεις</span> <span class='ocrx_word' id='word_1_124' title='bbox 1047 1733 1239 1802; x_wconf 77' lang='grc' dir='ltr'>μαθεῖν</span> <span class='ocrx_word' id='word_1_125' title='bbox 1271 1732 1414 1785; x_wconf 80' lang='grc' dir='ltr'>πόσα</span> <span class='ocrx_word' id='word_1_126' title='bbox 1442 1729 1721 1802; x_wconf 85' lang='grc' dir='ltr'>ἐποίησεν,</span> <span class='ocrx_word' id='word_1_127' title='bbox 1738 1728 1879 1781; x_wconf 81' lang='grc' dir='ltr'>ὥστε</span> <span class='ocrx_word' id='word_1_128' title='bbox 1897 1725 2061 1780; x_wconf 81' lang='grc' dir='ltr'>αὐτὸν</span> 
     </span>
    </p>
   </div>
   <div class='ocr_carea' id='block_1_19' title="bbox 483 1810 2060 1887">
    <p class='ocr_par' dir='ltr' id='par_1_19' title="bbox 483 1810 2060 1887">
     <span class='ocr_line' id='line_1_19' title="bbox 483 1810 2060 1887; baseline -0.002 -19"><span class='ocrx_word' id='word_1_129' title='bbox 483 1815 922 1885; x_wconf 66' lang='grc' dir='ltr'>ἀνακτήσασθαις</span> <span class='ocrx_word' id='word_1_130' title='bbox 971 1816 1315 1887; x_wconf 85' lang='grc' dir='ltr'>Ἐδωρήσατο</span> <span class='ocrx_word' id='word_1_131' title='bbox 1360 1813 1511 1885; x_wconf 81' lang='grc' dir='ltr'>αύτῷ</span> <span class='ocrx_word' id='word_1_132' title='bbox 1562 1811 1737 1866; x_wconf 88' lang='grc' dir='ltr'>πολλά</span> <span class='ocrx_word' id='word_1_133' title='bbox 1767 1810 2060 1881; x_wconf 82' lang='grc' dir='ltr'>θαύματα,</span> 
     </span>
    </p>
   </div>
   <div class='ocr_carea' id='block_1_20' title="bbox 483 1894 2063 1970">
    <p class='ocr_par' dir='ltr' id='par_1_20' title="bbox 483 1894 2063 1970">
     <span class='ocr_line' id='line_1_20' title="bbox 483 1894 2063 1970; baseline -0.001 -20"><span class='ocrx_word' id='word_1_134' title='bbox 483 1902 741 1968; x_wconf 82' lang='grc' dir='ltr'>προεῖπεν</span> <span class='ocrx_word' id='word_1_135' title='bbox 789 1898 939 1969; x_wconf 83' lang='grc' dir='ltr'>αύτῷ</span> <span class='ocrx_word' id='word_1_136' title='bbox 970 1899 1097 1970; x_wconf 69' lang='grc' dir='ltr'>περὶ</span> <span class='ocrx_word' id='word_1_137' title='bbox 1133 1898 1235 1968; x_wconf 84' lang='grc' dir='ltr'>τῆς</span> <span class='ocrx_word' id='word_1_138' title='bbox 1264 1896 1574 1969; x_wconf 82' lang='grc' dir='ltr'>προδοσίας,</span> <span class='ocrx_word' id='word_1_139' title='bbox 1607 1896 1760 1949; x_wconf 81' lang='grc' dir='ltr'>οὐδὲν</span> <span class='ocrx_word' id='word_1_140' title='bbox 1788 1894 2063 1950; x_wconf 76' lang='grc' dir='ltr'>ἐνέλειπεν</span> 
     </span>
    </p>
   </div>
   <div class='ocr_carea' id='block_1_21' title="bbox 481 1976 2061 2053">
    <p class='ocr_par' dir='ltr' id='par_1_21' title="bbox 481 1976 2061 2053">
     <span class='ocr_line' id='line_1_21' title="bbox 481 1976 2061 2053; baseline 0 -20"><span class='ocrx_word' id='word_1_141' title='bbox 481 1976 557 2034; x_wconf 81' lang='grc' dir='ltr'>ῶν</span> <span class='ocrx_word' id='word_1_142' title='bbox 582 1981 748 2053; x_wconf 87' lang='grc' dir='ltr'>ἐχρῆν</span> <span class='ocrx_word' id='word_1_143' title='bbox 784 1983 864 2044; x_wconf 83' lang='grc' dir='ltr'>είς</span> <span class='ocrx_word' id='word_1_144' title='bbox 891 1980 1137 2052; x_wconf 80' lang='grc' dir='ltr'>μαθητὴν</span> <span class='ocrx_word' id='word_1_145' title='bbox 1169 1980 1558 2048; x_wconf 75' lang='grc' dir='ltr'>ἐπιδείξασθαι.</span> <span class='ocrx_word' id='word_1_146' title='bbox 1589 1980 1701 2034; x_wconf 77' lang='grc' dir='ltr'>Καὶ</span> <span class='ocrx_word' id='word_1_147' title='bbox 1729 1980 1815 2032; x_wconf 84' lang='grc' dir='ltr'>ἵνα</span> <span class='ocrx_word' id='word_1_148' title='bbox 1848 1978 2027 2050; x_wconf 88' lang='grc' dir='ltr'>μάθῃς</span> <span class='ocrx_word' id='word_1_149' title='bbox 2045 2020 2061 2045; x_wconf 93' lang='grc'>,</span> 
     </span>
    </p>
   </div>
   <div class='ocr_carea' id='block_1_22' title="bbox 480 2061 2063 2136">
    <p class='ocr_par' dir='ltr' id='par_1_22' title="bbox 480 2061 2063 2136">
     <span class='ocr_line' id='line_1_22' title="bbox 480 2061 2063 2136; baseline -0.001 -20"><span class='ocrx_word' id='word_1_150' title='bbox 480 2064 562 2118; x_wconf 79' lang='grc' dir='ltr'>δτι</span> <span class='ocrx_word' id='word_1_151' title='bbox 588 2063 810 2128; x_wconf 81' lang='grc' dir='ltr'>δυνατὸς</span> <span class='ocrx_word' id='word_1_152' title='bbox 837 2063 912 2117; x_wconf 85' lang='grc' dir='ltr'>ὢν</span> <span class='ocrx_word' id='word_1_153' title='bbox 938 2063 1337 2136; x_wconf 88' lang='grc' dir='ltr'>μεταϐαλέσθαι</span> <span class='ocrx_word' id='word_1_154' title='bbox 1367 2065 1468 2117; x_wconf 81' lang='grc' dir='ltr'>οὐκ</span> <span class='ocrx_word' id='word_1_155' title='bbox 1487 2062 1773 2135; x_wconf 73' lang='grc' dir='ltr'>ἠθέλησεν,</span> <span class='ocrx_word' id='word_1_156' title='bbox 1805 2062 1943 2116; x_wconf 89' lang='grc' dir='ltr'>ἀλλά</span> <span class='ocrx_word' id='word_1_157' title='bbox 1962 2061 2063 2131; x_wconf 85' lang='grc' dir='ltr'>τῆς</span> 
     </span>
    </p>
   </div>
   <div class='ocr_carea' id='block_1_23' title="bbox 480 2145 2063 2219">
    <p class='ocr_par' dir='ltr' id='par_1_23' title="bbox 480 2145 2063 2219">
     <span class='ocr_line' id='line_1_23' title="bbox 480 2145 2063 2219; baseline -0.003 -17"><span class='ocrx_word' id='word_1_158' title='bbox 480 2147 645 2202; x_wconf 82' lang='grc' dir='ltr'>αὐτοῦ</span> <span class='ocrx_word' id='word_1_159' title='bbox 677 2147 951 2219; x_wconf 72' lang='grc' dir='ltr'>ῥᾳθυμίας</span> <span class='ocrx_word' id='word_1_160' title='bbox 992 2147 1054 2201; x_wconf 81' lang='grc' dir='ltr'>τὸ</span> <span class='ocrx_word' id='word_1_161' title='bbox 1106 2149 1214 2201; x_wconf 82' lang='grc' dir='ltr'>πᾶν</span> <span class='ocrx_word' id='word_1_162' title='bbox 1248 2147 1480 2215; x_wconf 85' lang='grc' dir='ltr'>ἐγένετο·</span> <span class='ocrx_word' id='word_1_163' title='bbox 1525 2146 1715 2218; x_wconf 78' lang='grc' dir='ltr'>ἐπειδὴ</span> <span class='ocrx_word' id='word_1_164' title='bbox 1744 2145 2063 2218; x_wconf 87' lang='grc' dir='ltr'>παρέδωκεν</span> 
     </span>
    </p>
   </div>
   <div class='ocr_carea' id='block_1_24' title="bbox 481 2230 2065 2304">
    <p class='ocr_par' dir='ltr' id='par_1_24' title="bbox 481 2230 2065 2304">
     <span class='ocr_line' id='line_1_24' title="bbox 481 2230 2065 2304; baseline -0.001 -19"><span class='ocrx_word' id='word_1_165' title='bbox 481 2232 661 2297; x_wconf 77' lang='grc' dir='ltr'>αὐτὸν,</span> <span class='ocrx_word' id='word_1_166' title='bbox 677 2233 771 2287; x_wconf 77' lang='grc' dir='ltr'>καὶ</span> <span class='ocrx_word' id='word_1_167' title='bbox 783 2233 883 2304; x_wconf 82' lang='grc' dir='ltr'>τὴν</span> <span class='ocrx_word' id='word_1_168' title='bbox 903 2232 1101 2303; x_wconf 86' lang='grc' dir='ltr'>μανίαν</span> <span class='ocrx_word' id='word_1_169' title='bbox 1115 2230 1280 2285; x_wconf 80' lang='grc' dir='ltr'>αὐτοῦ</span> <span class='ocrx_word' id='word_1_170' title='bbox 1298 2234 1379 2295; x_wconf 84' lang='grc' dir='ltr'>εἰς</span> <span class='ocrx_word' id='word_1_171' title='bbox 1395 2231 1548 2296; x_wconf 80' lang='grc' dir='ltr'>τέλος</span> <span class='ocrx_word' id='word_1_172' title='bbox 1567 2232 1797 2302; x_wconf 71' lang='grc' dir='ltr'>ἢγαγεν,</span> <span class='ocrx_word' id='word_1_173' title='bbox 1814 2231 2065 2299; x_wconf 73' lang='grc' dir='ltr'>Ἕρῤιψε</span> 
     </span>
    </p>
   </div>
   <div class='ocr_carea' id='block_1_25' title="bbox 481 2314 2061 2385">
    <p class='ocr_par' dir='ltr' id='par_1_25' title="bbox 481 2314 2061 2385">
     <span class='ocr_line' id='line_1_25' title="bbox 481 2314 2061 2385; baseline -0.003 -15"><span class='ocrx_word' id='word_1_174' title='bbox 481 2316 552 2370; x_wconf 87' lang='grc' dir='ltr'>τὰ</span> <span class='ocrx_word' id='word_1_175' title='bbox 572 2314 902 2383; x_wconf 73' lang='grc' dir='ltr'>⁸τριάκοντα</span> <span class='ocrx_word' id='word_1_176' title='bbox 954 2316 1226 2385; x_wconf 77' lang='grc' dir='ltr'>ἀργύρια,</span> <span class='ocrx_word' id='word_1_177' title='bbox 1281 2316 1496 2384; x_wconf 67' lang='grc' dir='ltr'>λέγων·</span> <span class='ocrx_word' id='word_1_178' title='bbox 1545 2315 1841 2384; x_wconf 81' lang='grc' dir='ltr'>Ἥμαρτον</span> <span class='ocrx_word' id='word_1_179' title='bbox 1873 2328 2061 2382; x_wconf 60' lang='grc' dir='ltr'>παραυ</span> 
     </span>
    </p>
   </div>
   <div class='ocr_carea' id='block_1_26' title="bbox 481 2393 2066 2469">
    <p class='ocr_par' dir='ltr' id='par_1_26' title="bbox 481 2393 2066 2469">
     <span class='ocr_line' id='line_1_26' title="bbox 481 2393 2066 2469; baseline -0.002 -18"><span class='ocrx_word' id='word_1_180' title='bbox 481 2397 624 2465; x_wconf 79' lang='grc' dir='ltr'>δοὺς</span> <span class='ocrx_word' id='word_1_181' title='bbox 645 2393 791 2469; x_wconf 79' lang='grc' dir='ltr'>αἷμα</span> <span class='ocrx_word' id='word_1_182' title='bbox 817 2398 1031 2453; x_wconf 77' lang='grc' dir='ltr'>ἀθῶον,</span> <span class='ocrx_word' id='word_1_183' title='bbox 1067 2397 1181 2469; x_wconf 77' lang='grc' dir='ltr'>Πρὸ</span> <span class='ocrx_word' id='word_1_184' title='bbox 1206 2397 1395 2451; x_wconf 87' lang='grc' dir='ltr'>τούτου</span> <span class='ocrx_word' id='word_1_185' title='bbox 1419 2398 1622 2467; x_wconf 78' lang='grc' dir='ltr'>ἔλεγες·</span> <span class='ocrx_word' id='word_1_186' title='bbox 1652 2397 1713 2452; x_wconf 86' lang='grc' dir='ltr'>Τί</span> <span class='ocrx_word' id='word_1_187' title='bbox 1733 2395 1939 2452; x_wconf 72' lang='grc' dir='ltr'>θέλετέ</span> <span class='ocrx_word' id='word_1_188' title='bbox 1961 2412 2066 2466; x_wconf 83' lang='grc' dir='ltr'>μοι</span> 
     </span>
    </p>
   </div>
   <div class='ocr_carea' id='block_1_27' title="bbox 481 2478 2063 2552">
    <p class='ocr_par' dir='ltr' id='par_1_27' title="bbox 481 2478 2063 2552">
     <span class='ocr_line' id='line_1_27' title="bbox 481 2478 2063 2552; baseline -0.001 -18"><span class='ocrx_word' id='word_1_189' title='bbox 481 2480 713 2547; x_wconf 72' lang='grc' dir='ltr'>δοῦναι,</span> <span class='ocrx_word' id='word_1_190' title='bbox 769 2481 932 2551; x_wconf 77' lang='grc' dir='ltr'>κάγὼ</span> <span class='ocrx_word' id='word_1_191' title='bbox 972 2480 1116 2551; x_wconf 83' lang='grc' dir='ltr'>ὑμῖν</span> <span class='ocrx_word' id='word_1_192' title='bbox 1171 2480 1507 2550; x_wconf 81' lang='grc' dir='ltr'>παραδώσω</span> <span class='ocrx_word' id='word_1_193' title='bbox 1557 2482 1785 2544; x_wconf 71' lang='grc' dir='ltr'>αῠτὸνς</span> <span class='ocrx_word' id='word_1_194' title='bbox 1841 2478 2063 2552; x_wconf 79' lang='grc' dir='ltr'>Ἐπειδὴ</span> 
     </span>
    </p>
   </div>
   <div class='ocr_carea' id='block_1_28' title="bbox 481 2563 2067 2637">
    <p class='ocr_par' dir='ltr' id='par_1_28' title="bbox 481 2563 2067 2637">
     <span class='ocr_line' id='line_1_28' title="bbox 481 2563 2067 2637; baseline -0.001 -20"><span class='ocrx_word' id='word_1_195' title='bbox 481 2564 736 2636; x_wconf 67' lang='grc' dir='ltr'>ἐτελέσθη</span> <span class='ocrx_word' id='word_1_196' title='bbox 771 2566 806 2635; x_wconf 88' lang='grc' dir='ltr'>ή</span> <span class='ocrx_word' id='word_1_197' title='bbox 837 2563 1105 2635; x_wconf 82' lang='grc' dir='ltr'>ἁμαρτία,</span> <span class='ocrx_word' id='word_1_198' title='bbox 1141 2565 1263 2619; x_wconf 78' lang='grc' dir='ltr'>τότε</span> <span class='ocrx_word' id='word_1_199' title='bbox 1288 2563 1432 2634; x_wconf 81' lang='grc' dir='ltr'>ἐγνω</span> <span class='ocrx_word' id='word_1_200' title='bbox 1457 2565 1557 2637; x_wconf 83' lang='grc' dir='ltr'>τὴν</span> <span class='ocrx_word' id='word_1_201' title='bbox 1585 2564 1880 2636; x_wconf 82' lang='grc' dir='ltr'>ἁμαρτίαν.</span> <span class='ocrx_word' id='word_1_202' title='bbox 1947 2564 2067 2616; x_wconf 81' lang='grc' dir='ltr'>Ἑν-</span> 
     </span>
    </p>
   </div>
   <div class='ocr_carea' id='block_1_29' title="bbox 478 2644 2065 2720">
    <p class='ocr_par' dir='ltr' id='par_1_29' title="bbox 478 2644 2065 2720">
     <span class='ocr_line' id='line_1_29' title="bbox 478 2644 2065 2720; baseline -0.001 -19"><span class='ocrx_word' id='word_1_203' title='bbox 478 2647 670 2703; x_wconf 85' lang='grc' dir='ltr'>τεῦθεν</span> <span class='ocrx_word' id='word_1_204' title='bbox 729 2647 1089 2720; x_wconf 75' lang='grc' dir='ltr'>μανθάνωμεν</span> <span class='ocrx_word' id='word_1_205' title='bbox 1140 2649 1224 2702; x_wconf 81' lang='grc' dir='ltr'>δτι</span> <span class='ocrx_word' id='word_1_206' title='bbox 1253 2689 1269 2713; x_wconf 88' lang='grc'>,</span> <span class='ocrx_word' id='word_1_207' title='bbox 1324 2649 1452 2702; x_wconf 84' lang='grc' dir='ltr'>ὅταν</span> <span class='ocrx_word' id='word_1_208' title='bbox 1514 2648 1883 2720; x_wconf 76' lang='grc' dir='ltr'>ρᾳθυμῶμεν,</span> <span class='ocrx_word' id='word_1_209' title='bbox 1938 2644 2065 2700; x_wconf 77' lang='grc' dir='ltr'>οὔτε</span> 
     </span>
    </p>
   </div>
   <div class='ocr_carea' id='block_1_30' title="bbox 480 2731 2069 2806">
    <p class='ocr_par' dir='ltr' id='par_1_30' title="bbox 480 2731 2069 2806">
     <span class='ocr_line' id='line_1_30' title="bbox 480 2731 2069 2806; baseline -0.001 -20"><span class='ocrx_word' id='word_1_210' title='bbox 480 2734 803 2806; x_wconf 86' lang='grc' dir='ltr'>παραίνεσις</span> <span class='ocrx_word' id='word_1_211' title='bbox 828 2734 976 2804; x_wconf 77' lang='grc' dir='ltr'>ἡμᾶς</span> <span class='ocrx_word' id='word_1_212' title='bbox 997 2732 1220 2802; x_wconf 80' lang='grc' dir='ltr'>ὠφελεῖ,</span> <span class='ocrx_word' id='word_1_213' title='bbox 1238 2731 1362 2786; x_wconf 77' lang='grc' dir='ltr'>οὔτε</span> <span class='ocrx_word' id='word_1_214' title='bbox 1379 2731 1630 2787; x_wconf 87' lang='grc' dir='ltr'>νουθεσία</span> <span class='ocrx_word' id='word_1_215' title='bbox 1651 2747 1665 2762; x_wconf 85' lang='grc'><strong>·</strong></span> <span class='ocrx_word' id='word_1_216' title='bbox 1684 2732 1812 2786; x_wconf 82' lang='grc' dir='ltr'>ὅταν</span> <span class='ocrx_word' id='word_1_217' title='bbox 1827 2731 1883 2785; x_wconf 81' lang='grc' dir='ltr'>δέ</span> <span class='ocrx_word' id='word_1_218' title='bbox 1902 2747 2069 2785; x_wconf 87' lang='grc' dir='ltr'>σπου-</span> 
     </span>
    </p>
   </div>
   <div class='ocr_carea' id='block_1_31' title="bbox 479 2815 2067 2889">
    <p class='ocr_par' dir='ltr' id='par_1_31' title="bbox 479 2815 2067 2889">
     <span class='ocr_line' id='line_1_31' title="bbox 479 2815 2067 2889; baseline -0.002 -18"><span class='ocrx_word' id='word_1_219' title='bbox 479 2818 751 2889; x_wconf 76' lang='grc' dir='ltr'>δάξωμεν,</span> <span class='ocrx_word' id='word_1_220' title='bbox 781 2818 876 2871; x_wconf 67' lang='grc' dir='ltr'>καὶ</span> <span class='ocrx_word' id='word_1_221' title='bbox 910 2818 1064 2871; x_wconf 78' lang='grc' dir='ltr'>αὐτοὶ</span> <span class='ocrx_word' id='word_1_222' title='bbox 1092 2819 1184 2885; x_wconf 79' lang='grc' dir='ltr'>ἀφ’</span> <span class='ocrx_word' id='word_1_223' title='bbox 1216 2816 1426 2871; x_wconf 80' lang='grc' dir='ltr'>ἑαυτῶν</span> <span class='ocrx_word' id='word_1_224' title='bbox 1469 2815 1747 2888; x_wconf 87' lang='grc' dir='ltr'>δυνάμεθα</span> <span class='ocrx_word' id='word_1_225' title='bbox 1775 2816 2067 2887; x_wconf 85' lang='grc' dir='ltr'>διαναστῆ-</span> 
     </span>
    </p>
   </div>
   <div class='ocr_carea' id='block_1_32' title="bbox 479 2899 2070 2974">
    <p class='ocr_par' dir='ltr' id='par_1_32' title="bbox 479 2899 2070 2974">
     <span class='ocr_line' id='line_1_32' title="bbox 479 2899 2070 2974; baseline -0.001 -19"><span class='ocrx_word' id='word_1_226' title='bbox 479 2918 589 2957; x_wconf 83' lang='grc' dir='ltr'>ναι.</span> <span class='ocrx_word' id='word_1_227' title='bbox 608 2903 891 2974; x_wconf 84' lang='grc' dir='ltr'>Ἐννόησον</span> <span class='ocrx_word' id='word_1_228' title='bbox 917 2903 1045 2974; x_wconf 84' lang='grc' dir='ltr'>γάρ·</span> <span class='ocrx_word' id='word_1_229' title='bbox 1075 2902 1205 2957; x_wconf 83' lang='grc' dir='ltr'>Ὅτε</span> <span class='ocrx_word' id='word_1_230' title='bbox 1235 2899 1467 2973; x_wconf 74' lang='grc' dir='ltr'>παρῄνει</span> <span class='ocrx_word' id='word_1_231' title='bbox 1496 2900 1677 2965; x_wconf 74' lang='grc' dir='ltr'>αὐτὸν,</span> <span class='ocrx_word' id='word_1_232' title='bbox 1702 2902 1798 2955; x_wconf 75' lang='grc' dir='ltr'>καὶ</span> <span class='ocrx_word' id='word_1_233' title='bbox 1824 2901 2070 2954; x_wconf 85' lang='grc' dir='ltr'>ἀνέστελ-</span> 
     </span>
    </p>
   </div>
   <div class='ocr_carea' id='block_1_33' title="bbox 480 2986 2069 3058">
    <p class='ocr_par' dir='ltr' id='par_1_33' title="bbox 480 2986 2069 3058">
     <span class='ocr_line' id='line_1_33' title="bbox 480 2986 2069 3058; baseline -0.001 -17"><span class='ocrx_word' id='word_1_234' title='bbox 480 2987 574 3041; x_wconf 86' lang='grc' dir='ltr'>λεν</span> <span class='ocrx_word' id='word_1_235' title='bbox 594 2987 758 3041; x_wconf 78' lang='grc' dir='ltr'>αὑτὸν</span> <span class='ocrx_word' id='word_1_236' title='bbox 780 2988 879 3057; x_wconf 87' lang='grc' dir='ltr'>τῆς</span> <span class='ocrx_word' id='word_1_237' title='bbox 906 2987 1087 3058; x_wconf 89' lang='grc' dir='ltr'>κακῆς</span> <span class='ocrx_word' id='word_1_238' title='bbox 1114 2987 1529 3058; x_wconf 75' lang='grc' dir='ltr'>ἐπιχειρήσεως,</span> <span class='ocrx_word' id='word_1_239' title='bbox 1550 2986 1651 3040; x_wconf 81' lang='grc' dir='ltr'>οὐκ</span> <span class='ocrx_word' id='word_1_240' title='bbox 1674 2987 1909 3058; x_wconf 73' lang='grc' dir='ltr'>ἤκουσεν</span> <span class='ocrx_word' id='word_1_241' title='bbox 1939 2986 2069 3039; x_wconf 76' lang='grc' dir='ltr'>οὔτε</span> 
     </span>
    </p>
   </div>
   <div class='ocr_carea' id='block_1_34' title="bbox 481 3065 2071 3143">
    <p class='ocr_par' dir='ltr' id='par_1_34' title="bbox 481 3065 2071 3143">
     <span class='ocr_line' id='line_1_34' title="bbox 481 3065 2071 3143; baseline -0.002 -18"><span class='ocrx_word' id='word_1_242' title='bbox 481 3071 807 3136; x_wconf 81' lang='grc' dir='ltr'>κατεδέξατο</span> <span class='ocrx_word' id='word_1_243' title='bbox 832 3070 930 3143; x_wconf 87' lang='grc' dir='ltr'>τὴν</span> <span class='ocrx_word' id='word_1_244' title='bbox 951 3070 1234 3125; x_wconf 83' lang='grc' dir='ltr'>νουθεσίαν</span> <span class='ocrx_word' id='word_1_245' title='bbox 1252 3088 1266 3101; x_wconf 89' lang='grc'><strong>·</strong></span> <span class='ocrx_word' id='word_1_246' title='bbox 1306 3070 1397 3123; x_wconf 78' lang='grc' dir='ltr'>ὅτε</span> <span class='ocrx_word' id='word_1_247' title='bbox 1429 3069 1487 3123; x_wconf 82' lang='grc' dir='ltr'>δὲ</span> <span class='ocrx_word' id='word_1_248' title='bbox 1512 3069 1690 3133; x_wconf 77' lang='grc' dir='ltr'>οὐδεὶς</span> <span class='ocrx_word' id='word_1_249' title='bbox 1712 3065 1783 3142; x_wconf 83' lang='grc' dir='ltr'>ἦν</span> <span class='ocrx_word' id='word_1_250' title='bbox 1813 3072 1843 3124; x_wconf 98' lang='lat'>6</span> <span class='ocrx_word' id='word_1_251' title='bbox 1868 3086 2071 3140; x_wconf 74' lang='grc' dir='ltr'>παραιο</span> 
     </span>
    </p>
   </div>
   <div class='ocr_carea' id='block_1_35' title="bbox 481 3153 2073 3224">
    <p class='ocr_par' dir='ltr' id='par_1_35' title="bbox 481 3153 2073 3224">
     <span class='ocr_line' id='line_1_35' title="bbox 481 3153 2073 3224; baseline -0.001 -15"><span class='ocrx_word' id='word_1_252' title='bbox 481 3156 609 3219; x_wconf 89' lang='grc' dir='ltr'>νῶν,</span> <span class='ocrx_word' id='word_1_253' title='bbox 632 3155 694 3209; x_wconf 82' lang='grc' dir='ltr'>τὸ</span> <span class='ocrx_word' id='word_1_254' title='bbox 723 3156 922 3209; x_wconf 85' lang='grc' dir='ltr'>οἰκεῖον</span> <span class='ocrx_word' id='word_1_255' title='bbox 962 3155 1204 3218; x_wconf 79' lang='grc' dir='ltr'>συνειδὸς</span> <span class='ocrx_word' id='word_1_256' title='bbox 1233 3153 1531 3224; x_wconf 82' lang='grc' dir='ltr'>ἐπανέστη,</span> <span class='ocrx_word' id='word_1_257' title='bbox 1559 3154 1652 3207; x_wconf 52' lang='grc' dir='ltr'>καὶ¹</span> <span class='ocrx_word' id='word_1_258' title='bbox 1673 3153 1888 3217; x_wconf 74' lang='grc' dir='ltr'>οὐδενὸς</span> <span class='ocrx_word' id='word_1_259' title='bbox 1914 3153 2073 3218; x_wconf 74' lang='grc' dir='ltr'>ὄντος</span> 
     </span>
    </p>
   </div>
   <div class='ocr_carea' id='block_1_36' title="bbox 480 3236 2071 3310">
    <p class='ocr_par' dir='ltr' id='par_1_36' title="bbox 480 3236 2071 3310">
     <span class='ocr_line' id='line_1_36' title="bbox 480 3236 2071 3310; baseline 0.002 -19"><span class='ocrx_word' id='word_1_260' title='bbox 480 3238 577 3292; x_wconf 85' lang='grc' dir='ltr'>τού</span> <span class='ocrx_word' id='word_1_261' title='bbox 603 3237 944 3302; x_wconf 81' lang='grc' dir='ltr'>διδάσκοντος</span> <span class='ocrx_word' id='word_1_262' title='bbox 967 3238 1316 3310; x_wconf 88' lang='grc' dir='ltr'>μετεϐάλετο,</span> <span class='ocrx_word' id='word_1_263' title='bbox 1339 3236 1436 3290; x_wconf 68' lang='grc' dir='ltr'>καὶ⁵</span> <span class='ocrx_word' id='word_1_264' title='bbox 1460 3237 1653 3309; x_wconf 72' lang='grc' dir='ltr'>ἔρριψε</span> <span class='ocrx_word' id='word_1_265' title='bbox 1684 3236 1755 3290; x_wconf 84' lang='grc' dir='ltr'>τά</span> <span class='ocrx_word' id='word_1_266' title='bbox 1772 3236 2071 3309; x_wconf 86' lang='grc' dir='ltr'>τριάκοντα</span> 
     </span>
    </p>
   </div>
   <div class='ocr_carea' id='block_1_37' title="bbox 483 3318 2075 3395">
    <p class='ocr_par' dir='ltr' id='par_1_37' title="bbox 483 3318 2075 3395">
     <span class='ocr_line' id='line_1_37' title="bbox 483 3318 2075 3395; baseline -0.001 -17"><span class='ocrx_word' id='word_1_267' title='bbox 483 3323 742 3395; x_wconf 87' lang='grc' dir='ltr'>ἀργύρια.</span> <span class='ocrx_word' id='word_1_268' title='bbox 801 3325 1111 3392; x_wconf 79' lang='grc' dir='ltr'>Ἕστησαν</span> <span class='ocrx_word' id='word_1_269' title='bbox 1153 3321 1284 3393; x_wconf 85' lang='grc' dir='ltr'>γὰρ,</span> <span class='ocrx_word' id='word_1_270' title='bbox 1336 3318 1517 3389; x_wconf 80' lang='grc' dir='ltr'>αὐτῷ,</span> <span class='ocrx_word' id='word_1_271' title='bbox 1560 3322 1713 3392; x_wconf 80' lang='grc' dir='ltr'>φησὶ,</span> <span class='ocrx_word' id='word_1_272' title='bbox 1749 3320 2075 3391; x_wconf 73' lang='grc' dir='ltr'>τριάκοντα</span> 
     </span>
    </p>
   </div>
   <div class='ocr_carea' id='block_1_38' title="bbox 483 3405 2069 3479">
    <p class='ocr_par' dir='ltr' id='par_1_38' title="bbox 483 3405 2069 3479">
     <span class='ocr_line' id='line_1_38' title="bbox 483 3405 2069 3479; baseline -0.001 -17"><span class='ocrx_word' id='word_1_273' title='bbox 483 3409 755 3478; x_wconf 80' lang='grc' dir='ltr'>ἀργύρια.</span> <span class='ocrx_word' id='word_1_274' title='bbox 780 3407 959 3479; x_wconf 80' lang='grc' dir='ltr'>Τιμὴν</span> <span class='ocrx_word' id='word_1_275' title='bbox 999 3406 1299 3461; x_wconf 80' lang='grc' dir='ltr'>κατέϐαλον</span> <span class='ocrx_word' id='word_1_276' title='bbox 1331 3405 1565 3476; x_wconf 81' lang='grc' dir='ltr'>αἵματος</span> <span class='ocrx_word' id='word_1_277' title='bbox 1596 3405 1762 3477; x_wconf 82' lang='grc' dir='ltr'>τιμὴν</span> <span class='ocrx_word' id='word_1_278' title='bbox 1791 3409 1892 3460; x_wconf 85' lang='grc' dir='ltr'>οὐκ</span> <span class='ocrx_word' id='word_1_279' title='bbox 1915 3406 2069 3477; x_wconf 75' lang='grc' dir='ltr'>έχον-</span> 
     </span>
    </p>
   </div>
   <div class='ocr_carea' id='block_1_39' title="bbox 483 3483 2071 3561">
    <p class='ocr_par' dir='ltr' id='par_1_39' title="bbox 483 3483 2071 3561">
     <span class='ocr_line' id='line_1_39' title="bbox 483 3483 2071 3561; baseline 0 -17"><span class='ocrx_word' id='word_1_280' title='bbox 483 3508 593 3555; x_wconf 88' lang='grc' dir='ltr'>τος.</span> <span class='ocrx_word' id='word_1_281' title='bbox 640 3492 706 3544; x_wconf 88' lang='grc' dir='ltr'>Τί</span> <span class='ocrx_word' id='word_1_282' title='bbox 757 3490 1056 3561; x_wconf 87' lang='grc' dir='ltr'>λαμϐάνεις</span> <span class='ocrx_word' id='word_1_283' title='bbox 1108 3491 1406 3561; x_wconf 89' lang='grc' dir='ltr'>τριάκοντα</span> <span class='ocrx_word' id='word_1_284' title='bbox 1452 3489 1714 3560; x_wconf 90' lang='grc' dir='ltr'>ἀργύρια,</span> <span class='ocrx_word' id='word_1_285' title='bbox 1767 3483 1813 3543; x_wconf 83' lang='grc' dir='ltr'><strong>ὧ</strong></span> <span class='ocrx_word' id='word_1_286' title='bbox 1856 3491 2071 3557; x_wconf 66' lang='grc' dir='ltr'>Ἰούδας</span> 
     </span>
    </p>
   </div>
   <div class='ocr_carea' id='block_1_40' title="bbox 485 3568 2072 3645">
    <p class='ocr_par' dir='ltr' id='par_1_40' title="bbox 485 3568 2072 3645">
     <span class='ocr_line' id='line_1_40' title="bbox 485 3568 2072 3645; baseline 0.002 -19"><span class='ocrx_word' id='word_1_287' title='bbox 485 3572 704 3645; x_wconf 73' lang='grc' dir='ltr'>Δωρεάν</span> <span class='ocrx_word' id='word_1_288' title='bbox 727 3568 891 3644; x_wconf 76' lang='grc' dir='ltr'>ἦλθεν</span> <span class='ocrx_word' id='word_1_289' title='bbox 911 3573 1054 3643; x_wconf 80' lang='grc' dir='ltr'>ὑπὲρ</span> <span class='ocrx_word' id='word_1_290' title='bbox 1077 3573 1180 3642; x_wconf 82' lang='grc' dir='ltr'>τῆς</span> <span class='ocrx_word' id='word_1_291' title='bbox 1200 3572 1538 3644; x_wconf 73' lang='grc' dir='ltr'>οἰκουμένης</span> <span class='ocrx_word' id='word_1_292' title='bbox 1568 3574 1597 3624; x_wconf 85' lang='lat'>6</span> <span class='ocrx_word' id='word_1_293' title='bbox 1625 3573 1861 3644; x_wconf 80' lang='grc' dir='ltr'>Χριστὸς</span> <span class='ocrx_word' id='word_1_294' title='bbox 1880 3576 2072 3645; x_wconf 83' lang='grc' dir='ltr'>ἐκχέαι</span> 
     </span>
    </p>
   </div>
   <div class='ocr_carea' id='block_1_41' title="bbox 483 3649 2071 3731">
    <p class='ocr_par' dir='ltr' id='par_1_41' title="bbox 483 3649 2071 3731">
     <span class='ocr_line' id='line_1_41' title="bbox 483 3649 2071 3731; baseline 0.003 -23"><span class='ocrx_word' id='word_1_295' title='bbox 483 3656 547 3709; x_wconf 75' lang='grc' dir='ltr'>τὸ</span> <span class='ocrx_word' id='word_1_296' title='bbox 578 3650 737 3725; x_wconf 75' lang='grc' dir='ltr'>αἷμα,</span> <span class='ocrx_word' id='word_1_297' title='bbox 769 3656 910 3726; x_wconf 82' lang='grc' dir='ltr'>ὑπὲρ</span> <span class='ocrx_word' id='word_1_298' title='bbox 940 3649 1001 3710; x_wconf 75' lang='grc' dir='ltr'>οὗ</span> <span class='ocrx_word' id='word_1_299' title='bbox 1046 3654 1317 3726; x_wconf 80' lang='grc' dir='ltr'>σύμφωνα</span> <span class='ocrx_word' id='word_1_300' title='bbox 1348 3654 1444 3710; x_wconf 84' lang='grc' dir='ltr'>νῦν</span> <span class='ocrx_word' id='word_1_301' title='bbox 1474 3658 1669 3719; x_wconf 82' lang='grc' dir='ltr'>ποιεῖς.</span> <span class='ocrx_word' id='word_1_302' title='bbox 1733 3656 1798 3710; x_wconf 88' lang='grc' dir='ltr'>Τί</span> <span class='ocrx_word' id='word_1_303' title='bbox 1848 3659 1955 3731; x_wconf 81' lang='grc' dir='ltr'>γὰρ</span> <span class='ocrx_word' id='word_1_304' title='bbox 2002 3659 2071 3713; x_wconf 79' lang='grc' dir='ltr'>ἂν</span> 
     </span>
    </p>
   </div>
   <div class='ocr_carea' id='block_1_42' title="bbox 486 3738 2069 3811">
    <p class='ocr_par' dir='ltr' id='par_1_42' title="bbox 486 3738 2069 3811">
     <span class='ocr_line' id='line_1_42' title="bbox 486 3738 2069 3811; baseline 0.003 -18"><span class='ocrx_word' id='word_1_305' title='bbox 486 3739 971 3811; x_wconf 81' lang='grc' dir='ltr'>ἀναισχυντότερον</span> <span class='ocrx_word' id='word_1_306' title='bbox 994 3738 1088 3794; x_wconf 83' lang='grc' dir='ltr'>τού</span> <span class='ocrx_word' id='word_1_307' title='bbox 1118 3739 1564 3811; x_wconf 84' lang='grc' dir='ltr'>συναλλάγματος</span> <span class='ocrx_word' id='word_1_308' title='bbox 1582 3739 1775 3794; x_wconf 88' lang='grc' dir='ltr'>τούτου</span> <span class='ocrx_word' id='word_1_309' title='bbox 1795 3757 1811 3807; x_wconf 88' lang='grc'><strong>;</strong></span> <span class='ocrx_word' id='word_1_310' title='bbox 1831 3741 1914 3806; x_wconf 88' lang='grc' dir='ltr'>τίς</span> <span class='ocrx_word' id='word_1_311' title='bbox 1938 3740 2069 3810; x_wconf 86' lang='grc' dir='ltr'>είδε,</span> 
     </span>
    </p>
   </div>
   <div class='ocr_carea' id='block_1_43' title="bbox 485 3823 2063 3896">
    <p class='ocr_par' dir='ltr' id='par_1_43' title="bbox 485 3823 2063 3896">
     <span class='ocr_line' id='line_1_43' title="bbox 485 3823 2063 3896; baseline 0.001 -19"><span class='ocrx_word' id='word_1_312' title='bbox 485 3823 570 3888; x_wconf 76' lang='grc' dir='ltr'>τίς</span> <span class='ocrx_word' id='word_1_313' title='bbox 597 3823 797 3896; x_wconf 79' lang='grc' dir='ltr'>ήκουσέ</span> <span class='ocrx_word' id='word_1_314' title='bbox 830 3839 960 3878; x_wconf 84' lang='grc' dir='ltr'>ποτε</span> <span class='ocrx_word' id='word_1_315' title='bbox 976 3840 991 3891; x_wconf 90' lang='grc'><strong>;</strong></span> <span class='ocrx_word' id='word_1_316' title='bbox 2058 3874 2063 3879; x_wconf 15' lang='grc' dir='ltr'>ι</span> 
     </span>
    </p>
   </div>
   <div class='ocr_carea' id='block_1_44' title="bbox 555 3906 2070 3983">
    <p class='ocr_par' dir='ltr' id='par_1_44' title="bbox 555 3906 2070 3983">
     <span class='ocr_line' id='line_1_44' title="bbox 555 3906 2070 3983; baseline 0.004 -22"><span class='ocrx_word' id='word_1_317' title='bbox 555 3907 618 3962; x_wconf 85' lang='grc' dir='ltr'>δ’.</span> <span class='ocrx_word' id='word_1_318' title='bbox 671 3907 810 3961; x_wconf 84' lang='grc' dir='ltr'>Ἀλλ’</span> <span class='ocrx_word' id='word_1_319' title='bbox 849 3908 936 3961; x_wconf 85' lang='grc' dir='ltr'>ἴνα</span> <span class='ocrx_word' id='word_1_320' title='bbox 972 3906 1235 3979; x_wconf 85' lang='grc' dir='ltr'>μάθωμεν</span> <span class='ocrx_word' id='word_1_321' title='bbox 1270 3907 1370 3979; x_wconf 74' lang='grc' dir='ltr'>τήν</span> <span class='ocrx_word' id='word_1_322' title='bbox 1388 3906 1657 3980; x_wconf 81' lang='grc' dir='ltr'>διαφορὰν</span> <span class='ocrx_word' id='word_1_323' title='bbox 1682 3907 1779 3964; x_wconf 79' lang='grc' dir='ltr'>τοῦ</span> <span class='ocrx_word' id='word_1_324' title='bbox 1809 3911 2070 3983; x_wconf 84' lang='grc' dir='ltr'>προδότου</span> 
     </span>
    </p>
   </div>
   <div class='ocr_carea' id='block_1_45' title="bbox 485 3989 2073 4065">
    <p class='ocr_par' dir='ltr' id='par_1_45' title="bbox 485 3989 2073 4065">
     <span class='ocr_line' id='line_1_45' title="bbox 485 3989 2073 4065; baseline 0.004 -21"><span class='ocrx_word' id='word_1_325' title='bbox 485 3994 581 4044; x_wconf 73' lang='grc' dir='ltr'>καὶ</span> <span class='ocrx_word' id='word_1_326' title='bbox 623 3990 733 4044; x_wconf 88' lang='grc' dir='ltr'>τῶν</span> <span class='ocrx_word' id='word_1_327' title='bbox 781 3989 1061 4062; x_wconf 83' lang='grc' dir='ltr'>μαθητῶν,</span> <span class='ocrx_word' id='word_1_328' title='bbox 1098 3991 1453 4062; x_wconf 82' lang='grc' dir='ltr'>ἀκούσωμεν·</span> <span class='ocrx_word' id='word_1_329' title='bbox 1502 3991 1722 4046; x_wconf 76' lang='grc' dir='ltr'>ἅπαντα</span> <span class='ocrx_word' id='word_1_330' title='bbox 1770 3994 1881 4065; x_wconf 81' lang='grc' dir='ltr'>γὰρ</span> <span class='ocrx_word' id='word_1_331' title='bbox 1931 3995 2073 4064; x_wconf 87' lang='grc' dir='ltr'>μετά</span> 
     </span>
    </p>
   </div>
   <div class='ocr_carea' id='block_1_46' title="bbox 484 4075 2070 4148">
    <p class='ocr_par' dir='ltr' id='par_1_46' title="bbox 484 4075 2070 4148">
     <span class='ocr_line' id='line_1_46' title="bbox 484 4075 2070 4148; baseline 0.003 -18"><span class='ocrx_word' id='word_1_332' title='bbox 484 4075 769 4148; x_wconf 77' lang='grc' dir='ltr'>ἀκριϐείας</span> <span class='ocrx_word' id='word_1_333' title='bbox 790 4078 923 4148; x_wconf 73' lang='grc' dir='ltr'>ἡμῖν</span> <span class='ocrx_word' id='word_1_334' title='bbox 942 4076 1211 4147; x_wconf 77' lang='grc' dir='ltr'>διηγεῖται</span> <span class='ocrx_word' id='word_1_335' title='bbox 1236 4079 1264 4131; x_wconf 93' lang='lat'>6</span> <span class='ocrx_word' id='word_1_336' title='bbox 1285 4075 1703 4147; x_wconf 84' lang='grc' dir='ltr'>εύαγγελιστής.</span> <span class='ocrx_word' id='word_1_337' title='bbox 1716 4079 1847 4133; x_wconf 89' lang='grc' dir='ltr'>Ὅτε</span> <span class='ocrx_word' id='word_1_338' title='bbox 1873 4080 2070 4148; x_wconf 81' lang='grc' dir='ltr'>ταῦτα,</span> 
     </span>
    </p>
   </div>
   <div class='ocr_carea' id='block_1_47' title="bbox 488 4159 2071 4232">
    <p class='ocr_par' dir='ltr' id='par_1_47' title="bbox 488 4159 2071 4232">
     <span class='ocr_line' id='line_1_47' title="bbox 488 4159 2071 4232; baseline 0 -19"><span class='ocrx_word' id='word_1_339' title='bbox 488 4161 675 4230; x_wconf 75' lang='grc' dir='ltr'>φησὶν,</span> <span class='ocrx_word' id='word_1_340' title='bbox 709 4160 958 4230; x_wconf 88' lang='grc' dir='ltr'>ἐγένετο,</span> <span class='ocrx_word' id='word_1_341' title='bbox 1018 4161 1106 4214; x_wconf 80' lang='grc' dir='ltr'>ὅτε</span> <span class='ocrx_word' id='word_1_342' title='bbox 1139 4162 1171 4232; x_wconf 85' lang='grc' dir='ltr'>ή</span> <span class='ocrx_word' id='word_1_343' title='bbox 1206 4159 1466 4229; x_wconf 85' lang='grc' dir='ltr'>προδοσία</span> <span class='ocrx_word' id='word_1_344' title='bbox 1499 4160 1890 4232; x_wconf 82' lang='grc' dir='ltr'>προεχώρησεν</span> <span class='ocrx_word' id='word_1_345' title='bbox 1915 4203 1930 4229; x_wconf 95' lang='grc'>,</span> <span class='ocrx_word' id='word_1_346' title='bbox 1980 4167 2071 4221; x_wconf 71' lang='grc' dir='ltr'>ὅτε</span> 
     </span>
    </p>
   </div>
   <div class='ocr_carea' id='block_1_48' title="bbox 484 4242 2070 4319">
    <p class='ocr_par' dir='ltr' id='par_1_48' title="bbox 484 4242 2070 4319">
     <span class='ocr_line' id='line_1_48' title="bbox 484 4242 2070 4319; baseline 0.004 -22"><span class='ocrx_word' id='word_1_347' title='bbox 484 4242 770 4298; x_wconf 80' lang='grc' dir='ltr'>ἀπώλεσεν</span> <span class='ocrx_word' id='word_1_348' title='bbox 820 4243 1014 4298; x_wconf 73' lang='grc' dir='ltr'>ἑαυτὸν</span> <span class='ocrx_word' id='word_1_349' title='bbox 1067 4245 1097 4297; x_wconf 88' lang='lat'>6</span> <span class='ocrx_word' id='word_1_350' title='bbox 1160 4242 1382 4308; x_wconf 77' lang='grc' dir='ltr'>Ἰούδας,</span> <span class='ocrx_word' id='word_1_351' title='bbox 1437 4245 1528 4298; x_wconf 83' lang='grc' dir='ltr'>ὅτε</span> <span class='ocrx_word' id='word_1_352' title='bbox 1576 4243 1677 4307; x_wconf 73' lang='grc' dir='ltr'>τὰς</span> <span class='ocrx_word' id='word_1_353' title='bbox 1715 4248 2070 4319; x_wconf 86' lang='grc' dir='ltr'>παρανόμους</span> 
     </span>
    </p>
   </div>
   <div class='ocr_carea' id='block_1_49' title="bbox 486 4326 2067 4402">
    <p class='ocr_par' dir='ltr' id='par_1_49' title="bbox 486 4326 2067 4402">
     <span class='ocr_line' id='line_1_49' title="bbox 486 4326 2067 4402; baseline 0.005 -23"><span class='ocrx_word' id='word_1_354' title='bbox 486 4326 702 4392; x_wconf 80' lang='grc' dir='ltr'>ἐκείνας</span> <span class='ocrx_word' id='word_1_355' title='bbox 754 4327 1029 4399; x_wconf 86' lang='grc' dir='ltr'>συνθήκας</span> <span class='ocrx_word' id='word_1_356' title='bbox 1086 4328 1400 4399; x_wconf 83' lang='grc' dir='ltr'>ἐποιήσατο,</span> <span class='ocrx_word' id='word_1_357' title='bbox 1454 4328 1551 4382; x_wconf 76' lang='grc' dir='ltr'>καὶ</span> <span class='ocrx_word' id='word_1_358' title='bbox 1600 4327 1814 4400; x_wconf 79' lang='grc' dir='ltr'>ἐζήτει,</span> <span class='ocrx_word' id='word_1_359' title='bbox 1864 4335 2067 4402; x_wconf 83' lang='grc' dir='ltr'>φησὶν,</span> 
     </span>
    </p>
   </div>
   <div class='ocr_carea' id='block_1_50' title="bbox 485 4410 2071 4483">
    <p class='ocr_par' dir='ltr' id='par_1_50' title="bbox 485 4410 2071 4483">
     <span class='ocr_line' id='line_1_50' title="bbox 485 4410 2071 4483; baseline 0.005 -21"><span class='ocrx_word' id='word_1_360' title='bbox 485 4410 793 4481; x_wconf 76' lang='grc' dir='ltr'>εὐκαιρίαν,</span> <span class='ocrx_word' id='word_1_361' title='bbox 816 4411 905 4465; x_wconf 84' lang='grc' dir='ltr'>ίνα</span> <span class='ocrx_word' id='word_1_362' title='bbox 924 4410 1087 4464; x_wconf 80' lang='grc' dir='ltr'>αὐτὸν</span> <span class='ocrx_word' id='word_1_363' title='bbox 1102 4411 1328 4483; x_wconf 84' lang='grc' dir='ltr'>παραδῷ</span> <span class='ocrx_word' id='word_1_364' title='bbox 1341 4427 1356 4442; x_wconf 77' lang='grc' dir='ltr'><strong><em>ο</em></strong></span> <span class='ocrx_word' id='word_1_365' title='bbox 1382 4413 1523 4466; x_wconf 80' lang='grc' dir='ltr'>Τότε</span> <span class='ocrx_word' id='word_1_366' title='bbox 1536 4411 1893 4482; x_wconf 67' lang='grc' dir='ltr'>προσῆλθον</span> <span class='ocrx_word' id='word_1_367' title='bbox 1908 4414 2071 4482; x_wconf 81' lang='grc' dir='ltr'>αὐτῷ</span> 
     </span>
    </p>
   </div>
   <div class='ocr_carea' id='block_1_51' title="bbox 486 4494 2069 4567">
    <p class='ocr_par' dir='ltr' id='par_1_51' title="bbox 486 4494 2069 4567">
     <span class='ocr_line' id='line_1_51' title="bbox 486 4494 2069 4567; baseline 0.005 -20"><span class='ocrx_word' id='word_1_368' title='bbox 486 4498 542 4549; x_wconf 88' lang='grc' dir='ltr'>οί</span> <span class='ocrx_word' id='word_1_369' title='bbox 567 4494 828 4565; x_wconf 74' lang='grc' dir='ltr'>μαθηταὶ</span> <span class='ocrx_word' id='word_1_370' title='bbox 844 4495 1151 4565; x_wconf 55' lang='grc' dir='ltr'>λέγοντες</span> <span class='ocrx_word' id='word_1_371' title='bbox 1173 4494 1296 4551; x_wconf 84' lang='grc' dir='ltr'>Ποῦ</span> <span class='ocrx_word' id='word_1_372' title='bbox 1320 4494 1518 4561; x_wconf 75' lang='grc' dir='ltr'>θέλεις</span> <span class='ocrx_word' id='word_1_373' title='bbox 1537 4496 1945 4567; x_wconf 76' lang='grc' dir='ltr'>ἑτοιμάσωμέν</span> <span class='ocrx_word' id='word_1_374' title='bbox 1968 4514 2069 4555; x_wconf 83' lang='grc' dir='ltr'>σοι</span> 
     </span>
    </p>
   </div>
   <div class='ocr_carea' id='block_1_52' title="bbox 484 4576 2064 4656">
    <p class='ocr_par' dir='ltr' id='par_1_52' title="bbox 484 4576 2064 4656">
     <span class='ocr_line' id='line_1_52' title="bbox 484 4576 2064 4656; baseline 0.003 -22"><span class='ocrx_word' id='word_1_375' title='bbox 484 4579 700 4649; x_wconf 68' lang='grc' dir='ltr'>φαγεῖν</span> <span class='ocrx_word' id='word_1_376' title='bbox 725 4579 794 4633; x_wconf 83' lang='grc' dir='ltr'>τὸ</span> <span class='ocrx_word' id='word_1_377' title='bbox 823 4580 1072 4649; x_wconf 83' lang='grc' dir='ltr'>Πάσχα;</span> <span class='ocrx_word' id='word_1_378' title='bbox 1101 4577 1255 4643; x_wconf 65' lang='grc' dir='ltr'>Εἶδες</span> <span class='ocrx_word' id='word_1_379' title='bbox 1299 4578 1566 4650; x_wconf 79' lang='grc' dir='ltr'>μαθητὰς,</span> <span class='ocrx_word' id='word_1_380' title='bbox 1609 4576 1751 4644; x_wconf 77' lang='grc' dir='ltr'>εἶδες</span> <span class='ocrx_word' id='word_1_381' title='bbox 1783 4581 2064 4656; x_wconf 85' lang='grc' dir='ltr'>μαθητήν;</span> 
     </span>
    </p>
   </div>
   <div class='ocr_carea' id='block_1_53' title="bbox 497 4660 2068 4739">
    <p class='ocr_par' dir='ltr' id='par_1_53' title="bbox 497 4660 2068 4739">
     <span class='ocr_line' id='line_1_53' title="bbox 497 4660 2068 4739; baseline 0.004 -23"><span class='ocrx_word' id='word_1_382' title='bbox 497 4665 736 4727; x_wconf 85' lang='grc' dir='ltr'>Ἐκεῖνος</span> <span class='ocrx_word' id='word_1_383' title='bbox 782 4664 911 4735; x_wconf 78' lang='grc' dir='ltr'>περὶ</span> <span class='ocrx_word' id='word_1_384' title='bbox 957 4665 1058 4735; x_wconf 81' lang='grc' dir='ltr'>τὴν</span> <span class='ocrx_word' id='word_1_385' title='bbox 1088 4662 1379 4735; x_wconf 81' lang='grc' dir='ltr'>προδοσίαν</span> <span class='ocrx_word' id='word_1_386' title='bbox 1411 4664 1715 4734; x_wconf 79' lang='grc' dir='ltr'>ἠσχολεῖτο,</span> <span class='ocrx_word' id='word_1_387' title='bbox 1757 4660 1905 4721; x_wconf 76' lang='grc' dir='ltr'>οὗτοι</span> <span class='ocrx_word' id='word_1_388' title='bbox 1939 4672 2068 4739; x_wconf 80' lang='grc' dir='ltr'>περὶ</span> 
     </span>
    </p>
   </div>
   <div class='ocr_carea' id='block_1_54' title="bbox 482 4746 2066 4820">
    <p class='ocr_par' dir='ltr' id='par_1_54' title="bbox 482 4746 2066 4820">
     <span class='ocr_line' id='line_1_54' title="bbox 482 4746 2066 4820; baseline 0.003 -18"><span class='ocrx_word' id='word_1_389' title='bbox 482 4750 584 4820; x_wconf 81' lang='grc' dir='ltr'>τὴν</span> <span class='ocrx_word' id='word_1_390' title='bbox 631 4748 940 4813; x_wconf 68' lang='grc' dir='ltr'>διακονίανσ</span> <span class='ocrx_word' id='word_1_391' title='bbox 989 4750 1197 4811; x_wconf 84' lang='grc' dir='ltr'>ἐκεῖνος</span> <span class='ocrx_word' id='word_1_392' title='bbox 1248 4746 1519 4816; x_wconf 75' lang='grc' dir='ltr'>σύμφωνα</span> <span class='ocrx_word' id='word_1_393' title='bbox 1570 4748 1784 4815; x_wconf 87' lang='grc' dir='ltr'>ἐποίει,</span> <span class='ocrx_word' id='word_1_394' title='bbox 1834 4752 2066 4806; x_wconf 77' lang='grc' dir='ltr'>καὶτοῦ</span> 
     </span>
    </p>
   </div>
   <div class='ocr_carea' id='block_1_55' title="bbox 482 4828 2069 4905">
    <p class='ocr_par' dir='ltr' id='par_1_55' title="bbox 482 4828 2069 4905">
     <span class='ocr_line' id='line_1_55' title="bbox 482 4828 2069 4905; baseline 0.003 -20"><span class='ocrx_word' id='word_1_395' title='bbox 482 4832 717 4903; x_wconf 77' lang='grc' dir='ltr'>αἵματος</span> <span class='ocrx_word' id='word_1_396' title='bbox 742 4832 837 4885; x_wconf 80' lang='grc' dir='ltr'>τοῦ</span> <span class='ocrx_word' id='word_1_397' title='bbox 858 4829 1194 4885; x_wconf 85' lang='grc' dir='ltr'>Δεσποτικοῦ</span> <span class='ocrx_word' id='word_1_398' title='bbox 1216 4828 1315 4902; x_wconf 81' lang='grc' dir='ltr'>τὴν</span> <span class='ocrx_word' id='word_1_399' title='bbox 1336 4830 1501 4902; x_wconf 83' lang='grc' dir='ltr'>τιμὴν</span> <span class='ocrx_word' id='word_1_400' title='bbox 1524 4830 1826 4903; x_wconf 89' lang='grc' dir='ltr'>λαμϐάνειν</span> <span class='ocrx_word' id='word_1_401' title='bbox 1852 4835 2069 4905; x_wconf 76' lang='grc' dir='ltr'>ἐπεχεί-</span> 
     </span>
    </p>
   </div>
   <div class='ocr_carea' id='block_1_56' title="bbox 487 4909 2068 4987">
    <p class='ocr_par' dir='ltr' id='par_1_56' title="bbox 487 4909 2068 4987">
     <span class='ocr_line' id='line_1_56' title="bbox 487 4909 2068 4987; baseline 0.003 -19"><span class='ocrx_word' id='word_1_402' title='bbox 487 4932 592 4987; x_wconf 88' lang='grc' dir='ltr'>ρει,</span> <span class='ocrx_word' id='word_1_403' title='bbox 628 4909 774 4969; x_wconf 72' lang='grc' dir='ltr'>οὗτοι</span> <span class='ocrx_word' id='word_1_404' title='bbox 807 4915 937 4987; x_wconf 82' lang='grc' dir='ltr'>περὶ</span> <span class='ocrx_word' id='word_1_405' title='bbox 956 4914 1055 4986; x_wconf 83' lang='grc' dir='ltr'>τήν</span> <span class='ocrx_word' id='word_1_406' title='bbox 1089 4912 1240 4987; x_wconf 70' lang='grc'>[592]</span> <span class='ocrx_word' id='word_1_407' title='bbox 1273 4915 1579 4986; x_wconf 82' lang='grc' dir='ltr'>ὑπηρεσίαν</span> <span class='ocrx_word' id='word_1_408' title='bbox 1613 4917 2068 4986; x_wconf 82' lang='grc' dir='ltr'>παρασκευάζον·</span> 
     </span>
    </p>
   </div>
   <div class='ocr_carea' id='block_1_57' title="bbox 482 4997 2068 5071">
    <p class='ocr_par' dir='ltr' id='par_1_57' title="bbox 482 4997 2068 5071">
     <span class='ocr_line' id='line_1_57' title="bbox 482 4997 2068 5071; baseline 0.004 -21"><span class='ocrx_word' id='word_1_409' title='bbox 482 5012 593 5052; x_wconf 81' lang='grc' dir='ltr'>ται.</span> <span class='ocrx_word' id='word_1_410' title='bbox 646 4999 767 5052; x_wconf 84' lang='grc' dir='ltr'>Τῶν</span> <span class='ocrx_word' id='word_1_411' title='bbox 825 4999 1008 5054; x_wconf 85' lang='grc' dir='ltr'>αὐτῶν</span> <span class='ocrx_word' id='word_1_412' title='bbox 1047 4998 1338 5070; x_wconf 83' lang='grc' dir='ltr'>θαυμάτων</span> <span class='ocrx_word' id='word_1_413' title='bbox 1396 5000 1719 5071; x_wconf 83' lang='grc' dir='ltr'>ἀπήλαυσαν</span> <span class='ocrx_word' id='word_1_414' title='bbox 1779 5001 1874 5054; x_wconf 75' lang='grc' dir='ltr'>καὶ</span> <span class='ocrx_word' id='word_1_415' title='bbox 1910 4997 2068 5067; x_wconf 72' lang='grc' dir='ltr'>οὗτος</span> 
     </span>
    </p>
   </div>
   <div class='ocr_carea' id='block_1_58' title="bbox 483 5080 2069 5157">
    <p class='ocr_par' dir='ltr' id='par_1_58' title="bbox 483 5080 2069 5157">
     <span class='ocr_line' id='line_1_58' title="bbox 483 5080 2069 5157; baseline 0.004 -22"><span class='ocrx_word' id='word_1_416' title='bbox 483 5083 749 5146; x_wconf 73' lang='grc' dir='ltr'>κάκεῖνοι,</span> <span class='ocrx_word' id='word_1_417' title='bbox 779 5083 887 5137; x_wconf 83' lang='grc' dir='ltr'>τῶν</span> <span class='ocrx_word' id='word_1_418' title='bbox 914 5084 1094 5139; x_wconf 79' lang='grc' dir='ltr'>αὐτῶν</span> <span class='ocrx_word' id='word_1_419' title='bbox 1137 5085 1514 5155; x_wconf 70' lang='grc' dir='ltr'>διδαγμάτωνι</span> <span class='ocrx_word' id='word_1_420' title='bbox 1547 5084 1713 5137; x_wconf 88' lang='grc' dir='ltr'>πόθεν</span> <span class='ocrx_word' id='word_1_421' title='bbox 1743 5080 1836 5138; x_wconf 81' lang='grc' dir='ltr'>οὖν</span> <span class='ocrx_word' id='word_1_422' title='bbox 1873 5087 1907 5157; x_wconf 86' lang='grc' dir='ltr'>ή</span> <span class='ocrx_word' id='word_1_423' title='bbox 1951 5084 2069 5142; x_wconf 69' lang='grc' dir='ltr'>δια⁶</span> 
     </span>
    </p>
   </div>
   <div class='ocr_carea' id='block_1_59' title="bbox 484 5164 2066 5239">
    <p class='ocr_par' dir='ltr' id='par_1_59' title="bbox 484 5164 2066 5239">
     <span class='ocr_line' id='line_1_59' title="bbox 484 5164 2066 5239; baseline 0.004 -21"><span class='ocrx_word' id='word_1_424' title='bbox 484 5165 657 5236; x_wconf 77' lang='grc' dir='ltr'>φοράς</span> <span class='ocrx_word' id='word_1_425' title='bbox 696 5164 828 5218; x_wconf 77' lang='grc' dir='ltr'>Ἀπὸ</span> <span class='ocrx_word' id='word_1_426' title='bbox 846 5167 948 5236; x_wconf 82' lang='grc' dir='ltr'>τῆς</span> <span class='ocrx_word' id='word_1_427' title='bbox 975 5168 1370 5239; x_wconf 87' lang='grc' dir='ltr'>προαιρέσεως.</span> <span class='ocrx_word' id='word_1_428' title='bbox 1396 5166 1544 5237; x_wconf 75' lang='grc' dir='ltr'>Αὕτη</span> <span class='ocrx_word' id='word_1_429' title='bbox 1576 5166 1723 5220; x_wconf 88' lang='grc' dir='ltr'>αἰτία</span> <span class='ocrx_word' id='word_1_430' title='bbox 1751 5168 1861 5222; x_wconf 85' lang='grc' dir='ltr'>τῶν</span> <span class='ocrx_word' id='word_1_431' title='bbox 1878 5165 2066 5233; x_wconf 77' lang='grc' dir='ltr'>κακῶν</span> 
     </span>
    </p>
   </div>
   <div class='ocr_carea' id='block_1_60' title="bbox 478 5247 2066 5325">
    <p class='ocr_par' dir='ltr' id='par_1_60' title="bbox 478 5247 2066 5325">
     <span class='ocr_line' id='line_1_60' title="bbox 478 5247 2066 5325; baseline 0.004 -23"><span class='ocrx_word' id='word_1_432' title='bbox 478 5251 578 5302; x_wconf 71' lang='grc' dir='ltr'>ικαὶ</span> <span class='ocrx_word' id='word_1_433' title='bbox 601 5247 711 5302; x_wconf 88' lang='grc' dir='ltr'>τῶν</span> <span class='ocrx_word' id='word_1_434' title='bbox 746 5249 968 5317; x_wconf 81' lang='grc' dir='ltr'>ἀγαθῶν</span> <span class='ocrx_word' id='word_1_435' title='bbox 1000 5251 1231 5317; x_wconf 85' lang='grc' dir='ltr'>γίνεται.</span> <span class='ocrx_word' id='word_1_436' title='bbox 1281 5252 1343 5304; x_wconf 86' lang='grc' dir='ltr'><strong>Ἦ</strong></span> <span class='ocrx_word' id='word_1_437' title='bbox 1396 5251 1607 5321; x_wconf 76' lang='grc' dir='ltr'>ἑσπέρα</span> <span class='ocrx_word' id='word_1_438' title='bbox 1638 5251 1777 5322; x_wconf 78' lang='grc' dir='ltr'>αὕτη</span> <span class='ocrx_word' id='word_1_439' title='bbox 1807 5248 1894 5325; x_wconf 78' lang='grc' dir='ltr'>ἦν,</span> <span class='ocrx_word' id='word_1_440' title='bbox 1942 5255 2066 5309; x_wconf 86' lang='grc' dir='ltr'>καθ’</span> 
     </span>
    </p>
   </div>
   <div class='ocr_carea' id='block_1_61' title="bbox 480 5331 2066 5407">
    <p class='ocr_par' dir='ltr' id='par_1_61' title="bbox 480 5331 2066 5407">
     <span class='ocr_line' id='line_1_61' title="bbox 480 5331 2066 5407; baseline 0.005 -23"><span class='ocrx_word' id='word_1_441' title='bbox 480 5333 550 5404; x_wconf 84' lang='grc' dir='ltr'>ἢν</span> <span class='ocrx_word' id='word_1_442' title='bbox 593 5333 644 5385; x_wconf 82' lang='grc' dir='ltr'>οἰ</span> <span class='ocrx_word' id='word_1_443' title='bbox 678 5331 919 5404; x_wconf 80' lang='grc' dir='ltr'>μαθηταὶ</span> <span class='ocrx_word' id='word_1_444' title='bbox 963 5335 1136 5388; x_wconf 82' lang='grc' dir='ltr'>ταῦτα</span> <span class='ocrx_word' id='word_1_445' title='bbox 1188 5334 1393 5403; x_wconf 77' lang='grc' dir='ltr'>ελεγον.</span> <span class='ocrx_word' id='word_1_446' title='bbox 1427 5335 1498 5387; x_wconf 83' lang='grc' dir='ltr'>Τί</span> <span class='ocrx_word' id='word_1_447' title='bbox 1535 5338 1672 5398; x_wconf 78' lang='grc' dir='ltr'>ἐστι,</span> <span class='ocrx_word' id='word_1_448' title='bbox 1709 5336 1837 5391; x_wconf 87' lang='grc' dir='ltr'>Ποῦ</span> <span class='ocrx_word' id='word_1_449' title='bbox 1870 5337 2066 5407; x_wconf 74' lang='grc' dir='ltr'>θέλεις</span> 
     </span>
    </p>
   </div>
   <div class='ocr_carea' id='block_1_62' title="bbox 479 5415 2066 5491">
    <p class='ocr_par' dir='ltr' id='par_1_62' title="bbox 479 5415 2066 5491">
     <span class='ocr_line' id='line_1_62' title="bbox 479 5415 2066 5491; baseline 0.005 -23"><span class='ocrx_word' id='word_1_450' title='bbox 479 5415 889 5485; x_wconf 70' lang='grc' dir='ltr'>ἑτοιμάσωμέν</span> <span class='ocrx_word' id='word_1_451' title='bbox 919 5431 1021 5471; x_wconf 85' lang='grc' dir='ltr'>σοι</span> <span class='ocrx_word' id='word_1_452' title='bbox 1049 5418 1266 5488; x_wconf 73' lang='grc' dir='ltr'>φαγεῖν</span> <span class='ocrx_word' id='word_1_453' title='bbox 1295 5420 1360 5472; x_wconf 85' lang='grc' dir='ltr'>τὸ</span> <span class='ocrx_word' id='word_1_454' title='bbox 1384 5418 1604 5489; x_wconf 80' lang='grc' dir='ltr'>Πάσχα</span> <span class='ocrx_word' id='word_1_455' title='bbox 1627 5435 1647 5484; x_wconf 86' lang='grc'><em>;</em></span> <span class='ocrx_word' id='word_1_456' title='bbox 1688 5421 2066 5491; x_wconf 75' lang='grc' dir='ltr'>Διδασκόμεθα</span> 
     </span>
    </p>
   </div>
   <div class='ocr_carea' id='block_1_63' title="bbox 481 5498 2065 5576">
    <p class='ocr_par' dir='ltr' id='par_1_63' title="bbox 481 5498 2065 5576">
     <span class='ocr_line' id='line_1_63' title="bbox 481 5498 2065 5576; baseline 0.006 -25"><span class='ocrx_word' id='word_1_457' title='bbox 481 5498 749 5560; x_wconf 79' lang='grc' dir='ltr'>ἐντεῦθεν,</span> <span class='ocrx_word' id='word_1_458' title='bbox 782 5501 862 5555; x_wconf 85' lang='grc' dir='ltr'>ὅτι</span> <span class='ocrx_word' id='word_1_459' title='bbox 908 5502 1009 5555; x_wconf 84' lang='grc' dir='ltr'>οὐκ</span> <span class='ocrx_word' id='word_1_460' title='bbox 1042 5499 1189 5572; x_wconf 80' lang='grc' dir='ltr'>εἶχεν</span> <span class='ocrx_word' id='word_1_461' title='bbox 1234 5500 1412 5554; x_wconf 85' lang='grc' dir='ltr'>οἰκίαν</span> <span class='ocrx_word' id='word_1_462' title='bbox 1445 5503 1836 5574; x_wconf 83' lang='grc' dir='ltr'>ἀφωρισμένην</span> <span class='ocrx_word' id='word_1_463' title='bbox 1864 5506 1893 5557; x_wconf 88' lang='lat'>6</span> <span class='ocrx_word' id='word_1_464' title='bbox 1930 5507 2065 5576; x_wconf 87' lang='grc' dir='ltr'>Χρι-</span> 
     </span>
    </p>
   </div>
   <div class='ocr_carea' id='block_1_64' title="bbox 483 5582 2066 5655">
    <p class='ocr_par' dir='ltr' id='par_1_64' title="bbox 483 5582 2066 5655">
     <span class='ocr_line' id='line_1_64' title="bbox 483 5582 2066 5655; baseline 0.007 -24"><span class='ocrx_word' id='word_1_465' title='bbox 483 5582 629 5643; x_wconf 76' lang='grc' dir='ltr'>στός,</span> <span class='ocrx_word' id='word_1_466' title='bbox 679 5583 1052 5638; x_wconf 80' lang='grc' dir='ltr'>Ἀκουὲτωσαν</span> <span class='ocrx_word' id='word_1_467' title='bbox 1095 5586 1145 5638; x_wconf 87' lang='grc' dir='ltr'>οί</span> <span class='ocrx_word' id='word_1_468' title='bbox 1195 5584 1294 5648; x_wconf 81' lang='grc' dir='ltr'>τάς</span> <span class='ocrx_word' id='word_1_469' title='bbox 1350 5585 1610 5655; x_wconf 86' lang='grc' dir='ltr'>λαμπρὰς</span> <span class='ocrx_word' id='word_1_470' title='bbox 1658 5587 1837 5650; x_wconf 82' lang='grc' dir='ltr'>οἰκίας</span> <span class='ocrx_word' id='word_1_471' title='bbox 1862 5589 2066 5642; x_wconf 84' lang='grc' dir='ltr'>οἰκοδο-</span> 
     </span>
    </p>
   </div>
   <div class='ocr_carea' id='block_1_65' title="bbox 484 5662 2062 5739">
    <p class='ocr_par' dir='ltr' id='par_1_65' title="bbox 484 5662 2062 5739">
     <span class='ocr_line' id='line_1_65' title="bbox 484 5662 2062 5739; baseline 0.01 -29"><span class='ocrx_word' id='word_1_472' title='bbox 484 5662 713 5737; x_wconf 53' lang='grc' dir='ltr'>βιοῦντες</span> <span class='ocrx_word' id='word_1_473' title='bbox 745 5668 838 5719; x_wconf 76' lang='grc' dir='ltr'>καὶ</span> <span class='ocrx_word' id='word_1_474' title='bbox 861 5669 989 5732; x_wconf 78' lang='grc' dir='ltr'>τοὺς</span> <span class='ocrx_word' id='word_1_475' title='bbox 1012 5671 1257 5739; x_wconf 77' lang='grc' dir='ltr'>μακροὺς</span> <span class='ocrx_word' id='word_1_476' title='bbox 1284 5668 1626 5739; x_wconf 84' lang='grc' dir='ltr'>περιϐόλους,</span> <span class='ocrx_word' id='word_1_477' title='bbox 1653 5670 1734 5722; x_wconf 83' lang='grc' dir='ltr'>ὅτι</span> <span class='ocrx_word' id='word_1_478' title='bbox 1758 5671 1788 5722; x_wconf 92' lang='lat'>6</span> <span class='ocrx_word' id='word_1_479' title='bbox 1817 5670 1945 5734; x_wconf 76' lang='grc' dir='ltr'>Υίδς</span> <span class='ocrx_word' id='word_1_480' title='bbox 1968 5672 2062 5725; x_wconf 78' lang='grc' dir='ltr'>τοῦ</span> 
     </span>
    </p>
   </div>
   <div class='ocr_carea' id='block_1_66' title="bbox 474 5742 2059 5822">
    <p class='ocr_par' dir='ltr' id='par_1_66' title="bbox 474 5742 2059 5822">
     <span class='ocr_line' id='line_1_66' title="bbox 474 5742 2059 5822; baseline 0.002 -15"><span class='ocrx_word' id='word_1_481' title='bbox 474 5742 774 5807; x_wconf 48' lang='grc' dir='ltr'>ἀνθρώπου</span> <span class='ocrx_word' id='word_1_482' title='bbox 803 5750 912 5804; x_wconf 34' lang='grc' dir='ltr'>,οὐκ</span> <span class='ocrx_word' id='word_1_483' title='bbox 944 5753 1055 5821; x_wconf 67' lang='grc' dir='ltr'>ἔχει</span> <span class='ocrx_word' id='word_1_484' title='bbox 1091 5751 1193 5817; x_wconf 78' lang='grc' dir='ltr'>ποῦ</span> <span class='ocrx_word' id='word_1_485' title='bbox 1226 5752 1322 5822; x_wconf 74' lang='grc' dir='ltr'>τὴν</span> <span class='ocrx_word' id='word_1_486' title='bbox 1357 5750 1605 5822; x_wconf 72' lang='grc' dir='ltr'>κεφαλὴν</span> <span class='ocrx_word' id='word_1_487' title='bbox 1632 5753 1957 5809; x_wconf 71' lang='grc' dir='ltr'>κλῖναι..Δτά</span> <span class='ocrx_word' id='word_1_488' title='bbox 1977 5773 2059 5810; x_wconf 86' lang='grc' dir='ltr'>τοι</span> 
     </span>
    </p>
   </div>
   <div class='ocr_carea' id='block_1_67' title="bbox 1226 274 3053 339">
    <p class='ocr_par' dir='ltr' id='par_1_67' title="bbox 1226 274 3053 339">
     <span class='ocr_line' id='line_1_67' title="bbox 1226 274 3053 339; baseline -0.003 0"><span class='ocrx_word' id='word_1_489' title='bbox 1226 280 1284 339; x_wconf 79' lang='lat'>8.</span> <span class='ocrx_word' id='word_1_490' title='bbox 1314 277 1601 336; x_wconf 80' lang='lat' dir='ltr'>JOANNIS</span> <span class='ocrx_word' id='word_1_491' title='bbox 1628 274 2118 337; x_wconf 75' lang='lat' dir='ltr'>CHRYSOSTOMI</span> <span class='ocrx_word' id='word_1_492' title='bbox 2149 276 2467 338; x_wconf 81' lang='lat' dir='ltr'>ABCHIEP.</span> <span class='ocrx_word' id='word_1_493' title='bbox 2507 276 3053 336; x_wconf 71' lang='lat' dir='ltr'>CONSTANTINOP.</span> 
     </span>
    </p>
   </div>
   <div class='ocr_carea' id='block_1_68' title="bbox 3634 280 3728 339">
    <p class='ocr_par' dir='ltr' id='par_1_68' title="bbox 3634 280 3728 339">
     <span class='ocr_line' id='line_1_68' title="bbox 3634 280 3728 339; baseline -0.021 0"><span class='ocrx_word' id='word_1_494' title='bbox 3634 280 3728 339; x_wconf 77' lang='lat'>583</span> 
     </span>
    </p>
   </div>
   <div class='ocr_carea' id='block_1_69' title="bbox 2166 389 3731 468">
    <p class='ocr_par' dir='ltr' id='par_1_69' title="bbox 2166 389 3731 468">
     <span class='ocr_line' id='line_1_69' title="bbox 2166 389 3731 468; baseline -0.001 -19"><span class='ocrx_word' id='word_1_495' title='bbox 2166 394 2327 449; x_wconf 83' lang='grc' dir='ltr'>τοῦτο</span> <span class='ocrx_word' id='word_1_496' title='bbox 2359 394 2608 463; x_wconf 85' lang='grc' dir='ltr'>λέγουσιν</span> <span class='ocrx_word' id='word_1_497' title='bbox 2641 395 2790 466; x_wconf 83' lang='grc' dir='ltr'>αὐτῷ</span> <span class='ocrx_word' id='word_1_498' title='bbox 2820 398 2870 450; x_wconf 82' lang='grc' dir='ltr'>οἰ</span> <span class='ocrx_word' id='word_1_499' title='bbox 2902 393 3162 468; x_wconf 86' lang='grc' dir='ltr'>μαθηταί·</span> <span class='ocrx_word' id='word_1_500' title='bbox 3208 389 3332 446; x_wconf 86' lang='grc' dir='ltr'>Ποῦ</span> <span class='ocrx_word' id='word_1_501' title='bbox 3360 389 3549 460; x_wconf 74' lang='grc' dir='ltr'>θέλεις</span> <span class='ocrx_word' id='word_1_502' title='bbox 3593 395 3731 450; x_wconf 81' lang='grc' dir='ltr'>έτοι-</span> 
     </span>
    </p>
   </div>
   <div class='ocr_carea' id='block_1_70' title="bbox 2159 476 3726 550">
    <p class='ocr_par' dir='ltr' id='par_1_70' title="bbox 2159 476 3726 550">
     <span class='ocr_line' id='line_1_70' title="bbox 2159 476 3726 550; baseline 0.001 -18"><span class='ocrx_word' id='word_1_503' title='bbox 2159 478 2450 550; x_wconf 73' lang='grc' dir='ltr'>μάσωμέν</span> <span class='ocrx_word' id='word_1_504' title='bbox 2476 494 2576 533; x_wconf 87' lang='grc' dir='ltr'>σοι</span> <span class='ocrx_word' id='word_1_505' title='bbox 2604 479 2818 549; x_wconf 63' lang='grc' dir='ltr'>φαγεῖν</span> <span class='ocrx_word' id='word_1_506' title='bbox 2841 481 2909 535; x_wconf 79' lang='grc' dir='ltr'>τὸ</span> <span class='ocrx_word' id='word_1_507' title='bbox 2929 479 3180 549; x_wconf 81' lang='grc' dir='ltr'>Πάσχα;</span> <span class='ocrx_word' id='word_1_508' title='bbox 3211 477 3370 530; x_wconf 89' lang='grc' dir='ltr'>Ποῖον</span> <span class='ocrx_word' id='word_1_509' title='bbox 3400 476 3625 548; x_wconf 83' lang='grc' dir='ltr'>Πάσχα;</span> <span class='ocrx_word' id='word_1_510' title='bbox 3662 481 3726 533; x_wconf 78' lang='grc' dir='ltr'>Τὲ</span> 
     </span>
    </p>
   </div>
   <div class='ocr_carea' id='block_1_71' title="bbox 2178 560 3725 633">
    <p class='ocr_par' dir='ltr' id='par_1_71' title="bbox 2178 560 3725 633">
     <span class='ocr_line' id='line_1_71' title="bbox 2178 560 3725 633; baseline -0.001 -17"><span class='ocrx_word' id='word_1_511' title='bbox 2178 562 2502 626; x_wconf 83' lang='grc' dir='ltr'>Ἰουδαϊκὸν,</span> <span class='ocrx_word' id='word_1_512' title='bbox 2535 561 2599 614; x_wconf 79' lang='grc' dir='ltr'>τὸ</span> <span class='ocrx_word' id='word_1_513' title='bbox 2635 564 2729 615; x_wconf 85' lang='grc' dir='ltr'>ἀπ’</span> <span class='ocrx_word' id='word_1_514' title='bbox 2759 563 3037 631; x_wconf 81' lang='grc' dir='ltr'>Αἰγύπτου</span> <span class='ocrx_word' id='word_1_515' title='bbox 3082 561 3181 633; x_wconf 79' lang='grc' dir='ltr'>τὴν</span> <span class='ocrx_word' id='word_1_516' title='bbox 3240 560 3414 633; x_wconf 77' lang='grc' dir='ltr'>ἀρχὴν</span> <span class='ocrx_word' id='word_1_517' title='bbox 3459 560 3683 632; x_wconf 81' lang='grc' dir='ltr'>ἐσχηκός</span> <span class='ocrx_word' id='word_1_518' title='bbox 3712 579 3725 592; x_wconf 87' lang='grc'><strong>·</strong></span> 
     </span>
    </p>
   </div>
   <div class='ocr_carea' id='block_1_72' title="bbox 2163 642 3729 717">
    <p class='ocr_par' dir='ltr' id='par_1_72' title="bbox 2163 642 3729 717">
     <span class='ocr_line' id='line_1_72' title="bbox 2163 642 3729 717; baseline -0.001 -19"><span class='ocrx_word' id='word_1_519' title='bbox 2163 645 2281 699; x_wconf 86' lang='grc' dir='ltr'>ἐκεῖ</span> <span class='ocrx_word' id='word_1_520' title='bbox 2329 645 2437 716; x_wconf 84' lang='grc' dir='ltr'>γάρ</span> <span class='ocrx_word' id='word_1_521' title='bbox 2484 644 2581 716; x_wconf 80' lang='grc' dir='ltr'>τὴν</span> <span class='ocrx_word' id='word_1_522' title='bbox 2631 644 2806 717; x_wconf 77' lang='grc' dir='ltr'>ἀρχὴν</span> <span class='ocrx_word' id='word_1_523' title='bbox 2854 645 3202 700; x_wconf 83' lang='grc' dir='ltr'>ἐπετέλεσαν,</span> <span class='ocrx_word' id='word_1_524' title='bbox 3237 642 3349 697; x_wconf 85' lang='lat' dir='ltr'>Kal</span> <span class='ocrx_word' id='word_1_525' title='bbox 3387 643 3528 706; x_wconf 91' lang='grc' dir='ltr'>τίνος</span> <span class='ocrx_word' id='word_1_526' title='bbox 3555 643 3729 697; x_wconf 69' lang='grc' dir='ltr'>ἕνεκεν</span> 
     </span>
    </p>
   </div>
   <div class='ocr_carea' id='block_1_73' title="bbox 2163 725 3734 799">
    <p class='ocr_par' dir='ltr' id='par_1_73' title="bbox 2163 725 3734 799">
     <span class='ocr_line' id='line_1_73' title="bbox 2163 725 3734 799; baseline -0.002 -17"><span class='ocrx_word' id='word_1_527' title='bbox 2163 728 2401 783; x_wconf 86' lang='grc' dir='ltr'>ἐπιτελεῖ</span> <span class='ocrx_word' id='word_1_528' title='bbox 2439 728 2572 782; x_wconf 83' lang='grc' dir='ltr'>αὐτὸ</span> <span class='ocrx_word' id='word_1_529' title='bbox 2607 730 2636 781; x_wconf 94' lang='lat'>6</span> <span class='ocrx_word' id='word_1_530' title='bbox 2673 730 2941 799; x_wconf 86' lang='grc' dir='ltr'>Χριστός;</span> <span class='ocrx_word' id='word_1_531' title='bbox 2995 728 3209 799; x_wconf 82' lang='grc' dir='ltr'>Ὥσπερ</span> <span class='ocrx_word' id='word_1_532' title='bbox 3262 727 3442 781; x_wconf 90' lang='grc' dir='ltr'>πάντα</span> <span class='ocrx_word' id='word_1_533' title='bbox 3490 725 3559 779; x_wconf 83' lang='grc' dir='ltr'>τὰ</span> <span class='ocrx_word' id='word_1_534' title='bbox 3606 725 3734 780; x_wconf 85' lang='grc' dir='ltr'>ἀλλα</span> 
     </span>
    </p>
   </div>
   <div class='ocr_carea' id='block_1_74' title="bbox 2165 808 3731 884">
    <p class='ocr_par' dir='ltr' id='par_1_74' title="bbox 2165 808 3731 884">
     <span class='ocr_line' id='line_1_74' title="bbox 2165 808 3731 884; baseline -0.003 -18"><span class='ocrx_word' id='word_1_535' title='bbox 2165 812 2373 884; x_wconf 87' lang='grc' dir='ltr'>νόμιμα</span> <span class='ocrx_word' id='word_1_536' title='bbox 2407 812 2753 884; x_wconf 74' lang='grc' dir='ltr'>ἐπλήρωσεν,</span> <span class='ocrx_word' id='word_1_537' title='bbox 2783 812 2929 866; x_wconf 74' lang='grc' dir='ltr'>οὕτω</span> <span class='ocrx_word' id='word_1_538' title='bbox 2976 812 3075 867; x_wconf 81' lang='grc' dir='ltr'>καὶ</span> <span class='ocrx_word' id='word_1_539' title='bbox 3114 811 3295 865; x_wconf 81' lang='grc' dir='ltr'>τοῦτο.</span> <span class='ocrx_word' id='word_1_540' title='bbox 3327 810 3426 864; x_wconf 87' lang='grc' dir='ltr'>Διά</span> <span class='ocrx_word' id='word_1_541' title='bbox 3462 808 3618 862; x_wconf 83' lang='grc' dir='ltr'>τοῦτο</span> <span class='ocrx_word' id='word_1_542' title='bbox 3643 810 3731 863; x_wconf 68' lang='grc' dir='ltr'>καὶ</span> 
     </span>
    </p>
   </div>
   <div class='ocr_carea' id='block_1_75' title="bbox 2165 890 3732 967">
    <p class='ocr_par' dir='ltr' id='par_1_75' title="bbox 2165 890 3732 967">
     <span class='ocr_line' id='line_1_75' title="bbox 2165 890 3732 967; baseline -0.001 -19"><span class='ocrx_word' id='word_1_543' title='bbox 2165 895 2302 967; x_wconf 85' lang='grc' dir='ltr'>πρὸς</span> <span class='ocrx_word' id='word_1_544' title='bbox 2330 895 2424 949; x_wconf 80' lang='grc' dir='ltr'>τὸν</span> <span class='ocrx_word' id='word_1_545' title='bbox 2469 896 2721 964; x_wconf 85' lang='grc' dir='ltr'>Ἰωάννην</span> <span class='ocrx_word' id='word_1_546' title='bbox 2744 895 2957 964; x_wconf 78' lang='grc' dir='ltr'>ἔλεγεν·</span> <span class='ocrx_word' id='word_1_547' title='bbox 2999 895 3165 949; x_wconf 78' lang='grc' dir='ltr'>οὕτω</span> <span class='ocrx_word' id='word_1_548' title='bbox 3192 894 3303 964; x_wconf 77' lang='grc' dir='ltr'>γὰρ</span> <span class='ocrx_word' id='word_1_549' title='bbox 3337 892 3565 961; x_wconf 73' lang='grc' dir='ltr'>πρέπον</span> <span class='ocrx_word' id='word_1_550' title='bbox 3599 890 3732 962; x_wconf 74' lang='grc' dir='ltr'>ἡμῖν</span> 
     </span>
    </p>
   </div>
   <div class='ocr_carea' id='block_1_76' title="bbox 2163 974 3734 1046">
    <p class='ocr_par' dir='ltr' id='par_1_76' title="bbox 2163 974 3734 1046">
     <span class='ocr_line' id='line_1_76' title="bbox 2163 974 3734 1046; baseline -0.002 -15"><span class='ocrx_word' id='word_1_551' title='bbox 2163 979 2293 1032; x_wconf 85' lang='grc' dir='ltr'>ἐστι</span> <span class='ocrx_word' id='word_1_552' title='bbox 2320 976 2640 1046; x_wconf 68' lang='grc' dir='ltr'>πληρῶσαι</span> <span class='ocrx_word' id='word_1_553' title='bbox 2665 976 2876 1033; x_wconf 83' lang='grc' dir='ltr'>πᾶσαν</span> <span class='ocrx_word' id='word_1_554' title='bbox 2915 978 3333 1045; x_wconf 78' lang='grc' dir='ltr'>δικαιοσύνην.</span> <span class='ocrx_word' id='word_1_555' title='bbox 3375 977 3449 1030; x_wconf 86' lang='grc' dir='ltr'><strong>Οὐ</strong></span> <span class='ocrx_word' id='word_1_556' title='bbox 3475 974 3650 1028; x_wconf 87' lang='grc' dir='ltr'>τοίνυν</span> <span class='ocrx_word' id='word_1_557' title='bbox 3676 978 3734 1028; x_wconf 77' lang='grc' dir='ltr'>τὸ</span> 
     </span>
    </p>
   </div>
   <div class='ocr_carea' id='block_1_77' title="bbox 2165 1058 3734 1134">
    <p class='ocr_par' dir='ltr' id='par_1_77' title="bbox 2165 1058 3734 1134">
     <span class='ocr_line' id='line_1_77' title="bbox 2165 1058 3734 1134; baseline -0.004 -16"><span class='ocrx_word' id='word_1_558' title='bbox 2165 1061 2435 1133; x_wconf 82' lang='grc' dir='ltr'>ἡμέτερον</span> <span class='ocrx_word' id='word_1_559' title='bbox 2466 1063 2680 1134; x_wconf 85' lang='grc' dir='ltr'>Πάσχα,</span> <span class='ocrx_word' id='word_1_560' title='bbox 2712 1061 2849 1116; x_wconf 83' lang='grc' dir='ltr'>ἀλλὰ</span> <span class='ocrx_word' id='word_1_561' title='bbox 2872 1061 2935 1115; x_wconf 84' lang='grc' dir='ltr'>τὸ</span> <span class='ocrx_word' id='word_1_562' title='bbox 2966 1061 3259 1115; x_wconf 83' lang='grc' dir='ltr'>Ἰουδαῖκδν</span> <span class='ocrx_word' id='word_1_563' title='bbox 3275 1059 3561 1131; x_wconf 80' lang='grc' dir='ltr'>ἑτοιμάσαι</span> <span class='ocrx_word' id='word_1_564' title='bbox 3587 1058 3734 1113; x_wconf 81' lang='grc' dir='ltr'>ἐϐού-</span> 
     </span>
    </p>
   </div>
   <div class='ocr_carea' id='block_1_78' title="bbox 2163 1142 3732 1218">
    <p class='ocr_par' dir='ltr' id='par_1_78' title="bbox 2163 1142 3732 1218">
     <span class='ocr_line' id='line_1_78' title="bbox 2163 1142 3732 1218; baseline -0.002 -21"><span class='ocrx_word' id='word_1_565' title='bbox 2163 1143 2315 1197; x_wconf 91' lang='grc' dir='ltr'>λοντο</span> <span class='ocrx_word' id='word_1_566' title='bbox 2346 1146 2396 1199; x_wconf 79' lang='grc' dir='ltr'>οἱ</span> <span class='ocrx_word' id='word_1_567' title='bbox 2428 1144 2687 1217; x_wconf 88' lang='grc' dir='ltr'>μαθηταί.</span> <span class='ocrx_word' id='word_1_568' title='bbox 2716 1143 2893 1199; x_wconf 82' lang='grc' dir='ltr'>Τοῦτο</span> <span class='ocrx_word' id='word_1_569' title='bbox 2933 1145 3032 1216; x_wconf 72' lang='grc' dir='ltr'>μὲν</span> <span class='ocrx_word' id='word_1_570' title='bbox 3056 1146 3166 1218; x_wconf 82' lang='grc' dir='ltr'>γάρ</span> <span class='ocrx_word' id='word_1_571' title='bbox 3216 1144 3374 1198; x_wconf 64' lang='grc' dir='ltr'>αὐτοὶ</span> <span class='ocrx_word' id='word_1_572' title='bbox 3419 1142 3732 1215; x_wconf 61' lang='grc' dir='ltr'>⁴ἡτοίμασαν,</span> 
     </span>
    </p>
   </div>
   <div class='ocr_carea' id='block_1_79' title="bbox 2163 1225 3733 1301">
    <p class='ocr_par' dir='ltr' id='par_1_79' title="bbox 2163 1225 3733 1301">
     <span class='ocr_line' id='line_1_79' title="bbox 2163 1225 3733 1301; baseline -0.001 -20"><span class='ocrx_word' id='word_1_573' title='bbox 2163 1227 2225 1281; x_wconf 82' lang='grc' dir='ltr'>τὸ</span> <span class='ocrx_word' id='word_1_574' title='bbox 2246 1227 2303 1281; x_wconf 86' lang='grc' dir='ltr'>δὲ</span> <span class='ocrx_word' id='word_1_575' title='bbox 2332 1228 2600 1301; x_wconf 76' lang='grc' dir='ltr'>ἡμέτερον</span> <span class='ocrx_word' id='word_1_576' title='bbox 2623 1228 2787 1293; x_wconf 82' lang='grc' dir='ltr'>αὐτὸς</span> <span class='ocrx_word' id='word_1_577' title='bbox 2810 1228 3241 1298; x_wconf 85' lang='grc' dir='ltr'>παρεσκεύασεν,</span> <span class='ocrx_word' id='word_1_578' title='bbox 3272 1226 3412 1281; x_wconf 90' lang='grc' dir='ltr'>ἀλλά</span> <span class='ocrx_word' id='word_1_579' title='bbox 3458 1227 3553 1281; x_wconf 77' lang='grc' dir='ltr'>καὶ</span> <span class='ocrx_word' id='word_1_580' title='bbox 3579 1225 3733 1289; x_wconf 78' lang='grc' dir='ltr'>αὐτὸς</span> 
     </span>
    </p>
   </div>
   <div class='ocr_carea' id='block_1_80' title="bbox 2164 1304 3735 1383">
    <p class='ocr_par' dir='ltr' id='par_1_80' title="bbox 2164 1304 3735 1383">
     <span class='ocr_line' id='line_1_80' title="bbox 2164 1304 3735 1383; baseline -0.001 -19"><span class='ocrx_word' id='word_1_581' title='bbox 2164 1311 2359 1382; x_wconf 85' lang='grc' dir='ltr'>Πάσχα</span> <span class='ocrx_word' id='word_1_582' title='bbox 2384 1311 2601 1379; x_wconf 81' lang='grc' dir='ltr'>ἐγένετο</span> <span class='ocrx_word' id='word_1_583' title='bbox 2652 1312 2741 1366; x_wconf 88' lang='grc' dir='ltr'>διά</span> <span class='ocrx_word' id='word_1_584' title='bbox 2790 1311 2887 1366; x_wconf 80' lang='grc' dir='ltr'>τοῦ</span> <span class='ocrx_word' id='word_1_585' title='bbox 2931 1313 3115 1383; x_wconf 88' lang='grc' dir='ltr'>τιμίου</span> <span class='ocrx_word' id='word_1_586' title='bbox 3163 1311 3388 1377; x_wconf 88' lang='grc' dir='ltr'>πάθους.</span> <span class='ocrx_word' id='word_1_587' title='bbox 3452 1310 3606 1373; x_wconf 90' lang='grc' dir='ltr'>Τίνος</span> <span class='ocrx_word' id='word_1_588' title='bbox 3645 1304 3735 1363; x_wconf 75' lang='grc' dir='ltr'>οὖν</span> 
     </span>
    </p>
   </div>
   <div class='ocr_carea' id='block_1_81' title="bbox 2162 1392 3735 1467">
    <p class='ocr_par' dir='ltr' id='par_1_81' title="bbox 2162 1392 3735 1467">
     <span class='ocr_line' id='line_1_81' title="bbox 2162 1392 3735 1467; baseline -0.001 -21"><span class='ocrx_word' id='word_1_589' title='bbox 2162 1393 2349 1447; x_wconf 78' lang='grc' dir='ltr'>ἐκενεν</span> <span class='ocrx_word' id='word_1_590' title='bbox 2380 1395 2475 1447; x_wconf 73' lang='grc' dir='ltr'>ἐπὶ</span> <span class='ocrx_word' id='word_1_591' title='bbox 2506 1396 2567 1449; x_wconf 74' lang='grc' dir='ltr'>τὸ</span> <span class='ocrx_word' id='word_1_592' title='bbox 2595 1395 2766 1460; x_wconf 89' lang='grc' dir='ltr'>πάθος</span> <span class='ocrx_word' id='word_1_593' title='bbox 2788 1396 3006 1467; x_wconf 73' lang='grc' dir='ltr'>ἔρχεται</span> <span class='ocrx_word' id='word_1_594' title='bbox 3032 1412 3051 1463; x_wconf 82' lang='grc'><strong>;</strong></span> <span class='ocrx_word' id='word_1_595' title='bbox 3081 1395 3204 1449; x_wconf 81' lang='grc' dir='ltr'>Ἵνα</span> <span class='ocrx_word' id='word_1_596' title='bbox 3228 1396 3374 1466; x_wconf 71' lang='grc' dir='ltr'>ἡμᾶς</span> <span class='ocrx_word' id='word_1_597' title='bbox 3398 1392 3735 1464; x_wconf 83' lang='grc' dir='ltr'>λυτρώσηται</span> 
     </span>
    </p>
   </div>
   <div class='ocr_carea' id='block_1_82' title="bbox 2164 1476 3731 1549">
    <p class='ocr_par' dir='ltr' id='par_1_82' title="bbox 2164 1476 3731 1549">
     <span class='ocr_line' id='line_1_82' title="bbox 2164 1476 3731 1549; baseline -0.001 -19"><span class='ocrx_word' id='word_1_598' title='bbox 2164 1476 2230 1530; x_wconf 90' lang='grc' dir='ltr'>ἐκ</span> <span class='ocrx_word' id='word_1_599' title='bbox 2263 1476 2364 1547; x_wconf 85' lang='grc' dir='ltr'>τῆς</span> <span class='ocrx_word' id='word_1_600' title='bbox 2409 1476 2653 1549; x_wconf 85' lang='grc' dir='ltr'>κατάρας</span> <span class='ocrx_word' id='word_1_601' title='bbox 2690 1477 2785 1532; x_wconf 80' lang='grc' dir='ltr'>τοῦ</span> <span class='ocrx_word' id='word_1_602' title='bbox 2821 1479 3006 1549; x_wconf 89' lang='grc' dir='ltr'>νόμου.</span> <span class='ocrx_word' id='word_1_603' title='bbox 3042 1478 3135 1531; x_wconf 83' lang='grc' dir='ltr'>Διὸ</span> <span class='ocrx_word' id='word_1_604' title='bbox 3180 1478 3275 1531; x_wconf 81' lang='grc' dir='ltr'>καὶ</span> <span class='ocrx_word' id='word_1_605' title='bbox 3309 1476 3523 1541; x_wconf 81' lang='grc' dir='ltr'>Παῦλος</span> <span class='ocrx_word' id='word_1_606' title='bbox 3571 1476 3694 1529; x_wconf 81' lang='grc' dir='ltr'>ἐϐόα</span> <span class='ocrx_word' id='word_1_607' title='bbox 3717 1491 3731 1507; x_wconf 77' lang='grc' dir='ltr'>ο</span> 
     </span>
    </p>
   </div>
   <div class='ocr_carea' id='block_1_83' title="bbox 2176 1557 3738 1629">
    <p class='ocr_par' dir='ltr' id='par_1_83' title="bbox 2176 1557 3738 1629">
     <span class='ocr_line' id='line_1_83' title="bbox 2176 1557 3738 1629; baseline 0.002 -19"><span class='ocrx_word' id='word_1_608' title='bbox 2176 1557 2634 1624; x_wconf 78' lang='grc' dir='ltr'>Ἐξαπέστειλεν</span> <span class='ocrx_word' id='word_1_609' title='bbox 2658 1564 2691 1616; x_wconf 81' lang='grc' dir='ltr'>ό</span> <span class='ocrx_word' id='word_1_610' title='bbox 2722 1561 2865 1627; x_wconf 82' lang='grc' dir='ltr'>Θεὸς</span> <span class='ocrx_word' id='word_1_611' title='bbox 2898 1561 3005 1615; x_wconf 80' lang='grc' dir='ltr'>τὸν</span> <span class='ocrx_word' id='word_1_612' title='bbox 3040 1560 3177 1614; x_wconf 57' lang='lat' dir='ltr'>rw,»</span> <span class='ocrx_word' id='word_1_613' title='bbox 3206 1559 3394 1614; x_wconf 82' lang='grc' dir='ltr'>αὐτοῦ</span> <span class='ocrx_word' id='word_1_614' title='bbox 3422 1561 3738 1629; x_wconf 70' lang='grc' dir='ltr'>γενόμενον</span> 
     </span>
    </p>
   </div>
   <div class='ocr_carea' id='block_1_84' title="bbox 2164 1640 3737 1714">
    <p class='ocr_par' dir='ltr' id='par_1_84' title="bbox 2164 1640 3737 1714">
     <span class='ocr_line' id='line_1_84' title="bbox 2164 1640 3737 1714; baseline 0 -20"><span class='ocrx_word' id='word_1_615' title='bbox 2164 1640 2234 1694; x_wconf 85' lang='grc' dir='ltr'>ἐκ</span> <span class='ocrx_word' id='word_1_616' title='bbox 2258 1644 2561 1712; x_wconf 75' lang='grc' dir='ltr'>γυναικὸς,</span> <span class='ocrx_word' id='word_1_617' title='bbox 2593 1646 2917 1714; x_wconf 75' lang='grc' dir='ltr'>γενόμενον</span> <span class='ocrx_word' id='word_1_618' title='bbox 2943 1643 3064 1699; x_wconf 84' lang='grc' dir='ltr'>ὑπὸ</span> <span class='ocrx_word' id='word_1_619' title='bbox 3095 1644 3303 1712; x_wconf 78' lang='grc' dir='ltr'>νόμον,</span> <span class='ocrx_word' id='word_1_620' title='bbox 3326 1642 3430 1697; x_wconf 79' lang='grc' dir='ltr'>ἵνα</span> <span class='ocrx_word' id='word_1_621' title='bbox 3463 1642 3604 1708; x_wconf 83' lang='grc' dir='ltr'>τοὺς</span> <span class='ocrx_word' id='word_1_622' title='bbox 3625 1640 3737 1696; x_wconf 76' lang='grc' dir='ltr'>ὑπὸ</span> 
     </span>
    </p>
   </div>
   <div class='ocr_carea' id='block_1_85' title="bbox 2163 1723 3765 1800">
    <p class='ocr_par' dir='ltr' id='par_1_85' title="bbox 2163 1723 3765 1800">
     <span class='ocr_line' id='line_1_85' title="bbox 2163 1723 3765 1800; baseline -0.001 -20"><span class='ocrx_word' id='word_1_623' title='bbox 2163 1725 2354 1795; x_wconf 73' lang='grc' dir='ltr'>νόμον</span> <span class='ocrx_word' id='word_1_624' title='bbox 2402 1724 2762 1796; x_wconf 75' lang='grc' dir='ltr'>ἐξαγοράσῃ.</span> <span class='ocrx_word' id='word_1_625' title='bbox 2810 1727 2929 1781; x_wconf 76' lang='grc' dir='ltr'>ἰνα</span> <span class='ocrx_word' id='word_1_626' title='bbox 2974 1723 3065 1781; x_wconf 74' lang='grc' dir='ltr'>οὖν</span> <span class='ocrx_word' id='word_1_627' title='bbox 3119 1728 3191 1800; x_wconf 86' lang='grc' dir='ltr'>μή</span> <span class='ocrx_word' id='word_1_628' title='bbox 3226 1743 3313 1791; x_wconf 89' lang='grc' dir='ltr'>τις</span> <span class='ocrx_word' id='word_1_629' title='bbox 3343 1726 3499 1798; x_wconf 81' lang='grc' dir='ltr'>λέγῃ,</span> <span class='ocrx_word' id='word_1_630' title='bbox 3541 1726 3620 1778; x_wconf 79' lang='grc' dir='ltr'>ὅτι</span> <span class='ocrx_word' id='word_1_631' title='bbox 3655 1724 3765 1779; x_wconf 72' lang='grc' dir='ltr'>διά</span> 
     </span>
    </p>
   </div>
   <div class='ocr_carea' id='block_1_86' title="bbox 2164 1808 3737 1882">
    <p class='ocr_par' dir='ltr' id='par_1_86' title="bbox 2164 1808 3737 1882">
     <span class='ocr_line' id='line_1_86' title="bbox 2164 1808 3737 1882; baseline 0.001 -20"><span class='ocrx_word' id='word_1_632' title='bbox 2164 1808 2324 1863; x_wconf 82' lang='grc' dir='ltr'>τοῦτο</span> <span class='ocrx_word' id='word_1_633' title='bbox 2355 1809 2612 1874; x_wconf 83' lang='grc' dir='ltr'>ἔπαυσεν,</span> <span class='ocrx_word' id='word_1_634' title='bbox 2643 1811 2831 1882; x_wconf 80' lang='grc' dir='ltr'>ἐπειδὴ</span> <span class='ocrx_word' id='word_1_635' title='bbox 2860 1810 3149 1882; x_wconf 87' lang='grc' dir='ltr'>πληρῶσαι</span> <span class='ocrx_word' id='word_1_636' title='bbox 3181 1811 3343 1865; x_wconf 84' lang='grc' dir='ltr'>αύτδν</span> <span class='ocrx_word' id='word_1_637' title='bbox 3367 1810 3470 1865; x_wconf 78' lang='grc' dir='ltr'>οὐκ</span> <span class='ocrx_word' id='word_1_638' title='bbox 3493 1809 3737 1875; x_wconf 75' lang='grc' dir='ltr'>ἠδύνατο,</span> 
     </span>
    </p>
   </div>
   <div class='ocr_carea' id='block_1_87' title="bbox 2164 1892 3741 1967">
    <p class='ocr_par' dir='ltr' id='par_1_87' title="bbox 2164 1892 3741 1967">
     <span class='ocr_line' id='line_1_87' title="bbox 2164 1892 3741 1967; baseline 0.001 -20"><span class='ocrx_word' id='word_1_639' title='bbox 2164 1892 2241 1958; x_wconf 84' lang='grc' dir='ltr'>ὡς</span> <span class='ocrx_word' id='word_1_640' title='bbox 2283 1895 2541 1965; x_wconf 83' lang='grc' dir='ltr'>φορτικὸν</span> <span class='ocrx_word' id='word_1_641' title='bbox 2584 1896 2678 1949; x_wconf 75' lang='grc' dir='ltr'>καὶ</span> <span class='ocrx_word' id='word_1_642' title='bbox 2716 1894 2931 1967; x_wconf 84' lang='grc' dir='ltr'>ἐπαχθῆ</span> <span class='ocrx_word' id='word_1_643' title='bbox 2982 1896 3078 1950; x_wconf 76' lang='grc' dir='ltr'>καὶ</span> <span class='ocrx_word' id='word_1_644' title='bbox 3141 1895 3605 1967; x_wconf 87' lang='grc' dir='ltr'>δυσκατόρθωτον,</span> <span class='ocrx_word' id='word_1_645' title='bbox 3657 1893 3741 1949; x_wconf 80' lang='grc' dir='ltr'>διά</span> 
     </span>
    </p>
   </div>
   <div class='ocr_carea' id='block_1_88' title="bbox 2164 1976 3743 2050">
    <p class='ocr_par' dir='ltr' id='par_1_88' title="bbox 2164 1976 3743 2050">
     <span class='ocr_line' id='line_1_88' title="bbox 2164 1976 3743 2050; baseline 0.001 -21"><span class='ocrx_word' id='word_1_646' title='bbox 2164 1976 2323 2030; x_wconf 81' lang='grc' dir='ltr'>τοῦτο</span> <span class='ocrx_word' id='word_1_647' title='bbox 2350 1976 2513 2032; x_wconf 82' lang='grc' dir='ltr'>αὑτὸν</span> <span class='ocrx_word' id='word_1_648' title='bbox 2542 1977 2834 2050; x_wconf 81' lang='grc' dir='ltr'>πληρώσας</span> <span class='ocrx_word' id='word_1_649' title='bbox 2863 1978 3097 2044; x_wconf 73' lang='grc' dir='ltr'>ἅπαντα,</span> <span class='ocrx_word' id='word_1_650' title='bbox 3121 1981 3243 2033; x_wconf 89' lang='grc' dir='ltr'>τότε</span> <span class='ocrx_word' id='word_1_651' title='bbox 3260 1978 3421 2032; x_wconf 79' lang='grc' dir='ltr'>αὐτὸν</span> <span class='ocrx_word' id='word_1_652' title='bbox 3446 1978 3622 2031; x_wconf 71' lang='grc' dir='ltr'>ἔλυσε.</span> <span class='ocrx_word' id='word_1_653' title='bbox 3648 1977 3743 2030; x_wconf 82' lang='grc' dir='ltr'>Διά</span> 
     </span>
    </p>
   </div>
   <div class='ocr_carea' id='block_1_89' title="bbox 2166 2057 3767 2135">
    <p class='ocr_par' dir='ltr' id='par_1_89' title="bbox 2166 2057 3767 2135">
     <span class='ocr_line' id='line_1_89' title="bbox 2166 2057 3767 2135; baseline -0.001 -23"><span class='ocrx_word' id='word_1_654' title='bbox 2166 2057 2324 2112; x_wconf 78' lang='grc' dir='ltr'>τοῦτο</span> <span class='ocrx_word' id='word_1_655' title='bbox 2347 2062 2440 2115; x_wconf 71' lang='grc' dir='ltr'>καὶ</span> <span class='ocrx_word' id='word_1_656' title='bbox 2469 2061 2661 2132; x_wconf 90' lang='grc' dir='ltr'>Πάσχα</span> <span class='ocrx_word' id='word_1_657' title='bbox 2690 2062 2912 2134; x_wconf 82' lang='grc' dir='ltr'>ἐποίησε</span> <span class='ocrx_word' id='word_1_658' title='bbox 2935 2079 2951 2095; x_wconf 88' lang='grc'><strong>·</strong></span> <span class='ocrx_word' id='word_1_659' title='bbox 2984 2064 3149 2134; x_wconf 87' lang='grc' dir='ltr'>νόμου</span> <span class='ocrx_word' id='word_1_660' title='bbox 3187 2062 3296 2135; x_wconf 89' lang='grc' dir='ltr'>γάρ</span> <span class='ocrx_word' id='word_1_661' title='bbox 3324 2061 3606 2131; x_wconf 82' lang='grc' dir='ltr'>ἐπίταγμα</span> <span class='ocrx_word' id='word_1_662' title='bbox 3647 2059 3767 2112; x_wconf 54' lang='lat' dir='ltr'>ab&quot;</span> 
     </span>
    </p>
   </div>
   <div class='ocr_carea' id='block_1_90' title="bbox 2169 2140 3746 2219">
    <p class='ocr_par' dir='ltr' id='par_1_90' title="bbox 2169 2140 3746 2219">
     <span class='ocr_line' id='line_1_90' title="bbox 2169 2140 3746 2219; baseline 0.006 -22"><span class='ocrx_word' id='word_1_663' title='bbox 2169 2145 2283 2208; x_wconf 92' lang='grc' dir='ltr'>τοῖς</span> <span class='ocrx_word' id='word_1_664' title='bbox 2328 2140 2397 2216; x_wconf 83' lang='grc' dir='ltr'>ἦν</span> <span class='ocrx_word' id='word_1_665' title='bbox 2438 2145 2473 2217; x_wconf 88' lang='grc' dir='ltr'>ή</span> <span class='ocrx_word' id='word_1_666' title='bbox 2504 2143 2601 2199; x_wconf 81' lang='grc' dir='ltr'>τοῦ</span> <span class='ocrx_word' id='word_1_667' title='bbox 2630 2146 2822 2217; x_wconf 91' lang='grc' dir='ltr'>Πάσχα</span> <span class='ocrx_word' id='word_1_668' title='bbox 2862 2146 3044 2219; x_wconf 84' lang='grc' dir='ltr'>ἐορτή.</span> <span class='ocrx_word' id='word_1_669' title='bbox 3080 2147 3369 2201; x_wconf 66' lang='grc' dir='ltr'>Ἄκουσον*</span> <span class='ocrx_word' id='word_1_670' title='bbox 3412 2142 3746 2216; x_wconf 80' lang='grc' dir='ltr'>Ἀγνώμονες</span> 
     </span>
    </p>
   </div>
   <div class='ocr_carea' id='block_1_91' title="bbox 2168 2223 3744 2303">
    <p class='ocr_par' dir='ltr' id='par_1_91' title="bbox 2168 2223 3744 2303">
     <span class='ocr_line' id='line_1_91' title="bbox 2168 2223 3744 2303; baseline -0.001 -21"><span class='ocrx_word' id='word_1_671' title='bbox 2168 2223 2310 2300; x_wconf 79' lang='grc' dir='ltr'>ἦσαν</span> <span class='ocrx_word' id='word_1_672' title='bbox 2352 2230 2483 2301; x_wconf 71' lang='grc' dir='ltr'>περὶ</span> <span class='ocrx_word' id='word_1_673' title='bbox 2505 2230 2599 2284; x_wconf 85' lang='grc' dir='ltr'>τὸν</span> <span class='ocrx_word' id='word_1_674' title='bbox 2631 2230 2931 2303; x_wconf 79' lang='grc' dir='ltr'>εὐεργέτην</span> <span class='ocrx_word' id='word_1_675' title='bbox 2967 2231 3017 2283; x_wconf 88' lang='grc' dir='ltr'>οἱ</span> <span class='ocrx_word' id='word_1_676' title='bbox 3060 2229 3323 2294; x_wconf 88' lang='grc' dir='ltr'>Ἰουδαῖοι,</span> <span class='ocrx_word' id='word_1_677' title='bbox 3356 2229 3455 2283; x_wconf 70' lang='grc' dir='ltr'>καὶ</span> <span class='ocrx_word' id='word_1_678' title='bbox 3497 2226 3744 2299; x_wconf 83' lang='grc' dir='ltr'>παραυτά</span> 
     </span>
    </p>
   </div>
   <div class='ocr_carea' id='block_1_92' title="bbox 2170 2312 3745 2388">
    <p class='ocr_par' dir='ltr' id='par_1_92' title="bbox 2170 2312 3745 2388">
     <span class='ocr_line' id='line_1_92' title="bbox 2170 2312 3745 2388; baseline 0.009 -24"><span class='ocrx_word' id='word_1_679' title='bbox 2170 2312 2596 2370; x_wconf 88' lang='grc' dir='ltr'>ἐπελανθάνοντο</span> <span class='ocrx_word' id='word_1_680' title='bbox 2626 2315 2722 2370; x_wconf 75' lang='grc' dir='ltr'>τοῦ</span> <span class='ocrx_word' id='word_1_681' title='bbox 2771 2316 3085 2388; x_wconf 79' lang='grc' dir='ltr'>εὐεργέτου.</span> <span class='ocrx_word' id='word_1_682' title='bbox 3119 2316 3230 2369; x_wconf 78' lang='lat' dir='ltr'>Kal</span> <span class='ocrx_word' id='word_1_683' title='bbox 3263 2316 3349 2369; x_wconf 86' lang='grc' dir='ltr'>ῖνα</span> <span class='ocrx_word' id='word_1_684' title='bbox 3387 2315 3566 2388; x_wconf 80' lang='grc' dir='ltr'>μάθῃς</span> <span class='ocrx_word' id='word_1_685' title='bbox 3595 2314 3745 2384; x_wconf 80' lang='grc' dir='ltr'>ἀκρι-</span> 
     </span>
    </p>
   </div>
   <div class='ocr_carea' id='block_1_93' title="bbox 2169 2395 3745 2471">
    <p class='ocr_par' dir='ltr' id='par_1_93' title="bbox 2169 2395 3745 2471">
     <span class='ocr_line' id='line_1_93' title="bbox 2169 2395 3745 2471; baseline -0.001 -21"><span class='ocrx_word' id='word_1_686' title='bbox 2169 2395 2300 2464; x_wconf 89' lang='grc' dir='ltr'>ϐῶς,</span> <span class='ocrx_word' id='word_1_687' title='bbox 2328 2397 2551 2470; x_wconf 82' lang='grc' dir='ltr'>ἐξῆλθον</span> <span class='ocrx_word' id='word_1_688' title='bbox 2591 2399 2653 2465; x_wconf 80' lang='grc' dir='ltr'>ἐξ</span> <span class='ocrx_word' id='word_1_689' title='bbox 2680 2399 2980 2469; x_wconf 79' lang='grc' dir='ltr'>Αἰγύπτου,</span> <span class='ocrx_word' id='word_1_690' title='bbox 3034 2397 3293 2470; x_wconf 85' lang='grc' dir='ltr'>διέϐησαν</span> <span class='ocrx_word' id='word_1_691' title='bbox 3337 2400 3435 2471; x_wconf 81' lang='grc' dir='ltr'>τὴν</span> <span class='ocrx_word' id='word_1_692' title='bbox 3482 2396 3745 2469; x_wconf 77' lang='grc' dir='ltr'>Ἐρυθρὰν</span> 
     </span>
    </p>
   </div>
   <div class='ocr_carea' id='block_1_94' title="bbox 2168 2477 3746 2555">
    <p class='ocr_par' dir='ltr' id='par_1_94' title="bbox 2168 2477 3746 2555">
     <span class='ocr_line' id='line_1_94' title="bbox 2168 2477 3746 2555; baseline -0.002 -21"><span class='ocrx_word' id='word_1_693' title='bbox 2168 2479 2466 2548; x_wconf 87' lang='grc' dir='ltr'>θάλασσαν,</span> <span class='ocrx_word' id='word_1_694' title='bbox 2518 2477 2657 2537; x_wconf 74' lang='grc' dir='ltr'>εἶδον</span> <span class='ocrx_word' id='word_1_695' title='bbox 2686 2483 2859 2555; x_wconf 78' lang='grc' dir='ltr'>αὐτὴν</span> <span class='ocrx_word' id='word_1_696' title='bbox 2892 2482 3275 2554; x_wconf 85' lang='grc' dir='ltr'>διαιρεθεῖσαν,</span> <span class='ocrx_word' id='word_1_697' title='bbox 3309 2482 3406 2536; x_wconf 71' lang='grc' dir='ltr'>καὶ</span> <span class='ocrx_word' id='word_1_698' title='bbox 3435 2481 3601 2535; x_wconf 83' lang='grc' dir='ltr'>πάλιν</span> <span class='ocrx_word' id='word_1_699' title='bbox 3636 2496 3746 2532; x_wconf 88' lang='grc' dir='ltr'>συν-</span> 
     </span>
    </p>
   </div>
   <div class='ocr_carea' id='block_1_95' title="bbox 2168 2563 3744 2639">
    <p class='ocr_par' dir='ltr' id='par_1_95' title="bbox 2168 2563 3744 2639">
     <span class='ocr_line' id='line_1_95' title="bbox 2168 2563 3744 2639; baseline -0.006 -14"><span class='ocrx_word' id='word_1_700' title='bbox 2168 2567 2514 2639; x_wconf 83' lang='grc' dir='ltr'>απτομένην·</span> <span class='ocrx_word' id='word_1_701' title='bbox 2564 2569 2659 2621; x_wconf 74' lang='grc' dir='ltr'>καὶ</span> <span class='ocrx_word' id='word_1_702' title='bbox 2713 2572 2831 2639; x_wconf 88' lang='grc' dir='ltr'>μετ’</span> <span class='ocrx_word' id='word_1_703' title='bbox 2864 2570 2926 2623; x_wconf 82' lang='grc' dir='ltr'>οὐ</span> <span class='ocrx_word' id='word_1_704' title='bbox 2962 2567 3095 2622; x_wconf 80' lang='grc' dir='ltr'>πολὺ</span> <span class='ocrx_word' id='word_1_705' title='bbox 3127 2567 3348 2637; x_wconf 89' lang='grc' dir='ltr'>λέγουσι</span> <span class='ocrx_word' id='word_1_706' title='bbox 3397 2566 3481 2639; x_wconf 86' lang='grc' dir='ltr'>τῷ</span> <span class='ocrx_word' id='word_1_707' title='bbox 3518 2563 3744 2638; x_wconf 79' lang='grc' dir='ltr'>Ἀαρών·</span> 
     </span>
    </p>
   </div>
   <div class='ocr_carea' id='block_1_96' title="bbox 2169 2645 3747 2721">
    <p class='ocr_par' dir='ltr' id='par_1_96' title="bbox 2169 2645 3747 2721">
     <span class='ocr_line' id='line_1_96' title="bbox 2169 2645 3747 2721; baseline -0.001 -18"><span class='ocrx_word' id='word_1_708' title='bbox 2169 2650 2440 2718; x_wconf 83' lang='grc' dir='ltr'>Ποίησον</span> <span class='ocrx_word' id='word_1_709' title='bbox 2469 2648 2616 2719; x_wconf 71' lang='grc' dir='ltr'>ἡμῖν</span> <span class='ocrx_word' id='word_1_710' title='bbox 2637 2652 2812 2719; x_wconf 82' lang='grc' dir='ltr'>θεοὺς</span> <span class='ocrx_word' id='word_1_711' title='bbox 2844 2651 2901 2706; x_wconf 85' lang='grc' dir='ltr'>οῖ</span> <span class='ocrx_word' id='word_1_712' title='bbox 2930 2652 3450 2721; x_wconf 73' lang='grc' dir='ltr'>προπορεύσονται</span> <span class='ocrx_word' id='word_1_713' title='bbox 3475 2648 3663 2720; x_wconf 73' lang='grc' dir='ltr'>ἡμῶν.</span> <span class='ocrx_word' id='word_1_714' title='bbox 3685 2645 3747 2698; x_wconf 82' lang='grc' dir='ltr'>Τί</span> 
     </span>
    </p>
   </div>
   <div class='ocr_carea' id='block_1_97' title="bbox 2170 2726 3745 2807">
    <p class='ocr_par' dir='ltr' id='par_1_97' title="bbox 2170 2726 3745 2807">
     <span class='ocr_line' id='line_1_97' title="bbox 2170 2726 3745 2807; baseline -0.001 -22"><span class='ocrx_word' id='word_1_715' title='bbox 2170 2733 2350 2802; x_wconf 82' lang='grc' dir='ltr'>λέγεις</span> <span class='ocrx_word' id='word_1_716' title='bbox 2371 2775 2386 2800; x_wconf 93' lang='grc'>,</span> <span class='ocrx_word' id='word_1_717' title='bbox 2410 2726 2456 2786; x_wconf 81' lang='grc' dir='ltr'>ὧ</span> <span class='ocrx_word' id='word_1_718' title='bbox 2484 2734 2743 2807; x_wconf 85' lang='grc' dir='ltr'>ἀγνῶμον</span> <span class='ocrx_word' id='word_1_719' title='bbox 2780 2734 3001 2789; x_wconf 87' lang='grc' dir='ltr'>Ἰουδαῖε</span> <span class='ocrx_word' id='word_1_720' title='bbox 3022 2752 3036 2801; x_wconf 89' lang='grc'><strong>;</strong></span> <span class='ocrx_word' id='word_1_721' title='bbox 3061 2731 3201 2800; x_wconf 77' lang='grc' dir='ltr'>εἶδες</span> <span class='ocrx_word' id='word_1_722' title='bbox 3229 2734 3456 2789; x_wconf 75' lang='grc' dir='ltr'>τοιαῦτα</span> <span class='ocrx_word' id='word_1_723' title='bbox 3480 2732 3745 2804; x_wconf 72' lang='grc' dir='ltr'>θαύματα,</span> 
     </span>
    </p>
   </div>
   <div class='ocr_carea' id='block_1_98' title="bbox 2168 2814 3763 2890">
    <p class='ocr_par' dir='ltr' id='par_1_98' title="bbox 2168 2814 3763 2890">
     <span class='ocr_line' id='line_1_98' title="bbox 2168 2814 3763 2890; baseline -0.004 -18"><span class='ocrx_word' id='word_1_724' title='bbox 2168 2818 2265 2872; x_wconf 76' lang='grc' dir='ltr'>καὶ</span> <span class='ocrx_word' id='word_1_725' title='bbox 2295 2816 2564 2872; x_wconf 82' lang='grc' dir='ltr'>ἐπελάθου</span> <span class='ocrx_word' id='word_1_726' title='bbox 2592 2818 2728 2872; x_wconf 80' lang='grc' dir='ltr'>Θεοῦ</span> <span class='ocrx_word' id='word_1_727' title='bbox 2753 2817 2845 2871; x_wconf 82' lang='grc' dir='ltr'>τοῦ</span> <span class='ocrx_word' id='word_1_728' title='bbox 2877 2818 3170 2890; x_wconf 78' lang='grc' dir='ltr'>τρέφοντος</span> <span class='ocrx_word' id='word_1_729' title='bbox 3223 2836 3305 2879; x_wconf 87' lang='grc' dir='ltr'>σε,</span> <span class='ocrx_word' id='word_1_730' title='bbox 3334 2817 3430 2872; x_wconf 73' lang='grc' dir='ltr'>καὶ</span> <span class='ocrx_word' id='word_1_731' title='bbox 3458 2815 3583 2870; x_wconf 74' lang='grc' dir='ltr'>οὔτε</span> <span class='ocrx_word' id='word_1_732' title='bbox 3616 2814 3763 2886; x_wconf 83' lang='grc' dir='ltr'>μνή-’</span> 
     </span>
    </p>
   </div>
   <div class='ocr_carea' id='block_1_99' title="bbox 2172 2898 3752 2975">
    <p class='ocr_par' dir='ltr' id='par_1_99' title="bbox 2172 2898 3752 2975">
     <span class='ocr_line' id='line_1_99' title="bbox 2172 2898 3752 2975; baseline -0.005 -19"><span class='ocrx_word' id='word_1_733' title='bbox 2172 2918 2282 2975; x_wconf 89' lang='grc' dir='ltr'>μην</span> <span class='ocrx_word' id='word_1_734' title='bbox 2315 2904 2490 2966; x_wconf 86' lang='grc' dir='ltr'>ποιεῖς</span> <span class='ocrx_word' id='word_1_735' title='bbox 2518 2900 2615 2955; x_wconf 82' lang='grc' dir='ltr'>τοῦ</span> <span class='ocrx_word' id='word_1_736' title='bbox 2653 2901 2978 2974; x_wconf 82' lang='grc' dir='ltr'>εὐεργέτου;</span> <span class='ocrx_word' id='word_1_737' title='bbox 3025 2903 3178 2956; x_wconf 68' lang='grc' dir='ltr'>Ἐπεὶ</span> <span class='ocrx_word' id='word_1_738' title='bbox 3206 2898 3300 2956; x_wconf 80' lang='grc' dir='ltr'>οὖν</span> <span class='ocrx_word' id='word_1_739' title='bbox 3328 2900 3752 2955; x_wconf 70' lang='grc' dir='ltr'>ἐπελανθάνοντο</span> 
     </span>
    </p>
   </div>
   <div class='ocr_carea' id='block_1_100' title="bbox 2167 2982 3753 3057">
    <p class='ocr_par' dir='ltr' id='par_1_100' title="bbox 2167 2982 3753 3057">
     <span class='ocr_line' id='line_1_100' title="bbox 2167 2982 3753 3057; baseline -0.003 -19"><span class='ocrx_word' id='word_1_740' title='bbox 2167 2985 2276 3038; x_wconf 89' lang='grc' dir='ltr'>τῶν</span> <span class='ocrx_word' id='word_1_741' title='bbox 2311 2984 2643 3057; x_wconf 82' lang='grc' dir='ltr'>εὐεργεσιῶν</span> <span class='ocrx_word' id='word_1_742' title='bbox 2670 2985 2858 3051; x_wconf 75' lang='grc' dir='ltr'>αὐτοῦ,</span> <span class='ocrx_word' id='word_1_743' title='bbox 2904 2987 2970 3057; x_wconf 80' lang='grc' dir='ltr'>τῇ</span> <span class='ocrx_word' id='word_1_744' title='bbox 2998 2985 3256 3039; x_wconf 79' lang='grc' dir='ltr'>ὑποθέσει</span> <span class='ocrx_word' id='word_1_745' title='bbox 3282 2983 3393 3039; x_wconf 88' lang='grc' dir='ltr'>τῶν</span> <span class='ocrx_word' id='word_1_746' title='bbox 3432 2982 3643 3056; x_wconf 72' lang='grc' dir='ltr'>ἑορτῶν</span> <span class='ocrx_word' id='word_1_747' title='bbox 3670 2983 3753 3048; x_wconf 83' lang='grc' dir='ltr'>ἐγ-</span> 
     </span>
    </p>
   </div>
   <div class='ocr_carea' id='block_1_101' title="bbox 2169 3064 3754 3141">
    <p class='ocr_par' dir='ltr' id='par_1_101' title="bbox 2169 3064 3754 3141">
     <span class='ocr_line' id='line_1_101' title="bbox 2169 3064 3754 3141; baseline -0.003 -19"><span class='ocrx_word' id='word_1_748' title='bbox 2169 3068 2435 3139; x_wconf 86' lang='grc' dir='ltr'>κατέδησε</span> <span class='ocrx_word' id='word_1_749' title='bbox 2482 3067 2593 3122; x_wconf 87' lang='grc' dir='ltr'>τῶν</span> <span class='ocrx_word' id='word_1_750' title='bbox 2642 3067 2862 3141; x_wconf 88' lang='grc' dir='ltr'>δωρεῶν</span> <span class='ocrx_word' id='word_1_751' title='bbox 2911 3067 2980 3122; x_wconf 82' lang='grc' dir='ltr'>τά</span> <span class='ocrx_word' id='word_1_752' title='bbox 3029 3070 3397 3141; x_wconf 83' lang='grc' dir='ltr'>ὑπομνήματα</span> <span class='ocrx_word' id='word_1_753' title='bbox 3424 3069 3455 3120; x_wconf 94' lang='lat'>6</span> <span class='ocrx_word' id='word_1_754' title='bbox 3488 3066 3639 3129; x_wconf 77' lang='grc' dir='ltr'>Θεὸς,</span> <span class='ocrx_word' id='word_1_755' title='bbox 3670 3064 3754 3119; x_wconf 84' lang='grc' dir='ltr'>ἵνα</span> 
     </span>
    </p>
   </div>
   <div class='ocr_carea' id='block_1_102' title="bbox 2173 3150 3751 3222">
    <p class='ocr_par' dir='ltr' id='par_1_102' title="bbox 2173 3150 3751 3222">
     <span class='ocr_line' id='line_1_102' title="bbox 2173 3150 3751 3222; baseline -0.004 -16"><span class='ocrx_word' id='word_1_756' title='bbox 2173 3153 2268 3206; x_wconf 79' lang='grc' dir='ltr'>καὶ</span> <span class='ocrx_word' id='word_1_757' title='bbox 2295 3152 2513 3216; x_wconf 80' lang='grc' dir='ltr'>ἑκόντες</span> <span class='ocrx_word' id='word_1_758' title='bbox 2545 3152 2640 3205; x_wconf 78' lang='grc' dir='ltr'>καὶ</span> <span class='ocrx_word' id='word_1_759' title='bbox 2665 3150 2892 3216; x_wconf 85' lang='grc' dir='ltr'>ἀκοντες</span> <span class='ocrx_word' id='word_1_760' title='bbox 2919 3150 3142 3206; x_wconf 85' lang='grc' dir='ltr'>έναυλον</span> <span class='ocrx_word' id='word_1_761' title='bbox 3172 3150 3336 3222; x_wconf 79' lang='grc' dir='ltr'>ἔχωσι</span> <span class='ocrx_word' id='word_1_762' title='bbox 3374 3150 3476 3222; x_wconf 80' lang='grc' dir='ltr'>τὴν</span> <span class='ocrx_word' id='word_1_763' title='bbox 3514 3150 3751 3221; x_wconf 82' lang='grc' dir='ltr'>μνήμην.</span> 
     </span>
    </p>
   </div>
   <div class='ocr_carea' id='block_1_103' title="bbox 2172 3230 3750 3306">
    <p class='ocr_par' dir='ltr' id='par_1_103' title="bbox 2172 3230 3750 3306">
     <span class='ocr_line' id='line_1_103' title="bbox 2172 3230 3750 3306; baseline -0.004 -18"><span class='ocrx_word' id='word_1_764' title='bbox 2172 3234 2277 3289; x_wconf 73' lang='grc' dir='ltr'>Καὶ</span> <span class='ocrx_word' id='word_1_765' title='bbox 2295 3235 2493 3288; x_wconf 84' lang='grc' dir='ltr'>ἐκεῖνοι</span> <span class='ocrx_word' id='word_1_766' title='bbox 2515 3235 2613 3306; x_wconf 84' lang='grc' dir='ltr'>μὲν</span> <span class='ocrx_word' id='word_1_767' title='bbox 2639 3233 2783 3289; x_wconf 72' lang='grc' dir='ltr'>οὕτω</span> <span class='ocrx_word' id='word_1_768' title='bbox 2803 3251 2817 3267; x_wconf 75' lang='grc' dir='ltr'><strong>ο</strong></span> <span class='ocrx_word' id='word_1_769' title='bbox 2841 3234 2933 3289; x_wconf 79' lang='grc' dir='ltr'>διὰ</span> <span class='ocrx_word' id='word_1_770' title='bbox 2957 3234 3010 3288; x_wconf 89' lang='grc' dir='ltr'>τί</span> <span class='ocrx_word' id='word_1_771' title='bbox 3024 3253 3041 3302; x_wconf 82' lang='grc'>;</span> <span class='ocrx_word' id='word_1_772' title='bbox 3074 3234 3212 3299; x_wconf 76' lang='grc' dir='ltr'>Ἵν’,</span> <span class='ocrx_word' id='word_1_773' title='bbox 3229 3232 3377 3287; x_wconf 82' lang='grc' dir='ltr'>ὅταν</span> <span class='ocrx_word' id='word_1_774' title='bbox 3401 3230 3750 3301; x_wconf 70' lang='grc' dir='ltr'>ἐπερωτήσῃ</span> 
     </span>
    </p>
   </div>
   <div class='ocr_carea' id='block_1_104' title="bbox 2172 3310 3753 3391">
    <p class='ocr_par' dir='ltr' id='par_1_104' title="bbox 2172 3310 3753 3391">
     <span class='ocr_line' id='line_1_104' title="bbox 2172 3310 3753 3391; baseline -0.006 -18"><span class='ocrx_word' id='word_1_775' title='bbox 2172 3333 2246 3373; x_wconf 82' lang='grc' dir='ltr'>σε</span> <span class='ocrx_word' id='word_1_776' title='bbox 2276 3322 2308 3372; x_wconf 90' lang='lat' dir='ltr'>o&#39;</span> <span class='ocrx_word' id='word_1_777' title='bbox 2331 3319 2461 3385; x_wconf 77' lang='grc' dir='ltr'>υἱός</span> <span class='ocrx_word' id='word_1_778' title='bbox 2490 3333 2631 3383; x_wconf 66' lang='grc' dir='ltr'>σου,</span> <span class='ocrx_word' id='word_1_779' title='bbox 2663 3317 2729 3371; x_wconf 82' lang='grc' dir='ltr'>Τί</span> <span class='ocrx_word' id='word_1_780' title='bbox 2759 3321 2876 3372; x_wconf 85' lang='grc' dir='ltr'>ἐστι</span> <span class='ocrx_word' id='word_1_781' title='bbox 2902 3318 3080 3383; x_wconf 84' lang='grc' dir='ltr'>τοῦτο,</span> <span class='ocrx_word' id='word_1_782' title='bbox 3109 3318 3304 3391; x_wconf 85' lang='grc' dir='ltr'>εῖπῃς,</span> <span class='ocrx_word' id='word_1_783' title='bbox 3347 3318 3430 3371; x_wconf 86' lang='grc' dir='ltr'>δτι</span> <span class='ocrx_word' id='word_1_784' title='bbox 3481 3313 3641 3369; x_wconf 83' lang='grc' dir='ltr'>τοῦτο</span> <span class='ocrx_word' id='word_1_785' title='bbox 3662 3310 3753 3366; x_wconf 76' lang='grc' dir='ltr'>τοῦ</span> 
     </span>
    </p>
   </div>
   <div class='ocr_carea' id='block_1_105' title="bbox 2173 3396 3751 3475">
    <p class='ocr_par' dir='ltr' id='par_1_105' title="bbox 2173 3396 3751 3475">
     <span class='ocr_line' id='line_1_105' title="bbox 2173 3396 3751 3475; baseline -0.004 -20"><span class='ocrx_word' id='word_1_786' title='bbox 2173 3403 2449 3474; x_wconf 87' lang='grc' dir='ltr'>προϐάτου</span> <span class='ocrx_word' id='word_1_787' title='bbox 2478 3402 2539 3456; x_wconf 74' lang='grc' dir='ltr'>τὸ</span> <span class='ocrx_word' id='word_1_788' title='bbox 2567 3398 2706 3475; x_wconf 77' lang='grc' dir='ltr'>αἷμα</span> <span class='ocrx_word' id='word_1_789' title='bbox 2728 3404 3026 3475; x_wconf 83' lang='grc' dir='ltr'>ἐπέχρισαν</span> <span class='ocrx_word' id='word_1_790' title='bbox 3059 3404 3177 3466; x_wconf 91' lang='grc' dir='ltr'>ταῖς</span> <span class='ocrx_word' id='word_1_791' title='bbox 3212 3402 3396 3472; x_wconf 85' lang='grc' dir='ltr'>φλιαῖς</span> <span class='ocrx_word' id='word_1_792' title='bbox 3420 3399 3534 3453; x_wconf 87' lang='grc' dir='ltr'>τῶν</span> <span class='ocrx_word' id='word_1_793' title='bbox 3556 3396 3751 3470; x_wconf 87' lang='grc' dir='ltr'>θυρῶν,</span> 
     </span>
    </p>
   </div>
   <div class='ocr_carea' id='block_1_106' title="bbox 2172 3485 3754 3559">
    <p class='ocr_par' dir='ltr' id='par_1_106' title="bbox 2172 3485 3754 3559">
     <span class='ocr_line' id='line_1_106' title="bbox 2172 3485 3754 3559; baseline -0.003 -20"><span class='ocrx_word' id='word_1_794' title='bbox 2172 3488 2268 3540; x_wconf 80' lang='grc' dir='ltr'>καὶ</span> <span class='ocrx_word' id='word_1_795' title='bbox 2309 3486 2563 3556; x_wconf 84' lang='grc' dir='ltr'>διέφυγον</span> <span class='ocrx_word' id='word_1_796' title='bbox 2599 3487 2693 3542; x_wconf 79' lang='grc' dir='ltr'>τὸν</span> <span class='ocrx_word' id='word_1_797' title='bbox 2727 3488 2959 3542; x_wconf 82' lang='grc' dir='ltr'>θάνατον</span> <span class='ocrx_word' id='word_1_798' title='bbox 2999 3488 3059 3542; x_wconf 81' lang='grc' dir='ltr'>ὃν</span> <span class='ocrx_word' id='word_1_799' title='bbox 3096 3489 3125 3541; x_wconf 91' lang='lat'>6</span> <span class='ocrx_word' id='word_1_800' title='bbox 3172 3485 3479 3559; x_wconf 84' lang='grc' dir='ltr'>ὀλοθρεύων</span> <span class='ocrx_word' id='word_1_801' title='bbox 3512 3485 3754 3554; x_wconf 74' lang='grc' dir='ltr'>ἐπήγαγε</span> 
     </span>
    </p>
   </div>
   <div class='ocr_carea' id='block_1_107' title="bbox 2172 3565 3757 3644">
    <p class='ocr_par' dir='ltr' id='par_1_107' title="bbox 2172 3565 3757 3644">
     <span class='ocr_line' id='line_1_107' title="bbox 2172 3565 3757 3644; baseline -0.006 -18"><span class='ocrx_word' id='word_1_802' title='bbox 2172 3576 2286 3636; x_wconf 84' lang='grc' dir='ltr'>τοῖς</span> <span class='ocrx_word' id='word_1_803' title='bbox 2312 3572 2456 3626; x_wconf 82' lang='grc' dir='ltr'>κατὰ</span> <span class='ocrx_word' id='word_1_804' title='bbox 2478 3571 2577 3644; x_wconf 83' lang='grc' dir='ltr'>τὴν</span> <span class='ocrx_word' id='word_1_805' title='bbox 2601 3574 2878 3642; x_wconf 84' lang='grc' dir='ltr'>Αῖγυπτον</span> <span class='ocrx_word' id='word_1_806' title='bbox 2903 3573 3076 3628; x_wconf 77' lang='grc' dir='ltr'>ἀπασι</span> <span class='ocrx_word' id='word_1_807' title='bbox 3096 3590 3111 3604; x_wconf 92' lang='grc'><strong>·</strong></span> <span class='ocrx_word' id='word_1_808' title='bbox 3130 3573 3225 3626; x_wconf 71' lang='grc' dir='ltr'>καὶ</span> <span class='ocrx_word' id='word_1_809' title='bbox 3248 3571 3411 3624; x_wconf 77' lang='grc' dir='ltr'>διὰτὸ</span> <span class='ocrx_word' id='word_1_810' title='bbox 3429 3565 3574 3640; x_wconf 78' lang='grc' dir='ltr'>αἷμα</span> <span class='ocrx_word' id='word_1_811' title='bbox 3604 3566 3757 3620; x_wconf 80' lang='grc' dir='ltr'>τοῦτο</span> 
     </span>
    </p>
   </div>
   <div class='ocr_carea' id='block_1_108' title="bbox 2172 3654 3753 3729">
    <p class='ocr_par' dir='ltr' id='par_1_108' title="bbox 2172 3654 3753 3729">
     <span class='ocr_line' id='line_1_108' title="bbox 2172 3654 3753 3729; baseline -0.003 -20"><span class='ocrx_word' id='word_1_812' title='bbox 2172 3657 2274 3711; x_wconf 81' lang='grc' dir='ltr'>οὐκ</span> <span class='ocrx_word' id='word_1_813' title='bbox 2307 3659 2525 3728; x_wconf 76' lang='grc' dir='ltr'>ἴσχυσεν</span> <span class='ocrx_word' id='word_1_814' title='bbox 2570 3658 2898 3729; x_wconf 78' lang='grc' dir='ltr'>εἰσπηδῆσαι</span> <span class='ocrx_word' id='word_1_815' title='bbox 2932 3659 3027 3711; x_wconf 76' lang='grc' dir='ltr'>καὶ</span> <span class='ocrx_word' id='word_1_816' title='bbox 3054 3656 3153 3729; x_wconf 75' lang='grc' dir='ltr'>τὴν</span> <span class='ocrx_word' id='word_1_817' title='bbox 3188 3655 3404 3728; x_wconf 81' lang='grc' dir='ltr'>πληγὴν</span> <span class='ocrx_word' id='word_1_818' title='bbox 3433 3654 3753 3723; x_wconf 87' lang='grc' dir='ltr'>ἐπαγαγεῖν.</span> 
     </span>
    </p>
   </div>
   <div class='ocr_carea' id='block_1_109' title="bbox 2187 3735 3754 3810">
    <p class='ocr_par' dir='ltr' id='par_1_109' title="bbox 2187 3735 3754 3810">
     <span class='ocr_line' id='line_1_109' title="bbox 2187 3735 3754 3810; baseline -0.006 -13"><span class='ocrx_word' id='word_1_819' title='bbox 2187 3743 2419 3798; x_wconf 83' lang='grc' dir='ltr'>Ἐκεῖνοι</span> <span class='ocrx_word' id='word_1_820' title='bbox 2448 3738 2542 3797; x_wconf 77' lang='grc' dir='ltr'>οὖν</span> <span class='ocrx_word' id='word_1_821' title='bbox 2575 3742 2825 3806; x_wconf 85' lang='grc' dir='ltr'>άκοντες,</span> <span class='ocrx_word' id='word_1_822' title='bbox 2853 3736 2955 3796; x_wconf 82' lang='grc' dir='ltr'>ὦδε</span> <span class='ocrx_word' id='word_1_823' title='bbox 2991 3742 3050 3796; x_wconf 81' lang='grc' dir='ltr'>δέ</span> <span class='ocrx_word' id='word_1_824' title='bbox 3094 3740 3236 3795; x_wconf 83' lang='grc' dir='ltr'>ἐκὼν</span> <span class='ocrx_word' id='word_1_825' title='bbox 3283 3741 3471 3793; x_wconf 88' lang='grc' dir='ltr'>θύεται</span> <span class='ocrx_word' id='word_1_826' title='bbox 3503 3735 3754 3810; x_wconf 82' lang='grc' dir='ltr'>Χριστός.</span> 
     </span>
    </p>
   </div>
   <div class='ocr_carea' id='block_1_110' title="bbox 2173 3818 3754 3898">
    <p class='ocr_par' dir='ltr' id='par_1_110' title="bbox 2173 3818 3754 3898">
     <span class='ocr_line' id='line_1_110' title="bbox 2173 3818 3754 3898; baseline -0.006 -19"><span class='ocrx_word' id='word_1_827' title='bbox 2173 3828 2272 3881; x_wconf 87' lang='grc' dir='ltr'>Διά</span> <span class='ocrx_word' id='word_1_828' title='bbox 2313 3827 2368 3880; x_wconf 84' lang='grc' dir='ltr'>τί</span> <span class='ocrx_word' id='word_1_829' title='bbox 2382 3845 2395 3893; x_wconf 86' lang='grc'><strong>;</strong></span> <span class='ocrx_word' id='word_1_830' title='bbox 2441 3825 2662 3898; x_wconf 77' lang='grc' dir='ltr'>Ἐπειδὴ</span> <span class='ocrx_word' id='word_1_831' title='bbox 2696 3825 2866 3890; x_wconf 84' lang='grc' dir='ltr'>τύπος</span> <span class='ocrx_word' id='word_1_832' title='bbox 2893 3821 2962 3897; x_wconf 83' lang='grc' dir='ltr'>ἦν</span> <span class='ocrx_word' id='word_1_833' title='bbox 3007 3827 3184 3879; x_wconf 79' lang='grc' dir='ltr'>ἐκεῖνο</span> <span class='ocrx_word' id='word_1_834' title='bbox 3228 3823 3321 3877; x_wconf 77' lang='grc' dir='ltr'>τοῦ</span> <span class='ocrx_word' id='word_1_835' title='bbox 3360 3818 3754 3893; x_wconf 81' lang='grc' dir='ltr'>πνευματικοῦ.</span> 
     </span>
    </p>
   </div>
   <div class='ocr_carea' id='block_1_111' title="bbox 2174 3902 3759 3984">
    <p class='ocr_par' dir='ltr' id='par_1_111' title="bbox 2174 3902 3759 3984">
     <span class='ocr_line' id='line_1_111' title="bbox 2174 3902 3759 3984; baseline -0.004 -21"><span class='ocrx_word' id='word_1_836' title='bbox 2174 3911 2284 3963; x_wconf 75' lang='grc' dir='ltr'>Καὶ</span> <span class='ocrx_word' id='word_1_837' title='bbox 2340 3909 2428 3963; x_wconf 78' lang='grc' dir='ltr'>ἵνα</span> <span class='ocrx_word' id='word_1_838' title='bbox 2480 3908 2696 3984; x_wconf 89' lang='grc' dir='ltr'>μάθῃς,</span> <span class='ocrx_word' id='word_1_839' title='bbox 2726 3910 2830 3982; x_wconf 83' lang='grc' dir='ltr'>δρα</span> <span class='ocrx_word' id='word_1_840' title='bbox 2866 3911 2965 3982; x_wconf 79' lang='grc' dir='ltr'>ὅση</span> <span class='ocrx_word' id='word_1_841' title='bbox 3001 3911 3036 3981; x_wconf 89' lang='grc' dir='ltr'>ή</span> <span class='ocrx_word' id='word_1_842' title='bbox 3073 3909 3380 3978; x_wconf 71' lang='grc' dir='ltr'>συγγένεια*</span> <span class='ocrx_word' id='word_1_843' title='bbox 3422 3907 3623 3979; x_wconf 80' lang='grc' dir='ltr'>’Δμνὺς</span> <span class='ocrx_word' id='word_1_844' title='bbox 3670 3902 3759 3956; x_wconf 79' lang='grc' dir='ltr'>καὶ</span> 
     </span>
    </p>
   </div>
   <div class='ocr_carea' id='block_1_112' title="bbox 2174 3988 3759 4065">
    <p class='ocr_par' dir='ltr' id='par_1_112' title="bbox 2174 3988 3759 4065">
     <span class='ocr_line' id='line_1_112' title="bbox 2174 3988 3759 4065; baseline -0.005 -19"><span class='ocrx_word' id='word_1_845' title='bbox 2174 3993 2363 4065; x_wconf 82' lang='grc' dir='ltr'>ἀμνὸς,</span> <span class='ocrx_word' id='word_1_846' title='bbox 2406 3992 2520 4046; x_wconf 89' lang='grc' dir='ltr'>ἀλλ’</span> <span class='ocrx_word' id='word_1_847' title='bbox 2558 3995 2587 4047; x_wconf 94' lang='lat'>6</span> <span class='ocrx_word' id='word_1_848' title='bbox 2628 3993 2727 4065; x_wconf 83' lang='grc' dir='ltr'>μὲν</span> <span class='ocrx_word' id='word_1_849' title='bbox 2760 3993 2972 4063; x_wconf 79' lang='grc' dir='ltr'>ἄλογος,</span> <span class='ocrx_word' id='word_1_850' title='bbox 3022 3996 3050 4047; x_wconf 92' lang='lat'>6</span> <span class='ocrx_word' id='word_1_851' title='bbox 3097 3993 3153 4047; x_wconf 81' lang='grc' dir='ltr'>δὲ</span> <span class='ocrx_word' id='word_1_852' title='bbox 3197 3991 3440 4061; x_wconf 85' lang='grc' dir='ltr'>λογικός·</span> <span class='ocrx_word' id='word_1_853' title='bbox 3490 3988 3759 4063; x_wconf 84' lang='grc' dir='ltr'>πρόϐατον</span> 
     </span>
    </p>
   </div>
   <div class='ocr_carea' id='block_1_113' title="bbox 2174 4068 3767 4148">
    <p class='ocr_par' dir='ltr' id='par_1_113' title="bbox 2174 4068 3767 4148">
     <span class='ocr_line' id='line_1_113' title="bbox 2174 4068 3767 4148; baseline -0.006 -17"><span class='ocrx_word' id='word_1_854' title='bbox 2174 4077 2270 4131; x_wconf 74' lang='grc' dir='ltr'>καὶ</span> <span class='ocrx_word' id='word_1_855' title='bbox 2302 4075 2595 4147; x_wconf 85' lang='grc' dir='ltr'>πρόϐατον,</span> <span class='ocrx_word' id='word_1_856' title='bbox 2637 4076 2766 4131; x_wconf 89' lang='grc' dir='ltr'>σκιά</span> <span class='ocrx_word' id='word_1_857' title='bbox 2814 4078 2909 4130; x_wconf 72' lang='grc' dir='ltr'>καὶ</span> <span class='ocrx_word' id='word_1_858' title='bbox 2967 4076 3195 4148; x_wconf 89' lang='grc' dir='ltr'>ἀλήθεια</span> <span class='ocrx_word' id='word_1_859' title='bbox 3221 4093 3236 4107; x_wconf 73' lang='grc' dir='ltr'><strong>ο</strong></span> <span class='ocrx_word' id='word_1_860' title='bbox 3265 4075 3382 4130; x_wconf 81' lang='grc' dir='ltr'>ἀλλ’</span> <span class='ocrx_word' id='word_1_861' title='bbox 3415 4076 3690 4143; x_wconf 79' lang='grc' dir='ltr'>ἐπέφανεν</span> <span class='ocrx_word' id='word_1_862' title='bbox 3727 4068 3767 4121; x_wconf 76' lang='lat'>6</span> 
     </span>
    </p>
   </div>
   <div class='ocr_carea' id='block_1_114' title="bbox 2173 4155 3763 4232">
    <p class='ocr_par' dir='ltr' id='par_1_114' title="bbox 2173 4155 3763 4232">
     <span class='ocr_line' id='line_1_114' title="bbox 2173 4155 3763 4232; baseline -0.004 -20"><span class='ocrx_word' id='word_1_863' title='bbox 2173 4160 2275 4231; x_wconf 82' lang='grc' dir='ltr'>τῆς</span> <span class='ocrx_word' id='word_1_864' title='bbox 2311 4158 2659 4231; x_wconf 84' lang='grc' dir='ltr'>δικαιοσύνης</span> <span class='ocrx_word' id='word_1_865' title='bbox 2699 4160 2870 4232; x_wconf 77' lang='grc' dir='ltr'>ἣλιος,</span> <span class='ocrx_word' id='word_1_866' title='bbox 2910 4160 3067 4232; x_wconf 80' lang='grc' dir='ltr'>καὶὴ</span> <span class='ocrx_word' id='word_1_867' title='bbox 3104 4161 3232 4213; x_wconf 83' lang='grc' dir='ltr'>σκιά</span> <span class='ocrx_word' id='word_1_868' title='bbox 3254 4159 3535 4213; x_wconf 86' lang='grc' dir='ltr'>πέπαυται</span> <span class='ocrx_word' id='word_1_869' title='bbox 3560 4175 3574 4189; x_wconf 76' lang='grc' dir='ltr'>ο</span> <span class='ocrx_word' id='word_1_870' title='bbox 3605 4155 3763 4227; x_wconf 69' lang='grc' dir='ltr'>ἡλίουΔ</span> 
     </span>
    </p>
   </div>
   <div class='ocr_carea' id='block_1_115' title="bbox 2173 4238 3765 4317">
    <p class='ocr_par' dir='ltr' id='par_1_115' title="bbox 2173 4238 3765 4317">
     <span class='ocr_line' id='line_1_115' title="bbox 2173 4238 3765 4317; baseline -0.005 -19"><span class='ocrx_word' id='word_1_871' title='bbox 2173 4243 2282 4317; x_wconf 76' lang='grc' dir='ltr'>γὰρ</span> <span class='ocrx_word' id='word_1_872' title='bbox 2313 4244 2464 4308; x_wconf 74' lang='grc' dir='ltr'>ὄντος</span> <span class='ocrx_word' id='word_1_873' title='bbox 2519 4243 2825 4316; x_wconf 88' lang='grc' dir='ltr'>κρύπτεται</span> <span class='ocrx_word' id='word_1_874' title='bbox 2854 4246 2888 4315; x_wconf 89' lang='grc' dir='ltr'>ή</span> <span class='ocrx_word' id='word_1_875' title='bbox 2943 4245 3092 4298; x_wconf 91' lang='grc' dir='ltr'>σκιά.</span> <span class='ocrx_word' id='word_1_876' title='bbox 3136 4244 3235 4297; x_wconf 73' lang='grc' dir='ltr'>Δια</span> <span class='ocrx_word' id='word_1_877' title='bbox 3263 4243 3424 4296; x_wconf 83' lang='grc' dir='ltr'>τοῦτο</span> <span class='ocrx_word' id='word_1_878' title='bbox 3457 4239 3633 4312; x_wconf 81' lang='grc' dir='ltr'>ἀμνὸς</span> <span class='ocrx_word' id='word_1_879' title='bbox 3665 4238 3765 4291; x_wconf 65' lang='grc' dir='ltr'>καὶ</span> 
     </span>
    </p>
   </div>
   <div class='ocr_carea' id='block_1_116' title="bbox 2172 4319 3756 4402">
    <p class='ocr_par' dir='ltr' id='par_1_116' title="bbox 2172 4319 3756 4402">
     <span class='ocr_line' id='line_1_116' title="bbox 2172 4319 3756 4402; baseline -0.005 -21"><span class='ocrx_word' id='word_1_880' title='bbox 2172 4330 2231 4381; x_wconf 91' lang='grc' dir='ltr'>ἐν</span> <span class='ocrx_word' id='word_1_881' title='bbox 2261 4330 2328 4398; x_wconf 79' lang='grc' dir='ltr'>τῇ</span> <span class='ocrx_word' id='word_1_882' title='bbox 2362 4327 2614 4400; x_wconf 80' lang='grc' dir='ltr'>τραπέζῃ</span> <span class='ocrx_word' id='word_1_883' title='bbox 2648 4331 2714 4400; x_wconf 81' lang='grc' dir='ltr'>τῇ</span> <span class='ocrx_word' id='word_1_884' title='bbox 2780 4331 3041 4402; x_wconf 78' lang='grc' dir='ltr'>μυστικῇ,</span> <span class='ocrx_word' id='word_1_885' title='bbox 3091 4328 3180 4382; x_wconf 74' lang='grc' dir='ltr'>ἵνα</span> <span class='ocrx_word' id='word_1_886' title='bbox 3232 4326 3310 4399; x_wconf 84' lang='grc' dir='ltr'>τῷ</span> <span class='ocrx_word' id='word_1_887' title='bbox 3353 4327 3552 4397; x_wconf 79' lang='grc' dir='ltr'>αἵματι</span> <span class='ocrx_word' id='word_1_888' title='bbox 3592 4319 3756 4376; x_wconf 73' lang='grc' dir='ltr'>αὐτοῦ</span> 
     </span>
    </p>
   </div>
   <div class='ocr_carea' id='block_1_117' title="bbox 2172 4408 3756 4485">
    <p class='ocr_par' dir='ltr' id='par_1_117' title="bbox 2172 4408 3756 4485">
     <span class='ocr_line' id='line_1_117' title="bbox 2172 4408 3756 4485; baseline -0.006 -18"><span class='ocrx_word' id='word_1_889' title='bbox 2172 4412 2549 4483; x_wconf 75' lang='grc' dir='ltr'>ἀγιαζώμεθα.</span> <span class='ocrx_word' id='word_1_890' title='bbox 2579 4412 2679 4466; x_wconf 87' lang='grc' dir='ltr'>Διά</span> <span class='ocrx_word' id='word_1_891' title='bbox 2701 4412 2796 4467; x_wconf 83' lang='grc' dir='ltr'>τοῦ</span> <span class='ocrx_word' id='word_1_892' title='bbox 2824 4423 2853 4453; x_wconf 72' lang='grc' dir='ltr'><strong>α</strong></span> <span class='ocrx_word' id='word_1_893' title='bbox 2885 4413 3036 4485; x_wconf 86' lang='grc' dir='ltr'>ήλίου</span> <span class='ocrx_word' id='word_1_894' title='bbox 3062 4412 3306 4476; x_wconf 88' lang='grc' dir='ltr'>ἐλθόντος</span> <span class='ocrx_word' id='word_1_895' title='bbox 3336 4410 3531 4481; x_wconf 83' lang='grc' dir='ltr'>λύχνος</span> <span class='ocrx_word' id='word_1_896' title='bbox 3563 4408 3756 4479; x_wconf 70' lang='grc' dir='ltr'>μηκέτι</span> 
     </span>
    </p>
   </div>
   <div class='ocr_carea' id='block_1_118' title="bbox 2172 4492 3758 4570">
    <p class='ocr_par' dir='ltr' id='par_1_118' title="bbox 2172 4492 3758 4570">
     <span class='ocr_line' id='line_1_118' title="bbox 2172 4492 3758 4570; baseline -0.015 -3"><span class='ocrx_word' id='word_1_897' title='bbox 2172 4499 2443 4567; x_wconf 72' lang='grc' dir='ltr'>φαινέτω*</span> <span class='ocrx_word' id='word_1_898' title='bbox 2494 4497 2657 4551; x_wconf 86' lang='grc' dir='ltr'>τύποι</span> <span class='ocrx_word' id='word_1_899' title='bbox 2700 4496 2809 4567; x_wconf 84' lang='grc' dir='ltr'>γὰρ</span> <span class='ocrx_word' id='word_1_900' title='bbox 2844 4492 2985 4570; x_wconf 81' lang='grc' dir='ltr'>ἦσαν</span> <span class='ocrx_word' id='word_1_901' title='bbox 3036 4497 3146 4552; x_wconf 91' lang='grc' dir='ltr'>τῶν</span> <span class='ocrx_word' id='word_1_902' title='bbox 3181 4496 3485 4570; x_wconf 85' lang='grc' dir='ltr'>μελλόντων</span> <span class='ocrx_word' id='word_1_903' title='bbox 3537 4494 3608 4548; x_wconf 89' lang='grc' dir='ltr'>τά</span> <span class='ocrx_word' id='word_1_904' title='bbox 3665 4507 3758 4561; x_wconf 82' lang='grc' dir='ltr'>γε-</span> 
     </span>
    </p>
   </div>
   <div class='ocr_carea' id='block_1_119' title="bbox 2170 4585 2384 4651">
    <p class='ocr_par' dir='ltr' id='par_1_119' title="bbox 2170 4585 2384 4651">
     <span class='ocr_line' id='line_1_119' title="bbox 2170 4585 2384 4651; baseline -0.005 -15"><span class='ocrx_word' id='word_1_905' title='bbox 2170 4585 2384 4651; x_wconf 86' lang='grc' dir='ltr'>γονότα.</span> 
     </span>
    </p>
   </div>
   <div class='ocr_carea' id='block_1_120' title="bbox 2241 4662 3759 4740">
    <p class='ocr_par' dir='ltr' id='par_1_120' title="bbox 2241 4662 3759 4740">
     <span class='ocr_line' id='line_1_120' title="bbox 2241 4662 3759 4740; baseline -0.005 -20"><span class='ocrx_word' id='word_1_906' title='bbox 2241 4666 2306 4721; x_wconf 87' lang='grc' dir='ltr'>ε’.</span> <span class='ocrx_word' id='word_1_907' title='bbox 2330 4662 2517 4720; x_wconf 79' lang='grc' dir='ltr'>Ταῦτα</span> <span class='ocrx_word' id='word_1_908' title='bbox 2540 4666 2682 4740; x_wconf 87' lang='grc' dir='ltr'>πρὸς</span> <span class='ocrx_word' id='word_1_909' title='bbox 2717 4665 3003 4729; x_wconf 83' lang='grc' dir='ltr'>Ἰουδαίους</span> <span class='ocrx_word' id='word_1_910' title='bbox 3024 4664 3190 4735; x_wconf 84' lang='grc' dir='ltr'>λέγω,</span> <span class='ocrx_word' id='word_1_911' title='bbox 3223 4664 3312 4718; x_wconf 72' lang='grc' dir='ltr'>ἴνα</span> <span class='ocrx_word' id='word_1_912' title='bbox 3336 4662 3411 4735; x_wconf 78' lang='grc' dir='ltr'>μὴ</span> <span class='ocrx_word' id='word_1_913' title='bbox 3435 4662 3759 4723; x_wconf 81' lang='grc' dir='ltr'>ἀπατῶντες</span> 
     </span>
    </p>
   </div>
   <div class='ocr_carea' id='block_1_121' title="bbox 2170 4744 3755 4821">
    <p class='ocr_par' dir='ltr' id='par_1_121' title="bbox 2170 4744 3755 4821">
     <span class='ocr_line' id='line_1_121' title="bbox 2170 4744 3755 4821; baseline -0.003 -17"><span class='ocrx_word' id='word_1_914' title='bbox 2170 4752 2419 4814; x_wconf 79' lang='grc' dir='ltr'>ἐαυτοὺς,</span> <span class='ocrx_word' id='word_1_915' title='bbox 2436 4750 2636 4805; x_wconf 88' lang='grc' dir='ltr'>δοκῶσι</span> <span class='ocrx_word' id='word_1_916' title='bbox 2656 4750 2850 4821; x_wconf 86' lang='grc' dir='ltr'>Πάσχα</span> <span class='ocrx_word' id='word_1_917' title='bbox 2864 4749 3156 4812; x_wconf 85' lang='grc' dir='ltr'>ἐπιτελεῖν,</span> <span class='ocrx_word' id='word_1_918' title='bbox 3187 4748 3374 4820; x_wconf 79' lang='grc' dir='ltr'>ἐπειδὴ</span> <span class='ocrx_word' id='word_1_919' title='bbox 3390 4746 3588 4820; x_wconf 77' lang='grc' dir='ltr'>γνώμῃ</span> <span class='ocrx_word' id='word_1_920' title='bbox 3607 4744 3755 4819; x_wconf 61' lang='grc' dir='ltr'>[595ξ</span> 
     </span>
    </p>
   </div>
   <div class='ocr_carea' id='block_1_122' title="bbox 2169 4831 3757 4908">
    <p class='ocr_par' dir='ltr' id='par_1_122' title="bbox 2169 4831 3757 4908">
     <span class='ocr_line' id='line_1_122' title="bbox 2169 4831 3757 4908; baseline -0.004 -18"><span class='ocrx_word' id='word_1_921' title='bbox 2169 4836 2512 4908; x_wconf 81' lang='grc' dir='ltr'>ἀναισχύντῳ</span> <span class='ocrx_word' id='word_1_922' title='bbox 2550 4837 2620 4890; x_wconf 88' lang='grc' dir='ltr'>τά</span> <span class='ocrx_word' id='word_1_923' title='bbox 2646 4836 2832 4906; x_wconf 80' lang='grc' dir='ltr'>ἀζυμα</span> <span class='ocrx_word' id='word_1_924' title='bbox 2884 4834 3351 4906; x_wconf 86' lang='grc' dir='ltr'>προλαμϐάνουσι,</span> <span class='ocrx_word' id='word_1_925' title='bbox 3392 4833 3489 4887; x_wconf 78' lang='grc' dir='ltr'>καὶ</span> <span class='ocrx_word' id='word_1_926' title='bbox 3516 4831 3757 4904; x_wconf 84' lang='grc' dir='ltr'>προϐάλ-</span> 
     </span>
    </p>
   </div>
   <div class='ocr_carea' id='block_1_123' title="bbox 2169 4914 3758 4991">
    <p class='ocr_par' dir='ltr' id='par_1_123' title="bbox 2169 4914 3758 4991">
     <span class='ocr_line' id='line_1_123' title="bbox 2169 4914 3758 4991; baseline -0.003 -19"><span class='ocrx_word' id='word_1_927' title='bbox 2169 4919 2350 4974; x_wconf 90' lang='grc' dir='ltr'>λονται</span> <span class='ocrx_word' id='word_1_928' title='bbox 2396 4920 2611 4990; x_wconf 82' lang='grc' dir='ltr'>ἑορτὴν,</span> <span class='ocrx_word' id='word_1_929' title='bbox 2663 4922 2712 4973; x_wconf 90' lang='grc' dir='ltr'>οί</span> <span class='ocrx_word' id='word_1_930' title='bbox 2761 4920 2850 4972; x_wconf 79' lang='grc' dir='ltr'>ἀεὶ</span> <span class='ocrx_word' id='word_1_931' title='bbox 2890 4918 3258 4991; x_wconf 81' lang='grc' dir='ltr'>ἀπερίτμητοι</span> <span class='ocrx_word' id='word_1_932' title='bbox 3290 4921 3355 4989; x_wconf 81' lang='grc' dir='ltr'>τῇ</span> <span class='ocrx_word' id='word_1_933' title='bbox 3404 4915 3629 4989; x_wconf 77' lang='grc' dir='ltr'>καρδίᾳ.</span> <span class='ocrx_word' id='word_1_934' title='bbox 3664 4914 3758 4968; x_wconf 72' lang='grc' dir='ltr'>καὶ</span> 
     </span>
    </p>
   </div>
   <div class='ocr_carea' id='block_1_124' title="bbox 2168 5001 3758 5076">
    <p class='ocr_par' dir='ltr' id='par_1_124' title="bbox 2168 5001 3758 5076">
     <span class='ocr_line' id='line_1_124' title="bbox 2168 5001 3758 5076; baseline -0.004 -18"><span class='ocrx_word' id='word_1_935' title='bbox 2168 5007 2282 5068; x_wconf 87' lang='grc' dir='ltr'>τοῖς</span> <span class='ocrx_word' id='word_1_936' title='bbox 2315 5004 2419 5057; x_wconf 73' lang='grc' dir='ltr'>ὠσὶ</span> <span class='ocrx_word' id='word_1_937' title='bbox 2462 5003 2674 5076; x_wconf 83' lang='grc' dir='ltr'>βαρέως</span> <span class='ocrx_word' id='word_1_938' title='bbox 2713 5004 3025 5068; x_wconf 84' lang='grc' dir='ltr'>ἀκούοντες.</span> <span class='ocrx_word' id='word_1_939' title='bbox 3057 5002 3212 5069; x_wconf 86' lang='grc' dir='ltr'>Πῶς,</span> <span class='ocrx_word' id='word_1_940' title='bbox 3244 5003 3366 5056; x_wconf 87' lang='grc' dir='ltr'>εἰπέ</span> <span class='ocrx_word' id='word_1_941' title='bbox 3405 5020 3525 5073; x_wconf 90' lang='grc' dir='ltr'>μοι,</span> <span class='ocrx_word' id='word_1_942' title='bbox 3565 5001 3758 5069; x_wconf 86' lang='grc' dir='ltr'>Πάσχα</span> 
     </span>
    </p>
   </div>
   <div class='ocr_carea' id='block_1_125' title="bbox 2169 5082 3756 5155">
    <p class='ocr_par' dir='ltr' id='par_1_125' title="bbox 2169 5082 3756 5155">
     <span class='ocr_line' id='line_1_125' title="bbox 2169 5082 3756 5155; baseline -0.003 -13"><span class='ocrx_word' id='word_1_943' title='bbox 2169 5089 2457 5155; x_wconf 86' lang='grc' dir='ltr'>ἐπιτελεῖς,</span> <span class='ocrx_word' id='word_1_944' title='bbox 2488 5083 2535 5142; x_wconf 79' lang='grc' dir='ltr'><strong>ὦ</strong></span> <span class='ocrx_word' id='word_1_945' title='bbox 2558 5089 2813 5155; x_wconf 86' lang='grc' dir='ltr'>Ἰουδαῖε;</span> <span class='ocrx_word' id='word_1_946' title='bbox 2845 5090 2904 5142; x_wconf 80' lang='grc' dir='ltr'>ὐ</span> <span class='ocrx_word' id='word_1_947' title='bbox 2931 5089 3058 5151; x_wconf 79' lang='grc' dir='ltr'>ναὸς</span> <span class='ocrx_word' id='word_1_948' title='bbox 3080 5088 3455 5141; x_wconf 85' lang='grc' dir='ltr'>κατέσκαπται</span> <span class='ocrx_word' id='word_1_949' title='bbox 3478 5102 3491 5117; x_wconf 80' lang='grc'>⁶</span> <span class='ocrx_word' id='word_1_950' title='bbox 3518 5087 3549 5138; x_wconf 84' lang='lat'>6</span> <span class='ocrx_word' id='word_1_951' title='bbox 3572 5082 3756 5155; x_wconf 75' lang='grc' dir='ltr'>βωμὸς</span> 
     </span>
    </p>
   </div>
   <div class='ocr_carea' id='block_1_126' title="bbox 2168 5167 3753 5244">
    <p class='ocr_par' dir='ltr' id='par_1_126' title="bbox 2168 5167 3753 5244">
     <span class='ocr_line' id='line_1_126' title="bbox 2168 5167 3753 5244; baseline -0.004 -18"><span class='ocrx_word' id='word_1_952' title='bbox 2168 5173 2461 5244; x_wconf 76' lang='grc' dir='ltr'>ἀνῄρηται,</span> <span class='ocrx_word' id='word_1_953' title='bbox 2493 5170 2564 5225; x_wconf 84' lang='grc' dir='ltr'>τὰ</span> <span class='ocrx_word' id='word_1_954' title='bbox 2585 5172 2752 5241; x_wconf 70' lang='grc' dir='ltr'>’Ἅγια</span> <span class='ocrx_word' id='word_1_955' title='bbox 2778 5172 2887 5226; x_wconf 89' lang='grc' dir='ltr'>τῶν</span> <span class='ocrx_word' id='word_1_956' title='bbox 2912 5172 3085 5240; x_wconf 84' lang='grc' dir='ltr'>ἁγίων</span> <span class='ocrx_word' id='word_1_957' title='bbox 3110 5170 3443 5240; x_wconf 87' lang='grc' dir='ltr'>πεπάτηται,</span> <span class='ocrx_word' id='word_1_958' title='bbox 3474 5170 3630 5223; x_wconf 72' lang='grc' dir='ltr'>πᾶσα</span> <span class='ocrx_word' id='word_1_959' title='bbox 3658 5167 3753 5221; x_wconf 87' lang='grc' dir='ltr'>θυ-</span> 
     </span>
    </p>
   </div>
   <div class='ocr_carea' id='block_1_127' title="bbox 2170 5252 3755 5325">
    <p class='ocr_par' dir='ltr' id='par_1_127' title="bbox 2170 5252 3755 5325">
     <span class='ocr_line' id='line_1_127' title="bbox 2170 5252 3755 5325; baseline -0.003 -17"><span class='ocrx_word' id='word_1_960' title='bbox 2170 5257 2263 5309; x_wconf 85' lang='grc' dir='ltr'>σία</span> <span class='ocrx_word' id='word_1_961' title='bbox 2306 5256 2703 5311; x_wconf 85' lang='grc' dir='ltr'>καταλέλυται·</span> <span class='ocrx_word' id='word_1_962' title='bbox 2746 5257 2892 5320; x_wconf 88' lang='grc' dir='ltr'>τίνος</span> <span class='ocrx_word' id='word_1_963' title='bbox 2920 5252 3014 5310; x_wconf 82' lang='grc' dir='ltr'>οὖν</span> <span class='ocrx_word' id='word_1_964' title='bbox 3056 5255 3242 5309; x_wconf 77' lang='grc' dir='ltr'>ἕνεκεν</span> <span class='ocrx_word' id='word_1_965' title='bbox 3277 5253 3483 5325; x_wconf 81' lang='grc' dir='ltr'>τολμᾷς</span> <span class='ocrx_word' id='word_1_966' title='bbox 3510 5266 3755 5323; x_wconf 83' lang='grc' dir='ltr'>παρανο-</span> 
     </span>
    </p>
   </div>
   <div class='ocr_carea' id='block_1_128' title="bbox 2172 5334 3752 5410">
    <p class='ocr_par' dir='ltr' id='par_1_128' title="bbox 2172 5334 3752 5410">
     <span class='ocr_line' id='line_1_128' title="bbox 2172 5334 3752 5410; baseline -0.004 -18"><span class='ocrx_word' id='word_1_967' title='bbox 2172 5342 2330 5410; x_wconf 84' lang='grc' dir='ltr'>μεῖν;</span> <span class='ocrx_word' id='word_1_968' title='bbox 2375 5339 2646 5410; x_wconf 81' lang='grc' dir='ltr'>Ἀπῆλθές</span> <span class='ocrx_word' id='word_1_969' title='bbox 2698 5355 2830 5393; x_wconf 90' lang='grc' dir='ltr'>ποτε</span> <span class='ocrx_word' id='word_1_970' title='bbox 2866 5341 2948 5402; x_wconf 87' lang='grc' dir='ltr'>εἰς</span> <span class='ocrx_word' id='word_1_971' title='bbox 2995 5338 3313 5399; x_wconf 82' lang='grc' dir='ltr'>Βαϐυλῶνα,</span> <span class='ocrx_word' id='word_1_972' title='bbox 3372 5338 3612 5409; x_wconf 75' lang='grc' dir='ltr'>ἦκουσας</span> <span class='ocrx_word' id='word_1_973' title='bbox 3643 5334 3752 5387; x_wconf 87' lang='grc' dir='ltr'>τῶν</span> 
     </span>
    </p>
   </div>
   <div class='ocr_carea' id='block_1_129' title="bbox 2168 5417 3754 5494">
    <p class='ocr_par' dir='ltr' id='par_1_129' title="bbox 2168 5417 3754 5494">
     <span class='ocr_line' id='line_1_129' title="bbox 2168 5417 3754 5494; baseline -0.004 -17"><span class='ocrx_word' id='word_1_974' title='bbox 2168 5426 2260 5494; x_wconf 90' lang='grc' dir='ltr'>αἰχ</span> <span class='ocrx_word' id='word_1_975' title='bbox 2268 5425 2730 5494; x_wconf 85' lang='grc' dir='ltr'>μαλωτευσάντων</span> <span class='ocrx_word' id='word_1_976' title='bbox 2745 5425 2891 5493; x_wconf 79' lang='grc' dir='ltr'>ὑμᾶς</span> <span class='ocrx_word' id='word_1_977' title='bbox 2907 5423 3195 5491; x_wconf 88' lang='grc' dir='ltr'>λεγόντων,</span> <span class='ocrx_word' id='word_1_978' title='bbox 3217 5424 3440 5492; x_wconf 80' lang='grc' dir='ltr'>ᾋσατε</span> <span class='ocrx_word' id='word_1_979' title='bbox 3459 5421 3570 5487; x_wconf 81' lang='grc' dir='ltr'>τὴν</span> <span class='ocrx_word' id='word_1_980' title='bbox 3586 5417 3754 5486; x_wconf 68' lang='grc' dir='ltr'>ᾠδὴν</span> 
     </span>
    </p>
   </div>
   <div class='ocr_carea' id='block_1_130' title="bbox 2168 5503 3753 5577">
    <p class='ocr_par' dir='ltr' id='par_1_130' title="bbox 2168 5503 3753 5577">
     <span class='ocr_line' id='line_1_130' title="bbox 2168 5503 3753 5577; baseline -0.011 -5"><span class='ocrx_word' id='word_1_981' title='bbox 2168 5506 2315 5574; x_wconf 64' lang='grc' dir='ltr'>ἡμῖν</span> <span class='ocrx_word' id='word_1_982' title='bbox 2332 5509 2438 5562; x_wconf 85' lang='grc' dir='ltr'>τοῦ</span> <span class='ocrx_word' id='word_1_983' title='bbox 2452 5509 2676 5576; x_wconf 84' lang='grc' dir='ltr'>Κυρίου</span> <span class='ocrx_word' id='word_1_984' title='bbox 2697 5525 2710 5539; x_wconf 90' lang='grc'><strong>·</strong></span> <span class='ocrx_word' id='word_1_985' title='bbox 2731 5510 2827 5562; x_wconf 75' lang='grc' dir='ltr'>καὶ</span> <span class='ocrx_word' id='word_1_986' title='bbox 2856 5509 2955 5561; x_wconf 86' lang='grc' dir='ltr'>οὐκ</span> <span class='ocrx_word' id='word_1_987' title='bbox 2971 5509 3222 5577; x_wconf 78' lang='grc' dir='ltr'>ἠνέσχου.</span> <span class='ocrx_word' id='word_1_988' title='bbox 3237 5507 3349 5560; x_wconf 75' lang='grc' dir='ltr'>Καὶ</span> <span class='ocrx_word' id='word_1_989' title='bbox 3364 5506 3452 5559; x_wconf 72' lang='grc' dir='ltr'>διὰ</span> <span class='ocrx_word' id='word_1_990' title='bbox 3477 5504 3528 5557; x_wconf 90' lang='grc' dir='ltr'>τί</span> <span class='ocrx_word' id='word_1_991' title='bbox 3552 5503 3753 5568; x_wconf 79' lang='grc' dir='ltr'>ἔξωθεν</span> 
     </span>
    </p>
   </div>
   <div class='ocr_carea' id='block_1_131' title="bbox 2178 5586 3750 5661">
    <p class='ocr_par' dir='ltr' id='par_1_131' title="bbox 2178 5586 3750 5661">
     <span class='ocr_line' id='line_1_131' title="bbox 2178 5586 3750 5661; baseline -0.004 -18"><span class='ocrx_word' id='word_1_992' title='bbox 2178 5589 2440 5659; x_wconf 85' lang='grc' dir='ltr'>Ἶεροσολύ</span> <span class='ocrx_word' id='word_1_993' title='bbox 2449 5608 2564 5660; x_wconf 88' lang='grc' dir='ltr'>μων</span> <span class='ocrx_word' id='word_1_994' title='bbox 2582 5593 2754 5654; x_wconf 88' lang='grc' dir='ltr'>ποιεῖς</span> <span class='ocrx_word' id='word_1_995' title='bbox 2768 5592 2829 5645; x_wconf 87' lang='grc' dir='ltr'>τὸ</span> <span class='ocrx_word' id='word_1_996' title='bbox 2845 5592 2891 5644; x_wconf 92' lang='grc' dir='ltr'>Π</span> <span class='ocrx_word' id='word_1_997' title='bbox 2895 5591 3055 5661; x_wconf 86' lang='grc' dir='ltr'>ἀσχα;</span> <span class='ocrx_word' id='word_1_998' title='bbox 3072 5592 3145 5644; x_wconf 80' lang='grc' dir='ltr'><strong>Σὺ</strong></span> <span class='ocrx_word' id='word_1_999' title='bbox 3164 5587 3343 5655; x_wconf 80' lang='grc' dir='ltr'>εἶπας·</span> <span class='ocrx_word' id='word_1_1000' title='bbox 3361 5587 3492 5653; x_wconf 86' lang='grc' dir='ltr'>Πῶς</span> <span class='ocrx_word' id='word_1_1001' title='bbox 3504 5586 3750 5654; x_wconf 75' lang='grc' dir='ltr'>ᾷσωμεν</span> 
     </span>
    </p>
   </div>
   <div class='ocr_carea' id='block_1_132' title="bbox 2165 5669 3749 5745">
    <p class='ocr_par' dir='ltr' id='par_1_132' title="bbox 2165 5669 3749 5745">
     <span class='ocr_line' id='line_1_132' title="bbox 2165 5669 3749 5745; baseline -0.005 -16"><span class='ocrx_word' id='word_1_1002' title='bbox 2165 5674 2282 5743; x_wconf 70' lang='grc' dir='ltr'>τὴν</span> <span class='ocrx_word' id='word_1_1003' title='bbox 2304 5675 2469 5743; x_wconf 75' lang='grc' dir='ltr'>ᾠδὴν</span> <span class='ocrx_word' id='word_1_1004' title='bbox 2500 5675 2722 5745; x_wconf 80' lang='grc' dir='ltr'>Κυρίου</span> <span class='ocrx_word' id='word_1_1005' title='bbox 2757 5676 2856 5729; x_wconf 77' lang='grc' dir='ltr'>ἐπὶ</span> <span class='ocrx_word' id='word_1_1006' title='bbox 2888 5673 3001 5745; x_wconf 75' lang='grc' dir='ltr'>γῆς</span> <span class='ocrx_word' id='word_1_1007' title='bbox 3025 5675 3384 5743; x_wconf 66' lang='grc' dir='ltr'>ἀλλοτρίας-ς</span> <span class='ocrx_word' id='word_1_1008' title='bbox 3420 5672 3525 5728; x_wconf 81' lang='lat' dir='ltr'>Kal</span> <span class='ocrx_word' id='word_1_1009' title='bbox 3575 5669 3749 5722; x_wconf 83' lang='grc' dir='ltr'>ταῦτα</span> 
     </span>
    </p>
   </div>
   <div class='ocr_carea' id='block_1_133' title="bbox 2232 5767 2893 5817">
    <p class='ocr_par' dir='ltr' id='par_1_133' title="bbox 2232 5767 2893 5817">
     <span class='ocr_line' id='line_1_133' title="bbox 2232 5767 2893 5817; baseline 0 -2"><span class='ocrx_word' id='word_1_1010' title='bbox 2232 5768 2259 5797; x_wconf 78' lang='grc'>⁸</span> <span class='ocrx_word' id='word_1_1011' title='bbox 2284 5767 2433 5816; x_wconf 71' lang='lat' dir='ltr'>Forte</span> <span class='ocrx_word' id='word_1_1012' title='bbox 2453 5768 2532 5816; x_wconf 79' lang='grc' dir='ltr'>διὰ</span> <span class='ocrx_word' id='word_1_1013' title='bbox 2548 5767 2709 5816; x_wconf 67' lang='grc' dir='ltr'>τοῦτο.</span> <span class='ocrx_word' id='word_1_1014' title='bbox 2740 5767 2893 5817; x_wconf 76' lang='lat' dir='ltr'>Savil.</span> 
     </span>
    </p>
   </div>
  </div>
