4100 6434
382 467 480 525 3-87

379 604 528 656 tiam.
558 599 688 666 Quia
721 616 788 656 ne
834 601 913 656 sic
941 603 1154 672 quidem
1204 607 1490 675 proditoris
1533 610 1908 680 impudentiam
1933 653 1946 677 ,

378 709 549 761 neque
582 695 844 763 ingratum
871 693 1175 752 Judmorum
1211 700 1443 754 animum
1483 701 1633 757 ﬂexit
1663 744 1678 766 ,
1722 704 1954 773 seipsum

379 785 578 846 tradit,
608 795 766 854 atque
794 786 920 840 dicit
949 804 962 841 :
995 789 1216 855 Quando
1241 792 1448 846 ostendi
1475 808 1571 848 eos
1603 795 1689 848 illa
1716 795 1950 865 aggredi,

374 890 493 942 qua:
521 873 696 930 facere
726 893 832 930 non
874 889 1134 948 possent,
1184 883 1323 936 volui
1371 898 1555 938 eorum
1601 888 1955 954 comprimere

374 964 650 1019 furorem:
689 977 744 1020 at
793 967 869 1022 illi
919 971 1104 1024 noluttt
1131 1013 1146 1036 ,
1191 971 1284 1027 sed
1327 973 1380 1027 in
1424 975 1655 1044 nequitia
1704 991 1954 1046 perseve-

373 1065 491 1108 rant
526 1075 537 1108 :
569 1072 695 1110 ecce
717 1059 978 1125 meipsum
1008 1061 1178 1114 trado.

447 1147 566 1200 Non
596 1149 884 1202 necessitate
912 1151 1095 1204 bonum
1134 1169 1404 1219 operamnr
1423 1196 1439 1220 ,
1461 1152 1549 1208 sed
1578 1155 1850 1212 voluntate.
1881 1188 1955 1200 —-

373 1236 496 1292 llaec
519 1238 641 1290 dico
674 1239 855 1302 Vobis,
893 1256 958 1295 ne
995 1243 1227 1310 quipiam
1259 1245 1525 1300 Christum
1549 1256 1837 1312 accusent,
1867 1249 1950 1302 tli-

369 1339 597 1398 cantqne
628 1349 640 1384 :
670 1332 774 1384 Cur
800 1347 904 1385 non
937 1337 1158 1388 nudavit
1181 1336 1524 1393 Judam?cur
1546 1355 1648 1393 non
1677 1342 1949 1394 meliorem

370 1422 516 1474 illuni
547 1423 758 1476 θῆαιςίιῖ
788 1427 856 1477 At
878 1427 1146 1493 quomodo
1171 1430 1404 1496 oportuit
1426 1430 1612 1484 Judatn
1645 1443 1948 1500 temperan-

368 1523 472 1567 tem
508 1530 568 1568 ac
595 1518 816 1582 probum
861 1515 1112 1572 efficere?
1149 1536 1215 1573 an
1246 1525 1593 1590 necessitate,
1631 1539 1700 1577 an
1729 1525 1951 1578 arbitrio

367 1606 506 1660 suo?
534 1606 587 1660 Si
621 1607 936 1662 necessitate
957 1649 971 1671 ,
1002 1626 1172 1679 neque
1201 1613 1279 1666 sic
1322 1615 1511 1668 melior
1555 1615 1760 1668 futurus
1799 1625 1946 1680 erat;

367 1712 523 1750 nemo
547 1698 740 1767 quippe
776 1699 1094 1756 necessitate
1131 1704 1320 1758 melior
1343 1704 1607 1760 efficitur:
1641 1707 1683 1761 si
1719 1724 1844 1762 vero
1884 1725 1949 1763 ex

365 1789 588 1842 arbitrio
613 1799 666 1844 et
698 1792 988 1860 voluntate,
1015 1795 1194 1850 omnia
1223 1795 1426 1851 induxit
1453 1812 1537 1862 ea,
1562 1815 1678 1866 quae
1705 1809 1950 1868 poterant

363 1880 534 1948 ipsum
560 1881 624 1934 ad
663 1883 862 1952 frugem
891 1886 1167 1941 reducere.
1199 1887 1350 1954 Quod
1381 1889 1426 1942 si
1464 1889 1550 1944 illc
1583 1890 1816 1944 remedia
1846 1907 1946 1944 no-

364 1969 460 2024 luit
486 1973 749 2040 accipere,
775 1990 875 2028 non
901 1977 1158 2042 medicus,
1183 1977 1276 2033 sed
1302 1979 1345 2033 is
1383 1980 1472 2048 qui
1511 1981 1829 2036 medicinam
1859 1998 1946 2036 re-

364 2064 538 2131 spuit,
581 2063 630 2123 in
675 2065 828 2133 culpa
857 2076 956 2120 est.
995 2067 1084 2122 Vis
1111 2070 1246 2123 scire
1276 2079 1472 2138 quanta
1501 2071 1684 2125 fecerit
1728 2080 1782 2125 ut
1824 2086 1946 2126 eum

363 2153 676 2208 reduceret?
706 2155 866 2210 Multa
897 2159 1152 2213 miracula
1180 2169 1237 2214 ut
1267 2161 1464 2215 faceret
1493 2162 1672 2228 dedit,
1704 2164 1948 2231 prtedixit

361 2244 434 2297 illi
483 2261 542 2299 ea
569 2287 584 2309 ,
616 2262 732 2315 qua:
773 2248 838 2301 ad
876 2250 1230 2318 prod.tionem
1261 2253 1598 2322 spectabant,
1642 2254 1774 2310 nihil
1804 2267 1947 2310 retro

363 2337 575 2406 reliquit
598 2353 804 2406 eorum,
828 2357 948 2409 qua:
973 2358 1069 2412 pro
1100 2343 1357 2413 discipulo
1388 2344 1564 2401 facere
1594 2361 1690 2416 par
1719 2359 1850 2402 erat.
1880 2347 1948 2403 Et

361 2435 416 2479 ut
441 2427 615 2479 discas
641 2444 763 2482 eum
788 2470 802 2491 .
841 2445 964 2487 cum
1005 2433 1198 2488 mutari
1225 2443 1432 2503 posset,
1467 2437 1700 2492 noluisse
1719 2477 1734 2502 ,
1757 2436 1852 2492 sed
1881 2452 1942 2494 ex

358 2517 474 2584 ejus
501 2520 722 2586 segnitie
750 2531 916 2575 totum
959 2524 1252 2590 prodiisse:
1285 2540 1405 2579 cum
1435 2526 1759 2595 prodidisset
1799 2543 1945 2595 eum,

359 2618 414 2662 et
441 2607 671 2664 furorem
717 2627 870 2666 suum
905 2614 971 2667 ad
1003 2615 1160 2668 finem
1202 2616 1542 2683 deduxisset,
1577 2619 1803 2691 Projecit
1849 2621 1944 2674 tri-

358 2701 497 2768 ginta
526 2711 782 2768 argenteos
810 2702 1023 2768 dicens,
1059 2703 1272 2759 Peccavi
1296 2708 1496 2760 tradens
1536 2709 1832 2778 sanguinem
1861 2710 1946 2773 iu-

357 2797 489 2842 stum
517 2789 728 2857 (Matth.
759 2793 846 2844 27.
877 2794 963 2861 5).
996 2797 1164 2850 Antea
1201 2796 1413 2850 dicebas
1434 2838 1448 2860 ,
1481 2797 1614 2863 Quid
1646 2799 1791 2851 vultis
1821 2800 1946 2852 mihi

357 2881 480 2934 dare
501 2923 514 2942 ,
549 2893 594 2934 et
637 2900 724 2952 ego
767 2885 902 2938 vobis
939 2887 1136 2940 tradam
1167 2889 1476 2946 eum?Cttm
1517 2901 1943 2944 consummatum

359 2970 456 3024 fuit
479 2982 919 3046 peccatum,tunc
943 2985 1223 3042 peccatum
1241 2980 1470 3052 agnovit.
1500 2979 1633 3033 lline
1660 2979 1946 3038 ediscimus

368 3084 466 3122 nos
492 3084 609 3122 cum
637 3073 870 3137 segniter
896 3074 1120 3141 agimus,
1146 3088 1316 3142 neque
1343 3070 1554 3126 hortatu
1577 3085 1749 3142 neque
1769 3073 1943 3126 moni-

365 3162 432 3214 tis
461 3161 631 3230 juvari
658 3178 672 3226 ;
701 3178 819 3216 cum
852 3178 977 3218 vero
1021 3165 1320 3233 diligenter,
1348 3181 1377 3217 a
1422 3163 1574 3218 nobis
1618 3163 1746 3235 ipsis
1789 3178 1945 3234 posse

360 3266 661 3320 resurgere.
693 3253 890 3307 Tecum
921 3255 1062 3308 enim
1092 3263 1275 3324 reputa
1305 3271 1426 3309 eum
1447 3296 1459 3319 ,
1487 3269 1608 3309 cum
1643 3255 1946 3310 hortaretur

307 3329 312 3332 ’
360 3340 648 3403 Dominus,
677 3354 726 3397 et
759 3359 788 3396 a
831 3359 991 3412 pravo
1031 3344 1264 3400 facinore
1299 3346 1624 3414 deterreret,
1657 3362 1762 3402 non
1797 3347 1946 3401 audi-

357 3433 501 3486 visse
529 3449 625 3486 nec
652 3433 998 3491 admonitioni
1039 3436 1476 3505 obtemperasse;
1506 3453 1626 3493 cum
1657 3454 1783 3493 vero
1823 3438 1944 3492 nul-

361 3521 444 3576 lus
470 3523 780 3577 admoneret
802 3563 818 3587 ,
846 3540 909 3578 ex
943 3526 1152 3593 propria
1193 3528 1516 3582 conscientia
1547 3529 1861 3593 surrexisse,
1891 3536 1946 3582 et

361 3614 574 3667 nemine
618 3615 841 3668 docente
882 3624 1135 3671 mutatum
1165 3632 1285 3671 esse
1309 3659 1324 3682 ,
1358 3626 1726 3688 trecentosque
1754 3635 1946 3685 argen-

360 3712 476 3758 teos
506 3705 810 3773 projcciSSe.
837 3705 1244 3771 Constituerunt,
1277 3709 1476 3779 inquit,
1507 3711 1584 3764 illi
1615 3712 1824 3780 triginta
1857 3728 1943 3763 ar-

362 3807 558 3866 genteos
593 3795 802 3865 (Matth.
831 3796 922 3850 20'.
961 3797 1067 3865 15).
1096 3797 1329 3852 Pretium
1367 3801 1637 3869 sanguinis
1677 3801 1942 3868 deposue-

363 3898 484 3941 runt
512 3888 656 3941 nullo
675 3889 844 3955 pretio
865 3888 1303 3943 mstitnandi.Cur
1319 3892 1514 3958 accipis
1533 3891 1740 3958 triginta
1755 3906 1942 3959 argen-

362 3987 498 4041 teos,
514 3995 545 4028 o
564 3979 696 4032 .luda
712 3980 734 4031 ?
753 3979 929 4033 Gratis
949 3983 1094 4032 venit
1109 3978 1348 4034 Christus
1375 3996 1470 4049 pro
1489 3982 1616 4036 orbe
1635 3984 1942 4049 Sanguinem

359 4069 640 4132 effusuras,
658 4086 751 4138 pro
767 4086 870 4137 quo
885 4079 938 4124 tu
962 4086 1098 4124 nunc
1123 4082 1270 4138 pacta
1285 4075 1490 4126 statuis.
1509 4075 1642 4141 Quid
1666 4075 1946 4144 impuden-

361 4159 464 4212 titts
486 4158 582 4212 hac
599 4160 971 4214 Conventione?
993 4161 1108 4229 quis
1131 4161 1282 4225 vidit,
1301 4162 1419 4231 quis
1437 4164 1636 4216 audivit
1662 4163 1946 4232 umquam?

434 4251 484 4303 4.
528 4251 633 4304 Sed
663 4261 717 4304 ut
756 4252 1022 4306 discamus
1048 4255 1186 4321 quod
1216 4257 1284 4308 sit
1309 4253 1592 4309 discrimen
1616 4257 1941 4324 proditorem

362 4341 502 4394 inter
526 4352 578 4394 et
606 4341 913 4410 discipulos,
944 4342 1224 4397 audiamus
1253 4362 1266 4397 :
1298 4346 1475 4398 omnia
1501 4347 1694 4415 quippe
1722 4347 1945 4415 diligen-

361 4441 444 4486 ter
475 4432 624 4486 nn‘bis
652 4443 865 4488 enarrat
893 4435 1236 4503 evangelista.
1267 4436 1400 4490 Cum
1449 4437 1562 4492 lucc
1600 4439 1816 4502 fierent,
1863 4440 1943 4492 in-

359 4525 508 4592 quit;
543 4538 662 4576 cum
691 4524 920 4592 proditio
959 4525 1306 4594 procederet,
1341 4541 1462 4581 cum
1506 4526 1667 4582 Judas
1711 4529 1942 4596 seipsum

362 4613 610 4682 perdidit,
644 4628 764 4668 cum
793 4616 967 4684 iniqua
1009 4616 1096 4670 illa
1121 4626 1269 4685 pacta
1303 4618 1454 4680 fecit,
1493 4632 1612 4671 cum
1645 4627 1942 4688 qumrerot,

364 4704 553 4775 inquit,
578 4708 1048 4772 opportunitatem,
1077 4719 1134 4761 ut
1158 4725 1277 4763 eum
1308 4709 1542 4764 traderet
1566 4727 1580 4763 :
1609 4709 1748 4764 Tunc
1780 4727 1945 4766 acces-

354 4807 526 4852 serunt
556 4798 793 4863 discipuli
822 4799 931 4867 ejus
957 4799 1210 4854 dicentes:
1234 4801 1329 4854 (ibi
1348 4802 1422 4855 vis
1447 4819 1680 4871 paremus
1698 4802 1784 4854 tibi
1803 4819 1944 4855 com-

357 4889 503 4942 edere
561 4887 766 4941 Pascha
805 4888 1039 4957 (Matth.
1071 4891 1161 4943 26.
1219 4892 1344 4960 l7)?
1384 4891 1572 4946 Vidisti
1616 4892 1942 4961 discipulos,

357 4978 534 5031 vidisti
564 4979 921 5046 discipulum?
951 4978 1045 5032 llle
1079 4981 1430 5047 proditionem
1453 5023 1468 5047 ,
1498 4982 1549 5036 hi
1591 4982 1941 5038 ministerium

357 5070 619 5124 curabant
645 5088 658 5124 :
690 5072 777 5124 ille
806 5080 954 5140 pacta
983 5071 1147 5125 inibat
1168 5081 1222 5126 et
1247 5072 1502 5128 Dominici
1528 5074 1798 5143 sanguinis
1823 5090 1944 5143 pre-

359 5160 488 5212 tiutu
513 5161 755 5228 accipere
780 5163 1080 5232 satagebat,
1111 5162 1164 5216 hi
1209 5162 1273 5216 ad
1303 5163 1612 5219 famulatum
1643 5181 1700 5219 se
1740 5181 1944 5234 prwpa-

359 5258 499 5305 I’ant.
525 5250 588 5303 Et
612 5249 695 5305 hic
721 5259 777 5306 et
805 5251 876 5304 illi
903 5251 1088 5306 iisdem
1118 5251 1386 5306 miraculis
1413 5253 1734 5319 claruerant,
1755 5256 1941 5308 eadem

359 5339 598 5392 doctrina
632 5341 813 5395 imbuti
844 5353 994 5397 erant
1023 5360 1035 5404 ;
1065 5341 1330 5397 undenam
1362 5359 1490 5413 ergo
1513 5344 1839 5399 discrimen?
1867 5346 1942 5400 Ex

361 5433 647 5486 voluntate.
679 5433 806 5488 Hch
845 5444 900 5487 et
938 5435 1196 5488 malorum
1237 5443 1293 5489 et
1333 5433 1593 5489 bonorum
1637 5451 1794 5489 causa
1839 5447 1943 5493 est.

361 5514 590 5594 Vespera
641 5525 729 5580 illa
777 5536 893 5580 erat
927 5542 1047 5581 cum
1075 5527 1316 5595 discipuli
1369 5527 1483 5581 haec
1525 5527 1784 5586 dicerent.
1808 5527 1943 5595 Quid

363 5614 495 5670 illud
523 5623 629 5678 est,
653 5613 750 5670 Ubi
771 5617 843 5670 vis
871 5633 1105 5685 paremus
1131 5617 1216 5671 tibi
1239 5617 1495 5672 comedere
1521 5616 1723 5670 Pascha
1747 5619 1772 5672 ?
1811 5618 1946 5672 llinc

362 5707 648 5763 ediscimus
672 5723 777 5763 non
807 5717 1002 5765 statum
1022 5710 1344 5766 domicilium
1377 5710 1624 5766 habuisse
1649 5709 1940 5768 Christum.

360 5799 594 5852 Audiant
654 5801 743 5870 qui
796 5801 1098 5870 splendidas
1140 5812 1451 5858 construant
1499 5803 1706 5868 domos,
1734 5803 1944 5872 ampla-

355 5905 458 5961 que
509 5900 657 5962 septa
681 5933 696 5960 ,
724 5893 865 5965 quod
898 5892 1071 5952 Filius
1095 5893 1325 5952 hominis
1355 5911 1460 5952 non
1505 5895 1692 5951 haheat
1723 5894 1809 5951 ubi
1841 5909 1931 5951 ca-

1412 480 1498 534 DE
1540 482 1947 538 f‘llOlllTlONE
1986 482 2199 541 JUD/E.
2246 488 2473 545 llOillL.
2521 492 2582 548 ll.

3541 505 3646 560 588

2069 602 2159 662 put
2211 613 2364 652 suum
2418 599 2679 656 reclinet:
2717 603 2833 658 ideo
2863 606 3043 661 dicunt
3088 610 3136 664 ei
3182 611 3425 682 discipuli
3479 636 3492 670 :
3548 621 3645 674 L’tn'

2061 688 2133 741 vis
2183 704 2415 758 paremus
2465 691 2554 745 tibi
2601 696 2858 750 comedere
2909 696 3111 752 Pascha
3131 703 3156 755 Ρ
3204 705 3354 770 Quod
3404 705 3646 763 Pascha?

2060 778 2377 849 Judaicum,
2434 784 2574 853 quod
2627 785 2677 840 in
2729 787 2958 860 JEgypto
3020 792 3226 849 initittm
3282 811 3581 868 sumpserat
3627 821 3641 854 :

2061 884 2181 924 nam
2229 871 2338 928 illic
2385 873 2534 930 initio
2583 877 2919 934 celebrarunt
2967 882 3116 937 illud.
3140 885 3316 956 Ecqua
3367 889 3434 943 de
3483 905 3644 946 causa

2053 959 2185 1018 illud
2207 961 2448 1019 Christus
2471 967 2743 1023 celebrat?
2773 970 2837 1026 Ut
2865 974 3040 1028 omnia
3069 975 3252 1046 legalia
3280 981 3538 1050 implevit,
3566 988 3645 1041 sic

2057 1058 2115 1104 et
2154 1051 2314 1106 istud.
2343 1054 2463 1109 Ideo
2491 1056 2680 1113 Joanni
2717 1060 2926 1117 dicebat
2956 1082 2970 1117 :
3003 1063 3093 1120 Sic
3135 1084 3226 1122 nos
3253 1070 3393 1124 decet
3433 1073 3644 1136 implere

2057 1157 2254 1234 omnem
2273 1146 2527 1213 justitiam
2553 1150 2570 1221 (
2600 1149 2784 1206 Matth.
2810 1153 2862 1209 5.
2894 1155 3022 1225 15).
3052 1157 3164 1214 Νοη
3194 1171 3431 1217 nostrum
3463 1165 3638 1234 igitur,

2057 1233 2151 1323 sed
2181 1233 2456 1292 Judaicum
2487 1239 2690 1296 Pascha
2722 1261 2910 1314 parare
2937 1249 3185 1305 volebant
3212 1233 3637 1323 discipuli.Nam

2057 1322 2182 1377 illud
2213 1326 2454 1396 discipuli
2501 1343 2790 1401 pararunt,
2823 1353 3063 1394 nosuutn
3111 1359 3238 1398 vero
3277 1322 3479 1402 Pascha
3525 1351 3641 1420 ipso

2057 1421 2390 1486 prmparavit,
2420 1422 2528 1478 imo
2559 1425 2672 1494 ipse
2698 1427 2900 1484 Pascha
2931 1447 3025 1501 per
3053 1439 3406 1492 venerandam
3439 1444 3640 1510 passio-

2047 1522 2177 1561 nem
2203 1525 2351 1565 suam
2381 1513 2598 1568 ell‘ectus
2626 1527 2728 1571 est.
2757 1519 2863 1574 Cttr
2901 1538 3028 1592 ergo
3056 1526 3120 1578 ad
3148 1529 3448 1597 passionem
3479 1548 3637 1588 acce-

2054 1597 2172 1650 dit?
2204 1599 2272 1654 Ut
2298 1617 2394 1656 nos
2421 1604 2701 1661 redimeret
2734 1625 2762 1662 a
2791 1612 3076 1669 maledicto
3107 1617 3256 1686 legis.
3285 1620 3636 1686 Quamobrem

2057 1688 2249 1744 Paulus
2268 1693 2527 1748 clamabat
2554 1715 2566 1748 :
2599 1696 2741 1753 Misit
2780 1700 2917 1756 Deus
2944 1703 3138 1759 Filium
3167 1726 3334 1774 suam,
3364 1715 3556 1783 factum
3579 1731 3641 1770 es

2054 1781 2281 1847 muliere,
2313 1786 2502 1853 factum
2525 1789 2619 1841 sub
2648 1788 2775 1859 lege,
2808 1801 2860 1844 ut
2886 1810 2972 1848 eos
2997 1796 3081 1864 qui
3108 1799 3200 1850 sub
3238 1801 3344 1870 lege
3365 1781 3520 1856 (erant
3557 1821 3638 1857 re-

2055 1871 2260 1926 dimeret
2287 1872 2481 1944 (Galat.
2509 1878 2561 1932 4.
2593 1880 2645 1934 4.
2673 1881 2749 1948 5).
2781 1881 2856 1937 Ne
2877 1885 2994 1953 quis
3022 1903 3148 1956 ergo
3171 1889 3392 1957 diceret,
3425 1893 3546 1950 ideo
3572 1895 3638 1950 il-

2055 1960 2158 2015 lam
2185 1964 2470 2034 abrogasse
2494 2007 2510 2034 ,
2541 1970 2663 2038 quia
2695 1971 2841 2028 illam
2879 1974 3099 2043 implere
3138 1994 3243 2033 non
3275 1990 3520 2048 poterat,
3556 1993 3639 2039 ut-

2052 2064 2176 2122 pote
2205 2070 2442 2124 gravem,
2476 2074 2756 2117 onerosam
2783 2074 2838 2120 et
2864 2064 3170 2131 difﬁcilem;
3200 2070 3318 2124 ideo
3343 2087 3464 2126 cum
3492 2073 3637 2130 illam

2053 2152 2214 2199 totam
2265 2147 2625 2218 intplevisset,
2661 2162 2783 2209 tunc
2826 2157 2990 2225 ipsam
3020 2159 3196 2214 solvit.
3229 2161 3510 2224 Idcircoet
3541 2165 3638 2219 Pa-

2051 2237 2176 2290 scha
2209 2238 2335 2294 fecit
2361 2259 2374 2294 :
2404 2241 2534 2312 legis
2560 2245 2701 2298 enim
2749 2248 3056 2304 mandatum
3104 2252 3233 2320 ipsis
3265 2262 3381 2308 erat
3421 2256 3638 2312 Pascha:

2051 2331 2381 2386 solemnitas.
2401 2334 2556 2389 Audi.
2581 2335 2770 2407 Ingrati
2794 2355 2919 2410 erga
2945 2341 3242 2398 beneﬁcum
3266 2357 3419 2400 erant
3442 2346 3634 2411 Judaei,

2050 2421 2341 2490 statimque
2379 2425 2600 2482 beneﬁci
2626 2429 3094 2488 obliviscebantur.
3127 2435 3288 2506 quue
3317 2447 3374 2492 ut
3391 2450 3638 2497 accurate

2051 2509 2225 2566 discas
2253 2529 2266 2564 :
2301 2516 2500 2583 egressi
2530 2526 2656 2572 sunt
2682 2533 2749 2573 ex
2763 2517 3449 2589 Egypto,mareRnbrum
3470 2536 3646 2583 trans-

2047 2600 2262 2670 ierunt,
2297 2607 2478 2679 ipsum
2526 2607 2774 2663 viderunt
2825 2609 3049 2665 scissum
3074 2651 3089 2675 ,
3131 2627 3420 2681 rursusque
3461 2616 3638 2670 coale-

2047 2707 2207 2748 scens
2248 2714 2260 2747 :
2297 2711 2396 2750 nec
2445 2697 2612 2752 multo
2649 2699 2831 2768 elapso
2877 2709 3116 2771 tempore
3164 2701 3347 2757 dicunt
3392 2703 3634 2758 Aaroni:

2049 2787 2160 2840 Fac
2188 2788 2329 2842 nobis
2359 2789 2498 2854 deos,
2530 2791 2616 2860 qui
2644 2792 2931 2861 pracedant
2955 2810 3046 2848 nos
3072 2794 3267 2864 (Exod.
3294 2795 3383 2849 52.
3403 2796 3477 2862 1).
3501 2797 3639 2863 Quid

2048 2877 2207 2941 dicis,
2245 2879 2448 2948 ingrate
2483 2880 2716 2937 Judaze?
2745 2893 2821 2938 tot
2848 2884 3035 2939 taliave
3064 2886 3314 2939 miracula
3349 2887 3519 2940 vidisti
3540 2926 3554 2948 ,
3587 2897 3641 2942 ct

2047 2970 2242 3025 oblitus
2264 2985 2322 3025 es
2349 2973 2466 3038 Dei,
2483 2975 2573 3044 qui
2596 2983 2649 3030 te
2671 2975 2856 3040 nutrit,
2878 2993 3051 3046 neque
3071 2977 3296 3032 benefici
3315 2980 3640 3034 mentionem

2053 3057 2222 3114 facis?
2247 3060 2376 3127 Quia
2411 3063 2571 3132 igitur
2600 3064 3051 3121 obliviscebautur
3074 3066 3452 3121 beneficiorum
3483 3067 3598 3136 ejus
3620 3108 3640 3135 ,

2048 3148 2392 3206 festivitatum
2415 3165 2728 3224 argumento
2743 3155 2885 3211 Deus
2899 3156 3158 3210 donorum
3177 3158 3640 3212 commemoratio-

2050 3257 2170 3296 nem
2201 3242 2504 3310 adstrinxit,
2527 3254 2583 3298 ut
2612 3246 2776 3300 velint
2803 3246 2972 3300 nolint
2998 3257 3302 3300 manentem
3326 3248 3639 3302 memoriam

2049 3333 2296 3390 habeant.
2331 3336 2399 3391 Et
2428 3338 2500 3391 illi
2530 3338 2742 3407 quidem
2783 3339 2860 3394 sic
2893 3357 2905 3391 :
2937 3339 3140 3409 quare?
3175 3338 3239 3393 Ut
3265 3355 3380 3392 cum
3417 3340 3640 3393 interro-

2046 3427 2238 3496 gaverit
2269 3437 2314 3481 te
2340 3429 2480 3496 ﬁlius
2509 3438 2622 3483 tuus
2643 3471 2658 3494 ,
2682 3429 2818 3498 Quid
2848 3442 2931 3484 est
2973 3431 3110 3485 hoc?
3138 3431 3282 3486 dicas
3311 3448 3322 3483 :
3356 3430 3488 3498 Quia
3517 3433 3639 3500 agni

2049 3518 2208 3588 hujus
2244 3520 2500 3589 sanguine
2535 3520 2812 3590 januarum
2852 3522 3029 3574 limina
3062 3530 3354 3585 unxerunt,
3386 3532 3642 3577 mortem-

2048 3626 2155 3680 que
2219 3611 2551 3681 elfugerunt,
2607 3628 2764 3682 quam
2814 3623 3051 3667 vastator
3107 3615 3326 3682 angelus
3375 3612 3643 3684 Egyptiis

2049 3702 2297 3754 omnibus
2341 3701 2519 3756 intulit
2557 3716 2572 3754 :
2620 3712 2942 3772 propterque
2987 3703 3128 3758 hunc
3178 3704 3486 3773 sanguinein
3536 3719 3640 3758 non

2047 3795 2219 3862 potuit
2260 3794 2462 3848 irruere
2493 3803 2546 3847 et
2585 3795 2788 3862 plagam
2840 3795 3095 3864 infligere.
3127 3794 3202 3848 llli
3249 3796 3424 3864 itaque
3456 3795 3640 3857 inviti,

2048 3882 2136 3936 hic
2183 3899 2312 3937 vero
2353 3884 2540 3936 lubens
2585 3883 2829 3938 Christus
2877 3885 3197 3938 immolatur.
3234 3885 3456 3952 Quare?
3507 3888 3642 3952 Quia

2048 3966 2176 4025 illud
2203 3983 2312 4027 erat
2331 3974 2496 4042 ﬁgura
2519 3973 2809 4041 spiritualis
2825 3973 3117 4031 Paschatis.
3143 3974 3206 4028 Ut
3233 3976 3282 4028 id
3301 3990 3425 4027 vero
3444 3975 3640 4038 discas.

2049 4065 2170 4119 vide
2191 4076 2385 4135 quanta
2404 4066 2474 4120 sit
2502 4065 2954 4135 affinitas.Agnus
2981 4075 3250 4135 etagnus;
3279 4066 3371 4120 sed
3395 4066 3482 4118 ille
3511 4067 3643 4120 irra-

2052 4157 2281 4222 tinnalis,
2313 4158 2398 4212 hic
2423 4157 2696 4213 rationalis
2720 4175 2734 4212 :
2764 4159 2878 4212 ovis
2904 4167 2956 4212 et
2982 4158 3115 4221 ovis,
3138 4158 3321 4210 umbra
3341 4166 3395 4211 et
3412 4157 3641 4222 veritas;

2049 4249 2144 4303 sed
2172 4250 2408 4319 apparuit
2442 4250 2530 4305 Sol
2555 4250 2774 4319 justitia:
2794 4291 2810 4316 ,
2837 4259 2891 4305 et
2918 4249 3104 4304 umbra
3130 4250 3356 4303 cessavit
3386 4266 3400 4303 :
3430 4249 3644 4305 lucente

2050 4357 2280 4412 namque
2317 4343 2462 4408 sole,
2493 4341 2702 4411 fugatur
2748 4343 2954 4396 umbra.
2987 4341 3218 4411 Ideoque
3271 4357 3440 4411 agnus
3481 4342 3642 4397 etiam

2050 4434 2104 4487 in
2155 4449 2339 4488 mensa
2387 4436 2713 4505 mystica,ut
2741 4435 2998 4504 sanguine
3041 4434 3181 4488 illius
3223 4434 3642 4489 sanctificenuir.

2051 4525 2405 4593 Quamobrem
2431 4525 2721 4580 accedente
2751 4526 2894 4588 sole,
2928 4525 3143 4581 lucerna
3183 4542 3288 4580 non
3319 4527 3454 4582 ultra
3483 4543 3644 4596 appa-

2051 4627 2167 4670 reat
2190 4635 2202 4670 :
2225 4632 2346 4671 nam
2371 4633 2488 4685 quae
2507 4624 2616 4671 tum
2648 4617 2782 4670 facta
2805 4628 2930 4671 sunt
2948 4617 3128 4688 figurte
3151 4627 3304 4672 erant
3323 4621 3646 4673 futurorum.

2126 4707 2181 4761 5.
2206 4707 2393 4762 Contra
2415 4705 2647 4764 Iudicas.
2688 4707 2810 4762 Vide
2839 4711 2890 4762 in
2924 4708 3162 4763 Homiliis
3207 4720 3383 4762 contra
3419 4709 3645 4775 eosdem,

2056 4795 2120 4851 Τ.
2151 4797 2301 4852 1.-
2345 4798 2472 4854 Haec
2518 4798 2719 4854 Judzeis
2763 4799 2919 4864 dico,
2968 4815 3034 4854 ne
3079 4799 3283 4867 seipsos
3313 4799 3640 4867 decipientes

2052 4899 2240 4959 putent
2279 4906 2338 4946 se
2365 4891 2566 4946 Pascha
2598 4891 2872 4946 celebrare
2901 4907 2915 4956 ;
2947 4891 3068 4959 quia
3098 4889 3390 4959 impudenti
3419 4890 3646 4945 consilio

2051 4997 2237 5052 azyma
2263 4983 2507 5052 accipere
2539 4990 2894 5051 praevertunt,
2925 4991 2977 5035 et
3007 4980 3198 5035 festum
3229 4980 3523 5048 objiciunt,
3551 4981 3644 5051 qui

2053 5086 2268 5141 semper
2313 5071 2664 5126 incircunicisi
2694 5079 2819 5124 sunt
2847 5071 3040 5137 corde,
3071 5080 3125 5125 et
3152 5071 3369 5125 auribus
3410 5072 3645 5142 graviter

2050 5165 2289 5219 audiunt.
2310 5163 2609 5232 Quomodo,
2633 5179 2834 5232 quazso,
2866 5163 3066 5218 Pascha
3092 5163 3353 5231 celebras,
3377 5163 3643 5219 oludtee?

2052 5253 2331 5322 Templum
2362 5253 2476 5307 solo
2505 5262 2768 5324 arquatum
2799 5262 2900 5318 est,
2931 5252 3099 5308 altare
3126 5254 3394 5308 sublatum
3413 5296 3428 5320 ,
3457 5263 3639 5309 sancta

2051 5353 2353 5400 sanctorum
2402 5344 2741 5408 conculcata,
2792 5359 2952 5397 omne
2996 5344 3316 5399 sacrificium
3365 5344 3637 5398 solutum:

2050 5451 2148 5492 cur
2175 5451 2304 5507 ergo
2335 5436 2668 5506 prtevaricari
2695 5435 2899 5492 audes?
2927 5437 3117 5492 Abiisti
3148 5437 3431 5506 aliquando
3463 5437 3638 5508 Baby-

2052 5527 2228 5581 lonem
2252 5568 2266 5589 ,
2299 5527 2491 5581 audisti
2522 5542 2614 5582 eos
2644 5528 2731 5596 qui
2768 5530 3008 5598 captivos
3037 5527 3300 5582 duxerant
3329 5543 3422 5581 vos
3450 5527 3637 5582 dicen-

2050 5626 2166 5683 tes,
2211 5618 2421 5672 Cantate
2449 5619 2590 5672 nobis
2633 5620 2882 5672 canticum
2927 5617 3134 5670 Domini
3175 5617 3364 5688 (Psal.
3391 5617 3512 5671 l'56.
3543 5619 3636 5689 3),

2048 5718 2105 5766 et
2151 5726 2254 5765 non
2306 5709 2490 5765 tulisti.
2545 5709 2613 5764 Et
2659 5727 2753 5766 cur
2801 5720 2951 5764 extra
2997 5708 3384 5779 Jcrosolymam
3432 5708 3636 5763 Pascha

2047 5802 2321 5863 celebras,
2367 5801 2455 5870 qui
2495 5801 2696 5872 dixisti,
2741 5801 3002 5868 Quomodo
3043 5801 3355 5854 cantabimus
3382 5801 3636 5853 canticum

2052 5894 2259 5952 Domini
2290 5896 2341 5950 in
2368 5904 2500 5951 terra
2526 5896 2692 5951 aliena
2718 5893 2879 5965 (Ibid.
2909 5911 2955 5950 ν.
2982 5893 3089 5966 5)?
3119 5894 3182 5950 Et
3209 5894 3323 5950 lucc
3352 5893 3629 5985 declarans
