4100 6482
539 495 649 552 389

540 610 726 668 beatus
752 609 913 665 David
949 610 1156 666 diccbat
1187 627 1200 663 :
1231 610 1398 681 Super
1435 611 1623 681 ﬂumen
1661 609 1970 682 Babylonis,
2025 612 2132 667 illic

537 703 760 756 sedimus
785 713 832 757 et
873 702 1103 770 ﬂeuimus
1134 719 1150 755 :
1175 703 1226 755 in
1250 702 1489 756 salicibus
1513 704 1568 756 in
1592 703 1756 756 medio
1785 705 1895 774 ejus
1919 720 2130 774 suspen-

537 797 708 849 dimus
725 812 918 867 organa
937 805 1110 850 nostra
1129 794 1465 865 (Psal.l56.l
1480 794 1576 868 .2);
1601 796 1653 851 id
1677 806 1779 861 est,
1799 798 2126 867 psalterium,

534 887 810 960 cytharam
832 930 848 952 ,
897 890 1063 961 lyram
1095 906 1106 941 :
1145 890 1226 943 his
1255 891 1398 944 enim
1441 890 1570 944 olim
1616 892 1932 958 utebantur,
1965 901 2018 946 et
2047 891 2128 946 his

531 979 774 1049 psalmos
799 981 1082 1036 canebant.
1116 979 1235 1034 Illic
1264 982 1398 1036 enim
1417 1022 1432 1048 ,
1464 981 1667 1052 inquit,
1697 981 2128 1053 interregavefunt

532 1089 648 1137 nos,
676 1072 762 1143 qui
788 1073 1015 1144 captivos
1044 1073 1299 1129 duxerunt
1326 1091 1438 1139 nos,
1470 1076 1619 1129 uerba
1643 1077 1932 1130 cantionum
1961 1075 2120 1147 (Ibid.

532 1181 582 1217 ιο.
611 1163 699 1236 5).
749 1164 820 1220 Et
861 1165 1094 1221 diximus
1137 1185 1150 1220 :
1199 1167 1465 1232 Quomodo
1511 1167 1825 1224 cantabimus
1871 1170 2124 1223 canticum

534 1257 743 1312 Domini
766 1260 819 1313 in
849 1270 983 1314 terra
1006 1261 1172 1314 aliena
1189 1261 1215 1315 1’
1239 1261 1394 1329 Quid,
1425 1276 1628 1328 quaeso,
1655 1261 1829 1316 dicis?
1857 1263 2120 1317 canticum

532 1349 746 1405 Domini
779 1366 884 1405 non
926 1362 1114 1406 cantas
1154 1352 1204 1406 in
1249 1361 1390 1406 terra
1420 1353 1623 1419 aliena,
1666 1361 1724 1407 et.
1750 1353 1948 1409 Pascha
1978 1354 2120 1410 cele-

529 1440 654 1494 bras
683 1441 736 1495 in
779 1451 918 1496 terra
948 1443 1154 1497 aliena?
1178 1441 1363 1498 Viden’
1392 1443 1753 1514 stupiditatem
1775 1443 2120 1499 Iudaeorum?

527 1530 663 1586 Cum
691 1531 917 1587 aderant
947 1533 1146 1588 inimici
1176 1533 1265 1604 qui
1303 1542 1590 1603 cogerent,
1625 1549 1691 1588 ne
1717 1533 1977 1603 psalmum
2002 1534 2120 1604 qui-

527 1625 654 1678 dem
699 1625 926 1680 recitare
953 1626 1202 1681 volebant
1243 1627 1295 1680 in
1341 1635 1484 1681 terra
1523 1627 1694 1681 aliena
1723 1645 1736 1680 :
1763 1637 1818 1683 et
1855 1644 1997 1683 nunc
2023 1642 2118 1684 sua

527 1725 751 1783 Sponte,
781 1718 992 1771 nemine
1018 1727 1243 1786 cogente
1262 1757 1278 1782 ,
1317 1717 1515 1771 bellum
1546 1716 1780 1773 inferunt
1809 1719 1936 1774 Deo.
1977 1719 2118 1786 Qua-

529 1814 746 1876 propter
792 1807 980 1863 beatus
1018 1807 1322 1879 Stephanus
1361 1808 1573 1864 dicebat
1611 1809 1757 1864 illis:
1795 1809 1896 1865 Vos
1924 1827 2118 1882 semper

526 1897 754 1967 Spiritui
786 1909 964 1954 sancto
1000 1901 1230 1955 resistitis
1253 1901 1392 1971 (Act.
1417 1900 1468 1955 7.
1492 1899 1606 1972 5i).
1636 1901 1797 1957 Vides
1824 1917 1980 1973 quam
2011 1903 2114 1957 im-

527 2004 656 2058 pura
685 1990 793 2044 sint
825 2006 1010 2062 azyma
1033 2033 1048 2059 ,
1094 2007 1254 2062 quam
1286 1993 1521 2062 iniquum
1547 1992 1849 2047 Judtcorum
1880 1991 2116 2048 festum?

521 2079 654 2135 Erat
681 2082 810 2137 olim
838 2083 1044 2139 Pascha
1073 2084 1371 2151 Judaicum,
1411 2085 1504 2140 sed
1533 2086 1764 2141 solutum
1796 2094 1898 2141 est.
1939 2085 2110 2152 Tune,

521 2173 718 2244 inquit,
748 2174 920 2243 Jesus,
951 2177 1370 2230 muntlucantibus
1398 2175 1503 2231 illis
1526 2186 1581 2232 et
1605 2176 1909 2232 bibentibus
1932 2219 1946 2244 ,
1975 2178 2112 2231 acci-

521 2269 664 2338 piens
692 2284 872 2338 panem
921 2270 974 2323 in
1005 2278 1219 2324 sanctas
1257 2278 1313 2324 et
1347 2269 1694 2324 intemeratas
1738 2283 1928 2323 manus
1964 2285 2108 2338 suas,

517 2363 709 2432 gratias
735 2379 890 2433 agens
919 2363 1104 2434 fregit,
1136 2363 1360 2434 dixitque
1402 2361 1667 2432 discipulis
1709 2363 1812 2416 suis
1842 2377 1861 2415 :
1889 2361 2112 2432 Accipite

515 2463 564 2505 et
594 2452 896 2507 manducata
922 2469 940 2507 :
965 2453 1062 2506 hoc
1090 2461 1162 2506 est
1191 2469 1375 2523 corpus
1402 2467 1568 2506 meum
1607 2450 1832 2522 (Matth.
1854 2451 1947 2507 26.
1976 2451 2046 2506 26
2067 2454 2106 2523 ),

519 2543 663 2614 quod
695 2560 791 2613 pro
831 2544 985 2598 vobis
1025 2553 1080 2600 et
1119 2545 1302 2598 multis
1344 2542 1602 2614 frangitur
1644 2543 1698 2597 in
1740 2543 2107 2598 remissionem

514 2646 880 2706 peccatorum.
929 2635 997 2690 Et
1037 2637 1246 2690 calicem
1292 2650 1504 2690 rursum
1548 2634 1837 2705 accipiens,
1868 2634 2006 2688 dedit
2038 2636 2109 2689 eis

512 2729 687 2784 dicens
716 2745 735 2784 :
765 2729 865 2782 llic
896 2739 968 2784 est
993 2729 1201 2799 sanguis
1241 2743 1380 2782 meus
1419 2727 1505 2798 qui
1535 2744 1628 2799 pro
1667 2728 1805 2782 vobis
1829 2727 2108 2795 effunditur

510 2823 566 2874 in
589 2821 929 2875 remissionem
958 2829 1278 2892 peccatorum
1301 2817 1461 2892 (Ibid.
1481 2835 1529 2873 υ.
1548 2819 1640 2873 27.
1657 2817 1772 2892 28).
1803 2819 2105 2889 Aderatque

507 2913 676 2970 Judas
698 2955 713 2982 ,
759 2930 879 2968 cum
911 2913 1025 2968 lucc
1064 2915 1267 2970 diceret
1297 2913 1573 2968 Dominus.
1616 2913 1714 2970 llic
1755 2923 1836 2969 est
1865 2915 2102 2985 sanguis,

509 3022 544 3060 υ
573 3005 709 3061 Juda
731 3048 746 3072 ,
792 3022 950 3077 quem
977 3006 1264 3061 vendidisti
1309 3006 1523 3076 triginta
1563 3007 1829 3076 argenteis
1861 3020 1875 3058 :
1904 3005 1992 3061 hic
2021 3014 2105 3061 est

508 3099 750 3169 sanguis,
783 3113 879 3169 pro
913 3115 1019 3169 quo
1045 3115 1216 3168 nuper
1239 3098 1578 3171 impudentia
1602 3107 1751 3176 pacta
1779 3105 1950 3161 inihas
1979 3121 2100 3161 cum

508 3189 764 3258 improbis
788 3189 1095 3248 Pharisceis.
1121 3185 1167 3248 Ο
1194 3202 1445 3264 quantam
1465 3193 1660 3249 Christi
1686 3195 2095 3264 benignitatem!

505 3295 546 3336 o
579 3281 844 3354 ingratum
885 3284 1035 3340 Judu:
1076 3286 1350 3340 animum!
1395 3285 1653 3340 Dominus
1696 3285 1996 3354 nutriebat,
2046 3292 2102 3342 et

506 3393 696 3432 servus
726 3377 1006 3432 vendebat.
1056 3377 1149 3432 llle
1179 3391 1408 3446 namque
1435 3375 1672 3431 vendidit
1706 3391 1830 3431 eum
1866 3376 2101 3444 acceptis

507 3469 722 3538 triginta
765 3467 1076 3538 argenteis;
1122 3465 1369 3520 Christus
1407 3480 1536 3520 vero
1583 3464 1636 3519 in
1677 3465 2098 3534 redemptionem

505 3570 743 3614 nostram
789 3558 1062 3628 proprium
1111 3556 1423 3626 sanguinem
1471 3555 1695 3621 ell'udit,
1741 3564 1796 3609 et
1835 3554 2096 3610 venditori

506 3651 754 3718 tradidit,
785 3650 1050 3721 siquidem
1081 3649 1356 3705 voluisset.
1389 3649 1589 3704 Aderat
1617 3649 1758 3704 enim
1784 3647 1948 3703 Judas
1971 3661 2096 3704 ante

503 3743 882 3813 proditionem,
907 3750 960 3797 et
981 3757 1147 3797 sacra:
1175 3756 1372 3796 mensa:
1401 3741 1665 3811 particeps
1684 3748 1819 3805 erat,
1846 3741 2094 3812 mystica-

503 3850 609 3905 que
637 3850 788 3891 creua
821 3833 1117 3889 fruebatur.
1156 3833 1616 3900 Quemadmodum
1644 3833 1784 3887 enim
1814 3831 1978 3902 pedes
2005 3831 2088 3886 di-

502 3926 832 3995 scipulorum
861 3925 989 3980 lavit
1021 3925 1300 3992 Dominus,
1329 3925 1408 3978 sic
1433 3933 1486 3978 et
1511 3939 1678 3978 sacra:
1706 3938 1906 3978 mensa:
1931 3923 2091 3992 parti-

501 4033 634 4087 ceps
663 4017 757 4072 fuit
778 4017 976 4083 Judas;
1008 4027 1064 4072 ut
1088 4017 1284 4072 nullam
1313 4016 1534 4071 haberet
1557 4016 1974 4082 excusationem,
1997 4015 2090 4071 sed

499 4109 754 4179 judicium
785 4109 1071 4178 acciperet.
1117 4107 1249 4162 Nam
1286 4107 1338 4161 in
1369 4121 1531 4176 prava
1557 4107 1817 4161 sententia
1847 4121 2093 4175 perseve-

499 4205 688 4266 rabat,
729 4211 783 4256 et
832 4213 1118 4272 egressus,
1162 4200 1332 4256 osculi
1377 4201 1496 4254 loco
1541 4199 1895 4269 proditionem
1945 4199 2088 4263 fecit,

504 4294 787 4347 immemor
814 4293 1214 4348 beneficiorum.
1239 4295 1316 4347 Ac
1343 4300 1464 4360 post
1492 4291 1845 4362 proditionem
1870 4291 2091 4360 projecit

504 4386 718 4456 triginta
747 4393 1028 4455 argenteos
1055 4385 1240 4438 dicens
1273 4407 1286 4436 :
1321 4383 1532 4436 Peccavi
1559 4383 1766 4436 tradens
1793 4383 2088 4452 sanguinem

501 4477 815 4529 innocentem
847 4474 1060 4548 (Matth.
1088 4475 1181 4528 27.
1209 4475 1284 4544 5).
1317 4473 1362 4528 Ο
1390 4475 1682 4528 caecitatem
1706 4473 1720 4527 ε
1765 4487 1934 4527 creua:
1963 4487 2087 4541 par-

502 4565 671 4634 ticeps
715 4563 894 4630 fuisti,
935 4573 990 4618 et
1032 4563 1327 4618 beneficum
1378 4561 1704 4633 prodidisti?
1742 4561 1809 4616 Et
1834 4563 2088 4617 Dominus

502 4655 720 4725 quidem
768 4655 909 4725 quod
963 4657 1222 4725 scriptum
1265 4665 1380 4708 erat
1428 4654 1599 4710 libens
1649 4655 1947 4725 implebat:
2001 4653 2089 4708 Vte

499 4760 671 4801 autem
696 4749 774 4802 illi
798 4764 888 4818 per
912 4763 1060 4818 quem
1085 4747 1383 4801 scandalum
1413 4745 1543 4799 venit
1569 4745 1784 4819 (Matth.
1811 4754 1899 4812 18.
1925 4754 2014 4816 7)!

573 4840 624 4896 6.
654 4839 779 4895 Htec
805 4841 973 4907 verba,
992 4839 1102 4894 Hoc
1123 4850 1202 4893 est
1222 4853 1416 4908 corpus
1438 4852 1613 4891 meum
1643 4836 1900 4908 proposita
1923 4846 2088 4891 trans-

501 4937 744 5004 formata.
790 4930 948 4986 Pacis
996 4931 1219 4985 studium
1255 4929 1590 4984 necessarium
1618 4931 1688 4981 ad
1726 4929 1821 4980 rite
1861 4945 2085 4982 commu-

499 5023 793 5077 nicandum.
820 5052 890 5063 —
925 5021 1028 5077 Sed
1060 5032 1269 5090 tempus
1304 5020 1519 5075 demum
1558 5028 1640 5073 est
1667 5017 1733 5072 ad
1765 5016 2084 5072 horrendam

499 5117 640 5171 hanc
671 5115 1109 5184 tremendamque
1149 5129 1388 5169 mensam
1418 5111 1728 5167 accedendi.
1757 5110 1954 5166 Omnes
1990 5111 2086 5180 igi-

501 5222 588 5264 tur
618 5224 741 5263 cum
774 5223 903 5278 pura
933 5205 1260 5262 conscientia
1289 5204 1624 5260 accedamus.
1670 5202 1856 5258 Nullus
1885 5199 1972 5256 hic
1995 5201 2088 5255 Ju-

498 5303 599 5358 das
625 5309 742 5356 esto
762 5298 950 5354 dolose
970 5312 1134 5367 agens
1161 5296 1213 5352 in
1241 5297 1540 5366 proximum
1567 5307 1748 5360 suum,
1773 5307 1931 5346 nemo
1949 5291 2088 5346 adsit

500 5394 817 5470 improbus,
867 5407 1029 5447 nemo
1074 5406 1338 5446 venenum
1384 5388 1614 5443 occultet
1659 5387 1713 5441 in
1757 5384 1921 5441 corde
1965 5399 2082 5438 suo.

498 5489 667 5544 Adest
707 5495 762 5542 et
805 5498 948 5539 nunc
988 5482 1232 5538 Christus
1279 5495 1514 5534 mensam
1559 5493 1832 5534 exornans
1864 5494 1880 5531 :
1911 5492 2085 5547 neque

497 5583 641 5636 enim
684 5579 847 5634 homo
875 5585 958 5632 est
985 5577 1069 5640 is,
1113 5573 1202 5645 qui
1234 5572 1357 5626 facit
1395 5580 1454 5626 ut
1499 5571 1766 5640 proposita
1809 5584 2003 5638 corpus
2033 5577 2088 5623 et

499 5673 714 5743 sanguis
739 5667 936 5726 Christi
974 5668 1289 5722 efficiantur.
1328 5663 1577 5735 Figuram
1624 5672 1826 5716 tantum
1858 5661 2086 5730 impleas

502 5776 607 5819 Stat
626 5765 904 5829 sacerdos,
931 5771 986 5817 et
1009 5759 1451 5831 supplicationem
1481 5755 1636 5810 oll'ert
1666 5771 1678 5807 :
1709 5755 1878 5825 gratia
1909 5764 2085 5808 autem

503 5868 557 5910 et
585 5858 747 5910 virtus
776 5856 866 5909 Dei
893 5865 974 5909 est
997 5896 1012 5920 ,
1057 5869 1176 5923 qua:
1205 5851 1382 5906 omnia
1412 5849 1595 5906 efﬁcit.
1648 5847 1758 5901 Hoc
1794 5854 1865 5900 est
1904 5864 2085 5916 corpus

508 5965 670 6005 meum
699 5942 1492 6014 (Matth.26.96),inquit.Hoc
1532 5943 1751 5999 verbum
1810 5943 2079 6013 proposita

1263 488 1318 544 S.
1357 489 1636 547 JOANNIS
1665 490 2140 549 CHRYSOSTOMI
2179 493 2495 552 ARCIIIEP.
2535 496 3069 558 CONSTANTINOP.

3680 527 3767 586 590

2239 612 2600 672 transformat.
2633 618 2701 674 Et
2725 623 3171 690 quemadmodum
3201 642 3300 684 vox
3331 630 3413 685 illa
3433 675 3446 695 ,
3475 634 3696 706 Crescite,
3730 656 3772 700 et

2236 707 2648 777 multiplicamini
2673 721 2720 766 et
2746 714 2930 785 replete
2956 725 3140 772 terram
3171 718 3320 791 (Gen.
3352 725 3402 778 l.
3425 724 3524 797 28)
3542 770 3556 794 ,
3581 734 3770 791 verbum

2234 805 2382 862 erat,
2411 806 2466 852 et
2508 800 2700 857 factum
2729 813 2812 858 est
2854 820 2988 876 opus
3008 848 3022 872 ,
3052 811 3192 878 quod
3239 812 3480 872 humanae
3507 830 3690 878 natura:
3715 828 3770 882 θοι

2234 884 2523 943 liberorum
2547 896 2969 960 procreationem
2992 898 3096 952 vim
3119 899 3325 957 inderet
3347 922 3362 958 ε
3389 906 3467 963 sic
3485 917 3542 963 et
3560 911 3664 967 hare
3685 929 3772 972 vox

2232 979 2436 1072 prolata
2481 997 2694 1054 semper
2722 988 2891 1056 gratia
2931 1001 3087 1060 auget
3113 1007 3208 1046 eos
3229 1033 3247 1060 ,
3292 995 3381 1064 qui
3409 997 3562 1069 digne
3588 1006 3768 1072 partici~

2230 1079 2377 1162 parit.
2425 1071 2615 1129 Nullus
2644 1075 2822 1146 itaque
2863 1079 3140 1135 simulatus
3166 1083 3274 1151 sit,
3306 1086 3480 1142 nullus
3507 1071 3770 1162 improbus,

2227 1159 2408 1216 nullus
2434 1177 2598 1233 rapax
2622 1206 2640 1232 ,
2672 1167 2848 1223 nullus
2881 1173 3297 1229 contumeliosus
3319 1216 3336 1241 ,
3379 1179 3550 1234 nullus
3577 1159 3773 1240 fratrum

2228 1263 2372 1317 osor,
2403 1253 2580 1308 nullus
2606 1270 2821 1324 avarus,
2854 1260 3029 1316 nullus
3057 1262 3320 1331 ebriosus,
3353 1269 3524 1324 nullus
3547 1273 3772 1329 ambitio-

2224 1357 2351 1409 sus,
2381 1346 2558 1403 nullus
2585 1352 2941 1406 masculorum
2977 1356 3308 1424 concubitor,
3354 1361 3526 1417 nullus
3563 1363 3771 1431 invidus,

2226 1433 2405 1489 nullus
2431 1434 2764 1494 fornicationi
2792 1440 3024 1508 deditus,
3052 1445 3226 1500 nullus
3250 1446 3356 1515 fur,
3389 1453 3556 1507 nullus
3577 1454 3772 1509 insidio-

2221 1538 2314 1620 sus
2333 1566 2348 1591 ,
2381 1541 2448 1581 ne
2463 1527 2720 1597 judicium
2748 1532 2848 1587 sibi
2879 1544 3071 1589 sumat.
3099 1536 3309 1594 Etenim
3339 1549 3464 1598 tunc
3488 1544 3642 1602 Judas
3667 1563 3773 1620 my-

2221 1616 2411 1672 sticam
2439 1634 2648 1675 coenam
2679 1623 2895 1694 indigne
2923 1627 3255 1698 participavit
3275 1672 3294 1699 ,
3323 1643 3379 1688 et
3401 1649 3641 1706 egressus
3678 1616 3772 1694 Do-

2221 1707 2424 1801 minum
2449 1711 2722 1779 prodidit:
2752 1722 2812 1768 ut
2828 1715 3003 1772 discas
3025 1719 3080 1773 in
3103 1735 3196 1775 eos
3218 1725 3454 1783 maxime
3477 1736 3530 1783 et
3549 1728 3774 1801 frequen-

2223 1799 2328 1855 tius
2355 1800 2622 1858 diabolum
2665 1805 2903 1874 insilire,
2932 1810 3022 1879 qui
3048 1813 3301 1884 mysteria
3341 1816 3550 1890 indigne
3573 1799 3771 1890 partici-

2221 1905 2369 1986 pant,
2395 1910 2597 1967 eosque
2625 1899 2768 1970 ipsos
2793 1901 2846 1956 in
2875 1904 3048 1972 majus
3070 1921 3130 1961 se
3155 1909 3478 1979 supplicium
3507 1916 3772 1986 conjicere.

2218 1985 2344 2042 Haec
2370 1987 2490 2043 dico
2518 2003 2625 2044 non
2654 1999 2712 2046 ut
2754 2001 3004 2061 terream,
3046 1997 3144 2052 sed
3181 2009 3241 2054 ut
3261 2002 3527 2058 cautiores
3549 2005 3772 2062 reddam.

2213 2078 2678 2145 Quemadmodum
2705 2085 2846 2139 enim
2889 2102 3178 2158 corporeus
3205 2091 3357 2148 cibus
3375 2135 3390 2160 ,
3422 2110 3542 2150 cum
3580 2097 3630 2152 in
3652 2113 3773 2153 ven-

2216 2178 2351 2226 trem
2396 2173 2574 2243 pravis
2615 2173 2923 2232 humoribus
2965 2179 3176 2248 plenum
3222 2183 3503 2251 inciderit,
3547 2187 3772 2242 morbum

2215 2273 2372 2335 auget
2405 2283 2418 2319 :
2451 2267 2528 2322 sic
2557 2276 2610 2323 et
2637 2270 2926 2339 spiritualis
2949 2271 3102 2326 cibus
3124 2287 3245 2328 cum
3273 2275 3489 2347 indigne
3514 2279 3774 2349 participa-

2215 2365 2328 2423 tur,
2377 2360 2674 2430 graviorem
2705 2363 3100 2420 damnationem
3127 2369 3364 2423 attrahit.
3408 2371 3574 2427 Nemo
3607 2373 3774 2442 igitur,

2210 2447 2434 2505 obsecro
2458 2492 2474 2517 ,
2507 2467 2694 2520 pravas
2723 2453 2864 2509 intus
2904 2457 3250 2525 cogitationes
3293 2459 3485 2516 habeat
3506 2503 3523 2529 ,
3567 2463 3658 2517 sed
3688 2477 3774 2518 cor

2211 2547 2450 2594 nostrum
2487 2557 2841 2613 expurgemus
2871 2564 2884 2598 :
2913 2549 3111 2602 etenim
3139 2551 3334 2620 templa
3361 2553 3454 2608 Dei
3493 2569 3703 2618 sumus,
3730 2556 3775 2607 si

2211 2643 2340 2696 pure
2361 2645 2596 2701 agamus.
2644 2633 2856 2690 Castam
2903 2638 3187 2696 reddamus
3228 2643 3463 2698 animam
3507 2655 3772 2700 nostram:

2209 2732 2332 2771 nam
2361 2720 2444 2774 vel
2488 2737 2596 2776 uno
2638 2722 2726 2779 die
2770 2725 2820 2780 id
2865 2725 2979 2782 fieri
3026 2740 3221 2799 potest.
3265 2733 3548 2800 Quomodo
3588 2745 3640 2790 et
3677 2751 3772 2805 qua

2207 2809 2456 2866 ratione?
2481 2810 2538 2867 Si
2559 2813 2826 2884 quidpiam
2853 2815 3102 2875 habueris
3127 2831 3314 2878 contra
3339 2823 3632 2892 inimicum,
3654 2825 3774 2880 tolle

2206 2899 2377 2967 iram,
2421 2904 2568 2959 solve
2612 2904 2977 2974 inimicitiam,
3023 2920 3078 2964 ut
3104 2911 3368 2968 medelam
3398 2916 3720 2971 remissionis
3744 2931 3772 2970 a

2203 3007 2389 3050 mensa
2417 2998 2664 3074 recipias.
2691 2999 2774 3060 Ad
2799 3003 3116 3064 sacriﬁcium
3153 3007 3367 3069 accedis
3387 3009 3703 3071 horrendum
3725 3024 3777 3070 et

2211 3100 2452 3146 sanctum
2483 3108 2504 3146 :
2535 3096 2838 3151 immolatus
2875 3098 3018 3168 jacet
3064 3101 3324 3158 Christus.
3372 3104 3569 3161 Verum
3615 3107 3774 3176 cogita

2203 3195 2309 3250 qua
2333 3181 2401 3238 de
2429 3199 2588 3239 causa
2612 3187 2822 3244 occisus
2847 3191 2936 3244 sit.
2963 3192 3008 3245 Ο
3039 3193 3282 3262 qualibus
3314 3199 3586 3268 mysteriis
3617 3199 3776 3268 priva-

2203 3280 2290 3327 tus
2312 3289 2371 3329 es
2392 3316 2406 3339 ,
2438 3274 2621 3332 Juda?
2657 3278 2902 3336 Christus
2943 3283 3169 3339 libenter
3217 3301 3432 3355 passus,
3478 3299 3536 3345 ut
3569 3291 3778 3344 medium

2201 3364 2441 3432 parietem
2463 3369 2696 3423 maceriae
2720 3370 2946 3441 (Ep/tes.
2969 3373 3022 3426 ‘2.
3048 3373 3148 3448 l4)
3180 3379 3434 3444 solveret,
3466 3391 3522 3436 et
3543 3381 3776 3452 jungeret

2200 3453 2408 3510 inferna
2436 3459 2682 3528 supernis
2703 3501 2718 3526 ,
2752 3471 2808 3516 ut
2834 3471 2885 3516 te
2914 3464 3184 3520 inimicum
3212 3476 3266 3521 et
3293 3468 3506 3526 hostem
3524 3513 3539 3538 ,
3570 3472 3779 3541 angelo-

2200 3557 2322 3600 rum
2349 3557 2655 3603 consortem
2687 3550 2902 3607 faceret.
2946 3553 3016 3608 Et
3039 3554 3281 3611 Christus
3304 3560 3528 3629 quidem
3557 3561 3775 3614 animam

2196 3651 2350 3694 suam
2399 3639 2617 3696 tradidit
2665 3658 2760 3712 pro
2804 3652 2904 3708 te;
2953 3653 3007 3700 tu
3049 3662 3178 3702 vero
3228 3649 3563 3706 inimicitiam
3608 3665 3778 3706 servas

2197 3730 2454 3786 adversus
2473 3736 2832 3788 conservum?
2860 3735 3026 3806 Ecqui
3046 3738 3244 3805 poteris
3263 3742 3526 3796 accedere
3551 3741 3616 3796 ad
3638 3757 3780 3796 men-

2195 3835 2310 3876 sam
2341 3823 2528 3892 pacis?
2570 3825 2827 3880 Dominus
2856 3835 2976 3880 tuus
3007 3843 3112 3882 non
3155 3833 3426 3887 recusavit
3452 3833 3633 3887 omnia
3678 3832 3780 3903 pati

2198 3924 2414 3983 propter
2454 3922 2536 3980 te,
2576 3925 2630 3970 tu
2658 3931 2784 3972 vero
2822 3932 2890 3972 ne
2933 3918 3068 3973 iram
3111 3921 3325 3990 quidem
3359 3926 3643 3980 remittere
3665 3924 3780 3978 vis?

2193 4005 2302 4060 Cur
2328 4008 2553 4076 quaeso?
2577 4007 2786 4064 Caritas
2811 4020 2893 4064 est
2919 4011 3091 4079 radix,
3121 4011 3238 4068 fons
3265 4022 3319 4069 et
3345 4025 3526 4071 mater
3553 4016 3779 4071 omnium

2194 4096 2479 4152 honorum.
2511 4097 2797 4166 Maximas,
2827 4099 3036 4170 inquies
3058 4143 3074 4167 ,
3105 4103 3237 4157 mihi
3280 4105 3564 4162 molestias
3590 4107 3779 4170 intulit,

2193 4188 2470 4245 innumera
2513 4189 2745 4257 damna,
2796 4192 2850 4246 in
2893 4193 3016 4248 vita:
3059 4193 3344 4250 discrimen
3399 4213 3492 4253 me
3535 4197 3780 4268 conjecit.

2194 4281 2393 4351 Ecquid
2421 4281 2520 4336 hoc
2546 4282 2668 4336 est?
2694 4283 2929 4338 nondum
2956 4293 3007 4339 te
3029 4286 3170 4340 cruci
3195 4285 3387 4353 affuit,
3419 4298 3479 4343 ut
3501 4289 3780 4344 Dominum

2190 4374 2380 4429 Juda-i.
2411 4375 2466 4428 Si
2495 4390 2601 4429 non
2641 4376 2909 4431 remiseris
2947 4377 3191 4445 proximo
3233 4385 3322 4432 tuo
3365 4381 3648 4450 injuriam,
3691 4393 3784 4434 nec

2193 4467 2351 4525 Pater
2389 4477 2509 4522 tuus
2552 4469 2778 4524 caelestis
2823 4470 3062 4524 remittet
3104 4470 3195 4524 tibi
3242 4482 3466 4540 peccata
3513 4481 3624 4527 tua.
3674 4472 3781 4540 Qua

2191 4558 2515 4612 conscientia
2543 4558 2708 4623 dices,
2739 4557 2894 4613 Pater
2921 4569 3111 4626 noster,
3135 4561 3221 4629 qui
3248 4576 3300 4613 es
3323 4561 3379 4615 in
3405 4563 3572 4629 cretis,
3603 4560 3785 4616 sancti-

2191 4651 2370 4718 ]icetur
2412 4664 2592 4702 nomen
2618 4658 2777 4713 tuum,
2823 4656 2873 4703 et
2901 4651 3138 4703 caetera?
3175 4649 3436 4706 Similiter
3463 4652 3710 4706 Christus
3734 4658 3785 4703 et

2189 4744 2500 4814 sanguinem
2525 4785 2539 4809 ,
2568 4759 2726 4814 quem
2771 4743 2843 4797 illi
2873 4742 3212 4808 effuderunt,
3243 4745 3294 4796 in
3326 4745 3566 4801 salutem
3610 4743 3781 4800 ell'un-

2189 4836 2426 4891 dentium
2451 4836 2616 4891 dedit.
2658 4835 2792 4904 Quid
2834 4835 2957 4889 huic
2984 4837 3059 4888 rei
3095 4849 3190 4905 par
3214 4834 3437 4891 eilicere
3463 4836 3688 4906 potest?
3728 4834 3781 4888 Si

2191 4944 2296 4982 non
2319 4927 2584 4984 dimiseris
2607 4928 2844 4995 inimico,
2869 4944 2974 4982 non
2997 4928 3143 4981 illum
3168 4927 3373 4990 laesisti,
3399 4928 3502 4983 sed
3526 4929 3782 4997 teipsum:

2191 5018 2337 5072 illum
2367 5019 2581 5088 quidem
2607 5033 2750 5088 satpe
2775 5019 2826 5072 in
2859 5018 3108 5088 praesenti
3139 5019 3241 5072 vita
3271 5018 3462 5074 laesisti
3487 5059 3506 5086 ,
3535 5020 3636 5075 tibi
3663 5033 3786 5072 vero

2189 5109 2534 5178 supplicium,
2579 5109 2720 5179 quod
2769 5123 3054 5178 numquam
3103 5109 3447 5176 remittetur,
3494 5109 3697 5180 paraSti
3734 5109 3784 5162 in

2191 5203 2428 5259 futurum
2468 5203 2616 5257 illunt
2655 5202 2818 5258 diem.
2861 5201 3140 5258 Neminem
3169 5201 3310 5256 enint
3348 5201 3428 5256 ita
3461 5203 3610 5258 Deus
3637 5215 3788 5256 aver-

2189 5307 2358 5362 satur,
2387 5304 2444 5350 ut
2472 5295 2783 5365 injuriarum
2816 5309 3109 5350 memorem
3138 5293 3412 5348 hominem
3434 5335 3451 5360 ,
3485 5303 3548 5349 ut
3576 5308 3672 5349 cor
3703 5301 3787 5346 tu—

2191 5405 2363 5451 mens,
2387 5396 2442 5442 et
2467 5387 2546 5441 ira
2572 5389 2841 5441 incensam
2866 5387 3120 5440 animam.
3152 5383 3288 5438 Audi
3312 5383 3466 5438 enim
3493 5383 3626 5453 quid
3652 5383 3790 5437 dicat

2190 5480 2447 5535 Dominus
2473 5496 2488 5532 :
2511 5478 2572 5532 Si
2592 5476 2744 5544 oﬂ'ers
2769 5492 2950 5529 munus
2977 5486 3120 5528 tuum
3143 5474 3210 5527 ad
3233 5474 3422 5536 altare,
3453 5483 3504 5527 et
3526 5473 3597 5527 ibi
3623 5486 3785 5526 recon-

2191 5571 2342 5624 datus
2371 5569 2526 5639 fueris
2554 5569 2673 5639 quia
2702 5571 2859 5638 frater
2887 5576 3001 5620 tuus
3029 5565 3172 5620 habet
3198 5563 3395 5634 aliquid
3420 5565 3698 5619 aduersum
3723 5573 3787 5628 te,

2189 5663 2414 5732 relinque
2457 5659 2527 5713 ibi
2571 5675 2754 5712 munus
2797 5667 2940 5711 tuum
2978 5665 3098 5711 ante
3138 5657 3299 5710 altare
3321 5695 3335 5721 ,
3385 5663 3439 5710 et
3481 5655 3618 5710 uade
3654 5655 3797 5726 prius

2191 5753 2514 5810 reconciliare
2562 5751 2711 5822 fratri
2761 5757 2881 5815 tuo;
2926 5758 2974 5802 et
3016 5758 3136 5801 tunc
3176 5747 3380 5802 ueniens
3431 5746 3570 5813 οπερ*
3615 5761 3796 5799 munus

2195 5858 2332 5899 tuum
2367 5843 2577 5915 (Matth.
2603 5843 2654 5897 5.
2681 5840 2776 5896 23.
2796 5841 2912 5909 24).
2943 5839 3079 5906 Quid
3107 5839 3283 5894 dicis?
3313 5837 3465 5894 ibine
3494 5839 3794 5907 relinquam

2193 5957 2404 6006 munus,
2435 5954 2526 5996 seu
2554 5933 2914 5993 sacrificium?
2954 5931 3147 6002 Etiam,
3177 5932 3349 6002 tnquit
3376 5948 3389 5986 :
3417 5946 3549 5990 nam
3577 5939 3794 6005 propter
3819 6001 3824 6006 ὑ
