4100 6426
355 401 462 461 389

354 516 529 587 δηλῶν
556 517 585 572 6
611 514 880 587 μακάριος
916 514 1076 569 Δαυῖδ
1105 514 1291 585 ἔλεγεν
1310 529 1324 545 '
1369 514 1492 569 Ἐπί
1525 514 1633 570 τόν
1668 513 1939 585 ποταμόν

357 598 733 666 Βαϐυλῶνος,
747 598 876 652 ἐκεῖ
888 598 1253 668 ἐκαθίσαμεν
1274 596 1372 651 καί
1395 598 1781 669 ἐκλαύσαμεν
1799 616 1812 629 ·
1837 596 1938 650 ἐπὶ

357 684 488 749 ταῖς
515 681 694 748 ίτέαις
711 681 781 735 ἐν
797 681 966 751 μέσῳ
984 681 1172 750 αὐτῆς
1194 680 1608 751 ἐκρεμάσαμεν
1622 682 1694 736 τὰ
1717 681 1939 751 ὄργανα

356 764 547 834 ἡμῶν,
581 764 926 829 τουτέστι,τὸ
958 764 1279 836 ψαλτήριον,
1307 765 1407 835 τὴν
1436 763 1687 837 κιθάραν,
1716 765 1816 836 τὴν
1845 760 1938 817 λύ-

357 865 490 918 ραν·
524 846 732 912 τούτοις
759 846 867 919 γὰρ
894 847 956 901 τὸ
980 848 1208 901 παλαιὸν
1230 847 1546 919 ἐκέχρηντο,
1582 848 1677 900 καὶ
1705 847 1791 901 διὰ
1812 845 1938 899 τού·-

353 948 465 984 των
494 929 620 993 τοὺς
655 929 903 1000 ψαλμοὺς
942 927 1088 1004 ᾖδον.
1120 929 1278 984 Ἐκεῖ
1322 930 1453 999 γὰρ,
1495 930 1680 1000 φησὶν,
1713 926 1938 996 ἐπηρώ-

356 1029 553 1080 τησαν
594 1011 752 1082 ἡμᾶς
789 1015 843 1065 οἱ
881 1014 1482 1080 αἱχμαλωτεύσαγτες
1524 1011 1681 1081 ἡμᾶς
1713 1012 1937 1080 λόγους

353 1093 559 1164 ᾠδῶν·
615 1094 710 1148 καὶ
746 1093 998 1164 εἴπαμεν·
1035 1094 1167 1161 Πῶς
1200 1094 1440 1164 ᾅσωμεν
1483 1093 1598 1162 τὴν
1629 1092 1794 1162 ᾠδὴν
1820 1096 1939 1147 Κυ-

350 1180 489 1245 ρίου
526 1177 624 1231 ἐπὶ
652 1176 766 1247 γῆς
790 1178 1116 1247 ἀλλοτρίας
1136 1196 1156 1244 ;
1195 1180 1259 1233 Τί
1280 1180 1486 1249 λέγεις,
1525 1178 1646 1232 εἰπέ
1680 1195 1801 1249 μοι;
1837 1176 1937 1247 τὴν

351 1258 502 1331 ᾠδὴν
549 1260 757 1330 Κυρίου
798 1260 900 1315 οὐκ
948 1262 1093 1333 ᾄδεις
1132 1263 1223 1316 ἐπὶ
1253 1264 1355 1335 γῆς
1387 1264 1708 1334 ἀλλοτρίας,
1754 1262 1850 1314 καὶ
1877 1260 1938 1313 τὸ

360 1344 550 1413 Πάσχα
577 1342 847 1407 ἐπιτελεῖς
875 1344 967 1397 ἐπὶ
994 1347 1096 1417 γῆς
1133 1345 1418 1417 ἀλλοτρίας
1442 1364 1457 1414 ;
1492 1342 1649 1411 Εἶδες
1677 1343 1939 1415 ἀναισθη-

359 1428 480 1480 σίαν
521 1428 829 1495 Ἰουδαίων;
866 1429 995 1483 Ὅτε
1031 1430 1281 1501 πολέμιοι
1338 1427 1481 1503 ἦσαν
1511 1435 1560 1486 οί
1596 1429 1940 1499 καταναγκά-

357 1513 565 1574 ζοντες,
593 1510 718 1565 οὔτε
746 1511 962 1582 ψαλμὸν
985 1513 1189 1568 εἴλοντο
1209 1516 1384 1568 εἰπεῖν
1405 1515 1498 1568 ἐπὶ
1514 1515 1616 1586 γῆς
1630 1511 1934 1584 ἀλλοτρίας·

359 1594 454 1648 καὶ
488 1593 584 1647 νῦν
611 1594 704 1663 ἀφ’
733 1595 963 1663 ἑαυτῶν,
997 1596 1211 1660 οὐδενὸς
1244 1597 1666 1666 ἀναγκάζοντος,
1705 1595 1939 1661 πόλεμον

357 1678 640 1747 εἰσάγουσι
684 1679 825 1751 πρὸς
860 1680 952 1734 τὸν
982 1681 1137 1736 Θεόν.
1177 1682 1270 1736 A16
1310 1683 1404 1735 καλ⁹
1446 1684 1474 1735 6
1511 1682 1780 1755 μακάριος
1813 1680 1939 1734 Στέ-

357 1779 530 1831 φανος
558 1763 711 1833 ἐλεγε
750 1765 885 1837 πρὸς
913 1765 1144 1830 αὐτούς·
1175 1767 1374 1836 Ὑμεῖς
1405 1766 1498 1822 ἀεὶ
1527 1766 1609 1834 τῷ
1640 1767 1940 1837 Πνεύματι

356 1844 439 1910 τῷ
453 1845 600 1915 άτίφ
616 1847 1018 1903 ἀντιπίπτετε.
1045 1848 1209 1921 Ὁρᾷς
1224 1851 1300 1913 ὡς
1326 1851 1614 1920 ἀκάθαρτα
1629 1849 1697 1904 τὰ
1720 1848 1904 1921 ἄζυμα
1921 1866 1937 1915 ;

357 1927 476 1992 πῶς
528 1928 848 2001 παράνομος
897 1932 929 2002 ή
984 1932 1147 2003 ἑορτὴ
1196 1933 1229 2003 ἡ
1277 1928 1713 2005 ἰουδαῖκή;⁷Ην
1748 1932 1940 2005 Πάσχα

370 2012 660 2067 Ἰουδαϊκόν
686 2031 836 2077 ποτε,
856 2014 971 2068 ἀλλ’
991 2014 1348 2086 ἐλύθη.Τότε,
1377 2016 1562 2087 φησὶν,
1590 2015 1654 2069 '0
1679 2015 1938 2083 Ἰησοῦς,

351 2096 688 2149 ἐσθιόντων
712 2095 911 2151 αὐτῶν
934 2097 1034 2151 καί
1065 2099 1385 2161 πινόντων,
1406 2098 1610 2153 λαϐὼν
1640 2097 1821 2168 ἄρτον
1840 2097 1940 2152 ἐπὶ

356 2175 480 2231 τῶν
508 2179 692 2249 ἁγίων
718 2179 816 2233 καὶ
865 2179 1184 2249 ἀχράντων
1213 2181 1399 2236 αὐτοῦ
1426 2180 1661 2251 χειρῶν,
1703 2184 1941 2251 εὐχαρι-

352 2259 597 2328 στήσας
638 2261 741 2316 καὶ
782 2262 1016 2330 κλάσας
1051 2261 1183 2318 εἷπε
1212 2264 1337 2331 τοῖς
1364 2265 1584 2321 ἑαυτοῦ
1613 2268 1937 2336 μαθηταῖς·

354 2344 601 2411 Λάϐετε,
635 2345 883 2416 φάγετε·
917 2345 1097 2401 τοῦτό
1122 2366 1242 2417 μου
1264 2347 1398 2403 ἐστὶ
1422 2349 1490 2404 τὸ
1509 2347 1682 2420 σῶμα
1710 2350 1771 2404 τὸ
1801 2350 1941 2422 ὑπὲρ

353 2429 515 2499 ὐμῶν
561 2429 659 2483 καὶ
710 2429 925 2484 πολλῶν
953 2431 1235 2503 κλώμενον
1283 2435 1364 2498 είς
1402 2433 1600 2502 ἄφεσιν
1629 2434 1936 2506 ἁμαρτιῶν.

354 2512 467 2567 Καὶ
518 2513 585 2567 τὸ
625 2512 915 2583 ποτήριον
964 2515 1125 2569 πάλιν
1184 2516 1391 2572 λαϐὼν
1411 2558 1427 2583 ,
1483 2517 1686 2572 ἐδίδου
1738 2516 1942 2585 αὐτοῖς

354 2594 586 2665 λέγων·
626 2596 808 2651 Τοῦτό
850 2597 984 2652 ἐστι
1022 2598 1091 2653 τὸ
1139 2594 1284 2669 αἷμά
1320 2617 1441 2669 μου
1470 2599 1539 2654 τὸ
1582 2601 1736 2668 ὑπὲρ
1776 2599 1943 2670 ὑμῶν

353 2678 719 2747 ἐκχεόμενον
748 2682 837 2746 είς
861 2679 1085 2749 ἄφεσιν
1115 2680 1434 2752 ἁμαρτιῶν.
1485 2685 1598 2738 Καὶ
1636 2684 1818 2756 παρῆν
1848 2685 1943 2739 καί¹

369 2759 574 2825 Ἰούδας
619 2761 780 2815 τοῦτο
826 2761 1077 2831 λέγοντος
1130 2764 1224 2818 τοῦ
1264 2766 1495 2837 Κυρίου.
1528 2765 1698 2820 Τοῦτό
1725 2768 1844 2820 ἐστι
1882 2768 1942 2821 τὸ

355 2839 517 2914 αἷμα,
538 2838 584 2896 ὦ
611 2844 799 2907 Ἰούδα,
826 2845 961 2918 ὅπερ
992 2845 1283 2919 ἐπώλησας
1307 2848 1602 2919 τριάκοντα
1634 2850 1936 2922 ἀργυρίων·

355 2925 518 2982 τοῦτό
545 2929 663 2981 ἐστι
701 2927 762 2982 τὸ
790 2924 952 2999 αἷμα,
985 2930 1127 3000 ὑπὲρ
1169 2924 1229 2985 οῦ
1256 2932 1364 3005 πρὸ
1405 2931 1604 3004 μικροῦ
1638 2931 1707 2985 τά
1750 2932 1941 3004 ἀναιδῆ

359 3010 629 3081 σύμφωνα
652 3011 840 3065 ἐποίου
871 3012 1008 3082 πρὸς
1042 3015 1167 3077 τοὺς
1214 3012 1539 3085 ἀγνώμονας
1588 3016 1939 3087 Φαρισαίους.

362 3095 431 3149 Ὅ
480 3094 622 3165 πόση
662 3097 695 3166 ή
733 3095 829 3148 τοῦ
874 3096 1111 3168 Χριστοῦ
1146 3097 1561 3169 φιλανθρωπίαι
1614 3097 1659 3152 ὣ
1700 3099 1798 3171 τῆς
1845 3098 1940 3152 τοῦ

371 3176 543 3233 Ἰούδα
597 3178 1021 3249 ἀγνωμοσύνηςί
1074 3182 1103 3234 ὁ
1149 3181 1432 3251 Δεσπότης
1485 3182 1716 3253 ἔτρεφε,
1772 3182 1868 3236 καὶ
1913 3184 1941 3236 6

353 3265 545 3329 δοῦλος
572 3265 915 3336 ἐπίπρασκεν
933 3285 946 3297 ·
965 3268 993 3319 6
1023 3267 1123 3337 μὲν
1142 3267 1250 3338 γὰρ
1273 3266 1556 3339 ἐπώλησεν
1575 3269 1737 3322 αὐτὸν
1762 3267 1941 3323 λαϐὼν

355 3350 653 3420 τριάκοντα
681 3350 938 3422 ἀργύρια,
969 3353 999 3404 6
1025 3351 1083 3404 δὲ
1116 3351 1351 3422 Χριστὸς
1389 3351 1585 3424 λυτρὸν
1616 3352 1757 3424 ὑπὲρ
1785 3353 1942 3425 ήμῶν

358 3436 422 3489 τὸ
476 3436 605 3490 ἴδιον
638 3432 779 3507 αἷμα
812 3438 1018 3508 ἐξέχεε,
1051 3438 1145 3492 καὶ
1195 3438 1275 3510 τῷ
1322 3441 1631 3510 πεπρακότι
1684 3440 1938 3507 δέδωκεν,

355 3519 519 3591 εἴπερ
538 3519 791 3590 ἠθέλησε.
831 3522 941 3573 Καὶ
982 3521 1091 3591 γάρ
1123 3521 1307 3593 παρῆν
1342 3523 1436 3575 καὶ
1477 3523 1681 3587 Ἰούδας
1709 3524 1815 3594 πρὸ
1841 3524 1942 3594 τῆς

358 3602 670 3671 προδοσίας,
699 3603 794 3657 καὶ
820 3602 923 3673 τῆς
957 3604 1109 3674 ίερᾶς
1134 3604 1416 3675 τραπέζης
1452 3605 1704 3676 μετέσχε,
1731 3606 1825 3660 καὶ
1845 3607 1941 3661 τοῦ

361 3686 629 3756 μυστικοῦ
659 3685 874 3739 δείπνου
904 3686 1239 3756 ἀπήλαυσεν.
1264 3686 1477 3759 ’Ὠσπερ
1496 3689 1605 3759 γὰρ
1630 3690 1755 3752 τοὺς
1777 3690 1943 3754 πόδας

356 3770 469 3823 τῶν
506 3770 763 3841 μαθητῶν
791 3768 991 3839 ἔνιψεν,
1027 3768 1170 3823 οὕτω
1214 3769 1309 3823 καὶ
1346 3771 1446 3841 τῆς
1487 3772 1638 3843 ἱερᾶς
1663 3772 1942 3844 τραπέζης

363 3855 628 3925 μετέσχεν
663 3853 882 3919 Ἰούδας,
912 3853 999 3907 ἵνα
1028 3853 1297 3925 μηδεμίαν
1333 3852 1433 3926 ἔχῃ
1461 3854 1777 3924 ἀπολογίαν,
1805 3857 1943 3909 ἀλλὰ

250 4000 267 4011 ἶ
360 3941 536 4008 κρῖμα
568 3936 823 4010 λήψςηται.
869 3937 1131 4006 Ἐπέμενε
1160 3936 1267 4008 γάρ
1291 3940 1359 4009 τῇ
1384 3940 1596 4009 πονηρᾷ
1616 3936 1941 4010 γνώμῃ,καὶ

358 4020 592 4087 ἐξελθὼν
645 4022 767 4074 ἀντὶ
822 4020 1128 4091 φιλήματος
1178 4020 1470 4090 προδοσίαν
1511 4021 1831 4092 εἰργάσατο,
1865 4020 1939 4092 μὴ

362 4104 624 4175 μνησθεὶς
659 4104 766 4157 τῶν
796 4103 1126 4174 εὐεργεσιῶν
1159 4102 1348 4167 αὐτοῦ,
1384 4106 1477 4158 καὶ
1512 4103 1652 4174 μετὰ
1680 4105 1779 4174 τὴν
1806 4121 1939 4176 προ-

356 4187 542 4242 δοσίαν
569 4187 761 4260 ἔρριψε
783 4187 851 4241 τά
879 4186 1174 4258 τριάκοντα
1206 4187 1471 4259 ἀργύρια,
1497 4186 1702 4256 λέγων·
1726 4187 1940 4255 ’Ἥμαρ-

355 4286 469 4325 τον
496 4270 807 4340 παραδοὺς
836 4266 980 4339 αἷμα
1008 4269 1161 4342 [594]
1183 4269 1397 4324 ἀθῶον.
1427 4271 1491 4324 Ὢ
1518 4270 1794 4339 τύφλωσις
1814 4268 1937 4324 ίτοῦ

356 4354 580 4408 δείπνου
623 4354 908 4425 μετέσχες,
953 4354 1046 4407 καὶ
1097 4354 1188 4407 τὸν
1224 4352 1522 4425 εὐεργέτην
1575 4353 1936 4423 παρέδωκας;

358 4438 527 4492 K1116
560 4439 658 4509 μὲν
687 4438 890 4510 Κύριος
919 4436 1061 4491 ἑκὼν
1119 4436 1180 4490 τὸ
1222 4436 1611 4509 γεγραμμένον
1652 4435 1937 4508 ἐπλήρου·

354 4520 502 4576 Οὐαὶ
533 4519 601 4576 δὲ
622 4521 698 4575 δι’
731 4516 804 4577 οὗ
834 4522 900 4575 τὸ
925 4520 1279 4575 σκάνδαλον
1306 4516 1515 4590 ἦλθεν.

433 4688 509 4754 ς’.
545 4686 705 4742 Ἀλλά
720 4689 911 4759 καιρὸς
932 4689 1118 4745 λοιπὸν
1132 4691 1203 4761 τῇ
1219 4690 1419 4762 φρικτῇ
1434 4685 1608 4761 ταύτῃ
1624 4687 1718 4741 καὶ
1734 4686 1863 4757 φοϐε
1872 4689 1941 4760 ρᾷ

355 4771 610 4845 τραπέζῃ
658 4770 960 4841 προσιέναι.
1024 4772 1231 4835 Πάντες
1278 4770 1457 4826 τοίνυν
1509 4770 1648 4842 μετὰ
1699 4770 1938 4842 καθαροῦ

357 4853 662 4918 συνειδότος
678 4853 1085 4925 προσέλθωμεν·
1108 4854 1298 4924 μηδεὶς
1319 4855 1460 4909 ἔστω
1493 4853 1690 4916 Ἰούδας
1706 4853 1941 4907 ἐνταῦθα

354 4938 727 5009 δολιευόμενος
768 4937 893 5001 τοὺς
940 4936 1168 5007 πλησίον
1216 4937 1401 5004 αὐτοῦ,
1442 4938 1630 5008 μηδεὶς
1679 4937 1935 5009 πονηρὸς,

361 5021 552 5093 μηδεὶς
589 5021 664 5074 ἰὸν
688 5020 827 5091 ἔχων
850 5019 1298 5089 ἐγκεκρυμμένον
1328 5022 1385 5074 ἐν
1423 5023 1492 5092 τῇ
1521 5019 1719 5093 καρδίᾳ
1749 5019 1935 5073 αὐτοῦ.

357 5107 599 5177 Πάρεστι
627 5106 723 5161 κσίι
746 5102 839 5157 νῦν
868 5104 897 5157 6
919 5101 1153 5174 Χριστὸς
1175 5101 1274 5172 τὴν
1301 5102 1582 5176 τράπεζαν
1603 5103 1823 5174 κοσμῶν
1841 5119 1855 5132 ·
1877 5102 1937 5155 οὐ

356 5189 468 5260 γάρ
497 5188 779 5259 ἄνθρωπός
799 5190 946 5242 ἐστιν
970 5190 997 5240 6
1028 5184 1198 5238 ποιῶν
1220 5187 1290 5239 τά
1323 5186 1659 5256 προκείμενα
1687 5185 1939 5254 γενέσθαι

359 5273 521 5345 σῶμα
550 5274 642 5326 καὶ
669 5266 810 5343 αἷμα
842 5269 938 5325 τοῦ
982 5268 1240 5341 Χριστοῦ.
1282 5268 1480 5339 Σχῆμα
1514 5270 1739 5340 πληρῶν
1779 5270 1937 5340 μόνον

357 5357 588 5428 ἕστηκεν
622 5358 650 5410 6
673 5357 871 5427 ίερεύς,
908 5354 1003 5409 καὶ
1029 5353 1211 5422 δέησιν
1242 5350 1574 5423 προσφέρει·
1616 5353 1649 5422 ή
1684 5353 1741 5405 δὲ
1776 5353 1936 5424 χάρις

358 5441 453 5495 καὶ
480 5442 513 5512 ὴ
546 5438 776 5510 δύναμίς
804 5439 1003 5509 ἐστινὴ
1032 5437 1123 5491 τοῦ
1151 5433 1285 5489 Θεοῦ
1304 5437 1338 5507 ή
1370 5434 1547 5488 πάντα
1571 5434 1933 5507 ἐργαζομένη.

362 5523 546 5578 Τοῦτό
568 5539 689 5591 μου
715 5520 848 5575 ἐστὶ
879 5520 947 5574 τὸ
976 5519 1171 5590 σῶμα,
1206 5518 1357 5589 φησί.
1390 5517 1560 5570 Τοῦτο
1585 5518 1646 5570 τὸ
1691 5520 1843 5590 ῥῆμα
1868 5519 1937 5573 τὰ

358 5605 695 5676 προκείμενα
739 5602 1188 5676 μεταρρυθμίζει.
1225 5602 1336 5657 K011
1380 5601 1631 5672 καθάπερ
1677 5603 1862 5674 ἐκείνη
1902 5603 1934 5673 ή

356 5689 533 5760 φωνὴ,
564 5691 597 5761 ή
632 5688 885 5759 λέγουσα,
912 5685 1818 5754 Αὐξάνεσθε,καίπληθύνεσθε,
1836 5685 1937 5740 καὶ

298 5846 303 5849 _
357 5775 715 5843 πληρώσατε
746 5778 861 5845 τὴν
889 5773 1026 5843 γῆν,
1061 5774 1212 5844 ῥῆμα
1243 5768 1332 5843 ἦν,
1373 5772 1469 5826 καὶ
1498 5772 1716 5840 ἐγένετο
1751 5769 1932 5841 ἔργον,

358 5857 726 5931 ἐνδυναμοῦσα
743 5861 841 5933 τὴν
859 5858 1207 5930 ἀνθρωπίνην
1219 5855 1383 5927 φύσιν
1407 5857 1540 5930 πρὸς
1569 5855 1927 5914 παιδοποιίαν·

1476 393 1565 449 DE
1599 387 2016 451 PRODITIONE
2052 386 2275 448 JUDE.
2319 387 2553 447 HOMIL.
2599 387 2641 443 ll

3515 390 3621 471 τοι)

2047 509 2191 564 οὕτω
2231 510 2322 565 καὶ
2352 508 2493 580 αὐτη
2525 510 2559 580 ή
2594 501 2767 578 φωνὴ,
2800 511 2833 578 ή
2861 508 3125 577 λέγουσα,
3152 506 3443 572 διαπαντὸς
3474 508 3626 575 αὔξει

2046 596 2113 665 τῇ
2142 594 2324 666 χάριτι
2344 594 2470 656 τοὺς
2488 591 2652 657 ἀξίως
2673 591 3020 663 μετέχοντας.
3037 591 3242 662 Μηδεὶς
3260 591 3440 645 τοίνυν
3462 592 3628 646 ῦπου-

2045 675 2138 739 λος
2183 676 2348 740 ἔστω,
2405 675 2593 747 μηδεὶς
2619 675 2878 745 πονηρὸς,
2941 674 3131 746 μηδεὶς
3181 673 3386 745 ἅρπαξ,
3440 675 3629 745 μηδεὶς

2045 756 2305 830 λοίδορος,
2340 758 2527 830 μηδεὶς
2560 757 2904 830 μισάδελφος,
2930 756 3121 830 μηδεὶς
3138 757 3489 830 φιλάργυρος,
3525 776 3629 830 μη-

2043 843 2157 906 δεὶς
2191 843 2449 915 μέθυσος,
2479 843 2666 915 μηδεὶς
2700 842 3051 913 πλεονέκτης,
3084 842 3274 914 μηδεὶς
3306 844 3628 915 ἀρσενοκοί-

2045 944 2165 997 της,
2206 927 2393 999 μηδεὶς
2443 926 2731 1000 φθονερὸς,
2793 926 2981 999 μηδεὶς
3027 928 3255 1000 πορνείᾳ
3301 927 3628 993 δουλευέτω,

2049 1012 2240 1082 μηδεὶς
2289 1010 2553 1082 κλέπτης,
2601 1010 2792 1082 μηδεὶς
2826 1010 3131 1074 ἐπίϐουλος,
3184 1012 3273 1064 ἵνα
3328 1011 3404 1082 μὴ
3452 1013 3630 1083 κρῖμα

2045 1091 2222 1163 ἐαυτῷ
2248 1093 2507 1165 λήψηται.
2539 1093 2650 1147 Καὶ
2664 1093 2773 1165 γὰρ
2798 1092 2918 1147 τότε
2941 1094 2970 1146 6
3005 1093 3206 1156 Ἰούδας
3234 1093 3466 1161 ἀναξίως
3498 1109 3630 1164 μετ,-

2045 1175 2169 1249 έσχε
2214 1178 2309 1232 τοῦ
2353 1178 2616 1250 μυστικοῦ
2645 1178 2887 1244 δείπνου,
2919 1179 3017 1232 καὶ
3060 1176 3296 1246 ἐξελθὼν
3335 1177 3634 1249 παρέδωκε

2044 1260 2135 1315 τὸν
2178 1261 2401 1332 Κύριον,
2449 1261 2534 1315 ἵνα
2570 1261 2770 1333 μάθῃς,
2800 1262 2884 1315 ὅτι
2924 1265 3039 1327 τοῖς
3068 1261 3303 1326 ἀναξίως
3343 1260 3630 1332 μετέχουσι

2045 1344 2152 1398 τῶν
2183 1346 2520 1417 μυστηρίων,
2557 1345 2768 1407 τούτοις
2800 1345 3033 1417 μάλιστα
3056 1345 3296 1416 συνεχῶς
3337 1344 3577 1415 ἐπιπηδᾷ
3600 1343 3632 1396 6

2044 1427 2310 1493 διάϐολος,
2355 1430 2450 1483 καὶ⁵
2493 1430 2574 1493 είς
2623 1428 2797 1501 μείζω
2837 1429 3112 1500 τιμωρίαν
3153 1429 3383 1492 ἐαυτούς
3427 1425 3632 1498 ἐμϐάλ-

2045 1510 2214 1566 λουσι.
2252 1512 2438 1567 Ταῦτα
2463 1512 2607 1582 λέγω
2633 1514 2732 1583 οὐχ
2775 1513 2863 1567 ἵνα
2893 1513 3116 1584 φοϐήσω
3158 1511 3342 1583 μόνον,
3391 1509 3518 1578 ἀλλ’⁴
3540 1509 3631 1564 ἵνα

2047 1598 2142 1651 καὶ
2194 1597 2638 1670 ἀσφαλεστέρους
2694 1599 2930 1670 ποιήσω.
2973 1597 3243 1669 Καθάπερ
3281 1596 3392 1668 γάρ
3446 1612 3630 1665 σωμα-

2046 1680 2173 1752 τικὴ
2204 1682 2401 1753 τροφὴ,
2436 1683 2565 1737 ὅταν
2603 1684 2683 1746 είς
2712 1681 2956 1753 γαστέρα
2983 1683 3189 1753 χυμοὺς
3216 1682 3446 1753 ἔχουσαν
3475 1696 3633 1751 πονηι

2050 1766 2177 1835 ροὺς
2201 1767 2437 1838 ἐμπέσῃ,
2464 1767 2648 1820 πλεῖον
2682 1765 2941 1820 ἐπιτείνει
2964 1766 3063 1837 τὴν
3100 1764 3253 1818 νόσον
3272 1777 3284 1792 ⁸
3309 1762 3451 1837 οῦτω
3480 1764 3574 1817 καὶ
3599 1764 3634 1833 ή

2048 1850 2393 1922 πνευματικὴ
2442 1850 2639 1923 τροφὴ,
2676 1850 2803 1903 ὅταν
2835 1848 3072 1915 ἀναξίως
3119 1845 3437 1919 μετέχηται,
3467 1844 3635 1899 πλέον

2048 1934 2223 2006 κρίμα
2249 1933 2428 2005 ἐαυτῷ
2459 1933 2715 2007 σωρεύει.
2743 1931 2950 2004 Μηδεὶς
2977 1930 3158 1984 τοίνυν
3187 1928 3459 2000 πονηροὺς
3485 1925 3634 1980 ἔνδον

2048 2017 2222 2087 ἐχέτω
2268 2016 2592 2088 λογισμοὺς,
2667 2014 3010 2088 παρακαλῶ,
3064 2013 3182 2068 ἀλλ’
3237 2011 3634 2081 ἐκκαθάρωμεν

2049 2102 2182 2172 ήμῖν
2222 2100 2321 2173 τὴν
2370 2101 2632 2173 καρδίαν·
2670 2103 2765 2155 καὶ
2808 2099 2918 2171 γὰρ
2963 2098 3083 2152 ναοὶ
3115 2094 3253 2152 Θεοῦ
3307 2095 3493 2165 ὲσμεν,
3539 2093 3634 2149 ἐὰν

2050 2182 2470 2256 καθαρεύωμεν.
2513 2183 2714 2256 Ἀγνὴν
2748 2184 2904 2254 ἡμῶν
2935 2182 3257 2253 ποιήσωμεν
3292 2177 3391 2248 τὴν
3418 2176 3630 2246 ψυχήνι·

2050 2268 2144 2322 καλ¹
2173 2267 2283 2340 γὰρ
2328 2268 2557 2324 δυνατόν
2594 2271 2713 2323 ἐστι
2745 2269 2904 2322 τοῦτο
2937 2267 3163 2334 ποιῆσαι
3195 2266 3254 2319 ἐν
3298 2263 3397 2334 μιᾷ
3427 2260 3631 2332 ἡμέρᾳ.

2049 2353 2176 2416 Πῶς
2202 2354 2297 2407 καὶ
2324 2354 2430 2409 τίνι
2461 2353 2652 2426 τρόπῳ
2675 2370 2690 2419 ;
2733 2352 2859 2406 Ἐὰν
2883 2351 3014 2423 ἔχῃς
3037 2368 3091 2403 τι
3118 2348 3260 2403 κατά
3279 2346 3373 2401 τοῦ
3414 2343 3633 2416 ἐχθροῦ»

2049 2435 2198 2502 ἐξελε
2232 2436 2329 2509 τὴν
2362 2437 2554 2510 ὀργὴν,
2579 2436 2742 2490 λῦσον
2768 2437 2869 2507 τὴν
2892 2435 3116 2506 ἔχθραν,
3158 2433 3246 2487 ἵνα
3277 2429 3445 2501 λάϐῃς
3477 2428 3634 2499 θεραρ

2051 2521 2210 2575 πείαν
2242 2521 2492 2590 ἀφέσεως
2520 2520 2629 2575 ἀπὸ
2659 2521 2759 2593 τῆς
2795 2517 3105 2592 τραπέζης,
3148 2513 3322 2585 Θυσίᾳ
3355 2510 3636 2583 προσέρχῃ

2051 2607 2255 2677 φρικτῇ
2285 2606 2379 2658 καὶ
2411 2604 2575 2675 ἁγίᾳ·
2609 2602 2954 2675 ἐσφαγμένος
2992 2601 3282 2671 πρόκειται
3310 2597 3338 2650 ὁ
3376 2594 3632 2665 Χριστός.

2063 2688 2202 2742 Ἀλλ’
2231 2687 2484 2759 ἐννόησον
2512 2689 2656 2752 τίνος
2678 2689 2862 2741 ἐνεκεν
2883 2685 3122 2757 ἐσφάγη.
3153 2683 3219 2734 Ὦ
3244 2679 3414 2733 ποίων
3435 2692 3637 2748 μυστη-

2052 2771 2190 2842 ρίων
2239 2772 2561 2844 ἐστερήθης,
2607 2772 2818 2826 Ἰούδαί
2849 2771 3085 2841 Χριστὸς
3114 2766 3254 2821 ἐκὼν
3289 2764 3510 2828 ἔπαθεν,
3546 2761 3637 2814 ἵνα

2051 2855 2191 2929 λύσῃ
2223 2855 2292 2909 τὸ
2333 2858 2698 2926 μεσότοιχον
2730 2856 2836 2929 τοῦ
2870 2852 3166 2925 φραγμοῦ,
3222 2849 3316 2904 καὶ
3346 2845 3524 2929 ἐνώση
3568 2846 3636 2929 τά

2050 2928 2203 2993 κάτω
2231 2943 2343 3003 τοῖς
2372 2939 2506 3002 ἄνω,
2543 2941 2630 2994 ἵνα
2665 2928 2912 3008 ἀγγέλων
2933 2939 3134 3007 ποιήσῃ
3166 2932 3420 2988 κοινωνὸν
3441 2928 3641 2999 ἐχθρὸν

2049 3023 2179 3077 ὄντα
2214 3041 2272 3075 σε
2303 3025 2399 3076 καὶ
2435 3023 2717 3093 πολέμιον.
2748 3023 2856 3076 Καὶ
2891 3022 2919 3073 6
2949 3020 3047 3092 μὲν
3072 3016 3307 3090 Χριστὸς
3334 3013 3433 3085 τὴν
3455 3010 3635 3082 ψυχὴν

2050 3104 2214 3159 αὐτοῦ
2249 3104 2509 3169 ἐξέδωκεν
2542 3106 2682 3174 ὑπὲρ
2706 3104 2798 3157 σοῦ
2817 3120 2829 3133 ·
2869 3105 2934 3157 σύ
2961 3103 3018 3156 δέ
3042 3102 3120 3172 τῷ
3148 3097 3418 3167 συνδούλῳ
3451 3095 3637 3167 μένεις

2052 3188 2389 3261 ἐχθραίνων;
2423 3189 2515 3242 καὶ
2553 3189 2671 3253 πῶς
2699 3189 2900 3260 δυνήσῃ
2928 3185 3162 3257 βαδίζειν
3192 3183 3285 3236 ἐπὶ
3314 3182 3413 3253 τὴν
3436 3179 3538 3249 τῆς
3557 3180 3636 3230 ει-

2053 3274 2224 3344 ρήνης
2255 3272 2567 3343 τράπεζανς
2624 3274 2682 3325 '0
2728 3272 3007 3340 Δεσπότης
3037 3286 3130 3322 σου
3168 3267 3230 3320 οὐ
3277 3264 3635 3337 παρῃτήσατο

2050 3356 2229 3408 πάντα
2264 3356 2556 3425 ὑπομεῖναι
2601 3354 2689 3408 διά
2721 3354 2901 3418 σὲ,·σῦ
2938 3353 2996 3406 δέ
3041 3350 3163 3405 οὐδέ
3205 3347 3375 3420 ὀργὴν
3415 3344 3635 3414 ἀφιέναι

2051 3438 2254 3509 ἁνέχῃ;
2299 3439 2455 3502 Τίνος
2484 3438 2693 3502 ἐνεκεν,
2721 3438 2842 3492 εἰπέ
2885 3453 3008 3507 μοι;
3055 3436 3119 3489 Ἠ
3165 3433 3353 3502 ἀγάπη
3383 3429 3507 3500 ῥίζα
3540 3428 3635 3481 καὶ

2052 3522 2206 3593 πηγὴ
2228 3523 2323 3576 καὶ
2346 3525 2531 3594 μήτηρ
2548 3524 2665 3576 ἐστὶ
2684 3523 2900 3577 πάντων
2926 3520 3034 3574 τῶν
3055 3517 3298 3587 ἀγαθῶν.
3326 3510 3635 3582 Ἐπηρέασέ

2055 3626 2166 3679 μοι,
2196 3608 2351 3677 φησὶ,
2383 3607 2451 3661 τά
2482 3612 2739 3679 μέγιστα,
2773 3607 2943 3679 μυρία
2975 3602 3204 3675 ἠδίκησέ
3243 3617 3355 3672 μοι,
3381 3598 3471 3651 τὸν
3506 3595 3637 3679 περὶ

2048 3677 2144 3741 τοῦ
2199 3688 2297 3759 ζῇν
2334 3677 2683 3761 ἐπεκρέμασέ
2737 3677 2828 3761 μοι
2856 3677 3139 3742 κίνδυνον.
3181 3682 3295 3738 K111
3338 3680 3394 3733 τί
3438 3677 3636 3739 τοῦτο;

2053 3771 2203 3844 [595]
2240 3773 2353 3825 ἀλλ’
2372 3774 2587 3826 οὐδέπω
2609 3790 2668 3826 σε
2691 3773 3026 3843 ἐσταύρωσε,
3052 3769 3302 3837 καθάπερ
3317 3766 3409 3819 τὸν
3432 3763 3636 3834 Κύριον

2050 3858 2100 3909 οί
2152 3856 2414 3910 Ἰουδαῖοι.
2451 3856 2581 3910 Ἐὰν
2628 3856 2703 3927 μὴ
2754 3856 2900 3927 ἀφῇς
2939 3854 3017 3925 τῷ
3048 3851 3278 3923 πλησίον
3305 3866 3400 3902 σου
3427 3847 3489 3899 τὸ
3516 3845 3636 3927 ἀδίς·

2051 3956 2223 4010 κημα,
2261 3938 2380 3992 οὐδέ
2414 3941 2442 3991 6
2475 3924 2666 4008 Πατήρ
2692 3924 2880 3991 ήσουἽό
2907 3924 3157 4006 οὐράνιος
3198 3933 3398 4003 ἀφήσει
3436 3945 3521 3981 σοι
3562 3925 3638 3980 τά

2050 4022 2428 4092 ἁμαρτήματά
2468 4039 2583 4075 σου.
2619 4020 2767 4091 Ποίῳ
2815 4021 2873 4073 δέ
2916 4018 3178 4073 συνειδότι
3223 4017 3388 4089 ἐρεῖς,
3442 4010 3635 4077 Πάτερ

2047 4104 2217 4174 ἡμῶν
2249 4108 2281 4158 ό
2326 4104 2397 4158 ἐν
2428 4104 2552 4170 τοῖς
2598 4102 2897 4172 οὐρανοῖς,
2943 4099 3280 4171 ἁγιασθήτω
3328 4096 3394 4151 τὸ
3445 4092 3637 4174 όνομά

2048 4172 2187 4252 σου,
2214 4188 2309 4242 καὶ
2335 4187 2402 4241 τά
2432 4186 2592 4257 ἐξῆς;
2632 4185 2865 4257 Ὁμοίως
2892 4187 2920 4239 6
2943 4183 3181 4255 Χριστὸς
3206 4181 3302 4236 καὶ
3327 4180 3389 4233 τὸ
3414 4172 3576 4249 αἷμα,
3603 4174 3636 4228 6

2048 4273 2270 4344 ἐξέχεαν
2300 4275 2521 4340 ἐκεῖνοι,
2545 4274 2625 4337 είς
2649 4270 2924 4342 σωτηρίαν
2948 4270 3058 4324 τῶν
3084 4268 3382 4340 ἐκχεόντων
3406 4263 3631 4318 δέδωκε.

2049 4359 2115 4410 Τί
2163 4356 2353 4410 τούτου
2403 4356 2516 4410 ἴσον
2552 4355 2693 4427 ἐχεις
2738 4356 2997 4424 ποιῆσαι;
3056 4353 3181 4407 Ἐὰν
3234 4349 3309 4421 μὴ
3356 4349 3498 4418 ἀφῇς
3552 4344 3634 4416 τῷ

2048 4435 2252 4509 ἐχθρῷ,
2284 4435 2385 4489 οὐκ
2418 4426 2628 4489 ἐκεῖνον
2665 4432 2955 4503 ἠδίκησας,
2985 4431 3122 4485 ἀλλά
3165 4428 3360 4483 σαυτόν
3380 4444 3394 4459 ο
3426 4426 3634 4509 ἐκεῖνον

2052 4508 2161 4592 μὲν
2183 4522 2294 4591 γὰρ
2332 4518 2596 4583 πολλάκις
2649 4518 2732 4581 εἰς
2777 4518 2870 4570 τὸν
2912 4517 3156 4588 παρόντα
3197 4513 3310 4585 βίον
3366 4508 3630 4578 ξολιψας.

2050 4604 2244 4658 σαυτὸν
2285 4602 2342 4656 δὲ
2373 4602 2758 4670 ἀσύγγνωστον
2809 4602 3052 4671 ἐποιήσω
3101 4596 3199 4670 τὴν
3234 4594 3503 4667 τιμωρίαν
3549 4592 3633 4653 εἰς

2047 4689 2146 4762 τὴν
2183 4687 2482 4760 μέλλουσαν
2516 4686 2748 4757 ἡμέραν.
2794 4686 3002 4742 Οὐδένα
3042 4682 3153 4755 γὰρ
3187 4680 3328 4737 οὕτω
3359 4677 3509 4749 μισεῖ
3535 4675 3634 4762 καὶ

2048 4757 2456 4844 ἀποστρέφεται
2494 4772 2522 4824 6
2559 4769 2711 4835 Θεὸς,
2755 4769 2831 4833 ώς
2858 4769 3196 4840 μνησίκακον
3224 4762 3530 4833 ἄνθρωπον,
3551 4757 3634 4820 ὡς

2050 4857 2167 4911 οίδα
2175 4856 2284 4910 ίνου
2292 4873 2390 4910 σαν
2412 4854 2641 4926 καρδίαν
2662 4854 2756 4912 καὶ
2769 4852 3204 4923 φλεγμαίνουσαν
3219 4846 3419 4922 ψυχήν.
3437 4844 3629 4926 "A3100-

2052 4959 2143 4996 σον
2192 4940 2328 5009 γοῦν
2360 4939 2412 4992 τί
2446 4925 2612 5009 φησιν
2653 4939 2682 4990 6
2719 4935 2923 5007 Κύριος
2946 4951 2960 4967 ·
3017 4934 3153 4988 Ἐὰν
3183 4926 3532 5002 προσφέρῃς
3562 4925 3629 4980 τὸ

2046 5024 2240 5092 δῶρόν
2270 5037 2388 5077 σου
2412 5022 2511 5075 ἐπὶ
2537 5021 2604 5073 τὸ
2642 5016 3098 5089 θυσιαστήριον,
3126 5009 3625 5091 κάκεῖμνησθίῖςν

2047 5106 2136 5160 ὅτι
2172 5109 2205 5160 ό
2238 5104 2506 5173 ἀδελφός
2543 5116 2661 5156 σου
2687 5100 2815 5171 ἕχει
2863 5119 2919 5156 τι
2955 5098 3109 5178 κατὰ
3138 5098 3278 5165 σοῦ,
3325 5098 3476 5167 ἄφες
3502 5093 3632 5178 ἐκεῖ

2044 5190 2112 5243 τά
2146 5188 2341 5256 δῶρόν
2379 5201 2497 5240 σου
2534 5186 2881 5255 ἔμπροσθεν
2900 5177 3006 5238 τοῦ
3043 5180 3500 5249 θυσιαστηρίου,
3528 5177 3629 5233 καί

2045 5271 2269 5326 ἄπελθε
2306 5269 2544 5337 πρῶτον
2586 5269 2685 5323 καί
2710 5267 3068 5337 διαλλάγηθι
3104 5266 3185 5333 τῷ
3207 5263 3447 5334 ἀδελφῷ
3472 5279 3589 5316 σου
3610 5277 3625 5291 ·

2045 5350 2145 5403 καὶ
2174 5350 2307 5403 τότε
2344 5347 2540 5402 ἐλθὼν
2575 5349 2880 5417 πρόσφερε
2916 5345 2984 5399 τὸ
3029 5345 3222 5415 δῶρόν
3256 5362 3393 5399 σου.
3430 5342 3494 5395 Τί
3540 5341 3629 5393 λέ-

2044 5450 2181 5501 γεις,
2209 5433 2431 5502 Ἀφήσω
2465 5433 2582 5491 ἐκεῖ
2606 5431 2666 5485 τὸ
2691 5431 2886 5502 δῶρον,
2920 5429 3088 5499 ἤγουν
3117 5428 3215 5498 τὴν
3249 5426 3469 5490 θυσίαν;
3493 5425 3624 5485 Ναὶ.

2044 5516 2211 5588 φησί·
2239 5514 2327 5571 διὰ
2361 5515 2470 5587 γὰρ
2490 5517 2589 5587 τὴν
2614 5516 2837 5587 εἰρήνην
2858 5515 2957 5586 τὴν
2984 5514 3120 5585 πρὸς
3151 5514 3243 5566 τὸν
3276 5512 3505 5580 ἀδελφόν
3528 5527 3623 5566 σου

2042 5599 2138 5651 καὶ
2170 5597 2306 5667 αὐτὴ
2335 5599 2367 5667 ή
2391 5596 2550 5649 θυσία
2575 5597 2810 5665 ἐγένετο,
2840 5597 2902 5649 Εἰ
2942 5595 3123 5648 τοίνυν
3146 5594 3236 5647 διά
3269 5593 3370 5664 τὴν
3399 5594 3623 5664 εἰρήνην

2041 5682 2140 5755 τὴν
2163 5684 2243 5745 εἰς
2273 5681 2364 5736 τὸν
2386 5680 2610 5751 πλησίον
2639 5683 2673 5752 ή
2702 5680 2864 5734 θυσία
2892 5680 3031 5742 ἐστὶ,
3074 5679 3138 5732 σὺ
3160 5677 3216 5731 δὲ
3244 5678 3304 5731 οὐ
3334 5677 3623 5749 κατορθοῖς

2040 5767 2142 5838 τὴν
2185 5767 2430 5837 εἰρήνην,
2464 5766 2513 5817 εί
2536 5765 2630 5818 καὶ
2663 5765 2912 5834 μετέχεις
2949 5763 3050 5833 τῆς
3087 5762 3298 5825 θυσίας,
3334 5761 3619 5831 ἀνωφελής

2044 5868 2125 5905 σοι
2151 5851 2184 5922 ή
2226 5848 2526 5921 μετάληψις
2553 5848 2773 5919 γέγονεν
2793 5848 2921 5904 ἄνευ
2948 5846 3042 5901 τοῦ
3071 5843 3491 5918 κατορθώματος
3521 5844 3625 5915 τῆς,
