4100 6472
472 359 572 416 591

473 458 718 530 εἰρήνης.
750 455 984 526 Ποίησον
1015 456 1196 512 τοίνυν
1228 458 1404 511 ἐκεῖνο
1438 457 1675 529 πρῶτον,
1700 457 1844 526 λέγω
1867 452 1932 525 δὴ
1960 459 2060 528 τὴν

473 542 723 612 ιίρήνην,
769 538 837 594 δι’
866 541 1003 612 ὅπερ
1043 543 1139 594 καὶ
1181 541 1215 612 ἡ
1257 539 1419 594 θυσία
1461 544 1910 613 προσενήνεκται,
1966 544 2062 598 καὶ

473 625 597 679 τότε
627 623 797 693 αὐτῆς
841 623 1177 689 ἀπολαύσεις
1200 624 1403 690 καλῶς.
1435 627 1535 680 Διά
1564 626 1672 699 γὰρ
1704 625 1864 681 τοῦτο
1895 622 2064 698 ἦλθεν

478 711 560 772 εἰς
579 708 669 761 τὸν
692 709 896 779 κόσμον
917 710 945 762 6
974 709 1103 772 Υἱὸς
1129 709 1226 763 τοῦ
1255 709 1413 776 Θεοῦ,
1447 712 1536 765 ἵνα
1555 709 1873 784 καταλλάξῃ
1903 709 2063 782 ἡμῶν

475 795 573 865 τὴν
599 793 762 863 φύσιν
789 792 866 864 τῷ
890 794 1087 865 Πατρὶ,
1112 793 1189 858 ὥς
1219 812 1325 849 που
1353 796 1446 849 καὶ
1475 795 1688 859 Παῦλός
1714 810 1882 867 φησι*
1909 794 2062 849 Νυνὶ

473 875 544 931 δὲ
601 877 1112 943 ἀποκατήλλαξεν
1159 877 1351 944 ἐαυτῷ
1404 880 1476 934 τὰ
1527 878 1746 948 πάντα,
1803 878 1903 934 διὰ
1953 878 2064 933 τοῦ

473 962 746 1029 σταυροῦ
798 962 1162 1030 ἀποκτείνας
1194 962 1311 1031 τὴν
1357 962 1583 1033 ἔχθραν
1617 964 1689 1017 ἐν
1737 962 1919 1028 αὐτῷ.
1965 961 2065 1015 Διά

475 1041 635 1098 ¹τοῦτο
665 1044 788 1115 οὐχὶ
832 1044 995 1109 αὐτὸς
1040 1047 1202 1117 μόνον
1249 1042 1381 1119 ἦλθε
1424 1046 1593 1101 ποιῶν
1640 1048 1888 1118 εἰρήνην,
1928 1045 2065 1100 ἀλλὰ

478 1130 574 1183 καὶ
598 1131 748 1200 ἡμᾶς
782 1130 1082 1202 μακαρίζει
1110 1133 1238 1197 τοὺς
1265 1133 1334 1186 τὰ
1370 1131 1596 1186 τοιαῦτα
1626 1131 1935 1195 ποιοῦντας,
1973 1131 2067 1184 καὶ

478 1217 626 1267 ποιεί
651 1217 751 1286 τῆς
793 1214 957 1268 αὑτοῦ
1003 1215 1381 1287 προσηγορίας
1422 1214 1738 1278 κοινωνούς.
1780 1213 2068 1282 Μακάριοι

477 1300 590 1371 γὰρ
620 1301 674 1353 ol
705 1300 1106 1368 εἰρηνοποιοί,
1141 1298 1231 1352 ὅτι
1262 1297 1431 1352 αὺτοί
1480 1297 1597 1351 υἰοί
1645 1297 1795 1353 θεοῦ
1846 1296 2071 1365 κληθή-

478 1396 711 1437 σονται.
739 1383 915 1455 Ὅπερ
953 1380 1048 1437 οὖν
1090 1383 1348 1453 ἐποίησεν
1394 1382 1423 1433 6
1453 1382 1711 1453 Χριστὸς,
1742 1382 1771 1435 6
1795 1382 1922 1445 Υἱὸς
1970 1378 2067 1433 τοῦ

478 1467 640 1531 Θεοῦ,
675 1465 833 1520 τοῦτο
863 1468 959 1520 καὶ
1000 1468 1067 1520 σὺ
1111 1468 1339 1538 ποίησον
1366 1467 1507 1521 κατά
1533 1466 1765 1539 δύναμιν
1791 1466 2070 1539 ἀνθρωπί-

480 1566 602 1619 νην,
629 1550 854 1622 εἰρήνης
886 1550 1180 1621 γενόμενος
1221 1549 1482 1623 πρόξενος
1511 1552 1607 1605 καὶ
1637 1550 1821 1623 σαυτῷ
1866 1553 1963 1605 καὶ
1993 1550 2073 1623 τῷ

482 1632 719 1704 πλησίον
753 1649 867 1687 σου.
902 1635 1001 1688 Διά
1033 1634 1193 1687 τοῦτο
1231 1634 1328 1688 καὶ
1358 1634 1475 1688 υἰδν
1516 1634 1655 1689 Θεοῦ
1690 1636 1848 1689 καλεῖ
1875 1634 1966 1689 τὸν
1992 1636 2073 1689 εἰ·

481 1718 776 1789 ιρηνοποιόν
795 1735 810 1749 ο
837 1717 925 1773 διὰ
952 1717 1112 1772 τοῦτο
1144 1721 1201 1772 ὲν
1232 1717 1311 1791 τῷ
1351 1718 1531 1791 καιρῷ
1558 1718 1661 1788 τῆς
1688 1718 1882 1783 θυσίας
1919 1718 2074 1773 οὐδε-

483 1801 622 1870 μιᾶς
664 1800 862 1872 ἐτέρας
890 1801 1268 1871 ἐμνημόνευσε
1311 1801 1681 1874 δικαιοσύνης,
1732 1802 1850 1857 ἀλλ’
1896 1802 1931 1874 ἢ
1974 1801 2078 1874 τῆς

485 1883 627 1955 πρὸς
660 1884 754 1938 τὸν
798 1882 1029 1955 ἀδελφὸν
1060 1885 1432 1957 καταλλαγῆς,
1481 1886 1719 1952 δεικνὺς,
1755 1887 1840 1940 ὅτι
1887 1885 2078 1939 πασῶν

484 1968 701 2040 ἀρετῶν
737 1969 940 2040 μείζων
965 1972 998 2040 ὴ
1029 1971 1219 2041 ἀγάπη
1260 1971 1427 2025 ἐστίν.
1471 1969 1803 2042 Ἐϐουλόμην
1835 1970 1933 2042 μὲν
1958 1968 2078 2036 οὖν,

486 2054 787 2124 ἀγαπητοὶ,
823 2055 918 2108 ἐπὶ
950 2055 1200 2109 πλεῖστον
1232 2056 1558 2127 παρατεῖναι
1587 2053 1682 2108 τὸν
1730 2052 1890 2123 λόγον
1910 2070 1926 2086 ο
1961 2053 2078 2109 ἀλλ’

487 2139 652 2209 ἀρκεῖ
702 2139 797 2192 καὶ
851 2139 921 2192 τὰ
971 2139 1238 2210 εἰρημένα
1295 2141 1409 2203 τοῖς
1465 2137 1602 2210 μετά
1649 2138 1930 2211 προσοχῆς
1986 2138 2083 2193 καλ⁸

491 2222 762 2287 συνέσεως
798 2223 1115 2295 δεχομένοις
1150 2223 1242 2277 τὸν
1283 2223 1486 2295 σπόρον
1521 2223 1624 2295 τῆς
1651 2223 1955 2289 εὐσεϐείας,
1987 2223 2083 2278 καὶ

489 2307 781 2381 προσέχειν
815 2307 1063 2362 ἐθέλουσι
1101 2309 1216 2372 τοῖς
1256 2307 1594 2379 λεγομένοις.
1631 2305 2084 2379 Μνημονεύωμεν

489 2394 693 2460 τοίνυν,
726 2393 1054 2465 παρακαλῶ,
1087 2392 1379 2458 διαπαντὸς
1418 2392 1625 2447 τούτων
1646 2393 1757 2448 τῶν
1798 2393 2083 2465 ῥημάτιον,

490 2477 708 2531 καὶτοῦ
760 2477 1205 2549 φρικωδεστάτου
1255 2476 1552 2549 ἀσπασμοῦ
1592 2476 1689 2530 τοῦ
1738 2476 1876 2547 πρὸς
1921 2474 2086 2545 ἀλλή-

492 2561 641 2625 λους.
675 2554 846 2625 Οὗτος
873 2563 983 2633 γὰρ
1005 2563 1034 2615 6
1068 2562 1361 2634 ἀσπασμὸς
1386 2559 1693 2632 συμπλέκει
1720 2558 1819 2623 τὰς
1846 2558 2085 2622 διανοίας

494 2645 674 2717 ἡμῶν,
702 2647 796 2699 καὶ
821 2649 965 2700 ποιεῖ
985 2646 1242 2715 γενέσθαι
1260 2645 1423 2716 σῶμα
1449 2644 1508 2698 ἓν
1531 2643 1798 2706 ἅπαντας,
1824 2642 1919 2696 καὶ
1948 2641 2084 2713 μέλη

493 2726 757 2800 Χριστοῦ,
790 2729 977 2801 ἐπειδὴ
1006 2731 1102 2784 καὶ
1144 2729 1264 2792 ἐνὸς
1294 2727 1547 2798 σώματος
1581 2726 1881 2799 μετέχομεν
1911 2725 2088 2779 ἀπαν-

495 2830 613 2878 τες.
657 2812 949 2881 Γενώμεθα
994 2811 1088 2868 οῦν
1110 2814 1233 2868 κατ’
1282 2811 1542 2886 ἀλήθειαν
1591 2811 1750 2882 σῶμα
1783 2810 1861 2874 ἓν,
1902 2810 1964 2864 ού
2015 2808 2090 2863 τά

399 2937 402 2941 η
500 2901 733 2969 σώματα
762 2899 1016 2971 ἀλλήλοις
1061 2898 1455 2972 ἀναφύροντες,
1493 2897 1630 2952 ἀλλά
1668 2895 1770 2960 τὰς
1791 2894 1971 2967 ψυχὰς
1999 2895 2090 2949 ἀλ-

497 2979 690 3052 λήλαις
718 2982 795 3054 τῷ
823 2984 924 3055 τῆς
955 2982 1178 3052 ἀγάπης
1199 2982 1484 3054 συνδέσμῳ
1509 2981 1894 3044 συνάπτοντες.
1929 2978 2089 3032 Οῦτω

499 3065 610 3137 γὰρ
634 3067 934 3132 ποιοῦντες,
960 3067 1309 3141 δυνησόμεθα
1338 3067 1478 3139 μετά
1501 3066 1818 3140 παρρησίας
1847 3064 2090 3119 ἀπολαῦ-

1196 331 1252 401 ε.
1290 338 1579 399 ιυΑΜιἸδ
1616 341 2115 398 cumsosroul
2156 342 2477 399 AllClllEP.
2517 341 3065 403 CONSTANTINOP.

3665 341 3774 401 391

2173 460 2389 513 σίκακοι
2416 459 2473 513 δὲ
2505 453 2677 531 ὦμεν,
2703 461 2883 514 πάντα
2911 459 3034 530 εἰκῆ
3061 458 3157 512 καὶ
3193 455 3370 527 μάτην
3393 452 3549 528 [596]
3578 458 3775 529 εἰργαο

2173 544 2403 616 σάμεθα,
2443 548 2539 599 καὶ
2581 544 2734 598 οὐδὲν
2787 546 2850 597 ἐκ
2894 542 3101 596 τούτων
3140 542 3220 603 εἰς
3271 539 3552 612 σωτηρίας
3604 541 3776 609 λόγον

2170 627 2568 697 καρπώσασθαι
2632 626 2994 699 δυνησόμεθα.
3053 623 3278 680 Μέλλων
3340 622 3449 693 γὰρ
3489 624 3522 676 6
3571 625 3779 695 Σωτὴρ

2170 711 2413 766 ἀνελθεῖν
2438 711 2577 783 πρὸς
2604 711 2697 765 τὸν
2723 711 2962 783 Πατέρα,
2979 709 3103 763 ἀντὶ⁸
3127 707 3287 785 δόξης
3301 705 3651 778 προσκαίρου
3679 710 3778 761 καὶ

2172 794 2406 848 πλούτου
2439 795 2677 866 μεγάλου
2707 794 2913 865 ταύτην
2938 795 3051 857 τοῖς
3091 791 3364 864 μαθηταῖς
3388 790 3779 863 κληρονομίαν

2172 878 2419 950 ἀφίησιν,
2471 878 2672 933 εἰπών·
2700 877 2971 948 Εἰρήνην
3011 876 3126 946 τὴν
3163 875 3320 946 ἐμὴν
3350 875 3569 945 διδωμι
3607 875 3777 946 ὑμῖν,

2171 963 2423 1032 εἰρήνην
2449 962 2567 1031 τὴν
2590 961 2747 1032 ἐμὴν
2772 962 2986 1032 ἀφίημι
3005 959 3169 1030 ὑμῖν.
3196 960 3356 1023 Ποῖος
3373 958 3481 1030 γὰρ
3506 958 3779 1024 πλοῦτος,

2171 1048 2206 1120 ἢ
2257 1049 2398 1120 πόση
2437 1049 2736 1120 χρημάτων
2770 1047 3061 1118 περιουσία
3104 1044 3301 1115 γένοιτ’
3346 1044 3412 1099 ἂν
3454 1043 3785 1116 τιμιωτέρα

2173 1131 2275 1203 τῆς
2302 1132 2527 1203 εἰρήνης
2564 1131 2659 1185 τοῦ
2701 1129 2962 1203 Χριστοῦ,
2986 1129 3089 1200 τῆς
3114 1129 3295 1183 πάντα
3319 1128 3478 1197 λόγον
3507 1128 3618 1181 καὶ
3651 1126 3781 1180 νοῦν

2177 1215 2583 1287 ὑπερεχούσης;
2618 1214 2790 1269 Τοῦτο
2820 1209 2913 1268 οῦν
2953 1216 3049 1268 καὶ
3086 1216 3115 1268 6
3144 1214 3433 1285 προφήτης
3472 1211 3783 1283 Μαλαχίας

2177 1299 2335 1362 εἰδὼς
2378 1301 2617 1372 χαλεπὸν
2649 1297 2791 1356 εἶναι
2814 1300 2910 1355 καὶ
2950 1299 3258 1371 ὑπέρογκον
3285 1298 3347 1352 τὸ
3384 1299 3783 1370 παράπτωμα,

2178 1385 2367 1456 ἔλεγεν
2396 1387 2472 1450 ὡς
2499 1389 2565 1442 ἐκ
2604 1386 2898 1459 προσώπου
2933 1384 3027 1440 τοῦ
3070 1384 3208 1439 Θεοῦ
3233 1400 3249 1416 ⁸
3274 1384 3434 1450 Audi;
3474 1399 3634 1453 μου,
3668 1384 3785 1436 λα·

2176 1470 2339 1524 λεῑτε
2359 1468 2653 1537 ἀλήθειαν
2679 1468 2940 1534 ἕκαστος
2954 1467 3106 1538 μετὰ
3128 1466 3236 1523 τοῦ
3258 1466 3537 1534 πλησίον
3559 1462 3789 1530 αὐτοῦ,

2179 1552 2279 1607 καὶ
2316 1553 2579 1620 ἕκαστος
2610 1553 2833 1609 κακίαν
2885 1552 2958 1606 ἐν
2996 1550 3072 1621 τῇ
3120 1549 3335 1620 καρδίᾳ
3378 1548 3459 1621 τῷ
3494 1549 3788 1615 πλησίον

2180 1637 2369 1692 αὐτοῦ
2410 1636 2498 1707 μὴ
2542 1636 3012 1707 μνησικακείτω,
3048 1635 3150 1689 καί
3190 1634 3373 1703 ὅρκον
3429 1629 3643 1702 ψευδῆ
3695 1629 3789 1700 μὴ

2180 1718 2471 1791 circumice"
2483 1720 2583 1776 καί
2599 1722 2673 1776 οὺ
2685 1721 2772 1790 μὴ
2792 1719 3171 1786 ἀποθανοῖτο,
3191 1715 3358 1786 οἶκος
3374 1718 3480 1772 τοῦ
3497 1717 3787 1786 Ἰσραὴλ.

2178 1804 2341 1875 λέγει
2386 1805 2627 1874 Κύριος.
2672 1805 2762 1869 Ὦς
2813 1803 2880 1858 ἀν
2924 1806 2973 1858 εἰ
3028 1804 3278 1875 μέλλοιτε
3320 1799 3464 1857 εἶναι
3514 1799 3785 1872 ψεῦσται,

2184 1887 2538 1961 μνησίκακοι,
2558 1889 2829 1961 ἐπίορκοι,
2855 1887 3238 1960 ἐπιλαθόμενοι
3257 1887 3366 1941 τῶν
3388 1885 3631 1941 ἐντολῶν
3657 1903 3786 1957 μου,

2182 1973 2400 2045 θανάτῳ
2452 1971 2835 2030 ἀποθανεῖσθε.
2895 1970 3088 2026 Ταῦτα
3130 1967 3225 2025 οὖν
3279 1971 3499 2025 ἅπαντα
3547 1968 3787 2030 εἰδότες,

2182 2058 2498 2130 ἀγαπητοὶ,
2560 2057 2742 2111 πᾶσαν
2798 2053 3198 2126 καταλύσωμεν
3242 2054 3434 2127 ὀργὴν,
3480 2051 3584 2107 καὶ
3647 2048 3789 2120 πρὸς

2181 2141 2447 2214 ἀλλήλους
2492 2140 2924 2214 εἰρηνεύσωμεν,
2965 2141 3061 2193 καὶ
3099 2138 3201 2209 τὴν
3242 2139 3399 2209 ῥίζαν
3426 2136 3530 2207 τῆς
3580 2132 3790 2214 κακίας

2184 2212 2518 2293 ἐκτίλαντες,
2553 2212 2652 2280 καὶ
2682 2223 3025 2295 καθάραντες
3059 2221 3216 2294 ἡμῶν
3250 2221 3313 2275 τὸ
3343 2219 3610 2284 συνειδὸς,
3649 2212 3791 2288 μετά

2184 2312 2495 2384 πραότητος
2522 2310 2618 2364 καὶ
2655 2308 2959 2374 ἐπιεικείας
2989 2308 3085 2362 καὶ
3111 2306 3317 2376 πολλῆς
3358 2305 3461 2376 τῆς
3489 2299 3790 2384 εὐλαϐείας

2186 2382 2503 2469 προσίωμεν
2537 2396 2606 2466 τῇ
2657 2392 2962 2466 μεταλήψει
2997 2391 3106 2446 τῶν
3149 2389 3394 2463 φρικτῶν
3426 2387 3645 2441 τούτων
3693 2382 3793 2438 καὶ

2187 2481 2437 2554 φοϐερῶν
2473 2478 2814 2551 μυστηρίων,
2850 2478 2926 2550 μὴ
2956 2474 3227 2540 ὠθοῦντες
3269 2475 3365 2529 καὶ
3404 2470 3787 2554 λακτίζοντξςο

2191 2550 2341 2638 μήτε.
2373 2562 2605 2628 κτύποις
2644 2550 2740 2617 καὶ
2766 2563 3042 2635 κραυγαῖς
3079 2558 3401 2622 ἐκϐοῶντες,
3444 2555 3592 2611 ἀλλὰ
3638 2550 3793 2624 φόϐῳ

2188 2649 2371 2722 πολλῷ
2414 2651 2511 2705 καί⁷
2563 2648 2752 2723 τρόμῳ
2789 2647 2930 2721 μετά
2974 2645 3321 2713 κατανύξεως
3373 2644 3473 2699 καὶ
3526 2638 3791 2713 δακρύων

2189 2735 2646 2809 προσερχόμενοι,
2688 2735 2778 2789 ἵνα
2821 2734 2918 2788 καί¹
2958 2735 2989 2787 6
3033 2731 3414 2804 φιλάνθρωπος
3463 2727 3789 2795 Δεσπότης,

2191 2820 2536 2884 ἐποπτεύσας
2559 2821 2593 2891 ὴ
2602 2819 2719 2893 μῶν
2750 2818 2958 2874 ἀνωθεν
2981 2817 3083 2889 τὴν
3104 2815 3389 2888 εἰρηνικὴν
3418 2813 3787 2869 κατάστασιν,

2196 2907 2292 2961 καὶ
2305 2905 2404 2978 τὴν
2426 2905 2791 2975 ἀνυπόκριτον
2812 2902 3058 2974 ἀγάπην,
3081 2900 3175 2956 καὶ
3197 2899 3295 2969 τὴν
3320 2896 3652 2967 φιλάδελφον
3672 2907 3793 2978 κοι-

2195 2977 2414 3056 νωνίαν,
2428 2987 2743 3043 καὶτούτων
2758 2988 2867 3043 τῶν
2884 2985 3106 3056 ἀγαθῶν
3119 2986 3214 3040 καὶ
3229 2984 3338 3039 τῶν
3355 2977 3794 3052 ἐπηγγελμένων

2197 3075 2408 3138 πάντας
2442 3074 2592 3145 ἡμᾶς
2619 3072 2853 3146 ἀξιώσῃ,
2903 3072 3091 3145 χάριτι
3137 3070 3234 3126 καὶ
3273 3065 3665 3141 φιλανθρωπίᾳ
3693 3058 3788 3146 τοῦ

501 3169 595 3206 σαι
627 3151 728 3222 τῆς
766 3154 1136 3225 προκειμένης
1193 3152 1498 3223 τραπέζης,
1550 3150 1646 3205 καὶ
1692 3151 1791 3221 τῆς
1843 3148 1949 3203 ὑπὸ
1992 3145 2087 3202 τοῦ

501 3235 739 3310 Χριστοῦ
778 3236 918 3310 πρὸς
942 3237 1021 3308 τῷ
1056 3236 1200 3290 τέλει
1231 3235 1630 3308 βραϐευθείσης
1655 3234 1878 3304 εἰρήνης
1907 3230 2089 3301 δοχεῖα

503 3334 774 3405 γενέσθαι.
796 3333 918 3391 Κᾶν
931 3334 1039 3409 γὰρ
1072 3334 1242 3411 μυρία
1263 3334 1476 3406 ἔχωμεν
1506 3330 1929 3403 κατορθώματα,
1954 3347 2089 3402 μνη-

2197 3158 2406 3231 Κυρίου
2457 3144 2618 3229 ἡμῶν
2660 3144 2839 3228 Ἰησοῦ
2892 3153 3159 3230 Χριστοῦ,
3194 3153 3311 3226 μεθ’
3350 3147 3413 3208 οῦ
3457 3150 3540 3223 τῷ
3590 3144 3789 3231 Πατρὶ,

2198 3226 2319 3313 ἀμα
2345 3241 2424 3313 τῷ
2447 3226 2591 3312 ἁγίῳ
2611 3226 2915 3311 Πνεύματι,
2946 3226 3097 3308 δόξα,
3127 3240 3350 3311 κράτος,
3380 3235 3540 3307 τιμὴ,
3576 3232 3676 3289 νῦν
3696 3226 3792 3285 καὶ

2198 3326 2308 3384 ἀεὶ.
2339 3325 2436 3381 καὶ
2464 3326 2546 3391 εἰς
2569 3325 2698 3391 τοὺς
2719 3324 2926 3391 αἰῶνας
2953 3322 3063 3379 τῶν
3083 3322 3316 3380 αἰώνων.
3363 3321 3561 3394 ⁹Δμήν.

571 3939 3789 3985 WW

1214 4195 1300 4257 1N
1354 4194 1776 4260 HOMILIAM
1822 4197 1928 4259 DE
1976 4197 2496 4261 COEMETERIO
2552 4198 2656 4259 ET
2703 4197 2813 4258 DE
2866 4196 3126 4259 CRUCE

598 4444 753 4501 Hanc
781 4445 1066 4502 bomiliam
1095 4444 1289 4501 habuit
1317 4445 1748 4518 Cbrysostomus
1776 4445 1969 4517 viginti
2001 4453 2099 4501 aut
2119 4447 2288 4517 paulo
2320 4448 2510 4500 minus
2540 4444 2735 4501 diebus
2786 4455 3078 4514 antequam
3116 4443 3186 4499 de
3218 4442 3425 4500 sanctis
3481 4439 3794 4499 mulieribus

526 4538 782 4603 Bernice,
810 4536 1111 4598 Prosdoce.
1145 4547 1199 4592 et
1228 4535 1501 4592 Domnina
1531 4538 1953 4594 concionaretur
1981 4556 1997 4606 ;
2028 4546 2091 4593 ut
2117 4554 2225 4593 non
2252 4537 2435 4592 dubiis
2456 4536 2603 4592 notis
2642 4535 2917 4607 colligitur
2946 4550 3014 4590 ex
3054 4535 3212 4593 initio
3238 4547 3527 4609 postremae
3570 4534 3792 4605 hujusce

524 4629 832 4693 cont-iouis,
867 4629 960 4683 ubi
997 4645 1056 4685 se
1079 4637 1205 4683 ante
1233 4629 1423 4699 viginti
1452 4627 1565 4685 fere
1601 4631 1720 4687 dies
1742 4630 1813 4685 de
1840 4645 2007 4687 cruce
2042 4630 2257 4687 Domini
2310 4628 2724 4695 concionatum,
2775 4629 2948 4683 multa
2974 4627 3181 4685 dixisse
3223 4628 3302 4684 ait
3338 4629 3395 4684 in
3434 4628 3553 4685 haec
3584 4625 3741 4682 verba
3770 4637 3787 4674 :

526 4725 788 4781 Contrivit
816 4733 995 4789 portae
1036 4740 1232 4790 erucas,
1260 4733 1311 4778 et
1341 4734 1509 4779 vectes
1552 4724 1749 4794 ferreos
1787 4726 2094 4797 confregit:
2139 4740 2262 4796 quae
2309 4724 2516 4795 optime
2545 4723 2879 4779 conveniunt
2924 4723 2978 4778 in
3012 4724 3155 4780 hanc
3189 4723 3261 4779 De
3306 4724 3600 4779 coemeterio
3634 4728 3685 4775 et
3720 4717 3781 4769 de

524 4833 679 4872 cruce
709 4817 1014 4872 homiliam.
1048 4816 1188 4875 Hinc
1216 4815 1389 4873 Graeci
1414 4827 1692 4889 putantes,
1732 4816 1932 4874 festum
1961 4820 2028 4873 de
2057 4802 2253 4885 Cruce,
2294 4815 2440 4887 quod
2473 4831 2664 4873 mense
2699 4814 3005 4884 Septembri
3035 4817 3121 4874 die
3153 4836 3244 4876 xw
3293 4820 3555 4886 occurrit,
3616 4817 3705 4872 hic
3749 4825 3780 4864 a

524 4913 922 4983 Chrysostomo
954 4911 1273 4977 memorari,
1298 4910 1500 4966 festum
1531 4920 1851 4967 sanctarum
1891 4912 2179 4968 Domniuae
2206 4921 2261 4967 et
2294 4910 2532 4966 ﬁliarum
2574 4908 2767 4978 viginti
2822 4919 3012 4979 postea
3044 4910 3262 4979 diebus,
3312 4920 3508 4981 quarta
3549 4906 3787 4966 videlicet

525 5005 778 5062 Octobris
806 5006 1088 5063 celebrant
1110 5026 1134 5077 ;⁴
1155 5008 1248 5063 sed
1279 5021 1565 5078 perperam
1590 5025 1614 5064 ι
1640 5023 1750 5065 non
1781 5009 1925 5064 enim
1965 5009 2020 5063 in
2066 5007 2206 5064 festo
2235 5019 2442 5064 sanctae
2470 5006 2688 5074 Crucis,
2727 5022 2853 5078 quae
2898 5009 2953 5063 in
3005 5007 3376 5077 Septembrem
3412 5003 3621 5069 incidit,
3649 5010 3790 5069 quale

525 5113 633 5165 que
659 5099 902 5154 nondum
945 5100 1039 5157 illo
1066 5115 1184 5163 aevo
1213 5100 1616 5171 celebrabatur,
1644 5102 1791 5159 banc
1822 5104 2019 5160 habuit
2063 5104 2344 5159 bomiliam
2376 5102 2831 5173 Cbrysostomus,
2863 5102 2960 5160 sed
2997 5104 3051 5158 in
3082 5102 3171 5158 die
3219 5092 3571 5167 Parasceves,
3604 5097 3785 5154 eadem

525 5203 720 5257 nempe
748 5205 856 5259 qua
896 5191 1193 5249 cruciﬁxus
1220 5204 1306 5251 est
1326 5195 1616 5261 Dominus,
1652 5205 1717 5252 ut
1748 5197 1864 5267 ipse
1886 5196 2145 5266 plurimis
2192 5197 2249 5251 in
2283 5197 2422 5253 locis
2460 5195 2724 5250 declarat.
2755 5195 2834 5250 Ea
2871 5212 3005 5252 vero
3051 5195 3120 5251 de
3173 5210 3233 5249 re
3286 5192 3592 5248 audiendus
3628 5186 3785 5242 Tille-

521 5279 782 5345 montius,
816 5297 940 5352 pag.
987 5284 1084 5339 571
1122 5304 1136 5340 :
1167 5286 1447 5359 Reliquum
1473 5290 1641 5362 igitur
1663 5298 1741 5344 est
1771 5299 1828 5344 ut
1864 5291 2143 5345 credamus
2182 5291 2376 5360 festum
2403 5298 2602 5345 sancite
2635 5289 2909 5345 Domninte
2937 5299 2989 5346 et
3024 5293 3290 5346 sociarum
3334 5290 3642 5356 Antiochia,
3688 5290 3784 5336 n0“

521 5387 715 5441 quarta
748 5376 1007 5443 Octobris,
1038 5382 1130 5435 sed
1166 5382 1369 5440 decima
1398 5394 1594 5457 quarta
1622 5385 1842 5454 Aprilis,
1877 5402 1983 5456 qua
2007 5387 2092 5441 die
2133 5396 2352 5442 notatur
2388 5388 2445 5440 in
2472 5386 2853 5459 Martyrologio
2873 5387 3183 5459 Hieronymi
3210 5398 3260 5442 et
3291 5388 3539 5451 aliorum,
3576 5382 3787 5441 celebra'

523 5475 635 5523 tum
678 5470 859 5540 fuisse.
901 5470 1051 5537 Quod
1088 5483 1290 5542 spectat
1334 5486 1515 5530 autem
1555 5479 1628 5533 ad
1678 5494 1899 5542 annum,
1947 5494 2050 5549 quo
2096 5479 2178 5533 lue
2212 5479 2333 5532 dua:
2378 5477 2610 5531 humilia:
2657 5477 2852 5532 habita:
2902 5487 3045 5542 sunt,
3097 5479 3335 5550 queritur
3384 5474 3782 5548 Chrysostomusc

523 5573 647 5619 tunc
692 5583 945 5637 magnum
995 5572 1217 5625 excitari
1260 5572 1547 5629 tumultum
1579 5591 1696 5629 cum
1728 5576 2067 5631 accederctur
2107 5579 2180 5630 ad
2220 5591 2431 5630 sacram
2464 5575 2920 5629 communionem:
2959 5572 3247 5643 eademque
3279 5572 3449 5629 utitur
3472 5558 3783 5640 querimonia
3848 5559 3862 5573 '

523 5656 582 5707 in
636 5660 880 5714 concione
932 5662 996 5716 de
1044 5663 1129 5721 die
1173 5663 1383 5731 Natali,
1431 5679 1572 5721 anno
1616 5665 1743 5733 386,
1794 5676 1844 5720 et
1896 5668 1951 5722 in
2003 5667 2249 5723 concione
2300 5668 2363 5721 de
2406 5666 2734 5733 Epiphania,
2787 5666 2971 5735 paucis
3022 5674 3137 5734 post
3177 5665 3357 5720 diebus
3401 5662 3605 5726 habita,
3656 5664 3782 5710 ιππο

529 5744 649 5804 38⁵1.
697 5752 838 5808 Unde
883 5756 1119 5825 fortassis
1157 5758 1322 5830 [59η
1347 5761 1405 5816 in
1443 5759 1753 5818 alterutrius
1794 5764 1924 5818 anni
1952 5773 2193 5831 sanctam
2218 5761 2919 5821 Parasceveu-hcchomilia
2951 5761 3274 5833 conjicienda
3309 5758 3570 5815 videatur.
3608 5750 3783 5810 Verum
