4100 6450
355 395 453 452 391

358 522 544 572 pacem
584 520 708 561 cum
757 506 920 560 fratre
957 511 1048 558 tuo
1087 504 1190 558 hoc
1226 503 1543 559 sacriﬁcium
1596 504 1793 559 factum
1834 514 1935 561 est.

358 600 413 655 Si
440 601 600 670 igitur
626 608 846 670 propter
875 612 1057 668 pacem
1083 612 1204 652 cum
1234 597 1479 667 proximo
1505 607 1597 653 tuo
1618 598 1935 655 sacriﬁcium

358 690 623 755 offertur,
667 697 723 744 tu
754 703 882 744 vero
924 702 1108 758 pacem
1139 703 1246 742 non
1290 697 1436 743 recte
1479 702 1686 757 servas,
1731 690 1940 747 ctiamsi

355 784 603 839 sacriﬁcii
649 783 913 854 particeps
937 782 1032 848 sis,
1078 781 1278 836 inutilis
1324 780 1420 837 tibi
1464 780 1582 839 hace
1608 783 1943 853 participatio

355 875 584 931 efﬁcitur
609 875 727 929 sine
754 873 932 929 studio
957 871 1231 928 servandae
1261 872 1427 942 pacis.
1465 871 1598 929 illud
1631 889 1758 945 ergo
1795 876 1942 944 prius

356 967 536 1034 facito,
563 982 747 1039 pacem
774 967 976 1022 scilicet
999 980 1124 1020 cura
1141 1004 1157 1032 ,
1193 958 1412 1037 propter
1435 980 1593 1035 quam
1619 966 1939 1020 sacriﬁcium

357 1062 599 1123 oﬁ‘ertur.
645 1067 701 1115 et
738 1068 865 1113 tunc
894 1066 1039 1112 recte
1080 1057 1170 1111 illo
1212 1055 1426 1111 frueris.
1470 1057 1759 1126 Propterea
1799 1059 1941 1112 enim

361 1153 528 1209 Filius
563 1151 655 1206 Dei
683 1150 830 1205 venit
874 1149 927 1204 in
973 1148 1269 1215 mundum,
1313 1159 1371 1203 ut
1417 1158 1658 1203 naturam
1704 1160 1940 1205 nostram

358 1242 913 1307 Patrireconciiiaret,
943 1240 1391 1310 quemadmodum
1427 1242 1500 1295 ait
1530 1241 1762 1296 Paulus:
1788 1239 1943 1295 Nunc

354 1334 890 1392 uutemreconciliaoit
913 1333 1008 1388 sibi
1036 1333 1206 1387 omnia
1259 1332 1450 1400 (Color.
1480 1332 1671 1404 1.22),
1701 1350 1789 1401 per
1816 1350 1940 1386 cru-

356 1444 463 1482 cem
490 1425 796 1493 interficiens
820 1425 1136 1479 inimicitiam
1156 1425 1207 1478 in
1227 1425 1493 1494 semetipso
1516 1423 1729 1497 (Ephes.
1746 1424 1803 1480 2.
1827 1423 1938 1497 16).

361 1519 486 1576 Ideo
506 1533 609 1572 non
639 1519 753 1588 ipse
780 1518 927 1572 solus
951 1516 1094 1571 venit
1133 1526 1189 1570 ut
1226 1531 1408 1586 pacem
1441 1516 1620 1582 iniret,
1646 1516 1739 1571 sed
1765 1526 1816 1572 et
1842 1533 1942 1574 nos

358 1623 570 1682 quoque
598 1608 783 1662 beatos
814 1607 1088 1677 praedicat.
1131 1607 1178 1662 si
1221 1609 1365 1677 paria
1409 1606 1697 1673 faciamus,
1737 1622 1942 1678 uosque

359 1714 471 1754 Sua.-
494 1699 871 1769 appellationis
912 1709 1191 1755 consortes
1225 1698 1410 1754 efﬁcit.
1457 1698 1589 1755 Nam
1611 1698 1756 1753 Beati
1798 1701 1942 1768 paci-

357 1789 462 1860 ﬁci,
488 1789 726 1858 quoniam
753 1789 849 1859 filii
876 1786 972 1843 Dei
996 1788 1306 1843 vocabuntur
1331 1787 1546 1859 (Matth.
1574 1789 1628 1844 5.
1655 1790 1743 1862 9).
1788 1790 1942 1859 Quod

359 1880 539 1951 itaque
565 1879 811 1935 Christus
835 1879 1003 1937 Filius
1031 1881 1126 1937 Dei
1156 1882 1299 1949 fecit,
1326 1882 1555 1953 idipsum
1584 1892 1641 1939 et
1667 1894 1721 1939 tu
1750 1899 1943 1941 secun-

357 1970 484 2026 dum
531 1972 820 2025 humanam
851 1970 1155 2027 facultatem
1186 1972 1366 2040 facito,
1410 1974 1663 2046 pacisque
1690 1974 1947 2032 concilia-

354 2070 442 2118 tor
467 2071 525 2119 et
550 2062 644 2118 tibi
670 2063 776 2130 sis,
806 2073 862 2120 et
892 2065 1140 2135 proximo
1171 2073 1281 2121 tuo.
1318 2065 1442 2121 Ideo
1469 2065 1636 2121 ﬁlium
1668 2068 1762 2123 Dei
1788 2077 1946 2125 vocat

353 2154 634 2228 paciﬁcum
669 2171 684 2209 :
715 2170 836 2212 eam
859 2155 931 2211 ob
955 2171 1069 2212 rem
1104 2157 1154 2212 in
1180 2165 1426 2229 tempore
1464 2158 1713 2216 sacriﬁcii
1736 2160 1943 2217 nullum

353 2248 517 2302 alium
545 2256 811 2303 memorat
827 2247 1051 2318 iustitiae
1072 2249 1310 2317 modum,
1332 2250 1434 2306 nisi
1456 2251 1943 2308 reconciliationem

351 2358 477 2398 cum
519 2340 719 2411 fratre,
761 2331 1051 2398 ostéudens
1093 2344 1369 2399 caritatem
1406 2344 1650 2401 omnium
1690 2344 1942 2401 virtutum

353 2436 640 2492 maximam
683 2450 823 2492 esse.
864 2433 1124 2493 Volebam
1165 2452 1317 2505 sane,
1356 2436 1556 2505 dilecti,
1600 2440 1944 2509 prolixiorem

353 2526 555 2584 habere
599 2542 904 2583 sermonem
946 2545 961 2583 :
1005 2544 1189 2583 verum
1232 2527 1501 2586 sufﬁciunt
1537 2546 1602 2586 ea
1645 2547 1765 2602 qua:
1804 2532 1945 2589 dicta

350 2630 477 2675 sunt
502 2619 589 2688 iis,
613 2618 706 2690 qui
730 2633 918 2675 semen
945 2618 1159 2690 pietatis
1203 2636 1325 2676 cum
1353 2621 1648 2678 attentione
1689 2631 1745 2679 et
1788 2623 1946 2680 intel-

351 2712 567 2783 ligentia
613 2712 932 2783 suscipiunt,
974 2712 1174 2784 quique
1218 2713 1375 2770 dictis
1416 2715 1652 2771 animum
1691 2715 1947 2774 adhibere

350 2804 556 2860 volunt.
601 2803 826 2868 ﬂorum,
870 2818 1077 2874 quaeso,
1106 2805 1390 2861 verborum
1433 2821 1649 2878 semper
1690 2809 1946 2865 recorde-

352 2909 496 2962 mur,
546 2894 918 2965 tremendique
960 2896 1260 2967 amplexus,
1307 2912 1466 2968 quem
1510 2907 1697 2954 mutuo
1732 2900 1945 2957 damus.

352 2986 456 3045 llic
477 2988 623 3044 enim
648 2987 928 3059 amplexus
951 2987 1160 3045 animas
1180 2988 1393 3060 colligat
1412 3000 1644 3058 nostras,
1669 3000 1724 3047 et
1755 3007 1946 3048 omnes

352 3094 520 3135 unum
562 3094 758 3148 corpus
806 3094 871 3134 ac
916 3079 1156 3135 membra
1195 3078 1393 3136 Christi
1438 3082 1603 3137 efﬁcit
1646 3085 1944 3154 :quoniam
1998 3135 2007 3144 .

350 3170 509 3226 unius
534 3170 777 3240 corporis
804 3170 1088 3240 participes
1110 3184 1298 3225 sumus
1318 3186 1525 3228 omnes.
1556 3172 1734 3228 Unum
1764 3174 1944 3245 itaque

351 3260 646 3316 secundum
691 3258 772 3316 rei
820 3260 1101 3315 veritatem
1148 3275 1348 3332 corpus
1392 3261 1690 3318 efﬁciamur
1731 3279 1941 3332 omnes,

352 3367 464 3409 non
488 3367 714 3423 corpora
745 3354 1193 3431 commisceutes,
1231 3354 1327 3410 sed
1351 3354 1559 3411 animas
1588 3368 1774 3412 mutuo
1808 3357 1944 3413 cari-

353 3445 481 3500 tatis
507 3444 718 3501 vinculo
740 3444 1077 3516 colligautes.
1119 3444 1177 3502 Si
1219 3446 1365 3501 enim
1409 3446 1483 3501 ita
1526 3447 1802 3516 faciamus,
1845 3446 1946 3506 hac

351 3534 458 3592 frui
483 3550 669 3592 mensa
713 3549 836 3591 cum
863 3535 1054 3591 ﬁducia
1091 3544 1148 3592 et
1188 3550 1220 3591 a
1247 3536 1449 3594 victore
1475 3537 1687 3595 Christo
1724 3539 1939 3597 tandem

1138 400 1226 457 DE
1267 400 1698 460 COEMETERIO
1735 403 1827 460 ΕΤ
1869 403 1959 460 DE
1997 401 2247 460 CRUCE.
2277 430 2347 439 ——
2374 397 2710 458 MONITUM.

3529 406 3636 464 ξω

2047 507 2347 562 conciliata:
2375 510 2519 577 pacis
2546 511 2882 579 receptacula
2914 510 3028 567 ﬁeri
3067 515 3381 584 poterimus.
3427 517 3635 576 Etenim

2045 598 2092 653 si
2120 608 2373 653 sexcenta
2411 599 2551 656 bona
2578 613 2741 670 Opera
2790 617 2952 671 penes
2982 619 3080 659 nos
3124 605 3448 677 habeamus,
3479 621 3533 665 et
3559 611 3640 666 in.

2042 688 2306 759 juriarum
2333 705 2600 746 memores
2632 693 2831 760 simus,
2859 694 3037 749 omnia
3066 692 3257 751 frustm
3289 708 3342 754 et
3370 699 3636 756 incassum

2051 781 2276 849 egimus,
2311 781 2552 851 nihilque
2576 783 2700 840 inde
2739 785 2805 840 ad
2833 786 3056 841 salutem
3086 787 3282 843 lucrari
3321 793 3637 859 poterimus.

2047 871 2383 928 Ascensurus
2420 874 2562 929 enim
2607 876 2673 930 ad
2722 875 2935 933 Patrem
2981 880 3244 945 Christus,
3293 882 3412 937 loco
3451 885 3639 955 glorise

2048 970 2404 1030 temporariae
2431 974 2485 1020 et
2510 981 2820 1038 magnarum
2848 984 3007 1038 opum
3024 1011 3038 1032 ,
3075 969 3211 1025 hanc
3235 972 3512 1042 discipulis
3542 978 3637 1030 he-

2046 1053 2326 1110 reditatem
2376 1056 2623 1125 relinquit
2664 1057 2849 1113 dicens
2894 1058 3128 1115 :Pacem
3170 1079 3330 1115 nteant
3368 1062 3434 1117 do
3481 1066 3638 1133 vobis,

2047 1161 2223 1214 pacem
2255 1162 2416 1199 meam
2444 1147 2674 1217 relinquo
2698 1148 2836 1202 vobis
2869 1149 3044 1222 (Joan.
3079 1153 3166 1207 M.
3194 1151 3319 1226 27).
3348 1155 3479 1222 Qum
3505 1156 3642 1210 divi-

2050 1235 2157 1301 tiae,
2180 1247 2377 1305 quanta
2403 1238 2747 1308 pecuniarum
2773 1243 2924 1313 copia
2955 1244 3236 1312 pretiosior
3256 1244 3418 1301 fuerit
3439 1246 3641 1303 Christi

2047 1342 2208 1398 pace,
2251 1346 2369 1400 quae
2396 1345 2557 1387 ornue
2585 1333 2805 1387 verbum
2826 1376 2841 1397 ,
2872 1349 3085 1391 onmem
3125 1348 3360 1393 mentem
3386 1339 3643 1409 superat?

2047 1420 2161 1476 Hoc
2190 1422 2368 1495 itaque
2404 1437 2528 1478 cum
2556 1423 2718 1480 sciret
2746 1425 3034 1482 Malachias
3065 1428 3323 1498 propheta
3344 1472 3358 1493 ,
3396 1441 3448 1486 et
3475 1446 3640 1501 grave

2047 1523 2103 1567 et
2123 1515 2514 1569 atrocissimum
2539 1530 2658 1571 esse
2684 1516 2971 1582 delictum,
3005 1534 3073 1573 ex
3103 1534 3330 1589 persona
3358 1521 3448 1576 Dei
3489 1522 3641 1578 dice-

2048 1603 2141 1659 bat
2179 1622 2193 1658 :
2235 1603 2438 1675 Popule
2478 1623 2653 1672 nteus,
2699 1607 2964 1676 loquimini
3008 1611 3264 1665 ceritatem
3302 1615 3647 1684 unusquiqu

2047 1711 2160 1749 cum
2188 1697 2422 1767 proximo
2444 1714 2558 1764 suo,
2585 1708 2631 1753 et
2657 1700 3001 1770 unusquisque
3025 1702 3273 1756 malitiam
3297 1704 3349 1757 in
3375 1705 3528 1761 corde
3550 1722 3647 1762 suo

2047 1797 2225 1841 contra
2267 1789 2553 1859 proximum
2578 1804 2847 1847 suumnon
2871 1801 3052 1862 cogitet
3082 1792 3286 1862 injuria:
3323 1811 3514 1849 menter
3549 1811 3568 1851 :
3596 1805 3648 1853 et

2038 1879 2388 1948 juramentum
2414 1879 2637 1935 mendae:
2663 1898 2727 1934 ne
2764 1881 2960 1953 diligite
2978 1924 2995 1948 ,
3026 1892 3070 1936 et
3100 1901 3200 1939 non
3231 1887 3512 1941 moriemini
3551 1889 3647 1941 do-

2047 1987 2163 2026 mu;
2214 1961 2424 2033 Israel,
2477 1962 2607 2020 dicit
2662 1964 2916 2020 Dominus
2976 1966 3148 2035 (Zaclt
3188 2012 3204 2029 .
3261 1973 3314 2029 8.
3376 1972 3469 2029 16.
3526 1980 3645 2048 17).

2048 2061 2130 2117 Ac
2157 2061 2203 2117 si
2232 2061 2475 2129 diceret,
2518 2062 2562 2116 si
2601 2064 2774 2119 futuri
2800 2063 2935 2118 estis
2970 2065 3290 2132 mendaces,
3328 2066 3643 2136 injuriarum

2049 2166 2341 2218 memores,
2371 2151 2592 2222 periuri,
2623 2152 2998 2208 oblivnsceutcs
3025 2154 3272 2211 mandata
3300 2172 3439 2223 mea,
3468 2168 3642 2215 morte

2049 2243 2373 2300 moriemini.
2420 2243 2547 2299 Haec
2577 2244 2738 2316 igitur
2775 2245 2954 2301 omnia
2982 2247 3217 2303 scientes
3238 2289 3254 2315 ,
3284 2247 3501 2317 dilecti,
3529 2265 3649 2305 om-

2049 2351 2172 2391 nem
2202 2337 2472 2392 solvamus
2496 2338 2661 2404 iram,
2689 2353 2872 2408 pacem
2912 2351 3098 2395 mutuo
3125 2355 3432 2409 servemus,
3459 2343 3647 2400 avulsa

2052 2428 2302 2499 nequitia:
2331 2429 2511 2485 radice
2556 2440 2884 2502 purgatoque
2926 2432 3292 2499 conscientia;
3337 2448 3460 2490 cum
3490 2450 3647 2489 man-

2050 2521 2332 2579 suetudine
2372 2530 2428 2579 et
2455 2522 2718 2578 modestia
2757 2538 3054 2595 magnaque
3096 2526 3292 2596 pietate
3324 2527 3390 2581 ad
3420 2526 3649 2584 horren-

2052 2611 2243 2668 dorum
2289 2620 2347 2668 et
2395 2613 2713 2669 terribilium
2762 2615 3139 2687 mysteriorum
3188 2618 3649 2687 participationem

2052 2703 2409 2769 accedamus,
2441 2720 2551 2759 non
2581 2705 2951 2777 impellentes,
2980 2721 3087 2761 non
3111 2707 3348 2762 calcibus
3384 2708 3652 2778 impeten-

2053 2802 2155 2862 tcs,
2203 2810 2308 2849 nou
2350 2810 2473 2849 cum
2513 2800 2736 2866 strepitu
2765 2804 2821 2852 et
2864 2798 3098 2854 clamore
3124 2796 3486 2855 vociferantes
3507 2841 3522 2865 ,
3553 2799 3650 2856 sed

2050 2899 2171 2940 cum
2197 2886 2390 2941 timore
2428 2894 2485 2942 et
2511 2896 2745 2943 tremore
2769 2904 2982 2957 magno,
3013 2904 3133 2943 cum
3164 2891 3573 2959 compunctione
3594 2899 3653 2948 et

2052 2976 2307 3049 iacrymis
2334 2995 2348 3033 :
2378 2987 2437 3031 ut
2466 2978 2727 3049 benignus
2755 2980 2843 3036 ille
2870 2981 3145 3047 Dominus,
3176 2984 3456 3052 pacificum
3485 2985 3650 3040 animi

2050 3077 2269 3135 statum,
2300 3084 2403 3123 non
2430 3070 2733 3123 simulatam
2759 3070 3063 3136 caritatem,
3112 3080 3164 3125 et
3201 3070 3425 3127 fraterni
3449 3074 3651 3130 amoris

2050 3160 2378 3215 consortium
2401 3176 2631 3230 superne
2651 3161 2965 3231 reSpicicns.
2987 3171 3043 3216 et
3067 3162 3148 3216 his
3169 3162 3270 3215 bon
3284 3163 3328 3216 is
3350 3172 3404 3217 et
3423 3164 3653 3232 promis-

2050 3250 2125 3306 sis
2151 3265 2249 3305 nos
2275 3264 2463 3306 omnes
2498 3250 2746 3321 dignetur
2767 3292 2782 3315 ,
2811 3253 2978 3323 gratia
3003 3262 3058 3307 et
3083 3252 3409 3324 benignitate
3437 3254 3649 3311 Domini

2050 3332 2219 3396 nostri
2259 3341 2384 3397 Jcsu
2410 3341 2647 3407 Christi,
2680 3344 2893 3412 quicum
2924 3344 3088 3410 Patri,
3114 3352 3170 3400 et
3195 3360 3296 3399 una
3323 3354 3506 3401 sancto
3529 3345 3653 3416 Spi-

2050 3430 2176 3487 ritui
2197 3473 2212 3496 ,
2246 3431 2414 3501 gloria
2436 3472 2452 3499 ,
2484 3431 2803 3502 imperium,
2834 3433 3042 3502 honor,
3071 3449 3213 3489 nunc
3238 3443 3297 3490 et
3316 3450 3550 3505 semper,
3593 3445 3652 3493 et

2052 3522 2108 3578 in
2135 3523 2333 3579 saecula
2357 3522 2702 3580 stcculorum.
2731 3525 2928 3580 Amen.

1758 4216 2246 4279 ADMONITIO.

371 4481 515 4519 anno
565 4464 665 4523 586
706 4465 899 4537 festum
933 4477 1132 4525 sanctae
1174 4467 1473 4536 Domninte,
1523 4470 1629 4525 sive
1683 4470 1889 4524 decima
1937 4479 2133 4542 quarta
2174 4473 2286 4527 dies
2312 4472 2529 4543 Aprilis,
2558 4474 2834 4528 undecimo
2870 4480 2989 4543 post
3034 4470 3384 4538 Parasceven,
3424 4479 3475 4525 et
3507 4486 3660 4526 anno

371 4562 480 4619 587
512 4564 787 4619 undecimo
825 4574 948 4620 ante
990 4564 1319 4621 Parasceven
1363 4566 1449 4621 die
1484 4566 1807 4621 occurrebat.
1838 4564 2175 4622 Probabilius
2205 4585 2328 4640 ergo
2355 4570 2619 4640 referatur
2643 4569 2702 4622 in
2745 4584 2944 4623 annum
2979 4568 3105 4635 592,
3144 4584 3247 4640 quo
3275 4565 3483 4621 Pascha
3517 4565 3660 4622 cele-

373 4658 630 4715 brabatur
668 4662 915 4717 vicesima
959 4672 1145 4717 octava
1211 4662 1414 4728 Martii,
1468 4671 1518 4717 et
1567 4663 1773 4717 decima
1833 4672 2028 4735 quarta
2086 4662 2286 4733 Aprilis
2329 4665 2634 4718 occurrebat
2686 4666 2968 4719 octodecim
3013 4663 3192 4717 diebus
3251 4669 3365 4731 post
3412 4670 3657 4715 sanctam

373 4754 728 4811 Parasceven.
771 4755 887 4811 imo
926 4756 1116 4825 viginti
1160 4756 1298 4822 dies,
1336 4755 1381 4812 si
1410 4755 1727 4812 vicesimam
1757 4766 1968 4811 sextam
2012 4754 2191 4811 Martii
2220 4771 2329 4827 qua
2362 4755 2712 4822 Parasceves,
2750 4767 2806 4812 et
2843 4756 3108 4812 decimam
3144 4761 3397 4823 quartam
3429 4751 3659 4822 Aprilis,

375 4863 485 4917 qua
528 4846 586 4902 S.
624 4847 908 4902 Domnime
945 4848 1146 4903 festum
1195 4849 1593 4914 celebrabatur,
1639 4862 2024 4905 connumeres.

451 4943 547 4998 llis
596 4943 907 5013 udjicimus,
951 4955 1054 4995 nos
1093 4956 1159 4996 ex
1203 4943 1575 5000 admonitione
1600 4943 1745 5000 circa
1773 4945 2069 5001 tumultum
2101 4944 2158 4998 in
2193 4942 2506 4999 accedendo
2533 4941 2603 4996 ad
2633 4956 2843 4997 sacram
2872 4937 3311 4994 communionem
3363 4953 3472 4993 non
3515 4938 3658 4993 mul-

376 5043 497 5090 tum
545 5034 775 5101 moveri,
824 5043 884 5089 ut
924 5050 1046 5089 eam
1089 5034 1175 5088 vel
1206 5036 1261 5088 in
1293 5051 1498 5091 annum
1528 5035 1656 5101 586,
1686 5037 1773 5090 vel
1826 5038 1883 5091 in
1911 5052 2118 5091 annum
2141 5036 2246 5091 387
2287 5035 2661 5104 conjiciamus.
2692 5032 2880 5101 Neque
2913 5031 3061 5085 enim
3086 5031 3140 5084 in
3178 5028 3416 5085 homiliis
3446 5037 3666 5086 tantum

374 5131 447 5185 de
488 5130 669 5185 Natali
712 5138 768 5184 et
804 5131 873 5185 de
913 5127 1257 5198 Ephipbania
1304 5130 1605 5186 admonitio
1651 5131 1967 5200 huiusmodi
2019 5132 2279 5195 occurrit,
2319 5130 2416 5185 sed
2456 5129 2618 5183 etiam
2662 5126 2719 5180 in
2759 5125 2980 5180 homilia
3024 5124 3349 5196 praecedenti
3399 5126 3474 5181 De
3504 5125 3668 5182 ludar

375 5222 696 5293 proditione,
749 5222 910 5291 cujus
948 5235 1155 5275 annum
1197 5220 1476 5291 assignare
1512 5236 1622 5277 non
1664 5221 1964 5291 potuimus.
1997 5219 2139 5287 Quid
2187 5221 2332 5274 enim
2376 5217 2706 5274 incommodi
2737 5217 2979 5282 accedat,
3022 5216 3067 5271 si
3115 5231 3383 5287 ponamus
3414 5216 3688 5304 Chrysa-5

380 5324 621 5369 stomqu
662 5314 850 5370 multis
896 5315 1171 5385 variisque
1213 5316 1396 5381 annis,
1427 5315 1554 5386 quia
1585 5331 1685 5385 par
1716 5316 1984 5371 tumultus
2015 5333 2045 5371 a
2092 5316 2294 5387 populo
2323 5315 2719 5377 concitabatur,
2762 5313 2952 5368 eadem
2992 5313 3070 5368 uti
3108 5314 3488 5369 adhortatione
3520 5328 3673 5384 opust

380 5406 687 5462 habuisse?
724 5407 935 5462 Meliori
980 5408 1146 5480 igitur
1185 5408 1396 5465 calculo
1438 5409 1496 5464 in
1536 5425 1743 5464 annum
1792 5408 1898 5465 592
1944 5410 2248 5465 referamus
2285 5427 2299 5464 :
2334 5409 2435 5464 etsi
2485 5424 2593 5463 non
2639 5407 2820 5462 omnis
2857 5422 3086 5478 prorsus
3119 5408 3341 5461 tollatur
3370 5407 3663 5462 dubitandi

379 5517 546 5557 causa
580 5520 593 5555 :
625 5516 756 5556 nam
790 5514 851 5555 ut
882 5501 1119 5557 diximus
1162 5502 1369 5558 Monito
1416 5502 1473 5557 in
1520 5502 1771 5558 homilias
1812 5512 1998 5557 contra
2041 5503 2273 5566 Judwos,
2323 5502 2545 5557 Tabulae
2577 5501 2891 5572 paschales,
2932 5515 3055 5571 quae
3099 5508 3228 5554 sunt
3256 5497 3667 5569 posterioribus

379 5592 592 5648 saeculis
623 5591 988 5659 concinnatur,
1020 5606 1146 5649 cum
1185 5593 1465 5651 veteribus
1503 5593 1731 5650 calculis
1768 5608 1880 5648 non
1917 5595 2253 5650 concordare
2299 5593 2458 5649 facile
2501 5603 2753 5664 possunt,
2784 5595 2963 5665 iisque
3000 5608 3111 5648 non
3144 5590 3369 5649 omnino
3403 5590 3538 5647 ﬁdes
3565 5596 3667 5645 est.

296 5722 301 5725 -
382 5689 657 5747 habenda.

452 5781 638 5838 Jacobi
683 5780 922 5838 Gretseri
973 5780 1489 5853 interpretationem
1538 5781 1806 5846 Latinam,
1854 5782 2063 5856 aliquot
2104 5783 2159 5839 in
2202 5783 2335 5840 locis
2379 5771 2713 5856 castigatam,
2758 5779 3051 5838 edidimus.
