4100 6456
522 428 630 488 3C5

1235 429 1291 484 S.
1331 427 1620 484 JOANNIS
1659 429 2152 488 CHRYSUSTOMI
2192 429 2514 488 ARCllll'LP.
2559 428 3109 487 CONSTANTINOP.
3701 433 3792 491 304

1492 1101 1569 1161 lN
1625 1101 2113 1166 COEMETERII
2172 1103 2852 1166 APPELLATIONEM

1012 1447 1092 1492 ET
1133 1448 1196 1492 IN
1242 1448 1494 1494 CRUCEM
1533 1450 1758 1496 DOMINI
1800 1451 1878 1495 ET
1917 1453 2024 1498 DEI
2065 1454 2141 1498 ET
2182 1455 2566 1502 SALVATORIS
2610 1457 2838 1503 NOSTRI
2877 1458 3028 1504 JESU
3070 1459 3307 1506 CHRIS"

603 1995 653 2046 1.
694 1990 798 2048 Cur
824 1998 966 2044 extra
989 1989 1234 2044 civitatem
1260 1989 1434 2043 concio
1457 1989 1755 2056 haberetur;
1783 1991 2116 2046 eametcrium

525 2083 663 2137 unde
685 2081 896 2135 dictum.
927 2111 998 2121 —
1015 2081 1168 2150 Sarpe
1189 2080 1328 2150 apud
1350 2081 1586 2136 animum
1607 2097 1785 2136 meum
1807 2081 2080 2153 disquisivi
2096 2124 2113 2151 ,

529 2176 681 2241 cujus
709 2174 873 2244 gratia
904 2174 1137 2243 majores
1180 2173 1381 2238 nostri,
1413 2174 1613 2228 relictis
1641 2174 1876 2240 aedibus,
1899 2191 2030 2245 quas
2061 2175 2114 2230 in

531 2266 749 2320 urbibus
789 2264 1011 2328 habent,
1035 2265 1152 2335 lege
1180 2265 1281 2318 lata
1308 2265 1587 2318 statuerint
1607 2305 1622 2330 ,
1654 2272 1713 2319 ut
1735 2274 1885 2320 extra
1925 2266 2115 2320 civita-

527 2368 634 2412 tem
666 2358 842 2424 hodie,
873 2368 928 2413 et
951 2358 1165 2428 quidem
1205 2358 1258 2412 in
1289 2357 1393 2412 hoc
1417 2359 1538 2412 loco
1571 2358 1623 2412 in
1649 2358 1962 2412 concionem
1987 2372 2116 2412 con-

529 2452 832 2506 veniremus
859 2469 872 2504 :
906 2466 1077 2521 neque
1102 2451 1244 2504 enim
1290 2450 1407 2505 sine
1433 2465 1613 2515 causa,
1642 2464 1816 2519 neque
1841 2458 2046 2505 temere
2063 2449 2115 2503 id

525 2543 717 2598 fecisse
737 2543 1002 2597 videntur.
1031 2543 1290 2610 Quocirca
1313 2549 1368 2596 et
1390 2555 1605 2596 causam
1637 2539 1901 2611 indagavi,
1922 2551 2114 2594 etcum

529 2634 623 2691 Dei
659 2636 825 2706 gratia
873 2636 1047 2690 inveni
1082 2635 1282 2704 justam
1320 2649 1460 2698 esse,
1491 2640 1546 2688 et
1596 2633 1791 2687 rationi
1832 2640 2116 2687 consenta-

527 2743 682 2782 ueam
708 2769 722 2793 ,
751 2727 1108 2796 praesentique
1147 2726 1285 2780 festo
1327 2733 1739 2795 competentem.
1785 2724 1914 2792 Quae
1958 2724 2116 2796 igitur

527 2833 683 2874 causa
727 2819 847 2874 est?
889 2818 1075 2872 Crucls
1120 2819 1432 2873 memoriam
1480 2819 1705 2888 agimus.
1737 2818 1805 2870 At
1833 2817 2115 2872 cruciﬁxus

527 2924 675 2964 extra
707 2911 975 2966 civitatem
1005 2910 1152 2964 cruci
1181 2911 1371 2965 afﬁxus
1396 2918 1514 2964 est:
1548 2918 1829 2980 propterea
1855 2919 2006 2964 extra
2037 2909 2114 2964 ci-

526 3004 740 3056 vitatem
795 3017 895 3057 nos
929 3001 1247 3056 eduxerunt.
1289 3000 1421 3055 Nam
1463 3010 1728 3069 pastorem
1749 3041 1764 3067 ,
1793 3001 1994 3069 inquit,
2025 3015 2113 3055 se-

523 3103 756 3164 qmmtur
774 3108 922 3148 oves.
950 3092 1050 3149 Ubi
1072 3109 1199 3147 vero
1227 3107 1316 3148 rex
1343 3134 1358 3159 ,
1386 3093 1457 3148 ibi
1484 3100 1540 3147 et
1565 3093 1758 3146 milites
1781 3110 1795 3157 ;
1826 3101 1880 3146 et
1909 3091 1994 3147 ubi
2026 3107 2116 3145 ca-

522 3187 708 3252 daver,
742 3186 811 3240 ibi
842 3194 897 3240 et
920 3185 1110 3256 aquila:
1139 3184 1370 3256 (Matth.
1398 3187 1490 3239 24.
1545 3182 1658 3256 28).
1695 3183 1799 3239 Sed
1828 3193 1978 3240 extra
2025 3185 2105 3238 ei-

524 3275 743 3332 vitatem
800 3277 936 3330 hanc
979 3276 1191 3347 quidem
1240 3277 1310 3330 ob
1353 3291 1566 3332 causam
1621 3277 2110 3349 (congregantur).

520 3368 788 3423 Caeterum
832 3367 971 3422 hanc
1014 3383 1135 3422 esse
1166 3383 1379 3422 causam
1406 3409 1421 3434 ,
1468 3369 1635 3423 satius
1681 3368 1922 3422 fortassis
1953 3367 2114 3422 fuerit

522 3460 896 3516 demonstrare
940 3459 1092 3528 prius
1137 3474 1203 3514 ex
1241 3459 1436 3513 divinis
1485 3458 1776 3529 Scripturis
1806 3476 1818 3512 :
1850 3475 1918 3514 ne
1969 3461 2112 3513 enim

520 3553 840 3609 existimetis
869 3551 1008 3605 hanc
1042 3565 1163 3606 esse
1191 3551 1553 3619 conjecturam
1584 3559 1855 3617 nostram,
1888 3549 2110 3606 Paulum

523 3645 676 3700 vobis
721 3651 909 3698 testem
937 3643 1025 3697 do.
1058 3642 1194 3708 Quid
1231 3643 1390 3712 igitur
1426 3643 1518 3698 ille
1564 3643 1637 3696 ait
1679 3643 1747 3698 de
1793 3644 2113 3699 sacriﬁciis?

526 3739 755 3802 Quorum
784 3736 916 3789 enim
963 3735 1261 3788 animalium
1299 3735 1514 3805 infertur
1547 3735 1752 3805 sanguis
1781 3751 1874 3806 pro
1899 3737 2114 3805 peccatis

521 3831 575 3884 in
617 3837 792 3883 sancta
833 3843 923 3896 per
963 3826 1262 3896 Pontiﬁcem
1283 3867 1298 3890 ,
1342 3828 1523 3880 horum
1571 3842 1785 3899 corpora
1826 3839 2114 3882 cremantur

521 3932 663 3978 extra
687 3930 854 3974 castra
884 3918 904 3992 (
935 3918 1090 3973 Πρω.
1122 3920 1208 3973 15.
1243 3919 1297 3973 11
1327 3919 1367 3988 ).
1401 3919 1625 3989 Propter
1664 3921 1804 3990 quod
1836 3930 1888 3975 et
1917 3921 2071 3975 Jesus
2093 3962 2108 3987 ,

527 4027 585 4068 ut
605 4013 964 4068 sanctiﬁcaret
993 4028 1088 4082 per
1113 4028 1265 4066 suum
1309 4012 1618 4082 sanguinem
1657 4014 1904 4082 populum
1924 4056 1938 4080 ,
1962 4025 2112 4069 extra

522 4114 730 4173 portam
759 4118 947 4174 passus
971 4111 1072 4158 est.
1115 4103 1384 4158 Exeamus
1413 4103 1572 4174 igitur
1609 4105 1676 4158 ad
1702 4121 1825 4160 eum
1851 4116 1999 4160 extra
2026 4121 2116 4160 ca-

521 4209 664 4265 stra,
691 4197 1072 4266 improperium
1101 4196 1216 4265 ejus
1245 4205 1536 4265 portantes.
1571 4197 1744 4264 Dixit,
1768 4199 1928 4267 jussit
1970 4199 2111 4252 Pau-

521 4289 644 4355 lus;
673 4289 1157 4356 obtemperavimus
1177 4329 1192 4352 ,
1220 4289 1504 4343 exivimus.
1546 4287 1710 4342 Extra
1739 4289 1897 4359 igitur
1921 4288 2019 4343 hac
2045 4289 2114 4345 de

522 4397 681 4436 causa
708 4394 1115 4449 congregamur.
1149 4380 1216 4431 At
1247 4380 1396 4448 cujus
1421 4380 1592 4450 gratia
1622 4379 1674 4433 in
1705 4379 1806 4434 hoc
1836 4381 2110 4452 martyrio,

521 4487 629 4526 non
676 4473 727 4525 in
770 4472 919 4524 alio?
945 4470 1154 4525 Etenim
1193 4469 1372 4525 divino
1402 4487 1623 4527 munere
1661 4486 1994 4542 quocumque
2045 4485 2112 4524 ex

523 4566 690 4618 latere
727 4563 854 4616 urbs
898 4571 1078 4614 nostra
1118 4573 1425 4615 sanctorum
1469 4563 1705 4632 reliquiis
1729 4561 2111 4617 circummuni-

521 4664 628 4708 tur.
659 4651 822 4720 Cujus
867 4651 1023 4721 igitur
1048 4650 1215 4722 gratia
1249 4651 1334 4706 hic
1353 4693 1368 4718 ,
1403 4668 1506 4706 non
1544 4654 1595 4706 in
1621 4654 1726 4706 alio
1755 4654 2008 4723 martyrio
2032 4651 2106 4723 (a)

520 4761 619 4822 nos
661 4744 950 4800 convenire
992 4744 1272 4797 voluerunt
1317 4743 1548 4812 majores
1595 4728 1807 4800 nostri?
1847 4746 1978 4814 Quia
2023 4745 2112 4800 hic

521 4848 851 4892 mortuorum
883 4835 1166 4890 multitudo
1207 4837 1304 4890 sita
1333 4845 1432 4890 est.
1468 4836 1600 4890 Cum
1628 4837 1787 4906 igitur
1811 4836 1972 4892 hodie
2003 4837 2113 4891 Do-

521 4929 697 4983 minus
730 4929 796 4983 ad
825 4937 1064 4983 mortuos
1090 4927 1457 4990 descenderit,
1480 4943 1542 4982 ea
1573 4926 1640 4981 de
1662 4942 1822 4982 causa
1849 4927 1937 4981 hic
1959 4929 2111 4983 colli-

519 5021 715 5089 gimur,
734 5021 804 5074 ob
831 5019 880 5073 id
913 5020 1026 5089 ipse
1049 5021 1206 5074 etiam
1238 5020 1387 5073 locus
1413 5018 1782 5074 coemeterium
1808 5019 2110 5074 nominatus

520 5121 604 5169 est
628 5128 640 5162 :
666 5120 722 5165 ut
747 5111 939 5178 discas,
966 5121 1226 5178 mortuos,
1259 5120 1313 5166 et
1337 5126 1431 5167 eos
1455 5113 1543 5183 qui
1575 5112 1662 5166 hic
1688 5113 1797 5180 siti,
1827 5129 1932 5167 non
1961 5128 2108 5168 mor-

521 5213 676 5269 tuos,
709 5202 802 5257 sed
849 5217 1038 5258 somno
1080 5205 1389 5274 consopitos
1418 5219 1538 5260 esse
1579 5213 1634 5259 et
1677 5204 1932 5260 dormire.
1974 5204 2106 5259 Nam

518 5305 643 5375 apte
671 5294 864 5350 Christi
897 5297 1180 5351 adventum
1223 5312 1370 5351 mors
1413 5311 1608 5352 nomen
1639 5298 1828 5352 mortis
1857 5297 2104 5352 habebat.

522 5387 884 5457 Quacumque,
919 5387 1127 5455 inquit,
1157 5388 1240 5442 die
1283 5389 1598 5443 comederitis
1639 5389 1703 5443 de
1749 5390 1915 5460 ligno,
1947 5398 2107 5445 morte

518 5479 804 5534 moriemini
830 5478 850 5552 (
873 5478 1002 5534 Gen.
1034 5479 1089 5533 2.
1123 5481 1189 5533 17
1217 5479 1256 5551 ).
1284 5479 1350 5533 Et
1378 5479 1569 5534 iterum
1595 5497 1608 5533 :
1637 5481 1818 5534 Anima
1847 5497 1960 5552 qua:
1985 5497 2103 5550 pec-

581 5612 652 5674 fa)
686 5610 990 5676 Martyrium,
1020 5614 1065 5663 id
1088 5621 1182 5674 est,
1207 5611 1415 5676 ecclesia
1438 5619 1696 5676 martyrum
1713 5615 1912 5676 nomine
1932 5627 2103 5664 conse-

515 5673 660 5738 crata,
682 5673 760 5738 vel
784 5673 833 5723 in
851 5689 942 5736 qua
967 5684 1228 5738 martyrum
1251 5687 1358 5724 ossa
1371 5673 1590 5738 deposita
1609 5682 1737 5738 sunt.
1757 5683 1853 5724 Vox
1872 5675 2104 5738 frequens

516 5734 641 5792 apud
669 5734 931 5798 scriptores
955 5734 1323 5786 ecclesiasticos.
1353 5734 1467 5785 Vide
1490 5749 1601 5798 quae
1623 5736 1834 5786 diximus
1856 5738 1904 5785 in
1931 5734 2100 5786 Filitio-

517 5805 581 5841 ne
605 5801 648 5843 s.
673 5797 908 5847 Athanasii
945 5799 994 5847 in
1015 5799 1332 5849 Onomastico.
1379 5797 1491 5846 vide
1511 5797 1676 5848 etiam
1711 5799 1996 5849 Glossarium
2021 5806 2095 5847 Gr.

513 5856 674 5918 (Σωτςῆ
696 5857 755 5907 ad
781 5871 948 5908 vocem
972 5872 1177 5921 Ws.

2223 1999 2339 2058 cat,
2363 1993 2476 2062 ipsa
2504 1991 2746 2046 morietur
2789 1990 2810 2062 (
2831 1989 3018 2049 Επειδὴ.
3053 1993 3134 2048 18.
3157 1995 3227 2050 ‘20
3246 1993 3290 2066 ).
3340 1996 3408 2052 Et
3439 1997 3636 2052 David:
3667 1999 3797 2057 Mors

2226 2091 2545 2150 peccatorum
2573 2083 2708 2137 mala
2736 2082 2923 2155 (Psal.
2949 2085 3036 2140 55.
3065 2085 3133 2139 22
3157 2088 3175 2158 )
3207 2102 3222 2140 :
3254 2103 3475 2154 rursus,
3512 2089 3726 2145 Pretiosa
3747 2093 3794 2144 in

2223 2182 2489 2243 conspectu
2513 2172 2717 2226 Domini
2743 2190 2877 2229 mors
2904 2184 3191 2230 sanctarum
3217 2180 3326 2248 ejus
3351 2178 3521 2255 (Psal.
3547 2182 3663 2238 115.
3691 2181 3793 2252 15).

2219 2263 2286 2318 Et
2312 2263 2434 2331 Job,
2466 2264 2606 2319 Mors
2632 2267 2740 2320 uiro
2767 2267 2957 2338 requies
2981 2266 3103 2337 (Job
3157 2269 3209 2323 3.
3239 2268 3333 2325 23.
3365 2281 3414 2325 et
3438 2273 3522 2326 17.
3555 2272 3662 2344 16).
3694 2273 3788 2328 Ne-

2219 2369 2323 2423 que
2346 2355 2517 2410 solum
2557 2371 2722 2422 mors,
2745 2356 2840 2411 sed
2869 2367 2922 2411 et
2942 2357 3180 2413 infernus
3205 2361 3520 2419 vocabatur.
3543 2365 3671 2418 Audi
3700 2365 3790 2418 Da-

2218 2445 2394 2499 videm
2449 2445 2715 2502 dicentem
2763 2465 2776 2501 :
2816 2445 3171 2504 Verumtamen
3222 2450 3364 2507 Deus
3406 2463 3544 2508 eruet
3589 2456 3791 2510 animum

2219 2552 2382 2589 meam
2405 2537 2468 2590 de
2495 2554 2648 2590 manu
2674 2537 2845 2608 inferi,
2873 2555 2991 2592 cum
3017 2541 3263 2610 acceperit
3292 2559 3373 2597 me
3402 2543 3574 2613 (Psal.
3591 2543 3787 2616 48.16);

2217 2636 2271 2682 et
2303 2626 2502 2695 Jacob,
2537 2627 2801 2683 Deducetis
2825 2640 3126 2685 senectutem
3165 2649 3326 2686 meam
3363 2651 3480 2688 cum
3507 2652 3706 2689 mazrore
3731 2637 3787 2688 ad

2217 2720 2474 2792 infernum
2499 2718 2665 2792 (Gen.
2691 2720 2780 2776 42.
2810 2721 2880 2776 58
2900 2721 2940 2792 ).
2973 2722 3099 2777 llaec
3127 2725 3341 2780 nomina
3369 2725 3600 2782 habebat
3634 2727 3790 2780 obitus

2218 2820 2402 2868 noster
2443 2812 2702 2868 anteactis
2745 2815 3072 2884 temporibus
3102 2833 3119 2870 :
3144 2827 3198 2871 at
3246 2827 3527 2890 postquam
3564 2818 3789 2874 Christus

2219 2907 2383 2971 venit,
2419 2913 2474 2960 et
2504 2921 2600 2976 pro
2644 2907 2826 2961 mundi
2857 2907 2962 2962 vita
3003 2917 3227 2964 mortem
3278 2912 3478 2978 subiit,
3508 2926 3647 2966 mors
3692 2927 3786 2965 nou

2217 2996 2448 3064 amplius
2478 3007 2698 3051 vocatur
2727 3012 2871 3053 mors
2888 3040 2904 3065 ,
2931 3000 3025 3053 sed
3052 3014 3273 3055 somnus
3298 3011 3352 3056 et
3378 3001 3643 3058 dormitio.
3674 3003 3787 3056 Dor-

2219 3089 2494 3142 mitionem
2526 3090 2786 3159 appellari
2814 3099 3074 3146 testantur
3102 3092 3190 3145 illa
3223 3094 3435 3148 Domini
3464 3094 3618 3149 verba
3651 3109 3662 3144 :
3694 3091 3786 3145 La-

2215 3195 2367 3232 zarus
2394 3181 2588 3235 amicus
2611 3191 2780 3236 noster
2802 3182 2985 3236 dormit
3007 3182 3027 3258 (
3047 3182 3205 3238 Joan.
3252 3187 3334 3241 11.
3369 3187 3430 3242 11
3456 3186 3495 3256 ).
3524 3185 3634 3242 Non
3661 3185 3786 3239 enim

2218 3271 2369 3334 dixit,
2401 3271 2638 3327 Mortuus
2665 3281 2765 3336 est,
2798 3276 3040 3344 quamvis
3069 3291 3254 3331 revera
3285 3288 3526 3334 mortuus
3554 3286 3704 3332 esset.
3727 3275 3786 3332 Ut

2217 3377 2347 3416 vero
2379 3362 2640 3433 intelligas
2668 3380 2860 3420 nomen
2889 3367 3224 3423 dormitionis
3252 3373 3590 3441 peregrinum
3619 3367 3782 3430 fuisse.

2217 3453 2496 3508 considera
2520 3453 2790 3524 quomodo
2818 3453 2920 3510 hoc
2957 3457 3140 3512 audito
3181 3461 3400 3516 nomine
3427 3460 3659 3529 discipuli
3689 3466 3786 3510 tur-

2216 3545 2433 3612 bentur,
2459 3556 2511 3600 et
2535 3546 2716 3602 dicant
2740 3565 2754 3601 :
2779 3546 3016 3615 Domine,
3039 3551 3084 3605 si
3107 3552 3312 3616 dormit,
3334 3555 3505 3609 salvus
3527 3555 3618 3608 erit
3641 3549 3782 3623 (Ibid.

2216 3652 2264 3689 υ.
2294 3636 2404 3708 12).
2433 3637 2582 3692 Adeo
2609 3653 2716 3694 non
2747 3640 3146 3706 intellexerant,
3173 3643 3298 3712 quid
3323 3645 3425 3700 sibi
3453 3645 3644 3699 dictum
3671 3640 3782 3695 illud

2216 3728 2464 3784 voluerit.
2499 3729 2690 3784 lterum
2719 3730 2913 3785 Paulus
2937 3749 2951 3785 :
2982 3730 3125 3803 Ergo
3138 3743 3184 3787 et
3213 3734 3298 3803 qui
3325 3735 3652 3798 dormierunt,
3679 3745 3784 3799 per-

2217 3821 2381 3874 ierunt
2423 3820 2516 3893 (1.
2549 3820 2666 3876 Cor.
2710 3824 2798 3878 15.
2849 3823 3096 3895 l8)?ad
3147 3827 3410 3896 quosdam
3451 3827 3544 3882 ait.
3602 3825 3783 3878 Rursus

2217 3913 2339 3966 alibi
2367 3912 2434 3966 de
2459 3912 2724 3969 defunctis
2750 3915 2974 3985 loquens
2995 3957 3008 3979 .
3045 3915 3189 3983 Nos,
3219 3918 3420 3987 inquit,
3453 3920 3538 3990 qui
3563 3918 3778 3976 vivimus,

2222 4022 2321 4058 non
2351 4008 2708 4074 prteveniemus
2735 4025 2819 4062 eos
2844 4009 2929 4077 qui
2954 4008 3264 4064 dormierunt
3294 4011 3370 4080 (1.
3406 4011 3579 4066 Thess.
3601 4009 3651 4062 4.
3683 4004 3778 4071 li).

2221 4099 2289 4153 Et
2329 4099 2452 4153 alibi
2487 4117 2502 4153 :
2536 4100 2701 4171 Surge
2722 4141 2737 4168 ,
2768 4102 2852 4171 qui
2899 4102 3089 4156 dormis
3119 4101 3350 4174 (Epltes.
3398 4105 3451 4160 5.
3483 4104 3546 4159 14
3637 4099 3697 4154 Et
3733 4104 3783 4149 υι

2219 4192 2526 4246 ostenderet
2567 4208 2626 4247 se
2672 4193 2740 4247 de
2768 4193 2992 4247 mortuis
3036 4194 3139 4249 hoc
3179 4195 3380 4261 dicere,
3417 4191 3782 4251 additzEter-

2218 4300 2369 4355 surge
2395 4301 2427 4336 a
2451 4286 2678 4339 mortuis.
2713 4285 2848 4340 Vide
2868 4286 3136 4356 quomodo
3167 4288 3360 4358 ubique
3391 4304 3533 4343 mors
3558 4281 3780 4340 nomine-

2219 4384 2305 4427 tur
2327 4389 2548 4428 somnus
2576 4393 2589 4428 :
2617 4391 2720 4445 qua
2747 4375 2815 4429 de
2853 4391 3012 4431 causa
3037 4389 3092 4432 et
3119 4377 3269 4433 locus
3305 4376 3622 4439 cmmeterii,
3643 4368 3776 4444 quasi

2215 4466 2385 4533 dicas,
2419 4465 2738 4534 dormitorii,
2769 4483 2961 4523 nomen
2995 4470 3216 4528 invenit.
3249 4471 3389 4528 Utile
3413 4472 3551 4527 enim
3578 4468 3672 4522 hoc
3694 4477 3780 4517 no-

2215 4575 2339 4614 men
2376 4569 2490 4623 est,
2519 4570 2574 4614 et
2599 4559 2947 4630 philosophia:
2974 4563 3155 4615 multae
3182 4563 3421 4632 plenum.
3453 4557 3666 4628 Quando
3690 4552 3778 4622 κί’

2217 4661 2302 4706 tur
2346 4650 2450 4705 huc
2494 4658 2762 4706 mortuum
2806 4651 2990 4718 ducis,
3024 4667 3091 4706 ne
3120 4653 3235 4722 ipse
3284 4661 3338 4708 te
3374 4651 3637 4707 concidas.
3672 4643 3774 4698 Non

2214 4744 2356 4799 enim
2388 4743 2560 4811 ipsum
2589 4742 2655 4797 ad
2684 4753 2906 4798 mortem
2926 4785 2940 4808 ,
2967 4745 3065 4799 sed
3099 4745 3166 4800 ad
3194 4760 3442 4800 somnum
3471 4742 3650 4797 ducis:
3679 4731 3776 4790 suf-

2214 4838 2325 4892 ﬁcit
2365 4837 2456 4891 tibi
2489 4852 2680 4892 nomen
2711 4837 2814 4891 hoc
2839 4835 2905 4891 ad
2942 4837 3263 4893 calamitatis
3303 4840 3544 4894 solatium
3573 4843 3623 4887 et
3648 4830 3774 4882 leva-

2212 4945 2358 4984 men.
2375 4929 2527 4983 Disce
2547 4944 2651 4999 quo
2672 4931 2863 4994 ducas;
2887 4928 2939 4982 in
2963 4929 3328 4994 coemeterium
3351 4947 3362 4980 :
3388 4938 3443 4984 et
3463 4921 3662 4995 quando
3681 4917 3770 4969 du-

2213 5023 2330 5086 cis;
2381 5029 2499 5089 post
2544 5031 2770 5075 mortem
2822 5019 3056 5087 Christi,
3085 5029 3362 5090 postquam
3413 5017 3561 5075 nervi
3607 5006 3772 5065 mortis

2212 5114 2376 5169 excisi
2406 5121 2532 5167 sunt
2561 5131 2574 5166 :
2606 5112 2680 5167 ita
2708 5123 2768 5168 ut
2795 5122 2851 5168 et
2890 5128 2920 5167 a
2956 5114 3076 5168 loco
3095 5151 3114 5180 ,
3143 5121 3197 5169 et
3232 5127 3264 5166 a
3294 5122 3529 5182 tempore
3568 5102 3768 5160 multum

2211 5206 2594 5262 consolationis
2620 5205 2897 5276 percipere
2925 5205 3161 5275 possitis.
3202 5205 3429 5260 Maxime
3455 5201 3519 5257 ad
3547 5194 3772 5254 mulieres

2211 5299 2383 5355 oratio
2413 5299 2528 5353 haec
2549 5299 2703 5353 nobis
2733 5297 3046 5363 instituitur,
3070 5312 3192 5351 cum
3223 5311 3388 5352 sexus
3410 5295 3494 5350 hic
3519 5282 3768 5346 affectibus

2211 5392 2381 5462 magis
2409 5392 2480 5446 sit
2503 5390 2789 5457 obnoxius,
2820 5399 2876 5445 et
2895 5389 2963 5444 ad
2995 5391 3317 5445 anxietatem
3340 5381 3766 5458 deeperationem-

2211 5498 2316 5552 que
2348 5497 2603 5552 Perquam
2629 5481 2899 5551 proclivis.
2926 5481 3031 5538 Sed
3076 5482 3324 5536 idoneum
3359 5480 3516 5534 habes
3541 5471 3759 5542 pharma-

2208 5588 2330 5628 cum
2372 5573 2592 5628 mcerori
2635 5571 2922 5640 leniendo,
2949 5587 3145 5628 nomen
3184 5571 3306 5626 loci.
3337 5571 3610 5640 Pr0pterea
3650 5561 3762 5620 θτεο

2213 5665 2297 5720 hic
2324 5679 2732 5734 congregantur.

2277 5757 2330 5810 Ξ.
2358 5754 2573 5809 Mortem
2597 5770 2696 5826 quo
2718 5762 2865 5822 pacto
2883 5750 3112 5809 Christus
3134 5753 3388 5810 devicerit.
3419 5747 3641 5818 lnfernus
3660 5734 3758 5826 thr

2209 5864 2387 5905 saurus
2414 5825 2619 5903 dicitur.
2643 5876 2712 5888 -
2737 5845 2908 5904 Hodie
2954 5846 3096 5902 enim
3139 5845 3317 5903 omnia
3358 5842 3629 5901 inferorum
3657 5825 3754 5882 loca
