4100 6424
629 393 734 452 ἷθῖί

613 509 810 562 έκλασε
835 527 849 541 ο
893 512 1133 586 σήμερον
1171 521 1297 585 τοὺς
1339 524 1571 594 μοχλοὺς
1605 529 1732 592 τοὺς
1767 532 2024 604 σιδηροῦς
2072 553 2197 590 συν-

613 599 858 655 έθλασεν.
893 605 1038 675 Ὅρα
1055 609 1154 675 τὴν
1176 613 1464 674 ἀκρίϐειαν
1494 619 1592 690 τῆς
1623 621 1843 688 λέξεως.
1875 599 1993 682 ὁύκ
2015 625 2193 695 εἶπεν,

624 694 848 762 ’Λνεῳξε
890 696 1065 764 πύλας
1109 703 1338 773 χαλκᾶς,
1375 708 1546 777 ἀλλά,
1590 714 1942 772 Συνέθλασε
1994 722 2197 790 πύλας

608 787 864 854 χαλκᾶς,
895 789 981 843 ἵνα
1017 792 1290 866 ἄχρηστον
1312 800 1538 872 γένηται
1563 804 1622 856 τὺ
1651 805 2048 881 δεσμωτήριον.
2082 787 2196 868 Οὐκ

606 877 794 944 ἀφεῖλε
835 881 963 944 τοὺς
1007 887 1259 956 μοχλοὺς,
1304 891 1441 945 ἀλλὰ
1495 877 1854 966 συνέθλασεν,
1894 877 1988 957 ⁷ένα
2035 908 2196 962 ἀσθε-

606 967 705 1037 νὴς
752 971 977 1041 γένηται
1020 978 1322 1054 ήφυλακή.
1368 986 1544 1039 Ὅπου
1583 1007 1648 1058 γε
1686 991 1811 1046 οὔτε
1859 996 2019 1067 θύρα,
2070 1001 2193 1054 οὔτε

609 1060 831 1130 μοχλὸς,
866 1065 968 1119 κᾶν
999 1071 1212 1139 εἰσέλθῃ
1250 1091 1356 1139 τις,
1391 1079 1451 1130 ού
1488 1081 1801 1153 κατέχεται.
1838 1088 2007 1143 Ὅταν
2049 1091 2140 1146 οὖν
2165 1097 2193 1148 6

604 1152 837 1220 Χριστὸς
875 1159 1145 1236 συνθλάσῃ
1168 1205 1181 1225 ,
1207 1167 1289 1229 τίς
1320 1168 1507 1240 ἕτερος
1539 1172 1831 1245 διορθῶσαι
1859 1179 2146 1251 δυνήσεται
2172 1202 2187 1250 ;

609 1245 672 1295 “U
707 1247 813 1316 γὰρ
859 1249 992 1314 Θεὸς
1024 1252 1336 1328 διαστρέψει
1361 1300 1375 1322 ,
1413 1265 1545 1332 φησὶ
1572 1306 1585 1327 ,
1611 1266 1694 1330 τίς
1739 1245 2023 1340 διορθώσει
2078 1245 2190 1329 λοιἑ

602 1335 730 1399 πόν;
768 1339 830 1390 Οἱ
859 1339 1098 1408 βασιλεῖς
1132 1347 1259 1399 ὅταν
1303 1351 1569 1420 μέλλωσιν
1590 1357 1808 1426 ἀφιέναι
1832 1363 1958 1425 τοὺς
1980 1363 2189 1434 δεσμώ-

597 1444 729 1492 τας,
772 1430 1084 1500 πέμποντες
1115 1440 1437 1507 ἐπιστολὰς,
1467 1448 1564 1517 οὐχ
1597 1448 1737 1502 οὕτω
1775 1452 2038 1520 ποιοῦσιν,
2073 1457 2187 1510 ἀλλ’

596 1521 790 1588 ἀφιᾶσι
827 1527 922 1578 καὶ
974 1529 1070 1591 τὰς
1103 1530 1269 1602 θύρας
1300 1535 1392 1586 καὶ
1427 1537 1553 1600 τοὺς
1599 1538 1875 1608 φύλακας,
1901 1543 2187 1615 δηλοῦντες

596 1609 860 1684 [5'39J611
914 1618 1173 1673 εἰσελθεῖν
1209 1623 1372 1678 πάλιν
1411 1625 1624 1699 ἀνάγκη
1685 1631 1804 1684 ἐκεῖ
1841 1632 1872 1704 ἢ
1912 1634 2006 1687 καὶ
2060 1638 2187 1700 τοὺς

594 1703 935 1774 ἀφεθέντας,
991 1709 1022 1780 ἢ
1073 1713 1295 1784 ἐτέρους
1340 1718 1455 1770 ἀντ’
1503 1719 1726 1775 ἐκείνων
1777 1726 1952 1790 τινάς.
2016 1727 2075 1780 ’0
2128 1728 2186 1782 δὲ

593 1788 830 1860 Χριστὸς
865 1796 962 1866 οὐχ
998 1799 1172 1864 οὕτως
1195 1818 1208 1831 ·
1241 1802 1378 1857 ἀλλά
1398 1804 1567 1871 δεῖξαι
1593 1788 1948 1883 βουλόμενος,
1979 1817 2061 1870 ὄτι
2099 1819 2188 1871 τέ-

591 1878 680 1942 λος
708 1885 736 1935 6
763 1883 990 1951 θάνατος
1024 1890 1158 1960 ἔχει,
1193 1895 1517 1952 συνέθλασεν
1552 1902 1717 1956 αὐτοῦ
1749 1904 1848 1969 τὰς
1884 1907 2057 1972 πύλας
2085 1911 2184 1976 τὰς

587 1973 797 2039 χαλκᾶς
825 1995 837 2007 ·
875 1979 1082 2050 χαλκᾶς
1117 1985 1173 2036 δὲ
1213 1986 1495 2058 ὠνόμασεν
1518 2032 1531 2055 ,
1561 1994 1660 2047 ούκ
1691 1996 1879 2065 ἐπειδὴ
1913 2001 2019 2054 ἀπὸ
2055 2003 2204 2072 χαλ-·
2249 2029 2256 2035 ·

587 2067 684 2119 κοῦ
723 2063 862 2138 ἦσαν
895 2073 951 2124 αἱ
984 2074 1185 2140 πύλαι,
1231 2079 1366 2134 ἀλλά
1398 2083 1457 2135 τὸ
1489 2085 1696 2158 ἀπηνὲς
1729 2090 1824 2143 καὶ
1870 2093 2181 2168 ἀπαραίτη-

583 2168 682 2207 ⁴τον
717 2158 808 2210 τοῦ
845 2158 1074 2216 θανάτου
1114 2165 1310 2236 δηλῶν,
1348 2173 1455 2226 Καὶ
1499 2177 1584 2229 ἵνα
1631 2179 1810 2252 μάθῃς
1836 2224 1848 2247 ,
1879 2183 1960 2236 ὅτι
1989 2158 2105 2240 ’καὶ
2139 2158 2180 2242 '6

580 2248 782 2314 χαλκὸς
814 2253 906 2305 καὶ
936 2255 964 2306 6
997 2257 1216 2329 σίδηρος
1242 2263 1303 2315 τὸ
1334 2266 1522 2331 ἀτενὲς
1557 2271 1651 2324 καὶ
1682 2248 1962 2329 άνένδοτον
2002 2279 2173 2349 δηλοῖ,

579 2340 814 2396 ἄκουσον
848 2346 900 2398 τί
939 2365 1072 2418 φησι
1105 2355 1243 2423 πρός
1267 2373 1388 2409 τινα
1430 2361 1654 2431 ίταμόν·
1698 2365 1767 2419 Τὸ
1815 2368 2033 2437 νεῦρόν
2054 2340 2177 2427 σού

576 2431 907 2502 σιδηροῦν,
959 2443 992 2494 ό
1027 2442 1331 2512 τράχηνῑός
1373 2466 1490 2504 σου
1525 2454 1623 2507 καὶ
1650 2457 1717 2508 τὸ
1752 2431 2032 2527 μέτωπόν
2059 2481 2176 2517 σου

576 2529 852 2593 χαλκοῦν
875 2547 889 2560 ·
923 2534 1087 2587 τοῦτο
1122 2536 1177 2588 δὲ
1211 2538 1386 2606 οὕτως
1420 2539 1593 2610 εἶπεν,
1629 2549 1730 2601 οὐκ
1770 2552 1957 2624 ἐπειδὴ
1985 2555 2175 2626 νεῦρον

606 2607 629 2626 τ
809 2617 830 2626 _
941 2621 966 2626 _
1112 2625 1120 2626 ,
1168 2624 1177 2626 _

1581 2607 1588 2610 _
1947 2607 1957 2624 ι
2085 2607 2096 2626 ι
2157 2607 2163 2608 ,

575 2607 694 2680 εἶχε
748 2617 1034 2689 σιδηροῦν,
1071 2624 1180 2676 οὐδ’
1214 2628 1402 2700 ἐπειδὴ
1457 2633 1708 2702 μέτωπον
1747 2634 1861 2709 εἶχε
1913 2643 2171 2711 χαλκοῦν,

573 2703 690 2756 ἀλλ’
717 2707 906 2780 ἐπειδὴ
930 2711 1246 2782 ἀμείλικτον
1275 2718 1396 2788 ὄψιν
1426 2723 1521 2774 καὶ
1551 2726 1907 2799 ἀναίσχυντον
1940 2729 2052 2805 εἶχε
2079 2737 2173 2788 καὶ

572 2794 775 2867 ἀπηνῆ.
805 2798 992 2853 Βούλει
1019 2804 1212 2871 μαθεῖν
1251 2809 1369 2872 πῶς
1396 2806 1465 2882 ἦν
1494 2794 1812 2885 ἀμείλικτος
1834 2823 1928 2875 καὶ
1958 2794 2172 2880 ἀνένδο-

571 2902 664 2948 τος
697 2888 790 2940 καὶ⁹
818 2892 1200 2967 αύτοαδάμας;
1250 2901 1339 2954 Ἐν
1375 2906 1616 2967 τοσούτῳ
1651 2912 1828 2967 χρόνω
1865 2915 1918 2967 οί

569 2978 663 3032 τὸν
713 2980 930 3039 ἔπεισεν
957 2987 1176 3057 ἀφεῖναι
1222 2994 1414 3050 οὐδένα
1459 2998 1568 3054 τῶν
1612 3007 2032 3079 κατεχομένων,
2062 3011 2167 3078 ’έως

569 3072 732 3126 αὑτὸν
766 3078 796 3129 6
824 3077 933 3134 τῶν
962 3081 1211 3151 ἀγγέλων
1243 3090 1525 3164 Δεσπότης
1551 3072 1829 3154 κατελθών
1861 3072 2162 3174 ἠνάγκαζεί

568 3164 792 3235 Πρῶτον
826 3171 926 3241 μὲν
976 3175 1084 3246 γὰρ
1133 3177 1291 3249 ἔδησε
1347 3183 1439 3238 τὸν
1493 3188 1746 3259 ἰσχυρὸν,
1782 3164 1896 3247 καὶ·
1929 3164 2048 3250 τότε

569 3261 738 3330 σκεύη
774 3263 938 3317 αὑτοῦ
964 3265 1234 3338 διήρπασε
1256 3289 1272 3304 ·
1303 3274 1383 3328 διὸ
1410 3279 1505 3332 καὶ
1533 3281 1734 3351 ἐπάγει
1753 3300 1768 3315 ο
1806 3288 2162 3359 Θησαυροὺς

566 3356 954 3424 σκοτεινοὺς,
987 3360 1303 3432 ἀοράτους.
1355 3367 1420 3422 Εἰ
1474 3372 1571 3424 καὶ
1619 3374 1683 3427 τὸ
1734 3356 2029 3452 λεγόμενον
2077 3356 2155 3449 ἒν,

565 3443 703 3499 ἀλλά
727 3446 946 3504 διπλοῦν
970 3453 1029 3504 τὸ
1059 3455 1347 3528 νοούμενον
1366 3475 1380 3490 ⁸
1404 3461 1520 3516 ἔστι
1547 3467 1656 3537 γάρ
1680 3443 1931 3527 σκοτεινά
1959 3443 2158 3548 χωρία,

565 3534 680 3586 ἀλλ’
704 3538 963 3609 ὁραθῆναι
995 3543 1258 3610 πολλάκις
1304 3548 1591 3622 δύνανται,
1628 3534 1823 3631 λύχνου
1855 3534 2160 3638 καὶιφώτὸς

562 3629 910 3698 εἰσαχθέντος
935 3649 948 3663 ·
983 3636 1159 3690 ἐκεῖνο
1197 3640 1255 3693 δὲ
1287 3642 1382 3695 τοῦ
1413 3644 1541 3717 ᾅδου
1576 3649 1636 3702 τὸ
1669 3629 1868 3725 χωρίον
1918 3629 2157 3730 ζοφωδέλ

563 3734 757 3772 στατον
789 3716 857 3793 ἦν
891 3725 984 3776 καὶ
1010 3726 1244 3798 ἀτερπὲς
1264 3773 1278 3798 ,
1313 3735 1406 3786 καὶ
1441 3737 1698 3796 οὐδέποτε
1726 3747 1906 3814 φωτὸς
1939 3752 2157 3819 ἐδέξατο

560 3812 752 3879 φύσιν·
783 3813 870 3866 διὰ
893 3815 1052 3870 τοῦτο
1082 3826 1392 3890 σκοτεινοὺς
1412 3869 1427 3894 ,
1457 3830 1725 3902 ἀοράτους
1752 3833 1905 3895 εἶπεν
1930 3845 2149 3914 αὐτούς.

560 3904 671 3958 Καὶ
695 3907 805 3978 γὰρ
853 3908 1022 3974 ὄντως
1077 3919 1340 3970 σκοτεινοὶ
1369 3915 1510 3992 ἦσαν
1535 3963 1550 3988 ,
1578 3925 1684 3990 ἕως
1724 3923 1785 3983 οῦ
1820 3936 2090 4007 κατῆλθεν
2123 3945 2153 3996 6

557 3998 658 4067 τῆς
677 3997 1024 4071 δικαιοσύνης
1057 4004 1210 4075 ⁴Ἠτιλιος
1232 4048 1250 4074 ,
1281 4011 1375 4063 καὶ
1405 4015 1742 4090 κατέλαμψε,
1779 3997 1986 4081 καὶτὸν
2019 4030 2152 4102 ᾅδην

555 4089 817 4162 ἐποίησεν
860 4095 1126 4165 οὐρανόν·
1153 4100 1288 4155 ὅπου
1342 4107 1452 4178 γὰρ
1490 4110 1519 4161 6
1551 4112 1821 4186 Χριστὸς,
1853 4121 1972 4175 ἐκεῖ
1998 4089 2151 4180 καίὸ

553 4183 802 4253 οὐρανός.
834 4186 1155 4260 Θησαυροὺς
1211 4195 1268 4248 δὲ
1301 4203 1611 4268 σκοτεινοὺς
1640 4183 1924 4266 καλείντὸν
1970 4214 2103 4289 ᾅδην
2129 4236 2142 4250 ·

553 4277 822 4342 εἰκότως,
854 4280 988 4334 διότι
1040 4283 1205 4350 πολὺς
1262 4288 1493 4356 πλοῦτος
1548 4297 1810 4356 ἀπέκειτο
1858 4277 1994 4360 ἐκεί
2034 4277 2146 4366 Καὶ

551 4368 662 4440 γὰρ
704 4370 813 4424 τῶν
867 4373 1171 4446 ἀνθρώπων
1207 4381 1357 4434 πᾶσα
1413 4385 1446 4456 ἡ
1488 4386 1652 4455 φύσις
1686 4393 1917 4461 πλοῦτος
1968 4399 2146 4473 ὑπάρ-

549 4477 718 4529 χουσα
746 4462 838 4515 τοῦ
873 4465 1008 4519 Θεοῦ
1030 4507 1044 4532 ,
1076 4469 1182 4523 ὑπὸ
1230 4472 1324 4525 τοῦ
1359 4476 1741 4550 ἀπατήσαντος
1779 4487 1871 4539 τὸν
1926 4492 2142 4562 πρῶτον

549 4551 835 4624 ἄνθρωπον
872 4557 1120 4614 διαϐόλου
1153 4564 1487 4641 ἀπεσυλήοη,
1519 4575 1613 4626 καὶ
1650 4576 1728 4648 τῷ
1761 4551 1983 4656 θανάτῳ¹
2007 4589 2144 4642 x00-

549 4645 879 4719 υπεζεύχθη.
917 4650 1038 4704 Ὅτι
1082 4652 1140 4707 δὲ
1181 4655 1409 4724 πλοῦτος
1455 4659 1523 4736 ἦν
1556 4667 1635 4738 τῷ
1669 4645 1788 4741 Θεῷ
1830 4645 1982 4730 πᾶσα
2031 4682 2140 4735 τῶν

546 4738 850 4810 ἀνθρώπων
877 4743 908 4814 ἡ
947 4743 1109 4814 φύσις
1132 4787 1146 4812 ,
1174 4749 1415 4806 δείκνυσι
1444 4757 1655 4825 Παῦλος
1688 4738 1867 4834 λέγων
1892 4786 1904 4800 υ
1941 4774 2140 4827 Πλου-

543 4830 664 4884 τῶν
695 4835 784 4898 εις
815 4834 1080 4906 πάντας,
1119 4842 1219 4895 καὶ
1250 4843 1352 4897 ἐπὶ
1374 4847 1608 4918 πάντας
1633 4855 1778 4922 τοὺς
1815 4860 2138 4920 ἐπικαλου-

540 4923 764 4992 μένους
793 4930 998 4985 αὐτόν.
1039 4933 1249 5006 Ὥσπερ
1283 4933 1376 4992 οῦν
1410 4940 1664 5011 βασιλεύς
1712 4965 1795 5013 τις
1833 4952 2136 5028 λῄσταρχον

540 5015 720 5087 εὑρὼν
753 5023 1158 5096 κατατρέχοντα
1195 5031 1296 5095 τάς
1323 5034 1509 5100 πόλεις
1531 5079 1545 5101 ,
1587 5040 1906 5111 ἁρπάζοντα
1938 5053 2135 5106 πάντο-

541 5106 665 5174 θεν,
703 5113 797 5165 καὶ
823 5117 904 5177 εἰς
949 5119 1016 5171 τά
1062 5121 1306 5190 σπήλαια
1333 5129 1771 5204 καταδυόμενον,
1817 5141 1914 5192 καὶ
1943 5142 2134 5198 ἀποτι-

539 5199 767 5269 θέμενον
818 5207 936 5258 ἐκεῖ
980 5209 1072 5262 τὸν
1128 5213 1357 5270 πλοῦτον
1382 5260 1396 5283 ,
1436 5199 1604 5294 δήσας
1659 5199 1764 5282 τὸν,
1803 5231 2127 5306 λῄσταρχον,

536 5301 746 5355 ἐκεῖνον
781 5303 879 5375 μὲν
918 5306 1134 5363 κολάσει
1171 5317 1551 5388 παραδίδωσι,
1601 5325 1692 5378 τὸν
1743 5329 1800 5382 δὲ
1855 5301 2129 5408 θησαύρὸν

535 5396 702 5449 αὐτοῦ
736 5402 1036 5473 μεταφέρει
1084 5407 1164 5469 εἰς
1195 5409 1265 5462 τά
1312 5419 1537 5484 ταμιεῖα
1569 5419 1637 5472 τά
1663 5419 1920 5490 βασιλικά
1943 5442 1955 5456 ·
1983 5430 2127 5485 οὕτω

537 5493 629 5544 καὶ
651 5495 678 5546 ὁ
700 5493 935 5566 Χριστὸς
963 5499 1186 5572 ἐποίησε
1203 5544 1218 5569 ,
1245 5505 1336 5559 τὸν
1365 5507 1670 5584 λῄσταρχον
1698 5519 1792 5572 καὶ
1819 5520 1910 5574 τὸν
1932 5523 2126 5596 δεσμο-

533 5583 754 5648 φύλακα
773 5625 788 5651 ,
819 5590 910 5642 τὸν
933 5589 1177 5648 διάϐολον
1207 5597 1342 5667 ὁμοῦ
1372 5604 1464 5655 καὶ
1496 5604 1585 5660 τὸν
1622 5607 1853 5667 θάνατον
1879 5655 1892 5680 ,
1918 5615 2005 5669 διά
2027 5618 2121 5671 τοῦ

533 5674 764 5730 θανάτου
798 5681 961 5736 αὑτοῦ
993 5685 1161 5758 δήσας
1181 5730 1195 5753 ,
1239 5691 1334 5746 καὶ
1362 5695 1453 5747 τὸν
1492 5697 1722 5756 πλοῦτον
1767 5705 1945 5762 πάντα
1965 5750 1978 5773 ,
2013 5711 2122 5763 τῶν

532 5767 836 5873 ἀνθρώπων
858 5773 1009 5873 ⁵λέγω
1031 5779 1093 5831 τὸ
1130 5782 1315 5849 γένος,
1348 5790 1660 5860 μετήγαγεν
1692 5798 1772 5858 εἰς
1798 5799 1864 5853 τά
1896 5767 2119 5873 ταμιεῖα

531 5855 599 5910 τά
623 5859 896 5930 βασιλικά.
942 5867 1112 5924 Τοῦτο
1152 5875 1243 5927 καὶ
1275 5878 1485 5945 Παῦλος
1510 5883 1659 5956 δηλοῖ
1688 5887 1859 5960 λέγων
1889 5910 1898 5922 ·
1945 5855 2115 5952 ’ίίλυ-

1286 407 1342 462 S.
1388 407 1672 465 JOANNIS
1712 412 2200 474 CIIRYSOSTOMI
2250 421 2572 484 ARCHIEP.
2620 429 3167 487 (JONSTANI'INOP.
3771 443 3857 497 596

2305 543 2573 611 τρώσατο
2596 546 2754 616 ἡμᾶς
2792 549 2860 602 ἐκ
2889 550 2996 618 τῆς
3022 551 3309 618 ἐξουσίας
3329 554 3433 608 τοῦ
3463 555 3745 623 σκότους,
3777 563 3859 614 καὶ

2297 641 2676 712 μετέστησεν
2693 648 2780 711 εις
2802 646 2916 714 τὴν
2929 648 3259 711 βασιλείαν
3278 647 3461 703 αὐτοῦ
3491 669 3513 703 τ
3529 647 3602 718 ης
3626 666 3856 722 aram”.

2300 737 2411 790 Καὶ
2461 739 2524 793 τὸ
2578 739 2642 812 δὴ
2683 742 2995 813 θαυμαστὸν
3019 787 3034 810 ,
3089 745 3249 809 αὐτὸς
3285 747 3312 800 ὁ
3350 746 3602 816 βασιλεὺς
3637 751 3856 822 ἐπέστηο

2301 837 2477 891 καίτοι
2508 854 2571 906 γε
2601 838 2852 908 βασιλεὺς
2877 842 3050 906 οὐδεὶς
3079 842 3144 896 ἂν
3165 843 3520 910 καταξιωσειε
3550 843 3704 898 τοῦτο
3725 849 3860 915 ποιῆ-

2301 933 2391 985 σαί
2430 953 2580 995 ποτε,
2615 936 2752 989 ἀλλά
2783 937 2873 990 διὰ
2897 938 3003 992 τῶν
3031 940 3318 1010 ὑπηρετῶν
3353 943 3545 1010 ἀφιᾶσι
3583 945 3705 1006 τοὺς
3729 944 3857 998 δεδε·

2302 1030 2519 1099 μένους.
2539 1033 2802 1087 Ἐνταῦθα
2822 1035 2878 1088 δὲ
2905 1035 3001 1105 οὐχ
3030 1036 3223 1100 οὕτως,
3248 1037 3384 1091 ἀλλά
3413 1039 3572 1101 αὐτὸς
3593 1037 3718 1112 ἦλθε
3741 1041 3858 1112 πρὸς

2297 1127 2422 1190 τοὺς
2456 1127 2740 1199 δεσμώτας
2793 1134 2820 1184 6
2860 1132 3114 1202 βασιλεὺς
3137 1175 3152 1197 ,
3193 1135 3289 1186 καὶ
3334 1136 3435 1188 ούκ
3466 1136 3773 1207 ἐπῃσχύνθη
3807 1139 3858 1190 τὸ

2295 1223 2666 1297 δεσμωτήριον
2701 1227 2821 1280 ούδέ
2851 1230 2975 1301 τοὺς
3003 1229 3322 1300 δεδεμένους
3342 1247 3353 1258 ·
3400 1231 3458 1284 ὃν
3485 1232 3595 1304 γάρ
3625 1233 3855 1299 ἔπλασεν,

2296 1321 2721 1391 ἐπαισχύνεσθαι
2749 1326 2848 1377 οὐκ
2872 1324 3093 1394 ἔμελλε·
3126 1327 3217 1378 καὶ
3245 1328 3540 1382 συνέκλασε
3565 1330 3662 1394 τὰς
3685 1331 3855 1401 θύρας,

2296 1418 2582 1490 συνέτριψε
2613 1421 2738 1484 τοὺς
2777 1421 3045 1491 μοχλοὺς,
3100 1423 3302 1494 ἐπέστη
3358 1425 3434 1494 τῷ
3480 1425 3617 1496 ᾅδῃ,
3674 1428 3858 1498 ἔρημον

2295 1513 2442 1588 [400]
2474 1518 2635 1571 αὐτοῦ
2667 1519 2765 1589 τὴν
2795 1519 3040 1591 φυλακὴν
3070 1521 3326 1592 ἐποίησεν
3371 1523 3588 1576 ἃπασαν
3614 1563 3628 1588 ,
3662 1525 3752 1578 καὶ
3778 1527 3858 1578 τὸν

2289 1614 2675 1686 δεσμοφύλακα
2708 1616 2888 1670 λαϐὼν
2929 1618 3226 1686 δεδεμένον.
3261 1619 3432 1683 οὕτως
3466 1624 3597 1693 ἡμῖν
3643 1625 3859 1693 ἐπανῆλ-

2291 1713 2402 1766 θεν.
2449 1714 2506 1765 '0
2536 1713 2801 1785 τύραννος
2841 1716 3188 1787 αἰχμάλωτος
3232 1718 3430 1787 ἧγετο,
3479 1718 3508 1770 6
3543 1721 3753 1790 ἰσχυρὸς
3781 1721 3858 1774 δε-

2289 1809 2544 1880 δεμένος·
2587 1811 2614 1863 6
2650 1812 2879 1876 θάνατος
2903 1814 3066 1876 αὐτὸς
3115 1813 3280 1884 ῥίψας
3331 1814 3398 1868 τὰ
3445 1815 3620 1880 ὅπλα,
3671 1817 3859 1887 γυμνὸς

2291 1907 2427 1978 πρὸς
2459 1909 2587 1972 τοὺς
2615 1909 2783 1973 πόδας
2812 1909 2908 1963 τοῦ
2943 1909 3208 1980 βασιλέως
3242 1911 3500 1984 ἔδραμεν.

2359 2042 2515 2108 Εἶδες
2564 2045 2720 2116 νίκην
2755 2045 3114 2119 θαυμαστήν;
3146 2043 3286 2111 εἶδες
3325 2048 3560 2120 σταυροῦ
3597 2049 3854 2117 κατορθώ-

2290 2161 2470 2213 ματα;
2499 2145 2660 2198 Ἐἴπω
2690 2161 2773 2198 σοι
2814 2146 2909 2198 καὶ
2951 2143 3076 2199 ἄλλο
3107 2144 3586 2218 θαυμαστότερονς
3617 2149 3748 2218 μάθε
3778 2148 3854 2202 τὸν

2284 2239 2480 2310 τρόπον
2512 2240 2611 2310 τῆς
2635 2239 2791 2309 νίκης
2811 2281 2824 2304 ,
2854 2241 2949 2293 καὶ
2975 2241 3098 2294 τότε
3129 2241 3451 2314 ἐκπλαγήσῃ
3479 2245 3660 2299 πλέον.
3691 2248 3762 2298 Δι’
3789 2240 3854 2300 ὧν

2281 2335 2392 2406 γάρ
2427 2336 2680 2407 ἐνίκησεν
2709 2338 2737 2390 6
2764 2336 3009 2400 διάϐολος
3033 2377 3048 2400 ,
3079 2337 3168 2392 διά
3199 2339 3407 2393 τούτων
3437 2341 3605 2395 αὐτοῦ
3632 2344 3857 2412 περιεγέ-

2281 2450 2401 2487 νετο
2433 2433 2462 2485 6
2499 2433 2733 2501 Χριστός
2755 2450 2769 2464 ·
2807 2435 2902 2487 καὶ
2937 2433 3078 2488 αὐτὰ
3115 2433 3184 2488 τά
3230 2436 3440 2491 ἐκείνου
3495 2437 3677 2493 λαϐὼν
3705 2439 3850 2504 ὅπλα,

2279 2531 2488 2595 τούτοις
2536 2533 2699 2585 αὐτὸν
2749 2533 3161 2602 κατηγωνίσατο
3189 2545 3207 2564 ⁹
3260 2536 3356 2588 καὶ
3407 2536 3562 2601 πῶς,
3615 2538 3848 2592 ἄκουσον⁸

2279 2627 2553 2698 Παρθένος
2587 2629 2682 2681 καὶ
2726 2629 2916 2696 ξύλον,
2957 2630 3051 2684 καὶ
3100 2631 3327 2696 θάνατος
3360 2633 3460 2702 τῆς
3489 2635 3662 2706 ἥττης
3710 2636 3850 2707 ἡμῶν

2275 2719 2343 2794 ἦν
2373 2725 2442 2778 τὰ
2483 2725 2745 2799 σύμϐολα.
2782 2727 3059 2798 Παρθένος
3087 2723 3155 2798 ἦν
3187 2732 3220 2799 ή
3254 2729 3367 2784 Εὕα
3388 2748 3404 2762 ·
3431 2731 3590 2787 οὔπω
3629 2734 3735 2806 γάρ
3766 2735 3848 2789 ἄν·

2274 2821 2376 2893 δρα
2407 2820 2669 2890 ἐγίνωσκε
2691 2842 2703 2855 -
2754 2823 2910 2890 ξύλον
2948 2819 3016 2897 ἦν
3055 2825 3116 2878 16
3147 2826 3385 2897 δένδρον,
3417 2829 3514 2883 καὶ
3547 2829 3767 2894 θάνατος
3787 2829 3848 2906 ἦν

2114 2920 2168 2972 ΰ-
2274 2918 2335 2972 τὸ
2366 2919 2641 2991 ἐπιτίμιον
2673 2921 2767 2975 τοῦ
2807 2922 2996 2995 Ἀδάμ.
3049 2923 3191 2977 Ἀλλ’
3229 2925 3336 2979 ἰδοὺ
3357 2967 3372 2990 ,
3406 2928 3572 2984 πάλιν
3601 2929 3849 3000 παρθένος

2273 3016 2369 3070 καὶ
2392 3016 2545 3082 ξύλον
2575 3019 2669 3072 καὶ
2699 3019 2927 3084 θάνατος
2945 3061 2961 3085 ,
2983 3019 3051 3074 τὰ
3072 3021 3172 3093 τῆς
3199 3023 3370 3094 ἥττης
3401 3024 3647 3096 σύμϐολα
3670 3025 3845 3089 ταῦτα,

2271 3114 2366 3168 καὶ
2397 3115 2498 3185 τῆς
2535 3115 2694 3187 νίκης
2715 3117 2934 3183 ἐγένετο
2967 3117 3230 3190 σύμϐολα.
3285 3122 3431 3175 Ἀντὶ
3457 3122 3570 3194 γὰρ
3595 3123 3692 3192 τῆς
3718 3123 3847 3186 Εῠας

2268 3201 2301 3269 ή
2335 3198 2601 3269 Μαριάμ·
2636 3201 2755 3254 ἀντὶ
2781 3200 2877 3254 τοῦ
2921 3201 3082 3269 ξύλου
3110 3203 3206 3258 τοῦ
3239 3204 3438 3259 εἰδέναι
3482 3206 3546 3259 τὺ
3581 3207 3736 3260 καλὸν
3764 3207 3846 3260 καὶ

2268 3295 2329 3348 τὸ
2357 3296 2591 3367 πονηρὸν
2613 3335 2628 3360 ,
2658 3297 2718 3350 τὸ
2749 3297 2905 3364 ξύλον
2933 3299 3028 3352 τοῦ
3057 3299 3289 3374 σταυροῦ
3309 3317 3321 3332 ·
3357 3302 3481 3356 ἀντὶ
3504 3303 3602 3357 τοῦ
3633 3303 3844 3357 θανάτου

2266 3389 2361 3442 τοῦ
2401 3390 2572 3463 Ἀδὰμ
2592 3394 2620 3444 6
2659 3393 2888 3458 θάνατος
2915 3393 3011 3448 τοῦ
3042 3395 3302 3467 Χριστοῦ.
3337 3393 3524 3463 Εἶδες,
3559 3399 3625 3454 δι’
3658 3393 3730 3454 ὧν
3750 3399 3844 3451 ἐνί-

2267 3499 2402 3551 κησε
2424 3526 2440 3550 ,
2479 3483 2569 3537 διὰ
2594 3483 2801 3537 τούτων
2833 3485 2994 3540 αὐτὸν
3022 3487 3364 3559 ήττώμενον;
3392 3489 3532 3561 Περὶ
3563 3491 3623 3545 τὸ
3647 3489 3843 3561 δένδρον

2265 3581 2678 3650 κατηγωνίσατο
2710 3582 2801 3636 τὸν
2840 3584 3009 3654 Ἀδάμ
3041 3587 3070 3638 6
3100 3586 3345 3653 διάϐολος
3366 3604 3382 3620 ο
3418 3590 3553 3663 περὶ
3583 3591 3674 3645 τὸν
3698 3607 3841 3643 σταυ-

2265 3679 2358 3751 ρὸν
2387 3681 2757 3736 κατεπάλαισε
2801 3681 2892 3735 τὸν
2921 3683 3167 3738 διάϐολον
3207 3687 3236 3738 6
3272 3686 3506 3758 Χριστός
3526 3703 3541 3718 ’
3575 3688 3666 3741 καὶ
3699 3686 3841 3753 ξύλον

2259 3768 2322 3823 τὸ
2346 3771 2443 3842 μὲν
2469 3771 2717 3843 ἔπεμπεν
2745 3776 2826 3838 είς
2854 3774 2989 3846 ᾅδην
3007 3815 3023 3838 ,
3051 3777 3110 3830 τὸ
3142 3776 3200 3830 δὲ
3239 3779 3332 3831 καὶ
3364 3778 3490 3842 τοὺς
3517 3778 3841 3841 ἀπελθόντας

2259 3866 2468 3922 ἐκεῖθεν
2512 3869 2847 3925 ἀνεκαλεῖτο.
2883 3871 3052 3927 Πάλιν
3097 3872 3253 3938 ξύλον
3293 3873 3355 3928 16
3391 3874 3492 3944 μὲν
3529 3875 3625 3929 τὸν
3653 3873 3838 3944 αἰχμά·

2255 3961 2424 4017 λωτον
2449 3965 2655 4036 γυμνὸν
2686 3967 2922 4040 ἔκρυψε,
2956 3969 3018 4023 τὺ
3044 3969 3102 4023 δὲ
3139 3970 3231 4024 τὸν
3264 3972 3491 4042 νικητὴν
3523 3973 3728 4046 γυμνὸν
3758 3973 3836 4040 ἐφ’

2255 4060 2461 4130 ὑψηλοῦ
2491 4064 2658 4116 πᾶσιν
2683 4065 2912 4118 ἐδείκνυ.
2948 4066 3061 4119 Καὶ
3089 4067 3319 4130 θάνατος
3361 4069 3390 4121 6
3429 4067 3532 4138 μὲν
3571 4071 3695 4134 τοὺς
3727 4069 3833 4140 μετ’

2253 4159 2416 4213 αὑτὸν
2443 4160 2764 4230 κατέκρινεν
2788 4203 2803 4228 ,
2838 4164 2867 4216 6
2894 4164 2952 4216 δὲ
2997 4165 3094 4218 καὶ
3121 4165 3246 4229 τοὺς
3276 4167 3381 4238 πρὸ
3414 4167 3584 4222 αὐτοῦ
3619 4168 3831 4239 γενομέ-

2252 4271 2376 4318 νους
2405 4257 2691 4328 ἀνέστησε.
2734 4259 2832 4326 Τις
2859 4261 3123 4330 λαλήσει
3171 4262 3279 4331 τὰς
3322 4262 3687 4333 δυναστείας
3735 4263 3830 4318 τοῦ

2248 4354 2504 4422 κυρίους
2548 4356 2682 4410 Ἀπὸ
2710 4357 2942 4413 θανάτου
2993 4360 3300 4432 γεγόναμεν
3345 4362 3636 4419 ἀθάνατοι·
3669 4364 3828 4417 ταῦτα

2246 4449 2343 4503 τοῦ
2385 4453 2622 4524 σταυροῦ
2659 4454 2729 4509 τὰ
2771 4456 3194 4528 κατορθώματα.
3229 4459 3470 4530 Ἔμαθες
3521 4463 3621 4532 τὴν
3650 4461 3824 4529 νίκηνς

2247 4544 2452 4617 ἔμαθες
2479 4549 2574 4603 τὸν
2592 4551 2795 4621 τρόπον
2823 4551 2925 4620 τῆς
2957 4553 3152 4624 νίκης;
3181 4553 3318 4625 μάθε
3347 4556 3582 4620 καὶπῶς
3612 4553 3826 4625 ἀπονητὶ

2245 4644 2439 4713 γέγονε
2463 4645 2524 4698 τὸ
2551 4648 2906 4721 κατόρθωμα.
2937 4650 3051 4721 Οὐχ
3083 4651 3374 4722 ᾑμάξαμεν
3397 4653 3560 4724 ἡμεῖς
3585 4653 3652 4707 τὰ
3675 4653 3822 4715 ὅπλα,

2243 4742 2344 4795 οὐκ
2377 4741 2616 4813 ἔστημεν
2653 4745 2747 4797 ἐπὶ
2795 4745 2897 4815 τῆς
2946 4748 3336 4819 παρατάξεως,
3389 4751 3490 4804 οὐκ
3538 4748 3821 4821 ἐδεξάμεθα

2241 4839 2554 4911 τραύματα,
2579 4841 2700 4894 οὐδὲ
2729 4842 2945 4914 εἴδομεν
2975 4844 3068 4898 τὸν
3097 4845 3332 4917 πόλεμον
3357 4886 3372 4910 ,
3415 4848 3510 4901 καὶ
3538 4848 3638 4920 τὴν
3675 4847 3819 4917 νίκην

2243 4934 2513 5008 ἐλάϐομεν
2541 4953 2554 4966 ·
2599 4939 2628 4990 6
2680 4937 2831 5007 ἀγὼν
2860 4939 2956 4993 τοῦ
3008 4941 3280 4996 Δεσπότου
3306 4983 3322 5008 ,
3366 4943 3459 4996 καὶ
3490 4947 3519 4998 6
3571 4945 3817 5013 στέφανος

2240 5032 2530 5103 ἡμέτερος.
2569 5033 2727 5086 Ἐπεὶ
2759 5031 2851 5089 οὖν
2879 5036 2975 5093 καὶ
3014 5037 3260 5110 ἡμετέρα
3303 5041 3336 5110 ή
3365 5040 3524 5111 νίκη,
3554 5040 3817 5106 ἀλαλάξω·

2241 5146 2376 5200 μεν,
2408 5130 2664 5204 καθάπερ
2705 5134 3056 5202 στρατιῶται,
3086 5135 3185 5206 τὴν
3218 5136 3486 5192 ἐπινίκιον
3513 5139 3653 5210 ᾠδὴν
3689 5137 3817 5192 πάν-

2234 5243 2327 5289 τες
2362 5228 2622 5298 σήμερον,
2643 5229 2887 5301 εἴπωμεν
2907 5232 3203 5302 ὑμνοῦντες
3228 5233 3318 5288 τὸν
3343 5237 3641 5306 Δεσπότην’
3669 5236 3812 5290 Κατ-

2233 5325 2419 5392 επόθη
2459 5327 2491 5379 ὀ
2515 5324 2771 5394 θάνατος
2795 5333 2883 5395 εἰς
2911 5331 3078 5399 νῖκος
3095 5350 3108 5365 ·
3141 5335 3260 5388 ποῦ
3286 5351 3406 5390 σου
3431 5377 3447 5400 ,
3473 5338 3686 5393 θάνατε
3709 5377 3722 5401 ,
3748 5335 3811 5390 τὸ

2231 5419 2401 5485 νῖκος
2423 5437 2441 5484 ;
2469 5421 2587 5476 ποῦ
2612 5438 2748 5490 σου,
2788 5425 2902 5496 dan
2927 5468 2941 5492 ,
2974 5429 3039 5482 τὸ
3070 5429 3362 5499 κέντρον;
3396 5433 3584 5488 Ταῦτα
3605 5436 3632 5488 6
3660 5450 3810 5486 σταυ-

2235 5515 2324 5586 ρὸς
2348 5518 2480 5588 ἡμῖν
2507 5519 2839 5592 κατώρθωσε
2860 5540 2873 5554 ο
2899 5527 3130 5599 σταυρὸς
3159 5529 3220 5582 τὸ
3253 5531 3395 5583 κατά
3415 5531 3522 5587 τῶν
3551 5532 3805 5603 δαιμόνων

2227 5613 2490 5684 τρόπαιον
2511 5655 2526 5681 ,
2552 5617 2585 5686 ἡ
2623 5620 2765 5672 κατά
2793 5619 2894 5690 τῆς
2923 5623 3199 5695 ἁμαρτίας
3228 5626 3471 5698 μάχαιρα
3493 5671 3508 5694 ,
3541 5629 3600 5682 τὸ
3642 5626 3802 5697 ξίφος.

2225 5702 2270 5775 ᾧ
2301 5709 2393 5763 τὸν
2433 5710 2557 5780 ὅφιν
2602 5715 2892 5788 ἐκέντησεν
2947 5719 2977 5771 6
3028 5722 3295 5792 Χριστός·
3357 5725 3584 5797 σταυρὸς
3620 5727 3679 5779 τὸ
3716 5723 3802 5778 τοῦ

2227 5805 2440 5877 Πατρὸς
2491 5809 2738 5882 θέλημα,
2776 5814 2808 5885 ἠ
2864 5812 2956 5872 τοῦ
3008 5819 3347 5889 Μονογενοῦς
3386 5824 3514 5892 δόξα
3530 5867 3550 5902 ξ,
3600 5821 3658 5880 τὸ
3713 5827 3799 5878 τοῦ

2228 5901 2544 5976 Πνεύματος
2579 5907 2925 5984 ἀγαλλίαμα,
2963 5915 2990 5968 6
3038 5916 3142 5971 τῶν
3173 5918 3417 5988 ἀγγέλων
3454 5924 3678 5995 κόσμος,
3707 5924 3799 5994 τξί
