4100 6430
327 274 434 331 395

323 387 517 442 circuit
542 385 798 442 Dominus
825 396 1026 454 noster,
1055 383 1214 440 hodie
1231 395 1409 454 portas
1436 399 1604 441 aereas
1621 385 1914 456 confregit:

323 477 486 535 hodie
513 488 692 533 vectes
717 478 918 534 ferreos
938 477 1186 532 contrivit
1206 475 1373 549 (Psal.
1397 476 1516 535 106.
1540 477 1637 543 16;
1668 476 1795 532 Isai.
1820 478 1910 533 45.

318 571 402 643 2).
428 571 557 628 Vide
574 570 702 626 dicti
727 571 1140 625 accurationem.
1162 568 1276 624 Non
1298 567 1453 636 dixit,
1484 568 1704 638 Aperuit
1736 579 1915 638 portas

320 681 517 730 :creas,
531 664 647 732 sed,
667 663 924 736 Confregit
949 673 1120 734 portas
1146 678 1339 729 cereas;
1362 674 1421 717 ut
1447 662 1647 716 inutilis
1664 662 1915 733 deinceps

318 772 507 811 carcer
525 755 765 812 liat.Nou
787 755 1007 810 abstulit
1027 764 1227 822 vectes,
1257 754 1351 810 sed
1377 755 1647 820 contrivit,
1666 764 1919 808 utcusto-

316 851 405 905 dia
428 850 681 918 deinceps
701 848 911 902 infirma
937 847 1222 902 reddatur:
1248 846 1335 901 ubi
1361 846 1726 917 nequejanua,
1743 861 1914 915 neque

322 942 524 1007 vectis;
551 949 605 996 et
629 941 754 996 licet
782 938 901 1009 quis
926 939 1224 1006 intret,non
1258 946 1484 993 tenetur.
1506 936 1729 1004 Quando
1758 935 1916 1005 igitur

319 1033 564 1088 Christus
601 1030 898 1101 confregit,
922 1031 1040 1101 quis
1070 1029 1205 1084 alios
1230 1045 1479 1100 reparare
1501 1029 1697 1099 poterit
1716 1029 1739 1081 ?
1761 1027 1913 1095 Quod

321 1123 464 1176 enim
493 1123 631 1177 Deus
654 1131 894 1189 evertet,
928 1119 1132 1191 inquit,
1163 1121 1282 1191 quis
1307 1119 1374 1174 de
1400 1130 1596 1174 caetero
1625 1117 1915 1173 restituet?

322 1213 498 1286 Reges
520 1229 641 1269 cum
672 1212 876 1269 vinctos
897 1211 1164 1267 dimittere
1187 1211 1400 1278 volunt,
1432 1210 1609 1265 missis
1636 1208 1875 1280 epistolis
1895 1250 1915 1276 ,

322 1322 434 1364 non
462 1315 529 1362 ita
572 1315 767 1376 agunt,
795 1304 887 1360 sed
922 1315 1028 1361 tam
1068 1302 1232 1370 fores,
1259 1318 1417 1375 quam
1466 1303 1716 1358 custodes
1745 1303 1911 1357 relin-

323 1408 526 1468 quunt,
555 1410 613 1453 ut
649 1398 966 1464 ostendant,
996 1412 1062 1451 eo
1094 1395 1271 1452 denuo
1318 1394 1723 1465 ingrediendum
1751 1408 1871 1449 esse
1893 1434 1910 1460 ,

319 1492 406 1548 vel
439 1491 562 1554 illis,
590 1489 800 1559 quijam
829 1488 979 1543 liberi
1002 1488 1275 1552 abierunt,
1303 1486 1386 1542 vel
1421 1486 1538 1541 loco
1557 1499 1743 1540 eorum
1769 1483 1908 1538 aliis.

319 1582 439 1640 Non
484 1583 554 1635 ita
597 1580 876 1647 Christus,
905 1578 999 1634 sed
1040 1578 1412 1633 demonstrare
1450 1577 1636 1632 volens
1680 1583 1912 1630 mortem

315 1677 427 1747 jam
448 1673 516 1728 ad
544 1673 701 1728 finem
741 1683 1047 1740 metamque
1077 1670 1416 1741 pervenisse,
1448 1683 1617 1724 aereas
1642 1667 1759 1738 ejus
1784 1682 1912 1737 por—
1976 1686 1981 1691 ·

322 1767 404 1823 tas
432 1765 690 1835 confregit
713 1780 728 1816 :
753 1778 920 1818 :rreas
950 1779 1077 1817 vero
1107 1762 1420 1829 nominavit,
1452 1777 1556 1815 non
1584 1759 1724 1832 quod
1747 1768 1913 1831 porta:

321 1860 426 1915 illa:
455 1874 519 1914 ex
560 1873 668 1913 tere
697 1857 804 1911 sint
842 1854 1173 1922 fabrefactte,
1203 1854 1297 1909 sed
1324 1862 1381 1909 ut
1409 1854 1705 1910 declararet
1733 1853 1912 1908 immi-

320 1959 430 2007 tem
457 1950 599 2003 illam
629 1956 684 2003 et
712 1947 1091 2003 inexorabilem
1132 1946 1321 2001 mortis
1342 1947 1736 2001 necessitatem.
1769 1946 1834 1999 Et
1856 1954 1915 1999 nt

318 2042 607 2110 intell’gas,
636 2048 742 2094 tam
772 2055 846 2093 aes
871 2054 1029 2109 quam
1052 2036 1250 2092 ferrum
1277 2035 1578 2108 significare
1604 2036 1742 2091 idem
1770 2032 1911 2107 quod

317 2135 546 2206 rigidum
573 2142 629 2189 et
672 2130 988 2195 inﬂexibile,
1018 2130 1136 2185 audi
1169 2131 1294 2200 quid
1324 2130 1390 2184 ad
1420 2130 1704 2201 quemdam
1735 2130 1911 2199 impu-

318 2228 534 2284 dentem
583 2225 721 2280 Deus
767 2224 956 2279 dicat:
988 2222 1188 2277 Nervus
1233 2222 1456 2292 ferreus,
1489 2222 1656 2275 cervix
1699 2230 1821 2286 tua,
1865 2230 1913 2274 et

317 2320 461 2392 frons
508 2329 598 2371 tua
640 2333 770 2371 aerea
803 2317 821 2387 (
851 2313 975 2370 lsai.
1009 2315 1097 2370 48.
1130 2312 1224 2385 4).
1263 2314 1373 2367 lloc
1416 2312 1588 2378 dixit,
1617 2326 1720 2364 non
1769 2309 1912 2379 quod

316 2427 512 2467 mream
540 2409 769 2465 frontem
798 2407 1044 2464 habuerit
1069 2424 1083 2472 ;
1113 2406 1205 2461 sed
1240 2407 1359 2474 quia
1384 2402 1770 2473 implacabilem
1797 2403 1913 2458 vul-

318 2518 430 2563 tum
459 2514 514 2560 et
554 2503 916 2572 impudentem
953 2511 1006 2555 et
1054 2499 1312 2554 immitem
1341 2499 1543 2553 habuit.
1573 2497 1662 2552 Vis
1705 2496 1913 2552 discere

316 2596 587 2670 quomodo
619 2594 781 2649 fueris
813 2591 1199 2662 implacabilis,
1231 2589 1573 2657 inflexi-bilis,
1615 2597 1671 2644 et
1709 2586 1914 2658 ipsissi-

318 2705 438 2746 mus
482 2687 742 2742 adamas?
771 2685 942 2740 Tanto
970 2692 1211 2754 tempore
1237 2698 1395 2737 nemo
1430 2695 1684 2750 umquam
1713 2679 1762 2735 ei
1793 2695 1914 2749 per-

316 2780 543 2838 suadere
573 2778 772 2849 petuit,
801 2785 857 2831 ut
888 2788 1210 2846 quemquam
1239 2789 1305 2829 ex
1334 2772 1438 2826 illis
1458 2814 1473 2837 ,
1511 2788 1645 2842 quos
1673 2770 1913 2840 captivos

315 2874 553 2937 tenebat,
577 2870 903 2932 dimitteret;
931 2865 1280 2938 quoadusque
1307 2864 1622 2935 angelorum
1655 2862 1913 2917 Dominus

318 2980 387 3021 eo
412 2962 746 3020 descendens
765 3002 780 3025 ,
804 2974 925 3014 eum
955 2957 1006 3013 vi
1033 2972 1127 3013 sua
1153 2956 1348 3027 coegit.
1374 2955 1505 3009 Nam
1531 2954 1761 3024 primum
1789 2955 1911 3024 qui-

314 3058 436 3113 dem
462 3055 696 3125 alligavit
721 3051 935 3116 fortem,
952 3059 1007 3106 et
1030 3057 1155 3105 tunc
1172 3064 1298 3103 vasa
1319 3048 1437 3119 ejus
1462 3047 1718 3117 diripuit:
1746 3061 1914 3118 quare

314 3157 372 3205 et
395 3146 635 3216 adiungit
662 3161 677 3198 :
707 3143 995 3198 Tltesauros
1017 3138 1353 3195 tenebricosos
1373 3180 1391 3205 ,
1432 3139 1701 3194 invisibiles
1741 3141 1758 3208 (
1781 3136 1906 3192 1δαὶ.

314 3240 405 3297 45.
437 3240 515 3309 5).
553 3236 704 3291 Licet
729 3234 931 3289 dictum
960 3233 1063 3287 hoc
1089 3232 1319 3302 simplex
1361 3231 1469 3294 sit,
1498 3240 1554 3285 at
1590 3230 1785 3299 duplex
1832 3237 1916 3284 est

314 3347 533 3395 sensus;
557 3338 680 3384 sunt
704 3328 847 3383 enim
872 3326 986 3380 loca
1005 3326 1359 3391 tenebricosa,
1382 3323 1475 3379 sed
1496 3323 1662 3379 videri
1688 3330 1915 3394 possunt

313 3423 535 3480 candela
573 3432 627 3476 et
655 3419 854 3474 lumine
881 3419 1069 3485 illato;
1103 3417 1193 3472 ille
1229 3432 1356 3472 vero
1383 3416 1577 3472 inferni
1611 3416 1758 3470 locus
1786 3414 1915 3469 cali.

312 3518 683 3590 ginosissimus
720 3525 860 3580 erat,
891 3523 946 3569 et
976 3518 1233 3584 ingratus,
1258 3528 1431 3583 neque
1478 3527 1729 3582 umquam
1781 3509 1914 3565 lucis

311 3622 556 3668 naturam
597 3611 732 3665 intra
763 3624 823 3664 se
862 3615 1138 3675 receperat
1171 3623 1184 3661 :
1227 3613 1507 3675 propterea
1549 3605 1913 3659 tenebricosos

312 3714 367 3761 et
396 3702 687 3757 invisibiles
725 3717 818 3756 eos
843 3700 996 3753 dixit.
1027 3698 1162 3754 \‘ere
1196 3698 1338 3752 enim
1371 3696 1690 3751 lenebricosi
1717 3704 1870 3749 erant
1892 3735 1911 3761 ,

312 3795 488 3850 donec
510 3791 783 3848 descendit
809 3790 899 3847 Sol
926 3789 1148 3859 justitia:
1167 3829 1183 3851 ,
1212 3803 1412 3858 eosque
1435 3787 1738 3854 illustravit,
1766 3795 1822 3839 et
1846 3801 1913 3841 ex

313 3891 522 3944 inferno
551 3888 740 3942 cadum
775 3885 918 3941 fecit.
942 3884 1073 3938 Nam
1106 3882 1192 3937 ubi
1216 3882 1494 3947 Christus,
1520 3880 1590 3935 ibi
1616 3889 1671 3934 et
1699 3880 1909 3933 caelum.

314 3981 622 4037 'l'besauros
664 3989 842 4033 autem
892 3977 1255 4033 tenebricosos
1303 3974 1544 4028 nominat
1594 3970 1908 4026 infernum:

312 4074 531 4139 merito,
564 4071 687 4141 quia
718 4070 902 4126 multa:
936 4067 1136 4123 divitia:
1166 4066 1323 4120 isthic
1347 4074 1501 4120 erant
1522 4065 1724 4133 reposit
1740 4081 1789 4117 e.
1819 4064 1912 4118 Et-

312 4166 460 4221 enim
492 4173 597 4219 tota
631 4163 908 4217 hominum
938 4174 1164 4223 natura,
1194 4174 1313 4228 qua:
1360 4173 1490 4230 gaza
1526 4158 1769 4228 qua-dam
1818 4157 1909 4213 Dei

312 4269 428 4322 est,
455 4274 486 4313 a
513 4257 728 4312 diabolo
747 4298 760 4319 ,
790 4256 879 4326 qui
905 4255 1136 4326 primum
1162 4251 1433 4307 hominem
1463 4251 1516 4306 in
1542 4250 1781 4306 fraudem
1811 4250 1911 4304 im-

314 4350 482 4422 pulit,
505 4350 751 4417 spoliata,
784 4347 1050 4415 mortique
1083 4343 1325 4411 subjecta
1351 4350 1454 4398 est.
1481 4341 1634 4410 Quod
1661 4357 1788 4397 vero
1816 4341 1915 4396 ho-

314 4441 520 4495 minum
551 4446 797 4492 naturam
844 4437 986 4492 Deus
1013 4435 1318 4491 divitiarum
1358 4434 1479 4489 loco
1523 4432 1766 4489 habuerit
1791 4475 1807 4499 ,
1836 4443 1913 4488 te-

313 4540 495 4603 statur
530 4530 612 4584 his
657 4530 835 4585 verbis
883 4529 1078 4584 Paulus
1108 4545 1123 4583 :
1159 4527 1307 4582 Dives
1336 4528 1389 4581 in
1432 4543 1602 4581 omnes
1627 4567 1642 4593 ,
1672 4535 1719 4581 et
1760 4544 1913 4599 super

311 4638 489 4675 omnes
514 4663 527 4686 ,
567 4621 652 4690 qui
678 4621 910 4673 invocant
956 4636 1071 4673 eunt
1106 4617 1280 4690 (Rom.
1305 4618 1390 4673 10.
1416 4616 1529 4687 19.).
1555 4616 1912 4685 Quemadmo-

312 4713 444 4770 dum
472 4713 631 4783 igitur
656 4727 754 4765 rex
771 4753 784 4775 ,
827 4711 1218 4780 comprehenso
1243 4711 1380 4766 duce
1405 4711 1670 4765 latronum
1693 4704 1748 4766 et
1776 4727 1912 4780 pra:-

310 4806 516 4861 dontun
537 4844 553 4868 ,
584 4804 675 4873 qui
701 4803 944 4858 civitates
973 4804 1272 4872 percurrit,
1304 4814 1360 4858 et
1393 4802 1628 4873 undique
1652 4804 1824 4872 rapit,
1858 4812 1912 4858 et

311 4906 468 4952 antra
510 4895 688 4959 subit,
719 4902 778 4948 ut
803 4893 872 4948 ibi
903 4901 1130 4963 reponat
1154 4892 1366 4947 divitias
1391 4902 1605 4963 raptas,
1639 4893 1908 4948 latronum

309 4988 508 5043 ducem
536 4986 699 5055 ligat,
732 4984 1102 5055 supplicioque
1132 4985 1351 5040 meritas
1390 5001 1574 5055 poenas
1606 4987 1909 5057 persolutu-

308 5093 434 5135 rum
462 5077 651 5142 tradit,
684 5076 991 5131 thesaurum
1022 5091 1149 5131 vero
1187 5076 1302 5145 ejus
1329 5077 1382 5130 in
1427 5078 1631 5147 regium
1660 5094 1909 5133 :eranum

309 5170 586 5225 convertit
610 5186 625 5223 :
652 5169 729 5223 sic
754 5177 809 5222 ct
835 5166 1078 5223 Christus
1106 5168 1249 5232 fecit,
1280 5168 1572 5239 principem
1605 5169 1753 5224 illum
1778 5186 1913 5239 pne-

311 5265 517 5319 donum
561 5270 617 5319 et
665 5263 897 5318 carceris
941 5262 1251 5327 custodem,
1301 5261 1605 5328 diabolum,
1655 5263 1814 5317 simul
1857 5273 1911 5317 et

312 5367 570 5423 mortem,
601 5370 721 5410 cum
748 5370 847 5425 per
875 5364 1101 5409 mortem
1130 5368 1279 5408 snam
1309 5354 1587 5420 vinxisset,
1613 5368 1803 5409 omnes
1830 5353 1912 5409 di-

310 5457 472 5513 vstias
494 5499 510 5520 ,
542 5456 830 5511 lmmanum
862 5454 1073 5523 inquam
1121 5468 1287 5523 genus
1315 5452 1583 5506 transtulit
1625 5452 1679 5505 in
1722 5453 1908 5507 :craria

312 5555 482 5621 regia.
516 5550 626 5604 lloc
664 5559 718 5605 et
764 5547 960 5602 Paulus
990 5548 1205 5611 indicat,
1240 5562 1361 5601 cum
1393 5547 1468 5601 ait
1497 5565 1509 5601 :
1543 5546 1772 5601 Redemit
1818 5561 1910 5598 nos

314 5644 382 5696 de
404 5650 645 5713 potestate
670 5641 1003 5700 tenebrarum,
1026 5650 1071 5692 et
1104 5639 1353 5692 transtulit
1376 5639 1427 5691 in
1447 5654 1657 5707 regnum
1684 5636 1911 5689 dilectio-

314 5736 397 5793 nis
419 5737 530 5806 ejus
561 5739 578 5809 (
604 5732 799 5790 Coloss.
832 5732 888 5787 1.
915 5731 1044 5801 15).
1077 5733 1243 5787 Porro
1271 5731 1412 5802 quod
1450 5728 1802 5786 admiratione
1828 5728 1909 5785 di-

1339 277 1426 334 DE
1464 278 1905 340 COEMETERIO
1943 279 2028 334 ΕΤ
2066 276 2153 333 DE
2190 270 2435 330 CRUCE.

3501 290 3603 345 336

2023 387 2332 458 gnissimum
2361 397 2481 456 est,
2523 390 2638 460 ipse
2678 389 2786 447 Rex
2818 393 3053 450 advenit.
3085 396 3244 467 Atqui
3291 398 3471 455 nullus
3514 418 3604 458 rex

2019 496 2270 550 umquam
2308 480 2411 536 hoc
2439 481 2748 554 dignaretur
2787 483 2986 551 facere,
3018 487 3112 542 sed
3143 489 3373 546 ministri
3403 492 3614 549 vinctos

2017 571 2292 629 dimittunt
2321 589 2335 627 :
2366 589 2524 631 secus
2551 575 2669 640 hic;
2704 577 2929 647 ipsemet
2947 579 3060 635 Rex
3102 581 3169 636 ad
3206 584 3413 641 vinctos
3442 589 3604 645 venit.

2017 664 2135 721 Non
2172 667 2384 722 erubuit
2427 683 2695 723 carcerem
2716 710 2732 734 ,
2764 687 2939 742 neque
2985 673 3234 731 detentos
3263 678 3315 732 in
3341 692 3559 737 carcere
3590 700 3606 739 :

2016 757 2084 813 de
2108 773 2174 813 eo
2197 760 2340 814 enim
2368 776 2527 831 quem
2556 761 2806 828 ﬁnxerat,
2832 765 3155 824 erubescere
3181 785 3288 825 non
3314 773 3524 842 potuit;
3553 784 3611 831 et

2017 850 2282 922 confregit
2325 851 2503 917 fores,
2532 863 2586 909 et
2614 866 2794 911 vectes
2823 860 3110 930 contrivit,
3155 866 3484 933 superastitit
3527 868 3609 923 in-

2018 940 2169 995 ferno
2193 984 2209 1008 ,
2237 953 2291 998 ct
2313 943 2581 1001 desertam
2609 945 2738 1003 fecit
2767 957 2931 1005 totam
2962 952 3104 1008 illius
3129 956 3423 1013 custodiam
3444 999 3462 1025 ,
3490 975 3613 1016 ear-

2016 1032 2264 1102 ccrisque
2308 1035 2529 1090 custode
2558 1037 2610 1091 in
2637 1038 2846 1095 vincula
2875 1041 3139 1111 conjecto,
3168 1045 3236 1100 ad
3269 1062 3367 1101 nos
3405 1064 3610 1104 remea~

2017 1121 2112 1176 vit.
2143 1122 2424 1194 Tyrannus
2468 1127 2710 1196 captivus
2758 1129 3092 1201 ducebatur,
3145 1134 3299 1191 fortis
3348 1140 3560 1196 vinctus
3588 1159 3608 1197 :

2018 1215 2130 1284 ipsa
2161 1233 2307 1273 mors
2348 1219 2573 1290 abjectis
2600 1222 2766 1279 armis
2789 1266 2806 1291 ,
2833 1226 2974 1281 nuda
3002 1228 3069 1284 ad
3112 1229 3273 1302 Regis
3303 1232 3467 1302 pedes
3511 1248 3609 1290 cu-

2016 1312 2202 1365 currit.

2093 1400 2201 1457 Per
2225 1419 2338 1468 qua:
2366 1405 2551 1459 vicerat
2579 1406 2812 1463 diabolus
2852 1411 3099 1476 vincitur;
3142 1415 3349 1470 victoria
3388 1416 3499 1471 sine
3534 1419 3613 1472 la-

2016 1491 2136 1547 bore
2177 1505 2372 1550 nostra.
2398 1526 2466 1539 —
2490 1496 2683 1553 Vidisti
2728 1502 3025 1558 mirandam
3073 1506 3390 1563 victoriam?
3432 1511 3611 1566 vidisti

2016 1585 2191 1640 crucis
2221 1587 2477 1655 prteclara
2507 1589 2781 1646 facinora?
2810 1593 2989 1649 Dicam
3033 1597 3124 1652 tibi
3155 1600 3403 1668 quiddam
3437 1601 3615 1658 adhuc

2016 1677 2354 1734 mirabilius?
2381 1681 2529 1737 disce
2551 1684 2770 1740 modum
2801 1688 3061 1757 victoriae,
3087 1699 3143 1745 et
3173 1699 3297 1747 tunc
3325 1695 3494 1764 magis
3519 1695 3618 1750 ob-

2019 1778 2315 1839 stupesces.
2345 1773 2448 1830 Per
2471 1790 2592 1845 qua:
2619 1778 2761 1833 enim
2786 1778 3030 1836 diabolus
3058 1782 3277 1848 vicerat,
3308 1800 3404 1854 per
3423 1787 3611 1842 eadem

2017 1862 2260 1920 Christus
2287 1867 2535 1924 eumdem
2557 1868 2773 1938 devicit,
2802 1882 2857 1928 et
2876 1875 3108 1945 acceptis
3133 1875 3325 1946 quibus
3349 1893 3478 1933 usus
3504 1877 3616 1933 fne-

2021 1964 2103 2008 rat
2131 1957 2319 2025 armis,
2351 1974 2473 2014 eum
2503 1960 2792 2019 debellavit
2818 1982 2831 2018 :
2857 1973 2913 2021 et
2933 1968 3226 2036 quomodo,-
3254 1969 3399 2025 audi.
3432 1970 3607 2041 Virgo,

2018 2043 2217 2114 lignum
2246 2057 2300 2102 et
2326 2064 2473 2104 mors
2499 2052 2667 2108 cladis
2696 2064 2893 2110 nostrae
2915 2055 3134 2113 fuerunt
3161 2060 3426 2131 sytnbola.
3455 2061 3614 2132 Virgo

2020 2147 2135 2191 erat
2175 2137 2326 2193 Eva:
2359 2142 2585 2197 necdum
2622 2143 2766 2199 enim
2797 2146 2969 2202 virum
3009 2160 3365 2219 cognoverat;
3413 2152 3612 2223 lignum

2015 2242 2134 2285 erat
2161 2232 2343 2300 arbor,
2369 2248 2513 2291 mors
2540 2237 2738 2293 mulcla
2765 2239 2975 2294 Adami.
2999 2243 3067 2296 At
3089 2257 3216 2297 ecce
3238 2244 3429 2301 iterum
3452 2245 3616 2316 Virgo

2017 2331 2071 2376 et
2100 2322 2300 2392 lignum
2328 2336 2382 2380 et
2408 2342 2575 2391 mors,
2605 2329 2692 2383 illa
2712 2328 2881 2385 cladis
2899 2332 3164 2403 symbols,
3188 2334 3355 2404 ipsius
3378 2336 3614 2390 victoria:

2017 2414 2258 2484 symbola
2291 2415 2425 2473 faeta
2456 2425 2603 2473 sunt.
2633 2424 2768 2475 Nam
2815 2421 2934 2477 loco
2972 2423 3100 2478 Eva:
3136 2434 3221 2481 est
3252 2425 3448 2490 Maria;
3495 2426 3616 2481 loco

2017 2501 2145 2572 ligni
2172 2505 2408 2561 scientia:
2434 2508 2558 2563 boni
2588 2519 2639 2569 et
2668 2511 2793 2566 mali
2820 2512 3019 2583 lignum
3045 2516 3250 2581 crucis;
3274 2517 3393 2572 loco
3423 2520 3615 2573 mortis

2017 2595 2211 2651 Adami
2255 2613 2400 2652 mors
2437 2599 2657 2657 Christi.
2687 2602 2848 2659 Vides
2875 2621 2996 2660 eum
3017 2647 3032 2672 ,
3067 2622 3164 2677 per
3189 2624 3309 2679 qua:
3332 2609 3489 2674 vicit,
3521 2626 3617 2680 per

2017 2688 2205 2744 eadem
2233 2700 2288 2746 et
2312 2692 2510 2748 victum
2537 2695 2703 2750 esse?
2729 2693 2885 2752 Circa
2914 2700 3160 2754 arborem
3192 2703 3479 2770 prostravit
3504 2702 3619 2758 dia-

2018 2778 2176 2834 bolus
2220 2781 2522 2851 Adanmm,
2565 2786 2706 2841 circa
2748 2788 2998 2845 arborem
3045 2790 3333 2847 debellavit
3375 2793 3619 2850 Christus

2018 2871 2309 2930 diabolum.
2338 2876 2404 2930 Et
2432 2877 2560 2932 illud
2584 2879 2804 2951 quidem
2835 2882 3035 2952 lignum
3079 2885 3327 2941 mittebat
3362 2887 3431 2942 ad
3474 2887 3615 2943 infe.

2018 2977 2108 3017 ros
2135 2979 2149 3015 :
2178 2973 2235 3019 at
2266 2965 2368 3021 hoc
2395 2968 2555 3022 etiam
2587 2969 2731 3036 illos,
2755 2972 2844 3042 qui
2868 2972 2981 3042 jam
3002 2989 3068 3030 eo
3087 2975 3494 3047 descenderant,
3527 2996 3618 3036 re-

2016 3056 2263 3112 vocabat.
2318 3057 2516 3115 lterum
2578 3060 2845 3131 lignorum
2896 3064 3125 3121 alterum
3181 3066 3454 3124 hominem
3503 3071 3616 3141 jam

2017 3158 2233 3220 captum
2274 3152 2582 3223 nudumque
2629 3155 2919 3212 occultavit
2946 3174 2961 3211 :
2988 3166 3045 3213 at
3083 3157 3185 3214 hoc
3225 3160 3483 3216 victorem
3514 3177 3616 3216 nu-

2018 3243 2146 3298 dum
2192 3242 2245 3297 in
2285 3243 2394 3298 alto
2426 3244 2675 3301 omnibus
2717 3247 2974 3303 ostendit.
3004 3248 3074 3304 Et
3111 3249 3200 3304 illa
3226 3250 3439 3321 quidem
3468 3265 3618 3308 mors

2019 3351 2147 3403 eos,
2179 3337 2269 3407 qui
2303 3344 2424 3406 post
2452 3337 2622 3408 ipsam
2655 3339 2762 3393 nati
2795 3348 2956 3407 sunt,
2996 3340 3403 3402 condemnavit:
3433 3352 3486 3397 at
3516 3344 3616 3399 ista

2019 3442 2167 3482 mors
2186 3429 2346 3483 etiam
2373 3429 2491 3482 illos
2515 3430 2605 3501 qui
2634 3430 2744 3485 nati
2770 3429 2982 3487 fuerant
3008 3441 3132 3487 ante
3158 3433 3348 3502 ipsam,
3381 3436 3616 3491 resusci-

2020 3521 2170 3575 tavit.
2197 3520 2324 3587 Quis
2353 3522 2583 3592 loquetur
2610 3523 2859 3595 potentias
2881 3522 3094 3579 Domini
3125 3523 3295 3597 (Psnl.
3321 3526 3444 3582 105.
3466 3525 3550 3601 2)?
3568 3528 3614 3585 A

2018 3622 2193 3667 morte
2222 3613 2551 3670 immortales
2581 3613 2705 3671 facti
2729 3630 2955 3672 sumus:
2990 3617 3104 3672 [nec
3129 3627 3255 3673 sunt
3278 3619 3453 3675 crucis
3476 3635 3617 3690 prae-

2019 3703 2165 3756 clara
2197 3702 2454 3759 facinora.

2088 3793 2402 3851 intellexisti
2430 3795 2745 3852 victoriam?
2772 3798 3082 3855 intellexisti
3103 3801 3323 3856 modum
3344 3798 3579 3859 victoria:
3592 3807 3617 3859 τ

2017 3883 2165 3939 disce
2190 3900 2352 3951 nunc,
2383 3889 2653 3957 quomodo
2682 3897 2738 3943 et
2763 3890 2880 3945 sine
2904 3890 3089 3946 labore
3118 3902 3173 3948 et
3202 3893 3400 3950 sudore
3426 3906 3612 3952 nostro

2016 3977 2239 4032 victoria
2259 3978 2374 4034 hmc
2395 3979 2552 4034 fuerit
2577 3989 2747 4051 parta.
2768 3980 2879 4036 Nos
2898 3997 3046 4038 arma
3068 3999 3173 4039 non
3194 3987 3613 4054 cruentavimus,

2017 4086 2124 4124 non
2167 4071 2410 4125 stetimus
2439 4070 2491 4125 in
2522 4071 2672 4138 acie,
2701 4087 2808 4128 non
2831 4076 3136 4143 accepimus
3160 4077 3377 4132 vulnera
3396 4106 3418 4142 ,α
3441 4092 3616 4149 neque

2017 4163 2247 4218 vidimus
2275 4162 2495 4229 bellum,
2519 4174 2572 4219 et
2598 4173 2773 4219 tamen
2800 4167 3076 4221 victoriam
3104 4166 3434 4223 obtinuimus
3457 4186 3471 4223 :
3493 4184 3612 4224 cer-

2018 4264 2196 4310 tamen
2218 4254 2429 4308 Domini
2452 4255 2572 4320 l'uit,
2595 4271 2793 4312 corona
2816 4268 3019 4333 nostra.
3044 4256 3178 4313 Cum
3201 4274 3330 4329 ergo
3353 4269 3408 4315 et
3429 4269 3610 4316 nostra

2016 4348 2087 4401 sit
2117 4347 2361 4414 victoria,
2392 4346 2589 4402 milites
2615 4348 2906 4416 imitemur,
2932 4347 3176 4419 laetisque
3201 4350 3420 4406 vocibus
3447 4352 3613 4407 victo-

2016 4437 2112 4494 ria:
2157 4437 2341 4492 laudes
2386 4447 2439 4494 et
2467 4440 2707 4494 carmina
2752 4438 2908 4494 hodie
2946 4438 3294 4498 decantemus
3326 4460 3340 4498 :
3371 4442 3613 4499 dicamus

2018 4531 2301 4586 Dominum
2342 4531 2621 4587 laudantes
2650 4545 2665 4586 :
2696 4530 2950 4602 Absorpta
2993 4544 3066 4588 est
3107 4551 3243 4589 mors
3284 4536 3337 4590 in
3380 4536 3610 4592 victoria.

2021 4622 2118 4678 Ubi
2155 4633 2264 4688 est,
2290 4640 2445 4690 mors,
2486 4623 2698 4678 victoria
2723 4625 2838 4678 tua?
2865 4625 2949 4679 ubi
2976 4626 3208 4682 stimulus
3232 4636 3352 4682 tuus
3370 4667 3385 4695 ,
3416 4628 3615 4702 inferne

2018 4712 2037 4785 (
2062 4714 2190 4768 Osee
2230 4714 2321 4771 15.
2351 4714 2450 4778 14ς
2486 4713 2539 4768 1.
2569 4711 2689 4769 Cor.
2714 4716 2801 4771 15.
2826 4716 2917 4771 54.
2939 4716 3082 4788 55)?
3108 4716 3233 4772 llaec
3264 4719 3442 4773 omnia
3471 4734 3612 4788 pra:-

2017 4806 2162 4862 clare
2191 4807 2328 4862 facta
2356 4821 2487 4860 crux
2517 4806 2673 4861 nobis
2697 4808 2906 4877 peperit
2937 4824 2951 4862 :
2982 4823 3112 4861 crux
3140 4815 3399 4877 tr0pazum
3423 4818 3608 4864 contra

2015 4899 2292 4954 daemones
2320 4905 2581 4964 erectum,
2611 4898 2818 4969 gladius
2840 4907 3029 4953 contra
3061 4907 3372 4968 peccatum,
3401 4898 3611 4968 gladius

2016 5006 2122 5061 quo
2147 5000 2452 5061 serpentem
2481 4990 2721 5047 confodit
2753 4990 3034 5046 Christus:
3059 5005 3188 5045 crux
3220 4992 3392 5047 Patris
3417 4990 3612 5046 volun-

2018 5095 2135 5151 tas,
2180 5083 2445 5155 Unigeniti
2471 5083 2662 5154 gloria,
2702 5083 2931 5153 Spiritus
2959 5083 3266 5152 exsultatio,
3293 5084 3609 5155 angelorum

2015 5178 2197 5242 decus,
2243 5176 2499 5231 Ecclesiae
2523 5176 2805 5243 securitas,
2831 5176 3078 5246 gloriatio
3105 5175 3275 5242 Pauli,
3302 5185 3609 5233 sanctorum

2016 5283 2234 5332 murus,
2267 5268 2427 5322 totius
2468 5267 2613 5323 orbis
2643 5267 2843 5321 lumen.
2869 5267 3329 5333 Quemadmodum
3373 5270 3516 5325 enim
3564 5270 3610 5324 si

2015 5361 2135 5431 quis
2178 5361 2449 5413 lucernam
2495 5358 2549 5413 in
2588 5358 2750 5413 domo
2777 5358 3024 5430 quapiam
3055 5360 3290 5416 tenebris
3316 5360 3487 5415 obsita
3516 5374 3605 5413 ac-

2016 5453 2209 5508 cendat
2237 5460 2292 5506 et
2319 5452 2372 5505 in
2400 5451 2564 5504 altum
2589 5458 2807 5515 statuat,
2839 5452 3088 5507 tenebras
3116 5452 3406 5521 derepente
3435 5451 3608 5519 fugat:

2016 5546 2094 5599 sic
2123 5544 2353 5597 tenebris
2383 5559 2481 5613 per
2510 5543 2819 5598 universum
2849 5546 3035 5599 orbem
3063 5544 3262 5612 sparsis
3286 5584 3301 5608 ,
3334 5542 3607 5605 Christus.

2017 5643 2287 5705 tamquam
2316 5633 2617 5706 lampadem
2654 5636 2940 5704 quamdam
2964 5677 2978 5702 ,
3008 5648 3219 5689 crucem
3251 5632 3529 5698 accendit,
3558 5644 3612 5686 et

2021 5728 2073 5783 in
2103 5727 2268 5782 altum
2310 5727 2511 5793 erexit,
2557 5741 2878 5799 omnemque
2920 5726 3201 5796 caliginem
3249 5725 3409 5781 totius
3454 5732 3611 5779 term
