4100 6424
584 295 689 357 5'37

587 411 890 485 dissipavit.
919 410 988 465 Et
1015 408 1461 479 quemadmodum
1490 409 1697 478 lampas
1716 423 1874 478 supra
1901 409 1954 463 in
1976 415 2176 463 vertlce

589 500 771 557 lumen
803 501 999 568 habet,
1027 499 1104 557 sic
1133 506 1190 553 et
1213 513 1344 552 crux
1375 496 1561 552 habuit
1585 512 1746 568 supra
1778 499 1828 552 in
1853 498 2055 553 vertice
2073 497 2176 552 So-

590 593 695 648 lem
719 592 939 662 justitiaa
967 589 1328 660 cfl'ulgentem.
1365 589 1516 644 Ilunc
1552 605 1674 644 cum
1714 588 1918 644 videret
1948 587 2178 642 nmndus

589 683 755 737 clavis
780 681 1019 747 affixum,
1063 679 1358 745 cohorruit,
1400 689 1542 734 mota
1582 691 1665 734 est
1705 689 1883 744 terra,
1928 679 2180 749 disrupta:

591 782 776 840 petras.
804 772 912 826 Sed
943 772 1064 826 licet
1092 771 1346 840 disrupta:
1373 773 1479 827 sint
1512 784 1676 842 petra:
1698 813 1713 838 ,
1752 773 1975 828 durities
2005 783 2180 827 tziinen

589 865 894 919 Judaeorum
938 881 1045 920 non
1088 875 1172 920 est
1210 865 1449 934 disrupta
1481 882 1496 918 :
1527 867 1700 920 velum
1743 867 1925 937 templi
1956 866 2182 922 scissum

595 966 698 1019 est,
730 965 784 1012 et
811 972 916 1010 non
947 966 1029 1011 est
1053 958 1218 1012 scissa
1247 958 1488 1027 improha
1511 957 1722 1012 illorum
1750 959 2096 1028 conspiratio.

678 1047 852 1102 Vatum
878 1049 1051 1118 templi
1074 1065 1166 1102 cur
1187 1049 1418 1102 scissum.
1445 1079 1518 1088 —
1539 1048 1716 1115 Quare
1736 1049 1960 1102 scissum
1983 1059 2066 1104 est
2094 1064 2186 1104 ve-

593 1137 745 1192 lum?
772 1138 905 1206 Quia
932 1141 1188 1209 templum
1221 1155 1326 1194 non
1359 1141 1528 1210 potuit
1554 1139 1736 1194 videre
1769 1139 2050 1194 Dominum
2073 1155 2186 1194 cru-

594 1230 838 1296 cilixum,
867 1240 920 1286 et
951 1247 1045 1301 per
1069 1247 1152 1298 ea,
1185 1248 1304 1301 quae.
1327 1232 1448 1286 velo
1477 1246 1575 1286 suo
1604 1231 1949 1296 acciderunt,
1977 1241 2184 1286 tantum

596 1337 703 1376 non
734 1321 1120 1377 exhortationis
1150 1323 1310 1377 modo
1337 1324 1435 1376 ista
1470 1322 1706 1392 protulit.
1733 1322 1807 1376 De
1835 1331 2032 1377 etetcro
2057 1337 2186 1376 san-

595 1421 680 1466 cta
707 1423 1013 1467 sanctorum
1042 1414 1355 1478 conculcet,
1396 1414 1635 1484 quisquis
1661 1413 1822 1467 volet.
1863 1413 2000 1482 Quid
2043 1413 2185 1468 enim

598 1503 716 1557 istis
736 1519 870 1573 opus
894 1503 1082 1568 habeo,
1111 1505 1199 1557 tali
1218 1505 1482 1559 sacrificio
1503 1515 1652 1558 extra
1675 1505 1855 1559 oblato
1875 1514 1926 1559 ct
1949 1503 2188 1573 peracto?

599 1594 726 1663 quid
753 1595 881 1648 mihi
911 1595 1130 1664 prodest
1157 1597 1574 1651 testamentum?
1599 1597 1795 1651 frustra
1837 1607 1890 1652 et
1922 1598 2188 1652 incassum

601 1696 750 1740 tanto
778 1697 1018 1757 tempore
1047 1689 1176 1742 istos
1203 1687 1381 1743 docui.
1405 1688 1534 1757 Quae
1561 1705 1625 1743 ex
1653 1690 1768 1760 lege
1788 1689 1854 1742 ad
1881 1707 1965 1744 me
1994 1691 2191 1744 utilitas

601 1777 777 1830 redit?
806 1778 916 1832 lloc
949 1786 1004 1833 et
1042 1779 1299 1848 propheta
1327 1780 1592 1834 clamabat
1629 1780 1851 1834 dicens:
1885 1780 2054 1847 Quare
2082 1783 2188 1852 fre-

599 1879 830 1923 muerunt
855 1881 1042 1940 gentes,
1072 1880 1118 1924 et
1147 1873 1322 1943 populi
1349 1873 1574 1926 meditati
1597 1883 1712 1927 sunt
1735 1874 1910 1927 inania
1938 1872 2107 1947 (Psal.
2133 1873 2188 1930 9.

601 1961 697 2032 ψ
725 1962 1021 2017 Audierant
1051 1981 1064 2018 :
1094 1963 1376 2035 Tamquam
1419 1967 1524 2020 ovis
1563 1967 1631 2019 ad
1677 1967 1976 2020 occisionem
2014 1966 2194 2020 ductus

601 2065 693 2117 est,
716 2064 764 2109 et
786 2065 1041 2126 tamquam
1061 2075 1222 2128 agnus
1247 2075 1417 2112 coram
1437 2059 1669 2113 tondente
1685 2077 1738 2114 se
1763 2061 2007 2114 obmutuit
2038 2058 2192 2131 (Isai.

600 2147 692 2202 55.
725 2149 783 2218 7)
813 2167 825 2202 :
857 2159 910 2204 et
935 2165 1057 2204 cum
1087 2150 1224 2206 hanc
1255 2152 1590 2222 prophetiam
1617 2165 1762 2209 tanto
1790 2164 2033 2225 tempore
2058 2171 2193 2210 con-

601 2238 948 2305 siderassent,
975 2253 1238 2311 prasente
1259 2244 1369 2312 jam
1391 2260 1476 2310 eo,
1500 2246 1640 2315 quod
1668 2245 1974 2316 przrdictum
1999 2246 2190 2313 fuerat,

602 2342 710 2384 non
739 2331 1100 2387 crediderunt.
1126 2333 1334 2402 Cernis,
1367 2335 1634 2405 quomodo
1663 2337 1900 2391 meditati
1927 2346 2049 2391 sunt
2075 2337 2193 2392 ina-

603 2423 724 2476 nia?
751 2423 1040 2494 Propterea
1077 2426 1304 2482 scissum
1333 2439 1413 2482 est
1440 2428 1728 2498 templum,
1771 2430 2077 2499 significans
2103 2445 2194 2485 so-

603 2513 880 2569 litudinem
923 2525 978 2570 et
1021 2517 1372 2573 vastationem
1415 2519 1637 2589 posthac
1679 2521 1730 2573 in
1778 2529 2090 2590 perpetuum
2119 2520 2199 2575 fu-

603 2615 797 2659 turam.

676 2696 731 2749 3.
767 2697 844 2749 Ad
867 2697 1281 2754 Communionem
1301 2717 1401 2771 quo
1426 2713 1573 2772 pacto
1595 2702 1832 2756 euadunt.
1855 2733 1927 2742 —
1945 2703 2079 2758 Cum
2102 2704 2200 2774 igi-

606 2796 693 2841 tur
735 2802 890 2854 eum,
938 2790 1027 2859 qui
1074 2791 1124 2844 in
1174 2806 1332 2846 cruce
1373 2793 1562 2848 affixus
1591 2802 1701 2859 est,
1736 2809 1834 2849 nos
1875 2795 2058 2850 itidem
2097 2795 2198 2850 sub

606 2893 886 2948 vesperam
917 2882 1081 2936 visuri
1127 2883 1328 2948 simus,
1373 2893 1642 2956 tamquam
1685 2902 1880 2957 agnum
1910 2896 2198 2943 mactatum

605 2980 661 3025 et
689 2972 1042 3040 immolatum,
1073 2991 1302 3044 moneo,
1331 2987 1530 3034 etcum
1561 2988 1816 3047 tremore,
1854 2982 2199 3037 veneratione

603 3071 661 3117 et
688 3065 984 3119 reverentia
1009 3067 1173 3122 multa
1196 3069 1534 3124 accedamus.
1558 3073 1639 3125 An
1667 3073 1902 3140 nescitis,
1929 3074 2199 3142 quomodo

604 3156 778 3226 angeli
809 3157 1110 3214 adstiterint
1130 3162 1381 3231 sepulcro
1408 3178 1602 3234 corpus
1628 3179 1732 3220 non
1765 3165 1998 3234 habenti,
2021 3167 2202 3237 sepul-

606 3264 705 3304 cro
732 3253 944 3306 vacuo?
967 3261 1201 3308 attamen
1230 3271 1349 3309 cum
1380 3257 1548 3311 semel
1578 3266 1746 3312 totum
1769 3274 1962 3329 corpus
1989 3260 2199 3315 Domini

608 3343 920 3410 recepisset,
949 3345 1174 3398 multum
1207 3346 1426 3402 honoris
1457 3348 1554 3416 ipsi
1585 3350 1745 3403 etiam
1776 3351 1894 3405 loco
1922 3351 2197 3405 exhibent.

608 3435 797 3504 Angeli
821 3476 838 3501 ,
866 3436 956 3506 qui
994 3447 1234 3493 naturam
1275 3451 1513 3495 nostram
1541 3442 1856 3497 excellentia
1903 3459 1999 3498 sua
2046 3445 2201 3515 longe

610 3536 889 3595 superant,
942 3537 1086 3583 tanta
1132 3532 1432 3586 reverentia
1478 3541 1533 3586 et
1573 3532 1914 3587 observantia
1954 3537 2202 3604 sepulcro

611 3618 870 3671 assistunt
899 3635 913 3671 :
942 3634 1041 3672 nos
1063 3635 1168 3674 non
1195 3621 1262 3676 ad
1287 3623 1593 3692 sepulcrum
1625 3624 1801 3687 inane,
1821 3626 1914 3681 sed
1940 3627 2006 3681 ad
2033 3627 2202 3697 ipsam

613 3723 853 3762 mensam
873 3751 889 3776 ,
923 3710 974 3764 in
1004 3726 1104 3781 qua
1130 3715 1312 3783 Agnus
1344 3715 1546 3783 positus
1571 3725 1680 3782 est,
1709 3717 1938 3783 adituri,
1966 3734 2087 3774 cum
2117 3729 2204 3774 tu-

614 3799 785 3854 multu
814 3809 868 3856 et
899 3803 1202 3861 turbatione
1226 3806 1570 3863 accedimus?
1597 3809 1662 3863 Et
1693 3827 1810 3880 qua:
1835 3812 1989 3867 nobis
2018 3813 2085 3868 de
2115 3829 2202 3868 re-

615 3893 760 3963 liquo
799 3897 954 3951 venia
998 3899 1260 3967 speranda
1289 3900 1431 3955 erit?
1457 3901 1570 3956 Non
1608 3902 1727 3957 dico
1758 3902 1873 3959 haec
1895 3905 2209 3975 simpliciter

615 3997 672 4042 et
696 3996 918 4055 temere,
943 3991 1036 4045 sed
1066 4006 1189 4046 cum
1209 3991 1393 4047 videre
1413 3994 1614 4048 soleam
1640 3994 1740 4050 hac
1766 4011 1984 4065 vespera
2012 3997 2208 4053 multos

617 4079 1018 4144 tumultuantes,
1050 4083 1366 4149 clamantes,
1387 4097 1508 4140 sese
1531 4094 1719 4141 mutuo
1740 4087 2035 4156 trudentes,
2063 4088 2209 4143 exsi-

618 4171 812 4226 lientes
833 4213 849 4236 ,
881 4174 1117 4230 convicia
1154 4174 1408 4244 iacientes
1429 4219 1444 4244 ,
1478 4179 1752 4249 magisque
1799 4195 2011 4250 poenam
2051 4195 2210 4250 quam

618 4264 844 4319 salutem
872 4266 972 4321 sibi
998 4277 1372 4338 comparantes
1391 4313 1407 4339 ,
1433 4287 1498 4326 ea
1520 4270 1587 4327 de
1615 4285 1776 4327 causa
1807 4271 1945 4328 hanc
1970 4273 2214 4328 admoni-

623 4358 823 4413 tionem
851 4359 1090 4415 instituo.

697 4449 959 4508 [avocatio
1011 4454 1235 4524 Spiritus
1269 4468 1452 4514 sancti.
1483 4490 1554 4500 —-
1582 4460 1733 4526 Quod
1789 4459 1918 4516 facis
1947 4501 1963 4528 ,
2014 4459 2214 4515 homo?

625 4541 843 4610 quando
871 4545 1124 4599 sacerdos
1153 4556 1258 4602 stat
1281 4559 1407 4604 ante
1433 4565 1639 4606 sacram
1669 4567 1906 4607 mensam
1929 4594 1943 4619 ,
1970 4551 2216 4607 manibus

627 4637 681 4692 in
705 4634 895 4690 cadum
917 4637 1173 4705 extensis,
1202 4640 1454 4697 invocans
1475 4641 1729 4713 Spiritum
1753 4652 2013 4713 sanctum,
2042 4653 2099 4700 ut
2124 4644 2220 4700 ad-

1339 295 1397 350 S.
1435 294 1716 352 JOANNIS
1741 292 2226 349 CHRYSOSTOMI
2261 291 2582 346 ARCHIEI’.
2624 289 3160 345 CONS'I‘ANTINOP.
3753 293 3843 348 593

2286 407 2501 472 veniat,
2531 413 2590 460 ut
2616 405 2888 476 proposita
2930 403 3070 460 dona
3115 403 3420 476 contingat,
3466 419 3654 476 magna
3683 409 3848 477 quies.

2287 512 2534 568 magnum
2583 497 2855 551 silentium
2883 516 2896 551 :
2923 495 3135 566 quando
3183 495 3414 566 Spiritus
3457 497 3679 567 gratiam
3719 513 3851 556 suam

2287 591 2503 655 tribuit,
2552 589 2766 660 quando
2807 590 3118 655 descendit,
3169 589 3382 660 quando
3423 591 3687 660 proposita
3731 591 3852 647 dona

2287 682 2584 752 contingit,
2610 681 2824 752 quando
2853 697 3006 736 ovem
3051 690 3336 735 mactatam
3372 689 3428 736 et
3452 691 3853 737 consummatam

2287 777 2485 840 cernis,
2517 787 2641 831 tunc
2671 775 2951 830 tumultum
2978 817 2994 844 ,
3027 783 3152 831 tunc
3190 775 3406 842 turbas,
3438 783 3566 831 tunc
3584 779 3858 832 contentio-

2289 882 2411 922 nem
2439 865 2642 921 excitas
2659 874 2714 921 et
2738 866 2976 921 convicia
3001 865 3174 936 jacis?
3195 865 3472 934 Quomodo
3495 866 3753 922 sacrificio
3771 867 3858 923 hoc

2291 957 2490 1028 perfrui
2516 967 2688 1028 potes,
2718 973 2838 1012 cum
2870 967 3019 1012 tanto
3047 958 3276 1012 tumultu
3302 967 3358 1012 et
3381 957 3608 1028 strepitu
3636 957 3702 1013 ad
3728 974 3860 1013 men-

2291 1064 2405 1104 sam
2433 1050 2571 1105 banc
2589 1050 2851 1106 accedas?
2877 1049 2991 1104 Non
3019 1050 3216 1105 sufficit
3247 1049 3402 1104 nobis
3438 1050 3672 1119 peccatis
3699 1061 3862 1105 conta-

2291 1142 2522 1197 minatos
2547 1143 2827 1210 accedere,
2858 1144 2952 1199 sed
2979 1143 3151 1213 ipsum
3180 1144 3341 1198 etiam
3366 1158 3617 1198 accessus
3641 1159 3862 1199 momen-

2293 1243 2405 1288 tum
2438 1249 2542 1289 non
2573 1235 2798 1289 sinimus
2823 1250 2853 1288 a
2877 1244 3098 1304 peccato
3123 1234 3352 1289 liberum
3391 1234 3683 1304 praeterire.
3707 1234 3865 1301 Quan-

2293 1323 2362 1379 do
2388 1325 2528 1380 enim
2551 1324 2848 1395 jurgamur,
2877 1325 3090 1396 quando
3122 1326 3526 1390 tumultuamur,
3554 1326 3760 1397 quando
3780 1342 3864 1382 nos

2295 1427 2481 1472 mutuo
2511 1417 2841 1485 mordemus,
2875 1417 3147 1488 quomodo
3172 1433 3202 1471 a
3231 1418 3465 1488 peccatis
3489 1418 3749 1474 immunes
3774 1417 3865 1474 eri-

2295 1510 2447 1564 mus?
2477 1511 2572 1564 Dic
2597 1510 2749 1577 mihi,
2777 1509 2904 1580 quid
2935 1509 3229 1580 properas?
3255 1511 3407 1579 cujus
3435 1511 3605 1580 gratia
3636 1511 3864 1576 festinas,

2296 1617 2417 1656 cum
2463 1617 2617 1656 ovem
2660 1601 2770 1671 jam
2815 1602 3046 1656 occisam
3076 1601 3307 1670 aspicis?
3333 1615 3456 1654 nam
3487 1601 3534 1655 si
3572 1611 3682 1656 tota
3727 1609 3867 1656 nocte

2296 1693 2615 1746 sacrificium
2644 1692 2746 1747 hoc
2771 1693 2965 1748 intueri
2995 1691 3241 1755 deberes,
3271 1707 3338 1746 an
3368 1693 3729 1762 spectaculum
3755 1692 3861 1758 hoc,

2297 1783 2433 1840 cedo
2457 1825 2471 1851 ,
2521 1785 2820 1840 satietatem
2859 1783 3116 1839 afferret?
3142 1783 3277 1838 'l‘oto
3303 1783 3391 1838 die
3417 1784 3677 1854 patienter
3696 1798 3869 1852 exspe-

2298 1877 2453 1932 ctasti
2477 1919 2492 1943 ,
2520 1878 2714 1933 bonam
2747 1879 2918 1934 noctis
2949 1886 3152 1948 partem
3184 1878 3521 1932 transmisisti
3543 1919 3559 1943 ,
3583 1886 3868 1946 tantumque

2301 1969 2544 2023 laborum
2587 1968 2735 2024 brevi
2771 1970 3025 2038 temporis
3066 1977 3262 2038 puncto
3294 1967 3529 2038 prodigis
3572 1976 3628 2021 et
3669 1966 3867 2037 perdis?

2299 2058 2504 2130 Cogita,
2538 2059 2792 2130 quidnam
2819 2059 2886 2113 sit
2909 2057 3034 2113 illud
3056 2056 3196 2127 quod
3221 2057 3551 2128 propositum
3573 2065 3673 2123 est,
3699 2067 3746 2110 et
3765 2071 3867 2125 qua:

2301 2151 2372 2202 sit
2395 2148 2510 2218 ejus
2539 2164 2699 2203 causa
2731 2166 2743 2201 :
2773 2147 2982 2202 occisus
3009 2156 3093 2202 cst
3122 2157 3338 2218 propter
3369 2158 3420 2202 te
3439 2189 3453 2212 ,
3496 2155 3552 2202 et
3598 2157 3652 2200 tu
3689 2147 3871 2201 deseris

2303 2240 2450 2295 illum
2479 2241 2648 2310 ipsum
2668 2239 2998 2294 immolatum
3019 2238 3303 2308 aspiciens.
3326 2237 3424 2293 Ubi
3445 2238 3680 2304 cadaver,
3702 2237 3867 2307 inquit,

2301 2333 2372 2388 ibi
2395 2343 2443 2386 et
2469 2334 2653 2402 aquila:
2673 2333 2884 2406 (Matth.
2914 2332 3004 2388 24.
3033 2331 3150 2402 28).
3177 2331 3285 2387 Nos
3323 2340 3506 2386 autem
3535 2348 3640 2386 non
3663 2339 3719 2386 ut
3742 2331 3873 2400 aqui-

2304 2425 2392 2491 lae,
2422 2426 2517 2479 sed
2549 2435 2606 2479 ut
2630 2440 2795 2480 canes
2819 2425 3124 2480 accedimus
3157 2441 3169 2478 :
3207 2431 3348 2478 tanta
3378 2432 3565 2478 nostra
3603 2431 3684 2478 est
3720 2421 3871 2490 impu—

2303 2517 2508 2573 dentia.
2539 2517 2723 2587 Cogita
2747 2517 2872 2587 quid
2901 2516 3114 2572 tandem
3155 2515 3282 2570 illud
3325 2515 3429 2582 sit,
3477 2514 3626 2585 quod
3669 2514 3870 2568 eﬂ'usum

2306 2620 2388 2667 est
2414 2631 2427 2666 :
2459 2611 2672 2681 sanguis
2700 2621 2802 2674 est,
2833 2611 3050 2681 sanguis
3077 2610 3165 2681 qui
3195 2607 3614 2680 chirographum
3655 2615 3872 2677 peccato-

2305 2719 2423 2758 rum
2452 2703 2683 2757 delevit:
2716 2703 2931 2772 szinguis
2951 2743 2964 2768 ,
2994 2701 3085 2772 qui
3131 2701 3364 2755 animam
3407 2709 3557 2753 tuam
3604 2694 3872 2755 mundavit.

2306 2797 2392 2865 qui
2446 2795 2704 2849 maculam
2752 2796 2920 2860 eluit,
2973 2795 3062 2864 qui
3118 2793 3446 2864 principatus
3503 2800 3559 2847 et
3609 2797 3873 2862 potestates

2308 2888 2670 2958 triumphavit.
2689 2886 2998 2954 Eupalium
3018 2886 3172 2953 enim,
3193 2886 3378 2956 inquit,
3404 2885 3715 2955 principatus
3732 2892 3774 2936 et
3797 2896 3876 2952 po-

2307 2991 2505 3036 testates
2527 2982 2752 3035 traduxit
2773 2979 3084 3048 conﬁdenter
3104 2977 3421 3048 triumphans
3445 2977 3501 3030 in
3523 2993 3667 3030 cruce
3681 2972 3873 3048 (Colon.

2307 3072 2362 3127 2.
2407 3071 2542 3144 l5).
2582 3072 2743 3126 Multa
2787 3071 3026 3126 victoriae
3069 3069 3311 3141 symbola
3359 3068 3550 3122 habuit
3599 3076 3873 3134 tropaaum:

2308 3163 2478 3235 spolia
2524 3177 2756 3234 superne
2806 3162 2875 3218 de
2921 3177 3081 3218 cruce
3136 3160 3390 3231 pendent.
3438 3155 3874 3226 Quemadmodum

2308 3257 2450 3312 enim
2482 3257 2850 3326 magnanimus
2880 3256 3072 3326 aliquis
3097 3271 3217 3320 rex,
3244 3253 3490 3310 confecto
3519 3252 3736 3308 feliciter
3759 3247 3878 3304 diffi-

2309 3348 2514 3403 cillimo
2545 3348 2704 3416 bello,
2735 3347 3007 3402 thoracem
3027 3354 3080 3402 et
3107 3345 3352 3418 clypeum
3379 3354 3433 3399 et
3453 3359 3605 3399 arma
3623 3340 3880 3414 tyranniet

2309 3439 2535 3493 militum
2559 3453 2694 3509 quos
2719 3439 2934 3505 devicit,
2964 3453 3126 3508 super
3145 3437 3412 3492 excelsum
3438 3445 3694 3505 ll‘Optl‘llm
3717 3431 3874 3503 ponit:

2311 3531 2389 3586 sic
2415 3539 2470 3586 et
2496 3529 2760 3596 Christus,
2795 3531 2947 3585 finito
2975 3531 3135 3595 bello,
3161 3529 3302 3600 quod
3333 3543 3457 3583 cum
3485 3526 3695 3582 diabolo
3715 3535 3878 3594 gesse-

2310 3631 2426 3687 rat,
2455 3637 2604 3677 arma
2645 3622 2761 3693 ejus
2791 3623 3042 3677 universa
3063 3663 3079 3688 ,
3122 3630 3352 3676 mortem
3382 3629 3437 3674 ct
3478 3616 3876 3672 maledictionem

2312 3713 2380 3768 ab
2410 3714 2620 3770 excelsa
2648 3729 2808 3770 cruce
2832 3713 3131 3784 suspendit,
3159 3723 3425 3782 tamquam
3449 3709 3518 3765 de
3546 3719 3742 3778 tropzeo
3765 3716 3880 3775 quo-

2313 3807 2560 3864 dam:ut
2589 3821 2779 3861 omnes
2827 3814 3087 3875 tropaeum
3135 3803 3262 3858 illud
3311 3801 3762 3871 conspicarentur,
3800 3809 3879 3848 su-

2317 3914 2497 3968 perna:
2525 3898 2792 3964 Virtutes,
2825 3913 2944 3968 quae
2974 3897 3027 3951 in
3055 3895 3201 3950 caelis
3223 3936 3236 3959 ,
3271 3893 3519 3948 homines
3539 3934 3554 3960 ,
3586 3891 3672 3961 qui
3700 3887 3882 3944 inferne

2317 4002 2520 4047 terram
2549 3991 2821 4057 incolunt;
2851 3991 3058 4061 ipsique
3085 3988 3210 4042 mali
3245 3986 3522 4042 daemones
3547 4027 3560 4050 ,
3588 3984 3674 4056 qui
3711 3977 3880 4036 devicti

2319 4093 2465 4139 sunt.
2493 4085 2626 4140 Cum
2660 4084 2820 4154 igitur
2851 4093 3000 4138 tanto
3030 4096 3251 4137 munere
3279 4079 3458 4135 affecti
3492 4079 3691 4140 simus,
3716 4073 3880 4142 dignos

2321 4175 2679 4246 nosmetipsos
2709 4190 2807 4246 pro
2835 4175 3039 4230 viribus
3069 4173 3414 4228 ostendamus
3441 4171 3594 4226 bonis
3627 4169 3755 4233 illis,
3781 4175 3880 4233 qua

2321 4270 2476 4325 nobis
2501 4278 2628 4324 sunt
2655 4283 2911 4325 concessa
2933 4311 2947 4335 ,
2978 4277 3034 4323 ut
3063 4276 3116 4322 et
3144 4266 3394 4322 canorum
3422 4279 3642 4336 regnum
3666 4268 3882 4326 assequar

2323 4377 2464 4428 mur,
2493 4361 2662 4432 gratia
2685 4371 2741 4416 et
2767 4360 3095 4415 humanitate
3121 4357 3327 4413 Domini
3355 4356 3524 4412 nostri
3549 4355 3670 4411 Jesu
3689 4345 3879 4410 Christi,

2326 4471 2421 4525 per
2449 4471 2604 4526 quem
2636 4465 2691 4511 et
2716 4470 2838 4510 cum
2877 4469 2986 4526 quo
3012 4453 3154 4509 Patri
3187 4451 3342 4508 simul
3372 4461 3427 4506 et
3452 4447 3670 4520 Spiritui
3694 4447 3879 4500 sancto.

2324 4551 2532 4622 gloria,
2585 4549 2800 4617 honor,
2869 4546 3108 4620 potentia
3133 4588 3148 4615 ,
3202 4546 3256 4603 in
3313 4543 3509 4602 saecula
3574 4535 3882 4596 saeculorum.

2325 4646 2519 4700 Amen.
