4100 6428
370 310 476 368 697

382 421 709 493 Ἐκκλησίας
739 420 774 493 ή
798 420 1087 491 ἀσφάλεια,
1117 419 1178 473 16
1208 418 1468 491 καύχημα
1491 417 1727 479 Παύλου,
1753 414 1815 468 16
1837 414 1947 468 τῶν

370 506 543 575 ἁγίων
618 508 829 576 τεῖχος,
884 504 942 557 16
990 503 1105 573 φῶς
1164 504 1262 574 τῆς
1326 502 1651 573 οἰκουμένης
1705 500 1945 569 ἀπάσης.

370 589 639 653 Καθάπερ
676 589 784 660 γὰρ
823 587 998 658 σκότῳ
1019 587 1381 657 κατεχομένου
1408 588 1556 640 οίκου
1581 583 1841 655 λαμπάδα
1866 600 1950 645 τις

371 672 581 743 άνάψας
614 672 708 727 καὶ
753 671 919 743 ὀρθὴν
958 671 1265 741 ἀναστήσας
1304 668 1596 723 ἀπελαύνει
1628 666 1687 720 16
1720 666 1908 729 σκότος
1932 681 1947 697 ’

368 756 512 811 οὑτω
538 755 637 826 τῆς
665 755 989 825 οἰκουμένης
1021 753 1124 806 ὑπὸ
1148 752 1312 821 ζόφου
1343 750 1744 823 κατεχομένης,
1778 749 1950 803 καθά-

373 856 479 911 περ
509 837 767 909 λαμπάδα
809 837 930 892 τινὰ
996 836 1088 891 τὸν
1138 837 1369 904 σταυρὸν
1397 834 1609 904 ἀνάψας
1656 835 1748 887 καὶ
1793 832 1952 903 ὀρθὸν

369 924 681 992 ἀναστήσας
712 923 741 975 6
787 919 1053 990 Χριστὸς,
1103 920 1202 990 τῆς
1254 920 1358 991 γῆς
1405 918 1624 973 ἅπαντα
1660 918 1748 971 τὸν
1791 916 1952 984 ζόφον

373 1006 548 1060 ἔλυσε.
577 1005 687 1059 Καὶ⁵
711 1004 964 1074 καθάπερ
991 1005 1026 1073 ἡ
1055 1002 1277 1073 λαμπὰς
1301 1004 1393 1056 ἐπὶ
1414 1005 1480 1073 τῇ
1508 1000 1717 1072 κεφαλῇ
1751 1001 1865 1055 ἀνω
1890 1000 1953 1053 16

373 1089 489 1157 φῶς
521 1088 653 1159 ἔχει,
680 1087 822 1141 οὕτω
851 1088 947 1142 καὶ
965 1089 994 1141 6
1026 1088 1259 1158 σταυρὸς
1284 1087 1395 1141 ἀνω
1420 1088 1478 1138 ἐν
1506 1088 1573 1157 τῇ
1606 1083 1817 1154 κεφαλῇ
1864 1082 1953 1136 τὸν

371 1174 523 1244 ἡλιον
543 1175 642 1242 τῆς
660 1169 1006 1241 δικαιοσύνης
1026 1164 1173 1241 εἶχεν
1199 1168 1571 1238 ἐκλάμποντα.
1597 1168 1797 1220 Τοῦτον
1831 1164 1954 1219 ἰδὼν

373 1254 791 1328 προσηλωμένον
844 1256 873 1307 6
929 1254 1133 1325 κόσμος
1184 1252 1436 1323 ἔφριξεν,
1480 1250 1742 1322 ἐκλονήθη
1782 1253 1815 1320 ἡ
1857 1252 1950 1320 γῆν

371 1338 737 1410 διερράγησαν
766 1338 822 1391 αἱ
857 1338 1076 1408 πέτραι.
1121 1335 1258 1389 Ἀλλ’
1293 1338 1342 1389 εί
1375 1335 1470 1389 καὶ
1500 1335 1864 1407 διερῤάγησαν
1897 1333 1953 1386 αί

372 1424 603 1493 πέτραι,
645 1423 679 1492 ἡ
714 1421 1038 1492 ἀναισθησία
1086 1421 1195 1474 τῶν
1240 1421 1509 1475 Ἰουδαίων
1544 1421 1604 1473 οὐ
1647 1419 1909 1490 διερῤάγη
1937 1434 1952 1450 ’

374 1505 598 1578 ἐσχίσθη
630 1505 691 1559 16
724 1506 1156 1577 καταπέτασμα,
1207 1505 1302 1560 καὶ
1342 1506 1441 1559 οὐκ
1477 1504 1626 1577 [401]
1659 1503 1883 1576 ἐσχίσθη
1918 1504 1952 1574 ἡ

374 1588 589 1660 πονηρά
624 1589 910 1660 συμφωνία
943 1589 1185 1644 ἐκείνων.
1750 1628 1765 1638 .

446 1673 546 1726 Διὰ
570 1672 622 1726 τί
651 1671 873 1742 ἐσχίσθη
898 1670 957 1724 16
987 1672 1412 1741 καταπέτασμα;
1447 1670 1573 1722 Ὀτι
1596 1669 1697 1723 οὐκ
1722 1668 1953 1737 ἠδύνατο

374 1756 465 1812 τδν
502 1756 781 1826 Δεσπότην
821 1756 952 1826 όρᾷν
986 1754 1217 1826 σταυρού
1229 1772 1387 1826 μενον
1430 1755 1459 1807 6
1496 1753 1623 1816 ναός
1645 1770 1659 1784 ⁸
1698 1751 1765 1806 δι’
1795 1745 1871 1805 ὧν
1897 1750 1953 1804 δὲ

374 1842 456 1903 εἰς
482 1838 544 1892 16
574 1838 741 1892 αὐτοῦ
772 1838 1174 1908 καταπέτασμα
1205 1839 1397 1906 γέγονε
1415 1877 1430 1901 ,
1480 1834 1759 1907 μονονουχὶ
1797 1832 1954 1888 τοῦτο

373 1924 698 1997 προτρέπων
743 1922 924 1992 φησίν·
967 1921 1025 1975 '0
1061 1920 1376 1991 βουλόμενος
1407 1919 1647 1972 πατείτω
1690 1918 1758 1971 τὰ
1787 1916 1954 1984 ’Ἅγια

373 2007 484 2062 τῶν
511 2006 681 2074 ἁγίων
709 2006 913 2063 λοιπόν.
946 2005 1010 2057 Τί
1036 2005 1146 2077 γάρ
1180 2022 1269 2074 μοι
1296 2004 1356 2057 16
1383 2003 1574 2073 ὄφελος
1598 2002 1825 2065 τούτων,
1850 2001 1955 2067 ἔξω

374 2089 631 2159 τοιαύτης
665 2089 854 2152 θυσίας
894 2087 1371 2157 προσενεχθείσης;
1425 2087 1478 2139 τί
1528 2103 1616 2157 μοι
1659 2085 1722 2139 16
1765 2084 1954 2153 ὄφελος

374 2173 475 2245 τῆς
501 2172 796 2243 διαθήκης;
838 2171 893 2225 τί
926 2189 1014 2243 μοι
1035 2170 1096 2224 16
1123 2170 1312 2240 ὄφελος
1343 2168 1438 2223 τοῦ
1470 2169 1671 2240 νόμου;
1706 2166 1829 2236 εἰκῆ
1863 2168 1958 2219 καὶ

380 2256 558 2326 μάτην
603 2253 826 2318 τούτους
881 2254 1174 2308 ἐπαίδευσα
1230 2253 1483 2306 τοσοῦτον
1539 2253 1753 2323 χρόνον.
1788 2249 1960 2302 Τοῦτο

376 2339 471 2393 καὶ
521 2340 550 2391 6
602 2338 891 2408 προφήτης
935 2336 1097 2401 ἐϐόα,
1153 2335 1326 2404 λέγων
1345 2351 1358 2365 ο
1433 2335 1605 2391 Ἰνατί
1651 2332 1960 2402 ἐφρύαξαν

376 2422 521 2487 ἔθνη
544 2462 559 2485 ,
586 2419 688 2473 καὶ
719 2419 857 2473 λαοὶ
882 2418 1258 2489 ἐμελέτησαν
1284 2416 1434 2471 κενά
1463 2433 1480 2481 ;
1516 2419 1813 2470 Ἤκουσαν·
1866 2417 1961 2480 Ὡς

376 2504 676 2572 πρόϐατον
706 2502 805 2555 ἐπὶ
826 2501 1073 2572 σφαγὴν
1107 2501 1264 2569 ἤχθη
1285 2541 1300 2565 ,
1325 2500 1423 2554 καὶ
1445 2501 1527 2564 ὡς
1555 2499 1743 2569 ἀμνὸς
1783 2500 1959 2552 ἐναν-

376 2586 509 2639 τιόν
532 2586 640 2639 τοῦ
681 2588 979 2655 κείροντος
1015 2585 1205 2639 αὐτὸν
1241 2584 1477 2654 ἄφωνος
1498 2600 1512 2615 ·
1558 2583 1652 2637 καὶ
1697 2582 1962 2653 μελετῶν-

377 2686 469 2733 τες
499 2668 561 2720 ἐν
591 2669 830 2738 τοσούτῳ
855 2668 1028 2741 χρόνῳ
1060 2667 1157 2734 τὴν
1188 2666 1544 2739 προφητείαν,
1574 2665 1667 2718 τοῦ
1698 2666 1962 2736 πράγμα-

377 2768 469 2815 τος
500 2751 942 2822 παραγενομένου
975 2750 1310 2821 ἠπίστησαν.
1345 2745 1499 2812 Εἶδες
1541 2748 1660 2811 πῶς
1699 2748 1963 2818 ἐμελέτη-

379 2851 482 2888 σαν
538 2833 702 2899 κενά;
757 2831 858 2885 Διά
903 2832 1061 2885 τοῦτο
1118 2832 1501 2904 περιεσχίσατο
1561 2834 1590 2884 6
1642 2830 1804 2893 ναὸς,
1861 2829 1961 2899 τὴν

378 2918 659 2987 ἐρήμωσιν
700 2912 985 2986 προδηλῶν
1040 2915 1140 2986 τὴν
1174 2914 1313 2986 μετὰ
1354 2911 1533 2968 ταῦτα
1578 2912 1842 2983 ἐσομένην
1886 2912 1963 2965 δι-

379 3016 611 3070 ηνεκως.

464 3083 616 3136 Ἐπεὶ
639 3077 731 3138 οὖν
760 3082 849 3137 τὸν
879 3084 939 3136 ἐν
965 3080 1043 3152 τῷ
1077 3080 1298 3153 σταυρῷ
1324 3078 1750 3152 προσηλωμένον
1784 3078 1922 3149 μέλ-

378 3165 545 3235 λομεν
573 3167 665 3219 καὶ
696 3168 856 3237 ἡμεῖς
893 3164 1034 3219 κατὰ
1061 3166 1161 3234 τὴν
1194 3165 1432 3235 ἑσπέραν
1462 3164 1665 3235 ταύτην
1694 3165 1849 3230 ἰδεῖν,
1886 3164 1962 3227 ὡς

379 3250 551 3319 ἀμνὸν
573 3248 913 3319 ἐσφαγμένον
942 3249 1036 3302 καὶ
1062 3248 1381 3317 τεθυμένον,
1415 3248 1551 3317 μετά
1575 3248 1777 3318 φρίκης
1796 3264 1964 3318 προσ-

380 3329 573 3400 ίωμεν,
615 3330 936 3401 παρακαλῶ,
977 3331 1069 3384 καὶ
1094 3329 1277 3393 αἰδοῦς
1307 3330 1508 3400 πολλῆς
1531 3332 1626 3383 καὶ
1653 3329 1958 3393 εὐλαϐείας.

380 3414 497 3466 Οὐκ
520 3412 718 3481 ἔγνωτε
759 3415 885 3476 τοὺς
922 3413 1220 3481 ἀγγέλους,
1252 3412 1372 3477 πῶς
1402 3415 1857 3485 παρειστήκεισαν
1882 3413 1961 3485 τῷ

378 3497 535 3566 τάφῳ
591 3496 691 3550 οὑκ
745 3497 922 3566 ἔχοντι
974 3497 1166 3566 σῶμα,
1224 3497 1380 3566 τάφῳ
1439 3494 1614 3565 κενῷ;
1672 3496 1785 3550 ἀλλ’
1813 3497 1963 3567 ὅμως

379 3579 569 3650 ἐπειδὴ
597 3579 733 3641 ὅλως
768 3578 984 3643 ἐδέξατο
1020 3579 1082 3631 16
1116 3578 1276 3648 σῶμα
1297 3577 1357 3630 16
1380 3576 1733 3643 Δεσποτικδν,
1763 3579 1963 3648 πολλὴν

379 3660 715 3731 ἀπονέμουσι
746 3660 840 3713 καὶ
860 3659 939 3730 τῷ
963 3659 1114 3731 τόπῳ
1138 3660 1236 3727 τὴν
1259 3660 1444 3729 τιμήν.
1472 3661 1535 3713 Ol
1558 3660 1775 3728 ἄγγελοι
1797 3662 1965 3731 ὑπερ-

383 3742 657 3804 ϐαίνοντες
684 3744 784 3811 τὴν
807 3742 1082 3814 ἡμετέραν
1107 3743 1268 3811 φύσιν
1300 3741 1439 3813 μετά
1478 3743 1743 3814 τοσαύτης
1783 3742 1964 3807 αίδοῦς

382 3827 479 3879 καὶ
507 3825 792 3890 εὐλαϐείας
825 3827 1286 3897 παρειστήκεισαν
1308 3825 1386 3896 τῷ
1417 3825 1601 3896 τάφῳο
1630 3828 1787 3898 ἡμεῖς
1813 3827 1871 3881 δὲ
1900 3829 1962 3880 οὑ

382 3909 540 3980 τάφῳ
576 3908 859 3979 μέλλοντες
903 3908 1270 3980 παρίστασθαι
1315 3907 1490 3979 κενῷ,
1545 3908 1662 3961 ἀλλ’
1714 3910 1850 3981 αὐτῇ
1893 3912 1960 3982 τῇ

380 3993 632 4066 τραπέζῃ
678 3996 743 4063 τῇ
779 3993 872 4046 τὸν
910 3992 1082 4064 ἀμνὸν
1121 3990 1320 4063 ἐχούσῃ
1344 4031 1359 4055 ,
1403 3991 1540 4063 μετά
1589 3991 1816 4064 θορύϐου
1870 3995 1966 4047 καὶ

381 4079 626 4148 ταραχῆς
651 4077 951 4147 πρόσιμεν;
977 4076 1088 4130 Καὶ
1107 4075 1191 4138 τίς
1216 4077 1347 4147 ἡμῖν
1369 4074 1520 4130 ἔσται
1543 4075 1838 4148 συγγνώμη
1856 4076 1967 4131 λοι-

386 4159 520 4224 πόν;
556 4159 669 4230 Οὐχ
698 4158 882 4223 ἁπλῶς
913 4158 1085 4213 ταῦτα
1125 4157 1268 4227 λέγω
1294 4197 1310 4223 ,
1340 4158 1456 4212 ἀλλ’
1501 4160 1688 4232 ἐπειδὴ
1737 4160 1967 4224 πολλοὺς

384 4240 497 4313 δρῶ
519 4243 659 4296 κατά
680 4241 778 4313 τὴν
799 4241 1036 4312 ἑσπέραν
1059 4241 1263 4312 ταύτην
1288 4240 1650 4313 θορυϐοῦντας
1668 4283 1682 4307 ,
1703 4242 1962 4313 βοῶντας,

384 4324 766 4394 ἐπικειμένους
810 4323 1092 4395 ἀλλήλοις,
1142 4322 1424 4395 πηδῶντας
1447 4364 1462 4389 ,
1504 4323 1963 4395 λοιδορουμένους,

386 4406 484 4461 καὶ
533 4407 730 4477 μᾶλλον
762 4409 969 4471 ἑαυτοῖς
1021 4406 1239 4462 κόλασιν
1277 4407 1310 4477 ἡ
1341 4409 1612 4480 σωτηρίαν
1638 4409 1964 4480 προξενοῦν-

385 4506 518 4553 τας·
545 4490 730 4544 τούτου
765 4490 925 4561 χάριν
950 4491 1048 4560 τὴν
1082 4491 1222 4560 ὑπὲρ
1243 4490 1450 4545 τούτων
1472 4490 1729 4562 ποιοῦμαι
1765 4493 1965 4565 παραί-

387 4589 556 4630 νεσιν.
589 4573 654 4627 Τί
706 4576 918 4642 ποιεῖς,
958 4573 1246 4648 ἀνθρωπε;
1303 4576 1433 4630 ὅταν
1480 4576 1685 4647 ἑστήκῃ
1715 4576 1823 4648 πρὸ
1863 4577 1965 4647 τῆς

1400 313 1489 368 DE
1528 305 1962 373 C(EMETERIO
2001 304 2087 361 ET
2119 303 2208 359 DE
2239 301 2484 360 CRUCE.

3512 304 3638 371 ἐνδ

2050 414 2330 486 τραπέζης
2356 415 2386 465 ὁ
2428 415 2611 486 ἱερεὺς
2629 454 2645 481 ,
2672 416 2773 482 τὰς
2798 418 2989 489 χεῖρας
3012 417 3308 474 ἀνατείνων
3337 425 3416 487 εἰς
3435 425 3524 479 τὸν
3544 432 3635 484 οὺ.

2057 497 2249 569 ρανὺν,
2292 496 2474 551 καλῶν
2500 497 2560 552 τδ
2608 498 2835 572 Πνεῦμα
2862 501 2923 554 τὸ
2959 501 3115 569 ἀγιον
3140 543 3157 568 ,
3195 503 3290 556 τοῦ
3330 512 3629 578 παραγενέ.

2051 581 2179 635 σθαι
2217 582 2311 634 καὶ
2339 582 2577 647 ἅψασθαι
2611 582 2720 637 τῶν
2762 585 3167 656 προκειμένων,
3213 587 3382 657 πολλὴ
3416 591 3636 663 ἡσυχία,

2052 665 2220 737 πολλὴ
2245 666 2392 737 σιγή·
2412 666 2538 720 ὅταν
2557 666 2685 739 διδῷ
2705 666 2803 739 τὴν
2827 670 2987 740 χάριν
3012 670 3072 723 16
3089 670 3332 742 Πνεῦμα.
3358 675 3488 728 ὅταν
3510 694 3632 731 κατε

2053 749 2343 820 έλοῃ,ὃταν
2367 749 2572 821 ἀψηται
2586 750 2694 803 τῶν
2717 753 3115 822 προκειμένων,
3138 754 3267 807 ὅταν
3290 755 3404 827 ἴδῃς
3426 759 3487 811 16
3509 761 3640 832 πρό-

2053 834 2216 887 ϐατον
2233 834 2663 903 ἐσφαγιασμένον
2679 835 2775 888 καὶ
2794 837 2906 906 ἀπη
2916 836 3224 907 ρτισμένον,
3242 839 3363 892 τότε
3385 840 3636 913 θόρυϐον,

2050 918 2172 971 τότε
2195 916 2458 988 ταραχὴν,
2490 917 2610 971 τότε
2632 918 2984 986 φιλονεικίαν,
3013 921 3135 973 τότε
3164 920 3430 993 λοιδορίαν
3453 927 3639 981 ἐπεισ-

2053 1003 2242 1070 άγεις;
2274 1001 2368 1054 καὶ
2389 1001 2507 1064 πῶς
2534 1000 2740 1073 δυνήσῃ
2755 1002 2854 1072 τῆς
2879 1002 3069 1067 θυσίας
3090 1005 3393 1059 ἀπολαῦσαι
3408 1009 3634 1081 ταύτης,

2056 1088 2197 1159 μετά
2216 1087 2484 1159 τοσαύτης
2511 1088 2759 1160 ταραχῆς
2780 1092 2844 1160 τῇ
2883 1090 3129 1162 τραπέζῃ
3166 1093 3404 1162 προσιὼν
3427 1095 3635 1170 ταύτης

2054 1172 2167 1225 Οὑκ
2204 1172 2364 1243 ἀρκεῖ
2404 1172 2536 1242 ἡμῖν
2567 1172 2648 1225 ὅτι
2701 1172 2839 1242 μετά
2882 1174 3295 1244 ἁμαρτημάτων
3335 1181 3636 1249 προσερχό-

2057 1254 2215 1326 μεθα,
2246 1254 2381 1308 ἀλλά
2404 1255 2500 1307 καὶ⁵
2530 1254 2691 1308 αὑτὸν
2715 1255 2806 1309 τὸν
2839 1257 3028 1326 καιρὸν
3050 1256 3151 1327 τῆς
3176 1259 3439 1327 προσόδου
3480 1261 3639 1325 ἐκτὸς

2054 1338 2306 1407 γενέσθαι
2358 1337 2848 1409 πλημμελημάτων
2908 1341 3005 1394 οὐκ
3066 1341 3411 1411 ἀνεχόμεθας
3469 1345 3639 1398 Ὂταν

2054 1421 2163 1492 γάρ
2192 1421 2586 1491 φιλονεικῶμεν
2610 1462 2624 1488 ,
2655 1422 2782 1475 ὅταν
2809 1422 3188 1494 θορυϐὠμεθα,
3222 1424 3350 1478 ὃταν
3374 1425 3639 1496 ἀλλήλους

2051 1505 2358 1575 δάκνωμεν.
2385 1504 2502 1568 πῶς
2529 1504 2632 1570 ἔξω
2656 1506 3071 1576 ἁμαρτημάτων
3094 1507 3327 1577 ἐσόμεθα
3354 1525 3368 1572 ;
3390 1508 3452 1561 Τί
3478 1510 3638 1563 σπεύ-

2053 1588 2203 1651 δεις,
2235 1588 2355 1641 εἰπέ
2403 1607 2531 1658 μοι;
2565 1588 2709 1652 τίνος
2764 1588 2951 1643 ἕνεκεν
3000 1590 3196 1661 ἐπείγῃ
3249 1592 3311 1645 τὸ
3367 1593 3638 1664 πρόϐατον

2055 1669 2194 1741 δρῶν
2225 1672 2700 1742 ἐσφαγιασμένον;
2751 1673 2801 1724 εί
2833 1672 2942 1743 γὰρ
2989 1672 3074 1727 διὰ
3112 1676 3292 1741 πάσης
3320 1675 3420 1745 τῆς
3446 1676 3641 1740 νυκτὸς

2056 1748 2125 1824 ἦν
2172 1754 2309 1824 πρὸς
2354 1755 2452 1824 τὴν
2507 1756 2698 1809 θυσίαν
2744 1757 2913 1826 αὐτὴν
2943 1758 3109 1827 όρᾷν,
3147 1752 3260 1827 εἶχε
3300 1759 3490 1828 κόρον,
3518 1758 3641 1813 είπέ

2062 1853 2171 1907 μοι,
2209 1836 2268 1890 16
2300 1840 2571 1909 πρᾶγμας
2597 1838 2747 1911 [402]
2778 1839 2944 1910 Ὅλην
2970 1839 3070 1909 τὴν
3093 1839 3306 1911 ἡμέραν
3337 1841 3642 1914 ἐκαρτέρη-

2060 1936 2195 1983 σας,
2229 1920 2290 1973 16
2342 1921 2504 1976 πλέον
2544 1922 2644 1992 τῆς
2688 1922 2882 1985 νυκτὸς
2912 1921 3200 1992 διήγαγες,
3253 1924 3342 1977 καὶ
3389 1924 3641 1978 τοσοῦτον

2059 2003 2302 2072 κάματον
2331 2004 2389 2058 ὲν
2414 2004 2642 2077 βραχείᾳ
2667 2005 2858 2076 καιροῦ
2891 2007 3030 2076 ῥοπῇ
3056 2005 3316 2077 προδίδως
3342 2007 3436 2060 καὶ
3469 2007 3640 2061 ἀπολ-

2060 2085 2240 2153 λύεις;
2278 2088 2559 2155 Ἐννόησον
2592 2089 2645 2141 τί
2700 2088 2832 2142 ποτέ
2862 2091 2979 2142 ἐστι
3011 2088 3071 2142 16
3119 2091 3480 2161 προκείμενον
3503 2131 3516 2154 ,
3545 2092 3642 2145 καὶ

2058 2169 2221 2223 πόθεν
2254 2170 2411 2223 ἔλαϐε
2440 2172 2539 2242 τὴν
2565 2171 2743 2226 αίτίαν
2762 2189 2778 2204 σ
2819 2168 3033 2242 ἐσφάγη
3080 2171 3167 2226 διά
3205 2172 3265 2226 σέ
3288 2214 3302 2238 ,
3340 2174 3432 2226 καὶ
3459 2176 3523 2228 σὺ
3551 2175 3644 2243 ἑγ-

2058 2252 2492 2323 καταλιμπάνεις
2519 2253 2680 2307 αὐτὸν
2707 2253 3141 2325 ἐσφαγιασμένον
3170 2254 3332 2326 ὁρῶν.
3361 2255 3548 2310 Ὅπου
3572 2256 3639 2309 τὸ

2058 2334 2286 2404 πτῶμα,
2320 2337 2507 2407 φησὶν,
2545 2336 2675 2390 ἐκεῖ
2696 2338 2797 2392 καί
2840 2340 2894 2392 οί
2922 2337 3104 2391 ἀετοί.
3150 2338 3340 2408 Ἡμεῖς
3364 2337 3421 2391 δέ
3446 2338 3543 2410 οὐχ
3566 2339 3643 2403 ὡς

2058 2419 2241 2482 ἀετοὶ,
2273 2418 2389 2472 ἀλλ’
2423 2420 2499 2484 ὡς
2533 2420 2694 2483 κύνες
2718 2418 3136 2491 προσερχόμεθα
3161 2438 3174 2449 ·
3217 2420 3453 2490 τοσαύτη
3482 2421 3643 2491 ἡμῶν

2059 2501 2093 2571 ή
2123 2501 2496 2573 ἀναισχυντία.
2539 2503 2818 2572 Ἐννόησον
2844 2504 2897 2556 τί
2920 2502 3050 2556 ποτέ
3082 2504 3199 2556 ἐστι
3216 2502 3276 2556 16
3306 2505 3605 2574 κεχυμένον
3626 2520 3638 2532 ·

2059 2577 2199 2655 αἷμά
2236 2587 2416 2651 ἐστιν,
2441 2583 2579 2657 αἷμα
2617 2586 2645 2639 6
2697 2586 2758 2639 16
2804 2587 3168 2657 χειρόγραφον
3198 2586 3306 2638 τῶν
3359 2587 3644 2658 ἁμαρτιῶν

2059 2667 2381 2739 ἀπήλειψεν·
2414 2664 2553 2740 αἷμα
2594 2668 2623 2721 6
2650 2669 2749 2740 τὴν
2802 2669 2981 2741 ψυχήν
3032 2687 3125 2722 σου
3156 2668 3451 2739 ἐκάθηρεν,
3493 2669 3522 2721 6
3544 2669 3644 2737 τὴν

2059 2749 2251 2820 κηλῖδα
2298 2751 2606 2827 ἀπέπλυνεν
2630 2790 2646 2813 ,
2695 2751 2724 2805 6
2759 2753 2860 2816 τὰς
2895 2752 3071 2824 ἀρχὰς
3108 2752 3203 2806 καὶ
3238 2751 3340 2816 τὰς
3393 2750 3642 2816 ἐξουσίας

2059 2832 2479 2905 ἐθριάμϐευσεν.
2549 2833 3064 2904 Ἁπεκδυσὰμενος
3121 2835 3263 2905 γὰρ,
3316 2837 3491 2907 φησὶ,
3539 2835 3646 2902 τὰς

2058 2916 2250 2986 ἀρχὰς
2278 2918 2377 2971 καὶ
2413 2917 2520 2983 τὰς
2551 2916 2838 2983 ἐξουσίας
2869 2917 3282 2987 ἐδειγμάτισεν
3316 2919 3387 2971 ἐν
3430 2921 3649 2988 1141.61511-

2058 3000 2167 3066 σία
2201 3001 2602 3070 θριαμϐεύσας
2627 3002 2697 3053 ἐν
2732 2999 2811 3066 τῷ
2843 2998 3104 3068 σταυρῷ.
3134 3000 3312 3054 Πολλά
3332 3042 3347 3067 ,
3385 3003 3519 3072 φησὶ
3538 3044 3553 3068 ,
3585 3003 3647 3055 16

2058 3082 2318 3152 τρόπαιον
2362 3081 2476 3152 ἔχει
2522 3083 2622 3149 τῆς
2661 3084 2818 3152 νίκης
2868 3084 2937 3136 τὰ
2984 3082 3369 3153 σύμϐολαο.τά
3428 3086 3645 3155 λάφυρα

2059 3165 2332 3235 κρέμαται
2359 3166 2471 3219 ἀνω
2500 3165 2585 3235 ἐφ’
2611 3166 2815 3236 ὑψηλοῦ
2838 3167 2930 3219 ἐπὶ
2951 3165 3046 3219 τοῦ
3082 3165 3337 3237 σταυροῦ.
3374 3165 3645 3237 Καθάπερ

2058 3250 2166 3317 γὰρ
2196 3248 2450 3319 βασιλεὺς
2474 3252 2718 3317 γενναῖος
2737 3248 2973 3320 πόλεμον
2990 3250 3218 3319 νικήσας
3239 3248 3643 3319 χαλεπώτατον,

2059 3331 2152 3385 τὸν
2179 3330 2405 3403 θώρακα
2438 3332 2531 3385 καὶ
2567 3332 2665 3402 τὴν
2690 3331 2894 3385 ἀσπίδα
2922 3332 3018 3385 καὶ
3042 3326 3110 3385 τὰ
3142 3331 3283 3385 ὅπλα
3313 3331 3406 3385 τοῦ
3440 3333 3646 3404 τυράνο

2062 3431 2154 3468 νου
2184 3415 2279 3468 καὶ
2308 3415 2415 3468 τῶν
2442 3412 2787 3485 στρατιωτῶν
2816 3413 2925 3466 τῶν
2954 3414 3293 3485 ἡττηθέντων
3319 3416 3404 3483 ἐφ’
3438 3415 3644 3487 ὑψηλοῦ

2061 3496 2158 3551 τοῦ
2181 3497 2443 3569 τροπαίου
2471 3498 2683 3567 τίθησιν
2704 3514 2718 3527 ·
2757 3496 2898 3550 οὕτω
2925 3498 3017 3550 καὶ
3051 3499 3079 3550 6
3105 3498 3339 3570 Χριστὸς
3365 3498 3457 3551 τὸν
3496 3499 3648 3551 πόλε-

2066 3598 2167 3652 μον
2203 3584 2431 3653 νικήσας
2461 3581 2552 3634 τὸν
2591 3581 2728 3653 πρὸς
2779 3581 2870 3633 τὸν
2894 3580 3135 3634 διάϐολον
3153 3623 3167 3648 ,
3197 3581 3266 3634 τά
3312 3581 3450 3635 ὅπλα
3480 3582 3647 3635 αὐτοῦ

2063 3665 2276 3729 πάντα,
2321 3665 2412 3718 τὸν
2458 3664 2712 3729 θάνατον,
2768 3664 2868 3733 τὴν
2911 3664 3159 3736 κατάραν
3201 3664 3510 3736 ἐκρέμασεν
3561 3665 3645 3732 ἐφ’

2066 3747 2272 3817 ὑψηλοῦ
2304 3748 2398 3799 τοῦ
2447 3746 2677 3816 σταυροῦ
2701 3786 2715 3811 ,
2762 3747 3012 3817 καθάπερ
3051 3746 3144 3799 ἐπὶ
3184 3748 3448 3817 τροπαίου
3482 3748 3646 3813 τινὸς,

2064 3828 2152 3882 ἵνα
2187 3830 2389 3893 πάντες
2424 3830 2487 3882 16
2515 3830 2775 3899 τρόπαιον
2809 3828 3098 3899 βλέπωσιν,
3137 3829 3194 3881 αί
3235 3829 3348 3884 ἀνω
3370 3830 3645 3902 δυνάμεις,

2065 3914 2122 3967 αί
2152 3915 2209 3965 ἐν
2243 3915 2356 3975 τοῖς
2391 3912 2641 3983 οὐρανοῖς
2662 3953 2678 3979 ,
2705 3913 2755 3965 of.
2792 3911 2944 3965 κάτω
2974 3910 3285 3983 ἄνθρωποι,
3316 3914 3367 3965 οί
3406 3914 3499 3966 ἐπὶ
3548 3915 3649 3984 τῆς

2064 3996 2168 4067 γῆς
2198 4035 2213 4059 ,
2268 3996 2423 4049 αὐτοὶ
2479 3996 2530 4048 οἱ
2591 3995 2819 4066 πονηροὶ
2882 3993 3134 4065 δαίμονες
3183 3996 3231 4048 οἱ
3296 3996 3644 4066 ἡττηθέντες.

2078 4078 2298 4150 Ἐπειδὴ
2328 4076 2421 4133 οὖν
2448 4078 2717 4151 τοσαύτης
2736 4078 3125 4148 ἀπελαύσαμεν
3148 4077 3357 4149 δωρεᾶς
3375 4119 3391 4145 ,
3420 4082 3649 4144 ἑαυτοὺς

2064 4163 2208 4217 κατά
2236 4162 2464 4233 δύναμιν
2495 4164 2680 4231 ἀξίους
2732 4161 3088 4232 ἐπιδείξωμεν
3117 4160 3228 4216 τῶν
3277 4162 3648 4237 ὑπηργμένων

2066 4248 2198 4318 ἡμῖν
2219 4245 2458 4315 ἀγαθῶν,
2492 4246 2581 4300 ἵνα
2606 4244 2819 4315 καὶτῆς
2842 4242 3119 4315 βασιλείας
3148 4244 3258 4297 τῶν
3276 4245 3521 4316 οὐρανῶν
3546 4245 3646 4298 τύ-

2066 4345 2288 4401 χωμεν,
2328 4329 2510 4401 χάριτι
2543 4328 2638 4382 καὶ
2670 4327 3053 4399 φιλανθρωπίᾳ
3099 4326 3196 4380 τοῦ
3236 4326 3443 4398 Κυρίου
3485 4326 3647 4399 ήμῶν

2080 4411 2257 4484 Ἰησοῦ
2285 4411 2545 4485 Χριστοῦ,
2579 4412 2647 4464 δι’
2675 4405 2737 4464 οῦ
2765 4410 2862 4463 καὶ
2886 4409 3003 4483 μεθ’
3034 4404 3095 4465 οῦ
3123 4408 3203 4480 τῷ
3232 4410 3408 4481 Πατρὶ
3431 4408 3547 4481 ἅμα
3569 4408 3649 4479 τῷ

2066 4495 2207 4568 ἁγίῳ
2228 4494 2507 4567 Πνεὺματι
2541 4495 2690 4561 δόξα,
2715 4495 2849 4568 τιμὴ
2867 4537 2885 4565 ,
2922 4495 3154 4568 κράτος,
3180 4495 3262 4560 είς
3297 4495 3423 4561 τοὺς
3446 4493 3650 4559 αἰῶνας

2067 4580 2175 4635 τῶν
2202 4579 2430 4635 αἰώνων.
2469 4580 2661 4651 Ἀμήν.
