4100 6464
1122 391 1211 446 DE
1256 389 1486 446 ωηερε
1533 387 1620 443 ET
1666 387 1992 448 LATRONE
2031 388 2262 445 HOMIL.
2306 389 2345 443 l.
2387 421 2455 430 -—
2495 386 2834 445 MONIT'UM.
3514 393 3621 451 400

1813 718 2217 780 MONITUM.

423 939 828 998 Advertendum
871 945 1051 991 antem
1095 943 1200 996 est,
1252 931 1376 988 licet
1406 932 1460 986 itt
1509 932 1813 1002 posteriore
1841 935 2007 998 dicat,
2042 934 2170 1000 Qua:
2213 934 2324 990 heri
2371 938 2568 1003 monui,
2604 943 2903 996 earumdem
2943 954 2990 997 et
3027 962 3165 1000 nunc
3193 951 3620 1021 commonefacio,

353 1051 462 1092 non
515 1032 727 1089 excludi
785 1042 965 1085 tamen
1002 1044 1186 1099 parem
1233 1028 1671 1098 praecedentibus
1702 1029 1896 1086 diebus
1940 1030 2183 1085 habitam
2213 1033 2662 1089 admonitionem.
2690 1037 2826 1091 Nam
2875 1039 2932 1092 in
2964 1040 3174 1096 duabus
3204 1043 3272 1098 de
3311 1045 3642 1101 Proditione‘

352 1123 505 1179 ludat
529 1123 901 1185 concionibus,
925 1137 1067 1190 quae,
1102 1119 1177 1174 uti
1209 1129 1416 1173 certum
1447 1119 1681 1183 videtur,
1713 1119 1877 1174 hasce
1905 1121 2040 1175 duas
2065 1121 2132 1176 de
2157 1120 2332 1176 Cruce
2357 1133 2412 1177 et
2447 1123 2680 1180 Latrone
2717 1131 2828 1182 un'o
2854 1137 3063 1184 tantum
3091 1132 3178 1187 die
3205 1149 3624 1205 praecesserunt,

355 1217 435 1272 sic
463 1219 700 1288 loquitur
727 1214 879 1288 [405]
900 1214 1321 1285 Cltrysostomus
1349 1233 1361 1266 :
1393 1214 1517 1267 Ideo
1539 1221 1732 1282 quarta
1763 1213 1879 1282 jam
1908 1215 1994 1269 die
2036 1216 2182 1285 apud
2207 1233 2296 1269 vos
2325 1233 2618 1272 sermonem
2657 1220 2819 1273 habeo
2854 1222 2917 1275 de
2955 1222 3210 1280 Oratione
3239 1244 3336 1296 pro
3376 1230 3623 1284 inimicis.

356 1310 450 1367 Hae
477 1326 640 1382 porro
663 1311 784 1365 dua:
820 1308 1115 1364 conciones
1138 1308 1325 1362 eadem
1355 1320 1671 1364 recurrente
1710 1309 1864 1364 Feria
1894 1310 2080 1379 quinta
2111 1309 2167 1364 in
2189 1308 2359 1367 Coena
2390 1309 2623 1377 Domini,
2662 1313 2758 1369 sed
2784 1315 3017 1371 diversis
3043 1319 3220 1384 annis,
3248 1320 3445 1377 habitae
3474 1333 3625 1390 sunt,

358 1410 418 1456 ut
469 1402 708 1456 diximus
735 1400 791 1454 in
819 1398 1025 1454 Monito
1064 1397 1266 1452 ibidem
1296 1416 1309 1451 :
1342 1398 1397 1452 in
1438 1407 1667 1468 utraque
1697 1413 1846 1464 vero,
1888 1409 2080 1468 quarta
2105 1401 2215 1470 jam
2245 1401 2554 1456 adhortatio
2583 1403 2648 1458 ad
2678 1405 2944 1460 orandum
2975 1423 3076 1478 pro
3099 1409 3352 1477 inimicis,
3385 1414 3441 1468 in
3476 1416 3627 1472 hisee

358 1506 543 1552 autem
591 1497 804 1552 duabus
841 1494 1032 1565 quinta
1090 1494 1514 1560 numerabatur;
1564 1493 1672 1548 nisi
1733 1491 1962 1549 fortasse
2009 1495 2132 1564 quis
2177 1495 2375 1551 dixerit
2415 1499 2798 1568 posteriorem,
2853 1502 2907 1556 in
2955 1520 3060 1573 qua
3112 1506 3368 1564 hesterna
3417 1520 3626 1568 tantum

357 1590 663 1645 adhortatio
708 1597 1064 1652 memoratur,
1121 1597 1374 1643 neutram
1419 1603 1483 1642 ex
1525 1585 1758 1650 duabus,
1789 1600 1911 1654 quae
1939 1597 2254 1658 supersunt,
2283 1588 2350 1643 de
2377 1589 2691 1644 Proditione
2721 1591 2874 1648 Judte
2903 1595 3182 1650 homiliatu
3214 1601 3366 1670 sequi
3399 1603 3625 1669 debere,

357 1684 452 1744 sed
488 1683 542 1736 in
586 1682 750 1737 alium
791 1697 993 1738 annum
1033 1696 1154 1736 esse
1183 1681 1576 1750 conjiciendam
1621 1699 1852 1740 :verum
1885 1684 1936 1738 id
1976 1696 2074 1754 pro
2119 1691 2270 1738 certo
2307 1690 2547 1738 statuere
2584 1699 2692 1738 non
2740 1687 2936 1742 ausim.
2977 1690 3052 1743 De
3087 1700 3334 1762 tempore
3375 1702 3432 1749 ct
3460 1710 3644 1762 anno,

359 1791 467 1845 quo
501 1775 700 1828 habitae
745 1783 874 1828 sunt
911 1775 995 1828 hae
1046 1773 1167 1828 duae
1211 1775 1522 1838 conciones,
1571 1776 1695 1830 vide
1739 1776 1796 1830 in
1843 1775 2048 1831 Monito
2090 1776 2156 1830 ad
2204 1773 2464 1830 Homilias
2508 1776 2574 1830 de
2606 1776 2919 1834 Proditione
2947 1780 3122 1838 Judze.

431 1866 632 1920 Prioris
664 1866 900 1920 bomiliae
939 1864 1442 1935 interpretationem
1476 1867 1721 1922 Latinam
1751 1867 2164 1932 adornavimus;
2195 1868 2506 1938 posterioris
2539 1884 2667 1923 vero
2704 1886 2734 1923 a
2773 1870 3028 1929 Gretsero
3058 1875 3258 1931 editam
3291 1878 3617 1948 versionem,

358 1961 456 2015 sed
497 1960 861 2024 emendatam,
911 1959 1123 2015 damus.

1885 2255 2270 2274 A—-——-—-—-—-

349 2351 623 2398 HOMILIA
668 2354 733 2398 IN
777 2355 1032 2398 CBUCGM
1080 2355 1158 2396 ET
1203 2356 1264 2398 ΙΝ
1335 2357 1676 2400 ιΑτιιοΝΕΜ

3303 2261 3634 2273 —————-—_

1723 2359 1740 2400 2
1787 2359 1947 2401 ITEM
1989 2358 2072 2399 DE
2117 2356 2404 2400 SECUNDO
2447 2357 2698 2399 CHRISTI
2743 2355 3069 2409 ADVENTU,
3117 2356 3196 2396 ΕΤ
3266 2354 3435 2406 QUOD
3480 2354 3636 2397 PRE-

1338 2458 1633 2508 QUI-INTER
1676 2459 1776 2503 SIT
1803 2459 2112 2501 ORANDUM
2155 2457 2276 2500 pne
2322 2457 2591 2500 INIMICIS
2639 2443 2680 2498 ⁸.

1639 2606 1915 2618 ημ--υ

805 2647 1032 2688 HOIILIL
1064 2647 1104 2692 Is

414 2711 618 2778 Quanta
645 2713 788 2768 nobis
815 2715 945 2768 bona
973 2730 1100 2768 cruat
1136 2713 1318 2781 aﬂ'erat
1342 2729 1362 2781 ;
1391 2715 1553 2786 quivis
1584 2717 1726 2770 locus
1753 2733 1934 2788 preca-

339 2805 465 2858 sient”
503 2815 671 2875 aptus.
694 2835 763 2846 ο-
791 2805 960 2860 Hodie
991 2805 1246 2860 Dominus
1279 2816 1462 2861 noster
1488 2806 1644 2862 .lesus
1689 2807 1935 2862 Christus

339 2899 394 2952 in
417 2912 596 2964 cruce,
626 2907 680 2953 et
711 2913 806 2952 nos
829 2899 1021 2953 festum
1048 2898 1275 2968 agimus,
1299 2908 1360 2953 ut
1379 2897 1555 2954 discas
1575 2913 1790 2954 crucem
1815 2913 1936 2956 esse

340 2988 538 3044 festum
589 2998 644 3044 ct
687 2988 1057 3045 celebritatem
1106 2990 1459 3059 spiritualem.
1501 2990 1742 3046 Antehac
1788 2992 1932 3045 enim

337 3094 471 3135 crux
509 3095 706 3136 nomen
733 3091 849 3136 erat
886 3081 1275 3148 damnationis,
1302 3097 1445 3138 nunc
1473 3097 1602 3138 vero
1643 3097 1731 3138 res
1762 3083 1932 3138 hono-

338 3173 524 3229 rabilis
548 3172 735 3230 eﬁ‘ceta
761 3184 846 3230 est
872 3192 884 3228 :
919 3175 1068 3245 prius
1096 3175 1399 3248 symbolum
1435 3175 1898 3232 condemnationis
1915 3217 1931 3243 ,

337 3281 483 3321 nunc
499 3276 873 3335 argumentum
901 3267 1107 3322 salutis.
1136 3268 1259 3323 llaec
1275 3268 1420 3322 enim
1446 3269 1602 3324 nobis
1630 3269 1935 3323 innumera-

336 3357 522 3412 bilium
565 3357 824 3412 bonorum
869 3375 1028 3414 causa
1073 3359 1260 3414 eﬁecta
1288 3370 1372 3416 est
1405 3376 1419 3412 :
1452 3359 1570 3416 haec
1608 3374 1708 3415 nos
1741 3359 1812 3414 ab
1849 3376 1937 3414 er-

339 3465 464 3504 rore
492 3450 758 3515 liberavit,
805 3449 921 3505 hch
968 3451 1019 3505 in
1066 3451 1304 3507 tenebris
1348 3453 1552 3522 positos
1592 3450 1932 3517 illuminavit,

338 3543 457 3598 haec
479 3544 588 3615 jam
620 3545 948 3610 debellatos,
975 3562 1096 3600 cum
1149 3547 1258 3600 Deo
1301 3546 1685 3614 reconciliavit,
1731 3546 1936 3601 abalie-

337 3645 498 3691 natos
543 3635 868 3690 domesticos
913 3635 1121 3702 eﬁ‘ecit,
1177 3637 1361 3705 procul
1411 3637 1611 3705 positos
1661 3638 1937 3707 proximos

340 3730 618 3784 constituit
647 3748 659 3782 :
694 3730 810 3784 hare
841 3729 1132 3784 inimicitia:
1155 3729 1466 3795 destructio,
1501 3729 1646 3800 pacis
1672 3739 1932 3795 tutamen,

339 3829 716 3877 sexcentarum
762 3821 1026 3876 bonorum
1069 3820 1374 3876 thesaurus.
1404 3821 1630 3890 Propter
1662 3836 1781 3876 eam
1827 3837 1934 3876 non

340 3913 479 3968 ultra
509 3913 562 3967 in
593 3912 819 3968 desertis
847 3927 1136 3983 vagamur;
1177 3927 1361 3968 veram
1394 3911 1593 3984 quippe
1617 3913 1755 3968 viam
1784 3912 1935 3967 novi-

340 4019 462 4060 Inus
493 4020 507 4057 :
541 4012 648 4058 n'on
691 4003 922 4074 amplius
962 4012 1112 4059 extra
1147 3991 1348 4074 regiam
1393 4003 1671 4072 degimus;
1717 4003 1935 4072 januam

340 4094 485 4150 enim
516 4094 813 4150 invenimus
849 4112 861 4147 :
892 4110 997 4149 non
1043 4095 1296 4148 timemus
1343 4093 1506 4164 ignita
1556 4093 1752 4150 diaboli
1797 4095 1932 4163 tela,

340 4186 543 4242 fontem
572 4187 836 4258 siquidem
883 4180 1136 4243 vidimus.
1166 4187 1268 4243 Per
1307 4203 1520 4244 crucem
1569 4204 1676 4243 non
1704 4188 1935 4259 amplius

340 4277 396 4332 iu
428 4277 684 4334 viduitate
707 4293 931 4344 sumus;
964 4293 1220 4349 Sponsum
1259 4280 1402 4333 enim
1447 4279 1750 4349 recepimus
1783 4297 1796 4333 :
1827 4295 1933 4335 non

340 4370 595 4426 timemus
617 4372 833 4441 luputn;
865 4371 1064 4426 bonum
1096 4372 1293 4440 quippe
1321 4379 1589 4441 pastorem
1629 4371 1889 4428 habemus
1919 4390 1932 4426 :

341 4477 504 4528 nam,
541 4462 651 4535 Ego
678 4480 809 4529 sum,
843 4463 1036 4534 inquit,
1069 4472 1242 4534 pastor
1281 4463 1442 4516 bonus
1470 4461 1648 4534 (Joan.
1684 4456 1782 4519 '10.
1818 4465 1931 4533 ll).

341 4551 447 4609 Per
472 4553 611 4610 hanc
646 4565 927 4626 tyrannum
969 4569 1076 4609 non
1119 4553 1608 4623 perhorrescimus;
1634 4553 1766 4624 Regi
1791 4554 1932 4609 enim

341 4646 642 4703 assidemus
671 4665 686 4701 :
712 4655 768 4703 et
795 4647 918 4703 ideo
945 4647 1139 4703 festum
1167 4649 1394 4718 agimus,
1419 4647 1594 4702 crucis
1622 4647 1934 4702 memoriam

342 4740 698 4797 celebrantes.
741 4739 819 4793 ita
849 4748 904 4794 et
928 4740 1124 4795 Paulus
1160 4739 1321 4810 jussit
1357 4753 1452 4808 per
1487 4755 1702 4794 crucem
1742 4738 1935 4793 fesmm

341 4846 502 4903 agere
534 4848 549 4886 :
580 4828 790 4884 Festum
824 4847 1056 4900 agamus,
1087 4831 1290 4900 inquit,
1335 4847 1438 4885 non
1478 4831 1532 4884 in
1575 4831 1822 4901 fermento
1852 4847 1936 4884 ve-

345 4925 462 4989 teri,
484 4925 573 4978 sed
587 4925 640 4977 in
661 4925 852 4994 azymis
877 4923 1179 4977 sinceritatis
1204 4934 1250 4978 et
1279 4925 1501 4980 veritatis
1521 4924 1597 4996 (l.
1621 4924 1740 4979 Cor.
1765 4926 1819 4980 5.
1853 4925 1933 4994 8).

349 5016 558 5071 Deinde
592 5029 809 5071 causam
853 5013 1143 5084 adjiciens,
1190 5015 1260 5070 ita
1301 5017 1515 5087 pergit:
1560 5016 1693 5085 Quia
1735 5015 1938 5070 Pascha

345 5117 576 5161 nostrum
605 5124 698 5180 pro
728 5107 871 5162 nobis
895 5107 1186 5161 immolatus
1207 5117 1282 5162 est
1309 5106 1561 5163 Christus.
1595 5108 1782 5164 Viden‘
1804 5123 1938 5179 quo-

347 5197 510 5253 modo
537 5213 634 5266 per
657 5213 872 5254 crucem
919 5196 1112 5252 festum
1154 5212 1314 5267 agere
1353 5198 1659 5267 praecipiat?
1685 5200 1737 5253 in
1777 5214 1938 5254 cruce

349 5307 579 5362 namque
620 5293 924 5346 immolatus
949 5300 1034 5347 est
1061 5291 1325 5346 Christus.
1353 5289 1454 5346 Ubi
1495 5306 1727 5362 namque
1765 5291 1933 5346 sacri-

349 5382 551 5445 ﬁcium,
581 5380 654 5436 ibi
681 5393 1022 5450 peccatorum
1049 5381 1289 5447 abolitio,
1323 5383 1394 5436 ibi
1425 5381 1791 5437 reconciliatio
1815 5399 1936 5439 cum

350 5474 602 5539 Domino,
646 5473 715 5529 ibi
757 5473 951 5528 festum
991 5483 1048 5528 et
1093 5474 1292 5528 laetitia.
1329 5473 1531 5528 Pascha
1567 5484 1800 5534 nostrum
1845 5491 1937 5545 pro

348 5567 492 5622 nobis
519 5567 807 5622 immolatus
835 5576 905 5621 est
935 5565 1183 5622 Christus.
1215 5566 1337 5633 Ubi,
1373 5566 1937 5638 quasso,immolatus?

350 5659 408 5717 in
439 5660 654 5716 excelso
699 5659 956 5731 patibulo.
1001 5659 1208 5715 Novum
1252 5661 1421 5716 altare
1465 5659 1624 5728 hujus
1664 5659 1934 5726 sacriﬁcii,

363 5798 368 5804 '
416 5796 436 5829 ι
472 5795 657 5860 adjecit
687 5793 852 5856 Savil.,
873 5793 1038 5845 habita
1057 5801 1130 5848 est
1151 5793 1206 5847 in
1226 5801 1393 5849 amicta
1411 5802 1458 5850 et
1479 5809 1655 5864 magna
1685 5796 1765 5849 die
1786 5805 1937 5851 Para-

349 5869 530 5914 σεεῑιεο.

677 5943 949 6004 ΡΑτιιοι.
998 5941 1116 6003 Gn.
1156 5943 1212 6001 Χ
1229 5942 1384 6006 LIX.

1813 6009 1884 6029 ,αι-δ.

1919 2582 2078 2636 W

2087 2603 2369 2614 _—.—————.

2045 2717 2168 2787 quia
2215 2715 2391 2786 ipsum
2448 2713 2767 2769 sacriﬁcium
2813 2729 3008 2768 novum
3053 2714 3480 2784 stupendumque
3529 2723 3630 2769 est.

2045 2807 2190 2862 idem
2216 2807 2414 2877 quippe
2443 2815 2498 2860 et
2521 2805 2842 2862 sacriﬁcium
2873 2815 2927 2861 et
2947 2807 3201 2861 sacerdos
3238 2816 3352 2861 erat
3382 2823 3395 2860 :
3425 2808 3633 2861 sacriﬁ-

2040 2899 2183 2954 cium
2225 2897 2521 2954 secundum
2566 2915 2820 2966 carnem,
2850 2900 3102 2956 sacerdos
3141 2899 3433 2956 secundum
3472 2901 3636 2971 spiri-

2045 3001 2156 3045 tum
2188 3008 2200 3044 :
2236 2989 2376 3046 idem
2403 3000 2456 3045 et
2485 2991 2765 3057 oﬁ'erebat,
2793 2999 2850 3046 et
2878 2992 3171 3046 secundum
3198 3008 3414 3046 carnem
3441 2992 3637 3049 oﬁ‘erc-

2041 3081 2216 3136 batur.
2249 3081 2386 3136 Audi
2405 3082 2676 3153 quomodo
2701 3081 2818 3137 haec
2840 3083 2999 3137 ambo
3019 3082 3216 3138 Paulus
3239 3082 3589 3138 declaraverit
3618 3101 3632 3138 :

2045 3169 2225 3226 Omnis
2253 3172 2530 3244 Pontifex,
2557 3173 2759 3244 inquit,
2787 3190 2850 3228 ea:
2877 3174 3162 3230 hominibus
3190 3183 3480 3244 assumptus
3497 3216 3510 3237 ,
3542 3191 3636 3243 pro

2043 3265 2332 3322 hominibus
2382 3267 2742 3332 constituitur;
2791 3266 2926 3320 unde
2978 3282 3176 3320 necesse
3227 3275 3300 3320 est
3347 3277 3401 3320 ut
3455 3266 3636 3320 habent

2042 3361 2339 3431 quidpiam,
2374 3361 2512 3430 quod
2550 3359 2754 3427 offerat.
2808 3359 2943 3413 Ecce
2979 3360 3087 3428 ipse
3122 3357 3271 3425 olfert
3313 3360 3636 3428 semetipsum

2043 3451 2229 3524 (Hebr.
2261 3453 2314 3508 5.
2350 3454 2375 3508 1
2401 3469 2419 3518 ;
2448 3462 2494 3506 et
2519 3452 2572 3507 8.
2596 3451 2672 3524 5).
2701 3451 2841 3507 Alibi
2870 3467 3001 3506 vero
3021 3451 3150 3506 dicit
3180 3468 3194 3505 :
3227 3450 3456 3505 Christus
3481 3450 3636 3505 semel

2043 3543 2242 3600 oblatus
2268 3546 2334 3597 ad
2375 3545 2649 3598 multorum
2687 3544 2966 3616 auferenda
2994 3552 3197 3614 peccata
3217 3585 3230 3609 ,
3259 3543 3522 3613 apparebit
3548 3559 3637 3598 e1-

2041 3639 2380 3707 spectantibus
2431 3655 2485 3692 se
2526 3638 2580 3692 in
2630 3637 2859 3691 salutem
2888 3633 3076 3706 (Ilebr.
3116 3633 3170 3689 9.
3199 3635 3313 3709 '28).
3341 3633 3484 3692 Ecce
3549 3634 3638 3690 hic

2042 3731 2254 3785 oblatus
2299 3741 2402 3797 est,
2461 3731 2570 3785 illic
2613 3745 2746 3786 vero
2792 3731 3142 3799 semetipsum
3186 3728 3396 3783 obtulit.
3448 3727 3637 3784 Viden‘

2042 3822 2318 3892 quomodo
2335 3833 2390 3876 et
2414 3821 2741 3877 sacriﬁcium
2764 3830 2820 3877 et
2844 3820 3097 3876 sacerdos
3115 3820 3286 3874 iactus
3313 3820 3400 3885 sit,
3424 3829 3479 3875 et
3502 3835 3632 3875 crux

2041 3914 2210 3969 altare
2240 3914 2439 3969 fuerit?
2465 3915 2537 3970 Et
2569 3929 2686 3977 cur,
2716 3914 2954 3984 inquies,
2983 3927 3089 3967 non
3137 3912 3190 3966 in
3233 3912 3430 3980 templo
3457 3911 3631 3966 hostia

2041 4004 2282 4071 offertur,
2310 4004 2406 4060 sed
2433 4014 2584 4060 extra
2617 4003 2801 4060 urbem
2847 4012 2903 4058 et
2925 4001 3160 4059 mantia?
3187 4001 3258 4058 Ut
3315 3995 3640 4068 impleretur

2043 4095 2196 4158 illud.
2211 4095 2337 4151 Cum
2353 4096 2540 4164 iniquis
2554 4104 2814 4164 reputatus
2835 4105 2906 4149 est
2924 4093 3076 4164 (Isai.
3097 4094 3185 4149 53.
3205 4092 3318 4160 12).
3335 4091 3442 4146 Cur
3453 4102 3634 4147 autem

2041 4187 2097 4244 in
2125 4186 2339 4243 sublimi
2363 4186 2602 4256 patibulo
2625 4186 2920 4257 iugulatur,
2954 4201 3059 4240 non
3087 4185 3188 4239 sub
3200 4182 3374 4240 tecto?
3399 4181 3470 4240 Ut
3493 4183 3636 4237 aeris

2042 4290 2288 4336 naturam
2318 4288 2600 4350 purgaret;
2648 4278 2772 4334 ideo
2797 4279 2849 4333 in
2890 4277 3142 4344 sublimi,
3175 4293 3280 4334 non
3321 4276 3635 4332 imminente

2042 4380 2205 4435 tecto,
2245 4371 2340 4426 sed
2381 4371 2696 4426 imminente
2729 4370 2882 4424 caalo.
2927 4371 3034 4424 Aer
3057 4369 3254 4440 quippe
3289 4369 3632 4438 purgabatur,

2041 4480 2164 4519 cum
2180 4465 2296 4518 ovis
2326 4464 2378 4518 in
2405 4463 2615 4518 sublimi
2645 4462 3051 4518 immolaretur:
3085 4461 3410 4531 purgabatur
3432 4461 3558 4516 item
3580 4469 3637 4515 et

2042 4564 2217 4612 terra:
2247 4554 2444 4609 ﬂuebat
2463 4554 2608 4611 enim
2630 4570 2661 4609 e
2678 4555 2846 4609 latere
2864 4553 3079 4624 sanguis
3097 4553 3148 4608 in
3165 4554 3357 4623 ipsam.
3379 4551 3505 4607 ldeo
3525 4567 3635 4607 non

2041 4650 2142 4705 sub
2172 4658 2333 4716 tecto,
2367 4649 2487 4704 ideo
2514 4663 2621 4704 non
2667 4647 2722 4703 in
2751 4647 2953 4719 templo
2971 4646 3223 4712 Iudaico;
3247 4662 3314 4702 ne
3333 4646 3436 4701 sibi
3463 4643 3636 4701 Judaei

2043 4742 2274 4797 hostiam
2325 4747 2750 4811 sequestrarent,
2797 4753 2934 4795 neve
2960 4748 3176 4808 putares
3214 4753 3314 4808 pro
3342 4736 3430 4790 illa
3475 4745 3636 4805 genta

2043 4843 2247 4889 tantum
2277 4833 2416 4889 hanc
2444 4832 2648 4889 oﬁ‘erri.
2691 4833 2896 4888 idcirco
2915 4839 3066 4886 extra
3103 4829 3289 4884 urbem
3317 4837 3372 4882 et
3400 4827 3629 4890 mania,

2044 4938 2102 4984 ut
2129 4928 2306 4984 discas
2347 4927 2650 4984 universale
2692 4924 3014 4981 sacriﬁcium
3061 4936 3204 4986 esse,
3237 4921 3358 4990 quia
3387 4934 3483 4990 pro
3512 4919 3634 4972 uni-

2042 5039 2198 5078 versa
2226 5031 2368 5078 terra
2407 5030 2526 5077 erat
2551 5020 2789 5076 oblatio:
2828 5027 2887 5073 ut
2930 5017 3165 5072 disceres
3203 5015 3332 5068 item
3363 5011 3634 5083 purgatio-

2042 5131 2189 5181 nem,
2247 5127 2604 5176 communem,
2665 5125 2775 5165 non
2821 5108 3144 5180 peculiarem
3189 5120 3332 5171 esse,
3377 5103 3634 5175 quemad-

2043 5209 2262 5265 modum
2304 5206 2446 5276 apud
2491 5204 2726 5261 Judzeos.
2780 5200 2982 5257 ludatis
3022 5199 3165 5254 enim
3216 5198 3338 5252 ideo
3379 5197 3634 5268 praecepit

2043 5282 2185 5354 Deus
2233 5306 2292 5353 ut
2320 5298 2625 5352 universam
2666 5301 2866 5348 terram
2904 5291 3296 5359 relinquerent,
3330 5298 3384 5343 et
3426 5304 3535 5343 uno
3578 5288 3632 5340 in

2042 5389 2164 5445 loco
2194 5387 2397 5443 hostias
2421 5396 2475 5442 et
2515 5399 2701 5456 preces
2727 5385 3001 5450 oﬁerrent,
3033 5383 3157 5452 quia
3203 5391 3310 5437 tota
3339 5391 3482 5435 terra
3526 5379 3630 5432 im-

2043 5494 2181 5549 pura
2211 5487 2347 5544 erat,
2382 5476 2551 5543 fumo,
2585 5475 2774 5532 nidore
2802 5475 3128 5545 reliquisque
3153 5472 3400 5528 omnibus
3419 5469 3631 5540 gentili-

2044 5572 2239 5626 tiorum
2259 5569 2644 5626 sacriﬁciorum
2659 5566 3076 5638 inquinamentis
3087 5580 3207 5620 eam
3221 5561 3625 5632 occupantibus.

2043 5662 2208 5720 Nobis
2227 5678 2376 5729 vero,
2409 5663 2534 5733 quia
2573 5661 2817 5717 Christus
2842 5658 3054 5715 tandem
3080 5657 3301 5712 veniens
3338 5666 3506 5711 totum
3535 5669 3630 5711 or-

2041 5755 2164 5811 bem
2195 5756 2472 5826 purgavit,
2501 5755 2674 5824 quivis
2699 5755 2848 5808 locus
2886 5749 3074 5805 orandi
3105 5749 3254 5804 locus
3279 5748 3500 5803 eﬁ‘ectus
3522 5760 3630 5807 est.

2044 5845 2170 5905 Ideo
2196 5847 2392 5907 Paulus
2435 5845 2767 5905 conﬁdenter
2807 5841 3154 5909 hortabatur,
3182 5849 3254 5990 ll;
3279 5841 3475 5912 ubique
3514 5845 3635 5900 sine

3257 5935 3292 5990 5

3257 5935 3292 5996 5
