4100 6438
557 336 655 392 ὅθί
1306 337 1363 394 S.
1390 337 1670 398 JOANNlS
1697 342 2171 403 CllRYSOSTO)"
2211 348 2531 406 ARClllEP.
2560 350 3095 411 CONSTAN'I'INOP.
3732 351 3829 412 ιω

558 456 754 510 timore
794 468 986 525 prcces
1025 460 1437 520 emitterentur,
1486 451 1570 507 his
1601 452 1815 508 verbis:
1868 452 1991 508 γοιο
2021 455 2153 509 uiros

558 562 706 600 orare
744 547 799 600 in
838 546 975 599 omni
1010 546 1155 608 loco,
1183 545 1405 599 levantes
1447 554 1648 598 sanctas
1689 562 1871 599 manus
1915 548 1990 617 (l.
2015 545 2151 601 Tim.

558 635 615 689 2.
647 635 726 705 8).
758 636 945 692 Viden‘
966 637 1236 705 quomodo
1264 646 1521 707 purgatus
1542 636 1611 690 sit
1636 636 1817 691 orbis?
1846 637 1948 692 Per
1978 638 2153 693 locum

559 727 703 782 enim
754 728 879 782 licet
923 727 1121 797 ubique
1164 728 1343 783 levare
1382 736 1594 782 sanctas
1634 743 1869 783 manus:
1901 731 2153 799 quoniam

560 821 737 874 omnis
766 831 906 875 terra
947 832 1129 877 sancta
1156 822 1343 877 elfecta
1371 831 1487 890 est,
1516 833 1570 877 et
1598 823 1797 878 sanctis
1837 823 1944 878 illis
1974 826 2153 897 templi

505 969 509 975 ,
558 910 906 968 interioribus
934 914 1192 968 snnctior.
1223 913 1334 969 lllic
1351 914 1494 968 cnim
1519 912 1848 969 oﬁ‘crebatur
1876 916 1993 971 ovis
2015 917 2155 971 irra-

558 1002 852 1071 tionabilis,
886 1005 974 1061 hic
1007 1021 1138 1061 vero
1165 1005 1500 1076 spiritualis:
1531 1014 1732 1067 quanto
1770 1014 1949 1060 autem
1982 1008 2155 1077 majus

560 1104 647 1152 est
666 1098 1006 1165 sacriﬁcium,
1039 1106 1191 1153 tanto
1218 1099 1422 1154 auctior
1448 1099 2156 1172 sanctiﬁcatimQuapropter

569 1201 699 1242 crux
722 1197 805 1242 cst
830 1190 1139 1244 celebritas.

629 1281 684 1336 2.
707 1278 799 1335 Vis
812 1281 1022 1338 discere
1038 1280 1183 1335 aliud
1205 1280 1323 1351 ejus
1348 1278 1555 1351 insigne
1579 1280 1752 1352 opus?
1778 1280 2092 1339 Paradisum
2121 1299 2153 1340 a

557 1372 840 1446 quinquies
883 1373 1031 1427 mille
1078 1380 1134 1427 et
1181 1371 1413 1441 amplius
1456 1371 1613 1426 annis
1660 1371 1903 1428 clausum
1930 1413 1945 1439 ,
1995 1374 2154 1431 hodie

554 1467 714 1524 nobis
739 1467 973 1537 aperuit.
1018 1467 1131 1523 Hoc
1169 1468 1367 1538 quippe
1396 1466 1515 1535 die,
1543 1467 1647 1525 hac
1687 1470 1801 1540 ipsa
1829 1468 1960 1525 hora
1991 1470 2154 1525 latro-

552 1576 681 1618 nem
727 1575 795 1616 eo
838 1559 1134 1617 introduxit
1175 1560 1350 1626 Deus,
1399 1559 1507 1616 duo
1560 1562 1819 1630 praeclara
1862 1561 2153 1633 designans

547 1668 756 1723 Opera;
784 1669 971 1719 unum,
994 1652 1135 1723 quod
1162 1652 1468 1723 paradisum
1490 1653 1788 1722 aperuerit,
1815 1652 1982 1721 aliud,
2004 1653 2149 1725 quod

553 1745 817 1801 latronem
860 1744 1252 1801 introduxerit.
1294 1743 1464 1799 Hodie
1490 1753 1773 1815 antequam
1801 1746 2028 1816 patriam
2056 1760 2153 1800 no-

561 1838 648 1894 bis
676 1837 946 1906 reddidit,
980 1838 1141 1893 hodie
1169 1838 1221 1892 in
1245 1838 1469 1908 patriam
1490 1837 1761 1892 civitatem
1792 1851 1891 1892 nos
1916 1836 2149 1905 reduxit,

549 1941 607 1985 ct
642 1931 915 1987 communi
961 1931 1240 1986 hominum
1282 1938 1489 1985 natura:
1532 1928 1753 1984 domum
1794 1928 1943 1984 dedit
1984 1944 2151 1983 :nam

553 2023 744 2088 Hodie,
778 2024 973 2093 inquit,
1002 2040 1197 2077 mecum
1221 2023 1321 2078 eris
1350 2023 1404 2076 in
1431 2022 1674 2093 paradiso
1704 2020 1858 2091 (Luc.
1899 2022 1992 2078 23.
2032 2023 2148 2093 4⁸5).

552 2115 693 2183 Quid
715 2115 890 2171 dicis?
924 2114 1223 2171 Cruciﬁxus
1252 2128 1313 2169 es
1351 2121 1407 2169 et
1453 2114 1620 2169 clavis
1658 2113 1850 2169 afﬁxus
1874 2153 1891 2181 ,
1915 2122 1971 2170 et
1996 2129 2155 2184 para-

554 2209 734 2263 disum
764 2207 1074 2279 polliceris?
1101 2208 1299 2274 Etiam,
1331 2205 1524 2277 inquit,
1554 2215 1614 2262 ut
1636 2207 1688 2262 in
1709 2221 1876 2263 cruce
1898 2207 2150 2262 virtutem

552 2316 729 2357 meam
778 2302 1010 2356 ediscas.
1061 2300 1200 2369 Quia
1246 2300 1391 2357 enim
1433 2314 1524 2355 res
1560 2307 1677 2354 erat
1717 2297 1906 2366 tristis,
1950 2314 2019 2355 ne
2058 2314 2154 2353 na-

552 2403 688 2448 tura:
738 2393 917 2451 crucis
962 2391 1294 2458 attenderes,
1322 2390 1417 2446 sed
1444 2391 1687 2447 cruciﬁxi
1740 2391 1991 2445 virtutem
2036 2388 2153 2445 edi-

553 2483 820 2549 sceres,in
849 2497 1007 2537 cruce
1036 2482 1139 2538 hoc
1169 2489 1446 2553 perpetrat
1473 2481 1798 2537 miraculum
1816 2522 1830 2548 ,
1858 2480 2005 2552 quod
2032 2480 2153 2551 ejus

550 2575 785 2629 maxime
828 2575 1081 2630 virtutem
1128 2574 1483 2630 demonstrat.
1526 2572 1646 2629 Non
1687 2573 1831 2629 enim
1879 2582 2151 2629 mortuum

548 2683 673 2722 cum
701 2667 1009 2734 suscitaret,
1040 2683 1149 2723 non
1177 2682 1300 2723 cum
1332 2680 1482 2721 mare
1506 2680 1571 2721 ac
1598 2673 1789 2721 ventos
1827 2665 2149 2738 increparet,

548 2777 658 2817 non
700 2777 821 2817 cum
868 2762 1145 2817 dmmonas
1193 2761 1439 2832 fugaret,
1488 2759 1586 2817 sed
1634 2758 1940 2826 cruciﬁxus,
1990 2759 2153 2815 clavis

548 2851 876 2923 perforatus,
906 2852 1270 2920 contumeliis,
1300 2851 1493 2922 sputis,
1525 2850 1787 2906 conviciis
1806 2891 1822 2917 ,
1849 2850 2154 2921 opprobriis

549 2952 831 3012 oneratus,
861 2942 1165 3014 improbum
1196 2943 1423 3000 latronis
1448 2943 1688 2999 animum
1716 2953 1927 3000 mutare
1956 2946 2150 3016 potuit,

551 3046 609 3093 ut
633 3038 906 3109 utrimque
933 3038 1209 3103 virtutem,
1232 3038 1350 3109 ejus
1369 3037 1555 3093 videas
1580 3052 1597 3092 :
1625 3046 1927 3093 creaturam
1956 3039 2154 3111 quippe

551 3139 720 3185 totam
762 3131 1087 3197 commovit,
1121 3140 1301 3199 petras
1342 3129 1523 3198 scidit,
1554 3138 1707 3202 petra
1749 3130 2021 3187 duriorem
2069 3131 2153 3188 la-

548 3225 724 3281 tronis
750 3224 986 3279 animam
1021 3225 1241 3279 attraxit
1266 3232 1321 3279 et
1348 3223 1671 3280 honoravit:
1695 3239 1821 3279 nam
1851 3224 1948 3292 ait,
1983 3223 2156 3281 Hodie

551 3331 745 3372 necum
773 3317 875 3372 eris
911 3317 964 3371 in
991 3316 1255 3389 paradiso.
1304 3316 1467 3388 Atqui
1511 3316 1805 3373 Cherubini
1846 3317 2154 3389 paradisum

551 3407 841 3462 servabant
864 3425 879 3473 ;
903 3420 1089 3464 verum
1108 3406 1197 3463 hic
1213 3407 1641 3464 Cherubinorum
1663 3408 1825 3464 etiam
1853 3408 2150 3465 Dominus:

548 3507 636 3553 est
682 3498 967 3555 flammeus
1011 3499 1224 3571 gladius
1274 3499 1345 3555 ibi
1399 3499 1664 3566 volvitur;
1712 3514 1902 3555 verum
1945 3501 2060 3569 ipse
2097 3509 2154 3557 et

550 3590 785 3645 ﬂamma:
829 3599 885 3645 et
929 3590 1215 3661 gehennae,
1253 3599 1311 3646 et
1342 3590 1467 3646 vitae
1505 3599 1563 3646 et
1602 3591 1791 3647 mortis
1830 3600 2151 3663 potestatem

550 3681 735 3737 habet.
768 3682 927 3753 Atqui
968 3697 1062 3738 rex
1093 3682 1277 3739 nullus
1300 3697 1556 3754 umquam
1605 3684 1840 3754 patiatur
1886 3685 2153 3743 latronem

549 3774 852 3844 hominem,
884 3776 971 3832 vel
1000 3775 1167 3833 alium
1191 3776 1501 3849 quempiam
1522 3793 1590 3834 ex
1615 3776 1831 3835 famulis
1856 3795 2042 3837 secum
2067 3796 2154 3839 se-

549 3870 769 3927 dentem
802 3870 1147 3928 introducere
1178 3873 1231 3928 in
1276 3873 1492 3930 urbem.
1537 3874 1735 3930 Verum
1773 3874 2024 3932 Christus
2050 3876 2155 3932 hoc

549 3960 699 4029 fecit,
731 3961 893 4033 inque
912 3977 1122 4019 sacram
1151 3965 1381 4035 patriam
1408 3966 1739 4036 ingrediens,
1767 3982 1951 4024 secum
1978 3967 2151 4025 furem

548 4052 866 4121 introducit,
904 4069 1012 4109 non
1059 4055 1368 4125 paradisum
1412 4056 1781 4125 conculcans,
1832 4074 2010 4128 neque
2055 4074 2152 4131 pe-

548 4143 711 4201 dibus
761 4145 988 4203 latronis
1040 4146 1334 4217 deturpans
1362 4190 1378 4215 ,
1435 4148 1548 4204 imo
1596 4150 1776 4219 potius
1820 4148 2093 4207 honorans
2134 4166 2151 4206 ι

550 4235 731 4292 honor
778 4238 976 4308 quippe
1001 4238 1234 4309 paradisi
1256 4247 1339 4294 est
1376 4240 1538 4298 talem
1583 4240 1786 4296 habere
1824 4240 2142 4308 dominum,

548 4329 643 4400 qui
672 4330 846 4400 possit
867 4331 956 4387 vel
987 4332 1159 4387 furem
1187 4332 1501 4403 voluptatis,
1530 4349 1650 4405 quae
1675 4342 1759 4390 est
1786 4335 1837 4390 in
1867 4335 2151 4405 paradiso,

547 4421 773 4493 dignum
801 4422 1001 4481 facere.
1032 4424 1247 4480 Etenim
1268 4441 1392 4481 cum
1420 4428 1735 4497 publicanos
1756 4437 1811 4483 et
1837 4430 2154 4485 meretrices

547 4513 930 4571 introducebat
959 4519 1013 4571 in
1040 4532 1265 4587 regnum
1291 4519 1547 4575 caelorum
1568 4562 1584 4587 ,
1613 4534 1723 4577 non
1749 4519 2026 4587 dedecori,
2057 4521 2153 4576 sed

549 4604 747 4662 honori
776 4607 830 4664 id
853 4618 992 4676 erat,
1023 4610 1315 4666 ostendens
1345 4610 1655 4682 hujusmodi
1700 4628 1822 4669 esse
1866 4614 2152 4670 Dominum

546 4698 705 4769 regni
756 4699 1050 4766 caelorum,
1109 4702 1200 4773 qui
1250 4702 1566 4759 meretrices
1615 4712 1671 4760 et
1718 4705 2035 4775 publicanos
2079 4707 2154 4762 ita

548 4791 879 4862 spectabiles
905 4793 1129 4860 faceret,
1163 4805 1225 4850 ut
1250 4794 1398 4865 digni
1424 4794 1741 4852 viderentur
1772 4797 1904 4852 tanti
1934 4797 2155 4854 honoris

549 4892 606 4939 et
634 4887 896 4941 muneris.
926 4885 1392 4954 Quemadmodum
1419 4886 1567 4943 enim
1594 4886 1864 4944 medicum
1891 4898 2022 4944 tunc
2042 4905 2157 4944 ma-

549 4976 702 5031 xime
736 4979 1018 5046 miramur,
1048 4994 1173 5035 cum
1217 4979 1466 5035 videmus
1491 4994 1615 5035 eum
1664 4979 1916 5037 homines
1941 4981 2155 5037 incura-

550 5067 752 5123 bilibus
778 5072 983 5126 morbis
1013 5072 1323 5128 laborantes
1348 5074 1417 5129 ab
1446 5074 1771 5144 mgritudine
1813 5073 2069 5142 liberare,
2096 5085 2155 5131 et

551 5163 770 5216 sanitati
813 5164 1144 5221 restituere:
1196 5165 1268 5220 ita
1308 5175 1364 5222 et
1404 5165 1679 5222 Christum
1721 5167 1905 5222 mirari
1948 5167 2153 5236 justum

552 5263 656 5317 est,
685 5270 809 5310 cum
837 5255 1155 5313 insanabilia
1182 5270 1334 5315 curat
1360 5260 1585 5315 vulnera
1604 5303 1620 5327 ,
1647 5275 1774 5315 cuin
1802 5259 2150 5330 publicanum

551 5354 607 5400 ct
634 5349 979 5403 meretricem
1020 5351 1074 5403 in
1102 5359 1308 5405 tantam
1357 5353 1640 5408 sanitatem
1680 5351 1909 5420 reducit,
1933 5360 1993 5407 ut
2021 5356 2154 5408 caelo

550 5438 700 5507 digni
732 5439 1034 5496 videantur.
1070 5442 1274 5513 Ecquid
1306 5453 1514 5501 tantum
1555 5445 1680 5501 fecit
1706 5445 1865 5513 latro,
1897 5447 2108 5517 inquies
2136 5489 2149 5511 ,

550 5539 613 5584 ut
640 5539 761 5600 post
783 5547 1001 5588 crucem
1029 5535 1342 5605 paradisum
1370 5537 1440 5591 sit
1464 5535 1737 5608 adeptus?
1766 5537 1929 5593 Visne
1958 5547 2017 5593 ut
2045 5540 2153 5593 vir-

552 5631 724 5678 tutem
750 5626 869 5695 ejus
900 5626 1135 5684 breviter
1159 5629 1575 5686 demonstrem?
1603 5632 1739 5687 Cum
1771 5632 1962 5687 Petrus
1992 5647 2155 5700 nega-

554 5713 647 5768 bat
677 5718 834 5786 infra,
882 5728 1011 5777 tunc
1039 5721 1130 5778 ille
1154 5737 1318 5794 supra
1356 5724 1735 5780 conﬁtebatur.
1780 5723 1896 5779 Non
1935 5723 2150 5779 Petrum

554 5808 811 5868 incusans
838 5813 953 5870 hmo
984 5814 1127 5885 dico,
1154 5816 1329 5885 absit;
1357 5816 1453 5874 sed
1486 5817 1712 5875 latronis
1741 5817 2150 5888 magnanimita-

2265 466 2370 512 tem
2419 459 2676 517 exhibere
2724 464 2931 520 volens.
2990 460 3290 535 Discipulus
3338 466 3615 525 vilissnma:
3659 471 3835 540 puella

2264 550 2437 603 minas
2464 565 2573 605 non
2596 552 2737 619 tulit,
2771 552 2907 608 latro
2933 565 3113 610 autem
3142 555 3331 611 videns
3363 558 3619 630 populum
3643 570 3800 616 totum
3819 604 3835 629 ,

2258 638 3105 711 circumstantem,clamantem,
3134 646 3496 717 blasphemias
3535 657 3591 704 et
3629 649 3837 708 dicteria

2254 731 2606 803 iaculantem,
2640 751 2746 790 non
2778 739 3005 794 attendit
3035 740 3168 805 illis,
3201 756 3309 795 non
3336 742 3592 813 cogitavit
3617 759 3834 814 pmeno

2260 830 2369 878 tem
2413 825 2649 880 cruciﬁxi
2701 828 2978 893 vilitatem,
3019 830 3113 885 sed
3147 832 3267 887 fidei
3309 834 3483 889 oculis
3524 833 3639 890 hate
3673 838 3833 892 omnia

2259 926 2698 985 praetercurrens,
2725 921 2902 975 missis
2925 921 3025 975 illis
3045 923 3237 978 vilibus
3258 924 3673 995 impedimentis,
3689 943 3836 1001 agno-

2259 1008 2334 1061 vit
2357 1009 2608 1064 cmlorum
2653 1010 2964 1080 Dominum,
2991 1024 3048 1069 et
3083 1016 3149 1070 ad
3182 1016 3354 1087 ipsum
3384 1019 3567 1074 animo
3603 1036 3832 1091 procum-

2259 1097 2393 1154 bens
2416 1100 2663 1158 dicebat:
2696 1103 2950 1160 Memento
2991 1107 3117 1173 mei,
3152 1107 3388 1175 Domine,
3425 1128 3544 1165 cum
3577 1116 3759 1169 veneris
3787 1115 3835 1170 in

2259 1206 2472 1260 regnum
2492 1201 2631 1247 tuum
2653 1193 2807 1268 (Luc.
2830 1197 2923 1253 23.
2945 1198 3057 1270 η).
3078 1199 3155 1256 Ne
3170 1200 3431 1258 latronem
3463 1202 3625 1270 hunc,
3645 1220 3833 1275 quaso,

2259 1293 2753 1355 praetereat-ramus,
2805 1305 2977 1360 neque
3017 1307 3113 1347 nos
3159 1293 3355 1363 pudeat
3398 1310 3526 1350 eum
3576 1296 3834 1354 doctorem

2257 1378 2532 1447 accipere,
2560 1397 2720 1451 quem
2754 1380 3013 1441 Dominus
3042 1396 3227 1441 noster
3250 1401 3359 1442 non
3383 1389 3596 1444 erubuit
3620 1389 3832 1459 primum

2259 1462 2513 1522 inducere
2542 1467 2596 1521 in
2624 1468 2928 1539 paradisum
2960 1488 2975 1524 :
3007 1487 3076 1527 ne
3114 1472 3501 1530 erubescamus
3542 1477 3832 1547 magistrum

2256 1559 2505 1629 accipere
2551 1576 2705 1627 eum,
2729 1564 2818 1633 qui
2860 1573 2986 1620 ante
3023 1565 3326 1621 universam
3371 1577 3614 1623 naturam
3658 1568 3833 1637 dignus

2256 1654 2505 1722 apparuit
2540 1655 2963 1712 conversationis
3009 1658 3147 1727 ejus,
3176 1674 3295 1729 quae
3336 1660 3388 1713 in
3417 1660 3565 1716 caelis
3600 1669 3679 1715 est
3706 1676 3720 1715 :
3748 1659 3831 1715 sed

2256 1744 2463 1816 singula
2492 1757 2739 1803 accurate
2764 1751 3116 1817 excutiamus,
3145 1760 3203 1807 ut
3252 1755 3431 1808 crucis
3471 1754 3716 1808 virtutem
3754 1753 3828 1807 di-

2255 1849 2490 1893 scamus.
2538 1838 2654 1894 Non
2691 1838 2826 1895 dixit
2865 1842 2947 1907 ei,
2972 1843 3415 1913 quemadmodum
3455 1845 3616 1901 Petro
3651 1862 3665 1899 :
3718 1843 3833 1900 Veni

2252 1938 2370 1998 post
2380 1946 2478 1997 me,
2498 1931 2746 2000 etfaciam
2766 1942 2813 1987 te
2828 1934 3127 2005 piscatorem
3140 1935 3399 1989 hominum
3418 1936 3629 2007 (Matth.
3646 1938 3695 1991 4.
3715 1935 3795 2007 l9)
3814 1953 3827 1991 :

2252 2036 2363 2077 non
2404 2022 2539 2077 dixit
2580 2024 2652 2091 ei,
2698 2034 2758 2080 ut
2794 2034 2849 2081 et
2891 2026 2997 2081 illis
3044 2026 3349 2093 duodecim,
3400 2028 3649 2083 Sedcbitis
3692 2043 3829 2097 super

2257 2110 2465 2167 wronos
2508 2113 2775 2168 duodecim
2820 2116 3112 2188 judicantes
3161 2117 3433 2172 duodecim
3482 2117 3637 2172 tribus
3680 2116 3828 2171 Israel

2258 2198 2480 2273 (Matth.
2509 2198 3136 2271 l9.28):imoneverbo
3185 2208 3403 2279 quidem
3447 2209 3619 2279 ipsum
3666 2207 3831 2278 digna-

2257 2301 2343 2349 tus
2388 2302 2472 2350 est
2502 2311 2517 2347 :
2548 2310 2657 2352 non
2714 2297 3039 2354 miraculum
3076 2298 3311 2354 ostendit
3351 2338 3370 2364 ,
3428 2314 3533 2354 non
3574 2309 3824 2354 mortuum

2254 2386 2349 2444 ille
2373 2390 2690 2445 suscitatum
2725 2389 2880 2456 vidit,
2912 2406 3018 2445 non
3054 2392 3238 2462 pulsos
3264 2391 3558 2456 darmonas,
3586 2407 3685 2446 non
3715 2390 3828 2446 obe-

2256 2478 2413 2535 diens
2440 2496 2588 2537 mare
2620 2482 2791 2537 vidit:
2824 2498 2933 2537 non
2963 2482 3111 2537 illum
3142 2481 3210 2538 de
3236 2498 3407 2553 regno
3430 2483 3676 2538 calorum
3703 2481 3822 2535 allo-

2253 2580 2456 2642 qnutus
2480 2581 2584 2641 est,
2617 2588 2724 2627 non
2754 2572 2822 2629 de
2848 2574 3127 2644 gehenna;
3157 2584 3212 2629 et
3239 2583 3419 2631 tamen
3460 2574 3547 2630 ille
3578 2583 3695 2628 ante
3720 2586 3825 2626 ont-

2255 2676 2356 2719 nes
2394 2664 2567 2734 ipsum
2620 2664 2899 2721 confessus
2942 2674 3048 2734 est,
3079 2666 3234 2737 idque
3283 2666 3435 2721 socio
3474 2664 3822 2721 conviciaute:

2256 2757 2658 2813 conviciabatur
2693 2760 2838 2815 enim
2865 2760 2914 2815 ei
2942 2761 3079 2816 latro
3114 2761 3270 2817 alter.
3301 2760 3517 2816 Etenim
3555 2759 3685 2814 alius
3710 2769 3826 2828 quo-

2256 2864 2362 2921 que
2390 2848 2528 2905 latro
2555 2850 2847 2906 cruciﬁxus
2873 2866 2995 2907 cum
3023 2865 3090 2907 eo
3112 2860 3251 2915 erat,
3278 2863 3337 2906 ut
3360 2851 3667 2922 impleretur
3686 2844 3820 2911 illud,

2258 2939 2404 2996 Inter
2448 2941 2649 3012 iniquos
2690 2952 2947 3014 reputatus
2988 2952 3065 3001 est
3103 2942 3255 3014 (lsai.
3298 2945 3396 3000 53.
3441 2942 3549 3014 12).
3589 2940 3823 2996 Volebam

2257 3034 2402 3091 enim
2439 3034 2667 3106 gloriam
2695 3040 2813 3105 ejus
2849 3036 3139 3094 obscurare
3179 3036 3375 3104 Judzi,
3409 3044 3465 3095 et
3500 3033 3823 3102 υηόοςυδειυο

2257 3128 2357 3195 iis,
2406 3144 2529 3200 qua:
2589 3129 2914 3201 agebantur,
2968 3130 3333 3197 instiltabant;
3393 3145 3576 3187 verum
3616 3125 3822 3195 undiqtn

2257 3223 2456 3278 veritas
2516 3221 2802 3293 fulgebat,
2865 3230 2922 3279 et
2989 3236 3087 3293 per
3148 3223 3263 3292 ipsa
3316 3221 3687 3294 impedimenta
3738 3228 3822 3270 au-

2256 3315 2499 3387 gebatur.
2563 3314 2977 3373 Conviciabatur
3026 3330 3157 3387 ergo
3212 3315 3263 3371 ei
3351 3314 3491 3372 latro
3538 3313 3686 3369 alter.
3744 3304 3822 3360 Vi-

2256 3405 2681 3471 den’latronem,
2717 3417 2773 3463 et
2817 3406 3119 3463 latronem?
3160 3406 3319 3462 ambo
3362 3407 3419 3462 'm
3463 3418 3642 3467 cruce.
3681 3396 3821 3455 amb!

2256 3514 2323 3556 ex
2352 3500 2461 3555 vita
2496 3498 2838 3570 praedatoria,
2869 3499 3079 3555 amhoa
3110 3499 3384 3569 nequitia;
3410 3496 3507 3553 sed
3552 3508 3650 3549 non
3682 3486 3818 3545 ambo

2258 3590 2313 3647 in
2341 3590 2531 3646 iisdem
2557 3608 2569 3643 :
2599 3590 2737 3646 alius
2779 3591 2923 3648 enim
2954 3606 3178 3661 regnum
3213 3590 3474 3647 calorum
3509 3588 3560 3643 in
3585 3579 3820 3639 heredita-

2258 3690 2368 3739 tem
2396 3682 2639 3753 accepit,
2668 3682 2808 3738 alius
2834 3683 2888 3737 in
2914 3681 3219 3752 gehennam
3258 3681 3460 3738 missus
3499 3686 3600 3735 est.
3638 3669 3816 3730 Eodem

2258 3774 2421 3832 modo
2445 3782 2500 3831 et
2521 3773 2774 3831 hesterna
2801 3773 2890 3831 die
2920 3773 3169 3845 discipuli
3201 3771 3584 3843 etdiscipulus.
3610 3763 3817 3823 ludam

2259 3866 2543 3933 undecim;
2573 3866 2667 3922 sed
2706 3866 2780 3923 illi
2815 3865 3031 3938 quidem
3072 3865 3344 3930 dicebant,
3382 3865 3480 3923 Ubi
3517 3863 3587 3918 vis
3613 3866 3816 3930 parm“

2260 3959 2351 4014 tibi
2378 3957 2640 4013 comedere
2664 3956 2871 4013 Pascha
2895 3957 2921 4012 ?
2951 3957 3037 4013 hic
3063 3972 3193 4014 vero
3219 3958 3571 4029 proditionem
3603 3946 3812 4022 [nr-1M.

2260 4060 2318 4109 et
2359 4050 2569 4107 dicebat
2606 4067 2621 4105 :
2658 4050 2795 4118 Quid
2834 4051 2990 4107 uultis
3029 4052 3158 4106 mihi
3174 4052 3333 4118 dare,
3362 4061 3410 4106 et
3437 4064 3526 4121 ego
3570 4042 3697 4099 nobis
3721 4048 3813 4092 ιη’

2259 4144 2382 4199 dam
2403 4142 2747 4214 eunaUlattls.
2768 4142 2956 4199 26.".
2976 4154 3022 4199 et
3042 4144 3156 4215 15)?
3178 4144 3256 4200 illi
3280 4144 3497 4215 quidem
3519 4139 3584 4195 ad
3600 4133 3815 4192 minister

2259 4235 2399 4292 rium
2428 4234 2771 4306 divinamque
2811 4236 3195 4307 mystagogiam
3234 4250 3358 4293 sese
3385 4230 3721 4306 apparabant,
3744 4219 3815 4275 hic

2258 4341 2392 4384 vero
2414 4326 2483 4381 ad
2529 4326 2863 4396 prodendum
2910 4326 3215 4383 festinabat.
3257 4325 3334 4384 ita
3366 4337 3425 4382 et
3453 4336 3588 4379 nunc
3627 4316 3814 4373 lam“

2260 4420 2422 4486 latro,
2462 4420 2560 4477 sed
2585 4420 2676 4476 ille
2718 4419 2933 4497 quidem
2978 4420 3346 4487 conviciatur,
3378 4420 3466 4475 hic
3498 4414 3673 4470 adomt
3701 4424 3713 4460 :
3738 4401 3814 4458 illo

2259 4513 2624 4584 blasphemat,
2656 4512 2743 4568 hic
2768 4513 3055 4581 benedicit,
3091 4522 3148 4569 et
3173 4513 3625 4584 blasphemanteat
3664 4500 3811 4593 intra.

2260 4618 2352 4679 pat
2374 4608 2456 4664 his
2476 4608 2677 4676 verbis,
2711 4608 2888 4679 Neque
2902 4618 2957 4663 tu
2980 4609 3127 4664 times
3150 4607 3319 4664 Damt
3336 4608 3363 4663 γ
3385 4620 3504 4663 nam
3530 4599 3671 4670 die“
3690 4593 3812 4661 fw"

2258 4704 2530 4770 recipimus
2556 4700 2708 4771 (Luc.
2740 4702 2833 4757 25.
2866 4702 2955 4757 40.
2988 4701 3100 4772 di).
3636 4779 3647 4783 μ
3767 4710 3816 4783 ,γι

2332 4799 2385 4853 3.
2432 4796 2623 4851 Vidisti
2671 4795 2919 4850 ﬁduciam
2968 4794 3233 4851 latronis?
3273 4791 3451 4851 vidisti
3501 4779 3725 4841 ﬁduciam
3766 4779 3824 4870 f'i

2259 4890 2454 4947 cruce?
2471 4890 2649 4945 vidisti
2674 4888 3062 4959 philosophiam
3083 4891 3138 4944 in
3158 4887 3439 4959 supplicio,
3450 4891 3505 4939 et
3525 4878 3747 4948 pietatem
3764 4873 3807 4913 ⁸⁸³

2260 4983 2541 5040 cruciatu?
2566 4982 2719 5052 Quod
2743 4982 2888 5038 enim
2921 4983 3022 5039 sibi
3050 4996 3313 5053 praeeris,
3332 4994 3437 5036 no.
3462 4976 3630 5030 mre
3652 4964 3804 5015 excato

2260 5076 2393 5130 serit
2419 5074 2586 5129 clavis
2614 5073 2854 5130 conﬁxus
2874 5115 2889 5139 ,
2924 5073 3044 5144 quis
3066 5088 3176 5129 non
3203 5068 3449 5143 stupcal?
3478 5055 3802 5153 “33".”?

2261 5129 2423 5223 modo
2448 5129 2633 5223 mente
2656 5129 2965 5231 constabat:
2993 5165 3089 5221 sed
3116 5129 3363 5227 omnibus
3382 5158 3493 5215 suis

2261 5261 2488 5316 aliorum
2518 5261 2682 5317 rebus
2703 5260 2942 5323 curabat,
2969 5259 3161 5315 doctor
3186 5259 3241 5314 in
3270 5269 3427 5314 cruce
3454 5249 3630 5305 factus,
3654 5238 3800 5287 Μεθ’

2262 5368 2501 5424 panaque
2527 5353 2613 5410 his
2637 5354 2815 5409 verbis
2849 5368 2862 5405 :
2900 5350 3077 5422 NW
3104 5360 3157 5404 ⁸³⁴
3178 5352 3320 5404 um“
3346 5326 3800 5434 nam

2259 5404 2391 5510 ἓξὲξ
2404 5404 2618 5515 signa
2651 5404 2721 5500 {ti
2736 5404 2972 5500 nisi...
2995 5404 3100 5499 1..
3123 5439 3349 5497 tribunal
3373 5454 3386 5489 :
3411 5439 3493 5543 is:
3514 5404 3797 5543 ff":

2262 5508 2565 5605 invisibilis,
2603 5508 2686 5594 est
2718 5539 3092 5630 incorruptum
3130 5530 3380 5589 ιιίὺυιδθι.
3406 5508 3796 5630 mente-10$;

2261 5631 2403 5702 quod
2431 5599 2566 5686 infra
3002 5627 3080 5684 sit
3112 5641 3277 5682 :uam

2264 5688 2588 5794 liujusmodi.
2614 5722 2670 5779 ln
2692 5721 2797 5777 hoc
2819 5721 3015 5793 quippe
3037 5728 3252 5775 terreno
3273 5688 3645 5811 tribunalia-‘1‘?

2265 5778 2443 5886 do'qtm
2482 5778 3118 5884 damnantur,.et-i.njusti
3147 5821 3357 5884 pinnam
3384 5791 3646 5865 effugiunt;
3674 5778 3777 5826 που
