4100 6446
503 338 607 394 6’5

503 457 708 522 ζονται.
741 456 851 510 Καὶ
889 458 999 530 γὰρ
1018 458 1235 523 ἑκόντες
1259 459 1352 514 καὶ
1374 461 1599 525 ἄκοντες
1632 456 1802 514 πολλά
1840 461 2092 533 ἁμαρτά-

501 541 748 594 νουσιιοὶ
771 540 1102 606 δικάζοντες·
1130 542 1162 614 ἢ
1193 542 1303 614 γάρ
1333 543 1657 612 ἀγνοοῦντες
1681 546 1743 598 τὸ
1771 545 1978 599 δίκαιον
2000 548 2096 600 καὶ

503 623 870 694 ἀπατώμενοι,
897 625 930 696 ἧ
957 625 1158 690 εἰδότες
1192 627 1316 696 μὲν,
1345 628 1450 681 ὑπὸ
1482 629 1778 700 χρημάτων
1793 629 1848 682 δὲ
1869 629 2098 700 διαφθα-

507 708 710 779 ρέντες,
747 707 1065 779 προέδωκαν
1107 710 1370 773 πολλάκις
1393 711 1492 782 τὴν
1519 712 1718 782 ψῆφον.
1745 715 1892 766 Ἀνω
1917 713 1975 767 δὲ
2003 715 2094 766 ού-

504 788 595 841 δὲν
625 787 863 842 τοιοῦτόν
895 793 1064 846 ἐστιν·
1092 794 1121 846 6
1146 794 1252 865 γὰρ
1284 794 1417 858 Θεὸς
1435 797 1628 866 κριτὴς
1657 794 1883 860 δίκαιος,
1921 799 2014 851 καὶ
2033 798 2096 851 τὸ

505 876 682 944 κρῖμα
715 873 880 928 αὑτοῦ
921 875 997 940 ὡς
1050 876 1164 947 φῶς
1222 877 1566 942 ἐξελεύσεται
1607 881 1707 933 οῦκ
1759 881 1880 953 ἕχον
1905 882 2095 946 σκότος

505 955 626 1008 οὐδὲ
654 955 897 1026 ἄγνοιαν.
947 960 1065 1012 Ἵνα
1095 960 1204 1032 γὰρ
1263 961 1338 1032 μὴ
1386 961 1540 1035 λέγῃ.
1591 965 1675 1016 ὅτι
1729 964 2093 1036 κατεδικάσθη

508 1040 660 1094 κάτω
695 1041 786 1094 καὶ
819 1043 1143 1115 κατεκρίθη,
1182 1044 1459 1116 ἀνήγαγεν
1494 1046 1661 1099 αὑτὸν
1711 1047 1846 1117 προς
1882 1047 1941 1100 τὸ
1984 1048 2096 1101 ἄνω

508 1127 876 1196 δικαστήριον·
895 1127 1201 1198 ἀνέμνησεν
1224 1129 1434 1182 ἐκείνου
1459 1129 1551 1182 τοῦ
1570 1129 1800 1201 φοϐεροῦ
1829 1131 2093 1202 βήματος,

510 1212 793 1280 μονονουχὶ
823 1210 1018 1280 λέγων·
1056 1213 1204 1266 Ἐκεῖ
1225 1212 1409 1282 βλέπε,
1435 1215 1528 1267 καὶ
1554 1215 1653 1266 οῦκ
1672 1214 1839 1278 οἴσεις
1866 1215 1963 1284 τὴν
1993 1233 2095 1269 κα-

503 1293 1085 1366 τακρίνουσανψῆφον,
1128 1296 1251 1350 οὐδὲ
1289 1300 1463 1369 στήσῃ
1501 1301 1643 1368 μετὰ
1677 1298 1784 1351 τῶν
1817 1301 1966 1354 κάτω
2012 1300 2094 1352 δι-

505 1376 865 1448 εφθαρμένων
895 1377 1120 1449 κριτῶν,
1151 1379 1513 1452 ἀλλ’ἀποδέξῃ
1544 1382 1642 1451 τὴν
1662 1381 1774 1435 ἀνω
1799 1383 2096 1455 γενομένην

506 1460 712 1529 κρίσιν.
749 1457 902 1524 Εἶδες
943 1461 1262 1531 φιλοσοφίαν
1290 1461 1522 1536 λῃστοῦς
1568 1461 1709 1528 εἶδες
1747 1465 1963 1520 σύνεσιν
2003 1468 2098 1522 καὶ

507 1542 882 1609 διδασκαλίαν;
931 1544 1150 1617 Ἀθρόον
1188 1544 1295 1598 ἀπὸ
1311 1546 1403 1599 τοῦ
1439 1547 1672 1618 σταυροῦ
1703 1551 1782 1614 εἰς
1805 1549 1896 1604 τὸν
1928 1550 2097 1623 ούρα-

506 1627 597 1680 νδν
619 1628 980 1699 ἀνεπήδησεν.
1027 1627 1157 1683 Εἶτα
1191 1632 1285 1685 καὶ
1327 1633 1392 1685 ἐκ
1433 1633 1751 1702 περιουσίας
1785 1635 1946 1689 αὑτὸν
1973 1636 2096 1688 ἐπι-

507 1710 800 1782 στομίζων,
830 1714 912 1764 Οὐ
937 1712 1229 1780 δέδοικας,
1261 1717 1447 1786 φησὶν,
1467 1715 1555 1768 ὅτι
1588 1716 1658 1769 ἐν
1681 1714 1760 1782 τῷ
1785 1716 1945 1783 αὐτῷ
1973 1718 2099 1786 κρί-

500 1796 648 1865 ματι
706 1796 901 1864 ἐσμεν;
955 1795 1020 1848 Τί
1057 1796 1223 1860 ἐστιν,
1261 1797 1381 1852 Ὅτι
1434 1799 1506 1852 ἐν
1542 1797 1621 1864 τῷ
1658 1798 1819 1866 αὐτῷ
1860 1801 2098 1870 κρίματι

507 1879 732 1948 ἐσμεν;
765 1878 853 1931 Ἑν
880 1880 946 1949 τῇ
979 1880 1116 1951 αὐτῇ
1151 1879 1392 1936 κολάσει.
1421 1883 1512 1954 Μὴ
1537 1883 1646 1954 γὰρ
1679 1883 1799 1955 οὐχὶ
1823 1886 1915 1938 καὶ
1943 1885 2007 1938 σὺ
2039 1887 2097 1938 ἐν

506 1961 584 2032 τῷ
616 1959 835 2032 σταυρῷ
855 1955 939 2026 εἷς
971 1961 1208 2017 Ἐκεῖνον
1237 1965 1415 2018 τοίνυν
1445 1966 1740 2031 ὀνειδίζων,
1772 1967 1964 2022 ἑαυτὸν
1991 1967 2099 2039 πρὸ

506 2044 716 2099 ἐκείνου
762 2045 1060 2120 προϐάλλῃ.
1105 2047 1316 2120 ’Ὠσπερ
1372 2050 1481 2121 γὰρ
1515 2053 1544 2103 ό
1587 2051 1646 2103 ὲν
1699 2051 2098 2124 ἁμαρτήμασιν

506 2128 603 2190 ὢν,
622 2130 808 2202 ἕτερον
831 2130 1175 2204 κατηγορῶν,
1197 2133 1392 2187 ἑαυτὸν
1419 2135 1522 2206 πρὸ
1543 2135 1755 2188 ἐκείνου
1778 2141 2097 2210 κατηγορεῖ,

507 2211 650 2266 οὕτω
677 2213 771 2265 καὶ¹
802 2214 831 2266 ό
865 2214 922 2268 ἐν
959 2217 1216 2286 συμφορᾷ
1239 2213 1316 2268 ὣν
1345 2219 1438 2270 καὶ
1456 2217 1732 2283 ὀνειδίζων
1764 2221 1938 2292 ἑτέρῳ
1966 2239 2102 2293 συμ-

509 2296 704 2368 φορὰν,
747 2295 896 2369 [407]
945 2298 1135 2352 ἑαυτόν
1172 2299 1278 2372 πρὸ
1308 2301 1518 2355 ἐκείνου
1563 2303 1834 2369 ὀνειδίζει.
1879 2306 2001 2359 Ὅτι
2029 2306 2101 2359 ἐν

506 2381 590 2448 τῷ
621 2381 781 2447 αὑτῷ
810 2383 1048 2452 κρίματι
1087 2385 1276 2456 ἐσμεν.
1332 2385 1717 2442 Ἀποστολικὸν
1747 2389 1898 2457 αὐτῷ
1933 2389 2100 2459 νόμον

507 2463 896 2534 ἀναγινώσκει,
939 2467 1274 2536 εὐαγγελικά
1306 2471 1528 2541 ῥήματα
1564 2471 1816 2540 λέγοντα·
1858 2471 1957 2540 ινὴ
1985 2475 2104 2542 κρί-

507 2549 786 2613 ›·ετε,ἵνα
831 2550 918 2619 μὴ
967 2549 1227 2620 κριθῆτε.
1265 2553 1392 2607 Ὀτι
1429 2555 1500 2607 ἐν·
1529 2552 1608 2620 τῷ
1656 2555 1818 2621 αὑτῷ
1864 2557 2104 2625 κρίματι

511 2635 700 2701 ἐσμεν.
742 2633 806 2685 Τί
855 2635 1052 2700 ποιεῖς,
1102 2627 1148 2687 ὧ
1195 2635 1406 2706 λῃστάς
1464 2635 1916 2708 ἀπολογήσασθαι
1961 2640 2103 2711 ὑπὲρ

509 2714 675 2769 αὑτοῦ
704 2717 1022 2787 ἐπιχειρῶν,
1049 2718 1306 2771 κοινωνὸν
1335 2719 1532 2773 σαυτδν
1575 2722 1840 2793 ἐποίησας
1884 2722 1978 2777 τοῦ
2017 2724 2105 2796 λῃ-

513 2797 674 2864 στοῦ;
714 2799 870 2869 Οὐχὶ,
906 2799 1059 2869 φησί·
1114 2799 1435 2873 διορθοῦμαι
1462 2803 1561 2874 τὴν
1599 2804 1854 2858 ὑπόνοιαν
1898 2805 2104 2878 ταύτην

509 2882 598 2936 διὰ
619 2882 726 2936 τῶν
753 2884 903 2954 ἑξῆς.
941 2884 1056 2938 Ἵνα
1076 2884 1187 2956 γὰρ
1217 2886 1291 2958 μὴ
1319 2887 1407 2939 διὰ
1440 2887 1538 2957 τήν
1568 2889 1857 2942 κοινωνίαν
1891 2889 1994 2961 τῆς
2018 2909 2104 2946 τι-

514 2967 726 3039 μωρίας
754 2968 983 3041 νομίσῃς
1011 2971 1093 3023 ὅτι
1119 2972 1374 3025 κοινωνὸν
1389 2972 1554 3026 αὐτὸν
1577 2974 1800 3044 ἐποίησε
1821 2975 1919 3046 τῆς
1932 2977 2107 3049 ἁμαρ.

509 3050 652 3117 τίας,
686 3052 936 3123 ἐπήγαγε
969 3053 1068 3125 τὴν
1088 3052 1394 3125 διόρθωσιν,
1429 3054 1624 3125 λέγων·
1657 3058 1766 3112 Καὶ
1796 3059 1968 3128 ἡμεῖς
1986 3061 2105 3130 μὲν

514 3135 772 3201 δικαίως·
814 3135 954 3200 ἀξια
1015 3137 1122 3207 γὰρ
1165 3131 1253 3190 ὧν
1300 3137 1646 3209 ἐπράξαμεν
1695 3145 2099 3210 πεπόνθαμεν.

513 3213 666 3280 Εἶδες
699 3218 1087 3290 ἐξομολόγησιν
1129 3221 1579 3294 ἀπηρτισμένην;
1619 3218 1759 3289 εἶδες
1792 3226 1910 3290 πῶς
1943 3228 2002 3281 ἐν
2025 3227 2106 3300 τῷ

519 3301 735 3375 σταυρῷ
757 3303 827 3357 τά
854 3304 1230 3375 ἁμαρτήματα
1265 3305 1597 3372 ἀπεδύσατος
1617 3308 1768 3380 Λέγε
1785 3312 1914 3382 γὰρ,
1946 3314 2103 3383 φησι,

520 3386 593 3437 τὺ
622 3389 730 3452 τὰς
759 3387 1048 3455 ἁμαρτίας
1074 3403 1192 3440 σου
1230 3388 1483 3455 πρῶτος.
1515 3391 1615 3445 ἵνα
1637 3391 1976 3462 δικαιωθῇς.
1997 3395 2106 3448 Οὑ-

515 3469 623 3533 5:1;
650 3470 780 3538 ἡνά]
797 3486 984 3532 κασεν,
1025 3470 1198 3531 οὐδεὶς
1243 3471 1522 3540 ἐϐιάσατο,
1564 3474 1681 3528 ἀλλ’
1719 3477 1882 3542 αὐτὸς
1913 3479 2105 3536 ἑαυτὸν

513 3552 942 3621 ἑξεπόμπευσεν,
976 3551 1165 3606 εἰπών·
1191 3553 1304 3607 Καὶ
1329 3555 1503 3623 ἡμεῖς
1526 3555 1645 3626 μὲν
1674 3557 1939 3627 δικαίως·
1967 3561 2107 3624 ἀξια

512 3637 625 3705 γὰρ
653 3629 742 3687 ὧν
767 3635 1142 3704 ἐποιήσαμεν
1162 3638 1568 3707 πεπόνθαμεν·
1609 3637 1790 3709 οὗτος
1829 3641 1898 3696 δὲ
1923 3644 2108 3698 οὐδὲν

514 3720 787 3788 πονηρόν
818 3720 1089 3788 ἐποίησε.
1109 3721 1217 3774 Καὶ
1241 3721 1380 3792 μετά
1399 3722 1575 3776 ταῦτά
1598 3741 1750 3797 φησι·
1785 3728 2106 3798 Μνήσθητί

506 3821 650 3874 μου,
690 3805 888 3872 Κύριε,
929 3804 1000 3857 ἐν
1027 3803 1102 3873 τῇ
1137 3805 1430 3876 βασιλείᾳ
1481 3824 1619 3865 σου.
1676 3810 1789 3864 Οὐκ
1835 3812 2104 3884 ἐτόλμησε

513 3887 784 3960 πρότερον
822 3889 1021 3954 εἰπεῖν,
1054 3889 1380 3958 Μνήσθητί
1433 3909 1553 3959 μου
1599 3891 1672 3946 ἐν
1712 3893 1787 3963 τῇ
1811 3895 2104 3964 βασιλείᾳ

512 3988 651 4036 σου,
681 3971 787 4036 ἕως
823 3973 912 4026 ὅτε
955 3973 1044 4026 διά
1081 3976 1181 4045 τῆς
1228 3973 1671 4048 ἐξομολογήσεως
1711 3980 1944 4035 ἀπέθετο
1996 3982 2105 4037 τῶν

512 4056 799 4126 ἁμαρτιῶν
821 4055 882 4108 τὸ
909 4057 1148 4128 φορτίον.

583 4137 748 4209 Ὁρᾷς
774 4138 940 4193 πόσον
969 4140 1120 4194 ἐστὶν
1152 4140 1569 4216 ἐξομολόγησιςς
1595 4140 1939 4218 Ἐξωμολογή
1950 4165 2102 4212 σατο,

513 4222 730 4278 καὶτὸν
782 4222 1108 4294 παράδεισον
1164 4224 1402 4294 ήνέῳξεν
1423 4243 1436 4256 ·
1487 4226 1960 4300 ἑξωμολογήσατο,
2009 4233 2104 4286 καὶ

512 4307 828 4377 παρρησίαν
844 4307 1002 4360 ἔλαϐε
1030 4308 1318 4378 τοσαύτην,
1335 4311 1410 4374 ὼς
1426 4310 1535 4364 ἀπὸ
1551 4311 1807 4384 λῃστείας
1826 4313 2104 4384 βασιλείαν

513 4390 753 4459 αἰτῆσαι.
775 4391 936 4462 Ὁρᾷς
953 4391 1136 4445 πόσων
1181 4392 1403 4461 ἀγαθῶν
1435 4397 1570 4464 ἡμῖν
1589 4395 1762 4460 αἴτιος
1785 4399 1812 4450 ό
1834 4399 2064 4470 σταυρός
2085 4418 2100 4467 ;

513 4473 801 4553 βασιλείας
839 4475 1144 4545 μέμνησαι;
1171 4477 1236 4530 Τί
1267 4478 1375 4549 γὰρ
1396 4479 1530 4549 ὁρᾷς
1558 4479 1958 4543 τοιοῦτον,είπέ
1976 4501 2100 4553 μοι;

515 4549 678 4610 Ἷιλοι
721 4557 815 4610 καὶ
849 4557 1082 4629 σταυρὸς
1121 4558 1191 4611 τὰ
1220 4559 1502 4631 ὁρώμενα·
1540 4561 1654 4615 ἀλλ’
1685 4564 1849 4627 αὐτὸς
1893 4549 2047 4629 οὗτος

523 4639 778 4709 σταυρὸς,
808 4642 962 4710 φησὶ,
976 4641 1073 4711 τῆς
1091 4642 1368 4712 βασιλείας
1393 4644 1509 4697 ἐστὶ
1526 4645 1814 4715 σύμϐολον.
1831 4647 1930 4703 Διά
1946 4650 2103 4705 τοῦτο

517 4723 575 4776 δὲ
609 4724 768 4777 αὑτὸν
802 4723 1030 4794 βασιλέα
1081 4725 1252 4791 καλῶ,
1287 4727 1474 4798 ἐπειδὴ
1520 4728 1701 4796 βλέπω
1737 4731 1903 4786 αὐτὸν
1935 4750 2102 4787 σταυ-

518 4807 802 4880 ρούμενον·
841 4807 1106 4878 βασιλέως
1156 4808 1265 4881 γάρ
1296 4810 1412 4862 ἐστι
1453 4809 1511 4864 τὸ
1540 4811 1682 4882 ὑπὲρ
1722 4813 1830 4866 τῶν
1869 4815 2103 4888 ἀρχομέ-

513 4911 621 4946 νων
652 4893 1036 4963 ἁποθνήσκειν.
1077 4893 1250 4956 Ᾱύτος
1271 4893 1336 4946 δι’
1360 4894 1552 4947 ἑαυτοῦ
1580 4891 1752 4950 εἶπεν·
1793 4897 1846 4950 '0
1874 4901 2104 4970 ποιμὴν

513 4979 549 5030 ὁ
582 4978 769 5042 καλὸς
788 4976 904 5046 τὴν
927 4981 1139 5046 ψυχὴν
1166 4976 1353 5031 αὑτοῦ
1380 4978 1787 5047 τίθησινῠπὲρ
1817 4979 1935 5035 τῶν
1959 4998 2105 5051 προ-

515 5060 727 5115 ϐάτων.
769 5062 976 5115 Οὐκοῦν
1035 5065 1128 5116 καὶ
1169 5065 1197 5114 6
1233 5061 1482 5131 βασιλεὺς
1519 5065 1546 5116 6
1592 5063 1757 5128 καλὸς
1798 5064 1894 5136 τὴν
1923 5066 2104 5138 ψυχὴν

512 5143 681 5200 αὑτοῦ
721 5144 932 5213 τίθησιν
961 5146 1101 5214 ὑπὲρ
1143 5144 1252 5198 τῶν
1301 5146 1639 5217 ἀρχομένων.
1687 5147 1837 5202 Ἐπεὶ
1871 5145 1962 5203 οῦν
2001 5151 2103 5223 τὴν

512 5228 692 5298 ψυχὴν
719 5226 886 5281 αὑτοῦ
917 5227 1134 5299 ἔθηκεν,
1179 5227 1267 5282 διὰ
1295 5229 1456 5282 τοῦτο
1483 5229 1644 5283 αὐτὸν
1669 5230 1896 5300 βασιλέα
1925 5233 2099 5287 καλῶ.

511 5311 830 5379 Μνήσθητί
853 5327 991 5378 μου,
1025 5312 1220 5377 Κύριε,
1245 5312 1314 5364 ἐν
1336 5312 1410 5380 τῇ
1427 5314 1719 5380 ,ϐασιλείᾳ
1748 5331 1886 5369 σου.

582 5395 647 5451 δ’.
685 5391 838 5458 Εἶδες
877 5393 992 5457 πῶς
1031 5395 1126 5447 καὶ
1165 5394 1439 5463 βασιλείας
1475 5399 1503 5450 ό
1531 5398 1763 5470 σταυρὸς
1799 5397 2098 5470 σύμϐολον;

512 5478 690 5550 Βοόιλῃ
720 5479 811 5531 καὶ
837 5477 1100 5550 ἑτέρωθεν
1125 5477 1281 5531 τοῦτο
1313 5479 1536 5547 μαθείν;
1567 5483 1680 5534 Ούκ
1703 5481 1915 5552 ἀφῆκεν
1937 5484 2101 5538 αὑτὸν

513 5559 654 5618 εἶναι
689 5563 782 5616 ἐπὶ
806 5563 905 5631 τῆς
934 5563 1057 5630 γῆς,
1082 5561 1196 5615 ἀλλ’
1219 5561 1523 5617 ἀνέσπασεν
1556 5565 1738 5626 αὐτὸν,
1771 5567 1865 5619 καὶ
1898 5568 1978 5630 είς
2009 5568 2100 5622 τὸν

515 5645 747 5718 οὐρανὸν.
785 5647 1048 5716 ἀνήγαγε.
1097 5643 1267 5698 Πόθεν
1307 5644 1466 5699 τοῦτο
1497 5647 1689 5717 δῆλον;
1718 5649 1938 5721 Ἐπειδὴ
1980 5652 2099 5722 μετ’

518 5728 681 5782 αὐτοῦ
707 5729 890 5799 μέλλει
921 5728 1173 5801 ἔρχεσθαι
1196 5729 1254 5782 ἐν
1293 5733 1357 5801 τῇ
1387 5731 1619 5802 δευτέρᾳ⁴
1653 5734 1747 5786 καὶ
1777 5735 1970 5804 ἐνδόξῳ
2004 5739 2102 5790 αὺ-

515 5808 613 5864 τοῦ
658 5811 962 5884 παρουσία,
1012 5813 1101 5866 ἴνα
1153 5812 1330 5886 μάθῃς
1381 5815 1496 5890 πῶς
1544 5815 1738 5886 σεμνὸν
1789 5818 2020 5888 πρᾶγμα
2066 5823 2094 5874 6

521 5891 774 5964 σταυρὸς,
820 5893 902 5948 διὸ
947 5893 1230 5961 καὶδόξαν
1271 5895 1432 5952 αὑτὸν
1472 5896 1750 5956 ἐκάλεσεν.
1800 5899 1938 5954 Ἀλλ’
1971 5901 2092 5956 ἴδω-

1226 339 1285 397 S.
1321 341 1610 399 JOANNIS
1645 341 2132 400 CHRYSOSTOMI
2171 342 2493 401 ARCHIEP.
2536 344 3086 402 CONSTANTINOP.

3662 351 3758 408 ιοι

2203 479 2305 532 μεν
2338 460 2456 526 πῶς
2488 462 2626 534 μετά
2665 464 2758 518 τοῦ
2793 464 3027 536 σταυροῦ
3065 465 3301 535 ἔρχεται·
3345 465 3633 533 ἀναγκαῖον
3661 467 3760 540 γὰρ

2197 546 2561 615 ἐπαναγαγεῖν
2603 547 2701 618 τὴν
2743 547 3038 612 ἀπόδειξιν.
3097 548 3230 601 Ἐὰν
3271 549 3480 602 εἴπωσι
3504 589 3518 611 ,
3567 550 3760 621 φησὶν,

2196 629 2328 682 ἰδοὺ
2351 629 2422 682 ἐν
2451 631 2580 698 τοῖς
2611 633 2873 701 ταμείοις
2899 631 3070 685 ἐστὶν
3097 635 3128 685 ό
3161 632 3438 699 Χριστὸς,
3465 632 3589 688 ἰδοὺ
3608 634 3673 687 ἐν
3693 635 3761 703 τῇ

2195 707 2391 776 ἐρήμῳ
2413 709 2566 770 ἐστὶ,
2593 709 2680 779 μὴ
2719 709 3038 778 ἀπέλθητε·
3087 712 3214 780 περὶ
3256 712 3355 780 τῆς
3392 712 3644 782 δευτέρας
3671 714 3762 766 αύο

2195 791 2288 846 τοῦ
2345 793 2650 864 παρουσίας
2701 793 2872 862 λέγων
2913 793 3015 862 τῆς
3057 794 3266 860 ἐνδόξου
3299 794 3388 848 διὰ
3429 797 3555 859 τοὺς
3583 796 3762 865 ψευδο·

2197 875 2479 946 χρίστους,
2534 877 2621 929 διά
2667 877 2795 940 τοὺς
2820 877 3308 948 ψευδοπροφήτας,
3352 879 3439 932 διὰ
3478 878 3570 933 τὸν
3603 879 3764 932 Ἄντί-

2197 979 2434 1032 χριστον,
2460 961 2546 1014 ἵνα
2574 961 2645 1032 μή
2665 979 2746 1024 τις
2767 961 3060 1033 πλανηθεὶς
3086 962 3278 1033 ἐκείνῳ
3298 963 3588 1035 περιπέσῃ.
3607 965 3764 1018 Ἐπει-

2197 1044 2260 1116 δὴ
2298 1045 2405 1114 γὰρ
2441 1044 2546 1117 πρὸ
2573 1044 2666 1098 τοῦ
2698 1044 2933 1118 Χριστοῦ
2967 1049 2994 1098 ό
3029 1046 3393 1116 Ἀντίχριστος
3421 1047 3655 1117 ἔρχεται,
3687 1048 3766 1101 ἵνα

2202 1127 2275 1198 μὴ
2314 1127 2493 1198 ζητῶν
2527 1147 2611 1192 τις
2650 1129 2741 1182 τὸν
2779 1128 3011 1200 ποιμένα
3049 1129 3126 1200 τῷ
3168 1128 3316 1200 λύκῳ
3349 1130 3640 1204 περιπέσῃ,
3685 1130 3766 1184 διὰ

2196 1209 2357 1262 τοῦτό
2396 1228 2476 1264 σοι
2514 1211 2658 1279 λέγω
2695 1211 2982 1284 γνώρισμα
3013 1211 3115 1281 τῆς
3141 1212 3235 1265 τοῦ
3275 1214 3532 1283 ποιμένος
3571 1231 3768 1282 παρου-

2201 1292 2340 1355 σίας.
2385 1293 2598 1364 Ἐπειδὴ
2629 1295 2798 1368 γάρή
2841 1295 3030 1367 πρώτη
3071 1293 3239 1349 αὑτοῦ
3272 1297 3542 1366 παρουσία
3582 1296 3767 1350 λανθά-

2197 1393 2367 1431 νουσα
2403 1377 2647 1446 γέγονεν,
2690 1380 2778 1434 ἵνα
2819 1381 2892 1450 μὴ
2937 1380 3187 1452 νομίσῃς,
3226 1382 3308 1434 ὅτι
3351 1381 3443 1433 καὶ
3487 1382 3521 1450 ἡ
3549 1380 3768 1451 δευτέρα

2197 1459 2419 1531 τοιαύτη
2447 1462 2672 1529 γίνεται,
2715 1463 2873 1516 τοῦτο
2901 1464 3098 1517 δέδωκε
3133 1463 3194 1516 τὸ
3223 1465 3467 1534 σημεῖον.
3504 1462 3648 1533 Λῦτη
3677 1463 3768 1532 μὲν

2198 1543 2310 1613 γὰρ
2329 1543 2662 1599 λανθάνουσα
2699 1547 2923 1610 εἰκότως
2944 1549 3192 1616 γέγονεν·
3218 1543 3349 1618 ἦλθε
3377 1548 3492 1618 γὰρ
3511 1545 3684 1616 ζητῶν
3711 1547 3768 1598 τὸ

2199 1628 2493 1693 ἀπολωλός·
2539 1631 2722 1700 ἐκείνη
2768 1630 2824 1684 δὲ
2862 1630 2959 1700 οὐχ
2997 1630 3202 1694 οῶως·
3247 1630 3382 1684 ἀλλά
3431 1631 3580 1694 πῶς,
3619 1631 3770 1691 alti;

2201 1712 2426 1782 Ὥσπερ
2455 1715 2565 1782 γὰρ
2582 1713 2889 1782 ἐξέρχεται
2916 1713 2953 1779 ἡ
2981 1711 3262 1781 ἀστραπὴ
3289 1713 3406 1767 ἀπὸ
3442 1711 3766 1773 ἀνατολῶν,

2199 1797 2295 1849 καί
2311 1797 2580 1865 φαίνεται
2601 1796 2711 1862 ἕως
2731 1793 2999 1864 δυσμῶν,
3028 1795 3211 1861 οὕτως
3235 1796 3405 1849 ἕσται
3454 1794 3554 1848 καὶ
3575 1789 3613 1857 ἡ
3639 1808 3771 1859 παρ-

2199 1881 2380 1934 ουσία
2427 1881 2533 1934 τσῦ
2578 1880 2712 1934 Υίοῦ
2774 1881 2881 1934 τοῦ
2935 1877 3268 1946 ἀνθρώπου.
3336 1877 3555 1947 Ἀθρόον
3587 1877 3772 1930 ’ἅπασι

2201 1965 2520 2034 φανήσεται,
2555 1965 2650 2018 καὶ
2678 1965 2738 2016 ού
2771 1963 3020 2032 δεήσεται
3048 1962 3220 2024 οὐδεὶς
3246 1960 3542 2032 ἐρωτῆσαι,
3571 1959 3679 2011 είτε
3700 1959 3774 2010 ἑν-

2198 2047 2392 2112 ταῦθα,
2417 2047 2527 2100 εἴτε
2551 2049 2666 2100 ἐκεῖ
2693 2045 2844 2118 [408]
2872 2049 2899 2098 ό
2917 2045 3170 2118 Χριστός.
3206 2046 3418 2115 Ὥσπερ
3443 2043 3555 2117 γὰρ
3580 2044 3773 2113 ἀστρα-

2201 2131 2311 2200 πῆς
2360 2131 2692 2202 φαινομένης
2725 2132 2786 2184 οῦ
2832 2131 3062 2202 δεόμεθα
3110 2128 3381 2195 ἐξετάζειν
3436 2129 3486 2181 εί
3539 2128 3775 2196 ἐγένετο·

2199 2215 2342 2268 οὕτω
2373 2215 2474 2285 τῆς
2515 2214 2813 2286 παρουσίας
2842 2214 3133 2285 γινομένης
3172 2212 3265 2266 τοῦ
3296 2210 3557 2284 Χριστοῦ,
3592 2211 3651 2264 ού
3674 2210 3775 2262 δεό-

2205 2300 2345 2370 μεθα
2385 2300 2678 2366 ἐξετάζειν,
2713 2300 2762 2352 εί
2805 2300 3139 2372 παρεγένετο
3169 2300 3198 2352 ό
3235 2297 3496 2368 Χριστός.
3538 2293 3697 2350 Ἀλλά
3720 2293 3779 2346 τὸ

2203 2384 2554 2456 ζητούμενον,
2580 2386 2628 2436 εί
2658 2384 2796 2456 μετά
2820 2383 3053 2455 σταυροῦ
3080 2383 3316 2453 ἔρχεται·
3346 2381 3421 2452 μὴ
3450 2379 3560 2450 γὰρ
3586 2378 3649 2450 δή
3674 2380 3776 2430 ἐπιο

2201 2469 2493 2541 λαθώμεθα
2537 2469 2639 2540 τῆς
2695 2469 3060 2540 ὑποσχέσεως.
3130 2469 3396 2520 Ἄκουσον
3446 2464 3628 2518 τοίνυν
3678 2461 3777 2516 τῶν

2205 2552 2348 2624 ἑξῆς.
2380 2554 2540 2616 τότε,
2572 2552 2727 2625 φησί·
2752 2553 2896 2616 τότε,
2927 2553 3092 2619 πότε;
3120 2550 3308 2605 Ὅταν
3323 2550 3572 2620 ἔρχηται
3592 2551 3623 2601 ὀ
3657 2546 3778 2610 Υἱὸς

2205 2638 2312 2692 τοῦ
2331 2638 2668 2705 ἀνθρώπου,
2698 2640 2731 2691 d
2766 2637 2938 2705 ἥλιος
2969 2634 3460 2703 σκοτισθήσεται,
3495 2631 3593 2684 καὶ
3619 2633 3656 2699 ἠ
3679 2644 3776 2688 σεο

2204 2720 2363 2789 λήθη
2395 2724 2466 2775 οὐ
2507 2719 2686 2774 δώσει
2741 2719 2806 2774 τὸ
2851 2719 3069 2790 φέγγος
3113 2718 3325 2786 αὐτῆς.
3378 2718 3630 2788 Τοσαύτη
3678 2714 3778 2786 γὰρ

2205 2805 2360 2860 ἔσται
2391 2805 2487 2858 τοῦ
2517 2806 2695 2874 φωτὸς
2725 2805 2844 2858 τότε
2869 2805 2902 2875 ή
2933 2801 3227 2874 ὑπερϐολὴ,
3255 2803 3330 2865 ὡς
3358 2801 3454 2854 καὶ
3472 2802 3539 2855 τά
3568 2799 3782 2870 φαιδρό-

2204 2905 2342 2942 τατα
2375 2889 2552 2960 ἄστρα
2588 2887 2986 2958 ἀποκρυϐἦναι.
3029 2886 3164 2939 Τότε
3198 2885 3296 2938 καὶ
3329 2886 3382 2938 οἱ
3414 2884 3666 2951 ἀστέρες
3692 2899 3780 2934 πε-

2207 2970 2479 3037 σοῦνται,
2519 2973 2654 3025 τότε
2695 2971 2762 3024 τὸ
2813 2969 3066 3039 σημεῖον
3100 2966 3438 3038 φανήσεται
3492 2967 3598 3021 τοῦ
3653 2965 3783 3019 Υιοῡ

2207 3055 2313 3110 τοῦ
2345 3057 2657 3123 ἀνθρώπου
2699 3056 2770 3109 ὲν
2805 3051 2881 3119 τῷ
2921 3050 3174 3120 οἰιρανῷ.
3228 3047 3380 3115 Εἶδες
3435 3051 3580 3120 πόση
3621 3048 3782 3121 ἀρετὴ

2205 3139 2300 3194 τοῦ
2333 3139 2562 3211 σημείου
2591 3138 2683 3194 τοῦ
2725 3137 2997 3207 σταυροῦ;
3051 3138 3110 3189 '0
3155 3135 3306 3207 ἥλιος
3353 3134 3782 3206 σκοτισθήσεται,

2205 3223 2301 3279 καὶ
2335 3225 2368 3294 ή
2409 3223 2606 3294 σελήνη
2655 3222 2714 3276 ού
2763 3221 3083 3292 φανήσεται·
3134 3220 3310 3272 ἐκεῖνο
3350 3218 3408 3271 δὲ
3460 3217 3664 3288 λάμπει
3695 3215 3783 3268 καὶ

2207 3307 2405 3377 φαίνει,
2441 3306 2529 3359 ἵνα
2557 3305 2735 3379 μάθῃς
2762 3305 2844 3358 ὅτι
2868 3304 2964 3358 καὶ
3011 3302 3160 3375 ἡλίου
3191 3302 3283 3356 καὶ
3313 3299 3547 3373 σελήνης
3577 3299 3782 3370 φαιδρό-

2206 3407 2382 3462 τερον.
2424 3391 2534 3444 Καὶ
2563 3389 2814 3460 καθάπερ
2849 3387 3110 3458 βασιλέως
3134 3387 3213 3450 είς
3239 3385 3394 3440 πόλιν
3434 3385 3716 3447 εἰσιόντος.
3736 3384 3783 3436 οἱ

2209 3474 2536 3546 στρατιῶται
2567 3473 3041 3544 προλαμϐάνοντες
3069 3471 3138 3524 τὰ
3179 3471 3446 3541 λεγόμενα
3489 3469 3664 3539 σίγνα,
3696 3467 3784 3538 βα-

2209 3557 2494 3622 στάζουσιν
2513 3557 2606 3609 ὲπὶ
2631 3556 2741 3610 τῶν
2775 3555 2942 3626 ὤμων
2973 3555 3174 3617 αὐτῶν,
3211 3553 3673 3624 προαγγέλλοντες
3692 3552 3783 3621 τήν

2207 3641 2411 3696 εἴσοδον
2434 3639 2620 3693 αὐτοῦ·
2648 3639 2791 3694 οῦτω
2821 3639 2913 3693 καὶ
2939 3639 3032 3693 τοῦ
3056 3640 3260 3710 Κυρίου
3285 3637 3570 3702 κατιόντος
3601 3640 3663 3691 ἐκ
3684 3636 3784 3689 τῶν

2206 3724 2454 3798 οὐρανῶν
2479 3723 2896 3796 προέρχεταιτά
2933 3722 3267 3794 στρατόπεδα
3290 3721 3399 3774 τῶν
3430 3721 3680 3790 ἀγγέλων
3700 3719 3788 3772 καὶ

2207 3807 2592 3881 ἀρχαγγέλων,
2641 3807 2704 3860 τὸ
2747 3810 2968 3877 σημεῖον
3017 3808 3193 3858 ἐκεῖνο
3235 3804 3500 3876 φέροντες
3550 3803 3641 3856 ἐπὶ
3686 3800 3784 3854 τῶν

2207 3892 2393 3964 ὤμων,
2423 3892 2515 3946 καὶ
2550 3890 2646 3962 τὴν
2680 3889 2963 3961 βασιλικὴν
2997 3888 3156 3942 αὐτοῦ
3189 3887 3390 3941 εἴσοδον
3416 3885 3783 3956 ἀπαγγέλλον-

2149 3957 2173 3973 ’
2204 3957 2296 4041 τες
2331 3978 2483 4048 ἡμῖν.
2544 3957 2691 4029 Τότε
2717 3957 3204 4041 σαλευθήσονται
3257 3973 3316 4024 αι
3358 3969 3648 4039 δυνάμεις
3675 3968 3785 4020 τῶι·

2206 4059 2502 4128 οὐρανῶν,
2539 4059 2669 4130 περὶ¹
2701 4058 2809 4111 τῶν
2845 4057 3090 4126 ἀγγέλων
3133 4054 3285 4127 φησί·
3329 4055 3536 4126 τρόμος
3567 4053 3783 4124 λήψεται

2205 4145 2402 4209 αὐτοὺς
2427 4144 2550 4197 τότε
2587 4144 2681 4196 καὶ
2713 4142 2874 4210 φόϐος
2904 4141 3088 4206 πολύς.
3122 4141 3231 4194 Καὶ
3261 4138 3404 4202 τίνος
3439 4139 3645 4203 ἕνεκεν,
3671 4135 3782 4189 εἰπέ

2209 4246 2327 4301 μοι;
2362 4228 2593 4300 Φοϐερὸν
2618 4227 2769 4280 ἔσται
2799 4225 2860 4280 τὸ
2892 4226 3238 4295 δικαστήριον
3261 4224 3459 4276 ἐκεῖνο·
3495 4224 3644 4275 πᾶσα
3680 4221 3781 4301 γὰρ

2206 4300 2363 4384 ἡμῶν
2395 4314 2426 4382 ἡ
2459 4311 2620 4380 φύσις
2665 4309 2846 4381 μέλλει
2883 4309 3159 4381 κρίνεσθαι
3192 4308 3287 4361 καὶ
3315 4300 3782 4378 παρίστασθαιτῷ

2207 4395 2426 4467 φοϐερῷ
2461 4395 2713 4465 δικαστῇ.
2761 4392 2918 4456 Τίνος
2958 4387 3051 4445 οὖν
3079 4392 3264 4446 ’ἐνεκεν
3292 4391 3342 4442 οἱ
3373 4388 3599 4458 ἄγγελοι
3625 4387 3782 4442 δεδοί-

2207 4497 2336 4535 κασι
2360 4479 2454 4532 καὶ
2488 4479 2799 4547 φρίττουσιν
2827 4494 2842 4544 ;
2873 4476 2934 4528 οὐ
2967 4476 3074 4545 γὰρ
3127 4475 3326 4528 ἐκεῖνοι
3373 4472 3634 4542 μέλλουσι
3665 4470 3781 4542 κρί-

2206 4561 2412 4617 νεσθαι.
2449 4561 2716 4630 Καθάπερ
2757 4559 2866 4629 γὰρ
2909 4559 3167 4629 ἄρχοντος
3210 4555 3545 4620 δικάζοντος,
3587 4555 3702 4624 οὐχὶ
3736 4550 3783 4604 οἱ

2205 4645 2498 4698 ὑπεύθυνοι
2527 4645 2708 4713 μόνον,
2739 4641 2876 4696 ἀλλά
2905 4643 2997 4696 καὶ
3029 4643 3076 4695 οἱ
3125 4640 3226 4710 τῆς
3275 4639 3504 4704 τάξεως,
3542 4640 3590 4692 οί
3627 4636 3780 4708 μηδὲν

2207 4731 2422 4792 ἑαυτοῖς
2471 4729 2773 4789 συνειδότες
2810 4726 3080 4778 δεδοίκασι
3126 4725 3221 4778 καὶ
3271 4725 3554 4794 φρίττουσι
3583 4723 3669 4776 διά
3699 4720 3780 4774 τὸν

2207 4815 2368 4885 φόϐον
2397 4813 2489 4865 τοῦ
2527 4809 2799 4865 δικαστοῦ·
2830 4809 2971 4863 οὕτω
3013 4809 3104 4862 καὶ
3131 4809 3272 4873 τότε,
3311 4808 3408 4874 τῆς
3447 4807 3662 4877 φύσεως
3691 4805 3782 4872 τῆς
3819 4814 3824 4820 ·

2206 4896 2482 4969 ἡμετέρας
2510 4891 2855 4965 κρινομένης,
2891 4893 2986 4944 καὶ
3021 4893 3070 4944 οἱ
3115 4891 3277 4962 μηδὲν
3316 4892 3528 4953 ἑαυτοῖς
3559 4885 3781 4942 συνειδό-

2204 4998 2294 5045 τες
2329 4978 2549 5049 ἄγγελοι
2587 4978 2857 5030 δεδοίκασι
2885 4976 2973 5030 διὰ
3015 4975 3110 5047 τὴν
3138 4973 3441 5046 ὑπερϐολὴν
3472 4972 3567 5026 τοῦ
3623 4969 3780 5040 φόϐου
3824 5045 3826 5052 ξ

2204 5064 2298 5118 τοῦ
2329 5060 2602 5117 δικαστοῦ.
2652 5060 2811 5114 Ἀλλά
2847 5059 2936 5112 διὰ
2963 5060 3015 5112 τί
3049 5063 3076 5112 ὁ
3112 5058 3344 5128 σταυρὸς
3367 5058 3613 5126 φαίνεται
3645 5056 3780 5114 τότε,

2207 5149 2302 5202 καὶ
2334 5147 2420 5199 διὰ
2443 5145 2494 5198 τί
2532 5145 2670 5214 έχων
2708 5144 2870 5197 αὑτὸν
2901 5143 3152 5214 ἕρχεται;
3198 5143 3316 5195 Ἵνα
3349 5141 3562 5211 μάθωσι
3583 5138 3678 5208 τὴν
3706 5136 3780 5189 οξ-

2206 5231 2360 5285 κείαν
2395 5227 2574 5282 αὐτῶν
2617 5227 3010 5296 ἀγνωμοσύνην
3052 5229 3099 5278 οἱ
3142 5223 3558 5297 σταυρώσαντες
3605 5220 3779 5280 αὑτὸν,

2206 5316 2294 5369 διὰ
2328 5312 2485 5367 τοῦτο
2513 5311 2643 5364 αὐτὸ
2670 5311 2731 5362 τὸ
2769 5310 3036 5380 σύμϐολον
3064 5310 3160 5380 τῆς
3187 5307 3572 5380 ἀναισχυντίας
3611 5301 3782 5358 αὐτῶν

2206 5399 2465 5454 δείκνυσι.
2497 5397 2606 5450 Καὶ
2627 5396 2709 5447 ὅτι
2739 5393 2824 5446 διὰ
2856 5391 3013 5445 τοῦτο
3045 5392 3204 5446 αὐτὸν
3236 5393 3410 5463 φέρει,
3439 5392 3668 5444 ἄκουσον
3693 5384 3781 5475 τοῦ

2208 5482 2487 5553 προφήτου
2525 5478 2794 5546 λέγοντος·
2845 5477 2980 5530 Τότε
3027 5479 3321 5544 κόψονται
3370 5477 3428 5529 αἱ
3461 5471 3647 5541 φυλαὶ
3682 5471 3783 5553 τῆς

2203 5549 2341 5637 τῆς,
2358 5549 2651 5634 βλέπουσαι
2675 5561 2766 5614 τὸν
2789 5563 3112 5631 κατήγορον,
3133 5560 3227 5612 καὶ
3250 5556 3703 5626 ὲπιγινὼσκουσαι
3727 5549 3783 5602 τὸ

2206 5649 2530 5721 ἁμάρτημα.
2572 5646 2682 5700 Καὶ
2713 5644 2764 5697 τί
2796 5642 3117 5714 θαυμάζεις,
3158 5644 3206 5694 εἰ
3232 5642 3322 5694 τὸν
3357 5639 3587 5730 σταυρὸν
3610 5637 3783 5730 φέρων

2205 5719 2449 5806 ἔρχεται,
2493 5733 2627 5784 ὅπου
2659 5746 2722 5796 γε
2770 5727 2862 5780 καλ⁵
2909 5726 3050 5779 αὐτὰ
3089 5726 3157 5779 τά
3195 5726 3483 5797 τραύματα
3513 5722 3632 5774 τότε
3678 5719 3782 5769 85i-

2208 5804 2417 5870 κνυσιν·
2453 5815 2740 5882 Ὄψονται
2771 5811 2899 5880 γὰρ,
2925 5811 3110 5880 φησὶν,
3142 5813 3228 5877 εἱς
3254 5809 3325 5863 ὃν
3353 5804 3783 5874 ἐξεκὲιιτησιινε

2204 5899 2474 5970 Καθάπερ
2496 5896 2604 5968 γὰρ
2628 5897 2721 5950 ἐπὶ
2742 5895 2832 5950 τοῦ
2857 5897 3029 5968 θωμᾶ
3053 5894 3298 5968 ἐποίησε,
3321 5892 3638 5971 βουλόμενος
3660 5887 3782 5941 ἀπι-
