4100 6434
406 387 510 443 105

401 500 763 574 dimittuntur,
792 515 846 564 et
884 507 1087 566 innoxii
1128 511 1438 572 afﬁciuntur
1465 519 1746 592 supplicio.
1779 523 1992 582 Etenim

397 592 627 662 judiees,
648 597 812 654 velint
841 599 1028 668 nolint,
1056 602 1110 659 in
1130 605 1314 663 multis
1339 619 1591 678 peccant;
1620 612 1882 685 siquidem
1912 617 1996 673 vel

398 683 490 755 jus
516 685 822 757 ignorantes
849 701 904 748 et
931 692 1162 766 decepti,
1194 698 1276 754 vel
1320 701 1468 770 gnari
1507 683 1746 774 quidem,
1779 706 1873 762 sed
1899 725 1995 777 pe-

404 779 566 838 cunia
589 786 825 854 corrupti
848 801 1036 843 verum
1066 790 1328 846 calculum
1351 793 1722 864 prodiderunt.
1753 799 1998 870 Superne

401 879 581 927 autem
625 888 783 931 secus
813 893 829 932 :
861 877 1004 933 Deus
1046 881 1189 935 enim
1224 881 1389 952 judex
1427 885 1623 956 justus,
1654 900 1708 944 et
1738 890 1996 959 judicium

402 977 522 1032 ejus
545 966 697 1035 quasi
724 967 811 1022 lux
840 971 1163 1040 egredietur,
1190 990 1297 1030 non
1329 977 1585 1044 tenebris,
1618 995 1722 1035 non
1751 981 1998 1053 ignoran-

405 1055 478 1108 tia
508 1055 934 1115 ohscurantibus.
983 1063 1189 1118 Etenim
1216 1081 1283 1120 ne
1307 1066 1542 1135 diceret,
1571 1086 1695 1126 cum
1726 1073 1860 1128 infra
1897 1074 1996 1129 da-

408 1156 646 1205 mnatum
688 1149 872 1218 fuisse,
901 1154 968 1208 ad
996 1171 1288 1226 supernum
1323 1161 1550 1218 tribunal
1578 1164 1727 1220 illum
1755 1167 1990 1234 deduxit,

405 1240 820 1297 commonefecit
848 1243 992 1301 illius
1017 1245 1268 1304 horrendi
1299 1251 1614 1322 tribunalis;
1659 1271 1722 1313 ac
1763 1258 1807 1313 si
1847 1258 1996 1314 dice-

407 1341 533 1385 ret:
565 1331 643 1388 Eo
689 1337 896 1407 respice
919 1381 935 1406 ,
973 1356 1073 1395 nec
1112 1341 1468 1400 damnationis
1511 1347 1774 1404 calculum
1817 1351 1995 1420 feres,

405 1437 580 1495 neque
608 1427 744 1483 infra
775 1432 943 1488 stabis
977 1449 1098 1490 cum
1127 1440 1398 1509 corruptis
1417 1441 1704 1511 judicihus,
1731 1445 1824 1500 sed
1849 1446 1996 1516 judi-

406 1516 550 1572 cium
576 1535 806 1586 superne
832 1523 996 1582 latum
1027 1530 1352 1600 acceptahis.
1381 1533 1573 1590 Vidisti
1602 1537 1994 1609 philosophiam

405 1610 669 1672 latronis?
692 1616 863 1672 vidisti
888 1620 1244 1690 prudentiam,
1267 1635 1320 1680 et
1343 1625 1684 1684 doctrinam?
1704 1631 1995 1689 Confestim

403 1717 434 1756 a
459 1717 618 1760 cruce
638 1705 690 1760 in
712 1709 900 1763 czelum
921 1711 1174 1768 avolavit.
1200 1715 1402 1772 Deinde
1421 1733 1485 1774 ex
1507 1720 1798 1778 abundanti
1821 1724 1993 1796 ipsum

407 1794 688 1868 increpans
719 1818 732 1855 :
766 1799 888 1857 Non
913 1803 1074 1870 times,
1104 1805 1332 1872 dicebat,
1359 1811 1478 1882 quia
1506 1813 1558 1867 in
1582 1814 1758 1869 eadem
1783 1794 1998 1872 damna-

405 1889 542 1946 tione
564 1907 751 1948 sumus
779 1893 927 1967 (Luc.
955 1899 1044 1954 23.
1075 1899 1187 1970 40).
1218 1900 1355 1968 Quid
1398 1904 1499 1959 sibi
1529 1907 1640 1961 vult
1680 1907 1835 1976 illud,
1865 1911 1997 1978 Quia

405 1981 460 2036 in
483 1982 657 2036 eadem
677 1984 1002 2044 damnatione
1021 1993 1234 2046 sumus?
1258 1993 1315 2048 in
1345 1994 1534 2051 eodem
1563 2013 1758 2068 nempe
1788 2001 1990 2070 suppli-

403 2074 511 2130 cio.
540 2074 730 2132 Nonne
757 2087 810 2131 tu
834 2082 993 2136 etiam
1017 2097 1076 2138 es
1097 2082 1148 2138 in
1170 2086 1368 2140 cruce?
1395 2087 1528 2143 Dum
1557 2105 1685 2160 ergo
1708 2090 1780 2146 illi
1806 2093 1993 2149 convi-

402 2165 582 2230 ciaris,
605 2169 1001 2242 teipsum-prius
1019 2175 1251 2244 impetis.
1278 2177 1737 2245 Quemadmodum
1761 2183 1904 2239 enim
1926 2183 1992 2254 is,

400 2259 493 2329 qui
535 2259 587 2314 in
629 2263 860 2329 peccatis
899 2273 1002 2330 est,
1043 2267 1088 2322 si
1128 2268 1354 2325 alterum
1393 2273 1728 2341 criminetur,
1760 2276 1994 2346 seipsum

403 2351 554 2419 prius
581 2352 896 2408 criminatur
923 2375 937 2410 :
968 2358 1046 2412 sic
1073 2368 1128 2414 et
1157 2359 1233 2428 is,
1263 2363 1352 2432 qui
1385 2363 1436 2418 in
1466 2365 1770 2423 calamitate
1797 2370 1998 2425 consti-

401 2451 570 2510 tutus,
605 2445 758 2500 alteri
796 2448 1156 2506 calamitatem
1199 2453 1332 2508 vitio
1370 2457 1546 2522 vertit,
1573 2459 1805 2530 seipsum
1847 2463 1995 2531 prius

403 2535 644 2592 damnat.
691 2539 822 2605 Quia
852 2543 904 2596 in
931 2544 1104 2598 cadent
1134 2545 1460 2603 damnatione
1487 2567 1678 2605 sumus.
1727 2554 1996 2622 Apostoli-

401 2643 523 2682 eam
561 2629 688 2700 legit
727 2631 824 2702 ipsi
866 2633 1058 2706 legem,
1089 2636 1204 2693 hac
1231 2641 1432 2696 scilicet
1458 2645 1759 2714 evangelica
1787 2647 1994 2705 verba:

408 2718 584 2775 Nolite
596 2723 850 2792 judicare,
880 2738 935 2780 ut
963 2745 1065 2782 non
1083 2730 1386 2798 judicemini
1413 2732 1622 2804 (Matth.
1652 2736 1702 2790 7.
1735 2737 1814 2809 1).
1861 2738 1998 2806 Quia

404 2829 458 2867 tn
487 2814 661 2869 eadem
686 2817 1010 2874 damnatione
1032 2837 1225 2876 sumus.
1256 2823 1391 2892 Quid
1419 2826 1565 2889 facis,
1595 2842 1631 2882 o
1661 2827 1834 2883 latro?
1866 2830 1994 2886 dum

405 2921 527 2960 eum
549 2905 808 2970 defendis.
832 2911 1129 2968 latronisne
1152 2915 1355 2970 socium
1378 2925 1430 2971 te
1444 2917 1608 2972 facis?
1630 2919 1992 2992 Nequaquam,

403 2997 478 3051 ait
508 3016 522 3052 :
552 3014 617 3053 ex
653 3002 1002 3072 sequentibus
1044 3003 1184 3060 hanc
1226 3009 1586 3076 suspicionem
1628 3027 1874 3068 amoveo.
1917 3015 1995 3072 Ne

405 3098 562 3159 putes
599 3091 742 3149 enim
776 3109 898 3148 eunt
928 3110 994 3150 ex
1019 3099 1395 3155 communione
1421 3103 1665 3172 supplicii
1689 3115 1993 3164 consortem

406 3181 555 3237 illum
601 3186 815 3254 peccati
848 3185 1061 3255 fecisse,
1091 3189 1170 3245 sic
1207 3192 1355 3262 prius
1398 3194 1598 3251 dictmn
1629 3198 1846 3269 corrigit
1880 3218 1894 3254 :
1928 3199 1994 3255 Et

405 3291 496 3329 nos
521 3277 722 3346 quidem
739 3278 886 3350 jusle
913 3295 934 3336 :
956 3298 1072 3336 nam
1099 3283 1256 3355 digna
1280 3288 1430 3357 factis
1458 3289 1681 3356 patimur
1720 3289 1870 3364 (Luc.
1900 3293 1990 3350 25.

403 3369 518 3439 41)..
551 3368 710 3426 Vides
750 3372 1144 3431 confessionem
1187 3378 1510 3446 perfectam?
1536 3382 1685 3440 vides
1725 3387 1996 3454 quomodo

401 3462 462 3518 in.
485 3477 643 3520 cruce
674 3476 889 3535 peccata
917 3469 1098 3524 exuit?
1136 3471 1268 3528 Nam
1298 3473 1530 3543 legitur:
1562 3476 1659 3532 Die
1700 3488 1754 3534 tu
1787 3492 1995 3551 peccata

399 3563 488 3608 tua
512 3558 725 3625 primus,
753 3567 807 3612 ut
823 3561 1125 3629 justi/iactis
1149 3562 1315 3636 (lsai.
1347 3567 1436 3622 45.
1460 3567 1531 3623 26
1555 3567 1595 3639 ).
1627 3569 1797 3626 Nemo
1820 3573 1996 3644 coegit

403 3644 576 3709 illum,
599 3662 760 3703 nemo
782 3650 890 3704 vim
921 3651 1018 3720 ipsi
1049 3651 1192 3718 fecit,
1225 3655 1318 3710 sed
1353 3657 1466 3726 ipse
1489 3662 1837 3730 semetipsum
1870 3679 1995 3733 pro-

401 3736 522 3791 tulit
547 3737 731 3794 diceus
759 3757 774 3795 :
798 3740 865 3795 Et
891 3759 984 3796 nos
1003 3744 1205 3813 quidem
1224 3748 1384 3816 juste,
1410 3766 1530 3802 nam
1551 3752 1706 3822 digna
1729 3754 1879 3821 factis
1900 3773 1995 3824 pa-

399 3831 589 3894 timur;
618 3833 700 3886 hic
725 3848 839 3887 vero
867 3835 998 3889 nihil
1024 3837 1148 3891 mali
1166 3839 1282 3910 fecit
1307 3839 1453 3909 (Luc.
1487 3841 1577 3896 2'5.
1611 3844 1699 3900 41.
1732 3844 1822 3915 62)
1850 3862 1863 3898 :
1896 3847 1992 3902 ad-

397 3921 582 3993 ditque
629 3934 812 3994 postea
844 3945 859 3982 :
897 3927 1147 3984 Memento
1173 3933 1272 3985 mei
1291 3973 1307 3998 ,
1352 3932 1596 4002 Domine,
1624 3937 1676 3990 in
1705 3954 1860 4008 regno
1885 3947 1989 3995 tuo.

396 4013 514 4070 Non
548 4017 693 4086 prius
712 4033 874 4074 ausus
900 4031 985 4077 est
1008 4022 1207 4090 dicere,
1239 4023 1494 4081 Memento
1515 4029 1612 4082 mei
1631 4031 1682 4085 in
1705 4048 1858 4102 regno
1879 4042 1987 4104 tuo,

397 4121 558 4174 quam
605 4123 702 4178 per
737 4113 1129 4169 confessionem
1160 4128 1504 4186 peccatorum
1535 4135 1800 4177 sarcinam
1827 4123 1992 4196 depo-

398 4195 616 4252 suisset.

469 4288 727 4358 Confessio
737 4305 926 4364 quanta
943 4314 1022 4352 res
1035 4299 1120 4353 sit.
1139 4329 1209 4341 -
1227 4299 1413 4358 Viden‘
1437 4314 1633 4375 quanta
1661 4321 1747 4360 res
1772 4307 1842 4362 sit
1859 4323 1990 4364 con-

399 4383 596 4438 fessio?
619 4386 908 4444 Confessus
926 4400 1027 4452 est,
1051 4401 1106 4446 et
1127 4394 1425 4461 paradisum
1452 4399 1692 4466 aperuit:
1716 4401 1991 4457 confessus

399 4483 500 4541 est,
525 4485 580 4530 et
599 4484 798 4534 tantam
819 4483 1024 4550 accepit
1045 4483 1311 4549 ﬁduciam,
1337 4497 1394 4542 ut
1415 4503 1444 4541 a
1468 4488 1744 4545 latrocinio
1765 4507 1988 4563 regnum

397 4574 621 4634 peteret.
651 4567 838 4625 Viden'
865 4582 1182 4640 quantorum
1208 4576 1361 4632 nobis
1385 4577 1645 4634 honorum
1669 4597 1797 4635 crux
1826 4597 1987 4639 musa

397 4655 589 4711 fuerit?
620 4657 860 4729 Regnum
892 4665 1066 4732 petis?
1105 4667 1238 4734 Quid
1282 4669 1431 4723 vides
1472 4669 1812 4739 hujusmodi?
1838 4674 1988 4730 Clavi

394 4756 447 4801 et
463 4763 594 4802 crux
622 4749 671 4802 in
693 4763 980 4822 conspectu
1003 4767 1152 4822 sunt;
1180 4775 1360 4814 verum
1390 4776 1450 4816 ea
1476 4761 1586 4830 ipsa
1613 4779 1766 4828 crux,
1797 4764 1986 4835 inquit,

393 4847 476 4896 est
517 4843 818 4913 symbolum
865 4847 1035 4916 regni.
1081 4849 1203 4905 Ideo
1242 4852 1413 4919 ipsum
1453 4870 1631 4926 regem
1671 4873 1820 4922 voco,
1867 4860 1988 4928 quia

393 4933 548 4989 video
571 4937 887 4993 cruciﬁxum
919 4959 932 4995 :
959 4943 1096 5010 regis
1141 4945 1284 4998 enim
1324 4958 1407 5002 est
1445 4963 1540 5017 pro
1577 4951 1802 5005 subditis
1828 4953 1985 5008 mori.

395 5027 492 5082 llic
537 5027 652 5098 ipse
695 5029 829 5085 dixit
855 5047 869 5084 :
899 5030 1073 5087 Bonus
1103 5047 1272 5101 pastor
1295 5040 1517 5092 animam
1551 5058 1694 5095 suam
1726 5045 1866 5113 ponit
1893 5061 1985 5115 pro

391 5122 564 5177 ovibus
590 5121 784 5193 (Joan.
817 5123 901 5180 10.
934 5126 991 5182 ll
1021 5127 1039 5196 )
1071 5143 1234 5198 :ergo
1285 5140 1340 5185 et
1387 5132 1558 5188 bonus
1605 5151 1700 5191 rex
1752 5137 1984 5192 animam

391 5228 544 5269 suam
595 5217 742 5285 ponit
791 5233 888 5287 pro
930 5219 1178 5276 subditis.
1225 5221 1487 5289 Quoniam
1539 5225 1702 5296 igitur
1749 5229 1983 5284 animam

391 5323 542 5361 suam
586 5310 778 5377 posuit,
811 5312 932 5366 ideo
976 5329 1157 5384 regem
1205 5315 1354 5370 illum
1384 5331 1538 5372 voco.
1581 5317 1837 5375 Memento
1864 5322 1982 5391 mei,

391 5401 637 5466 Domine,
663 5404 717 5456 in
744 5419 898 5473 regno
921 5415 1028 5460 tuo.

462 5491 520 5547 4.
556 5492 741 5548 Viden‘
771 5498 1039 5565 quomodo
1067 5514 1200 5556 crux
1228 5500 1297 5555 sit
1321 5503 1468 5570 regni
1497 5503 1839 5574 symbolum?
1868 5505 1985 5560 Vis-

394 5599 460 5640 ne
482 5593 540 5640 et
557 5587 770 5642 aliunde
796 5588 922 5645 illud
945 5590 1190 5649 discere?
1219 5595 1332 5649 Non
1357 5596 1567 5664 reliquit
1592 5612 1712 5651 eum
1737 5599 1788 5652 in
1816 5609 1979 5667 terra,

392 5676 490 5732 sed
531 5678 748 5734 attraxit
774 5696 894 5735 eum
924 5692 977 5738 et
1011 5683 1062 5736 in
1093 5687 1282 5741 caelum
1308 5686 1544 5742 deduxit.
1580 5687 1729 5746 Unde
1759 5689 1862 5745 hoc
1891 5707 1984 5761 pa-

395 5769 500 5824 lam
522 5771 639 5828 est?
664 5770 796 5840 Quia
818 5783 1072 5830 venturus
1093 5785 1173 5832 est
1194 5794 1313 5834 cum
1343 5779 1432 5834 illo
1459 5780 1510 5835 in
1537 5781 1771 5838 secundo
1792 5791 1846 5838 et
1864 5783 1982 5854 glo-

393 5861 538 5920 riose
563 5861 680 5933 ejus
704 5864 934 5925 adventu
950 5907 970 5938 ,
999 5877 1053 5923 ut
1078 5867 1254 5927 discas
1279 5887 1496 5929 crucem
1522 5888 1640 5930 esse
1667 5891 1777 5932 rem
1809 5875 1980 5932 hono-

1449 397 1539 455 DE
1575 399 1804 459 CRUCE
1845 401 1934 460 ΕΤ
1969 402 2316 466 LATRONE.
2357 409 2586 469 HOMIL.
2627 412 2669 470 1.

3581 425 3689 485 401

2108 528 2363 604 τςὼίιεπις
2391 547 2555 603 quare
2579 543 2634 590 et
2651 533 2874 605 gloriam
2905 537 3045 592 illam
3069 541 3299 596 vocavit.
3331 542 3398 597 At
3419 540 3687 603 videamus

2101 622 2372 692 quomodo
2398 639 2519 679 eum
2547 642 2705 683 cruce
2736 629 2912 684 veniat
2946 647 2959 682 :
2994 647 3213 688 necesse
3251 636 3449 706 quippe
3486 648 3570 693 est
3597 639 3683 694 de-

2107 715 2544 772 monstrationem
2575 718 2625 772 in
2655 719 2886 775 medium
2914 722 3188 780 reducere.
3237 726 3300 780 Si
3337 727 3577 794 dixerint,
3613 730 3697 784 in-

2101 804 2234 875 quit,
2261 822 2376 860 ecce
2405 809 2457 862 in
2496 811 2834 876 penetralibus
2871 825 2943 869 est
2988 817 3246 883 Christus,
3280 835 3392 873 ecce
3418 821 3470 873 in
3495 820 3695 876 deserta

2102 908 2212 963 est;
2239 897 3314 972 neabeatis(Matth.24.26);deseeundo
3359 922 3410 966 et
3457 912 3692 982 glorioso

2102 1003 2202 1044 suo
2227 989 2455 1046 adventu
2483 993 2558 1048 sic
2584 994 2807 1064 loquens
2837 1008 3054 1066 propter
3081 999 3241 1055 falsos
3266 1000 3542 1069 Christos,
3569 1018 3694 1073 pro-

2103 1091 2224 1150 pter
2249 1082 2408 1138 falsos
2439 1085 2755 1156 prophetas,
2791 1099 3010 1158 propter
3033 1091 3416 1147 Antichristum
3435 1134 3450 1160 ,
3479 1109 3548 1149 ne
3573 1094 3693 1166 quis

2101 1174 2356 1230 seductus
2400 1176 2452 1230 in
2499 1175 2648 1232 illum
2695 1178 2970 1234 inrideret.
2999 1183 3132 1249 Quia
3163 1182 3305 1237 enim
3333 1185 3693 1241 Antichristus

2101 1275 2355 1322 venturus
2378 1277 2605 1324 est-ante
2625 1268 2917 1334 Christum,
2942 1274 3144 1342 nequis
3167 1283 3431 1342 pastorem
3449 1290 3694 1344 qurerens

2103 1356 2156 1412 in
2183 1357 2365 1428 lupum
2392 1359 2609 1427 incidat,
2635 1361 2834 1418 ideirco
2855 1362 3108 1418 indicium
3138 1365 3229 1418 tibi
3261 1365 3328 1419 do
3348 1367 3576 1434 pastoris
3597 1368 3694 1422 ad-

2103 1459 2314 1505 ventus.
2343 1450 2476 1506 Nam
2503 1453 2804 1523 quiaprior
2826 1455 2943 1524 ejus
2970 1454 3424 1525 adventus-latuit,
3451 1473 3519 1513 ne
3539 1467 3694 1527 putes

2101 1547 2394 1602 secundum
2425 1547 2710 1603 adventum
2741 1551 2896 1605 talem
2930 1549 3163 1606 futurum
3193 1567 3336 1618 esse,
3369 1551 3472 1606 hoc
3498 1551 3590 1606 tibi
3617 1553 3692 1607 si-

2099 1655 2264 1710 gnum
2291 1639 2456 1696 dedit.
2486 1640 2614 1696 Jure
2638 1650 2814 1697 autem
2841 1643 3208 1699 illeadventus
3228 1645 3366 1700 clam
3397 1643 3494 1698 fuit
3517 1645 3694 1700 ivenit

2101 1731 2244 1785 enim
2274 1732 2556 1802 quaesitum
2586 1733 2726 1804 quod
2757 1734 3022 1805 perierat;
3071 1743 3127 1789 at
3166 1735 3254 1790 hic
3291 1735 3558 1790 secundus
3587 1751 3691 1790 non

2105 1821 2198 1889 ita,
2242 1822 2352 1879 sed-
2375 1825 2645 1894 quomodo
2664 1868 2679 1893 ,
2707 1828 2931 1896 quzeso?
2962 1825 3109 1881 Sicut
3149 1828 3281 1880 enim
3314 1826 3487 1898 fulgur
3507 1827 3609 1881 exit
3631 1829 3695 1880 ab

2105 1912 2332 1979 Oriente,
2357 1924 2404 1969 et
2428 1926 2638 1987 apparet
2661 1933 2825 1988 usque
2843 1918 2912 1971 ad
2940 1917 3280 1982 Occidentem,
3311 1919 3384 1972 sic
3412 1919 3509 1972 erit
3529 1927 3578 1973 et
3601 1920 3694 1972 ad-

2102 2015 2276 2062 uentus
2322 2006 2450 2062 Filii
2497 2010 2714 2066 hominis
2761 2008 2924 2081 (ibid.
2958 2027 3006 2064 υ.
3035 2009 3161 2081 9.7).
3189 2010 3478 2066 Confestim
3522 2004 3695 2066 omni-

2101 2100 2201 2157 bus
2224 2103 2518 2172 apparebit,
2550 2105 2857 2174 neminiqne
2887 2105 3213 2175 interrogaui
3239 2120 3373 2174 opus
3395 2106 3530 2172 erit,
3564 2121 3690 2160 num

2102 2195 2190 2250 hic
2210 2237 2226 2264 ,
2257 2212 2384 2252 num
2415 2197 2523 2253 illic
2548 2198 2618 2253 sit
2641 2197 2907 2254 Christus.
2941 2199 3398 2268 Quemadmodum
3427 2199 3568 2254 enim
3595 2213 3692 2268 ap-

2102 2297 2323 2359 parente
2347 2291 2570 2361 fulgure,
2599 2307 2707 2347 non
2739 2307 2875 2363 opus
2901 2302 2983 2348 est
3009 2293 3316 2364 perquirere
3343 2309 3408 2347 an
3431 2307 3693 2362 apparue-

2100 2382 2205 2446 rit;
2252 2381 2333 2438 sic
2371 2391 2426 2438 et
2459 2383 2515 2438 in
2541 2382 2772 2438 adventu
2795 2383 2992 2440 Christi
3024 2400 3127 2439 non
3153 2399 3288 2455 Opus
3315 2385 3418 2440 erit
3452 2399 3694 2455 quaerere

2099 2486 2169 2528 an
2194 2471 2440 2530 Christus
2470 2475 2765 2530 advenerit.
2798 2477 2864 2532 At
2893 2477 3034 2547 quod
3065 2478 3321 2548 qtimritur
3345 2485 3446 2539 est,
3475 2492 3541 2530 an
3569 2491 3691 2530 cum

2101 2577 2261 2620 cruce
2282 2575 2543 2620 venturus
2580 2565 2651 2620 sit
2681 2583 2694 2621 :
2724 2582 2829 2622 non
2861 2569 3005 2622 enim
3037 2569 3282 2637 promissi
3307 2566 3458 2622 obliti
3486 2582 3691 2622 sumus.

2101 2656 2240 2710 Audi
2286 2656 2447 2727 igitur
2482 2674 2565 2723 ea,
2599 2674 2718 2729 quae
2765 2669 3077 2728 sequuntur.
3111 2659 3274 2722 Tunc,
3303 2659 3504 2729 inquit;
3545 2668 3690 2722 tunc,

2099 2751 2476 2820 quandonam‘l
2503 2751 2629 2807 Cum
2651 2753 2840 2808 venerit
2872 2751 3034 2807 Filius
3055 2753 3290 2820 nominis,
3310 2753 3388 2806 sol
3407 2751 3695 2806 obscurast

2102 2852 2224 2912 tur,
2266 2853 2312 2898 et
2367 2845 2490 2898 luna
2552 2861 2654 2900 non
2706 2845 2844 2899 dabit
2900 2845 3060 2899 lucem
3114 2861 3258 2900 suam
3313 2843 3445 2917 (Ib.
3478 2860 3528 2898 υ.

2103 2933 2272 2989 Tanta
2312 2935 2452 2989 enim
2494 2943 2621 2989 tunc
2665 2936 2766 2990 erit
2811 2935 2942 2990 lueis
2984 2936 3158 3004 ecpia,
3204 2945 3263 2989 ut
3307 2935 3697 3004 splendidiores

2099 3026 2269 3080 stellte
2291 3025 2639 3080 obscuranda:
2659 3026 2788 3080 sint.
2815 3025 2957 3079 Tune
2972 3026 3130 3080 stellte
3142 3027 3340 3092 cadent,
3359 3035 3477 3080 tunc
3491 3027 3694 3097 signum

2099 3113 2229 3170 Filii
2253 3115 2470 3170 hominis
2494 3115 2756 3187 apparebit
2791 3117 2844 3169 in
2869 3117 3013 3171 caelo.
3046 3116 3232 3171 Vidcn'
3261 3125 3457 3188 quanta
3485 3117 3550 3171 sit
3578 3118 3690 3172 vir-

2101 3216 2187 3264 tus
2214 3209 2349 3278 signi
2371 3208 2584 3265 crucis?
2613 3208 2704 3265 Sol
2734 3207 3126 3273 obscurabitur,
3157 3220 3210 3265 et
3239 3209 3362 3264 luna
3393 3225 3498 3263 non
3521 3224 3690 3278 appa-

2098 3299 2239 3355 rebit
2268 3317 2282 3354 :
2314 3299 2443 3354 illud
2471 3316 2598 3355 vero
2642 3299 2809 3372 fulget
2855 3310 2912 3356 et
2954 3309 3202 3370 apparet,
3249 3310 3305 3355 ut
3341 3301 3518 3356 discas
3563 3301 3693 3356 illud

2098 3405 2218 3446 esse
2244 3391 2573 3461 splendidius
2591 3392 2706 3447 sole
2726 3402 2779 3448 et
2802 3392 2948 3448 luna.
2974 3393 3051 3448 Ac
3070 3391 3538 3463 quemadmodum,
3565 3408 3695 3464 rege

2101 3483 2154 3538 in
2184 3485 2371 3540 urbem
2394 3483 2646 3553 intrante,
2677 3486 2872 3542 milites
2913 3495 3129 3556 accepta
3175 3487 3346 3556 signa,
3389 3495 3444 3541 ut
3475 3495 3688 3550 vocant.

2098 3583 2310 3646 gestant
2335 3575 2573 3632 humeris
2597 3619 2612 3642 ,
2645 3577 2762 3646 ejus
2788 3579 3086 3647 ingressum
3128 3578 3543 3647 przeuuntiantes
3574 3594 3588 3632 :
3613 3578 3693 3633 sic

2099 3677 2155 3722 et
2182 3668 2408 3723 Domino
2434 3668 2792 3724 descendente
2835 3668 2901 3724 de
2939 3669 3107 3733 caelis,
3135 3669 3400 3739 prmibunt
3425 3668 3692 3725 exercitus

2097 3758 2410 3829 angelorum
2452 3769 2506 3814 et
2548 3760 3014 3829 archangelorum,
3046 3761 3252 3830 signum
3283 3760 3584 3830 hujusmodi
3613 3760 3692 3814 fe-
3779 3827 3789 3847 δ

2099 3860 2277 3904 rentes
2309 3849 2564 3912 humeris.
2589 3859 2643 3905 et
2667 3853 2867 3921 regium
2898 3852 3015 3920 ejus
3043 3853 3337 3921 ingressum
3371 3852 3525 3906 nobis
3555 3867 3693 3921 prm-
3779 3860 3786 3922 ξ

2097 3939 2419 3995 nuntiantes.
2479 3939 2624 3994 Tunc
2675 3940 3112 3994 commovebuntur
3177 3939 3396 3995 Virtutes
3451 3943 3691 3996 cartorum

2097 4030 2308 4104 (Ibid),
2342 4033 2409 4087 de
2435 4032 2639 4103 angelis
2664 4033 2936 4104 loquitur:
2963 4041 3161 4088 tremor
3180 4032 3541 4103 apprehendet
3569 4049 3685 4100 eos,

2098 4131 2153 4180 et
2181 4124 2341 4178 timor
2366 4139 2609 4194 magnus.
2632 4123 2697 4178 Et
2717 4139 2832 4187 cur,
2848 4122 3068 4194 quaeso?
3091 4123 3449 4178 Tremendum
3471 4127 3573 4178 erit
3594 4125 3690 4177 tri-

2097 4217 2257 4274 bunal
2284 4217 2451 4272 illud’:
2479 4217 2724 4273 universa
2745 4217 2939 4287 quippe
2955 4228 3140 4272 natura
3160 4226 3339 4272 nostra
3353 4217 3576 4286 judicari
3594 4216 3688 4273 de-

2097 4311 2206 4377 bet,
2223 4315 2505 4367 etadstare
2530 4320 2653 4364 ante
2675 4309 3064 4365 formidabilem
3082 4310 3227 4364 illum
3243 4309 3496 4378 judicent.
3511 4307 3688 4376 Quare

2095 4419 2225 4473 ergo
2248 4403 2423 4472 angeli
2449 4401 2639 4456 timent
2675 4410 2729 4456 et
2767 4402 3199 4456 exhorrescuut?
3243 4416 3414 4471 neque
3437 4400 3581 4457 enim
3613 4400 3689 4455 illi

2092 4495 2362 4568 judicandi
2406 4503 2550 4549 sunt.
2595 4493 3054 4562 Quemadmodum
3093 4493 3365 4564 judicante
3414 4493 3685 4562 principe,

2097 4605 2203 4643 non
2232 4588 2308 4642 rei
2341 4596 2544 4641 tantum
2573 4627 2586 4651 ,
2619 4585 2713 4640 sed
2739 4585 2898 4642 etiam
2926 4585 3013 4640 alii
3041 4601 3108 4641 ex
3139 4586 3346 4649 militia,
3375 4585 3466 4656 qui
3492 4585 3688 4639 nullius

2096 4679 2196 4734 sibi
2227 4677 2466 4733 criminis
2500 4677 2700 4732 conscii
2743 4685 2905 4743 sunt,
2935 4678 3129 4732 timent
3149 4685 3202 4730 et
3227 4676 3446 4730 horrent
3473 4675 3542 4730 ob
3569 4691 3686 4730 me-

2097 4781 2206 4826 tum
2250 4770 2452 4825 Iudicis
2483 4785 2497 4824 :
2533 4771 2603 4825 ita
2634 4779 2688 4824 et
2715 4778 2838 4824 tunc
2863 4784 2984 4823 cum
3012 4767 3078 4822 de
3106 4777 3294 4821 natura
3325 4774 3503 4820 nostra
3536 4766 3688 4831 judi-

2093 4864 2317 4927 cabitur,
2349 4861 2544 4917 nullius
2576 4862 2700 4916 mali
2730 4862 2830 4915 sibi
2857 4859 3056 4914 conscii
3076 4860 3256 4925 angeli
3285 4857 3579 4921 timebunt,
3613 4857 3684 4912 oh

2096 4954 2409 5008 immensam
2457 4951 2672 5007 Iudicis.
2708 4949 3064 5004 formidinem.
3110 4946 3307 5002 Verum
3352 4961 3518 5016 quare
3561 4955 3688 5002 tunc

2093 5063 2222 5103 crux
2246 5047 2542 5117 apparebit,
2565 5054 2620 5100 et
2643 5060 2739 5100 cur
2759 5058 2879 5097 cum
2904 5042 2990 5096 illa
3012 5049 3263 5096 venturus
3284 5041 3397 5096 est?
3425 5039 3491 5096 Ut
3516 5040 3572 5106 ii,
3595 5041 3686 5112 qui

2095 5140 2241 5196 illum
2266 5138 2664 5201 crueitixerunt,
2690 5135 2879 5206 ingrati
2909 5134 3071 5189 animi
3101 5132 3184 5189 sui
3210 5132 3498 5203 nequitiam
3521 5148 3687 5204 agno-

2093 5239 2280 5288 seant:
2309 5231 2429 5285 ideo
2453 5229 2664 5283 illorum
2690 5225 3032 5297 impudentiae
3073 5224 3373 5295 symbolmn
3417 5224 3682 5278 ostendet.

2093 5324 2246 5392 Quod
2273 5332 2452 5378 autem
2482 5321 2603 5377 ideo
2632 5320 2773 5375 illam
2801 5319 3060 5372 allaturus
3086 5318 3184 5382 sit,
3215 5315 3337 5371 audi
3366 5313 3682 5384 prophetam

2094 5417 2457 5472 declarantem
2514 5430 2527 5467 :
2579 5409 2727 5466 Tune
2776 5409 3015 5480 plangent
3067 5408 3224 5462 tribus
3271 5416 3418 5460 terra
3473 5404 3580 5474 (Ib.
3631 5420 3682 5458 tr.

2093 5509 2206 5581 30).
2235 5508 2476 5561 videntes
2500 5513 2889 5568 accusatorem,
2915 5511 2970 5556 et
2998 5512 3273 5572 peccatum
3303 5507 3678 5569 agnoscentes.

2093 5601 2159 5656 Et
2183 5615 2281 5655 cur
2309 5597 2520 5653 miraris
2563 5598 2607 5652 si
2653 5611 2864 5651 crucem
2908 5602 3124 5664 gestans
3167 5591 3361 5655 veniet,
3386 5588 3600 5660 quando
3629 5597 3686 5645 et

2093 5693 2206 5763 ipsa
2249 5691 2466 5745 vulnera
2511 5699 2638 5743 tunc
2679 5684 2960 5742 ostendet?
3006 5684 3137 5738 Nam
3181 5683 3301 5737 ait:
3344 5679 3592 5734 Videbunt
3630 5682 3686 5734 in

2090 5800 2237 5853 quem
2278 5783 2638 5850 trans/inerunt
2687 5779 2707 5850 (
2729 5778 2886 5833 Zach.
2921 5777 3003 5831 l2.
3042 5774 3170 5845 10).
3221 5771 3682 5843 Quemadmodum

2093 5875 2235 5931 enim
2267 5889 2390 5946 ergo
2417 5871 2678 5930 Thomam
2704 5868 2844 5938 fecit,
2875 5883 3016 5937 cum,
3046 5876 3109 5921 ut
3127 5861 3680 5938 discipuli-increduli-
