4100 6424
501 373 608 430 ‘05

503 498 662 544 tatem
694 485 1022 552 emendaret,
1051 487 1282 543 ostcttdit
1309 488 1357 543 ei
1381 486 1603 543 ﬁxuram
1619 487 1888 542 clavorum
1912 495 1962 540 et
1983 487 2100 540 vul-

505 598 632 636 nera
671 580 856 636 dicens
891 598 904 634 :
935 579 1080 651 quer
1107 597 1311 634 manum
1347 590 1505 643 tuam,
1537 588 1586 633 et
1611 579 1723 633 vide
1745 580 1863 648 quia
1887 580 2100 649 spiritus

504 688 706 725 carnem
729 681 774 725 et
801 688 917 725 ossa
943 688 1044 726 non
1069 670 1214 727 habet
1245 670 1420 742 (Joan.
1451 670 1542 726 20.
1569 670 1668 735 9.7;
1696 669 1822 723 Luc.
1852 670 1943 726 2t.
1973 670 2095 742 59);

505 767 582 818 sic
602 773 656 818 et
683 773 808 818 tunc
833 764 1079 820 ostendet
1103 764 1322 819 vulnera
1345 773 1398 818 et
1422 779 1660 830 crucem,
1685 774 1742 818 ut
1769 764 2099 821 demonstret

503 854 646 912 hunc
671 857 845 924 ipsum
872 871 992 913 esse
1015 856 1106 928 qui
1129 857 1412 912 cruciﬁxus
1442 856 1558 912 fuit.

473 1015 476 1018 ,
577 950 634 1004 ες.
659 946 844 1019 Neque
867 966 934 1006 ex
962 966 1123 1006 cruce
1151 958 1377 1016 tantum,
1405 950 1500 1006 sed
1529 951 1687 1006 etiam
1715 967 1779 1008 ex
1811 953 1988 1008 verbis
2015 951 2097 1007 his

505 1043 558 1097 in
588 1057 749 1098 cruce
780 1045 997 1113 prolatis
1029 1044 1342 1099 immensam
1379 1045 1494 1116 ejus
1519 1046 1897 1117 benignitatem
1914 1046 2098 1103 videre

501 1147 586 1192 est
611 1155 630 1194 :
657 1138 942 1192 cruciﬁxus
968 1137 1134 1205 enim,
1162 1137 1421 1203 dicteriis,
1447 1138 1722 1194 cachinnis
1741 1148 1794 1193 et
1814 1139 1985 1208 sputis
2011 1139 2098 1194 de.

501 1230 816 1286 honestatus
841 1232 1054 1289 diccbat
1087 1254 1099 1289 :
1129 1233 1306 1298 Pater,
1327 1235 1522 1289 dimitte
1548 1236 1651 1290 illis
1675 1245 1934 1307 peccatum
1959 1252 2096 1291 :non

500 1325 634 1378 enim
659 1325 825 1379 sciunt
851 1327 974 1396 quid
1000 1327 1192 1396 faciunt
1219 1328 1237 1398 (
1264 1326 1391 1381 Luc.
1419 1327 1511 1384 25.
1541 1329 1610 1384 54
1713 1329 1780 1384 Ει
1810 1328 2097 1384 cruciﬁxus

501 1431 600 1485 pro
647 1417 1080 1487 cruciﬁgentibus
1126 1427 1414 1488 precatur:
1447 1435 1767 1491 quamquam
1801 1422 1876 1476 illi
1908 1431 2096 1477 contra

498 1511 749 1566 dicebant
781 1529 794 1566 :
827 1512 886 1567 Si
917 1511 964 1566 F
965 1513 1084 1567 ilius
1115 1511 1207 1566 Dei
1243 1531 1294 1567 es
1313 1554 1327 1576 ,
1363 1514 1607 1568 descende
1629 1515 1693 1568 de
1719 1531 1886 1579 cruce,
1916 1525 1963 1570 et
1989 1531 2096 1570 crc-

500 1601 676 1657 demus
701 1603 787 1655 tibi
815 1603 834 1674 (
860 1603 1045 1658 Matth.
1075 1604 1163 1660 27.
1191 1605 1281 1660 to.
1309 1614 1354 1659 el
1379 1605 1450 1660 te
1465 1605 1508 1676 ).
1537 1605 1696 1677 Atqui
1723 1607 1843 1661 ideo
1869 1607 1958 1662 ille
1980 1622 2094 1662 non

499 1692 779 1748 descendit
797 1693 865 1748 de
889 1709 1070 1762 cruce,
1093 1698 1213 1766 quia
1247 1695 1414 1751 Filius
1444 1697 1538 1751 Dei
1562 1707 1670 1763 est;
1701 1705 1756 1752 et
1782 1697 1902 1752 ideo
1925 1699 2093 1766 venit,

502 1792 562 1838 ut
604 1786 1008 1856 cruciﬁgeretur
1057 1802 1154 1857 pro
1199 1788 1373 1844 nobis.
1423 1788 1686 1844 Descende
1713 1790 1777 1844 de
1807 1806 1974 1854 cruce,
2010 1791 2094 1844 itt-

498 1879 708 1948 quiunt,
739 1891 784 1933 et
813 1882 1074 1937 credemus
1099 1883 1206 1936 tibi.
1240 1883 1364 1938 Haec
1388 1885 1550 1940 verba
1587 1893 1731 1950 sunt,
1763 1893 1820 1939 et
1845 1884 2094 1941 incredu-

499 1967 662 2024 litatis
689 1970 958 2026 obtentus.
1007 1972 1138 2027 Nam
1168 1974 1337 2028 multo
1372 1975 1544 2045 majus
1569 1987 1683 2030 erat
1709 1976 1881 2046 lapide
1907 1993 2096 2046 supcr-

499 2065 676 2132 posito
702 2081 770 2121 ex
800 2069 1047 2136 sepulcro
1071 2086 1372 2140 resurgere,
1398 2088 1555 2142 quam
1585 2073 1656 2129 de
1682 2088 1844 2130 cruce
1870 2075 2097 2132 descen-

497 2155 657 2222 dere;
699 2159 870 2213 multo
895 2160 1068 2230 majus
1095 2171 1209 2217 orat
1242 2173 1510 2218 mortuum
1547 2166 1780 2220 vinctum
1809 2176 1864 2223 et
1887 2168 2094 2237 quatri-

496 2247 731 2303 duanum
781 2250 1040 2307 Lazarum
1096 2270 1217 2309 cum
1272 2255 1400 2325 ipsis
1447 2256 1627 2312 fasciis
1673 2273 1704 2313 e
1749 2268 2095 2314 monumento

495 2339 750 2406 educere,
777 2359 936 2410 quam
972 2345 1041 2400 de
1066 2362 1224 2402 cruce
1249 2347 1599 2404 descendere.
1645 2349 1728 2405 Illi
1756 2350 1918 2420 igitur
1945 2350 2092 2406 dicc-

497 2431 626 2485 bant
657 2451 671 2486 :
700 2433 762 2487 Si
791 2434 958 2490 Filius
1001 2436 1099 2491 Dei
1139 2456 1224 2504 es,
1266 2441 1462 2494 saluata
1501 2441 1584 2508 [ac
1627 2443 2092 2513 temetipsum:ille

495 2536 626 2576 vero
656 2523 784 2578 nihil
817 2542 922 2580 non
950 2529 1176 2598 agebat,
1221 2539 1278 2584 ut
1318 2531 1435 2585 illos
1467 2532 1612 2602 ipsos
1637 2534 1726 2604 qui
1754 2548 1814 2589 se.
1837 2535 2092 2591 conviciis

494 2616 794 2672 onerabant
824 2620 1004 2674 salvos
1030 2620 1248 2688 faceret,
1277 2623 1462 2678 dicens
1493 2642 1508 2678 :
1537 2624 1744 2679 Dimitte
1775 2626 1880 2680 illis
1913 2639 2091 2693 pecca-

499 2717 605 2762 tum
655 2724 678 2765 :
721 2727 822 2764 non
844 2716 1908 2790 enimsciuntquidfaciunt(Lucﬂﬁ.34).
1953 2719 2092 2788 Quid

497 2801 690 2869 igitur?
718 2818 843 2858 num
870 2804 974 2858 illis
1005 2815 1278 2874 peccatum
1305 2807 1546 2864 dimisit?
1568 2810 1866 2867 Dimisrsset
1886 2812 2088 2883 utique,

493 2894 542 2948 si
571 2893 864 2951 voluissent
895 2900 1260 2966 paenitentiam
1303 2918 1483 2973 agere.
1525 2903 1578 2958 Si
1625 2904 1768 2960 enim
1799 2921 1906 2960 non
1934 2905 2093 2962 dimi-

495 2989 651 3043 sisset
684 2990 786 3044 illis
809 3002 1106 3060 peccatum,
1131 3011 1420 3066 numquam
1454 2997 1645 3053 Paulus
1671 2999 1857 3055 luisset
1876 3010 2092 3072 aposto-

494 3079 580 3134 lus
610 3098 623 3134 :
656 3081 700 3136 si
746 3098 850 3137 non
895 3083 1184 3140 dimisisset
1230 3087 1334 3142 illis
1377 3100 1675 3158 peccatum,
1713 3107 1818 3146 non
1863 3093 1960 3146 tria
2003 3092 2091 3148 illa

495 3173 685 3238 millia,
717 3191 822 3230 non
844 3178 1080 3249 quiuth
1107 3181 1291 3245 millia,
1327 3199 1432 3238 non
1463 3185 1644 3239 multm
1675 3185 1942 3257 myriades
1966 3202 2090 3242 cre-

493 3266 778 3323 didissent.
837 3269 988 3338 Quod
1042 3271 1184 3328 enim
1232 3274 1415 3329 multae
1458 3275 1767 3332 Judaéorum
1823 3278 2092 3352 myriades

493 3359 853 3427 crediderint,
889 3362 1013 3418 audi
1044 3365 1169 3433 quid
1207 3367 1433 3436 apostoli
1466 3367 1630 3423 Paulo
1658 3368 1878 3424 dicant:
1921 3368 2088 3436 Vides,

494 3455 674 3521 frater,
705 3464 824 3522 quot
869 3456 970 3510 sint
1008 3458 1261 3526 myriades
1302 3457 1602 3513 Judteorum
1647 3461 1734 3531 qui
1769 3461 2091 3516 crediderunt

520 3545 631 3598 Act.
659 3543 750 3599 21.
777 3544 892 3599 20).

520 3545 631 3598 Act.
659 3543 695 3596 2
737 3585 750 3596 .
777 3545 811 3597 2
877 3583 892 3599 .

493 3543 515 3610 (
569 3544 986 3683 Freqiteusobirca
1024 3617 1298 3672 orationem
1319 3637 1412 3689 pro
1438 3620 1656 3675 inimicis
1680 3622 1983 3678 admonitio.
2014 3654 2088 3666 -—

482 3695 771 3780 "ltuitemur
792 3708 970 3779 itaque
997 3710 1304 3778 Dominum,
1331 3721 1385 3766 et
1409 3727 1504 3782 pro
1527 3714 1756 3770 inimicis
1785 3730 2083 3785 precemur:

495 3800 740 3855 eamdem
766 3802 908 3857 enim
933 3803 1359 3859 cohortatinncm
1389 3821 1623 3873 resumo,
1648 3808 1758 3876 jam
1786 3809 1974 3879 quinto
2000 3809 2088 3864 die

496 3891 648 3949 vobis
672 3893 739 3949 de
763 3895 953 3950 eodem
987 3907 1301 3968 argumento
1342 3899 1573 3968 dissero,
1614 3916 1720 3955 non
1749 3903 1900 3972 quasi
1929 3902 2085 3957 inob-

494 3996 784 4058 sequentes
803 4003 898 4043 vos
912 4005 1162 4061 arguens,
1187 3990 1327 4045 absit
1349 4009 1363 4055 ;
1395 3993 1488 4048 sed
1511 4009 1735 4063 sperans
1757 4009 1852 4048 vos
1878 3994 2086 4050 obtem-

491 4087 774 4150 peraturos
799 4095 937 4136 esse.
967 4081 1118 4149 Quod
1139 4084 1183 4138 si
1207 4085 1294 4154 qui
1315 4086 1422 4140 sint
1443 4085 1582 4152 duri,
1618 4087 1857 4143 iracundi
1881 4098 1936 4144 et
1963 4105 2083 4144 mo-

495 4170 624 4237 rosi,
657 4172 744 4243 qui
770 4174 965 4229 nostris
990 4175 1129 4229 circa
1162 4175 1458 4231 orationem
1498 4179 1712 4233 monitis
1739 4195 1844 4234 non
1876 4195 2082 4236 morem

491 4273 698 4331 gerant,
719 4280 785 4319 cx
816 4281 1039 4321 numero
1067 4267 1256 4322 saltem
1287 4267 1492 4324 dierum
1520 4269 1808 4341 pudefacti,
1852 4272 2082 4327 inimici-

492 4357 594 4412 tias
621 4366 675 4412 et
709 4359 1008 4416 simultates
1035 4360 1323 4431 deponent.
1355 4361 1569 4419 Imitare
1599 4365 1882 4420 Dominum
1911 4383 1924 4419 :
1954 4381 2080 4422 cru-

490 4448 682 4505 ciﬁxus
705 4460 807 4514 est.
837 4459 892 4505 et
917 4468 1012 4522 pro
1039 4453 1468 4523 cruciﬁgentibus
1483 4455 1695 4512 Patrem
1721 4457 2078 4527 compellavit.

491 4537 560 4594 Et
589 4541 858 4610 quomodo
903 4543 1122 4612 possim,
1155 4545 1386 4616 inquies,
1417 4547 1700 4602 Dominum
1745 4549 1942 4605 imitari
1971 4550 1994 4603 ?
2025 4549 2081 4605 Si

491 4632 646 4697 velis,
670 4633 870 4702 poteris
907 4635 1046 4691 :nisi
1075 4637 1215 4692 enim
1248 4652 1433 4706 posses
1459 4639 1689 4704 imitari,
1721 4657 1815 4696 cur
1835 4641 2075 4708 dixisset,

494 4722 684 4779 Discite
726 4742 758 4778 a
791 4743 868 4779 me
891 4727 1011 4798 quia
1051 4729 1187 4782 mitis
1217 4746 1328 4782 sum
1353 4739 1400 4784 et
1441 4731 1648 4785 Immitis
1683 4734 1836 4787 corde
1864 4733 2078 4802 (Matth.

491 4819 578 4876 11.
609 4819 751 4889 29)?
796 4819 905 4875 Nisi
961 4836 1148 4892 posses
1188 4822 1405 4888 imitari,
1457 4839 1560 4879 non
1599 4826 1822 4882 dixisset
1861 4827 2078 4895 Paulus,

487 4907 781 4964 lmitatores
827 4913 923 4966 mei
964 4923 1139 4978 estote,
1168 4915 1299 4968 sicut
1327 4925 1374 4968 et
1399 4932 1490 4986 ego
1521 4915 1710 4972 Christi
1744 4919 1820 4988 (l.
1849 4917 1968 4973 Cor.
1989 4919 2076 4976 ll.

488 5003 568 5072 1).
594 5003 856 5060 Caeterum
907 5006 952 5060 si
991 5023 1095 5062 non
1134 5008 1217 5063 vis
1270 5009 1464 5064 imitari
1518 5011 1820 5074 Dominmn,
1871 5012 2080 5069 imitare

486 5113 826 5163 conservum,
858 5101 1186 5172 Stephanum
1211 5103 1458 5160 videlicet
1483 5105 1782 5175 apostolum
1818 5123 1832 5159 :
1873 5106 2074 5161 etenim

488 5189 578 5245 ille
606 5189 886 5246 Dominum
933 5193 1168 5249 imitatus
1211 5204 1312 5251 est.
1343 5197 1410 5251 Et
1447 5196 1895 5267 quemadmodum
1927 5197 2080 5253 Chri-

485 5290 599 5337 stus
642 5283 783 5337 inter
807 5284 1200 5354 cruciﬁgentes,
1233 5287 1393 5343 missa
1435 5304 1614 5354 cruce,
1640 5289 1818 5344 missis
1843 5289 1928 5355 iis,
1960 5305 2079 5360 qua:

484 5373 550 5430 ad
583 5389 643 5430 se
665 5375 997 5445 Spectabant,
1031 5392 1129 5446 pro
1154 5379 1584 5450 cruciﬁgentibus
1611 5396 1670 5435 se
1711 5382 1920 5436 Patrem
1949 5398 2074 5451 pre-

484 5465 741 5527 cabatur;
781 5468 852 5522 ita
895 5477 949 5522 et
979 5484 1167 5524 servus
1205 5473 1343 5525 inter
1370 5472 1687 5540 lapidantes,
1715 5475 1785 5528 ab
1825 5474 2076 5530 omnibus

487 5559 776 5627 impetitus,
808 5561 1080 5630 excipiens
1107 5561 1340 5632 lapidum
1363 5564 1518 5628 ictus,
1548 5569 1713 5620 misso
1733 5565 1938 5630 dolore,
1967 5580 2075 5635 quo

489 5649 612 5704 hinc
635 5651 982 5720 afﬁciebatur,
1016 5655 1246 5720 dicebat,
1273 5655 1508 5719 Domine,
1543 5675 1606 5710 ne
1623 5667 1819 5712 statuas
1849 5659 1953 5711 illis
1977 5660 2072 5713 hoc

490 5753 744 5806 peccatum
773 5747 907 5815 (Act.
937 5747 988 5802 7.
1017 5747 1131 5818 59).
1155 5748 1337 5803 Viden’
1365 5750 1636 5818 quomodo
1677 5751 1924 5822 loquatur
1964 5751 2070 5806 Do-

486 5833 704 5888 minus?
737 5836 923 5892 \'idcn'
952 5840 1220 5907 quomodo
1245 5849 1490 5912 precetur
1530 5847 1762 5900 servus?
1805 5843 1895 5900 ille
1925 5844 2071 5913 dicit,

1250 371 1311 428 8.
1349 371 1632 430 JOANNIS
1669 375 2143 434 CHRYSOSTOMI
2175 377 2489 434 ARCIIIEP.
2531 372 3069 435 CONSTANTINOP-

3686 382 3784 440 406

2206 485 2383 556 Pater,
2419 490 2614 544 dimitte
2633 491 2736 545 illis
2761 491 2856 545 hoc
2881 502 3180 563 precatam;
3208 507 3308 549 nan
3334 497 3466 550 enim
3485 496 3650 552 sciunt
3673 503 3788 572 quid

2203 582 2400 651 [arium
2423 581 2573 654 (Luc.
2604 582 2695 637 25.
2725 584 2818 651 54)
2850 603 2863 640 :
2909 585 2994 639 hic
3033 595 3182 649 vero,
3216 579 3297 641 Ne
3326 597 3519 642 statuas
3548 586 3655 646 illis
3699 594 3789 648 hoc

2203 685 2482 745 peccatum.
2511 675 2582 732 Ut
2607 692 2735 731 vero
2764 677 2940 732 discas
2984 674 3132 733 illum
3172 679 3410 735 studiose
3435 683 3662 750 precari,
3687 700 3788 738 non

2203 779 2373 835 stans,
2424 769 2684 838 lapidibus
2713 769 2836 825 licet
2855 771 3096 838 obrutus,
3125 777 3276 839 orat,
3304 774 3402 828 sed
3431 777 3616 843 pusiﬁs
3641 778 3785 846 geni-

2202 863 2304 919 bus
2328 878 2450 918 cum
2491 865 2900 932 compunctione
2941 865 3195 934 loquitur,
3224 875 3278 920 et
3303 879 3423 920 cum
3455 869 3618 922 multa
3645 881 3785 924 com-

2204 956 2565 1011 miseratione.
2583 956 2675 1010 Vis
2704 955 2980 1012 ostendam
2996 957 3086 1011 tibi
3108 969 3428 1014 conservum
3455 960 3618 1014 alium
3637 956 3786 1031 longe

2203 1047 2473 1117 graviora,
2504 1062 2663 1116 quam
2695 1047 2803 1113 ille,
2829 1049 3162 1118 patientem?
3190 1049 3384 1104 Paulus
3404 1050 3497 1117 ait,
3527 1051 3571 1104 Α
3596 1050 3788 1107 Jttda'is

2205 1148 2280 1192 ter
2307 1139 2461 1211 virgis
2488 1156 2652 1195 caesus
2681 1157 2814 1208 sum,
2839 1142 2996 1196 semel
3030 1142 3287 1212 lapidatus
3312 1155 3445 1212 sum,
3479 1156 3626 1200 nocte
3649 1153 3696 1200 et
3713 1148 3790 1201 die

2201 1232 2256 1286 in
2275 1232 2532 1303 profundo
2553 1234 2630 1304 fui
2660 1233 2740 1304 (2.
2765 1233 2882 1287 Cor.
2907 1230 2996 1289 il.
3025 1235 3118 1288 24.
3137 1233 3254 1305 25).
3273 1233 3412 1301 Quid
3440 1246 3549 1290 tum
3570 1240 3792 1307 postea?

2206 1321 2478 1392 Optabam,
2500 1323 2686 1394 inquit,
2712 1325 2824 1394 ipse
2848 1325 3120 1379 anathema
3139 1335 3246 1380 esse
3269 1337 3362 1397 pro
3383 1327 3629 1398 fratribus
3646 1331 3783 1395 meis,

2201 1414 2428 1484 cognatis
2454 1415 2574 1469 meis
2615 1415 2894 1470 secundant
2928 1428 3131 1470 carnem
3157 1415 3336 1484 (Rom.
3369 1418 3421 1474 9.
3453 1416 3704 1488 5).Visttc
3739 1432 3791 1474 ct

2201 1506 2364 1560 alium
2397 1506 2599 1573 videre,
2629 1522 2733 1561 non
2756 1523 2824 1562 ex
2852 1522 3010 1575 novo,
3030 1508 3123 1563 sed
3148 1518 3214 1563 es
3245 1509 3412 1564 veteri
3427 1509 3790 1565 Testamento?

2201 1596 2316 1652 Hoc
2339 1598 2482 1652 enim
2517 1609 2600 1652 est
2646 1599 2878 1654 maxime
2917 1601 3154 1654 omnium
3194 1594 3456 1666 mirabile,
3509 1602 3653 1672 quod
3705 1601 3788 1658 ubi

2201 1707 2310 1746 non
2358 1692 2804 1762 praecipiebantur
2847 1695 3090 1750 inimicos
3133 1695 3377 1765 diligere,
3433 1696 3560 1766 quin
3617 1698 3788 1768 potius

2199 1781 2413 1837 oculum
2445 1799 2540 1850 ιτο
2569 1783 2724 1836 oculo
2775 1784 3109 1853 exsculpere,
3140 1794 3192 1840 et
3221 1785 3438 1840 dentem
3481 1800 3583 1856 pro
3632 1787 3789 1842 dente

2201 1872 2396 1942 (Exod.
2423 1874 2512 1928 21.
2536 1874 2624 1929 24.
2654 1875 2768 1945 25),
2799 1876 3026 1944 atquein
3043 1876 3199 1931 malis
3224 1892 3318 1946 par
3345 1878 3455 1946 pari
3483 1877 3704 1945 referre,
3726 1880 3787 1934 ad

2201 1966 2548 2034 apostolicam
2577 1969 2921 2035 pervenerint
2949 1967 3356 2038 philosophiam.
3381 1970 3520 2025 Audi
3555 1971 3681 2042 quid
3705 1971 3787 2025 di-

2200 2068 2285 2115 cat
2301 2058 2531 2130 Moyses,
2553 2061 2641 2130 qui
2661 2075 2804 2130 sa'pe
2828 2059 3071 2116 aJudteis
3090 2061 3370 2130 lapidatus,
3393 2072 3447 2117 et
3468 2064 3787 2134 contemptui

2201 2151 2414 2208 habitus
2439 2163 2522 2208 est
2550 2171 2564 2206 :
2587 2153 2649 2208 Si
2663 2153 2876 2208 dimittis
2899 2154 3002 2208 illis
3031 2165 3311 2226 peccatum,
3342 2158 3580 2223 dimitte;
3611 2159 3657 2211 si
3680 2169 3790 2211 vero

2199 2260 2322 2310 non,
2345 2243 2498 2297 etiam
2527 2261 2606 2298 me
2631 2244 2743 2300 dele
2769 2244 2996 2300 delibro.
3017 2257 3169 2312 quem
3187 2245 3446 2309 scripsisti
3461 2242 3667 2313 (Exod.
3701 2248 3787 2305 ⁸52.

2201 2337 2292 2393 3|.
2323 2335 2437 2409 52).
2465 2336 2652 2392 Viden‘
2675 2336 2968 2406 quemlibet
2997 2352 3062 2392 ex
3083 2337 3243 2406 justis
3265 2338 3485 2393 aliorum
3527 2339 3788 2394 securita-

2202 2437 2311 2486 tem
2355 2431 2710 2498 praeposuissc
2751 2428 2906 2483 saluti
2949 2443 3060 2483 suae
3088 2428 3112 2482 ‘l
3142 2428 3283 2485 Nihil
3313 2430 3566 2499 peccasti,
3617 2436 3671 2485 et
3696 2445 3788 2486 cur

2201 2520 2287 2574 vis
2314 2534 2437 2574 esse
2481 2534 2667 2575 eorum
2717 2519 2964 2590 supplicii
3007 2521 3271 2575 consors?
3313 2521 3468 2588 Quia,
3522 2523 3785 2593 inquiunt,

2202 2613 2414 2668 caeteris
2453 2613 2596 2668 malo
2620 2612 2844 2675 allectis,
2866 2613 2944 2668 rei
2975 2628 3109 2670 mea:
3136 2629 3409 2684 prosperae
3438 2629 3658 2670 sensum
3684 2624 3786 2672 nan

2199 2704 2460 2776 percipio.
2490 2704 2617 2760 Haec
2643 2707 2886 2775 exempla
2916 2708 3044 2762 satis
3071 2715 3290 2761 essent:
3318 2707 3384 2761 ad
3411 2708 3670 2776 majorem
3691 2723 3784 2762 au-

2199 2804 2309 2853 tem
2337 2797 2506 2854 nostri
2555 2798 2986 2854 emendationem
3028 2799 3190 2854 alium
3231 2799 3419 2855 eadem
3454 2800 3782 2870 philosophia

2201 2895 2440 2944 utentem
2469 2887 2522 2941 in
2548 2887 2780 2944 medium
2810 2889 3093 2945 adducam.
3123 2890 3195 2944 At
3245 2890 3388 2946 enim
3415 2891 3582 2946 David
3609 2893 3788 2947 beatus

2198 2982 2290 3037 ille
2339 2991 2756 3052 mansuetusque
2785 2983 2898 3048 vir,
2929 2992 3207 3053 postquam
3241 2985 3508 3039 exercitus
3533 2993 3676 3039 totus
3700 2983 3788 3038 de-

2197 3075 2420 3138 fecerat,
2452 3084 2618 3144 atque
2647 3091 2834 3131 necem
2863 3076 2978 3146 ejus
3003 3076 3232 3130 moliens
3259 3077 3368 3130 ﬁlio
3396 3078 3682 3133 Abesalom
3705 3087 3786 3150 ty-

2195 3167 2476 3222 rannidem
2503 3167 2803 3232 detulerat;
2849 3167 3046 3224 deinde
3092 3170 3201 3225 Deo
3249 3171 3318 3226 ob
3345 3169 3475 3225 illud
3503 3170 3784 3226 facinusin

2198 3259 2332 3314 iram
2351 3259 2618 3315 concitato
2641 3257 2790 3332 (quid
2832 3261 2976 3315 enim
3015 3260 3239 3316 interest
3286 3262 3332 3316 si
3361 3261 3520 3318 aliam
3551 3264 3784 3317 interne-

2196 3350 2368 3406 cionis
2411 3366 2627 3406 causam
2654 3350 2890 3421 proferat
2907 3351 2954 3422 ἲ)
2987 3352 3208 3422 ipsoque
3245 3353 3489 3423 angelum
3522 3355 3783 3418 mittente,

2195 3443 2286 3513 qui
2325 3443 2569 3499 districto
2612 3444 2787 3514 gladio
2819 3445 3026 3516 plagam
3062 3459 3290 3516 superne
3310 3446 3553 3514 inferret,
3582 3448 3782 3512 videns.

2195 3535 2436 3604 inquam,
2469 3535 2635 3590 David
2677 3548 2864 3592 omnes
2887 3537 3064 3608 gladio
3091 3538 3305 3603 cadere,
3329 3538 3455 3608 quid
3485 3538 3656 3594 dicit?
3677 3537 3783 3609 Ego

2201 3628 2286 3698 qui
2307 3638 2481 3698 pastor
2503 3645 2616 3682 sum
2635 3630 2859 3699 peccavi,
2888 3638 2934 3685 et
2955 3645 3046 3700 ego
3068 3639 3242 3699 pastor
3265 3631 3436 3701 inique
3453 3632 3534 3701 egi
3556 3647 3576 3686 :
3601 3633 3665 3686 sit
3688 3643 3783 3683 ma-

2195 3735 2290 3772 nus
2313 3729 2402 3772 tua
2442 3735 2595 3790 super
2622 3735 2719 3786 me,
2748 3730 2795 3773 et
2815 3736 2968 3785 super
2993 3720 3200 3775 domum
3228 3722 3388 3790 patris
3415 3723 3510 3774 mei
3547 3721 3623 3788 (2.
3656 3720 3777 3792 Reg.

2193 3811 2282 3866 24.
2310 3810 2422 3882 17).
2452 3810 2614 3866 Vides
2635 3812 2828 3866 iterum
2855 3811 3049 3866 similia
3083 3812 3336 3881 praeclare
3353 3822 3499 3882 gesta
3527 3813 3551 3865 ?
3587 3813 3674 3868 Vis
3693 3823 3779 3866 os-

2195 3904 2408 3959 tendam
2457 3905 2551 3958 tibi
2595 3914 2651 3960 et
2699 3904 2903 3960 alium?
2936 3919 3110 3974 neque
3135 3905 3275 3959 enim
3316 3905 3484 3960 deerit
3511 3906 3650 3961 alter
3693 3905 3778 3976 qui

2193 3996 2384 4051 eodem
2424 3995 2586 4050 modo
2616 3996 3043 4066 philosophetur.
3080 3996 3294 4052 Samuel
3337 3997 3429 4051 ille
3473 3999 3778 4068 prophetas

2191 4087 2391 4143 Iudaeis
2403 4087 2725 4142 contumelia
2741 4087 2964 4144 allectus
2980 4097 3084 4156 est,
3106 4088 3399 4157 depositus,
3421 4096 3776 4156 contemptus,

2192 4179 2264 4234 ita
2308 4186 2365 4234 ut
2405 4179 2546 4236 Deus
2574 4179 2748 4250 ipsum
2795 4179 3062 4234 consolari
3085 4180 3305 4248 cupiens
3334 4178 3556 4245 diceret,
3593 4177 3774 4232 Nocte

2190 4279 2617 4343 contempserunt,
2645 4271 2733 4326 sed
2773 4288 2854 4326 me
2876 4271 2952 4344 (1.
2986 4270 3116 4341 Reg.
3154 4271 3208 4325 8.
3239 4271 3316 4341 7).
3337 4269 3474 4336 Quid
3504 4270 3662 4339 igitur
3687 4268 3772 4321 ille

2197 4365 2565 4428 contemptus,
2586 4358 2896 4427 despectus,
2919 4353 3250 4409 contumelia
3281 4353 3541 4408 allectus?
3563 4354 3709 4408 Absit
3733 4365 3764 4405 α

2193 4468 2275 4508 me
2301 4461 2359 4505 ut
2397 4452 2475 4505 ita
2496 4467 2720 4522 peccem,
2744 4459 2801 4503 ut
2821 4463 3016 4502 cessem
3037 4463 3192 4501 orare
3207 4462 3299 4514 pro
3320 4447 3460 4500 vobis
3484 4445 3764 4500 Dominum

2194 4544 2274 4618 (ί.
2293 4542 2420 4613 Reg.
2447 4542 2536 4607 12,
2557 4540 2672 4612 25).
2691 4539 2982 4595 Peccatum
3002 4538 3215 4608 putavit
3229 4551 3350 4592 esse
3371 4555 3478 4592 non
3497 4554 3654 4592 orare
3671 4553 3764 4606 pro

2195 4640 2458 4696 inimicis.
2482 4639 2640 4695 Absit
2673 4655 2702 4693 a
2727 4654 2816 4694 me
2842 4647 2901 4692 ut
2921 4638 2992 4691 ita
3018 4653 3258 4707 peccem,
3281 4645 3341 4689 ut
3366 4649 3474 4689 non
3499 4647 3648 4688 orem
3671 4643 3764 4700 pro

2190 4731 2371 4788 vobis!
2387 4728 2639 4784 Christus
2651 4730 2810 4784 dicit:
2833 4729 3122 4793 Pater,dim
3131 4729 3167 4781 it
3176 4737 3221 4781 te
3236 4727 3343 4780 illis
3359 4734 3653 4795 peccatum;
3666 4736 3766 4773 non

2189 4829 2330 4886 enim
2351 4825 2666 4897 sciuntquid
2686 4825 2894 4894 faciunt
2921 4823 3075 4894 (Luc.
3091 4824 3186 4890 23,
3204 4824 3316 4895 ὅθε
3344 4821 3652 4890 Stephanus
3675 4829 3762 4871 ve.

2191 4935 2278 4985 ro,
2301 4918 2545 4985 Domine,
2566 4933 2626 4971 ne
2647 4926 2854 4971 statuas
2880 4916 2990 4970 illis
3010 4917 3104 4969 hoc
3124 4925 3394 4985 peccatum
3420 4914 3557 4984 (Act.
3583 4912 3633 4964 7.
3649 4909 3760 4975 59);

2189 5011 2384 5066 Paulus
2428 5019 2627 5074 autem,
2661 5005 2914 5078 Optabam
2949 5007 3224 5060 anathema
3251 5021 3360 5059 esse
3395 5021 3488 5074 pro
3533 5002 3768 5075 fratribus

2187 5103 2331 5169 meis,
2382 5101 2608 5171 cognatis
2658 5100 2784 5153 meis
2837 5099 3114 5152 secundum
3160 5113 3362 5150 carnem
3405 5097 3577 5166 (Rom.
3607 5095 3657 5150 9.
3689 5093 3766 5160 5).

2187 5193 2396 5264 Moyses
2419 5189 2566 5255 dicit,
2592 5189 2654 5242 Si
2674 5189 2884 5242 dimittis
2905 5197 3166 5259 peccatum
3191 5186 3316 5251 illis,
3338 5186 3532 5240 dimitte
3558 5203 3577 5240 :
3596 5184 3638 5237 si
3659 5195 3767 5235 vero

2185 5303 2308 5351 non,
2337 5285 2492 5338 etiam
2521 5299 2598 5336 me
2627 5283 2738 5336 dele
2757 5283 2819 5335 de
2843 5283 2993 5346 libro,
3015 5298 3163 5353 quem
3189 5281 3438 5350 scripsisti
3460 5279 3647 5348 (Exod.
3677 5275 3763 5330 52.

2186 5380 2272 5434 5|.
2306 5377 2422 5447 32);
2445 5376 2609 5431 David
2637 5391 2784 5440 vero,
2813 5377 2896 5430 Sit
2924 5393 3103 5428 manus
3133 5384 3222 5428 tua
3249 5391 3404 5443 super
3431 5389 3529 5438 me,
3561 5382 3605 5426 et
3621 5379 3764 5439 super

2184 5473 2390 5524 domum
2432 5470 2593 5538 patris
2635 5469 2733 5522 mei
2777 5464 2859 5536 (ι.
2888 5466 3016 5538 Reg.
3057 5467 3149 5521 24.
3182 5468 3293 5537 17);
3322 5467 3533 5522 Samuel
3569 5473 3759 5525 autem,

2184 5565 2325 5617 Absit
2369 5581 2401 5616 tt
2427 5579 2504 5616 me
2529 5563 2599 5615 ita
2624 5577 2847 5630 peccare,
2883 5569 2935 5612 ut
2965 5576 3176 5614 cesssem
3211 5575 3356 5614 orare
3382 5576 3473 5627 pro
3497 5545 3628 5611 vobis
3655 5553 3761 5607 Do-

2184 5658 2376 5710 minum
2405 5653 2489 5726 (1.
2513 5655 2640 5725 Reg.
2687 5653 2774 5708 12.
2814 5653 2927 5722 25).
2952 5653 3120 5720 Quam
3171 5653 3330 5723 igitur
3349 5652 3557 5708 veniam
3580 5659 3759 5704 consc-

2181 5765 2430 5818 qucmur,
2462 5749 2688 5804 Domino
2715 5757 2770 5801 et
2797 5747 2965 5801 servis
2993 5759 3101 5800 tum
3135 5747 3256 5801 novi
3287 5756 3401 5801 tum
3434 5746 3626 5802 veteris
3653 5740 3752 5796 Tc-

2182 5842 2432 5897 stameuti
2460 5839 2847 5897 concitantibus
2877 5839 2942 5894 ad
2973 5839 3265 5895 orationem
3297 5854 3392 5910 pro
3439 5833 3681 5897 inimicis,
3712 5830 3756 5886 sl
