4100 6490
445 5677 466 5722 ξ

1232 393 1288 448 S.
1327 390 1617 448 JOANNIS
1651 384 2140 444 CIIRYSOSTOMI
2181 378 2498 438 ARCIIIEP.
2537 376 3097 437 CONSTANTINOP.
3660 373 3763 432 ωδ

2180 497 2310 560 τοὺς
2369 494 2597 566 ἐχθροὺς
2648 494 2988 566 φιλήσωμεν,
3035 491 3129 547 τοῦ
3175 489 3310 545 Θεοῦ
3347 489 3489 544 κατὰ
3535 489 3764 561 δύναμιν

2183 578 2336 653 [411]
2360 578 2709 650 ἀνθρωπίνην
2743 580 2920 649 ὅμοιοι
2944 577 3268 646 γεγόναμεν,
3307 577 3388 629 ὅτι
3435 574 3554 628 Τὸν
3589 574 3766 643 ἥλιον

2180 664 2368 720 αὑτοῦ
2405 665 2724 718 ἀνατέλλει
2757 663 2856 716 ἐπί
2886 660 3189 730 πονηροὺς
3213 658 3312 714 καί
3339 657 3639 728 ἀγαθοὺς.
3669 670 3768 712 και

2169 749 2383 819 βρέχει
2403 747 2503 800 ἐπὶ
2527 746 2799 813 δικαίους
2831 745 3216 810 καὶάδὼιους.
3259 741 3556 814 Γενώμεθα
3589 741 3769 795 τοίνυν

2181 833 2358 902 ὅμοιοι
2378 830 2473 884 τοῦ
2499 829 2734 902 Πατρός.
2777 829 3035 883 Γίνεσθε
3063 825 3195 899 γάρ,
3218 827 3404 897 φησὶν,
3433 825 3632 895 ὅμοιοι
3664 823 3770 879 τοῦ

2185 913 2415 983 Πατρός
2466 911 2634 983 ὑμῶν
2664 911 2771 967 τοῦ
2803 911 2873 966 ἐν
2897 911 3023 977 τοῖς
3066 910 3379 978 οὐρανοῖς,
3413 911 3504 962 ἵνα
3539 909 3638 963 καὶ
3673 913 3772 980 τῆς

2183 997 2462 1070 βασιλείας
2492 997 2602 1050 τῶν
2655 995 2904 1068 οὐρανῶν
2949 993 3392 1064 καταξιωθῶμεν,
3445 993 3641 1063 χάριτι
3678 989 3772 1045 καὶ

2183 1080 2567 1153 φιλανθρωπίᾳ
2593 1080 2686 1134 τοῦ
2709 1078 2917 1151 Κυρίου
2947 1079 3042 1132 καὶ
3061 1077 3197 1131 Θεοῦ
3218 1079 3313 1131 καὶ
3336 1077 3595 1148 Σωτῆρος
3619 1074 3774 1145 ἡμῶν

2198 1164 2373 1236 Ἰησοῦ
2411 1163 2673 1236 Χριστοῦ,
2707 1157 2752 1232 ᾧ
2775 1166 2811 1237 ὴ
2856 1163 2984 1231 δόξα
3033 1163 3128 1216 καὶ
3168 1161 3231 1215 τὸ
3263 1162 3480 1232 ,κράτος
3527 1162 3611 1223 εἰς
3648 1159 3773 1223 τοὺς

2185 1249 2392 1313 αἰῶνας
2419 1249 2528 1303 τῶν
2561 1247 2798 1304 αἰώνων.
2845 1249 3036 1320 Ἀμήν.

490 391 594 449 607

494 507 636 577 ὑπὲρ
655 505 764 560 τῶν
795 505 1004 578 ἐχθρῶν
1035 505 1222 577 εὐχὴν,
1245 506 1400 559 αὐτοὶ
1414 505 1476 558 τὸ
1506 502 1748 558 ἐναντίον
1771 499 2072 564 ποιοῦντες,

493 591 590 643 καὶ
621 590 763 642 κατά
786 589 892 640 τῶν
922 589 1130 661 ἐχθρῶν
1157 591 1461 660 εὐχόμενος
1488 588 1598 659 Μὴ,
1625 584 1951 658 παρακαλῶ,
1975 583 2070 654 μὴ,

493 672 730 739 ἀδελφοί.
779 673 888 724 Καὶ
926 672 1034 744 γάρ
1068 673 1180 747 ὅσῳ
1239 671 1462 726 πλείονα
1520 671 1590 723 τὰ
1626 669 2071 740 παραδείγματα,

493 755 766 826 τοσούτῳ,
793 755 888 809 ὲάν
927 755 1001 827 μὴ
1057 754 1466 828 μιμησώμεθα,
1511 753 1713 824 μείζων
1742 754 1776 823 η
1827 751 2070 814 κόλασις.

491 838 695 900 Μεῖζον
722 839 783 889 τὸ
814 839 952 910 ὑπὲρ
980 838 1090 892 τῶν
1120 839 1332 910 ἐχθρῶν
1361 836 1617 907 εὔχεσθαι
1655 834 1751 888 τοῦ
1787 835 1927 905 ὺπέρ
1967 832 2077 885 τῶν

493 921 667 988 φίλων
687 937 702 951 '
727 922 848 974 οὐδέ
866 925 976 995 γὰρ
992 922 1165 985 οὕτως
1189 924 1334 992 ὑμᾶς
1356 921 1559 990 ὠφελεῖ
1575 921 1774 981 ἐκεῖνο,
1791 917 1867 982 ὠς
1893 916 2072 969 τοῦτο.

507 1003 766 1074 Ἐὰνγίιρ
779 1005 997 1074 φιλ-ἦτε
1015 1006 1155 1072 τοὺς
1181 1006 1513 1076 φιλοῦντας
1539 1003 1714 1074 ὑμᾶς,
1731 1000 1911 1055 οὐδὲν
1922 998 2077 1069 μέγα

494 1087 735 1152 ποιεῖτε,
768 1091 902 1160 φησί
923 1108 936 1120 ·
969 1092 1068 1144 καὶ
1102 1091 1211 1161 γὰρ
1233 1092 1288 1143 οὶ
1318 1088 1569 1143 τελῶναι
1602 1087 1669 1140 τὸ
1693 1084 1843 1140 αὐτὸ
1869 1084 2074 1138 ποιοῦ·

495 1187 621 1226 σιν.
656 1172 817 1226 Ὥστε
853 1173 948 1228 ἐὰν
979 1175 1119 1245 ὑπὲρ
1159 1172 1270 1226 τῶν
1305 1173 1475 1243 φίλων
1503 1168 1811 1240 εὐξώμεθα,
1863 1166 2077 1221 οὐδέπω

495 1256 602 1310 τῶν
627 1256 856 1310 ἐθνικῶν
886 1257 1190 1328 ἢτελωνῶν
1216 1255 1515 1328 ἐγενόμεθα
1553 1253 1824 1325 βελτίους·
1858 1252 1986 1305 ὅταν
2020 1249 2077 1302 δὲ

501 1695 610 1760 Εἰς
633 1691 741 1746 τὸν
765 1689 1053 1760 σταυρὸν,
1082 1692 1299 1760 ἐλέχθη
1330 1691 1419 1755 είς
1449 1688 1563 1758 τὴν
1582 1691 1762 1761 ἁγίαν
1792 1692 1887 1745 καὶ
1913 1689 2192 1762 μεγάλην
2233 1684 2632 1756 Παρασκευήν
2651 1700 2665 1714 ’
2723 1683 2820 1738 καί
2880 1685 2968 1750 εἰς
3019 1683 3132 1750 τὴν
3159 1679 3607 1751 ἐξομολόγησιν
3663 1677 3767 1731 τοῦ

1199 1777 1458 1863 λῃστοῦ,
1489 1779 1584 1833 καὶ
1623 1779 1714 1833 ὅτι
1753 1780 1871 1849 χρὴ
1910 1776 2069 1848 ἡμᾶς
2101 1775 2254 1848 ὑπὲρ
2277 1776 2396 1830 τῶν
2433 1773 2665 1848 ἐχθρῶν
2706 1773 3014 1846 εὔχεσθαι.

1139 2036 1371 2108 Ὀμιλία
1385 2036 1470 2102 β’.

569 2132 637 2180 a'.
656 2125 880 2198 Ἐορτὴν
908 2124 1112 2196 ἄγομεν
1132 2129 1371 2200 σήμερον
1396 2126 1488 2182 καὶ
1519 2128 1844 2197 πανήγυριν,
1867 2125 2086 2194 ἀγαπη-

506 2209 592 2264 τοί
617 2228 631 2242 ο
665 2213 692 2263 6
717 2209 828 2281 γάρ
865 2209 1142 2282 Δεσπότης
1185 2212 1214 2265 6
1249 2212 1520 2282 ἡμέτερος
1572 2211 1666 2264 ἐπὶ
1717 2208 1812 2263 τοῦ
1851 2205 2086 2280 σταυροῦ

497 2294 759 2365 τυγχάνει
793 2294 906 2358 τοῖς
941 2291 1093 2372 ἣλοις
1135 2294 1505 2368 πεπαρμένος.
1548 2293 1660 2348 Καὶ
1701 2291 1776 2364 μὴ
1816 2290 2086 2362 ξενισθῇς,

497 2381 548 2432 εἰ
571 2377 667 2432 τοῦ
696 2376 1027 2449 πράγματος
1053 2377 1381 2452 σκυθρωποῦ
1397 2377 1759 2450 τυγχάνοντος
1787 2377 1947 2447 ἡμεῖς
1970 2375 2092 2446 ἐορ-

495 2462 762 2534 τάζομεν·
790 2460 1015 2515 τοιαῦτα
1050 2461 1157 2536 γάρ
1190 2461 1408 2516 ἅπαντα
1452 2460 1521 2515 τὰ
1554 2459 1940 2532 πνευματικὰ,
1983 2459 2091 2512 ἀπο

495 2545 747 2609 ιναντίας
776 2547 840 2616 τῇ
876 2543 1141 2616 συνηθείᾳ
1175 2548 1242 2617 τῇ
1290 2545 1608 2620 ἀνθρωπίνῃ
1657 2544 1797 2599 ἐστί.
1848 2544 1961 2598 Καὶ
2001 2543 2090 2598 ἵνα

499 2627 679 2700 μάθῃς
704 2628 864 2681 τοῦτο
889 2627 1157 2701 ἀκριϐῶς,
1192 2630 1220 2682 6
1246 2629 1478 2700 σταυρὸς
1502 2628 1765 2700 πρότερον
1789 2625 2089 2698 καταδίκης

497 2714 668 2784 ονομα
701 2711 792 2764 καὶ
818 2711 1090 2785 τιμωρίας
1120 2707 1208 2782 ἦν,
1227 2712 1323 2765 νῦν
1340 2711 1398 2764 δε
1426 2713 1659 2783 πρᾶγμα
1682 2709 1874 2780 γέγονε
1909 2708 2091 2780 τίμιον

495 2795 592 2846 καὶ
624 2793 875 2846 ποθεινόν
899 2811 914 2825 ο
946 2795 974 2846 6
1001 2788 1239 2865 σταυρὸς
1289 2793 1556 2869 πρότερον
1589 2795 1854 2865 αἰσχύνης
1891 2789 1959 2864 ἦν
1995 2794 2090 2847 καὶ

496 2877 771 2941 κολάσεως
799 2877 1077 2941 ὑπόθεσις,
1117 2877 1212 2931 νῦν
1250 2878 1307 2932 δὲ
1337 2878 1532 2950 γέγονε
1580 2878 1741 2951 δόξης
1797 2878 1894 2932 καί
1924 2879 2092 2950 τιμῆς

494 2963 743 3034 ἀφορμή.
774 2962 886 3014 Καὶ
919 2963 1002 3019 ὃτι
1039 2960 1167 3028 δόξα
1198 2964 1226 3016 6
1263 2963 1515 3034 σταυρὸς,
1547 2962 1782 3016 ἄκουσον
1827 2961 1923 3017 τοῦ
1956 2964 2093 3032 Χρι-

496 3043 624 3096 στοῦ
641 3043 893 3112 λέγοντος
913 3059 928 3073 ⁸
959 3043 1170 3114 Πάτερ,
1192 3045 1460 3112 δόξασόν
1473 3063 1551 3116 με
1574 3045 1648 3115 τῇ
1676 3046 1828 3116 δόξῃ
1858 3041 1898 3119 ᾖ
1923 3042 2093 3116 εἶχον

493 3127 606 3193 πρὸ
634 3127 742 3181 τοῦ
765 3127 871 3181 τὸν
887 3130 1120 3198 κόσμον
1134 3126 1288 3184 εῖναι
1310 3130 1470 3199 παρὰ
1485 3131 1605 3195 σοί,
1623 3131 1782 3196 δόξαν
1804 3130 1895 3185 τὸν
1923 3148 2090 3184 σταυ-

498 3210 589 3280 ρὸν
617 3209 820 3266 καλῶν.
855 3213 1099 3282 Σταυρὸς
1127 3213 1188 3266 τὸ
1211 3214 1510 3284 κεφάλαιον
1546 3215 1645 3288 τῆς
1692 3216 1967 3288 σωτηρίας
1993 3217 2094 3288 τῆς

493 3294 802 3365 ἡμετέρας’
838 3295 1131 3369 σταυρὸςή
1165 3296 1273 3351 τῶν
1311 3298 1523 3368 μυρίων
1549 3297 1773 3367 ἀγαθῶν
1807 3300 2095 3362 ὑπόθεσις.

493 3377 592 3430 Διά
612 3377 804 3433 τοῦτον
824 3380 874 3432 οἰ
898 3379 1162 3453 πρότερον
1189 3381 1533 3452 ἠτιμωμένοι
1555 3380 1652 3435 καὶ
1673 3381 1967 3447 ἐκπτωτοι,
1991 3381 2086 3438 νῦν

493 3463 576 3524 εἰς
601 3461 703 3533 τὴν
730 3462 839 3516 τῶν
864 3461 996 3517 υἱῶν
1025 3463 1184 3529 τάξιν
1210 3463 1509 3534 ἐδέχθημεν
1535 3479 1548 3492 ·
1578 3463 1668 3519 διὰ
1689 3465 1880 3519 τοῦτον
1905 3466 2092 3520 οὐκέτι

495 3543 848 3615 πλανώμεθα,
885 3546 1025 3599 άλλά
1052 3545 1151 3618 τὴν
1173 3546 1433 3618 ἀλήθειαν
1456 3547 1780 3621 ἐπέγνωμεν
1799 3565 1814 3578 '
1851 3550 1940 3604 διὰ
1968 3551 2092 3604 τοῦ·

492 3642 585 3680 τον
608 3627 658 3680 οί
687 3625 821 3691 ξύλα
855 3629 949 3681 καὶ
973 3627 1156 3692 λίθους
1191 3628 1629 3704 προσκυνοῦντες
1663 3631 1953 3704 πρότερον,
1994 3632 2092 3688 νῦν

493 3710 814 3783 ἐπέγνωμεν
838 3711 930 3764 τὸν
965 3711 1077 3763 τῶν
1098 3711 1355 3769 ἁπάντων
1392 3713 1727 3784 δημιουργόν
1744 3731 1756 3744 ·
1782 3714 1871 3770 διὰ
1898 3715 2090 3772 τοῦτον

493 3795 541 3845 οἰ
577 3792 755 3846 δοῦλοι
781 3794 878 3873 τῆς
905 3796 1183 3871 ἁμαρτίας
1204 3798 1286 3861 εἰς
1316 3797 1414 3871 τὴν
1452 3797 1768 3870 ἐλευθερίαν
1811 3813 1836 3840 ιι
1875 3801 1974 3873 τῆς
2004 3801 2089 3855 διο

496 3875 793 3980 καιοσύνης
831 3871 1176 3980 ἀνηχθημεχο
1201 3879 1297 3978 διὰ
1325 3880 1574 3980 τοῦτονοή
1619 3871 1950 3980 γηούρανὸς
1976 3884 2090 3939 λοιο

495 3958 597 4039 πὸν
627 3958 875 4028 γέγονεν.
914 3958 1082 4024 Οὗτος
1109 3962 1259 4034 ἡμᾶς
1289 3964 1393 4037 τῆς
1428 3964 1638 4036 πλάνης
1684 3965 2084 4039 1ἠλευθέρωσεν,

494 4036 650 4108 οὗτος
673 4044 811 4124 πρὸς
856 4043 953 4116 τὴν
976 4045 1238 4118 ἀλήθειαν
1275 4036 1741 4121 ἐχειραγώγησεν,
1769 4036 1924 4116 οὗτος
1953 4069 2087 4106 κατ-

497 4128 738 4198 αλλαγάς
775 4128 912 4182 Θεοῦ
951 4130 1088 4198 πρὸς
1109 4131 1431 4204 ἀνθρώπους
1453 4134 1774 4205 ἐποιήσατο,
1797 4128 1952 4200 οὗτος
1975 4138 2086 4193 ἀπὸ

494 4213 590 4267 τοῦ
623 4211 787 4280 βυθοῦ
840 4212 941 4284 τῆς
987 4214 1187 4278 κακίας
1216 4217 1366 4285 ἡμᾶς
1397 4216 1739 4281 ἀνασπάσας,
1793 4221 1874 4282 εἰς
1913 4218 2084 4292 αὐτὴν

495 4295 597 4372 τῆς
623 4293 828 4378 ἀρετῆς
851 4293 951 4367 τὴν
979 4298 1226 4369 κορυφὴν
1248 4299 1546 4378 ἀνῄγαγεν,
1575 4294 1730 4364 οὗτος
1759 4299 1867 4352 τῶν
1891 4301 2083 4373 δαιμό-

495 4396 602 4432 νων
637 4376 736 4452 τὴν
769 4381 980 4452 πλάνην
1009 4379 1252 4447 ἔσϐεσεν,
1277 4376 1432 4447 οὗτος
1463 4384 1561 4455 τὴν
1589 4385 1806 4456 ἀπάτην
1839 4385 2080 4445 καθεῖλε.

496 4463 595 4517 Διά
625 4461 811 4530 τοῦτον
843 4465 1026 4518 οὐκέτι
1079 4465 1289 4529 καπνὸς
1338 4468 1434 4522 καὶ
1485 4469 1678 4522 κνίσσα
1707 4471 1801 4532 καὶ
1830 4473 2080 4542 αἱμάτων

495 4547 705 4617 ἀλόγων
732 4547 974 4618 ἔκχυσις,
1001 4549 1136 4602 ἀλλά
1164 4551 1443 4622 πανταχοῦ
1480 4552 1727 4624 λατρείαι
1774 4571 2078 4626 πνεύματι-

496 4631 610 4696 καί,
651 4631 809 4701 ὕμνοι
865 4631 958 4684 καὶ
1011 4632 1195 4701 εὐχαί’
1227 4633 1315 4695 διὰ
1348 4634 1534 4688 τοῦτον
1585 4635 1840 4708 δαίμονες
1873 4639 2077 4709 δραπε-

494 4713 738 4786 τεύουσι,
757 4712 850 4782 διά,
861 4712 1046 4766 τοῦτον
1062 4716 1089 4768 6
1105 4715 1350 4780 διάϐολος
1372 4718 1762 4788 φυγαδεύεται,
1778 4721 1867 4785 διὰ
1888 4722 2080 4784 τοῦτον

495 4801 530 4869 ὴ
573 4798 889 4870 ἀνθρωπίνη
921 4797 1083 4876 φύσις
1137 4799 1272 4873 πρὸς
1301 4801 1401 4873 τὴν
1453 4802 1754 4876 ἀγγελικὴν
1806 4805 2082 4863 πολιτείαν

494 4882 812 4953 ἁμιλλᾶται,
851 4883 945 4950 διὰ⁵
963 4883 1152 4938 τοῦτον
1177 4885 1446 4956 παρθενία
1467 4887 1559 4944 ἐπὶ
1577 4886 1684 4958 γῆς
1714 4888 2077 4954 πολιτεύεται.

507 4969 624 5036 Ἀφ’
663 4961 724 5020 οὗ
755 4968 867 5039 γὰρ
913 4971 941 5021 6
973 4970 1038 5021 ἐκ
1067 4968 1346 5040 Παρθένου
1403 4959 1676 5042 προῆλθε,
1717 4973 1818 5042 τῆς
1869 4975 2070 5046 ἀρετῆς

493 5050 699 5122 ταύτης
728 5051 827 5133 τὴν
849 5046 966 5104 ὸδὸν
987 5050 1202 5120 ἐπέγνω
1220 5054 1254 5124 ή
1290 5052 1399 5106 τῶν
1427 5053 1731 5133 ἀνθρώπων
1766 5055 1948 5133 φύσις.
1980 5054 2084 5116 Οὗ-

494 5149 586 5196 τος
617 5135 767 5216 ἡμᾶς
783 5131 842 5186 ἐν
866 5133 1045 5187 σκότει
1061 5133 1406 5204 καθημένους
1432 5131 1720 5216 ἐφώτισεν,
1752 5132 1906 5204 οὗτος
1931 5143 1964 5213 ἠ
1973 5142 2082 5212 μᾶς

495 5215 1057 5286 ἐκπεπολεμωμένους
1089 5216 1443 5288 κατήλλαξεν,
1478 5214 1632 5288 οὗτος
1670 5222 1888 5294 μακράν
1918 5223 2083 5288 ὄντας

495 5301 661 5369 ἐγγὺς
692 5295 829 5364 εἶναι
868 5298 1190 5369 πεποίηκεν,
1227 5295 1382 5364 οὗτος
1421 5302 1972 5374 ἀπηλλοτριωμένους
2001 5307 2085 5360 δν-

490 5401 592 5446 τας
619 5382 918 5453 ᾠκείωσεν,
953 5376 1108 5445 οὗτος
1138 5382 1320 5447 ξένους
1346 5384 1673 5459 γεγονότας,
1699 5375 1942 5458 ¹ούρανοῦ
1986 5407 2084 5442 πο-

492 5465 644 5530 λίτας
681 5465 1105 5533 κατεσκεύασεν,
1149 5460 1304 5528 οὗτος
1333 5468 1465 5536 ἡμῖν
1499 5467 1752 5538 πολέμων
1801 5471 2083 5544 ἀναίρεσις

493 5551 735 5618 γέγονεν,
762 5541 917 5612 οὗτος
941 5550 1074 5620 ἡμῖν
1091 5549 1314 5621 εἰρήνης
1335 5549 1604 5619 ἀσφάλεια
1630 5551 1886 5624 κατέστη.
1909 5541 2077 5628 [ΜΞ]

2190 2119 2290 2174 Διά
2333 2120 2520 2176 τοῦτον
2553 2123 2737 2178 οὐκέτι
2774 2122 3087 2196 φοϐούμεθα
3136 2119 3208 2174 τά
3243 2105 3634 2193 πεπυρωμένα
3653 2119 3779 2191 βέλη

2189 2203 2283 2257 τοῦ
2305 2203 2554 2260 διαϐόλου
2575 2220 2590 2235 ⁶
2621 2206 2720 2278 τὴν
2749 2206 2859 2280 γάρ
2889 2206 3074 2278 πηγὴν
3101 2209 3202 2278 τῆς
3223 2205 3370 2276 ζωῆς
3394 2204 3635 2277 εὕρομεν
3655 2222 3670 2237 ο
3694 2203 3780 2258 διὰ

2189 2287 2380 2342 τοῦτον
2400 2291 2500 2343 οὐκ
2533 2291 2701 2362 ἐσμὲν
2721 2293 2779 2344 ἐν
2810 2291 3007 2362 χηρείᾳ
3025 2308 3040 2322 ’
3063 2291 3156 2344 τὸν
3177 2290 3288 2361 γὰρ
3314 2289 3552 2360 νυμφίον
3583 2288 3782 2343 ἀπελά-

2193 2371 2362 2443 ϐομεν
2382 2387 2396 2402 '
2429 2373 2519 2427 διὰ
2553 2373 2745 2428 τοῦτον
2773 2375 2962 2428 οὐκέτι
2983 2373 3301 2443 δεδοίκαμεν
3333 2372 3423 2425 τὸν
3453 2372 3625 2428 λύκον
3645 2389 3659 2402 ·
3691 2372 3780 2425 τὸν

2191 2457 2303 2530 γὰρ
2329 2459 2564 2528 ποιμένα
2593 2459 2687 2512 τὸν
2713 2459 2876 2514 καλὸν
2907 2459 3257 2529 ἐπέγνωμεν⁹
3303 2457 3448 2528 Ἐγὼ
3491 2458 3605 2528 γάρ
3641 2459 3778 2526 εἰμι,

2194 2541 2380 2610 φησὶν,
2411 2545 2445 2596 o'
2473 2542 2701 2612 ποιμὴν
2722 2546 2756 2596 ὀ
2775 2543 2982 2609 καλός.
3005 2542 3102 2595 Διά
3133 2540 3322 2595 τοῦτον
3349 2541 3535 2595 οὐκέτι
3563 2546 3782 2613 φρίττο-

2197 2642 2296 2696 μεν
2323 2624 2416 2678 τὸν
2442 2624 2709 2696 τύραννον
2732 2641 2746 2657 ο
2779 2626 2858 2697 τῷ
2909 2627 3016 2698 γάρ
3063 2624 3274 2695 βασιλεῖ
3303 2625 3776 2696 προσεδράμομεν.

2207 2708 2575 2788 Ὀρᾷςπόσων
2597 2713 2731 2782 ἡμῖν
2756 2709 2987 2788 ἀγαθῶν
3008 2708 3266 2772 ὑπόθεσις
3291 2710 3321 2761 6
3345 2710 3612 2781 σταυρὸςς
3636 2706 3782 2761 Εἰκό-

2193 2809 2302 2856 τως
2328 2787 2421 2846 οῦν
2451 2792 2644 2864 ἑορτὴν
2666 2792 2894 2864 ἄγομεν.
2928 2787 3086 2846 Οὕτω
3118 2794 3214 2845 καὶ
3259 2792 3469 2855 Παῦλος
3501 2789 3785 2864 ἑορτάζειν

2196 2878 2453 2948 παραινεῖ
2503 2876 2679 2946 λέγων
2699 2895 2713 2909 ·
2750 2878 2934 2932 ’Ὠστε
2972 2877 3334 2946 ἑορτάζωμεν
3375 2877 3460 2946 μὴ
3508 2878 3581 2930 ἐν
3638 2875 3780 2945 ζύμῃ

2195 2959 2442 3028 παλαιᾷ,
2471 2960 2627 3031 μηδὲ
2651 2961 2723 3015 ἐν
2753 2961 2899 3030 ζύμῃ
2929 2962 3144 3028 κακίας
3174 2962 3273 3016 καὶ
3302 2962 3622 3031 πονηρίας,
3646 2959 3786 3014 ἀλλ’

2193 3047 2264 3100 ἐν
2285 3045 2524 3115 ἀζύμοις
2569 3047 2954 3115 εἰλικρινείας
3008 3046 3108 3100 καὶ
3151 3046 3458 3114 ἀληθείας.
3493 3046 3608 3098 Καὶ
3641 3045 3782 3106 τίνος

2194 3125 2682 3200 ἓινεκενέορτάζειν
2713 3131 2860 3200 ἡμᾶς
2891 3128 3136 3191 κελεύεις
3155 3170 3169 3193 ,
3207 3123 3251 3182 ὧ
3283 3129 3526 3200 μακάριε
3573 3127 3779 3192 Παῦλε;

2196 3214 2330 3268 Εἰπὲ
2360 3213 2460 3284 τὴν
2493 3213 2693 3275 αἰτίαν,
2728 3213 2858 3266 ’Ότι
2887 3213 2954 3266 τὸ
2981 3213 3202 3282 Πάσχα
3226 3212 3398 3282 ἡμῶν
3421 3213 3577 3283 ὑπὲρ
3593 3210 3777 3282 ἡμῶν.

2196 3296 2384 3367 φησὶν,
2404 3296 2584 3364 ἐτύθη
2612 3295 2870 3362 Χριστὸς
2903 3298 2936 3349 o'
2970 3298 3136 3362 Θεός.
3187 3296 3352 3368 Ὀρᾷς
3399 3297 3520 3359 πῶς
3560 3297 3718 3370 ἑορτὴ
3752 3296 3782 3348 6

2199 3381 2460 3454 σταυρός,
2491 3379 2736 3451 Ἔμαθες
2761 3380 2842 3432 ὅτι
2862 3379 2950 3434 διὰ
2974 3379 3063 3433 τὸν
3095 3380 3328 3452 σταυρὸν
3353 3381 3572 3435 κελεύει
3598 3379 3779 3452 ἑορτά-

2199 3461 2310 3527 ζειν
2333 3479 2348 3527 ;
2395 3465 2484 3516 Ἐν
2513 3463 2621 3537 γάρ
2647 3463 2726 3534 τῷ
2757 3463 2978 3536 σταυρῷ
2997 3463 3161 3536 ἐτύθη
3179 3479 3194 3493 ⁶
3224 3466 3359 3518 ὅπου
3381 3466 3440 3519 δὲ
3467 3466 3648 3533 θυσία,
3671 3465 3782 3518 ἐκεῖ

2197 3547 2609 3619 ἁμαρτημάτων
2641 3548 2942 3620 ἀναίρεσις,
2989 3549 3106 3601 ἐκεῖ
3135 3548 3454 3619 καταλλαγὴ
3486 3549 3779 3614 Δεσπότου,

2196 3631 2313 3684 ἐκεῖ
2343 3631 2505 3703 ἑορτὴ
2535 3633 2630 3686 καὶ
2663 3633 2830 3704 χαρά,
2863 3632 2934 3686 Τὸ
2957 3632 3173 3702 Πάσχα
3193 3631 3385 3702 ἡμῶν,
3414 3637 3604 3705 φησὶν,
3634 3632 3779 3701 ὑπὲρ

2195 3713 2366 3785 ἡμῶν
2395 3716 2573 3783 ἐτύθη
2603 3717 2881 3784 Χριστός.
2918 3714 3027 3769 Ποῦ
3058 3715 3246 3785 ἐτύθη,
3265 3717 3425 3782 είπέ;
3461 3718 3580 3788 Ἐφ’
3633 3717 3778 3786 ὑψη-

2194 3796 2287 3852 λοῦ
2312 3798 2570 3869 σταυροῦ.
2601 3797 2803 3851 Καινὸν
2834 3798 2929 3852 καὶ
2952 3798 3102 3864 ξένον
3128 3799 3186 3852 τὸ
3205 3798 3614 3872 θυσιαστήριον,
3635 3803 3726 3854 ἐπε
3737 3816 3778 3851 ι-

2191 3883 2255 3952 δὴ
2292 3881 2415 3954 ξένη
2448 3882 2544 3935 καὶ
2593 3882 3027 3954 παρηλλαγμένη
3064 3883 3098 3953 ἡ
3129 3882 3308 3937 θυσία.
3345 3885 3406 3937 '0
3460 3885 3626 3950 αὐτὸς
3674 3882 3777 3952 γάρ

2192 3965 2287 4018 καὶ
2309 3964 2470 4018 θυσία
2497 3966 2593 4018 καὶ
2627 3965 2839 4036 ἱερεύςο
2864 3965 3026 4018 θυσία
3053 3966 3174 4038 μὲν,
3202 3967 3345 4021 κατὰ
3375 3969 3580 4039 σάρκα,
3607 3967 3776 4040 ἱερεὺς

2189 4047 2247 4100 δέ
2263 4047 2405 4102 κατά
2430 4045 2651 4119 πνεῦμα
2672 4065 2686 4079 ·
2717 4050 2744 4100 6
2762 4049 2925 4112 αὐτὸς
2947 4050 3040 4103 καί
3064 4051 3309 4121 προσῆγε
3331 4052 3425 4106 καὶ
3448 4056 3772 4124 προσήγετο.

2195 4131 2393 4185 ’Ἄκουε
2425 4131 2588 4186 πάλιν
2615 4130 2711 4185 τοῦ
2741 4130 2958 4186 Παύλου
2986 4133 3264 4202 λέγοντος·
3291 4135 3415 4202 Πᾶς
3442 4138 3554 4205 γὰρ
3587 4137 3775 4205 ἀρχιε-

2182 4214 2328 4284 ρεὺς
2349 4215 2418 4279 ἐξ
2438 4214 2766 4283 ἀνθρώπων
2783 4218 3257 4286 λαμϐανόμενος,
3279 4220 3433 4288 ὑπὲρ
3457 4221 3776 4290 ἀνθρώπων

2187 4297 2541 4352 καθίσταται
2572 4298 2645 4352 τὰ
2673 4299 2825 4367 πρὸς
2852 4300 2960 4354 τὸν
2989 4302 3157 4354 Θεόν.
3197 4301 3360 4356 Ὅθεν
3384 4305 3600 4378 ἀνάγκη
3637 4304 3774 4374 ἔχειν

2185 4397 2240 4434 τι
2270 4381 2363 4436 καὶ
2387 4380 2598 4445 τοῦτον,
2631 4381 2659 4434 ὃ
2698 4384 3064 4457 προσενέγκῃ.
3109 4384 3238 4439 Ἰδοὺ
3265 4385 3405 4450 τέως
3455 4387 3767 4459 προσφέρει.

2198 4463 2455 4536 Ἀλλαχοῦ
2473 4464 2532 4518 δὲ
2549 4465 2712 4518 πάλιν
2740 4466 2902 4538 φησίν
2924 4483 2937 4495 ·
2969 4469 3132 4520 Οὕτω
3159 4468 3260 4522 καί
3291 4473 3325 4523 ὀ
3343 4471 3602 4539 Χριστὸς
3621 4467 3773 4532 ἅπαξ

2183 4549 2613 4616 προσενεχθείς
2632 4552 2721 4616 εἰς
2738 4549 2803 4602 τὸ
2832 4548 3081 4604 πολλῶν
3098 4552 3449 4622 ἀνενεγκεῖν
3467 4555 3767 4625 ἁμαρτίας.

2197 4632 2326 4685 Ἰδοὺ
2351 4632 2588 4686 ἐνταῦθα
2615 4633 2986 4705 προσηνέχθη,
3009 4635 3128 4688 ἐκεῖ
3156 4637 3352 4690 ἑαυτὸν
3378 4640 3766 4710 προσήνεγκεν.

2181 4711 2336 4779 Εἶδες
2365 4715 2483 4779 πῶς
2513 4717 2607 4769 κο.)⁸
2637 4717 2799 4771 θυσία
2828 4719 2922 4770 καὶ
2955 4720 3135 4790 ἱερεὺς
3169 4721 3411 4789 ἐγένετο,
3456 4724 3550 4777 καὶ
3592 4723 3769 4776 θυσια-

2180 4799 2405 4870 στήριον
2432 4795 2499 4872 ἦν
2524 4802 2552 4854 ὁ
2581 4802 2844 4873 σταυρός;
2884 4801 3026 4854 Ἀλλ’
3051 4803 3351 4872 ἀναγκαῖον
3379 4805 3591 4875 μαθεῖν,
3633 4805 3768 4866 τίνος

2179 4879 2366 4935 ἕνεκεν
2403 4883 2505 4935 οὐκ
2532 4884 2590 4935 ἐν
2627 4884 2705 4954 τῷ
2736 4884 2851 4956 ναῷ
2881 4887 2914 4956 ἡ
2965 4885 3126 4940 θυσία
3166 4889 3562 4961 προσφέρεται,
3615 4891 3670 4942 ἐν
3697 4885 3768 4956 τῷ

2180 4963 2296 5038 ναῷ
2326 4965 2470 5034 λέγω
2502 4967 2580 5038 τῷ
2632 4967 2932 5040 Ἰουδαῖκῷ,
2960 4969 3075 5022 ἀλλ’
3110 4969 3216 5036 ἔξω
3255 4973 3356 5042 τῆς
3395 4973 3622 5038 πόλεως,
3668 4969 3766 5034 ἔξω

2190 5048 2300 5102 τῶν
2317 5047 2538 5120 τειχῶν.
2569 5049 2716 5116 Ἔξω
2746 5052 2852 5123 γὰρ
2877 5053 2976 5123 τῆς
3007 5054 3214 5118 πόλεως
3236 5056 3577 5129 ἐσταυρώθη,
3609 5051 3766 5110 καθά-

2189 5147 2296 5204 περ
2319 5149 2401 5196 τις
2428 5133 2743 5197 κατάδικος,
2777 5135 2867 5190 ἴνα
2909 5136 3172 5210 πληρωθῇ
3226 5138 3288 5192 τὸ
3318 5141 3480 5210 ῥηθὲν
3531 5141 3632 5194 ὑπὸ
3675 5132 3762 5191 τοῦ

2188 5216 2492 5287 προφήτου,
2517 5218 2600 5271 ὅτι
2630 5219 2738 5272 Καὶ
2774 5219 2845 5274 ἐν
2883 5221 3007 5288 τοῖς
3044 5222 3291 5291 ἀνόμοις
3321 5225 3628 5296 ἐλογίσθη.

2254 5365 2414 5430 Τίνος
2445 5360 2541 5419 οὖν
2575 5367 2766 5421 ἕνεκεν
2795 5368 2902 5435 ἔξω
2935 5369 3037 5440 τῆς
3059 5370 3288 5435 πόλεως,
3315 5370 3400 5440 ἐφ’
3425 5369 3647 5442 ὑψηλοῦ,
3677 5365 3762 5422 καὶ

2181 5449 2282 5520 οὐχ
2309 5450 2414 5502 ὑπὸ
2439 5450 2639 5522 στέγην
2662 5453 2823 5520 τινάς
2857 5453 2970 5524 Οὐχ
2994 5454 3181 5518 ἁπλῶς
3204 5455 3327 5507 οὐδὲ
3351 5454 3530 5520 τοῦτο,
3553 5453 3762 5509 ἀλλ’ἵνα

2182 5535 2278 5587 τοῦ
2306 5532 2472 5604 ἀέρος
2497 5533 2710 5606 καθάρῃ
2739 5537 2841 5608 τὴν
2873 5536 3056 5605 φύσιν.
3093 5538 3193 5592 Διά
3221 5538 3380 5593 τοῦτο
3409 5544 3506 5597 καὶ
3534 5543 3616 5611 ἐφ’
3642 5535 3761 5605 ὖψτγ

2188 5615 2304 5680 λοῦ,
2332 5617 2427 5669 καὶ
2457 5617 2559 5670 οὐκ
2604 5618 2963 5690 ἐπικειμένης
3005 5622 3228 5692 στέγης,
3263 5622 3378 5676 ἀλλ’
3405 5626 3527 5679 ἀντὶ
3576 5623 3758 5691 στέγης

2189 5699 2538 5769 ἐπικειμένου
2578 5699 2672 5753 τοῦ
2719 5701 2974 5772 ούρανοῦ,
3037 5705 3126 5758 ἵνα
3174 5705 3420 5778 καθαρθῇ
3470 5710 3500 5762 6
3549 5703 3757 5778 οὐρανὸς

556 5780 577 5808 ι
609 5779 756 5832 δίνη.
785 5783 833 5834 in
851 5796 1001 5848 ωλι-3.
1036 5785 1098 5839 εἰς
1123 5785 1204 5846 τήν
1227 5782 1452 5848 “Pyrg”.
2187 5781 2354 5853 ἅπαξ,
2381 5784 2468 5865 ἐφ’
2497 5782 2702 5858 ὑψηλοῦ
2732 5784 2996 5856 θυομένου
3022 5790 3112 5856 τοῦ
3139 5794 3434 5865 προϐάτου.
3466 5787 3756 5864 Ἐκαθάρθη
