4100 6438
270 400 391 458 ιοπ

270 513 394 557 nos
413 511 445 552 e
462 495 728 554 contrario
745 504 930 553 contra
952 495 1196 555 inimicos
1213 498 1533 567 precemur?
1557 497 1656 565 Ne,
1676 515 1882 571 qumso,

282 591 360 647 ne
389 587 444 643 id
479 599 720 657 agamus,
751 585 962 643 fratres.
995 587 1201 643 Etenim
1231 596 1432 659 quanto
1453 587 1602 659 plura
1624 580 1889 661 exempla,

291 687 451 735 tanto
477 677 669 748 majus,
691 679 736 733 si
761 693 858 734 eos
913 693 1020 734 non
1054 678 1341 745 imitemur,
1372 679 1711 749 supplicium.
1744 680 1890 736 Prae-

295 766 526 823 stantius
546 777 628 823 est
651 784 748 840 pro
775 769 1024 836 inimicis,
1050 785 1208 840 quam
1240 785 1337 840 pro
1362 771 1546 824 amicis
1570 787 1760 827 orare:
1784 788 1890 827 non

294 859 439 913 enim
470 869 672 914 tantum
721 861 865 927 hinc,
891 870 1148 933 quantum
1192 862 1318 918 inde
1361 863 1502 918 lucri
1547 861 1782 918 refertis.
1831 863 1894 921 Si

301 950 437 1004 enim
464 950 759 1016 dilexeritis,
796 954 984 1025 inquit,
1015 971 1119 1022 eos,
1148 956 1235 1027 qui
1256 971 1342 1010 vos
1364 955 1600 1027 diligunt,
1629 957 1760 1011 nihil
1780 975 1892 1011 ma-

292 1041 383 1106 gni
397 1041 566 1110 facitis
582 1058 601 1096 :
619 1045 800 1097 etenim
816 1054 863 1096 et
879 1045 1136 1116 publicani
1151 1048 1245 1100 hoc
1265 1046 1460 1118 faciunt
1476 1044 1688 1117 (Matth.
1704 1047 1756 1102 5.
1775 1046 1892 1118 46).

299 1129 487 1201 Itaque
532 1133 578 1188 si
604 1149 698 1203 pro
726 1136 913 1192 amicis
941 1152 1159 1192 oremus
1189 1148 1410 1202 tantmn,
1442 1137 1669 1194 ethnicis
1695 1148 1749 1194 et
1791 1155 1890 1209 pu-

293 1221 518 1276 blicanis
564 1223 798 1280 nondum
843 1227 1093 1282 meliores
1134 1228 1256 1284 facti
1305 1243 1508 1284 sumus.
1541 1231 1609 1283 At
1631 1245 1752 1284 cum
1781 1228 1892 1284 iui-

1383 385 1472 443 DE
1499 385 1728 445 CRUCE
1767 386 1857 445 ET
1897 389 2239 450 LATRONE.
2283 394 2514 452 IIOMIL.
2555 397 2623 452 ll.

3499 400 3606 459 408

2003 504 2170 560 micos
2195 504 2488 575 diligiums,
2535 507 2648 562 Deo
2696 522 2793 577 pro
2824 507 3054 566 humana
3109 510 3362 570 facultate
3388 515 3594 575 similes

1999 593 2284 660 efﬁcimur,
2318 594 2421 663 Qui
2443 597 2599 652 solem
2627 614 2777 652 suum
2802 600 2926 654 oriri
2946 603 3072 672 facit
3088 620 3239 668 super
3261 607 3426 661 malos
3442 618 3486 660 et
3511 609 3595 660 bo-

2001 702 2114 754 nos,
2145 695 2191 740 et
2216 687 2345 756 pluit
2363 704 2514 758 super
2532 689 2700 759 justas
2729 700 2774 743 et
2795 690 3012 761 injustas
3043 692 3257 765 (Matth.
3283 697 3336 751 5.
3361 697 3477 767 45).
3504 697 3595 752 Si-

2002 793 2122 833 mus
2155 779 2312 849 igitur
2339 780 2539 835 similes
2571 781 2742 836 Patris
2773 801 2786 837 :
2817 800 2936 838 nam
2962 783 3164 849 Estote,
3194 788 3384 857 inquit,
3404 790 3596 844 similes

2005 867 2178 924 Patris
2201 871 2370 937 vestri,
2393 871 2480 941 qui
2507 872 2559 924 in
2590 871 2727 927 caelis
2752 882 2844 938 est,
2871 883 2928 928 ut
2952 890 3175 945 regnum
3191 877 3444 932 calorum
3464 894 3593 933 con-

2001 959 2155 1029 sequi
2183 975 2516 1027 mereamur,
2545 963 2714 1032 gratia
2739 972 2792 1018 et
2823 963 3150 1034 benignitate
3181 966 3386 1022 Domini
3414 978 3469 1023 et
3499 968 3595 1023 Dei

2001 1060 2055 1105 et
2081 1048 2374 1107 Salvatoris
2413 1053 2582 1108 nostri
2607 1052 2736 1109 Jesu
2778 1054 2996 1120 Christi,
3028 1057 3111 1111 cui
3138 1056 3307 1127 gloria
3331 1068 3387 1115 et
3416 1060 3588 1131 impe-

2001 1142 2138 1198 rium
2167 1143 2221 1199 in
2251 1143 2447 1200 sarcula
2469 1145 2806 1201 sreculorum.
2837 1147 3030 1202 Amen.

299 1357 3594 1384 Mm

293 1471 532 1518 ORATIO
569 1475 628 1518 IN
674 1475 930 1519 CBCCEM
977 1477 1057 1519 ΕΤ
1101 1477 1162 1520 IN
1195 1475 1673 1521 CONI’ESSIONEM
1705 1471 2036 1526 ιΑτῐιοΝῐς,
2070 1472 2382 1517 BECITATA
2428 1475 2493 1518 IN
2537 1477 2774 1522 SANCTA
2822 1481 2903 1524 ΕΤ
2945 1482 3164 1526 MAGNA
3209 1482 3594 1543 PARASCEVB,

1306 1578 1386 1620 ET
1428 1575 1599 1630 QUOD
1627 1573 1963 1618 OPORTEAT
2007 1572 2128 1615 Ριιο
2171 1574 2437 1619 ικιιιιιοιε
2479 1575 2720 1623 οιιΑηΕ.

1611 1738 1874 1753 -ῆ

762 1785 985 1826 HOMILIA
1009 1788 1066 1827 ΙΙ.

372 1863 424 1915 i.
458 1861 661 1926 Quanta
701 1861 843 1915 nobis
879 1863 1007 1916 bona
1033 1860 1174 1916 Crux
1200 1859 1403 1928 a/ferat.
1432 1891 1505 1901 ——
1545 1859 1761 1917 Festum
1791 1859 1890 1915 lto-

290 1955 380 2010 die
407 1955 615 2024 agimus
642 1965 695 2010 et
723 1965 1081 2021 conventum,
1111 1954 1395 2020 carissimi,
1425 1955 1677 2026 quoniam
1713 1955 1892 2011 Domi-

291 2063 396 2103 nus
427 2056 609 2102 noster
629 2047 793 2102 clavis
821 2055 905 2102 est
932 2047 1077 2102 cruci
1109 2045 1317 2101 affixus.
1343 2045 1526 2116 Neque
1552 2046 1890 2118 peregrinum

293 2140 390 2194 tibi
441 2138 685 2192 videatur
705 2178 720 2201 ,
764 2137 808 2192 si
834 2153 954 2192 cum
987 2153 1073 2192 res
1098 2137 1285 2193 odiosa
1312 2147 1365 2192 et
1391 2138 1685 2192 aversanda
1713 2137 1891 2203 fuerit,

290 2246 391 2286 nos
441 2231 631 2286 festqu
676 2230 819 2285 diem
862 2230 1214 2286 celebremus.
1267 2227 1543 2298 Ejusmodi
1586 2229 1727 2283 enim
1771 2236 1897 2282 sunt

289 2323 477 2377 tnttnia
506 2321 799 2392 spiritualia
827 2363 841 2385 ,
886 2323 1154 2376 contraria
1196 2321 1441 2374 humana:
1481 2329 1705 2374 naturte.
1747 2319 1814 2374 Et
1839 2327 1897 2374 ut

293 2413 396 2470 huc
454 2417 618 2483 probe
647 2429 940 2483 cognoscas
963 2454 978 2479 ,
1023 2429 1150 2468 crux
1186 2413 1331 2483 prius
1357 2413 1818 2468 condemnationis
1843 2420 1898 2468 et

289 2504 547 2577 supplicii
593 2521 787 2560 nomen
825 2514 974 2570 erat;
1015 2514 1068 2557 at
1108 2519 1250 2558 nunc
1281 2519 1365 2558 res
1394 2513 1477 2559 est
1501 2503 1820 2559 venerabilis
1844 2511 1899 2558 et

289 2596 689 2651 desiderabilis.
737 2597 880 2651 Crux
926 2605 1082 2651 antea
1130 2595 1412 2650 dedecoris
1437 2604 1491 2650 et
1531 2610 1703 2666 paena:
1729 2609 1896 2665 argu-

291 2696 542 2742 mentum
582 2699 728 2752 erat;
783 2701 922 2741 mmc
957 2687 1140 2756 gloria:
1169 2696 1222 2742 et
1270 2687 1491 2740 honoris
1518 2696 1603 2741 est
1638 2686 1896 2743 occasio:

288 2777 549 2848 quodque
578 2792 706 2831 crus
737 2776 806 2829 sit
834 2777 1001 2845 gloria
1028 2817 1043 2837 .
1093 2775 1216 2830 audi
1264 2777 1537 2832 Christum
1584 2777 1853 2832 dicentem
1879 2793 1894 2830 :

310 2866 772 2936 Pater,ctari/ica
791 2880 870 2917 me
901 2864 1067 2935 gloria
1091 2902 1106 2928 ,
1142 2880 1293 2933 quant
1338 2863 1491 2917 habui
1528 2863 1670 2933 apud
1705 2874 1753 2918 te
1793 2875 1912 2919 ante

302 2958 495 3014 mundi
520 2957 924 3012 constitutione»:
952 2954 1143 3024 (Joan.
1184 2957 1271 3013 l7.
1295 2953 1402 3025 5);
1443 2955 1667 3025 gloriam
1695 2971 1906 3010 crucem

303 3051 620 3108 nominans.
649 3047 796 3102 Crux
832 3056 991 3118 caput
1017 3057 1215 3102 nostra:
1243 3047 1428 3100 salutis
1457 3063 1471 3101 :
1501 3061 1630 3101 crux
1668 3047 1907 3102 inﬁnito-

299 3161 428 3201 rutn
456 3142 720 3198 bonorum
759 3148 1150 3212 argumentum.
1197 3139 1423 3208 Propter
1467 3138 1606 3194 banc
1641 3152 1773 3206 nos,
1816 3141 1906 3210 qui

300 3237 459 3306 prius
497 3233 706 3306 inglorii
744 3241 798 3288 et
823 3231 1008 3302 rejeeti
1049 3245 1278 3291 eramus.
1309 3245 1448 3286 nunc
1469 3231 1522 3286 in
1554 3230 1783 3286 liliorum
1814 3247 1906 3286 or-

298 3329 490 3385 dinem
535 3326 737 3396 recepti
777 3339 965 3380 sumus
994 3342 1008 3378 :
1035 3332 1256 3393 propter
1293 3323 1430 3377 hanc
1458 3338 1562 3376 non
1594 3322 1906 3378 oberramus

296 3421 582 3496 amplius,
624 3419 718 3476 sed
759 3419 1036 3475 veritatem
1076 3417 1467 3487 cognovimus:
1507 3426 1728 3489 propter
1769 3417 1908 3474 hanc

294 3534 444 3584 nos,
491 3515 579 3585 qui
624 3513 768 3583 prius
804 3513 944 3581 ligna
987 3519 1041 3565 et
1086 3509 1291 3579 lapides
1333 3509 1723 3575 adorabamus,
1766 3524 1906 3566 nunc

291 3609 548 3666 omnium
569 3621 749 3660 rerum
766 3601 1080 3655 Creatorem
1092 3601 1441 3668 cognovimus
1465 3617 1480 3654 :
1503 3612 1722 3671 propter
1745 3601 1903 3669 hanc,

259 3703 389 3774 .qu't
449 3698 592 3756 servi
640 3694 843 3767 peccati
893 3705 1105 3746 eramus
1129 3731 1144 3755 ,
1185 3689 1252 3744 ad
1301 3691 1601 3746 libertatem
1631 3692 1649 3724 ¹
1685 3692 1907 3761 justitia:

304 3792 482 3850 evecti
512 3805 698 3846 sumus
725 3806 739 3841 :
770 3794 987 3858 propter
1021 3782 1157 3836 hanc
1189 3790 1330 3837 terra
1357 3783 1548 3836 caelum
1595 3783 1663 3837 de
1705 3795 1906 3838 cancro

306 3887 444 3942 facta
466 3895 568 3940 est.
614 3883 740 3937 llaec
768 3881 836 3936 ab
865 3895 1051 3935 errore
1077 3894 1174 3934 nos
1203 3876 1471 3942 liberavit,
1506 3875 1619 3929 hate
1645 3874 1712 3928 ad
1757 3875 1904 3929 veri-

305 3992 473 4039 tatem
505 3975 756 4042 adduxit,
781 3975 896 4029 haec
932 3970 1422 4028 reconciliationem
1450 3969 1544 4023 Dei
1570 3983 1691 4022 eum
1725 3968 1904 4021 homi-

304 4074 465 4128 nibus
491 4068 755 4136 instituit,
787 4065 905 4121 luce
925 4079 1026 4119 nos
1044 4079 1110 4119 ex
1129 4061 1393 4133 profundo
1420 4060 1639 4114 malitiae
1663 4067 1901 4129 ereptos,

301 4165 358 4220 in
386 4160 785 4235 ipsumvirtutis
807 4157 1074 4227 fastigium
1103 4155 1321 4218 eduxit;
1360 4153 1475 4208 haec
1503 4167 1744 4208 errorem
1789 4150 1904 4204 dte-

303 4272 525 4313 monum
551 4253 826 4320 exstinxit,
859 4253 974 4306 haec
998 4250 1371 4319 deceptionem
1398 4263 1430 4302 e
1458 4247 1636 4302 medio
1660 4245 1900 4300 sustulit.

305 4351 533 4419 Propter
550 4347 687 4402 hanc
704 4361 809 4399 non
829 4353 910 4400 est
931 4343 1160 4419 amplius
1178 4341 1349 4395 fumus
1363 4349 1415 4394 et
1433 4339 1607 4405 nidor,
1628 4345 1684 4393 et
1699 4335 1903 4407 sangui-

303 4443 388 4497 nis
411 4439 550 4496 bruti
570 4437 791 4501 effusio;
821 4435 914 4491 sed
937 4434 1132 4503 ubique
1151 4431 1325 4488 cultus
1345 4430 1666 4500 spirituales,
1694 4428 1899 4502 hymni,

302 4534 522 4597 laudes,
551 4540 605 4587 et
649 4530 988 4603 precationes
1029 4527 1314 4583 visuntur:
1347 4532 1568 4596 propter
1611 4522 1750 4576 hanc
1787 4523 1900 4575 (ιω.

301 4641 490 4679 mones
522 4622 747 4692 fugiunt,
778 4620 1132 4689 diabolusque
1163 4615 1505 4687 proﬂigator:
1528 4622 1743 4684 propter
1762 4611 1903 4666 hanc

302 4715 533 4768 lmmana
567 4725 752 4769 natura
782 4727 902 4766 eum
921 4711 1157 4780 angelica
1192 4707 1407 4763 vivendi
1437 4706 1644 4762 ratione
1671 4713 1900 4760 conten-

308 4791 432 4847 dit:
465 4801 685 4862 pr0pter
731 4793 868 4848 hanc
901 4795 1179 4863 virginitas
1209 4797 1260 4850 in
1305 4797 1464 4852 terris
1509 4807 1775 4851 versatur.
1830 4797 1910 4852 Ex

310 4897 420 4953 quo
461 4883 604 4938 enim
647 4900 713 4938 es
748 4883 962 4955 Virgine
994 4885 1081 4941 ille
1109 4888 1344 4954 prodiit,
1389 4889 1640 4959 cognovit
1676 4889 1910 4944 humana

315 4982 503 5028 natura
535 4974 746 5028 virtutis
786 4975 945 5045 hujus
987 4977 1151 5030 viam.
1198 4977 1325 5034 llzec
1355 4994 1455 5034 nos
1482 4979 1534 5034 in
1563 4981 1797 5035 tenebris
1826 4995 1914 5035 se-

310 5063 502 5120 dentes
530 5065 884 5131 illuminavit;
928 5067 1045 5122 htec
1074 5082 1174 5121 nos
1203 5080 1535 5141 expugnatos
1576 5079 1632 5126 et
1669 5071 1910 5127 debella-

313 5162 399 5210 tos
431 5157 708 5223 liberavit;
744 5159 860 5215 lucc
887 5176 1004 5224 nos,
1036 5161 1126 5231 qui
1155 5163 1342 5232 procul
1367 5163 1672 5230 aberamus,
1705 5167 1911 5220 vicinos

313 5260 436 5301 esse
465 5247 620 5313 fecit;
656 5249 768 5305 lucc
789 5265 888 5305 nos
907 5251 1237 5306 abalienatos
1257 5252 1577 5309 domesticos
1602 5255 1760 5321 fecit;
1797 5256 1914 5312 haec

314 5351 412 5392 nos
441 5342 754 5408 peregrinos
779 5344 947 5398 factos
975 5344 1091 5400 caeli
1121 5347 1265 5400 cives
1291 5347 1597 5412 constituit;
1624 5348 1737 5403 haec
1760 5349 1914 5404 nobis

313 5427 453 5483 bella
487 5432 736 5499 sustulit,
791 5434 936 5502 pacis
983 5436 1246 5492 securitas
1291 5437 1481 5493 eil‘ecta
1525 5447 1626 5494 est.
1689 5439 1914 5510 Propter

314 5511 454 5576 hanc
485 5539 588 5579 non
627 5524 974 5584 formidamus
1001 5531 1228 5600 amplius
1259 5532 1420 5603 ignita
1461 5532 1660 5589 diaboli
1693 5533 1909 5604 jacula;

317 5625 436 5668 nant
469 5618 590 5673 vita;
640 5618 840 5677 fontem
877 5621 1175 5681 invenimus
1208 5643 1222 5681 :
1261 5636 1484 5699 propter
1521 5628 1658 5685 hanc
1684 5643 1790 5687 non
1819 5643 1910 5690 su-

375 5815 392 5849 '
427 5820 554 5882 savii
598 5834 647 5881 tn
672 5821 912 5888 margine,
936 5828 1002 5876 ad
1021 5838 1278 5886 summum.

1877 1718 2034 1773 me

2039 1741 2276 1756 ’Ἦ

2010 1878 2130 1918 mus
2156 1863 2209 1919 in
2237 1864 2531 1933 viduitate;
2564 1883 2819 1938 sponsum
2849 1870 2992 1926 enim
3020 1873 3354 1942 recepimus:
3381 1883 3598 1944 propter

1998 1955 2139 2013 hanc
2173 1974 2278 2014 non
2307 1960 2557 2016 timemus
2581 1963 2812 2032 amplius
2842 1963 3065 2035 lupum;
3112 1981 3234 2022 nam
3265 1967 3464 2022 bonmn
3496 1983 3595 2037 pa-

1999 2056 2198 2104 storem
2225 2051 2536 2120 agnovimus
2559 2068 2575 2112 :
2608 2051 2735 2108 dicit
2759 2055 2902 2110 enim
2924 2096 2940 2120 ,
2969 2053 3082 2128 Ego
3109 2074 3221 2112 sum
3250 2067 3421 2128 pastor
3437 2058 3600 2113 bonus

2003 2139 2181 2213 (Joau.
2214 2141 2299 2197 10.
2332 2143 2441 2212 ll).
2491 2143 2716 2214 Propter
2753 2145 2891 2202 hanc
2918 2163 3023 2202 non
3064 2149 3342 2203 horremus
3370 2149 3601 2220 amplius

2004 2241 2324 2302 tyranuum;
2365 2233 2431 2287 ad
2464 2233 2662 2306 Regem
2686 2236 2826 2291 enim
2855 2237 3208 2293 accurrimus.
3242 2238 3413 2306 Vides;
3429 2254 3601 2309 quan-

2005 2332 2176 2378 lorum
2220 2324 2479 2380 bonorum
2521 2343 2652 2382 crux
2699 2329 2768 2382 sit
2813 2329 2965 2384 nobis
3013 2331 3218 2386 causa?
3264 2331 3391 2386 Jure
3442 2332 3602 2402 igitur

2002 2414 2143 2469 diem
2171 2416 2362 2471 festum
2403 2415 2636 2488 agimus.
2685 2418 2775 2474 Sic
2796 2429 2850 2475 et
2880 2420 3072 2475 Paulus
3103 2431 3285 2476 monet
3315 2432 3370 2476 ut
3393 2421 3599 2476 festivi-

2005 2514 2167 2560 tatem
2208 2523 2428 2578 agamus
2475 2509 2556 2564 his
2596 2509 2816 2566 verbis:
2865 2511 3046 2582 Itaque
3096 2514 3364 2585 ferientur,
3410 2531 3511 2568 non
3547 2515 3602 2568 in

2004 2600 2248 2667 fermento
2271 2599 2449 2662 reteri,
2485 2616 2643 2670 neque
2679 2602 2731 2655 in
2771 2605 3015 2672 fermento
3045 2605 3251 2658 malitia:
3276 2615 3322 2659 et
3343 2605 3599 2673 nequitur,

2002 2686 2091 2741 sctl
2111 2688 2162 2741 iu
2198 2689 2391 2758 azymis
2424 2690 2724 2744 sinceritatis
2759 2703 2807 2747 et
2834 2693 3054 2748 ueritatis
3093 2695 3168 2764 (I.
3192 2694 3311 2750 Cor.
3422 2696 3502 2764 8).
3536 2696 3603 2750 Et

2002 2779 2154 2849 cujus
2179 2781 2346 2850 gratia
2380 2799 2478 2837 nos
2507 2783 2648 2838 diem
2677 2784 2870 2839 festum
2902 2801 3061 2857 agere
3093 2789 3354 2858 praicipis,
3387 2803 3420 2843 ο
3447 2789 3603 2845 beate

2006 2869 2206 2924 Paule?
2231 2871 2469 2942 Agedum
2496 2888 2713 2930 causam
2744 2875 2938 2930 imlica.
2981 2879 3112 2945 Quia
3141 2877 3342 2933 Pascha
3372 2890 3601 2934 nostrum

2003 2979 2097 3034 pro
2133 2963 2274 3018 trabis
2311 2965 2599 3020 immolatus
2671 2974 2751 3020 est
2802 2963 3048 3021 Christus
3102 2967 3241 3021 Deus
3290 2963 3476 3040 (Ibid.
3503 2970 3592 3024 7).

2005 3054 2166 3110 Vides
2210 3057 2480 3125 quomodo
2523 3074 2653 3113 crux
2699 3059 2767 3114 sit
2806 3060 2960 3116 nobis
3011 3060 3244 3118 festum?
3292 3063 3600 3121 iutellcvistl

2001 3146 2142 3216 quod
2183 3157 2398 3217 propter
2417 3163 2632 3204 crucem
2664 3165 2761 3205 nos
2793 3150 2985 3206 festutn
3013 3152 3288 3208 celebrare
3319 3153 3508 3224 jubet?
3538 3155 3592 3207 tu

2001 3252 2162 3293 cruce
2189 3237 2333 3292 enim
2374 3239 2587 3295 oblatus
2611 3251 2728 3305 est;
2760 3241 2849 3296 ubi
2882 3257 3010 3298 vero
3038 3244 3360 3298 sacriﬁcium
3389 3286 3404 3311 ,
3453 3245 3524 3300 ibi
3546 3253 3603 3299 et

2004 3341 2342 3400 peccatorum
2384 3332 2669 3398 remissio,
2716 3333 2785 3388 ibi
2836 3335 3204 3390 reconciliatio
3239 3335 3486 3402 Domini,
3531 3335 3601 3390 ibi

2005 3420 2199 3477 festum
2228 3430 2280 3476 et
2301 3421 2577 3492 gaudium.
2613 3423 2814 3478 l’asrha
2840 3437 3088 3488 nostrum.
3123 3426 3316 3496 inqttit,
3349 3443 3440 3496 pro
3462 3428 3604 3481 nobis

2003 3514 2292 3569 immolatus
2321 3525 2392 3570 est
2417 3514 2669 3571 Christus.
2704 3516 2800 3572 tbi
2835 3517 3136 3571 immolatus
3156 3517 3282 3572 est?
3307 3515 3361 3571 ln
3389 3518 3604 3573 excelsa

2003 3619 2184 3662 erncc.
2231 3605 2435 3660 Novum
2463 3617 2515 3661 et
2552 3609 2888 3680 peregrinum
2924 3610 3122 3675 altare,
3172 3625 3292 3664 cum
3330 3625 3522 3664 novum
3551 3621 3608 3664 et

2007 3698 2320 3754 inusitatum
2363 3699 2520 3754 fuerit
2556 3703 2900 3757 sacriﬁcium.
2951 3701 3091 3758 Idem
3120 3712 3174 3758 et
3199 3703 3518 3758 sacrificium
3550 3712 3608 3758 et

2005 3789 2258 3844 sacerdos
2279 3801 2389 3844 erat
2412 3831 2428 3854 ,
2455 3792 2776 3845 sacriﬁcium
2811 3792 3105 3847 secundum
3137 3808 3393 3859 carnem,
3427 3809 3606 3848 sacer-

2006 3879 2104 3936 dos
2131 3881 2422 3936 scentulum
2453 3883 2735 3951 Spiritum;
2780 3883 2917 3938 idem
2951 3884 3244 3938 immolavit
3267 3894 3320 3940 ct
3358 3885 3606 3939 immola-

2010 3972 2183 4026 batur.
2229 3972 2365 4026 Audi
2416 3973 2606 4026 iterum
2654 3973 2876 4047 Paulum
2919 3974 3185 4029 dicentem
3218 3993 3231 4027 :
3266 3975 3443 4029 Omnis
3472 3976 3605 4029 enim

2010 4065 2238 4134 pontifex
2263 4081 2323 4118 cx
2351 4065 2636 4118 hominibus
2664 4078 2956 4134 assumptus
2973 4109 2988 4133 ,
3014 4083 3106 4135 pro
3151 4066 3435 4120 hominibus
3480 4082 3606 4119 conv

2008 4155 2232 4208 stituitur
2265 4156 2315 4207 iu
2345 4156 2422 4209 his
2449 4171 2562 4223 qute
2585 4166 2702 4209 sunt
2727 4157 2796 4209 atl
2825 4155 2984 4210 Deum
3019 4154 3174 4228 (Ilcb.
3203 4156 3256 4210 5.
3293 4158 3342 4210 l.
3367 4166 3413 4209 ct
3441 4159 3493 4210 8.
3527 4157 3607 4224 5).

2013 4244 2166 4300 Unde
2210 4260 2430 4301 necesse
2457 4258 2538 4301 est
2573 4257 2626 4300 et
2657 4247 2794 4302 hunc
2838 4247 3035 4303 habere
3065 4247 3262 4317 aliquid
3303 4247 3446 4317 quod
3475 4246 3608 4300 oll‘e-

2013 4346 2111 4390 rat.
2158 4337 2293 4392 Ecce
2324 4338 2559 4407 seipsum
2591 4337 2767 4392 olfert.
2812 4337 2950 4392 Alibi
2980 4353 3109 4392 vero
3140 4338 3332 4392 iterant
3371 4337 3444 4390 ait
3473 4356 3484 4390 :
3518 4337 3609 4392 Sit:

2012 4440 2057 4483 ct
2080 4430 2308 4484 Christus
2345 4430 2500 4483 senth
2540 4431 2735 4483 oblatus
2761 4440 2832 4484 est
2857 4431 2926 4483 at!
2963 4431 3236 4484 multarunt
3263 4430 3610 4486 exhauriendo

2013 4533 2219 4594 peccata
2251 4513 2443 4586 (Hebr.
2457 4522 2508 4578 9.
2522 4522 2635 4595 28).
2653 4523 2794 4580 Ecce
2807 4525 2894 4579 hic
2907 4524 3119 4579 oblatus
3134 4529 3235 4584 est,
3262 4521 3333 4576 ibi
3359 4522 3594 4592 seipsum

2013 4613 2222 4669 obtulit.
2249 4613 2454 4676 Vidisti,
2478 4613 2748 4684 quomodo
2766 4614 2907 4669 idem
2933 4614 3255 4670 sacrificium
3273 4630 3367 4669 seu
3391 4615 3608 4670 victima

2012 4715 2068 4762 ct
2095 4706 2344 4761 sacerdos
2376 4706 2532 4760 fuerit
2561 4722 2575 4759 :
2613 4713 2669 4760 et
2696 4722 2826 4762 crux
2871 4716 2986 4760 erat
3023 4707 3212 4761 altare.
3261 4705 3367 4760 Sed
3397 4704 3607 4774 disqui-

2015 4799 2241 4855 rcndum
2273 4811 2375 4868 est,
2407 4816 2503 4855 cur
2533 4817 2641 4855 non
2673 4799 2726 4854 in
2753 4799 2952 4868 templo
2979 4798 3303 4853 sacriﬁcium
3328 4797 3607 4864 offeratur,

2015 4894 2068 4949 in
2097 4895 2330 4964 templo,
2372 4894 2591 4964 inquam
2619 4937 2633 4960 ,
2679 4893 2933 4957 Judaico,
2983 4891 3077 4946 sed
3118 4899 3268 4946 extra
3314 4887 3610 4954 civitatem,

2014 4995 2165 5041 extra
2190 4987 2408 5042 muenia.
2439 4987 2600 5040 Extra
2627 4983 2896 5039 civitatem
2921 4982 3207 5037 crucifixus
3233 4989 3314 5036 est
3340 4991 3610 5051 tamquam

2015 5076 2296 5131 damnatus
2322 5075 2582 5146 quiSpiam
2609 5084 2663 5130 et
2687 5089 2814 5129 reus
2837 5116 2852 5141 ,
2881 5082 2937 5128 ttt
2981 5072 3297 5144 impleretur
3325 5071 3453 5126 illud
3485 5087 3612 5141 pro-

2017 5168 2197 5238 pheta:
2240 5168 2440 5223 dictum
2473 5186 2485 5218 :
2518 5165 2587 5221 Et
2631 5183 2746 5221 cum
2793 5165 2981 5234 iniquis
3025 5173 3288 5236 reputatus
3337 5172 3410 5218 est
3443 5161 3610 5235 (lsai.

2016 5261 2105 5317 55.
2138 5259 2254 5317 12).

2302 5353 2550 5405 civitatem
2583 5366 2676 5404 cur
2722 5366 2900 5422 passus
2941 5349 3192 5403 Christus.
3245 5345 3512 5414 Templum
3541 5351 3614 5398 est

2007 5447 2124 5519 jam
2159 5457 2263 5499 tota
2302 5454 2456 5499 terra.
2496 5474 2567 5485 —
2609 5444 2786 5510 Quare
2834 5441 2994 5513 igitur
3043 5447 3194 5496 extra
3241 5437 3511 5492 civitatem
3557 5435 3612 5489 in

2017 5542 2164 5598 edito
2194 5542 2331 5606 loco,
2359 5551 2414 5595 et
2441 5555 2545 5594 non
2572 5538 2673 5594 sub
2703 5546 2843 5595 tecto
2865 5535 3156 5608 quopiam?
3176 5533 3290 5589 Non
3316 5533 3432 5588 sine
3453 5545 3613 5584 causa

2019 5634 2123 5689 hoc
2171 5632 2428 5704 contigit,
2471 5631 2564 5686 sed
2605 5639 2661 5686 ut
2707 5631 2845 5687 aeris
2888 5639 3135 5684 naturam
3166 5632 3462 5696 purgaret:
3493 5622 3615 5677 ideo

2017 5728 2071 5784 in
2100 5727 2314 5782 excelso
2333 5723 2453 5781 loco
2479 5725 2689 5780 oblatus
2722 5731 2804 5780 est
2829 5763 2844 5787 ,
2877 5723 2976 5776 sub
3003 5720 3148 5776 nullo
3176 5728 3337 5785 tecto,
3367 5715 3461 5772 sed
3495 5713 3616 5768 loco

2021 5820 2144 5877 tecti
2173 5817 2306 5874 caelo
2335 5813 2774 5889 superimposito,
2823 5821 2876 5868 ut
2899 5811 3208 5868 universum
3240 5807 3428 5864 emtum
3461 5817 3615 5860 mun.
