4100 6446
521 407 623 465 409

520 512 743 570 daretur
764 521 868 566 ove
887 508 941 565 in
961 504 1178 564 sublimi
1194 504 1316 562 loco
1336 503 1635 560 inunolata.
1657 502 1944 575 Purgatum
1963 502 2123 574 igitur

522 613 610 662 est
631 603 856 662 calum.
897 609 1120 674 purgata
1157 607 1328 655 terra.
1369 595 1619 653 Stillabat
1642 595 1787 652 enim
1818 595 2034 666 sanguis
2055 605 2124 650 ex

519 696 690 752 latere
713 707 878 764 super
899 701 1118 759 terram,
1145 703 1442 758 omnesque
1467 688 1585 758 ejus
1605 687 1843 743 maculas
1864 695 1921 743 et
1945 686 2124 759 inqui-

519 794 772 849 namenta
812 783 965 842 eluit.
1013 783 1083 840 Et
1125 783 1282 853 hujus
1329 780 1546 852 quidem
1581 780 1750 852 gratia
1799 777 2125 835 sacriﬁcium

518 877 622 933 hoc
647 877 750 932 sub
777 885 918 932 tecto
939 891 1047 931 non
1077 874 1371 946 peragitur,
1401 885 1569 943 quare
1597 883 1726 928 vero
1759 886 1864 926 non
1917 872 1970 925 in
2007 871 2124 941 ipso

518 970 724 1038 templo
755 966 1025 1024 Judalcol
1065 965 1250 1036 Neque
1275 965 1378 1019 hoc
1404 974 1606 1020 temere
1627 970 1682 1019 et
1707 963 1826 1018 sine
1849 975 2014 1018 causa
2032 975 2125 1016 ac-

465 1061 470 1065 ’
515 1063 649 1120 cidit
677 1079 692 1116 :
721 1060 972 1118 videlicet
1001 1073 1070 1117 ne
1093 1059 1263 1117 Judaei
1289 1059 1396 1114 hoc
1429 1055 1754 1114 sacriﬁcium
1781 1055 1882 1112 sibi
1912 1060 1976 1111 ut
2003 1069 2128 1126 υτο-

519 1156 695 1226 prium
727 1154 1095 1219 vindicarent,
1127 1163 1197 1208 ne
1217 1160 1434 1222 putares
1467 1163 1565 1221 pro
1592 1150 1706 1205 sola
1736 1149 1824 1205 illa
1847 1156 2006 1220 gente
2031 1160 2124 1202 stt-

440 1299 455 1313 ,
479 1217 491 1254 ⁸
517 1249 781 1306 criﬁcinm
836 1248 941 1303 hoc
992 1217 1234 1302 oblatum
1284 1260 1406 1300 esse
1453 1217 1485 1300 τ’
1516 1252 1802 1315 prepterea
1856 1217 1917 1296 iit
1964 1248 2119 1296 extra

518 1342 741 1410 mnia,
765 1350 825 1396 ut
848 1341 1047 1407 discas,
1070 1338 1324 1410 generale
1344 1351 1467 1394 esse
1495 1336 1841 1399 sacriﬁcium,
1872 1342 1930 1388 ut
1950 1333 2126 1388 discas

519 1449 621 1508 pro
663 1435 915 1490 universa
963 1442 1105 1488 terra
1151 1430 1480 1487 oblationem
1523 1443 1645 1484 esse
1688 1437 1744 1483 et
1782 1439 2126 1483 communem

519 1529 880 1598 expiationem
929 1525 1153 1581 institui.
1199 1524 1404 1581 Judmis
1441 1523 1586 1580 enim
1613 1522 1684 1577 ob
1724 1522 1826 1578 hoc
1871 1520 2126 1593 prmcepit

520 1621 667 1678 Deus
689 1662 705 1687 ,
736 1629 796 1675 ut
824 1630 934 1676 tota
962 1629 1103 1675 terra
1139 1618 1324 1674 relicta
1352 1617 1406 1672 in
1431 1631 1538 1672 uno
1560 1616 1680 1671 loco
1709 1614 2047 1669 immolarent
2071 1621 2128 1668 et

519 1727 714 1784 preces
750 1712 806 1766 in
855 1726 963 1766 uno
995 1711 1116 1767 loco
1157 1709 1461 1765 funderent.
1510 1707 1644 1763 Nam
1670 1721 1793 1762 cum
1834 1715 1945 1760 tota
1985 1713 2129 1761 terra

522 1815 654 1862 tunc
677 1804 1034 1860 contaminata
1056 1812 1201 1859 esset
1227 1803 1374 1857 fumo
1395 1810 1452 1857 et
1479 1800 1669 1856 nidore
1707 1808 1762 1855 et
1791 1797 2127 1854 idololatrico

522 1897 802 1970 sanguine,
827 1905 885 1952 et
921 1896 1044 1951 aliis
1069 1895 1348 1968 gentilium
1390 1891 1808 1965 inquinamentis
1828 1934 1845 1960 ,
1879 1891 2001 1946 ideo
2022 1889 2126 1945 illis

522 2003 691 2046 unum
723 1989 900 2045 locum
939 1987 1240 2060 imperavit.
1282 1981 1388 2044 Sed
1434 1998 1556 2042 eum
1583 1981 1829 2040 Christus
1854 1983 2037 2050 venit,
2071 1991 2128 2038 et

521 2088 675 2139 extra
701 2082 971 2138 civitatem
1001 2087 1228 2136 mortem
1249 2073 1404 2146 obiit,
1427 2077 1730 2133 universam
1749 2083 1946 2131 terram
1974 2091 2130 2128 mun-

521 2175 710 2242 davit,
761 2188 1086 2245 omnemque
1133 2173 1311 2229 locum
1355 2171 1585 2227 orationi
1631 2169 1886 2226 idoneum
1926 2167 2125 2224 eﬂ'ecit.

524 2266 619 2322 Vis
647 2265 855 2321 discere
879 2265 1151 2338 quomodo
1182 2273 1290 2320 tota
1317 2274 1462 2320 terra
1493 2262 1545 2319 in
1584 2271 1860 2334 posterum
1888 2261 1958 2316 sit
1986 2270 2128 2316 tem-

521 2360 669 2430 plum
708 2355 895 2414 eﬁ‘ecta
917 2399 932 2424 ,
981 2366 1037 2412 et
1073 2353 1342 2429 quomodo
1383 2355 1562 2411 omnis
1597 2355 1749 2410 locus
1784 2351 2016 2407 orationi
2058 2351 2128 2406 sit

522 2453 860 2509 chtinatus?
890 2447 1031 2507 Audi
1061 2452 1256 2506 iterum
1293 2447 1508 2507 beatum
1554 2449 1779 2504 Paulum
1808 2447 2078 2503 dicentem
2109 2462 2124 2499 :

524 2542 592 2600 In
614 2547 751 2599 omni
785 2545 895 2600 loco
921 2544 1138 2598 levantes
1165 2560 1322 2613 puras
1353 2559 1536 2596 manus
1565 2542 1673 2596 sine
1698 2543 1778 2596 ira
1799 2550 1845 2595 et
1873 2541 2127 2608 discepta-

528 2640 664 2692 tione
684 2637 760 2708 (ι.
791 2636 924 2692 Tim.
947 2637 1102 2704 2.8).
1135 2630 1326 2690 Vidisti
1353 2633 1623 2704 quomodo
1653 2643 1918 2688 terrarum
1940 2632 2127 2687 orbem

527 2728 880 2799 expurgarit?
917 2727 1097 2783 vidisti
1123 2725 1395 2798 quomodo
1416 2723 1611 2795 ubique
1635 2739 1798 2795 puras
1829 2738 2019 2778 manus
2049 2723 2128 2777 le-

529 2833 660 2876 vare
699 2819 1003 2890 possimus?
1035 2817 1223 2875 Omnis
1250 2819 1395 2874 enim
1433 2826 1575 2870 terra
1605 2816 1672 2871 de
1706 2825 1904 2870 caetero
1929 2813 2130 2869 sancti-

528 2909 682 2967 ﬁcata
717 2921 802 2966 est
825 2953 841 2978 ,
889 2911 998 2966 imo
1036 2910 1272 2965 sanctior
1300 2918 1383 2964 est
1411 2907 1517 2962 illis
1549 2905 1862 2961 Judreorum
1903 2906 2128 2960 sanctis.

526 3005 642 3070 Qua
690 3001 940 3058 ratione?
975 2999 1108 3071 Quia
1151 2999 1222 3056 ibi
1256 2999 1470 3071 quidem
1510 2997 1738 3053 rationis
1779 3012 1971 3068 expers
1994 3037 2011 3062 ,
2045 2996 2130 3050 hic

529 3109 660 3150 vero
701 3092 907 3149 ratione
949 3091 1174 3163 prmdita
1201 3091 1317 3147 ovis
1343 3090 1521 3144 oblata
1563 3096 1666 3144 est.
1715 3088 1927 3156 Quanto
1970 3087 2134 3155 igitur

529 3185 873 3255 praestantius
903 3181 955 3239 id
986 3181 1129 3254 quod
1150 3183 1413 3238 rationem
1446 3177 1628 3247 habet,
1656 3194 1723 3235 eo
1753 3177 1894 3250 quod
1923 3178 2132 3234 ratione

526 3284 714 3344 caret,
763 3285 911 3331 tanto
950 3275 1179 3345 amplior
1216 3281 1271 3330 et
1311 3273 1402 3328 hic
1445 3271 1798 3327 sanctiﬁcatio
1841 3280 1944 3326 est.
1991 3269 2133 3326 Vere

529 3368 694 3440 igitur
716 3381 847 3424 crux
878 3367 1034 3424 nobis
1058 3365 1250 3423 festum
1274 3365 1414 3422 diem
1447 3367 1604 3435 parit.

599 3459 655 3514 2.
684 3458 753 3514 In
775 3457 936 3515 Cruce
960 3475 1054 3512 cur
1073 3455 1352 3529 promissus
1378 3455 1668 3527 paradisus.
1696 3485 1768 3495 —
1792 3453 1883 3510 Vis
1912 3464 1966 3508 et
1985 3452 2130 3508 aliud

529 3549 706 3607 crucis
737 3547 936 3605 factum
962 3548 1429 3619 praeclarissimum
1449 3585 1467 3613 ,
1512 3553 1568 3600 et
1606 3541 1747 3615 quod
1787 3561 2003 3600 omnem
2035 3542 2137 3599 hu-

531 3655 746 3698 manam
774 3640 1178 3710 intelligentiam
1204 3645 1422 3708 superat
1443 3678 1459 3702 ,
1493 3634 1780 3692 ediscere?
1821 3633 2133 3691 Paradisum

531 3737 774 3792 clausum
803 3735 1012 3805 aperuit
1037 3731 1234 3788 hodie:
1263 3729 1424 3786 hodie
1453 3729 1596 3784 enim
1624 3729 1885 3785 latronem
1910 3729 1961 3783 in
1987 3729 2134 3783 illum

532 3829 847 3887 introduxit.
895 3824 1010 3883 Duo
1056 3824 1464 3898 praeclarissima
1513 3822 1748 3881 facinora
1783 3842 1796 3878 :
1831 3821 2134 3894 paradisum

532 3919 832 3986 reseravit,
863 3928 918 3975 et
946 3919 1208 3973 latronem
1251 3916 1567 3973 introduxit.
1618 3913 1870 3970 Reddidit
1894 3912 1966 3968 illi
1993 3912 2136 3968 auti-

533 4025 694 4086 quam
727 4013 952 4084 patriam
976 4053 991 4077 ,
1023 4011 1233 4066 reduxit
1261 4012 1314 4066 in
1343 4019 1618 4080 paternam
1646 4010 1938 4064 civitatem.
1970 4003 2139 4060 Hodie

534 4119 732 4161 mecum
757 4105 893 4169 eris,
926 4102 1132 4173 inquit,
1172 4103 1225 4156 in
1261 4103 1499 4174 paradiso
1535 4099 1683 4171 (Luc.
1710 4101 1800 4156 25.
1836 4097 1952 4171 i3).
1999 4095 2137 4166 Quid

534 4194 707 4254 dicis?
732 4196 1016 4252 cruciﬁxus
1044 4201 1098 4251 et
1123 4195 1271 4251 cruci
1300 4195 1466 4251 clavis
1494 4193 1684 4248 amxus
1714 4209 1773 4248 es
1797 4235 1810 4257 ,
1839 4204 1894 4250 et
1922 4191 2137 4264 paradi-

536 4301 660 4346 sum
693 4287 1002 4360 promittis?
1039 4287 1310 4358 quomodo
1347 4287 1464 4342 hmc
1491 4287 1612 4342 talia
1654 4286 1935 4358 largieris?
1978 4287 2139 4353 Atqui

538 4380 735 4437 Paulus
774 4381 850 4435 ait
881 4397 895 4432 :
924 4377 1213 4448 Cruciﬁxus
1259 4384 1334 4433 est
1377 4395 1440 4433 ea:
1465 4376 1780 4448 inﬁrmitate.
1831 4377 1968 4431 Audi
2011 4391 2141 4431 vero

539 4483 670 4548 qua:
722 4483 1070 4546 sequuntur:
1102 4473 1205 4530 Sed
1253 4475 1379 4528 vivit
1422 4489 1487 4529 ea:
1531 4475 1721 4528 virtute
1758 4470 1858 4526 Dei
1883 4471 1971 4543 (2.
1998 4469 2123 4527 Cor.

542 4565 633 4622 i3.
667 4566 746 4637 4).
764 4567 829 4620 tt
854 4581 1045 4620 rursus
1063 4565 1188 4620 alibi
1213 4582 1227 4618 :
1265 4563 1447 4619 Virtus
1463 4582 1577 4619 mea
1600 4566 1652 4619 in
1677 4563 1989 4634 inﬁrmitate
2005 4579 2128 4632 per-

538 4655 722 4732 ﬁcitur
752 4660 828 4728 (2.
858 4655 985 4713 Cor.
1007 4658 1095 4713 l2.
1122 4655 1201 4730 9).
1233 4657 1531 4728 Propterea
1570 4655 1624 4712 iu
1655 4671 1818 4713 cruce
1836 4657 2130 4728 polliceor,

541 4756 684 4802 utet
727 4760 822 4816 per
861 4745 999 4799 hanc
1043 4745 1219 4800 discas
1257 4759 1431 4798 meam
1479 4745 1793 4814 potentiam.
1833 4744 1965 4800 Cum
1996 4747 2141 4801 enim

540 4848 672 4894 crux
700 4837 769 4891 sit
793 4847 882 4890 res
907 4833 1194 4905 injucunda
1217 4840 1271 4890 et
1301 4833 1525 4890 molesta
1543 4875 1558 4899 ,
1603 4851 1671 4890 ne
1696 4836 1897 4889 vultum
1923 4834 2142 4905 dejicias

544 4927 613 4983 ad
637 4927 812 4984 crucis
856 4935 1104 4982 naturam
1145 4925 1432 4983 attendens
1454 4968 1470 4991 ,
1499 4925 1594 4981 sed
1621 4933 1679 4981 ut
1704 4925 1856 4981 hctus
1882 4931 1936 4980 et
1963 4926 2144 4983 alacer

547 5016 799 5076 efﬁciaris
821 5059 837 5085 ,
884 5017 951 5073 ad
993 5017 1233 5074 cruciﬁxi
1281 5016 1574 5088 potentiam
1622 5018 1916 5088 respiciens
1941 5061 1955 5085 ,
1987 5033 2050 5074 ea
2076 5017 2145 5076 de

548 5127 708 5169 causa
738 5107 828 5166 ille
857 5109 928 5165 ibi
959 5122 1112 5166 suam
1141 5109 1235 5166 tibi
1267 5111 1514 5166 virtutem
1542 5108 1794 5166 ostendit.
1839 5106 1957 5167 Non
2001 5113 2144 5168 enim

553 5210 819 5262 mortuum
853 5203 1092 5258 excitans
1111 5243 1128 5270 ,
1158 5213 1264 5258 non
1305 5202 1438 5258 mari
1469 5202 1739 5273 imperans
1757 5243 1774 5270 ,
1805 5217 1911 5256 non
1939 5202 2144 5258 daemo-

551 5313 649 5354 nes
674 5297 977 5367 increpans,
1024 5294 1120 5350 sed
1143 5296 1453 5361 cruciﬁxus,
1493 5296 1659 5350 clavis
1687 5295 1879 5351 afﬁxus
1903 5336 1920 5361 ,
1953 5295 2146 5366 injuria

522 5387 525 5391 ’
551 5389 797 5456 affectus,
820 5389 990 5460 sputis
1018 5387 1233 5450 oblitus,
1262 5387 1517 5442 conviciis
1544 5388 1836 5458 impetitus,
1882 5388 2059 5444 irrisui
2091 5398 2148 5445 et

517 5461 527 5526 Ι
555 5478 786 5536 ludibrio
813 5479 954 5551 apud
979 5492 1168 5534 onmes
1203 5477 1439 5546 habitus,
1473 5481 1643 5550 potuit
1667 5480 1732 5535 ad
1756 5496 1814 5535 se
1843 5481 2038 5536 malam
2065 5480 2146 5537 Ia-

559 5575 728 5629 trouis
771 5583 1003 5629 mentem
1043 5572 1334 5628 attrahere.
1384 5569 1519 5628 Vide
1561 5575 1828 5646 utrimque
1856 5578 2146 5646 putentiam

555 5663 700 5721 illius
744 5662 1198 5736 eﬁulgesccntem.
1255 5663 1565 5721 Creaturam
1611 5669 1914 5737 concussit,
1970 5683 2149 5741 petras

557 5754 784 5825 disrupit
807 5800 822 5823 ,
854 5759 1084 5812 animam
1119 5756 1339 5813 latronis
1375 5765 1522 5828 petra
1550 5759 1820 5815 duriorem
1855 5777 1977 5817 cera
2011 5763 2146 5818 moi-

560 5845 750 5905 liorem
797 5849 991 5907 eﬁ'ccit.
1046 5847 1214 5908 Hodie
1263 5865 1453 5906 mecum
1498 5853 1595 5908 eris
1636 5853 1686 5906 in
1718 5853 1976 5923 paradiso.
2010 5854 2146 5924 Quid

1251 387 1310 444 S.
1350 385 1636 446 JOANNlS
1671 385 2149 451 CHRYSOBTOMI
2187 385 2505 451 ARCHIEP.
2546 391 3083 454 CONSTANTINOP.

2230 503 2410 562 dicis?
2443 504 2734 563 Cherubim
2763 515 2815 564 et
2839 505 3120 565 ﬂammeus
3156 509 3302 566 ensis
3338 509 3645 572 custodiunt
3671 531 3819 588 para-

2230 593 2429 665 disum,
2463 609 2518 654 et
2544 608 2599 654 tu
2624 601 2816 654 latroni
2849 601 3148 672 ingressum
3175 618 3241 658 co
3271 605 3585 674 polliceris?
3615 606 3823 680 Utique,

2231 690 2325 744 ait.
2356 685 2488 745 Nam
2515 699 2567 746 et
2595 706 2695 762 ego
2721 691 3147 748 Cherubinorum
3181 689 3437 752 Dominus
3461 710 3587 751 sum
3609 739 3625 763 ,
3667 707 3822 769 atque

2232 780 2367 853 ignis
2392 790 2446 838 et
2469 779 2767 854 gehenum,
2809 781 3038 854 vita:th
3065 793 3120 840 et
3158 789 3348 842 mortis
3377 794 3695 858 potest-atem
3730 791 3824 844 lia-

2231 874 2370 942 beo;
2423 885 2704 946 propterea
2735 878 2862 932 dicit
2895 895 2907 930 :
2951 877 3119 933 Hodie
3147 896 3342 934 mecum
3367 882 3465 935 eris
3492 883 3548 935 in
3569 882 3822 952 paradiso.

2231 969 2364 1024 Cum
2393 970 2615 1026 virtutes
2641 970 2745 1026 illan
2785 970 3068 1027 Dominum
3097 971 3363 1040 viderint,
3391 975 3573 1030 statim
3617 974 3822 1041 cedent,

2231 1061 2515 1132 locumque
2539 1061 2762 1118 dabunt.
2807 1063 2963 1134 Atqui
3001 1065 3179 1120 nullus
3199 1079 3294 1120 rex
3325 1081 3579 1136 umquam
3606 1066 3828 1135 patiatur

2230 1153 2515 1222 latronem,
2539 1163 2630 1210 aut
2650 1157 2811 1211 alium
2834 1157 3136 1228 quempiam
3162 1173 3228 1214 ex
3256 1155 3470 1214 famulis
3487 1174 3676 1214 secum
3699 1173 3825 1215 cono

2230 1246 2492 1304 sidentem
2539 1249 2599 1304 in
2625 1249 2812 1304 urbem
2861 1249 3066 1321 ingredi
3110 1268 3124 1304 :
3167 1263 3224 1306 at
3265 1253 3366 1307 iste
3412 1252 3826 1308 humanissimus

2231 1340 2490 1396 Dominus
2518 1342 2619 1396 hoc
2646 1342 2768 1397 fecit
2799 1359 2812 1394 :
2854 1342 2906 1396 in
2931 1350 3169 1397 sanctam
3192 1357 3341 1398 suam
3371 1344 3598 1414 patriam
3631 1344 3828 1414 ingrcs-

2229 1445 2327 1487 sus
2365 1431 2626 1487 latronem
2651 1447 2833 1488 secum
2875 1433 3198 1500 introducit,
3226 1448 3332 1488 non
3373 1433 3710 1490 inhonorans
3735 1447 3826 1505 pa-

2232 1525 2487 1590 radistnn,
2519 1527 2690 1592 absit,
2724 1526 2947 1595 pedibus
2978 1526 3200 1582 latronis
3219 1567 3236 1592 ,
3265 1527 3360 1580 sed
3392 1527 3493 1581 hoc
3520 1527 3640 1596 ipso
3666 1527 3827 1597 magis

2231 1615 2522 1672 honoratis.
2579 1617 2760 1672 llonor
2811 1617 2954 1671 enim
2999 1616 3244 1687 paradisi:
3285 1627 3366 1672 est
3419 1617 3625 1672 habere
3673 1617 3825 1672 talem

2232 1705 2557 1774 Dominum,
2592 1718 2698 1763 tam
2730 1717 3001 1778 potentem
3026 1717 3080 1763 et
3109 1708 3398 1762 humanum
3419 1751 3435 1770 ,
3485 1717 3544 1762 ut
3579 1719 3635 1764 et
3674 1709 3827 1762 latro-

2231 1815 2355 1855 nem
2383 1800 2555 1870 possit
2577 1799 2790 1855 efﬁccre
2817 1799 3036 1869 dignum
3070 1799 3299 1869 paradisi
3331 1799 3566 1855 deliciis.
3617 1799 3822 1855 Etenim

2230 1887 2447 1961 quando
2491 1887 2804 1960 publicanos
2830 1901 2884 1945 et
2914 1891 3224 1946 meretrices
3252 1890 3307 1946 in
3334 1907 3561 1962 regnum
3589 1890 3826 1954 vocabat,

2233 2000 2340 2039 non
2372 1985 2550 2055 utique
2580 1983 2631 2039 id
2672 1983 2797 2039 fecit
2825 2000 2948 2039 cum
2978 1985 3125 2054 regni
3155 1983 3237 2038 sui
3279 1983 3550 2040 dedecore
3569 2024 3587 2049 ,
3617 1983 3712 2038 sed
3739 1997 3828 2053 po-

2234 2077 2338 2132 tius
2363 2077 2567 2147 majore
2591 2092 2712 2131 cum
2743 2075 2950 2132 honore
2975 2093 2992 2142 ;
3028 2077 3263 2132 ostendit
3286 2077 3428 2132 enim
3454 2091 3517 2131 se
3542 2091 3666 2132 esse
3691 2075 3825 2145 ejus-

2234 2167 2378 2225 modi
2405 2167 2555 2240 regni
2578 2167 2833 2224 caelorum
2860 2168 3142 2225 Dominum
3157 2169 3248 2241 qui
3273 2169 3434 2224 etiam
3455 2169 3766 2224 meretrices
3777 2175 3830 2222 et

2235 2261 2547 2332 publicanos
2567 2269 2674 2318 tam
2697 2262 2946 2332 probatos
2972 2260 3147 2317 facere
3171 2270 3352 2333 queat,
3372 2272 3429 2316 ut
3444 2261 3592 2332 digni
3614 2261 3824 2315 videan-

2235 2363 2322 2412 tur
2346 2370 2410 2410 ca
2429 2395 2443 2421 ,
2474 2371 2592 2426 quae
2613 2354 2741 2410 inibi
2771 2363 2885 2420 est,
2912 2355 3080 2426 gloria
3108 2364 3162 2410 et
3193 2371 3432 2411 munere.
3460 2353 3822 2423 Quemadmo-

2234 2447 2362 2506 dum
2393 2449 2551 2520 igitur
2575 2449 2840 2504 medicum
2869 2457 2978 2502 tum
3005 2447 3334 2502 admiramur
3358 2488 3372 2512 ,
3415 2461 3541 2501 cum
3570 2447 3828 2501 intuemur

2234 2556 2357 2597 eum
2398 2540 2641 2595 homines
2687 2539 3068 2595 incurabilibus
3113 2538 3315 2594 morbis
3343 2536 3693 2600 laborantes,
3735 2535 3826 2590 de-

2234 2633 2384 2705 pulsa
2417 2632 2741 2700 inﬁrmitate,
2763 2633 3001 2702 pristina:
3026 2640 3081 2687 et
3107 2647 3252 2703 purae
3276 2630 3489 2686 sanitati
3515 2631 3823 2686 restituere:

2237 2725 2310 2780 ita
2337 2735 2392 2780 et
2413 2722 2685 2779 Christum
2714 2724 2986 2780 admirare
3007 2765 3023 2789 ,
3063 2723 3338 2779 carissime
3361 2764 3377 2790 ,
3409 2732 3464 2778 et
3488 2721 3826 2791 obstupesce,

2237 2817 2360 2888 quia
2381 2815 2629 2872 homines
2671 2815 3153 2871 immedicabilibus
3177 2815 3373 2870 anima:
3411 2814 3620 2869 morbis
3642 2812 3828 2868 obstri-

2236 2919 2354 2966 ctos
2395 2911 2566 2978 potuit
2588 2917 2696 2964 eta
2739 2908 2940 2963 malitia
2991 2908 3260 2976 liberare,
3308 2917 3362 2963 et
3389 2922 3559 2978 regno
3585 2907 3831 2962 caelorum

2237 3002 2428 3073 dignos
2455 3001 2682 3057 reddere
2719 3015 2810 3056 eos
2833 3041 2848 3068 ,
2895 3001 2984 3071 qui
3021 3000 3089 3056 ad
3129 3015 3440 3070 supremum
3479 2998 3828 3070 improbitatis

2237 3094 2450 3148 culmen
2497 3093 2874 3150 ascenderant.
2930 3091 3100 3146 Hodie
3143 3107 3336 3146 mecum
3359 3091 3460 3147 eris
3487 3091 3547 3145 in
3573 3090 3823 3162 paradiso.

2239 3184 2469 3240 Grandis
2493 3184 2663 3241 honor
2688 3228 2703 3250 ,
2743 3184 2930 3254 ingens
2954 3182 3111 3253 hujus
3132 3182 3475 3238 humanitatis
3499 3179 3825 3254 magnitudo,

2239 3276 2626 3347 inexplicabilis
2675 3275 2832 3346 hujus
2879 3275 3131 3332 bonitatis
3182 3274 3538 3331 immensitas.
3593 3273 3723 3330 Nam
3766 3286 3831 3328 es

2239 3369 2382 3440 quod
2414 3369 2718 3439 paradisum
2764 3367 3098 3439 ingreditur,
3147 3367 3321 3438 major
3363 3367 3535 3438 gloria
3567 3376 3652 3422 est
3693 3363 3826 3436 quod

2239 3478 2362 3521 cum
2392 3461 2618 3516 Domino
2638 3461 2951 3532 ingreditur.
2993 3459 3131 3527 Quid
3154 3500 3172 3528 ,
3200 3473 3414 3530 quaeso,
3441 3457 3674 3514 accidit?
3709 3455 3827 3528 quid

2241 3553 2376 3608 latro
2399 3549 2664 3622 ejusmodi
2692 3553 2836 3622 egit,
2865 3560 2924 3606 ut
2947 3565 3014 3606 ex
3043 3550 3334 3621 improviso
3357 3549 3426 3606 de
3453 3564 3619 3605 cruce
3645 3547 3830 3619 dignus

2243 3648 2490 3719 paradiso
2509 3646 2881 3718 judicaretur?
2907 3646 3148 3701 Breviter
3164 3685 3183 3712 ,
3209 3644 3255 3700 si
3279 3644 3481 3714 placet,
3514 3643 3689 3700 dicam
3708 3684 3723 3708 ,
3750 3639 3825 3695 la-

2243 3741 2519 3809 erIIiSque
2547 3740 2838 3795 bonitatem
2867 3746 2923 3793 et
2942 3737 3262 3808 probitatem
3285 3735 3590 3792 ostendam.
3618 3730 3830 3802 Quando

2243 3835 2433 3890 Petrus
2457 3833 2840 3903 discipulorum
2872 3831 3120 3902 princeps
3150 3830 3379 3901 negabat
3405 3827 3567 3896 infra,
3601 3837 3723 3883 tunc
3747 3826 3830 3880 ille

2243 3942 2403 3997 supra
2433 3925 2571 3980 ﬁxus
2603 3925 2655 3978 in
2683 3938 2845 3978 cruce
2874 3921 3152 3978 confessus
3174 3929 3276 3976 est.
3332 3920 3402 3976 Et
3441 3919 3548 3975 hoc
3589 3933 3694 3975 non
3724 3915 3824 3972 dixi

2243 4018 2424 4072 animo
2447 4013 2874 4086 reprehendendi
2903 4012 3119 4069 Petrum
3141 4054 3158 4079 ,
3185 4012 3365 4079 absit;
3409 4010 3503 4067 sed
3532 4019 3594 4066 ut
3613 4022 3826 4080 magna.

2245 4107 2539 4164 nimitatem
2573 4106 2818 4173 latronis,
2841 4115 2899 4161 et
2922 4106 3272 4162 excellentem
3299 4105 3406 4160 illis
3428 4097 3832 4174 philosophandi

2245 4201 2504 4263 rationem
2529 4198 2975 4254 demonstrarem.
2999 4195 3094 4252 ille
3113 4211 3219 4251 non
3243 4195 3359 4250 tulit
3372 4195 3630 4265 simplicis
3650 4189 3827 4264 puella:

2245 4292 2459 4357 minas;
2488 4290 2575 4346 hic
2602 4298 2770 4344 totum
2802 4287 3050 4359 populum
3090 4286 3466 4351 insanientem,
3500 4295 3557 4340 et
3583 4284 3828 4340 assisten-

2247 4393 2379 4449 tem,
2410 4391 2467 4437 et
2491 4380 2872 4436 vociferantem
2897 4421 2914 4447 ,
2958 4387 3013 4434 et
3039 4378 3246 4434 inﬁnita
3272 4377 3326 4432 in
3366 4376 3679 4434 cruciﬁxum
3704 4386 3816 4428 con-

2247 4474 2382 4530 vicia
2423 4472 2716 4544 jactantem
2762 4470 3105 4540 conspicatus
3131 4511 3148 4536 ,
3200 4485 3309 4524 non
3347 4469 3506 4524 vertit
3547 4467 3729 4523 oculos
3764 4459 3832 4516 ad

2247 4565 2493 4636 injuriam
2541 4561 2821 4644 cruciﬁxi;
2869 4562 2965 4618 sed
3006 4562 3131 4618 ﬁdei
3157 4562 3324 4621 oculis
3353 4561 3532 4615 omnia
3563 4561 3678 4616 hare
3701 4571 3827 4628 pra:-

2248 4667 2555 4714 tercurrens
2579 4696 2597 4724 ,
2640 4656 2895 4728 omnique
2938 4655 3152 4727 indigna
3173 4695 3193 4723 ,
3231 4664 3286 4710 et
3311 4668 3430 4726 qum
3461 4653 3827 4726 impedimento

2248 4764 2368 4805 esse
2396 4756 2645 4819 poterat,
2673 4747 3025 4818 persuasione
3049 4747 3255 4817 ahjecta
3279 4787 3296 4814 ,
3331 4746 3548 4816 agnovit
3586 4744 3831 4800 caelorum

2249 4845 2556 4912 Dominum,
2588 4843 2810 4915 paucula
2841 4843 2928 4898 illa
2952 4842 3112 4898 verba
3133 4841 3483 4914 proloquutus
3502 4881 3520 4908 ,
3550 4853 3668 4910 quae
3688 4835 3824 4892 illum

2247 4938 2497 5011 paradiso
2525 4936 2744 5008 dignum
2781 4934 3172 4991 ostenderunt:
3215 4933 3471 4988 Memento
3511 4933 3608 4987 imi
3654 4932 3705 4984 in
3747 4936 3825 4979 tuo

2248 5045 2403 5100 regno
2425 5027 2578 5100 (Luc.
2603 5027 2693 5083 23.
2720 5027 2836 5095 42).
2867 5025 2946 5081 Ne
2965 5025 3400 5097 praetervolemus
3418 5023 3722 5094 simpliciter
3735 5017 3826 5072 hoc

2249 5123 2451 5179 dictum
2476 5163 2490 5188 ,
2515 5135 2688 5192 neque
2726 5118 2922 5190 pudeat
2947 5133 3049 5173 nos
3076 5118 3388 5188 magistrum
3409 5117 3650 5187 accipere
3671 5113 3823 5167 latro-

2251 5221 2396 5274 nem,
2425 5205 2579 5275 cujus
2605 5203 2889 5259 Dominum
2918 5213 3162 5258 nostrum
3188 5216 3296 5256 non
3318 5201 3528 5274 puduit,
3559 5195 3825 5271 quominus

2252 5299 2482 5370 primum
2531 5296 2582 5351 in
2633 5293 2934 5366 paradisum
2961 5295 3259 5359 induceret
3294 5311 3309 5348 :
3351 5309 3422 5348 ne
3467 5293 3826 5349 erubescamus

2253 5391 2566 5463 magistrum
2607 5389 2801 5445 habere
2848 5387 3118 5444 hominem
3149 5388 3300 5442 illum
3325 5429 3342 5454 ,
3389 5387 3480 5458 qui
3523 5390 3642 5441 adte
3665 5390 3822 5438 totum

2254 5484 2546 5539 humanum
2587 5495 2757 5552 genus
2804 5480 3000 5551 dignus
3042 5489 3123 5535 est
3171 5478 3385 5536 habitus
3433 5473 3822 5534 conversatione

2255 5573 2506 5650 paradisi.
2531 5573 2749 5645 Singula
2775 5573 2934 5644 igitur
2954 5572 3112 5628 verba
3132 5573 3500 5643 expendamus
3519 5613 3537 5639 ,
3563 5576 3688 5626 utet
3711 5565 3824 5621 hinc

2254 5671 2509 5726 virtutem
2539 5668 2712 5722 crucis
2739 5665 3027 5721 diseamus.
3083 5663 3266 5734 Neque
3295 5664 3439 5719 enim
3468 5663 3535 5718 ad
3571 5662 3742 5721 illum,
3772 5661 3819 5706 ut

2255 5764 2322 5820 ad
2355 5765 2568 5818 Petrum
2609 5769 2665 5816 et
2701 5759 2968 5815 Andream
2991 5799 3006 5824 ,
3039 5757 3172 5812 dixit
3203 5773 3222 5812 :
3259 5756 3433 5812 Venite
3465 5766 3514 5812 et
3545 5755 3719 5824 faciam
3747 5762 3820 5800 vos

2255 5854 2525 5926 piscatores
2576 5854 2831 5913 hominum
2877 5851 2896 5922 (
2916 5849 3098 5907 Matth.
3133 5851 3184 5909 4.
3219 5850 3315 5922 19)
3348 5868 3360 5905 :
3390 5865 3562 5922 neque
3607 5843 3728 5902 dixit
3762 5835 3819 5893 ad
