4100 6468
534 393 634 448 3H

537 501 638 560 ἐπὶ
666 501 897 558 δώδεκα
921 499 1175 569 θρόνους
1202 499 1514 566 κρίνοντες
1537 497 1646 565 τὰς
1667 496 1898 552 δώδεκα
1927 498 2135 568 φυλὰς

537 588 648 644 τοῦ
696 582 964 654 Ἰσραήλ.
992 581 1176 645 Ὀλως
1195 581 1252 635 δὲ
1277 581 1397 635 οὐδὲ
1422 583 1668 654 ῥήματος
1689 581 1851 635 αὐτὸν
1872 581 2132 650 ἠξίωσεν.

538 671 676 727 Οὐδὲ
704 667 959 740 θαύματα
975 663 1134 726 εἶδεν.
1153 666 1215 720 οὐ
1237 665 1430 738 νεκρὸν
1455 667 1838 736 ἀνιστάμενον,
1858 667 1917 718 οὐ
1941 664 2136 734 δαίμο-

538 773 638 820 νας
665 751 1079 824 ἐλαυνομένους,
1120 751 1180 804 οὐ
1229 750 1502 804 θάλατταν
1560 750 1813 804 εἴκουσαν
1853 747 2018 803 αὐτοῦ
2053 750 2137 822 τῷ

539 839 892 908 ἔπιτάγματι.
923 836 984 890 οὐ
1019 835 1147 905 1:591
1177 834 1454 904 βασιλείας
1491 832 1644 904 αὐτῷ
1674 832 1942 904 διελέχθη·
1978 830 2133 905 [415]

541 922 705 978 πόθεν
733 923 790 976 δὲ
806 922 922 993 ᾔδει
939 921 1034 974 καὶ
1055 921 1155 986 τῆς
1175 918 1452 989 βασιλείας
1475 917 1535 972 16
1555 917 1755 989 όνομας
1779 917 2003 986 Ἰδωμεν
2029 915 2135 968 αὐ-

538 1006 634 1060 τοῦ
651 1006 749 1077 τὴν
769 1007 982 1059 σύνεσιν
1002 1004 1098 1075 τὴν
1123 1003 1343 1073 πολλήν.
1375 1001 1665 1073 Ἑλοιδόρει
1689 1001 1872 1066 αὐτὸν,
1893 1001 2082 1070 φησὶν,
2101 1003 2134 1055 6

540 1091 628 1143 ῑτε
639 1107 728 1161 ρος
751 1089 954 1161 λῃστής
973 1105 987 1118 ο
1036 1088 1135 1140 καὶ
1157 1088 1267 1157 γὰρ
1288 1086 1374 1140 έτε
1384 1103 1474 1156 ρος
1504 1081 1572 1156 ἦν
1603 1084 1805 1157 λῃστὴς
1835 1099 2133 1136 συνεσταυ-

545 1171 808 1243 ρωμένος,
833 1173 917 1225 ἵνα
941 1171 1204 1242 πληρωθῇ
1222 1170 1282 1224 16
1306 1169 1458 1240 παρά
1485 1169 1577 1221 τοῦ
1606 1169 1884 1240 προφήτου
1903 1163 2133 1238 εἰρημέ-

543 1273 654 1318 νον,
693 1258 776 1310 ὄτι
809 1256 919 1310 Καὶ
963 1256 1116 1324 μετὰ
1163 1254 1406 1322 ἀνόμων
1437 1253 1749 1322 ἐλογίσθη.
1815 1251 2134 1305 Ἐϐοὐλοντο

462 1328 477 1337 ⁸
541 1338 652 1410 γὰρ
696 1341 790 1392 καὶ
830 1339 929 1410 τὴν
971 1338 1131 1403 δόξαν
1175 1334 1341 1389 αὐτοῦ
1395 1335 1668 1389 διαϐαλεῖν
1717 1336 1766 1388 οἱ
1815 1333 2135 1404 ἀγνώμονες

553 1422 820 1483 Ἰουδαῖοι,
847 1423 942 1476 καὶ
970 1421 1308 1492 πανταχόθεν
1331 1417 1637 1490 ὲπηρέαζον
1658 1422 1770 1482 τοῖς
1799 1418 2130 1489 γινομένοιςο

539 1506 679 1560 ἀλλά
706 1506 796 1560 διὰ
828 1506 1046 1560 πάντων
1080 1507 1114 1575 ἡ
1159 1504 1384 1576 ἀλήθεια
1424 1502 1624 1575 ηὐξανε
1649 1544 1664 1565 ,
1697 1503 1791 1557 καὶ
1833 1502 1900 1554 δι’
1951 1499 2136 1555 αὐτῶν

539 1589 650 1642 τῶν
709 1589 1052 1659 κωλυμάτων
1117 1588 1474 1660 λαμπροτέρα
1547 1586 1777 1655 ἐγίνετο.
1843 1583 2136 1656 Ἐλοιδόρει

541 1674 724 1728 τοίνυν
753 1673 917 1727 αὐτὸν
950 1677 978 1726 6
1005 1673 1194 1744 ἔτερος
1225 1672 1451 1744 λῃστής·
1480 1667 1560 1735 είς
1583 1671 1640 1724 δέ
1663 1687 1746 1734 τις
1771 1668 1880 1722 τῶν
1902 1670 2137 1737 εὐαγγε-

541 1756 745 1810 λιστῶν
784 1772 969 1828 φησιν,
986 1757 1069 1810 ὅτι
1101 1755 1407 1828 ἀμφότεροι
1436 1754 1740 1826 ἐλοιδόρουν
1768 1753 1861 1806 τὸν
1901 1750 2134 1823 Ἰησοῦν·

543 1839 814 1894 καὶτοῦτο
840 1841 899 1894 δὲ
925 1839 1146 1911 ἀληθὲς,
1176 1839 1205 1892 6
1238 1840 1336 1892 καὶ
1369 1839 1605 1910 μάλιστα
1639 1837 1901 1890 ἐπιτείνει
1941 1834 2135 1888 τούτου

541 1923 642 1994 τὴν
667 1923 1111 1996 εὐγνωμοσύνην.
1153 1923 1314 1988 Είκδς
1346 1923 1456 1996 γάρ
1495 1921 1660 1976 αὐτὸν
1688 1919 2000 1992 λοιδορῆσαι
2037 1919 2138 1991 μὲν

543 2007 695 2078 παρά
726 2009 824 2078 τὴν
857 2007 1052 2080 ἀρχὴν,
1085 2007 1282 2080 ἀθρόον
1321 2007 1378 2060 δὲ
1404 2005 1676 2078 τοσαύτην
1701 2004 1802 2077 τὴν
1831 2001 2136 2075 μεταϐολὴν

544 2091 940 2156 ἐπιδείξασθαι.
963 2091 1274 2162 πἘλοιδόρει
1307 2091 1489 2146 τοίνυν
1521 2091 1707 2156 αὐτὸν,
1735 2088 1922 2160 φησὶν,
1959 2089 1990 2140 6
2020 2086 2139 2140 ἓτε-

548 2191 639 2246 ρος
668 2175 894 2247 λῃστής.
923 2171 1074 2240 Εἶδες
1103 2175 1306 2250 λῃστὴν
1336 2176 1432 2229 καὶ
1459 2174 1700 2246 λῃστήνς
1740 2171 2042 2243 ἀμφότεροι
2079 2170 2138 2222 ἐν

543 2258 625 2330 τῷ
655 2259 893 2331 σταυρῷ,
918 2260 1220 2331 ἀμφότεροι
1251 2260 1359 2314 ἀπὸ
1382 2258 1668 2330 πονηρίας,
1696 2256 1998 2328 ἀμφότεροι
2029 2251 2138 2307 ἀπὸ

547 2341 664 2413 βίου
710 2341 993 2417 λῃστικοῦ,
1040 2343 1156 2397 ἀλλ’
1188 2344 1291 2397 οὐκ
1340 2342 1646 2414 ἀμφότεροι
1679 2341 1737 2394 ὲν
1766 2343 1879 2402 τοῖς
1930 2338 2134 2400 αὐτοῖς’

543 2427 659 2482 ἀλλ’
681 2429 710 2482 6
736 2427 836 2498 μὲν
868 2427 1145 2498 βασιλείαν
1175 2427 1636 2498 ἐκληρονόμησεν,
1664 2428 1692 2478 6
1722 2424 1778 2477 δὲ.
1805 2426 1884 2487 είς
1912 2421 2138 2491 γέενναν

547 2511 962 2585 παρεπέμπετο.
985 2511 1142 2565 Οὕτω
1162 2511 1255 2564 καὶ
1287 2509 1436 2580 χθὲς,
1481 2509 1726 2581 μαθητὴς
1755 2507 1848 2562 καὶ
1875 2503 2136 2577 μαθηταί·

547 2596 661 2649 ἀλλ’
701 2599 730 2649 6
779 2597 879 2666 μὲν
925 2595 1061 2668 πρὸς
1117 2595 1410 2667 προδοσίαν
1457 2591 1936 2665 παρεσκευάζετο,
1985 2590 2036 2642 οἱ
2083 2588 2140 2642 δὲ

547 2682 688 2749 πρὸς
717 2679 997 2734 διακονίαν
1027 2679 1432 2751 εὐτρεπίζοντο·
1463 2678 1558 2733 καὶ
1595 2679 1803 2739 ἐκεῖνος
1835 2674 1934 2744 μὲν
1984 2672 2140 2741 ἔλεγε

545 2767 660 2826 τοῖς
683 2765 1020 2834 Φαρισαίοις
1046 2765 1106 2818 Τί
1121 2763 1329 2818 θέλετέ
1350 2781 1452 2832 μοι
1481 2761 1715 2826 δοῦναι,
1736 2761 1834 2814 καί
1861 2757 1976 2829 ἐγὼ
1995 2758 2143 2828 ὑμῖν

547 2847 887 2915 παραδώσω
908 2849 1136 2909 αὑτόν-ς
1158 2842 1305 2902 οὗτοι
1327 2846 1384 2901 δὲ
1415 2843 1720 2918 προσῆλθον
1739 2843 1819 2914 τῷ
1846 2842 2023 2913 Ἰησοῦ
2049 2841 2140 2894 λέο

547 2948 768 3001 γοντες·
813 2931 936 2986 Ποῦ
996 2931 1194 2998 θέλεις
1224 2929 1618 3001 ἐτοιμὰζωμέν
1661 2942 1761 2983 σοι
1812 2925 2029 2998 φαγεῖν
2073 2927 2141 2979 τὸ

546 3015 766 3086 Πάσχα
783 3033 802 3082 ;
826 3015 983 3070 Οῦτω
1017 3017 1110 3070 καὶ
1137 3014 1392 3079 ἐνταῦθα,
1423 3014 1626 3086 λῃστὴς
1649 3013 1744 3066 καὶ
1767 3011 1994 3083 λῃστήςο
2025 3009 2140 3064 ἀλλ’

545 3103 575 3154 6
609 3099 708 3171 μὲν
744 3099 1084 3173 ἐλοιδορεῖτο,
1105 3101 1135 3152 6
1157 3098 1214 3152 δὲ
1235 3097 1604 3168 ἐπιστομίζει·
1627 3099 1655 3150 6
1679 3097 1776 3168 μὲν
1802 3094 2139 3166 βλασφημεῖ,

546 3187 576 3239 6
611 3184 668 3238 δὲ
693 3183 936 3253 ἐγκαλεῖ,
983 3183 1081 3238 καὶ
1113 3182 1291 3237 ταῦτα
1330 3182 1472 3255 ὀρῶν
1500 3179 1920 3254 ἐσταυρωμένον
1951 3177 2138 3242 αὐτὸν,

548 3266 1043 3338 κατακεκριμένον,
1081 3267 1175 3320 τὸν
1213 3266 1386 3337 δῆμον
1415 3264 1663 3320 κάτωθεν
1706 3261 2140 3334 λοιδορούμενον,

549 3349 858 3405 ἐπιϐοῶντα
900 3350 1133 3422 μεγάλα·
1187 3349 1301 3404 ἀλλ’
1337 3350 1488 3420 ὅμως
1543 3350 1697 3404 οὐδὲν
1740 3347 1948 3401 τούτων
1981 3345 2144 3400 αὐτὸν

548 3434 1063 3506 παρέτρεψεν,“οὐδὲ
1091 3436 1190 3506 τῆς
1225 3431 1612 3506 προσηκούσης
1641 3431 1801 3503 δόξης
1828 3431 2142 3498 ἀπήγαγεν,

549 3517 687 3572 ἀλλά
710 3519 806 3572 καὶ
833 3518 912 3588 τῷ
952 3518 1125 3589 ἑτέρῳ
1174 3518 1345 3590 λῃστῇ
1391 3517 1638 3587 σφοδρῶς
1684 3514 2008 3578 ἐπιτίθεται,
2049 3511 2148 3566 καί

552 3617 685 3672 φησι
720 3602 858 3671 πρὸς
887 3601 1070 3654 αὐτόν·
1111 3599 1267 3655 Οὐδὲ
1297 3598 1454 3669 φοϐῇ
1478 3599 1587 3654 τὸν
1613 3597 1762 3654 Θεὸν
1791 3597 1912 3663 σύ;

626 3842 698 3905 γ’.
717 3830 868 3897 Εἶδες
886 3834 1198 3907 παρρησίαν
1221 3830 1453 3906 λῃστοῦς
1484 3827 1623 3896 εἶδες
1644 3829 1763 3896 πῶς
1776 3831 1899 3885 οὐδὲ
1920 3829 1980 3884 ὲν
1995 3845 2153 3883 σταυ-

560 3924 642 3998 ριῖι
673 3927 776 3996 τῆς
815 3925 1022 3990 οἰκείας
1065 3925 1262 3997 τέχνης
1299 3924 1737 3989 ἐπιλανθάνεται,
1767 3922 1905 3978 ἀλλὰ
1928 3922 2018 3977 διὰ
2049 3920 2151 3993 τῆς

557 4018 848 4089 ὁμολογίας
867 4017 1040 4087 αὐτῆς
1065 4016 1320 4089 λῃστεύει
1348 4017 1447 4086 τὴν
1473 4016 1751 4088 βασιλείαν
1772 4031 1787 4081 ;
1819 4013 1973 4069 Οὐδὲ
1991 4011 2150 4083 φοϐῇ

558 4109 670 4166 τὸν
700 4111 850 4166 Θεὸν
885 4111 988 4176 σὺ,
1015 4110 1214 4182 φησίν;
1249 4107 1400 4175 Εῐδες
1446 4110 1761 4183 παρρησίαν
1795 4109 1852 4162 ὲν
1896 4105 2147 4180 σταυρῷ;

560 4201 701 4268 εἶδες
750 4204 1112 4274 φιλοσοφίαν,
1168 4199 1308 4266 εἶδες
1372 4203 1696 4267 εὐλάϐειανς
1750 4202 1874 4255 Ὀτι
1922 4201 2033 4272 γὰρ
2093 4200 2153 4253 ὲν

561 4294 742 4367 ἐαυτῷ
760 4290 850 4367 ἦν,
869 4295 952 4348 ὅτι
979 4294 1078 4358 τὰς
1107 4294 1314 4365 φρένας
1343 4293 1481 4357 ὅλως
1508 4290 1621 4364 εἶχε
1653 4295 1768 4356 τοῖς
1803 4291 1956 4364 ἥλοις
1981 4293 2154 4361 ὲμπε-

561 4390 860 4462 παρμένος,
896 4389 990 4443 καί¹
1028 4388 1124 4451 τὰς
1155 4389 1217 4440 ἐκ
1269 4385 1379 4440 τῶν
1421 4386 1568 4457 ἥλων
1617 4385 1809 4448 ὀδύνας
1862 4381 2152 4454 ὑπομένων

559 4482 658 4546 τὰς
687 4481 1018 4553 ἀφορήτους,
1050 4480 1171 4550 οὐχὶ
1201 4477 1580 4550 θαυμάζεσθαι
1600 4477 1750 4544 ἄξιος
1780 4474 1873 4530 τοῦ
1904 4474 2153 4544 γενναίου

562 4573 910 4643 φρονήματος
943 4571 1142 4635 Evr-:10;
1183 4570 1324 4638 Ἐγὼ
1371 4569 1472 4640 μὲν
1497 4570 1556 4622 οὐ
1585 4566 1964 4639 θαυμάζεσθαι
1993 4565 2156 4636 μόνον

562 4663 752 4729 ἄξιον,
801 4660 937 4717 ἀλλά
984 4661 1080 4715 καὶ
1134 4660 1538 4732 μακαρίζεσθαι
1587 4659 1747 4712 αὐτὸν
1804 4659 2031 4723 δικαίως
2087 4656 2156 4711 ἂν

563 4755 792 4826 είποιμι.
813 4755 927 4808 Καὶ
954 4753 1064 4825 γὰρ
1090 4754 1151 4806 οὐ
1177 4751 1338 4824 μόνον
1369 4752 1469 4805 οὐκ
1503 4752 1869 4822 ἐπεστρέφετο
1898 4751 2036 4822 πρὸς
2055 4750 2157 4814 τὰς

563 4844 890 4915 ἀλγηδόνας,
939 4843 1055 4899 ἀλλ’
1089 4843 1252 4914 ἀφεὶς
1293 4845 1362 4897 τά
1409 4842 1534 4897 καθ’
1574 4843 1788 4905 ἑαυτὸν,
1847 4841 1916 4895 τὰ
1966 4841 2154 4916 ἑτέρου

564 4936 873 5010 ἐφρόντιζε,
908 4939 1002 4991 καὶ
1037 4938 1183 5002 ὅπως
1217 4938 1425 4992 ἐκεῖνον
1457 4935 1743 5008 ὲξαρπάσῃ
1779 4934 1883 5006 τῆς
1924 4935 2155 5008 πλάνης,

567 5033 662 5084 καὶ
682 5031 1000 5097 διδάσκαλος
1036 5031 1263 5103 γένηται
1284 5033 1342 5087 ὲν
1369 5029 1610 5102 σταυρῷ,
1632 5028 1983 5095 ἐσπούδαζεν.
2003 5030 2158 5085 Οὐδὲ

567 5121 725 5195 φέϐῇ
777 5124 887 5178 τὸν
927 5124 1097 5189 Θεὸν,
1132 5122 1287 5196 φησὶ,
1323 5125 1446 5188 σύ;
1478 5121 1780 5193 Μονονουχὶ
1823 5122 1974 5191 λέγει
2020 5122 2158 5194 πρὸς

566 5215 763 5271 αὐτόν’
795 5216 888 5288 Μὴ
930 5215 1007 5286 τῷ
1054 5217 1207 5270 κάτω
1243 5215 1584 5286 δικαστηρίῳ
1613 5216 1874 5288 πρόσεχε,
1925 5215 2000 5288 μὴ
2049 5216 2160 5269 ἀπὸ

567 5307 678 5361 τῶν
706 5307 1000 5378 ὁρωμένων
1031 5305 1292 5376 ψηφίζου,
1337 5307 1412 5379 μὴ
1443 5307 1513 5360 τά
1537 5308 1798 5378 γινόμενα
1829 5305 1990 5377 μόνον
2019 5309 2123 5379 δρα
2141 5323 2156 5339 ⁶

568 5400 719 5454 ἔστιν
751 5399 940 5470 ἔτερος
974 5399 1167 5470 κριτὴς
1195 5398 1451 5470 ἀόρατος.
1479 5397 1777 5452 ἀδέκαστόν
1803 5400 1953 5451 ἐστιν
1985 5399 2162 5452 ἐκεῖνο

569 5493 630 5546 16
673 5492 1043 5564 δικαστήριον,
1091 5490 1558 5562 παραλογισθῆναι
1610 5491 1685 5561 μὴ
1724 5490 2043 5560 δυνάμενον.
2069 5491 2161 5562 Μὴ

571 5583 749 5638 τοίνυν
801 5583 936 5657 ἴδῃς,
983 5586 1065 5638 ὅτι
1121 5581 1422 5654 κατεκρίθη
1462 5583 1632 5636 κάτω·
1670 5583 1807 5637 ἀλλά
1839 5583 1911 5636 τά
1955 5582 2066 5635 ἀνω
2099 5582 2161 5635 οὐ

571 5675 818 5730 τοιαῦτα.
865 5676 1132 5730 Ἐνταῦθα
1165 5675 1267 5748 μὲν
1291 5675 1401 5748 γὰρ
1433 5677 1494 5729 ὲν
1529 5675 1606 5746 τῷ
1641 5676 1791 5730 κάτω
1819 5674 2161 5745 δικαστηρίῳ

578 5770 670 5822 καὶ
695 5769 979 5824 ἀνεύθυνοι
1008 5770 1270 5833 πολλάκις
1307 5769 1784 5834 καταδικάζονται,
1810 5767 1904 5822 καί
1926 5766 2164 5820 ὐπεύθυ-

573 5875 658 5913 νοι
706 5859 990 5930 ἀφίενται,
1026 5860 1177 5933 [ιιει
1209 5861 1302 5916 καὶ
1329 5861 1530 5918 δίκαιοι
1566 5859 2021 5931 κατακρίνονται,
2069 5857 2162 5913 καὶ

1247 382 1306 442 S.
1347 382 1636 444 JOANNIS
1669 383 2177 446 οιιιιϊεοετοιιι
2206 387 2528 444 ARCIIIEP.
2565 388 3123 450 CONSTANTINOP.

3722 395 3820 452 ιιτ

2241 502 2414 556 ἄδικοι
2441 503 2816 573 διαφεύγουσι.
2861 503 2944 558 Τά
2979 504 3080 576 μὲν
3108 503 3216 579 γὰρ
3261 503 3477 570 ἑκόντες
3497 505 3610 561 τῶν
3642 523 3820 581 κρινο-

2245 597 2448 666 μένων,
2469 595 2539 650 τά
2593 597 2650 650 δὲ
2680 598 2908 662 ἄκοντες
2959 596 3368 670 διαφθείρουσιν
3401 598 3452 651 οἱ
3489 597 3682 653 πολλοὶ
3717 599 3822 656 τῶν

2241 687 2565 762 ἀνθρώταυν·
2613 691 2646 761 ἦ
2677 691 2788 763 γὰρ
2819 689 3144 760 ἀγνοοῦντες
3175 691 3235 744 16
3257 690 3467 745 δίκαιον
3488 692 3585 746 καὶ
3614 692 3821 768 ἀπατη-

2241 779 2446 845 θέντες,
2476 781 2508 852 ἢ
2541 781 2738 847 ἰδόντες
2767 783 2886 854 μὲν,
2911 783 3016 836 ὐπὸ
3037 783 3336 855 χρημάτων
3357 781 3415 836 δὲ
3439 782 3824 855 διαφθαρέντες

2243 873 2563 946 προέδωκαν
2594 875 2692 948 τὴν
2735 876 3026 945 ἀλήθειαν,
3078 876 3174 930 καὶ
3230 875 3678 946 κατεψηφίσαντο
3721 877 3824 930 τῶν

2238 965 2571 1020 ἀνευθύνων.
2620 969 2768 1021 Ἀνω
2821 968 2878 1023 δὲ
2905 968 3057 1022 οὐδὲν
3116 967 3348 1022 τοιοῦτόν
3383 971 3552 1023 ἐστιν.
3601 968 3662 1021 '0
3695 967 3824 1032 Θεὸς

2237 1059 2345 1130 γάρ
2372 1061 2566 1130 κριτὴς
2594 1059 2824 1124 δίκαιος,
2855 1062 2947 1115 καὶ
2975 1061 3036 1114 16
3080 1062 3253 1132 κρῖμα
3283 1059 3449 1114 αὐτοῦ
3474 1060 3551 1124 ὡς
3573 1059 3690 1130 φῶς
3737 1059 3824 1126 ἐξ·

2249 1150 2555 1204 ελεύσεταισ
2593 1154 2694 1206 οὐκ
2717 1152 3059 1224 ἔχεισκότος,
3075 1153 3178 1206 οὐκ
3217 1153 3331 1224 ἔχει
3358 1154 3702 1227 ἀποκρυὸὴν,
3736 1155 3826 1208 οὐ·

2237 1246 2431 1316 δεμίαν
2481 1246 2699 1318 δέχεται
2762 1249 3146 1320 παρατροπήν.
3203 1246 3323 1301 Ἵνα
3383 1247 3492 1320 γάρ
3567 1247 3646 1319 μὴ
3694 1247 3825 1321 λέγῃ

2239 1340 2466 1404 ἐκεῖνος,
2492 1340 2573 1393 ὅτι
2601 1339 2970 1410 κατεδικάσθη
3003 1341 3174 1405 κάτω,
3203 1339 3256 1392 τί
3286 1338 3436 1409 αὐτῷ
3469 1341 3824 1410 συνηγορεῖςς

2237 1436 2516 1504 ἀνήγαγεν
2543 1435 2705 1489 αὐτὸν
2735 1435 2829 1488 ἐπὶ
2857 1433 2917 1487 16
2949 1434 3062 1489 ἀνω
3086 1433 3459 1504 δικαστήριον,
3484 1433 3579 1486 ἐπὶ
3597 1432 3661 1486 16
3683 1431 3826 1504 βῆμα

2237 1524 2298 1577 16
2329 1523 2580 1594 φοὸερὺν,
2613 1524 2704 1578 ἐπὶ
2745 1523 2806 1578 16
2840 1523 3125 1594 κριτήριον
3165 1523 3226 1576 16
3259 1522 3577 1590 ἀδέκαστον,
3609 1522 3704 1575 ἐπὶ
3741 1523 3826 1576 τὸν

2239 1618 2679 1689 ἀπαραλόγιστον
2711 1617 3003 1690 δικαστὴν,
3040 1618 3349 1689 ἀνέμνησεν
3401 1617 3566 1671 αὐτὸν
3621 1615 3824 1670 ἐκείνου

2239 1710 2334 1764 τοῦ
2366 1709 2599 1783 φοϐεροῦ
2635 1711 2941 1784 κριτηρίου.
2991 1711 3140 1764 Ἐκεῖ
3183 1709 3373 1781 βλέπε,
3419 1710 3576 1782 φησὶ,
3614 1707 3707 1764 καὶ
3732 1710 3828 1763 οὐκ

2239 1802 2411 1865 οίσεις
2441 1801 2540 1873 τὴν
2566 1801 3033 1867 καταδικάζουσαν
3077 1802 3280 1873 ψῆφον,
3332 1803 3454 1855 οὐδὲ
3483 1801 3666 1876 στήσῃ
3695 1799 3827 1870 μετά

2239 1893 2350 1948 τῶν
2380 1894 2531 1948 κάτω
2552 1892 2878 1964 ἀνθρώπων,
2929 1893 3067 1948 ἀλλά
3109 1893 3433 1966 θαυμάσεις.
3467 1893 3564 1947 καὶ
3598 1889 3828 1966 ἀποδέξῃ

2239 1984 2338 2053 τὴν
2370 1985 2575 2041 ἄνωθεν
2595 1986 2797 2058 κρίσιν.
2828 1984 2983 2039 Οὐδὲ
3010 1983 3190 2055 φοϐῇ,
3215 1984 3370 2054 φησὶ,
3399 1982 3509 2038 τόν
3541 1982 3696 2038 Θεὸν
3717 1983 3828 2048 σύς

2242 2073 2396 2142 Εἶδες
2434 2078 2755 2149 φιλοσοφίαν
2785 2077 2985 2152 λῃστοῦ
3005 2119 3026 2142 ,
3073 2073 3212 2142 εἶδες
3245 2077 3490 2144 σύνεσιν,
3527 2073 3672 2140 εἶδες
3691 2075 3829 2129 6160.-

2244 2171 2473 2226 σκαλίαν
2493 2189 2508 2238 ;
2532 2172 2730 2245 ἀθρόον
2769 2173 2877 2227 ἀπὸ
2905 2173 2996 2228 τοῦ
3030 2171 3266 2244 σταυροῦ
3315 2172 3451 2243 πρὸς
3479 2171 3574 2225 τὸν
3606 2167 3830 2242 οὐρανὸν

2241 2261 2471 2334 ἀνέπτη.
2509 2263 2621 2317 Καὶ
2647 2264 2752 2335 ὅρα
2786 2263 2949 2318 αὐτὸν
2974 2263 3336 2317 ἀποστολικδν
3366 2263 3535 2332 νόμον
3565 2261 3670 2332 ἤδη
3694 2259 3827 2330 πλη⁹

2245 2354 2467 2424 ροῦντα,
2511 2356 2607 2409 καὶ
2637 2356 2700 2409 οὐ
2743 2355 2810 2410 τά
2864 2354 3060 2412 ἑαυτοῦ
3110 2356 3272 2426 μόνον
3327 2353 3659 2417 σκοποῦντα,
3700 2350 3830 2407 ἀλλά

2245 2445 2427 2499 πάντα
2483 2445 2743 2500 ποιοῦντα
2792 2446 2888 2500 καὶ
2933 2446 3482 2518 πραγματευόμενον,
3545 2445 3688 2499 ὥστε
3742 2445 3829 2498 καὶ

2244 2535 2454 2589 ἐκεῖνον
2485 2537 2586 2607 τῆς
2605 2537 2814 2607 πλάνης
2840 2537 3168 2604 ἀπαλλάξαι.
3191 2537 3284 2592 καὶ
3309 2537 3442 2607 πρὸς
3456 2537 3560 2608 τὴν
3580 2536 3829 2609 ἀλήθειαν

2244 2625 2634 2694 ἐπαναγαγεῖν.
2667 2628 2852 2684 Είπὼν
2880 2631 3010 2703 γὰρ,
3047 2630 3200 2686 Οὐδὲ
3221 2629 3380 2700 φοϐῇ
3412 2630 3521 2683 τὸν
3546 2629 3698 2684 Θεὸν
3729 2627 3827 2688 σὺ.

2246 2718 2550 2790 ἐπήγαγεν,
2583 2721 2705 2775 Ὅτι
2726 2723 2797 2776 ἐν
2825 2722 2907 2790 τῷ
2938 2722 3099 2789 αὐτῷ
3138 2725 3375 2794 κρίματι
3412 2725 3607 2795 ἐσμεν.
3639 2720 3830 2775 Σκόπει

2244 2807 2635 2885 ἐξομολόγησιν
2657 2815 3094 2889 ἀπηρτισμένην.
3118 2817 3184 2870 Τί
3208 2821 3377 2880 ἐστιν,
3426 2816 3523 2870 Ἐν
3568 2814 3648 2882 τῷ
3679 2811 3829 2879 αὐτῷ

2246 2905 2488 2974 κρίματι
2541 2908 2746 2979 ὲσμενς
2815 2908 2904 2960 Ἐν
2937 2911 3002 2979 τῇ
3035 2910 3198 2980 αὐτῇ,
3251 2909 3402 2979 φησὶ,
3447 2908 3703 2962 κολάσει·
3743 2905 3830 2959 καὶ

2246 2998 2408 3070 ἡμεῖς
2432 2998 2540 3072 γὰρ
2577 3002 2634 3054 ὲν
2657 3000 2876 3074 σταυρῷ
2905 3002 3095 3072 ὲσμεν.
3139 3002 3377 3055 Ἐκεῖνον
3426 3001 3612 3056 τοίνυν
3649 2997 3830 3052 ὀνειδίο

2247 3091 2376 3157 ζων,
2434 3093 2630 3147 σαυτὸν
2675 3093 2784 3165 πρὸ
2838 3093 3048 3146 ἐκείνου
3083 3092 3300 3164 βάλλεις
3355 3094 3476 3156 ταῖς
3525 3091 3827 3164 λοιδορίαις.

2248 3181 2465 3255 Ὥσπερ
2499 3178 2593 3238 οὖν
2621 3184 2650 3236 6
2682 3185 2742 3238 ἐν
2773 3185 3167 3256 ἁμαρτήμασιν
3187 3183 3286 3250 ὢν,
3323 3185 3419 3238 καὶ
3447 3184 3640 3254 ἕτερον
3672 3198 3830 3237 κατα-

2247 3273 2506 3340 δικάζων,
2534 3275 2728 3330 ἑαυτὸν
2767 3275 2874 3348 πρὸ
2901 3275 3114 3329 ἐκείνου
3147 3274 3500 3340 καταδικάζει
3524 3292 3538 3305 ο
3584 3273 3724 3328 οὓτω
3743 3268 3831 3324 καὶ

2247 3368 2277 3421 6
2310 3368 2370 3419 ἐν
2401 3369 2659 3439 συμφορᾷ
2698 3365 2774 3421 ὢν
2799 3407 2815 3433 ,
2858 3369 2952 3421 καὶ
2986 3367 3262 3433 ὀνειδίζων
3303 3367 3488 3438 ἑτέρου
3531 3363 3826 3438 συμφορὰν.

2250 3458 2442 3512 ἑαυτὸν
2471 3459 2578 3530 πρὸ
2604 3459 2813 3513 ἐκείνου
2842 3457 3113 3524 ὀνειδίζει.
3163 3460 3261 3513 Ἐν
3291 3457 3373 3525 τῷ
3394 3457 3560 3523 αὐτῷ
3583 3457 3827 3528 κρίματι,

2251 3551 2436 3621 φησὶν,
2472 3551 2661 3622 ἐσμέν.
2696 3552 2750 3605 Ἀ
2761 3552 3081 3607 ποστολικδν
3097 3550 3247 3623 αὐτῷ
3269 3552 3434 3622 νόμον
3449 3549 3826 3620 ἀναγινώσκει,

2249 3641 2584 3712 εὐαγγελικά
2614 3645 2838 3716 ῥήματα
2864 3644 3093 3714 λέγοντα
3117 3661 3131 3675 ·
3176 3643 3274 3712 Μὴ
3313 3644 3569 3713 κρίνετε,
3611 3643 3708 3696 ἵνα
3745 3637 3829 3709 μὴ

2249 3737 2515 3806 κριθῆτε.
2540 3739 2670 3792 Ὀτι
2703 3739 2774 3792 ἐν
2794 3738 2874 3805 τῷ
2897 3738 3059 3804 αὐτῷ
3075 3739 3316 3807 κρίματί
3335 3739 3522 3807 ἐσμεν.
3554 3738 3620 3791 Τί
3648 3735 3827 3796 ποιεῖς,

2249 3825 2295 3883 ὦ
2321 3828 2526 3902 λῃστάς
2576 3831 2832 3885 κοινωνὸν
2895 3831 3050 3903 ὐμῶν
3088 3831 3252 3885 αὐτὸν
3291 3831 3464 3894 ποιεῖς
3496 3829 3691 3899 λέγων,
3734 3827 3830 3880 Ἐν

2250 3921 2330 3987 τῷ
2355 3922 2517 3989 αὐτῷ
2560 3925 2800 3994 κρίματί
2832 3927 3034 3995 ὲσμεν;
3069 3927 3226 3997 Οὐχὶ,
3283 3927 3482 3999 φησίν
3520 3926 3711 3993 ἐπάγω
3739 3918 3834 3990 τὴν

2249 4016 2537 4087 διόρθωσιν
2567 4017 2657 4072 διά
2681 4018 2790 4071 τῶν
2823 4017 2988 4088 ἐξῆςο
3039 4020 3150 4075 Καὶ
3193 4020 3365 4090 ἡμεῖς
3395 4021 3534 4090 μὲν,
3569 4017 3718 4092 φησὶ,
3750 4014 3829 4068 δι-

2251 4111 2433 4177 καίως
2452 4127 2465 4140 ·
2492 4111 2632 4177 ἄξια
2662 4112 2770 4182 γὰρ
2792 4107 2880 4166 ὧν
2908 4112 3282 4183 ἐποιήσαμεν
3313 4112 3834 4181 ἀπολαμϐάνομενκ

2254 4201 2372 4254 Ἵνα
2403 4202 2512 4273 γὰρ
2555 4201 2629 4274 μὴ
2655 4202 2895 4267 ἀκούσας
2925 4204 3008 4258 ὅτι
3035 4201 3213 4272 εἶπεν,
3265 4207 3362 4259 Ἑν
3387 4203 3468 4270 τῷ
3510 4202 3671 4269 αὐτῷ
3714 4197 3828 4268 κρί-

2244 4293 2391 4362 ματι
2427 4295 2597 4365 ἐσμεν
2616 4337 2632 4360 ,
2677 4297 2910 4370 νομίσῃς
2943 4299 3026 4351 ὄτι
3055 4297 3314 4351 κοινωνὸν
3339 4297 3506 4351 αὐτὸν
3533 4297 3634 4369 τῆς
3662 4296 3828 4365 ἀμαρ-

2250 4381 2372 4446 τίας
2411 4383 2660 4455 ἐποίησε,
2699 4385 2788 4440 διὰ
2818 4386 2978 4440 τοῦτο
3009 4389 3260 4458 ἐπήγαγε
3287 4383 3385 4458 τὴν
3407 4385 3710 4457 διόρθωσιν,
3741 4378 3826 4435 καί

2255 4491 2422 4545 φησιν
2446 4488 2464 4505 ’
2515 4472 2714 4546 Ἡμεῖς
2760 4476 2882 4546 μὲν
2919 4477 3197 4545 δικαίως·
3234 4477 3375 4543 ἄξια
3396 4477 3506 4547 γὰρ
3525 4471 3614 4532 ὧν
3639 4471 3827 4537 ἐποιή-

2253 4582 2450 4636 σαμεν
2471 4568 3000 4638 ἀπολαμϐάνομεν.
3027 4563 3182 4633 Εἶδες
3210 4568 3602 4639 ἐξομολόγησιν
3635 4563 3826 4621 τελείαν

2256 4661 2316 4713 ὲν
2341 4660 2594 4732 σταυρῷ;
2622 4657 2762 4725 εἶδες
2803 4660 2923 4724 πῶς
2971 4660 3271 4730 ἀπενίψατο
3314 4660 3403 4715 διὰ
3440 4661 3548 4714 τῶν
3586 4657 3829 4732 ῥημάτων

2253 4750 2326 4804 τά
2345 4751 2752 4822 ἀμαρτήματα;
2778 4748 2916 4816 εἶδες
2939 4753 3056 4816 πῶς
3086 4753 3403 4824 ἐπλήρωσεν
3429 4755 3605 4806 έκεῖνο
3626 4751 3684 4804 16
3710 4761 3828 4818 προ·

2255 4843 2486 4914 φητικὸν
2545 4844 2916 4918 παράγγελμα
2937 4861 2953 4879 '
2987 4846 3137 4916 Λέγε
3169 4847 3250 4900 σὺ
3295 4847 3402 4912 τὰς
3449 4844 3694 4918 ἀνομίας
3722 4855 3827 4896 σου

2255 4934 2488 5003 πρῶτος
2508 4976 2523 5000 ,
2561 4937 2662 4989 ἵνα
2697 4936 3054 5007 δικαιωθῇς;
3087 4939 3278 5002 Οὐδεὶς
3313 4939 3478 4994 αὐτὸν
3511 4939 3837 5010 ἠνάγκασεν..

2253 5025 2430 5089 οὐδεὶς
2477 5026 2877 5099 κατηγόρησεν,
2923 5028 3099 5095 οὐδεὶς
3153 5028 3405 5085 ἐπέθετοο
3433 5029 3596 5093 αὐτὸς
3649 5019 3824 5081 ἑαυτοῦ

2256 5121 2560 5192 κατήγορος
2606 5121 2844 5190 γίνεται·
2899 5121 2990 5178 διὰ
3047 5121 3207 5178 τοῦτο
3234 5122 3426 5176 οὐδένα
3481 5122 3662 5175 λοιπὸν
3696 5111 3825 5186 εἶχεν

2254 5213 2446 5284 ἕτερον
2471 5214 2801 5285 κατήγορον.
2835 5213 3131 5285 Προλαϐὼν
3180 5213 3287 5286 γὰρ
3314 5214 3535 5286 ἥρπασε
3563 5213 3660 5284 τὴν
3689 5205 3827 5270 τάξιν

2253 5304 2348 5359 τοῦ
2367 5305 2700 5377 κατηγόρου,
2719 5305 2814 5360 καὶ
2835 5305 3026 5365 ἑαυτὸν
3049 5305 3396 5376 ὲστηλίτευσε
3419 5303 3594 5374 λέγων
3614 5323 3625 5334 ·
3654 5296 3826 5370 Ἡμεῖς

2254 5399 2527 5466 δικαίως·
2552 5399 2694 5464 ἄξια
2721 5393 2934 5470 γὰρῶν
2951 5399 3296 5469 ἐπράξαμεν
3321 5396 3822 5471 ἀπολαμϐάνομεν

2256 5487 2434 5558 οὗτος
2456 5491 2525 5546 δὲ
2557 5493 2740 5547 οὐδὲν
2777 5492 3008 5547 ἄτοπον
3038 5492 3322 5562 ἔπραξεν.
3378 5488 3534 5557 Εἶδες
3561 5487 3824 5546 εὐλάϐειαν

2256 5585 2660 5656 ἐπιτεταμένην
2683 5603 2698 5654 ;
2726 5586 2856 5638 ’Ὀτε
2885 5585 2947 5657 δὴ
2972 5587 3356 5658 κατηγόρησεν
3379 5585 3592 5649 ἑαυτοῦ,
3645 5585 3726 5638 ὅτε
3749 5576 3824 5641 ἔξ-

2258 5679 2584 5749 επόμπευσε
2636 5678 2788 5751 [417]
2833 5679 2904 5733 τὰ
2952 5681 3074 5733 καθ’
3105 5681 3316 5747 ἑαυτὸν,
3357 5682 3445 5735 ὅτε
3473 5674 3820 5748 ἀπελογήσατο

2259 5773 2402 5842 ὑπὲρ
2438 5771 2532 5827 τοῦ
2560 5773 2831 5827 Δεσπότου
2855 5772 3046 5836 είπὼν,
3078 5774 3161 5827 ὅτι
3202 5774 3399 5844 Ἡμεῖς
3435 5775 3555 5844 μὲν
3580 5767 3817 5828 δικαίως·

2261 5859 2440 5934 οὗτος
2466 5863 2534 5918 δὲ
2566 5864 2752 5923 οὐδὲν
2771 5865 2998 5924 ἄτοπον
3017 5867 3240 5938 ἔπραξε
3259 5883 3272 5898 σ
3304 5865 3426 5920 τότε
3467 5869 3559 5924 καὶ
3600 5864 3693 5936 τὴν
3723 5857 3818 5909 ixi-
