4100 6426
357 358 454 414 411

377 453 529 508 11111111
551 459 610 505 ut
628 448 693 504 ad
716 446 996 504 duodecim
1017 443 1304 515 discipulos
1323 484 1338 509 ,
1379 443 1628 498 Sedebitt's
1655 456 1805 511 super
1830 440 1962 492 duo-

378 543 538 596 decim
565 542 709 595 sedes
729 583 744 607 ,
774 540 1059 610 iudicantes
1092 535 1358 590 duodecim
1389 535 1546 588 tribus
1569 531 1730 586 Israel
1751 529 1966 602 (Matth.

379 637 468 691 19.
499 634 614 703 98).
667 634 828 687 Plane
857 647 984 686 vero
1012 644 1182 698 neque
1210 628 1370 683 verbo
1399 626 1546 681 illum
1575 625 1817 694 dignatus
1847 631 1964 676 est:

380 743 553 797 neque
579 724 834 780 miracula
877 722 1049 786 vidit,
1093 736 1198 774 non
1242 728 1484 773 mortuos
1521 717 1811 780 excitatos,
1862 729 1968 768 non

380 818 654 871 daunoncs
679 815 951 886 expulsos,
983 828 1085 868 non
1120 827 1268 866 tuare
1294 810 1518 880 imperio
1545 808 1662 878 ejus
1689 807 1968 875 obtempe-

381 924 537 976 rans,
589 925 762 980 neque
795 908 863 962 de
908 922 1071 975 regno
1117 920 1237 960 cum
1290 904 1380 958 illo
1423 902 1583 957 verba
1630 900 1754 956 fecit
1785 916 1798 954 :
1829 899 1970 954 unde

382 1013 560 1058 autem
602 1003 684 1055 vel
711 1002 857 1071 regni
887 1016 1083 1054 nomen
1120 997 1301 1053 novit?
1350 995 1638 1050 Videamus
1663 1002 1856 1064 quanta
1885 995 1970 1046 iu-

385 1095 672 1164 telligentia
706 1095 958 1164 praeditus
987 1093 1162 1146 fuerit.
1210 1089 1476 1145 Conviciis
1517 1087 1878 1141 insectabatur
1903 1085 1970 1138 il-

385 1187 494 1242 lum
519 1229 534 1251 ,
565 1187 768 1258 inquit,
801 1188 935 1241 alter
967 1187 1121 1240 latro.
1151 1185 1362 1239 Etenim
1390 1191 1444 1238 et
1470 1183 1606 1236 alter
1632 1181 1766 1234 latro
1796 1178 1973 1233 0111111-

385 1277 522 1332 fixus
543 1287 676 1343 erat,
711 1289 768 1331 ut
797 1277 1106 1343 impleretur
1128 1275 1256 1330 illud
1287 1273 1560 1344 propheta:
1581 1272 1814 1326 dictum:
1840 1270 1972 1336 Quia

383 1386 497 1423 runt
525 1371 709 1436 iniquis
739 1379 997 1439 reputatus
1017 1378 1087 1422 est
1116 1367 1165 1440 (1
1173 1368 1264 1420 sui.
1295 1365 1515 1437 53.12).
1547 1363 1806 1420 Volebant
1831 1379 1983 1418 nam-

387 1476 488 1530 que
519 1461 827 1531 insipientes
855 1460 1025 1515 Judaei
1054 1460 1274 1530 gloriam
1307 1459 1468 1513 etiam
1499 1458 1614 1526 ejus
1648 1456 1926 1510 traducere
1955 1471 1969 1508 :

385 1561 441 1607 et
467 1553 819 1622 undcqnaque
845 1553 907 1606 iis
930 1593 944 1617 ,
968 1567 1087 1621 qua:
1112 1550 1452 1614 accidebant,
1483 1548 1804 1602 insultabaut
1829 1561 1844 1612 ;
1877 1544 1972 1600 sed

386 1660 481 1714 per
507 1644 592 1698 illa
620 1645 796 1698 omnia
825 1645 1061 1698 excrevit
1089 1644 1283 1697 veritas
1307 1682 1322 1705 ,
1354 1653 1406 1695 01
1437 1656 1530 1709 per
1561 1641 1673 1709 ipsa
1699 1638 1972 1692 obstacula

387 1737 736 1807 splendidior,
758 1745 814 1792 et
838 1735 1167 1792 manifestior
1194 1735 1383 1789 evasit.
1413 1731 1827 1787 Conviciabatur
1845 1744 1974 1799 ergo

385 1829 436 1883 ei
455 1829 592 1882 alter
617 1827 749 1881 latro
778 1847 791 1882 :
816 1841 953 1882 unus
978 1840 1106 1880 vero
1133 1825 1579 1893 cvangelistarum
1606 1822 1755 1886 dicit,
1784 1822 1972 1876 ambos

387 1918 438 1972 in
488 1918 667 1973 Jcsum
718 1919 963 1973 convicia
1006 1918 1202 1986 jeeisse
1251 1915 1444 1987 (Marc.
1476 1915 1564 1970 15.
1593 1912 1684 1986 59.)
1715 1931 1728 1968 :
1766 1922 1846 1987 et.
1870 1912 1976 1967 11οο

385 2026 568 2066 verum
598 2020 700 2075 est,
725 2023 779 2066 et
799 2013 1027 2066 maxime
1048 2010 1205 2080 hujus
1230 2009 1546 2080 probitatem
1565 2006 1809 2062 intendit.
1841 2005 1973 2060 Nam

387 2102 662 2171 probabile
718 2112 800 2156 est
837 2101 1099 2172 principio
1141 2100 1356 2172 quidem
1402 2100 1574 2169 ipsum
1621 2098 1973 2153 conviciatum

385 2193 570 2260 fuisse,
601 2193 889 2262 derepente
908 2203 1085 2248 autem
1114 2201 1312 2245 tantam
1340 2191 1686 2244 mutationem
1713 2187 1971 2244 subiisse:

382 2287 780 2341 conviciabatur
798 2301 946 2356 ergo,
966 2286 1154 2357 inquit,
1176 2286 1310 2341 alter
1331 2285 1488 2340 latro.
1511 2283 1674 2339 Vides
1689 2283 1972 2349 latrenem,

382 2387 438 2433 ct
478 2377 784 2433 latronem?
829 2379 986 2433 ambo
1013 2378 1064 2431 in
1091 2391 1249 2431 cruce
1273 2418 1290 2444 ,
1331 2376 1490 2430 ambo
1517 2375 1585 2430 ab
1615 2374 1972 2444 improbitate,

383 2469 542 2523 ambo
566 2483 596 2522 a
623 2469 728 2523 vita
753 2468 1065 2540 praadatoria
1090 2467 1287 2537 arrepti
1311 2508 1326 2531 ,
1355 2466 1449 2522 sed
1485 2481 1590 2521 non
1615 2466 1774 2520 ambo
1800 2466 1852 2520 in
1879 2465 1974 2520 iis-

381 2558 504 2612 dem
534 2577 548 2612 :
579 2575 699 2614 nam
726 2560 862 2614 alter
890 2574 1113 2628 regnum
1142 2557 1298 2613 heres
1323 2557 1486 2623 adiit,
1518 2557 1657 2612 alter
1685 2557 1737 2612 in
1776 2557 1977 2626 gehen-

382 2667 506 2705 nam
534 2651 798 2705 demissus
822 2661 921 2704 est.
954 2651 1025 2704 Ita
1053 2658 1108 2705 et
1131 2651 1242 2704 heri
1274 2647 1570 2719 discipulus
1614 2658 1667 2703 et
1690 2647 1934 2718 discipuli
1958 2665 1975 2704 :

381 2744 477 2796 sed
509 2742 598 2797 ille
623 2742 688 2795 ad
717 2741 1070 2812 proditionem
1097 2742 1496 2811 acciugebatur,
1526 2741 1622 2795 isti
1639 2741 1704 2795 ad
1735 2742 1978 2795 ministe-

381 2833 522 2888 rium
548 2848 666 2888 sese
692 2834 1061 2905 praeparabant
1088 2851 1101 2888 :
1133 2834 1220 2888 ille
1241 2834 1524 2889 Pbarisaeis
1551 2834 1762 2888 dicebat
1792 2851 1804 2886 :
1839 2835 1976 2898 Quid

383 2926 534 2980 vultis
560 2927 683 2979 mihi
713 2927 869 2990 dare,
911 2935 959 2979 et
995 2942 1085 2996 ego
1106 2941 1219 2978 eum
1243 2925 1382 2979 vobis
1418 2924 1615 2978 tradam
1642 2923 1850 2995 (Matth.
1880 2924 1971 2982 26.

384 3017 472 3071 15.
507 3026 550 3070 rt
575 3019 708 3089 l7)?
757 3017 843 3072 isti
884 3017 1209 3072 accedebant
1250 3015 1315 3070 ad
1354 3015 1535 3071 Jesutn
1562 3017 1843 3071 dicentes:
1875 3015 1975 3071 Ubi

380 3112 456 3164 vis
494 3127 726 3180 paremus
754 3111 842 3164 tibi
884 3112 1191 3164 manducare
1235 3107 1481 3163 Pascha?
1519 3107 1594 3164 Ita
1622 3117 1678 3163 et
1702 3107 1788 3163 hic
1812 3109 1968 3174 latro,

381 3214 439 3259 ct
462 3206 597 3259 latro
629 3223 642 3261 :
673 3214 728 3259 at
758 3206 844 3260 ille
871 3203 1288 3270 conviciabatur,
1321 3202 1407 3257 hic
1433 3201 1759 3258 convicianti
1785 3216 1845 3255 os
1871 3201 1971 3256 ob-

381 3300 565 3365 struit;
616 3299 705 3353 ille
742 3297 1076 3368 blasphemat
1101 3338 1116 3359 ,
1157 3296 1244 3352 hic
1274 3310 1400 3351 vero
1428 3296 1706 3366 objurgat;
1741 3305 1792 3349 01
1832 3294 1968 3361 lucc,

379 3406 500 3445 cum
528 3391 790 3460 aspiceret
817 3391 965 3445 illum
996 3389 1316 3446 crucifixum
1344 3430 1360 3456 ,
1390 3388 1804 3443 condemnatum
1823 3429 1836 3452 ,
1869 3401 1967 3457 po-

383 3481 564 3550 pulum
597 3480 730 3535 infra
757 3481 1164 3545 com-iciantem,
1191 3479 1380 3550 grandi
1406 3493 1538 3534 voce
1566 3480 1967 3543 vociferantem,

377 3571 476 3625 sed
505 3581 679 3626 tanien
709 3571 842 3625 nihil
868 3571 1056 3624 horum
1088 3571 1237 3624 11111111
1262 3581 1624 3624 transversum
1651 3571 1792 3638 egit,
1828 3580 1918 3624 aut
1939 3585 1970 3625 a

377 3664 732 3718 conveniente
760 3664 1155 3718 existimatione
1201 3661 1467 3727 abduxit,
1511 3661 1605 3715 sed
1649 3673 1703 3717 et
1740 3663 1968 3717 alterum

381 3755 639 3810 latronem
668 3758 901 3827 graviter
926 3757 1192 3826 increpat,
1225 3755 1308 3810 his
1333 3755 1399 3810 ad
1423 3755 1570 3809 illutn
1595 3754 1774 3809 verbis
1807 3771 1964 3810 usus:

377 3845 560 3919 Neque
585 3857 638 3900 tu
664 3851 804 3901 times
828 3847 1032 3903 Deum?

449 3940 502 3993 5.
532 3939 723 3994 Vidisti
755 3941 1050 3994 libertatem
1083 3937 1350 3994 latronis?
1385 3938 1559 3993 vidisti
1585 3938 1853 4008 quomodo
1875 3955 1968 3992 nc-

376 4045 482 4098 que
509 4031 561 4084 in
599 4045 757 4085 cruce
800 4032 930 4084 artis
977 4047 1088 4084 sua:
1129 4031 1458 4086 obliviscitur
1487 4071 1502 4095 ,
1544 4030 1638 4084 sed
1669 4045 1766 4100 per
1795 4030 1962 4099 ipsam

375 4121 766 4176 confessionem
785 4124 1050 4192 pne-datur
1065 4139 1284 4193 regnum
1313 4125 1336 4178 ⁸1
1352 4121 1405 4176 Ν
1409 4139 1531 4194 eque
1544 4132 1596 4176 tu
1613 4124 1754 4178 times
1776 4123 1968 4178 Deum?

376 4214 568 4283 inquit.
602 4214 788 4270 Vidisti
830 4216 1128 4271 libertatem
1167 4217 1218 4270 in
1257 4231 1416 4270 cruce
1445 4256 1459 4277 ,
1501 4216 1680 4270 vidisti
1728 4215 1965 4284 philoso-

375 4305 552 4375 phiam
570 4349 585 4372 ,
615 4307 790 4362 vidisti
837 4309 1227 4362 reverentiam?
1255 4307 1405 4376 Quod
1432 4308 1573 4362 enim
1598 4307 1696 4362 sibi
1726 4322 1964 4377 prtescns

373 4394 533 4450 fuerit
554 4397 694 4468 quod
725 4398 791 4453 de
813 4409 954 4453 statu
981 4399 1176 4454 mentis
1205 4415 1312 4453 non
1352 4399 1590 4468 dejectus
1619 4440 1635 4464 ,
1669 4399 1771 4454 etsi
1800 4398 1965 4454 clavis

370 4488 583 4555 affixus,
601 4491 996 4561 immensosque
1020 4493 1285 4546 cruciatus
1306 4505 1370 4545 ex
1397 4491 1560 4544 clavis
1577 4500 1723 4544 ortos
1747 4504 1964 4560 perpes-

371 4595 464 4636 sus
488 4596 587 4634 :an
615 4597 721 4636 non
749 4596 870 4636 eum
899 4583 1150 4637 admirari
1173 4598 1380 4653 aequum
1405 4591 1486 4637 est
1517 4625 1531 4647 ,
1563 4581 1635 4636 ob
1665 4593 1770 4635 tam
1800 4598 1965 4654 gene—

370 4686 547 4724 rosam
577 4672 742 4727 animi
783 4675 1183 4728 constantiam?
1225 4675 1339 4730 Non
1370 4675 1542 4729 solum
1573 4674 1784 4744 dignum
1807 4675 1963 4730 dixe-

368 4763 470 4817 rim
501 4779 656 4833 quem
687 4764 1032 4829 admiremur,
1047 4765 1139 4819 sed
1157 4782 1314 4835 quem
1342 4766 1556 4821 beatum
1585 4767 1957 4836 praedicemus.

369 4855 582 4913 Etenim
608 4874 712 4912 11011
737 4859 907 4913 solum
939 4873 1043 4912 non
1065 4858 1374 4914 advertebat
1405 4869 1636 4916 mentem
1660 4860 1725 4914 ad
1753 4864 1961 4916 crucia-

367 4958 455 5002 tus
486 4990 499 5013 ,
532 4951 625 5004 sed
662 4950 910 5004 omnibus
940 4952 1051 5004 suis
1077 4950 1307 5016 relictis,
1338 4967 1426 5005 res
1454 4953 1672 5006 alterius
1699 4953 1956 5008 curabat:

365 5051 419 5096 et
463 5050 519 5096 ut
547 5041 694 5097 illum
721 5043 788 5096 ab
813 5057 996 5097 errore
1026 5042 1292 5110 eriperet,
1336 5051 1389 5096 et
1436 5046 1690 5115 magister
1733 5045 1850 5114 ejus
1901 5046 1956 5100 in

342 5131 524 5188 ’Ὧι-1100
553 5137 723 5200 110101,
757 5136 900 5189 0111111
927 5151 1028 5206 0pc
1059 5136 1323 5190 studebat.
1366 5135 1477 5190 Nec
1505 5148 1557 5191 tu
1579 5141 1723 5192 times
1754 5139 1912 5192 Deum
1931 5139 1957 5193 .9

364 5224 553 5293 inquit.
583 5226 809 5279 Tantum
835 5243 939 5280 non
969 5227 1035 5280 ad
1064 5227 1210 5280 illum
1238 5229 1365 5282 dicit
1390 5245 1402 5281 :
1427 5227 1504 5282 Ne
1520 5229 1689 5282 solum
1709 5230 1954 5285 attendas

360 5317 427 5372 ad
457 5317 506 5371 id
531 5318 670 5388 quod
692 5319 828 5387 apud
859 5319 1106 5374 homines
1133 5331 1213 5374 est
1243 5322 1492 5386 tribunal,
1531 5338 1598 5376 ne
1624 5339 1688 5377 ex
1718 5322 1802 5391 iis,
1834 5339 1954 5394 qua:

359 5409 512 5463 vides
539 5426 650 5464 rem
683 5411 916 5466 arstimes
942 5427 954 5475 ;
988 5429 1054 5466 ne
1082 5427 1141 5466 ea
1171 5428 1288 5481 qua:
1321 5413 1450 5467 fiunt
1475 5415 1840 5468 tantummodo
1868 5417 1950 5470 in-

358 5502 591 5556 tuearis:
633 5511 717 5556 est
742 5503 878 5556 alius
918 5504 1076 5572 judes
1122 5505 1398 5559 invisibilis
1428 5549 1442 5570 ,
1485 5507 1849 5577 incorruptum
1897 5518 1952 5564 et

356 5595 624 5648 sincerum
643 5594 851 5663 estejus
882 5596 1131 5664 tribunal,
1156 5613 1254 5652 nec
1288 5598 1460 5668 decipi
1496 5607 1587 5653 aut
1630 5610 1660 5654 a
1705 5615 1833 5655 vero
1852 5601 1949 5655 de-

356 5684 499 5738 ﬂecti
527 5695 720 5755 potest.
752 5685 830 5741 Ne
853 5694 906 5741 te
936 5696 1191 5752 moveat,
1230 5689 1370 5759 quod
1400 5691 1532 5745 infra
1556 5691 1945 5748 condemnatus

355 5785 438 5832 est
458 5814 476 5843 ,
498 5775 592 5834 sed
609 5792 726 5850 qua:
746 5791 906 5850 supra
927 5787 1070 5851 sunt,
1105 5795 1163 5836 ea
1197 5781 1319 5836 talia
1347 5796 1452 5839 non
1482 5791 1624 5840 sunt.
1665 5782 1722 5840 111
1738 5782 1943 5859 judicio

1418 335 1503 389 DE
1542 333 1768 390 CRUCE
1806 333 1896 390 ET
1934 332 2277 390 LATRONE.
2321 333 2551 394 ﬂOMAL
2599 334 2662 394 11.

3559 346 3666 402 110

2076 442 2219 497 0111111
2259 446 2400 515 quod
2442 447 2528 503 hic
2563 450 2770 519 agitur,
2804 465 2944 523 szepc
2991 454 3150 510 etiam
3187 456 3496 514 innocentes
3531 471 3666 514 eun-

2076 534 2413 604 demnantur,
2444 551 2500 596 et
2528 554 2785 599 nocentes
2809 545 3149 604 dimittuntur
3173 592 3186 612 .
3211 551 3339 617 justi
3369 554 3540 622 poenis
3565 552 3667 608 ad-

2075 628 2329 686 dicuntur
2353 673 2369 697 ,
2396 643 2450 688 et
2473 634 2650 704 iujusti
2687 638 2963 708 etl‘ugiunt.
2999 643 3061 697 Et
3094 645 3332 715 plerique
3358 647 3666 702 mortalium

2070 719 2266 789 judicia
2292 735 2640 794 corrumpunt
2668 731 3136 798 partimlubentes.
3171 736 3360 804 partim
3400 738 3664 793 nolentes.

2081 810 2172 866 Vel
2200 814 2343 868 enim
2361 814 2452 884 jus
2476 828 2528 872 et
2559 817 2636 873 fas
2667 820 2988 890 ignorantes,
3021 835 3072 878 et
3097 825 3303 894 decepti
3323 869 3339 893 ,
3368 829 3448 881 vel
3481 829 3668 883 viden-

2079 911 2158 958 tes
2185 905 2421 973 quidem,
2455 910 2693 979 pecuniis
2721 928 2847 967 vero
2872 917 3107 986 corrupti
3148 918 3496 986 prodiderunt
3521 920 3666 974 veri-

2077 1004 2240 1052 tatem
2270 1042 2285 1065 ,
2333 1009 2385 1054 et
2409 1011 2594 1058 contra
2620 1005 2930 1062 innocentes
2957 1010 3276 1063 sententiam
3314 1011 3567 1066 tulerunt.
3597 1012 3669 1066 At

2077 1101 2236 1159 supra
2265 1090 2396 1145 nihil
2430 1091 2618 1148 horum
2649 1095 2819 1150 locum
2849 1097 3028 1153 habet.
3052 1098 3184 1153 Nam
3215 1100 3354 1154 Deus
3368 1101 3531 1170 judex
3575 1101 3666 1168 jn-

2077 1187 2190 1232 stus
2215 1189 2317 1243 est,
2350 1192 2401 1236 et
2429 1182 2683 1252 judicium
2711 1187 2827 1256 ejus
2862 1197 2917 1241 ut
2943 1187 3120 1242 lumen
3148 1189 3451 1259 egredietur
3481 1209 3494 1245 :
3518 1202 3670 1246 tene-

2081 1269 2190 1324 bris
2211 1282 2378 1338 caret,
2401 1275 2571 1328 nullas
2605 1276 2764 1332 habet
2795 1279 3024 1334 latebras
3050 1321 3068 1346 ,
3125 1297 3224 1336 nec
3264 1283 3372 1336 ullo
3414 1285 3572 1338 niodo
3599 1283 3668 1339 de

2081 1371 2220 1415 recta
2253 1364 2440 1418 semita
2471 1365 2626 1435 dejici
2657 1377 2852 1437 potest.
2884 1369 2961 1425 Ne
2985 1372 3126 1426 enim
3160 1373 3250 1426 ille
3275 1373 3666 1446 direret,Apud

2078 1450 2326 1508 homines
2353 1455 2460 1524 jam
2489 1457 2879 1514 condemnatus
2902 1470 3004 1524 est,
3037 1462 3163 1532 quid
3193 1463 3242 1517 ei
3271 1465 3664 1532 patrocinaris?

2078 1543 2228 1597 duxit
2250 1561 2372 1600 eum
2404 1546 2468 1600 ad
2496 1563 2786 1616 supernum
2809 1551 3067 1620 judicium
3101 1593 3116 1618 ,
3147 1554 3213 1607 ad
3260 1555 3496 1609 terribile
3537 1556 3668 1610 illud

2080 1635 2346 1700 tribunal,
2374 1638 2438 1690 ad
2483 1637 2654 1692 forum
2702 1640 2830 1694 illud
2862 1641 3225 1710 incorruptum
3248 1686 3263 1709 ,
3296 1645 3362 1699 ad
3386 1645 3618 1714 judicem
3650 1688 3666 1712 ,

2079 1740 2236 1795 quem
2267 1727 2426 1781 nullis
2445 1729 2740 1783 rationibus
2766 1729 2818 1783 in
2845 1746 3082 1785 errorem
3106 1733 3357 1789 inducere
3386 1736 3542 1790 licet:
3574 1751 3666 1791 re-

2080 1817 2290 1871 vocavit
2332 1817 2380 1871 ci
2431 1819 2482 1872 in
2527 1821 2839 1874 memoriam
2875 1823 3209 1877 tremendum
3237 1824 3667 1894 illudjudieium.

2079 1907 2161 1962 Eo
2189 1949 2204 1974 ,
2236 1909 2405 1980 inquit
2436 1951 2451 1974 ,
2480 1911 2687 1980 respice
2717 1951 2733 1976 ,
2777 1922 2833 1966 et
2873 1927 2979 1967 non
3021 1914 3162 1968 feres
3207 1914 3673 1970 condenmationis

2079 2000 2398 2053 sententiam
2420 2041 2434 2062 ,
2473 2016 2648 2070 neque
2694 2001 2828 2056 infra
2855 2017 2975 2057 cum
2999 2001 3276 2057 hominum
3305 2004 3456 2060 turba
3487 2006 3671 2059 consi-

2080 2102 2209 2156 stcs,
2237 2092 2333 2148 sed
2359 2094 2711 2150 admiraberis
2735 2106 2788 2151 et
2809 2095 3129 2167 approbabis
3153 2097 3410 2166 judicium
3428 2098 3668 2153 creleste.

2081 2187 2262 2255 Neque
2302 2197 2354 2241 tu
2394 2190 2537 2244 times
2577 2189 2782 2245 Deum?
2823 2191 3012 2262 inquit.
3053 2190 3243 2246 Vidisti
3275 2192 3668 2262 philosophiam

2080 2279 2336 2345 latronis,
2366 2281 2539 2336 vidisti
2567 2282 2896 2337 intellectum
2925 2323 2940 2346 ,
2972 2282 3148 2337 vidisti
3174 2280 3509 2337 doctrinam?
3537 2297 3672 2336 con-

2081 2369 2257 2426 festini
2311 2387 2342 2426 a
2396 2387 2554 2428 cruce
2603 2373 2670 2427 ad
2722 2375 2908 2428 eailum
2941 2374 3184 2429 tetendit.
3219 2372 3354 2428 Vide
3400 2373 3673 2444 quomodo

2079 2463 2424 2532 apostolicam
2444 2464 2614 2533 legem
2639 2464 2875 2534 impleat,
2904 2480 3004 2520 nec
3029 2481 3125 2520 sua
3153 2475 3356 2519 tantmn
3379 2473 3548 2532 curet,
3575 2465 3673 2519 sed

2079 2554 2258 2607 omnia
2287 2553 2447 2609 faciat
2471 2567 2525 2610 et
2555 2557 2822 2620 moliatur,
2853 2567 2908 2611 ut
2931 2558 3159 2612 alterum
3187 2558 3255 2612 ab
3279 2573 3465 2612 errore
3493 2559 3673 2612 exsol-

2079 2657 2167 2700 vat
2189 2656 2240 2700 ct
2259 2647 2325 2702 ad
2356 2648 2632 2702 veritatem
2661 2649 2922 2703 traducat.
2950 2649 3084 2703 Cum
3107 2649 3251 2704 enim
3281 2649 3541 2714 dixisset,
3567 2649 3676 2705 Ns-

2078 2755 2174 2808 qtte
2193 2751 2248 2793 tu
2277 2741 2423 2794 times
2445 2739 2650 2795 Deum?
2673 2740 2878 2796 addidit
2899 2760 2914 2796 :
2935 2743 3069 2806 Quia
3085 2742 3138 2794 in
3155 2741 3328 2794 eadem
3354 2742 3676 2797 danmatione

2082 2845 2269 2884 sumus
2300 2831 2454 2902 (Luc.
2487 2833 2577 2887 25.
2607 2833 2719 2902 10).
2761 2832 3052 2887 Considera
3079 2833 3477 2888 confessionem
3505 2834 3670 2890 abso-

2080 2923 2267 2977 lutam.
2286 2924 2422 2991 Quid
2449 2933 2547 2988 est,
2579 2924 2643 2978 In
2667 2926 2843 2978 eadem
2874 2926 3203 2979 damnatione
3228 2928 3453 2980 sumus?
3485 2925 3540 2980 In
3572 2941 3671 2981 ea-

2076 3017 2248 3082 dem,
2283 3018 2486 3086 inquit,
2513 3033 2697 3088 poena;
2730 3033 2852 3072 nam
2903 3026 2958 3072 et
3003 3032 3102 3072 nos
3152 3019 3204 3073 in
3255 3033 3414 3073 cruce
3465 3034 3669 3075 sumus.

2078 3106 2222 3178 Ergo
2263 3123 2383 3162 cum
2414 3109 2559 3163 illum
2605 3110 2909 3179 opprobriis
2950 3109 3160 3180 appetis
3193 3153 3208 3177 ,
3251 3111 3478 3181 teipsutn
3524 3113 3677 3182 prius

2075 3200 2330 3254 conviciis
2361 3201 2602 3256 incessis.
2623 3201 3082 3268 Quemadmodum
3116 3203 3273 3273 igitur
3322 3203 3396 3270 is,
3439 3205 3527 3276 qui
3553 3220 3678 3274 pec-

2076 3292 2212 3347 catis
2248 3292 2539 3348 obstrictus
2577 3295 2804 3348 alterum
2853 3294 3177 3349 condemnat
3204 3337 3219 3361 ,
3274 3311 3334 3350 so
3371 3307 3494 3350 ante
3523 3297 3672 3350 illum

2075 3385 2429 3440 condemnat:
2463 3385 2540 3439 sic
2592 3396 2645 3441 et
2698 3385 2741 3440 is
2789 3387 2878 3456 qui
2922 3386 3223 3442 calamitate
3273 3402 3490 3457 pressus
3518 3387 3671 3442 alteri

2074 3477 2431 3531 calamitatem
2459 3477 2780 3546 exprobrat,
2800 3477 2900 3531 sibi
2922 3477 3019 3547 ipsi
3044 3479 3191 3548 prius
3216 3494 3374 3548 quam
3395 3479 3549 3533 alteri
3569 3493 3662 3533 ca-

2075 3566 2366 3624 lamitatem
2389 3570 2697 3638 exprobrat.
2725 3568 2790 3623 In
2813 3570 2989 3624 eadem
3018 3612 3033 3636 ,
3082 3571 3253 3640 inquit
3279 3612 3294 3636 ,
3342 3571 3672 3626 damnatione

2073 3671 2280 3715 Sumus.
2318 3662 2675 3731 Apostolicam
2703 3663 2801 3732 ipsi
2831 3664 3000 3733 legem
3023 3663 3344 3734 evangelica:
3370 3679 3666 3720 consonam

2073 3754 2298 3819 recitat;
2330 3753 2505 3808 Nolite
2517 3755 2756 3826 judicare
2780 3796 2796 3821 ,
2840 3767 3015 3808 utnon
3036 3755 3343 3823 judicemini
3372 3755 3588 3825 (Matth.
3612 3758 3667 3811 7.

2073 3841 2152 3912 1).
2187 3843 2319 3906 Quia
2339 3844 2391 3897 in
2419 3845 2593 3899 eadem
2622 3845 2949 3898 damnatione
2977 3860 3181 3898 sumus.
3229 3846 3364 3912 Quid
3412 3847 3541 3902 facis
3566 3890 3581 3911 ,
3635 3865 3670 3904 ο

2072 3935 2246 3989 latro?
2275 3953 2398 3990 num
2441 3937 2605 3992 vestri
2654 3938 2964 4008 participem
3011 3937 3157 3992 illum
3191 3937 3318 3992 facis
3350 3981 3366 4006 ,
3398 3955 3518 3995 cum
3550 3942 3667 4007 ais,

2071 4028 2140 4084 In
2170 4029 2346 4084 cadent
2391 4030 2726 4086 danmatioue
2767 4032 2990 4086 sumus?
3029 4031 3416 4105 Nequaquam,
3464 4037 3667 4106 inquit:

2069 4123 2284 4194 corrigo
2305 4123 2505 4178 dictum
2539 4141 2635 4194 per
2668 4139 2728 4179 ca
2757 4166 2770 4188 ,
2800 4141 2918 4195 qu:e
2958 4140 3084 4180 mox
3116 4136 3443 4196 sequuntur:
3477 4128 3542 4183 Et
3573 4146 3667 4184 nos

2069 4216 2292 4286 quidem,
2324 4216 2506 4287 inquit,
2534 4217 2677 4287 juste
2708 4217 2863 4288 digna
2891 4218 3022 4271 enim
3035 4220 3184 4289 [actis
3210 4220 3479 4290 recipimus
3508 4219 3660 4290 (Luc.

2067 4309 2160 4364 23.
2191 4310 2304 4383 41).
2337 4309 2415 4366 Νο
2441 4312 2582 4365 0111111
2616 4311 2821 4379 audito,
2853 4311 2993 4382 quod
3016 4311 3149 4367 dixit
3178 4355 3192 4380 ,
3222 4311 3290 4367 In
3312 4314 3485 4368 eadem
3514 4314 3666 4368 dam-

2070 4405 2271 4457 natione
2295 4417 2498 4467 sumus,
2522 4412 2754 4473 putares,
2780 4404 2920 4473 quod
2948 4404 3214 4459 Christum
3243 4405 3506 4461 scelerum
3538 4425 3665 4476 par-

2075 4494 2294 4565 ticipem
2341 4493 2588 4561 fecisset;
2623 4494 2742 4549 ideo
2768 4497 3003 4566 scipsum
3031 4497 3180 4566 quasi
3213 4499 3490 4569 corrigens
3512 4499 3664 4567 adje-

2067 4581 2140 4635 cit
2170 4598 2184 4634 :
2233 4578 2347 4634 Nos
2387 4581 2587 4649 quidem
2611 4591 2790 4652 juste:
2817 4597 2936 4634 nam
2971 4581 3128 4652 digna
3173 4583 3319 4652 {actis
3365 4585 3661 4653 recipimus.

2066 4671 2230 4727 Vides
2255 4672 2648 4728 confessionem
2680 4672 2976 4744 perfectam
3014 4675 3066 4728 in
3111 4673 3312 4728 cruce?
3351 4675 3499 4730 vides
3529 4693 3664 4746 quo-

2066 4767 2228 4821 modo
2255 4767 2337 4822 his
2358 4768 2534 4822 verbis
2568 4777 2783 4837 peccata
2823 4784 2919 4823 sua
2949 4768 3177 4822 eluerit?
3209 4767 3359 4821 vides
3389 4771 3659 4838 quomodo

2065 4860 2435 4930 propheticum
2487 4859 2617 4914 illud
2651 4861 2914 4913 monitum
2961 4859 3298 4926 impleverit:
3332 4857 3428 4912 Dic
3465 4860 3661 4927 primus

2065 4959 2178 5004 tuas
2201 4951 2488 5021 iniquitates
2513 4991 2528 5016 ,
2557 4959 2610 5003 ut
2631 4950 2928 5018 justi/Soeris
2961 4950 2980 5019 (
3009 4946 3135 5001 Isai.
3169 4949 3260 5003 45.
3287 4948 3357 5002 26
3389 4949 3452 5019 )?
3481 4948 3651 5004 Nemo

2065 5041 2211 5096 illum
2238 5041 2430 5110 coegit,
2462 5055 2625 5094 nemo
2653 5039 2959 5102 accusavit,
3003 5054 3161 5092 nemo
3188 5040 3413 5093 institit:
3441 5041 3553 5108 ipse
3576 5042 3658 5096 sui

2063 5135 2230 5205 ipsius
2262 5135 2318 5188 lit
2348 5141 2658 5188 accusator:
2695 5147 2795 5200 qua
2829 5132 2896 5186 de
2923 5146 3083 5185 causa
3115 5130 3167 5186 in
3213 5143 3486 5201 posterum
3509 5134 3658 5188 omni

2061 5238 2371 5284 accusatore
2396 5228 2590 5282 caruit.
2629 5227 2985 5280 Antevertens
3006 5227 3147 5280 enim
3177 5235 3355 5296 partes
3376 5237 3656 5281 accusato-

2060 5322 2136 5376 ris
2161 5321 2261 5374 sibi
2293 5320 2538 5388 sumpsit,
2569 5329 2620 5374 et
2651 5318 2912 5388 scipsum,
2944 5318 3066 5387 quis
3095 5329 3258 5381 esset,
3289 5318 3497 5388 publice
3527 5330 3657 5387 pro-

2059 5411 2192 5467 didit
2219 5413 2300 5465 bis
2330 5411 2508 5465 verbis
2529 5409 2639 5464 Nos
2655 5411 2797 5480 juste
2813 5427 2831 5473 ;
2857 5426 2975 5463 nam
3004 5409 3159 5481 digna
3186 5411 3336 5480 factis
3364 5409 3662 5477 recipimus:

2058 5505 2140 5558 hic
2166 5519 2281 5557 vero
2312 5503 2440 5556 nihil
2463 5504 2583 5557 ntali
2607 5504 2724 5573 egit.
2755 5501 2917 5556 Vides
2951 5503 3304 5556 reverentiam
3332 5501 3486 5571 longe
3515 5501 3652 5554 lateo

2057 5611 2162 5666 que
2200 5594 2486 5649 diﬁusam?
2527 5592 2755 5662 Quando
2797 5594 3033 5662 scipsum
3075 5601 3349 5646 accuSarat
3377 5632 3392 5658 ,
3439 5589 3656 5660 quando

2056 5707 2251 5747 arcana
2279 5689 2510 5760 pectoris
2528 5691 2610 5745 sui
2638 5704 2705 5743 ex
2717 5685 3288 5757 prompserat,quando
3307 5701 3402 5754 pro
3428 5685 3653 5738 Domino

2058 5782 2427 5844 defensionem
2476 5780 2812 5837 instituerat:
2848 5777 2958 5833 Nos
2992 5777 3191 5850 quidem
3226 5779 3365 5848 fuste
3393 5820 3409 5847 ,
3435 5776 3514 5831 hic
3539 5792 3654 5833 mo
