4100 6426
569 328 676 384 415

569 442 700 497 nihil
729 441 850 496 mali
877 441 977 515 egit
998 479 1014 498 .
1060 447 1186 498 tunc
1221 445 1278 493 et
1303 437 1746 508 supplicationem
1773 436 1967 494 olferre
1995 449 2158 492 ausus

571 532 670 588 fuit
698 534 780 588 his
799 532 972 586 verbis
997 549 1010 586 :
1040 531 1291 586 leniente
1321 531 1438 595 mei,
1469 528 1718 592 Domine,
1758 546 1873 583 cum
1895 529 2086 586 ueneris
2106 527 2162 586 in

570 641 779 696 regnum
820 633 979 678 tuum.
1007 621 1124 677 Non
1153 636 1314 678 ausus
1346 620 1442 674 fuit
1473 621 1618 691 prius
1651 619 1861 686 dicere,
1905 617 2162 676 Memento

570 719 669 774 etei
695 759 712 780 ,
745 717 1092 788 quoadusque
1120 732 1214 785 per
1252 714 1646 770 confessionem
1684 727 1805 772 sese
1849 727 1878 766 a
1917 712 2162 768 sordibus

570 817 906 877 peccatorum
930 808 1235 876 cxpurgavit
1257 822 1272 873 ;
1291 805 1640 876 quoadusque
1659 805 1892 874 seipsum
1910 803 2164 861 eundem-

570 913 736 970 nans,
751 900 955 970 justum
999 910 1054 954 et
1104 900 1442 955 innocentem
1468 898 1676 963 elicuit;
1702 897 2048 967 quoadusque
2069 911 2164 966 per

571 994 968 1051 accusationem
995 993 1196 1051 scelera
1228 991 1496 1062 deposuit.

641 1083 901 1155 Confessio
930 1083 1537 1154 peccatorum—Vides
1555 1092 1811 1152 quantum
1841 1082 2010 1152 possit
2034 1095 2163 1139 con-

569 1176 734 1232 fessio
762 1178 924 1232 etiam
955 1177 1008 1233 in
1026 1177 1146 1247 ipsa
1171 1175 1370 1232 cruce?
1395 1175 1520 1232 Hazc
1547 1174 1769 1232 audiens
1793 1215 1810 1240 ,
1837 1174 2114 1229 carissime
2143 1212 2159 1236 ,

569 1284 639 1324 ne
663 1269 917 1340 desperes
948 1271 1175 1340 leipsum
1194 1287 1212 1324 :
1241 1268 1336 1324 sed
1373 1268 1633 1327 infinitam
1662 1268 2002 1338 benignitatis
2022 1267 2158 1321 divi-

570 1377 654 1416 nze
671 1361 1098 1432 magnitudinem
1125 1370 1296 1418 tecum
1311 1368 1585 1429 reputans,
1613 1374 1868 1430 properes
1884 1357 1952 1414 ad
1977 1373 2164 1413 emen-

569 1453 840 1509 dationem
883 1463 1248 1522 peccatorum.
1294 1451 1352 1506 Si
1397 1452 1542 1507 enim
1592 1452 1856 1510 latronem
1905 1450 1960 1507 in
2001 1464 2162 1504 cruce

572 1553 720 1602 tanto
748 1546 951 1600 honore
967 1543 1213 1612 dignatus
1239 1550 1342 1606 est,
1371 1542 1539 1599 multo
1564 1541 1732 1611 magis
1759 1555 1860 1596 nos
1885 1540 2042 1596 insita
2066 1554 2160 1594 sua

572 1636 898 1705 benignitate
941 1635 1249 1703 dignabitur
1278 1672 1294 1699 ,
1343 1633 1391 1688 si
1440 1633 1766 1689 voluerimus
1821 1641 2161 1702 peccatorum

569 1728 961 1782 confessionem
991 1726 1289 1781 instituere.
1322 1724 1394 1781 Ut
1435 1725 1599 1794 igitur
1623 1735 1679 1780 et
1703 1738 1803 1779 nos
1831 1723 2161 1792 benignitate

572 1819 713 1878 illius
739 1819 1077 1888 perfruamur
1098 1857 1114 1884 ,
1149 1825 1363 1887 peccata
1382 1818 1599 1887 propria
1636 1817 1880 1871 confiteri
1926 1831 1994 1870 ne
2034 1833 2161 1870 eru-

572 1911 886 1970 bescamus:
918 1925 1107 1979 magna
1135 1911 1277 1965 enim
1305 1909 1660 1965 contcssionis
1687 1909 1768 1963 vis
1793 1918 1894 1973 est,
1915 1916 1972 1963 et
1995 1907 2158 1965 multa

569 2003 686 2072 ejus
718 2003 975 2073 potentia.
1006 2003 1144 2057 Ecce
1173 2003 1316 2057 enim
1330 2010 1383 2057 et
1408 2003 1510 2056 iste
1535 2001 1814 2056 confessus
1839 2009 1922 2054 est
1944 2042 1957 2066 ,
1990 2010 2044 2054 et
2068 2015 2160 2069 pa-

569 2095 806 2153 radisum
835 2094 1036 2166 reperit
1061 2103 1305 2162 apertum
1328 2113 1346 2148 :
1376 2093 1651 2149 confessus
1679 2102 1760 2148 est
1787 2134 1802 2160 ,
1831 2092 2160 2147 libertatem-

565 2199 675 2256 que
714 2186 966 2257 loquendi
1006 2201 1070 2246 ac
1110 2202 1330 2256 regnum
1364 2187 1580 2256 petendi
1607 2185 1834 2255 adeptus
1865 2196 1946 2239 est
1985 2185 2030 2240 is
2068 2185 2158 2255 qui

569 2279 710 2334 latro
739 2279 929 2336 fuerat.
969 2279 1051 2335 Ad
1100 2279 1150 2334 id
1193 2280 1336 2337 enim
1378 2295 1547 2349 usque
1587 2287 1798 2347 tempus
1826 2293 1934 2334 non
1977 2278 2162 2348 petivit

569 2386 790 2440 regnum
816 2371 1090 2428 ωιοτυω.
1121 2370 1274 2428 Unde
1303 2413 1319 2440 ,
1347 2371 1435 2426 die
1455 2372 1604 2437 mihi,
1629 2388 1662 2424 ο
1687 2373 1824 2426 latro
1853 2412 1870 2438 ,
1903 2371 2052 2440 regni
2077 2385 2161 2426 re-

565 2461 818 2519 cordatus
840 2477 898 2516 es
919 2461 941 2514 ?
970 2460 1098 2531 quid
1111 2462 1228 2531 ejus
1251 2462 1424 2517 simile
1442 2478 1582 2518 nunc
1599 2463 1813 2517 vidisti?
1840 2462 1971 2530 Qua:
1987 2463 2156 2529 vides,

545 2555 702 2610 .clavi
745 2563 869 2611 sunt
908 2563 965 2612 et
997 2569 1130 2610 crux
1177 2563 1233 2610 et
1276 2555 1647 2610 accusationes
1691 2565 1746 2609 et
1787 2563 2080 2609 scommata
2103 2563 2162 2610 et

565 2647 827 2705 convicia.
864 2645 1058 2716 Utique
1084 2686 1101 2713 ,
1133 2647 1335 2717 inquit:
1369 2661 1491 2700 nam
1532 2647 1645 2715 ipsa
1681 2661 1813 2701 crux
1847 2645 2000 2715 regni
2029 2644 2159 2700 mihi

568 2738 778 2794 videtur
797 2738 1096 2809 symbolum
1111 2753 1250 2793 esse.
1275 2739 1564 2808 Propterea
1591 2739 1759 2808 ipsum
1776 2739 1976 2810 Regem
2002 2753 2158 2806 voco,

567 2829 690 2898 quia
739 2830 911 2897 ipsum
941 2829 1096 2884 video
1123 2829 1432 2884 cruciﬁxum
1464 2849 1478 2884 :
1508 2831 1647 2900 regis
1693 2830 1835 2885 enim
1880 2839 1963 2885 est
1993 2870 2010 2897 ,
2061 2844 2160 2901 pro

566 2920 792 2978 subditis
839 2920 996 2976 mori.
1053 2919 1282 2990 Ipsemet
1311 2920 1473 2975 dixit:
1505 2920 1679 2975 Bonus
1723 2931 1898 2990 pastor
1937 2923 2159 2976 animam

550 3026 709 3072 suam
736 3012 878 3079 ponit
905 3027 996 3080 pro
1021 3012 1192 3064 oribus
1227 3009 1413 3082 (Joan.
1441 3010 1526 3068 10.
1559 3011 1618 3065 ll
1643 3011 1684 3081 ).
1713 3010 1876 3081 Igitur
1902 3021 1957 3068 et
1986 3011 2160 3068 bonus

565 3119 662 3162 res
690 3107 920 3158 animam
949 3119 1097 3158 suam
1126 3105 1276 3174 ponit
1301 3119 1397 3173 pro
1425 3104 1671 3160 subditis.
1708 3103 1841 3160 Cum
1880 3119 2011 3174 ergo
2035 3105 2158 3160 ani-

565 3210 707 3254 mam
763 3209 913 3255 suam
969 3195 1245 3263 posuerit,
1295 3206 1580 3267 eapropter
1647 3195 1847 3266 Regem
1916 3196 2157 3252 nomino.

568 3283 822 3339 Memento
843 3285 958 3350 mei,
979 3284 1215 3352 Domine,
1249 3303 1364 3340 cum
1390 3287 1582 3341 veneris
1608 3287 1661 3342 in
1689 3303 1897 3358 regnum
1921 3295 2084 3341 tuum.

635 3377 690 3432 4.
724 3376 812 3433 Vis
824 3376 1034 3436 discere
1053 3378 1323 3448 quomodo
1347 3393 1479 3434 crux
1504 3379 1576 3437 sit
1601 3379 1748 3447 regni
1781 3387 1906 3433 nota
1927 3385 1981 3432 et
2006 3393 2158 3450 sym—

564 3471 743 3528 bolum
769 3480 822 3530 et
842 3487 1004 3541 quam
1027 3473 1224 3543 inclyta
1251 3486 1338 3528 res
1361 3472 1472 3528 sit?
1501 3471 1618 3528 Non
1648 3471 1867 3541 reliquit
1891 3471 2060 3540 ipsam
2092 3471 2146 3525 in

565 3571 731 3625 terra,
754 3562 1016 3620 sedduxit
1033 3577 1151 3620 eam
1178 3563 1229 3615 in
1248 3561 1459 3617 calum.
1479 3561 1634 3622 Unde
1658 3560 1762 3616 hoc
1781 3561 1946 3631 liquet
1969 3561 1992 3616 ?
2016 3560 2158 3622 Cum

543 3650 683 3720 -lpso
707 3660 928 3706 ventura
957 3659 1042 3706 est
1061 3651 1115 3708 in
1146 3650 1383 3708 secundo
1410 3651 1528 3721 ejus
1555 3660 1610 3707 et
1636 3651 1872 3721 glorioso
1899 3650 2155 3713 adventu.

565 3741 674 3798 Sed
716 3741 992 3798 videamus
1031 3740 1246 3811 quando
1272 3756 1396 3798 cum
1437 3741 1556 3812 ipso
1613 3741 1683 3797 sit
1728 3750 1974 3798 ventura.
2015 3741 2157 3800 Audi

565 3833 739 3902 ipsum
766 3830 1033 3887 Christum
1065 3831 1336 3888 dicentem
1365 3848 1380 3887 :
1405 3830 1467 3887 Si
1491 3831 1710 3886 dixerint
1731 3831 1892 3899 vobis,
1937 3830 2074 3892 Ecce
2105 3832 2158 3890 in

563 3922 903 3996 penetralibus
927 3931 1002 3978 est
1029 3922 1280 3990 Christus,
1309 3939 1423 3978 ecce
1449 3923 1506 3978 in
1542 3922 1817 3982 solitudine
1837 3963 1853 3992 ,
1883 3939 1948 3978 ne
1969 3923 2159 3986 exectis

566 4025 584 4084 (
614 4014 801 4072 Hatth.
832 4014 921 4073 94.
946 4015 1018 4072 26
1042 4015 1086 4086 ).
1120 4016 1196 4072 De
1221 4016 1458 4074 secundo
1482 4031 1579 4073 suo
1601 4015 1834 4075 adventu
1859 4015 1976 4076 hac
1995 4016 2156 4085 dicit,

562 4116 785 4181 propter
806 4105 972 4162 falsos
995 4106 1260 4174 Christus,
1285 4116 1341 4162 et
1362 4115 1580 4176 propter
1607 4105 2105 4176 pseudoprophetas
2132 4147 2155 4174 ,

563 4209 621 4256 et
645 4208 869 4273 propter
903 4197 1291 4257 Antichristum
1309 4239 1328 4268 ,
1351 4213 1422 4254 ne
1447 4197 1567 4268 quis
1595 4197 1990 4254 circumventus
2014 4199 2067 4253 in
2087 4196 2158 4252 il-

564 4291 678 4349 lum
725 4291 942 4350 incidat.
979 4289 1115 4345 Cum
1145 4290 1289 4346 enim
1331 4288 1691 4349 Antichristus
1718 4297 1844 4346 ante
1885 4286 2158 4346 Christum

563 4395 818 4442 venturus
845 4386 933 4449 sit,
957 4383 1054 4452 Ne,
1079 4383 1281 4453 inquit,
1313 4392 1581 4454 pastorem
1608 4393 1913 4456 quaerentes
1949 4381 2156 4442 incida-

566 4479 637 4536 tis
660 4477 716 4534 in
743 4478 922 4546 lutum
941 4517 960 4544 ,
992 4477 1062 4530 ob
1085 4475 1142 4533 id
1174 4475 1361 4536 indico
1401 4473 1554 4534 vobis
1579 4484 1789 4532 certum
1820 4472 2073 4532 indicium
2100 4479 2158 4528 et

565 4576 934 4638 argtttmmtum
975 4565 1207 4636 pastoris
1260 4565 1539 4636 prementis
1579 4582 1595 4620 :
1627 4565 1782 4635 cujus
1827 4566 2030 4634 primus
2055 4561 2156 4618 ad»-

565 4668 759 4718 ventus
797 4658 921 4718 licet
950 4656 1196 4713 occultus
1224 4655 1411 4721 fuerit;
1443 4671 1512 4716 ne
1537 4663 1714 4712 tamen
1739 4655 2058 4715 existimetis
2086 4661 2158 4716 ta-

565 4752 672 4808 lem
715 4751 874 4806 etiam
902 4747 1018 4806 fore
1042 4746 1360 4804 secundum.
1390 4745 1525 4801 Nam
1560 4747 1649 4803 ille
1682 4747 1874 4804 merito
1917 4746 2157 4806 occultus

559 4843 664 4902 fuit
688 4862 700 4897 :
733 4841 881 4900 venit
903 4842 1047 4896 enim
1070 4853 1314 4910 qumrere
1333 4839 1474 4910 quod
1493 4839 1757 4908 perierat;
1787 4839 1890 4895 iste
1906 4852 2037 4898 vero
2049 4852 2156 4898 non

562 4939 638 4996 ita
667 4936 800 5000 erit,
827 4944 882 4993 at
903 4931 1214 5004 quomodo?
1240 4931 1333 4990 die
1355 4942 1410 4987 et
1433 4931 1589 4989 doce.
1622 4931 1790 5001 Sicut,
1821 4931 1991 5002 inquit
2009 4971 2024 4994 .
2049 4932 2158 4990 exit

561 5031 743 5100 fulgur
761 5028 829 5085 ab
857 5027 1062 5085 Oriente
1091 5037 1142 5082 et
1171 5036 1383 5097 apparet
1421 5042 1576 5096 usque
1603 5026 1655 5079 in
1686 5025 2042 5084 Occidentem:
2085 5026 2158 5084 ita

560 5125 660 5181 erit
694 5131 750 5178 et
785 5121 1030 5178 adventu
1053 5117 1180 5176 Filii
1194 5120 1416 5177 Wst:
1448 5118 1609 5192 (Ibid.
1653 5135 1698 5174 ιε.
1731 5118 1847 5191 27).
1892 5119 2158 5189 Derepen-

567 5227 620 5274 te
646 5213 896 5275 pulsibus
924 5213 1239 5284 apparebit:
1267 5228 1375 5272 non
1391 5228 1616 5271 iteoesse
1639 5213 1763 5280 erit,
1789 5222 1851 5271 ut
1875 5214 2156 5284 quisquam

567 5309 882 5377 interroget.
913 5304 1378 5373 Quemadman
1423 5304 1567 5359 enim
1613 5303 1754 5364 tecto
1799 5304 2007 5375 fulgure
2049 5320 2156 5359 non

567 5413 705 5469 opus
723 5397 982 5457 habemus
1010 5395 1303 5466 inquirere,
1335 5410 1459 5448 num
1479 5394 1655 5466 fulgur
1683 5395 1983 5456 exstiterit:
2013 5395 2082 5450 ita
2105 5396 2157 5452 in

569 5489 805 5546 secundo
829 5488 926 5545 iﬂo
942 5487 1172 5544 adventu
1200 5499 1422 5540 necesse
1448 5501 1555 5539 non
1590 5486 1693 5540 erit
1720 5501 1962 5554 qumrere
1981 5527 1998 5550 ,
2030 5501 2156 5540 num

568 5583 816 5642 Christus
845 5581 1072 5642 venerit.
1100 5581 1170 5634 At
1197 5594 1326 5634 vero
1369 5577 1596 5632 necdum
1629 5579 1680 5633 id
1707 5578 1848 5649 quod
1877 5579 2158 5649 quaereba-

571 5684 658 5730 tur
679 5715 698 5741 ,
725 5674 993 5742 diximus,
1015 5689 1143 5730 num
1171 5672 1421 5728 videlicet
1451 5686 1571 5727 cum
1603 5687 1764 5727 cruce
1780 5676 1852 5726 sit
1881 5680 2154 5728 venturus.

577 5766 715 5828 Audi
764 5768 924 5839 igitur
948 5809 974 5844 ,ν
1020 5764 1291 5838 quomodo
1337 5772 1392 5820 et
1441 5763 1541 5818 hoc
1577 5765 1860 5821 matufeste
1905 5764 2152 5835 explicet.

1296 331 1354 388 S.
1395 325 1674 386 JOANNIS
1707 315 2186 384 CIIRYSOSTOMI
2223 317 2547 380 ARCHIEP.
2587 319 3132 382 CONSTANTINOP.

3740 325 3838 388 ιιι

2275 432 2438 498 Tunc,
2471 433 2661 502 inquit,
2694 436 2795 492 hoc
2816 443 2898 496 est
2917 475 2933 501 ,
2959 451 3082 495 cum
3110 453 3337 505 venero,
3359 441 3440 498 sol
3465 441 3803 501 obscuubitttr
3823 483 3842 510 ,

2269 536 2316 581 et
2329 526 2453 581 luna
2480 542 2580 582 non
2602 525 2742 582 dabit
2768 528 2936 584 lumen
2963 545 3110 586 suum
3158 529 3178 600 (
3205 529 3392 588 Matth.
3419 530 3510 587 ει.
3537 533 3654 606 29).
3683 535 3842 594 Tanta

2267 616 2410 672 enim
2440 626 2565 674 tunc
2587 618 2690 673 erit
2717 617 3014 689 inciseOpia
3037 664 3054 685 .
3083 629 3142 679 ut
3169 623 3330 680 etiam
3359 623 3685 683 lucidissima
3713 629 3846 687 side-

2265 723 2324 763 ra
2349 707 2458 764 sint
2475 708 2851 766 abscondenda
2875 728 2889 765 :
2925 710 3062 765 Nam
3092 722 3137 766 et
3162 715 3321 773 stella:
3349 757 3365 781 ,
3392 715 3559 786 inquit
3584 761 3598 782 ,
3630 721 3805 776 cadent
3829 763 3846 790 ,

2263 809 2315 854 et
2341 799 2414 857 sic
2453 801 2654 870 signum
2706 800 2832 858 Filii
2871 804 3088 861 [lautitiis
3135 807 3398 874 apparebit
3435 809 3486 862 in
3522 811 3670 867 caelo.
3700 811 3850 869 Vides

2264 901 2460 960 quanta
2485 893 2554 952 sit
2577 894 2891 955 excellentia
2929 895 3087 965 hujus
3125 897 3294 966 signi,
3341 909 3536 967 qmmta
3589 901 3840 972 claritas,

2266 993 2494 1051 quantus
2522 984 2736 1054 fulgor?
2764 985 2854 1042 Sol
2883 986 3264 1047 obtenebratnr
3283 1031 3299 1054 ,
3327 1000 3381 1044 et
3402 990 3524 1046 luna
3554 1008 3663 1048 non
3681 995 3850 1064 spleu‘

2265 1070 2381 1136 det,
2408 1082 2548 1132 astra
2572 1074 2773 1131 cadunt
2795 1093 2808 1130 :
2833 1076 2962 1130 illud
2996 1092 3121 1132 vero
3139 1079 3311 1132 solum
3337 1091 3581 1149 apparet,
3607 1093 3666 1138 ut
3693 1085 3848 1148 intel-

2265 1161 2397 1233 ligas
2422 1163 2550 1220 iilud
2575 1174 2630 1219 et
2651 1167 2772 1221 luna
2800 1168 3152 1236 Splendidius,
3193 1179 3247 1225 et
3262 1170 3377 1225 sole
3402 1172 3688 1243 fulgentius
3717 1192 3848 1241 esse.

2264 1257 2726 1324 Quemadmodum
2765 1261 2909 1318 enim
2975 1278 3101 1333 rege
3177 1263 3509 1334 ingrediente
3536 1307 3552 1335 ,
3593 1273 3850 1330 exercitus

2265 1360 2564 1418 prateuntes
2595 1352 2746 1422 signa
2787 1353 3024 1410 humeris
3045 1353 3221 1409 ferunt
3242 1395 3258 1420 ,
3284 1358 3533 1427 regisque
3557 1360 3848 1430 ingressum

2264 1441 2614 1498 annuntiant:
2649 1443 2728 1498 sic
2765 1453 2820 1500 et
2864 1444 3095 1500 Domino
3120 1446 3297 1501 omnis
3324 1458 3588 1506 creaturae
3615 1451 3683 1508 de
3713 1454 3850 1514 caelis

2263 1535 2625 1593 descendente
2658 1580 2672 1603 ,
2699 1542 2966 1597 exercitus
2991 1543 3304 1612 angelorum
3335 1555 3388 1599 et
3416 1546 3850 1616 archangelum.

2265 1626 2473 1696 signum
2501 1627 2628 1683 illud
2656 1628 2875 1696 ferunt,
2931 1642 2985 1688 et
3012 1633 3218 1703 regium
3245 1635 3545 1706 ingressum
3568 1637 3724 1697 nobis
3756 1654 3848 1694 an-

2263 1719 2526 1774 nuntiant.
2554 1719 2718 1786 Tunc,
2750 1723 2943 1794 inquit,
2972 1733 3019 1782 et
3058 1724 3274 1782 Virtutes
3305 1731 3547 1788 caelorum
3581 1747 3853 1788 commou-

2264 1807 2450 1862 buntur
2482 1809 2666 1882 (Ibid)
2693 1853 2708 1878 ,
2742 1814 2962 1883 angelos
2988 1825 3042 1873 et
3070 1818 3421 1888 archangelos
3451 1830 3507 1875 et
3531 1823 3850 1878 omnesillas

2265 1899 2674 1969 inaspectabiles
2719 1903 3019 1961 Potestates
3068 1907 3421 1978 intelligens:
3463 1919 3668 1969 tremor
3716 1915 3850 1968 enim

2266 1978 2387 2045 illos
2410 1993 2782 2061 apprehendet
2819 1997 3126 2068 multusque
3155 1999 3319 2055 timor
3347 2009 3404 2055 et
3428 2000 3644 2060 horror.
3676 2004 3745 2058 At
3766 2019 3852 2060 cu-

2258 2081 2347 2151 jus
2375 2085 2567 2152 gratia,
2598 2085 2704 2152 dic,
2736 2103 2939 2157 qumso,
2976 2089 3216 2148 Virtutes
3230 2093 3394 2148 etiam
3418 2095 3524 2150 illa:
3551 2097 3848 2164 percellim-

2265 2175 2388 2232 tur?
2410 2175 2620 2237 Merito.
2646 2177 2907 2239 Tcrribile
2932 2181 3038 2236 erit
3082 2183 3210 2238 illud
3239 2185 3490 2250 tribunal,
3511 2185 3580 2243 de
3607 2187 3846 2246 universa

2263 2264 2539 2325 hominum
2565 2278 2751 2324 natura
2779 2279 2905 2326 tunc
2919 2272 3264 2342 judicabitur,
3280 2285 3333 2331 et
3355 2277 3617 2333 rationem
3638 2280 3723 2339 illa
3736 2279 3846 2337 red-

2262 2356 2374 2425 det,
2407 2367 2462 2414 et
2500 2361 2722 2416 terribili
2766 2364 3018 2429 tribunali
3048 2365 3291 2424 adsistet.
3320 2365 3430 2424 Cur
3467 2379 3649 2429 autem
3677 2373 3846 2441 angeli

2263 2457 2391 2506 tunc
2417 2460 2674 2518 tremunt,
2699 2463 2754 2510 et
2779 2455 3112 2526 incorporea:
3137 2459 3242 2518 ilhc
3267 2458 3507 2516 Virtutes
3541 2462 3846 2522 formidant?

2263 2557 2442 2614 neque
2469 2545 2614 2599 enim
2645 2545 2714 2600 de
2741 2547 2846 2602 illis
2869 2548 3211 2618 judicabitur.
3231 2551 3697 2619 Quemadmodum
3714 2557 3850 2626 judi-

2264 2651 2328 2694 ce
2355 2647 2614 2695 nocentes
2633 2641 3026 2699 condemnante
3046 2686 3063 2711 ,
3103 2653 3159 2701 et
3193 2646 3245 2700 in
3267 2646 3405 2701 solio
3432 2650 3654 2704 excelso
3677 2651 3849 2706 consi-

2264 2729 2446 2799 dente,
2472 2748 2577 2787 non
2608 2733 2781 2794 solum
2809 2745 3020 2802 sontes,
3045 2736 3140 2791 sed
3159 2748 3214 2793 et
3237 2738 3327 2808 qui
3353 2755 3422 2794 ex
3449 2741 3646 2796 eodem
3674 2744 3850 2797 ordine

2262 2825 2651 2892 circumstant,
2673 2840 2774 2882 nec
2794 2829 3107 2897 cujusquam
3137 2830 3260 2884 mali
3309 2831 3411 2886 sibi
3463 2834 3667 2889 conscii
3695 2844 3846 2898 sunt,

2262 2917 2612 2974 nihilominus
2637 2919 2826 2974 timent
2853 2929 2909 2974 et
2953 2918 3275 2976 horrescunt
3313 2922 3601 2978 formidine
3621 2923 3839 2992 judicis:

2262 3007 2336 3063 ita
2363 3016 2418 3064 et
2431 3017 2574 3073 tunc,
2605 3023 2729 3064 cum
2758 3009 2829 3065 de
2857 3019 3049 3064 natura
3067 3009 3414 3079 judicabitur,
3438 3023 3494 3067 et
3521 3015 3756 3070 rationes
3783 3015 3845 3069 oh

2258 3102 2548 3163 commissa
2575 3101 2782 3171 piacula
2810 3111 3161 3174 reposcemur
3187 3144 3206 3169 ,
3255 3105 3417 3160 etiam
3443 3105 3519 3161 illi
3553 3147 3568 3173 ,
3599 3108 3690 3178 qui
3727 3107 3849 3164 nihil

2261 3195 2364 3250 sibi
2393 3195 2675 3250 consciunt
2697 3195 2869 3266 angeli
2895 3239 2910 3261 ,
2940 3204 2997 3251 et
3026 3197 3244 3269 reliquae
3278 3199 3513 3255 Virtutes
3541 3210 3850 3260 metuuntet

2263 3293 2499 3346 tremunt
2531 3295 2752 3356 propter
2787 3287 2962 3342 minas
2997 3287 3221 3352 Iudicis.
3263 3290 3329 3345 Et
3370 3290 3472 3344 hoc
3496 3294 3717 3362 quidem
3744 3293 3845 3362 jam

2261 3374 2658 3431 intelleximus:
2704 3377 2858 3446 cujus
2878 3393 3007 3433 vero
3032 3379 3200 3448 gratia
3229 3379 3306 3450 (α)
3323 3422 3339 3447 ,
3367 3389 3422 3436 et
3441 3396 3613 3452 quare
3639 3396 3844 3438 crucem

2263 3466 2468 3522 habens
2496 3477 2756 3524 venturus
2780 3469 2902 3524 est?
2941 3469 3101 3525 Disce
3123 3477 3180 3526 et
3213 3469 3374 3542 hujus
3405 3473 3482 3528 rei
3516 3488 3756 3528 causam.
3787 3470 3850 3526 lit

2261 3560 2407 3615 enim
2429 3576 2495 3618 ex
2525 3561 2656 3630 ipsis
2685 3562 2941 3631 operibus
2970 3562 3086 3627 illi,
3133 3564 3224 3634 qui
3267 3579 3392 3620 eum
3423 3567 3804 3622 crucifixerunt
3832 3606 3848 3630 ,

2270 3653 2548 3723 prapriam
2566 3653 2927 3725 insipientiam
2954 3665 3312 3724 cognoscant,
3338 3656 3508 3726 ipsam
3537 3658 3649 3712 illis
3672 3668 3850 3713 osten-

2261 3743 2342 3800 dit
2360 3759 2595 3812 crucem,
2628 3760 2730 3816 qua
2761 3761 2946 3802 eorum
2978 3746 3329 3817 redarguatur
3354 3748 3584 3803 insania.
3615 3748 3684 3804 Et
3703 3759 3756 3803 ut
3777 3749 3850 3802 in-

2263 3837 2474 3908 telligas
2506 3879 2521 3902 ,
2556 3853 2678 3892 eum
2709 3847 2994 3909 propterea
3019 3854 3234 3895 crucem
3283 3839 3427 3896 ferre
3449 3881 3465 3907 ,
3498 3850 3559 3896 ut
3585 3841 3706 3896 illos
3730 3856 3850 3896 con-

2263 3928 2454 3985 fundat
2500 3936 2556 3985 et
2595 3929 2873 3999 increpet;
2919 3930 3047 3985 audi
3099 3931 3482 4002 evangelistam
3542 3932 3847 3989 dicentem:

2261 4017 2408 4076 Tunc
2435 4021 2700 4091 apparebit
2735 4021 2935 4092 signum
2965 4020 3093 4078 Filii
3121 4023 3371 4088 hominis,
3402 4033 3450 4077 et
3477 4025 3720 4096 plangeut
3747 4040 3849 4078 orno

2259 4125 2351 4165 nes
2385 4109 2543 4164 tribus
2582 4118 2729 4164 terre
2770 4109 2928 4183 (Ibid.
2969 4127 3020 4166 υ.
3050 4110 3166 4184 50),
3199 4111 3441 4173 videntes
3467 4125 3847 4176 accusatorem,

2260 4209 2321 4259 et
2345 4210 2698 4272 agnosuantes
2744 4210 3023 4271 peccatum
3073 4218 3250 4258 suum.
3301 4203 3370 4258 Et
3417 4204 3546 4274 quid
3596 4204 3845 4266 miraris,

2257 4291 2404 4364 quod
2447 4306 2664 4348 crucem
2695 4291 2874 4347 ferens
2904 4293 3121 4348 veniat?
3163 4293 3278 4364 ipsa
3307 4294 3528 4350 vulnera
3555 4310 3738 4350 secum
3771 4291 3850 4349 fc»

2257 4399 2388 4444 rcus
2408 4385 2606 4442 veniet.
2643 4385 2713 4440 Et
2740 4385 3008 4440 undenam
3039 4385 3206 4456 liquet
3232 4402 3354 4442 eum
3396 4403 3491 4441 sua
3515 4389 3735 4442 vulnera
3766 4401 3850 4440 se-

2261 4491 2384 4539 cum
2423 4474 2685 4534 ferentem
2732 4484 3012 4532 venturum
3065 4491 3183 4531 esse
3216 4475 3382 4532 ?Audi
3428 4480 3739 4548 prophetam
3775 4475 3845 4553 di-

2259 4577 2508 4626 centem:
2544 4568 2789 4624 Videbunt
2816 4569 2867 4624 in
2897 4583 3046 4638 quem
3065 4569 3386 4638 conﬂictum
3404 4568 3590 4639 (Zaclt.
3622 4569 3710 4622 l2.
3744 4565 3845 4634 l0).

2254 4662 2409 4721 Sicut
2435 4662 2578 4717 enim
2605 4676 2728 4716 cum
2751 4660 2957 4716 Thema
2993 4661 3146 4732 egit,
3190 4661 3375 4716 volens
3422 4661 3841 4718 incredulitatem

2262 4752 2511 4824 discipuli
2534 4752 2842 4820 emendare,
2876 4751 3225 4822 ostenditque
3251 4752 3298 4808 ei
3326 4753 3551 4806 fixuram
3581 4752 3846 4808 clavorum

2263 4855 2318 4907 et
2337 4845 2481 4915 ipsas
2519 4845 2799 4902 cicatrices
2819 4885 2832 4910 ,
2881 4852 2936 4900 et
2960 4844 3034 4899 ait
3067 4860 3081 4898 :
3114 4843 3259 4898 Mitte
3281 4843 3492 4914 digitum
3522 4855 3664 4906 tuum
3707 4847 3800 4896 Imc
3823 4880 3842 4908 ,

2261 4944 2311 4990 et
2328 4936 2462 5005 infer
2491 4952 2696 4992 urantur:
2723 4944 2862 4994 tuam
2889 4933 3068 5006 (Joan.
3095 4934 3187 4990 20.
3211 4933 3390 5008 27),ιι
3425 4935 3536 4992 uide
3555 4977 3568 5000 ,
3595 4937 3713 5005 quin
3741 4935 3843 5004 spi-

2262 5027 2387 5086 ritus
2413 5042 2615 5080 carnem
2642 5035 2687 5079 et
2709 5043 2821 5080 ossa
2865 5042 2967 5080 non
2993 5026 3138 5086 habet
3163 5026 3187 5095 ,(
3206 5024 3333 5082 Luc.
3380 5025 3472 5087 24.
3504 5027 3571 5082 39
3596 5026 3614 5095 )
3648 5067 3662 5089 .
3696 5035 3748 5083 ut
3775 5024 3842 5076 illi

2262 5125 2612 5183 monstraret,
2637 5132 2696 5172 se
2713 5133 2836 5172 vere
2863 5117 3254 5174 resurrexisse:
3285 5119 3359 5172 sic
3386 5129 3441 5172 ct
3459 5127 3582 5172 tunc
3609 5119 3707 5172 fert
3736 5116 3847 5169 vul-

2265 5226 2393 5267 nera
2415 5219 2470 5267 et
2496 5224 2734 5274 crucem,
2766 5219 2823 5264 ut
2847 5209 2927 5264 eis
2955 5209 3206 5265 ostendat
3223 5223 3285 5265 se
3303 5209 3456 5266 illum
3499 5224 3616 5264 esse
3642 5247 3659 5275 ,
3688 5220 3841 5279 quem

2265 5299 2660 5357 crucifixcrunt.
2704 5299 2949 5370 Magnum
2982 5314 3111 5370 ergo
3163 5298 3362 5359 bonum
3410 5309 3463 5354 et
3505 5299 3766 5364 salutare,
3793 5303 3843 5350 et

2265 5391 2484 5449 evidens
2512 5401 2886 5462 argumentum
2914 5390 3108 5446 divinae
3139 5389 3548 5449 benevolentiae.

2335 5484 2388 5538 5.
2417 5483 2553 5550 Quin
2581 5484 2688 5538 imo
2714 5498 2818 5536 non
2850 5481 3020 5536 solum
3045 5497 3174 5538 crux
3193 5522 3208 5546 ,
3252 5482 3346 5536 sed
3385 5493 3438 5536 et
3469 5483 3576 5552 ipsa
3607 5481 3657 5534 in
3688 5493 3841 5534 cruce

2266 5577 2468 5646 prolata
2493 5576 2648 5632 verba
2681 5573 3088 5630 inenarrabilem
3117 5573 3234 5644 ejus
3263 5573 3638 5633 humanitatem
3671 5572 3842 5627 deela-

2330 5708 2403 5771 (a)
2427 5715 2568 5771 nunc
2585 5705 2748 5771 locum
2788 5707 2917 5771 inter
2953 5703 3046 5755 alia
3086 5704 3244 5755 refert
3263 5712 3308 5755 8.
3331 5713 3429 5771 Leo
3451 5715 3570 5769 Papa
3591 5705 3648 5771 ad
3665 5703 3838 5753 calcem

2264 5768 2485 5834 Epistula:
2509 5769 2616 5831 451,
2636 5771 2723 5822 ubi
2743 5769 2899 5832 magis
2930 5779 3131 5819 sensum
3149 5780 3294 5831 qltam
3310 5768 3462 5820 verba
3484 5768 3724 5831 exprimit.
