4100 6426
519 344 632 403 M5

516 456 618 529 τὴν
650 455 859 526 ἄφατον
881 455 1313 529 φιλανθρωπίαν.
1328 460 1441 515 Καὶ
1468 458 1634 515 ἄκουε
1665 459 1845 516 αὐτῶν
1872 461 1982 516 τῶν
2012 464 2112 535 ῥη-

520 542 731 608 μάτων.
759 538 1136 611 Παρεστώτων
1174 540 1283 613 γὰρ
1318 542 1499 597 αὐτῶν
1529 543 1639 597 τῶν
1681 546 2116 616 σταυρωσάντων

520 623 720 694 καὶτῷ
749 622 907 694 θυμῷ
945 620 1201 689 ζεόντων,
1241 624 1456 693 Πάτερ,
1500 628 1687 696 φησὶν,
1716 628 1869 696 ἄφες
1909 628 2117 693 αὐτοῖς

517 707 952 776 εὴνάμαρτίαν
972 707 1201 776 ταύτην
1219 723 1233 739 ⁸
1257 710 1330 762 οὐ
1354 709 1466 778 γὰρ
1491 709 1695 766 οἴδασι
1725 710 1781 763 τί
1807 711 2114 766 ποιοῦσιν.

520 784 674 855 Εἶδες
715 789 1126 861 φιλανθρωπίαν
1183 792 1490 857 Δεσπότου;
1529 793 1950 865 σταυρούμενος,
1976 794 2115 864 ὑπὲρ

517 873 628 926 τῶν
659 872 1036 943 σταυρούντων
1085 874 1390 945 παρεκάλει
1410 892 1425 906 ·
1456 875 1635 930 καίτοι
1661 878 1861 930 ἐκείνοι
1883 876 2114 946 ἐχλεύα-

518 956 612 1020 ζον
656 954 751 1007 καὶ
795 954 1042 1027 διέσυρον
1087 956 1251 1011 αὐτὸν
1304 958 1572 1027 λέγοντες·
1627 961 1698 1013 Et
1742 959 1876 1026 Υἱὸς
1909 956 1969 1013 εἴ
1993 959 2103 1013 τοῦ

521 1038 697 1104 Θεοῦ,
755 1037 1043 1107 κατάϐηθι
1094 1040 1216 1095 ἀπὸ
1263 1042 1371 1097 τοῦ
1399 1044 1690 1110 σταιιροῦ.
1726 1044 1838 1096 Καὶ
1895 1043 2000 1112 μὴν
2028 1041 2116 1096 διὰ

519 1121 680 1176 τοῦτο
707 1122 769 1175 ού
796 1122 1116 1176 καταϐαίνει
1166 1123 1276 1177 ἀπὸ
1303 1124 1397 1178 τοῦ
1446 1124 1707 1191 σταυροῦ,
1770 1126 1956 1196 ἐπειδὴ
1989 1125 2119 1188 Υίός

521 1205 641 1259 ἔστι
675 1204 770 1259 τοῦ
813 1205 950 1260 Θεοῦ
970 1224 983 1238 ·
1031 1206 1121 1261 διά
1150 1207 1310 1261 τοῦτο
1339 1210 1448 1280 γὰρ
1493 1204 1678 1279 ἦλθεν.
1707 1210 1794 1262 ἵνα
1828 1210 2113 1280 σταυρωθῇ

524 1289 667 1361 ὑπὲρ
712 1288 889 1360 ἡμῶν.
930 1290 1286 1356 Καταϐάτω,
1311 1293 1499 1361 φησὶν,
1522 1292 1642 1347 ἀπὸ
1675 1291 1783 1347 τοῦ
1824 1291 2113 1360 σταυροῦ,

525 1372 630 1427 ινα
676 1371 925 1442 ιδωμεν,
974 1373 1075 1427 καί
1120 1376 1543 1444 πιστεύσωμεν
1579 1376 1666 1441 εἰς
1717 1375 1927 1429 αὐτόν.
1972 1375 2118 1445 Ὅρα

522 1454 913 1525 ἀναισχυντίας
943 1456 1167 1528 ῥήματα
1202 1456 1297 1511 καὶ
1347 1457 1654 1528 προφάσεις
1690 1455 1970 1521 ἀπιστίας.
2004 1454 2115 1510 Τοῦ

524 1539 834 1610 καταϐῆναι
859 1538 968 1593 ἀπὸ
995 1539 1091 1593 τοῦ
1127 1540 1362 1612 σταυροῦ
1399 1558 1439 1611 μ
1455 1540 1585 1605 ,ἷξον
1610 1541 1867 1612 ἐποίησε,
1890 1540 1987 1594 καὶ
2014 1540 2119 1594 οὐκ

526 1623 877 1689 έπίστευσαν,
904 1623 999 1677 καὶ
1030 1622 1125 1676 νῦν
1155 1623 1395 1693 λέγουσι·
1427 1623 1659 1678 Κατάϐα
1691 1624 1800 1678 ἀπὸ
1830 1622 1924 1677 τοῦ
1950 1640 2117 1679 σταυ-

531 1705 651 1777 ροῦ,
688 1707 782 1760 καὶ
834 1706 1202 1778 πιστεύσομέν
1250 1724 1354 1761 σοι.
1390 1705 1498 1761 Τοῦ
1531 1708 1640 1778 γὰρ
1674 1706 1982 1778 καταϐῆναι
2009 1705 2120 1760 ἀπὸ

526 1790 623 1844 τοῦ
667 1789 903 1863 σταυροῦ
952 1790 1088 1845 πολὺ
1144 1791 1329 1863 μεῖζον
1366 1787 1435 1862 ἦν
1468 1791 1532 1845 16
1577 1790 1769 1863 νεκρὸν
1797 1790 2117 1861 ἀναστῆναι,

526 1873 625 1928 τοῦ
657 1874 807 1929 λίθου
840 1875 1194 1947 ἐπικειμένου
1223 1875 1304 1947 τῷ
1326 1876 1483 1947 τάφῳ
1502 1892 1517 1907 ’
1552 1874 1648 1929 τοῦ
1676 1873 1982 1945 καταϐῆναι
2010 1873 2121 1927 ἀπὸ

526 1959 624 2014 τοῦ
662 1958 900 2031 σταυροῦ
939 1959 1076 2013 πολὺ
1118 1960 1304 2031 μεῖζον
1344 1955 1413 2031 ἦν
1454 1960 1829 2031 τετραήμερον
1862 1958 1992 2011 ὅντα
2023 1956 2115 2010 16v

526 2043 777 2116 Λάζαρον
796 2043 1032 2117 κειρίαις
1053 2042 1231 2116 ὲνειλη
1240 2042 1516 2116 μ[μ]ένον,
1534 2045 1673 2115 μετὰ
1686 2043 1899 2098 τούτων
1918 2041 2120 2110 iga-ra-
2154 2050 2195 2083 ,ιι

527 2131 650 2195 γεῖν
676 2128 742 2181 ἰκ
776 2126 872 2181 τοῦ
922 2126 1212 2199 μνημείου.
1261 2122 1419 2190 Εἶδες
1465 2125 1655 2195 ἀνοίας
1694 2128 1953 2197 ρήματας
1982 2122 2122 2189 εἶδες

532 2208 737 2281 μανίας
766 2210 1112 2284 ύπερϐολήν;
1141 2209 1279 2266 ἀλλά
1310 2210 1611 2284 προσέχετε
1644 2208 1784 2281 μετά
1813 2208 2119 2281 ἀκριϐείας,

529 2291 858 2365 παρακαλῶ,
896 2295 985 2349 ἵνα
1023 2294 1202 2364 εἰδῆτε
1233 2294 1372 2349 Θεοῦ
1400 2292 1817 2365 φιλανθρωπίαν
1844 2291 2121 2364 ὑπερϐάλ-

531 2374 756 2442 λουσαν,
783 2377 882 2430 καὶ
912 2376 1031 2441 πῶς
1071 2377 1210 2450 αὑτῇ
1234 2380 1300 2449 τῇ
1351 2376 1510 2450 ἀνοίᾳ
1551 2376 1734 2431 αὐτῶν
1765 2376 1988 2447 ἀφορμῇ
2025 2373 2121 2428 κέ-

529 2476 734 2533 χρηται
769 2463 853 2526 εἰς
887 2460 1222 2534 συγγνώμην
1272 2463 1302 2516 ὀ
1340 2461 1594 2535 Χριστός.
1636 2460 1866 2531 Πάτερ,
1915 2459 2079 2530 φησὶν
2104 2497 2122 2525 ,

529 2543 684 2612 ἁφες
710 2544 917 2610 αὐτοῖς
933 2543 1052 2612 τὴν
1081 2545 1376 2615 ἁμαρτίαν
1394 2560 1408 2576 ο
1440 2546 1514 2598 οὐ
1540 2544 1650 2614 τὰρ
1680 2542 1883 2598 οιδασι
1915 2542 1973 2595 τί
1997 2556 2125 2599 πον

530 2625 694 2681 οὖσι.
712 2626 1011 2697 Μονονουχὶ
1029 2627 1139 2698 γάρ
1164 2626 1322 2681 τοῦτο
1341 2625 1509 2700 δηλοῖ,
1535 2625 1602 2679 δι’
1627 2619 1703 2680 ὧν
1725 2642 1909 2695 φησιν·
1939 2624 2126 2695 Ἀνάξ-

531 2708 618 2761 τοί
651 2709 787 2767 τίσι.
832 2708 928 2761 καὶ
978 2708 1264 2775 ἀγνοοῦσιν
1296 2707 1326 2760 6
1360 2708 1682 2780 πράττουσι.
1716 2708 1977 2767 Κάκεῖνοι
2024 2704 2126 2777 μὲν

530 2788 742 2858 ελεγονο
777 2792 845 2845 El
876 2788 1009 2856 Υἱὸς
1022 2790 1079 2844 εί
1103 2788 1209 2844 τοῦ
1232 2790 1404 2856 Θεοῦ,
1422 2787 1635 2843 σῶσον
1652 2790 1947 2849 σεαυτόν*
1965 2787 2128 2853 αὐτὸς

532 2872 593 2928 δὲ
625 2871 961 2938 ἐσπούδαζεν
986 2872 1133 2938 ὅπως
1164 2873 1407 2939 ἐκείνους
1600 2873 1728 2936 τοὺς
1765 2869 2126 2937 ὀνειδίζοντας

533 2955 686 3029 αὖτῷ
717 2956 813 3011 καὶ
858 2955 1261 3028 κωμῳδοῦντας
1302 2959 1402 3014 καὶ
1428 2956 1895 3031 λοιδορουμένους.
1939 2958 2127 3027 ’Ἄφες

531 3041 764 3108 αὐτοῖς,
783 3041 941 3111 φησὶ,
967 3039 1086 3108 τὴν
1101 3040 1398 3111 ἁμαρτίαν
1416 3042 1668 3109 ταύτηνο
1691 3042 1767 3094 οὐ
1792 3040 1903 3112 γὰρ
1925 3039 2129 3096 οῖδασι

533 3126 594 3179 τί
628 3126 894 3180 ποιοῦσι.
931 3124 998 3178 Τί
1036 3120 1166 3191 οὗνς
1201 3126 1415 3197 ἀφῆκεν
1445 3125 1633 3190 αὐτοῖς
1674 3126 1777 3196 τὴν
1812 3124 2124 3196 ἀμαρτίαν;

548 3207 757 3279 Ἀιρῆκε
780 3212 894 3273 τοῖς
916 3208 1263 3280 βουλομένοις
1288 3208 1388 3281 τὴν
1420 3209 1710 3280 μετάνοιαν
1733 3208 2127 3274 ἐπιδείξασθαι.

536 3291 652 3346 Καὶ
671 3293 721 3345 εἰ
756 3290 832 3363 μὴ
854 3292 1068 3362 ἀφῆκεν
1093 3293 1279 3356 αὐτοῖς
1304 3292 1401 3361 τὴν
1428 3291 1729 3366 ἁμαρτίαν,
1761 3291 1863 3346 οὐκ
1885 3292 1954 3346 ἀν
1981 3290 2130 3347 Παῦ-

533 3380 631 3439 λος
676 3374 979 3438 ἀπόστολος
1023 3374 1243 3442 έγένετο
1261 3390 1275 3404 ·
1323 3374 1374 3427 εἰ
1415 3374 1492 3446 μὴ
1533 3374 1749 3445 ἀφῆκεν
1803 3373 1989 3438 αὐτοῖς
2030 3372 2130 3445 τὴν

542 3458 843 3529 ἁμαρτίαν,
873 3458 975 3511 οὐκ
999 3455 1066 3511 ἀν
1099 3457 1304 3521 εὐθέως
1335 3455 1626 3528 τρισχίλιοι
1655 3457 1751 3511 καὶ
1780 3456 2133 3527 πεντακισχί-

537 3541 666 3607 λιοι,
697 3541 800 3595 οὐκ
835 3540 902 3595 ἂν
929 3541 988 3594 αἰ
1034 3539 1229 3595 πολλαὶ
1259 3540 1521 3610 μυριάδες
1558 3539 1670 3594 τῶν
1704 3540 1978 3594 Ἰουδαίων
2006 3540 2131 3595 ἐπί-

541 3639 781 3679 στευσαν
834 3622 1084 3694 ὕστερον.
1132 3623 1397 3676 Ἄκουσον
1429 3622 1541 3694 γὰρ
1583 3621 1636 3676 τί
1680 3640 1817 3693 φησι
1850 3623 1989 3696 πρὸς
2037 3625 2133 3679 τὸν

541 3705 756 3763 Παῦλον
787 3705 1045 3770 Ἰάκωϐος
1070 3706 1129 3760 ὲν
1151 3705 1418 3785 Ἰεροσολύ
1426 3723 1547 3777 μοις
1562 3720 1578 3737 °
1599 3708 1866 3778 Θεωρεῖς,
1880 3707 2131 3776 ἁδελφὲ,

541 3793 730 3846 αι’σιιι
775 3788 1065 3862 μυριάδες
1122 3789 1243 3844 εἰσί
1289 3787 1410 3845 τῶν
1449 3792 1941 3847 πεπιστευκότων
1982 3793 2132 3847 ἰον-

541 3875 750 3931 δαίων.

613 3954 1004 4029 Μιμησώμεθα
1048 3955 1233 4010 τοίνυν
1256 3994 1271 4019 ,
1322 3955 1661 4029 παρακαλῶ,
1691 3956 1787 4012 καὶ
1833 3959 1994 4030 ἡμεῖς
2038 3956 2132 4013 τὸν

542 4041 854 4113 Δεσπότην,
896 4040 990 4093 καὶ
1028 4039 1170 4111 ὑπὲρ
1210 4038 1317 4093 τῶν
1358 4039 1569 4112 ἐχθρῶν
1614 4039 1925 4112 εὐχώμεθα.
1952 4038 2134 4112 ’Ἀπερ

543 4124 671 4198 χθὲς
702 4121 1010 4196 παρῄνεσα,
1037 4120 1212 4176 ταῦτα
1231 4123 1326 4176 καὶ
1348 4121 1444 4177 νῦν
1470 4122 1633 4179 πάλιν
1660 4123 1944 4197 παραινῶ*
1975 4123 2133 4189 εἰδὼς

542 4207 639 4263 τοῦ
673 4205 1101 4278 κατορθώματος
1127 4205 1189 4260 τὸ
1229 4205 1480 4277 μέγεθος,
1510 4207 1750 4280 μίμησαί
1782 4226 1876 4263 σου
1913 4206 2006 4263 16v
2032 4210 2131 4261 Δεσ-

546 4291 753 4362 σπότην
776 4306 791 4321 ο
827 4292 1036 4352 ἐκεῖνος
1062 4289 1411 4360 ὲσταυροῦτο,
1436 4293 1532 4345 καὶ
1550 4292 1693 4363 ὑπὲρ
1710 4291 1816 4346 τῶν
1839 4290 2135 4363 σταυρούν-

543 4391 655 4428 των
688 4372 1012 4447 παρεκάλει.
1041 4373 1152 4425 Καὶ
1177 4372 1297 4437 πῶς
1327 4372 1584 4446 δύναμαι,
1614 4376 1769 4447 φησὶ,
1803 4374 1896 4429 τὸν
1928 4375 2134 4429 Δεσπό-

544 4475 647 4531 την
674 4455 1055 4530 μιμήσασθαις
1097 4456 1197 4509 Ἂν
1225 4455 1437 4529 ἐθέλῃς.
1468 4458 1726 4513 δύνασαν
1757 4461 1806 4513 εἰ
1844 4459 1921 4531 μὴ
1947 4454 2015 4531 ἦν
2040 4458 2134 4512 δυ-

545 4541 728 4607 νατὸν,
773 4543 876 4596 οὐκ
916 4540 982 4594 ἂν
1020 4539 1194 4608 έλεγεο
1239 4540 1470 4597 Μὰθετε
1503 4543 1607 4596 ἀπ’
1637 4542 1785 4613 ἐμοῦ
1819 4542 1913 4596 ὅτι
1943 4542 2134 4610 πρᾶός

546 4627 664 4697 εἰμι
716 4625 819 4681 καί
848 4623 1132 4691 ταπεινὸς
1177 4623 1254 4693 τῇ
1297 4625 1546 4694 καρδίᾳ·
1597 4626 1757 4698 εἰμὴ
1786 4627 2011 4681 δυνατὸν
2062 4623 2134 4700 ἦν

549 4709 820 4784 ἀνθρώπῳ
846 4709 1211 4782 μιμήσασθαι,
1244 4710 1347 4762 οὐκ
1378 4709 1446 4763 ἂν
1474 4711 1504 4763 ὀ
1527 4709 1739 4775 Παῦλος
1763 4706 1911 4766 είπε’
1944 4710 2135 4780 Μιμη-

547 4796 647 4852 ταί
664 4812 786 4865 μου
802 4795 1062 4865 γίνεσθε,
1082 4791 1279 4857 καθὼς
1297 4793 1457 4863 κάγὼ
1469 4794 1747 4861 Χριστοῦ.
1771 4793 1916 4865 Πλὴν
1937 4793 2052 4847 ἀλλ’
2069 4793 2131 4849 οὐ

551 4879 732 4951 βούλει
769 4876 1117 4950 μιμήσασθαι
1162 4877 1254 4931 τὸν
1288 4878 1604 4946 Δεσπότην;
1638 4876 1878 4948 μίμησαι
1917 4893 2012 4930 σου
2043 4877 2133 4931 16v

551 4962 706 5037 [420]
745 4961 1065 5024 σύνδουλον,
1106 4960 1198 5016 16v
1244 4961 1518 5030 Στέφανον
1547 4960 1727 5029 λέγω,
1776 4959 1869 5012 16v
1918 4959 2133 5030 πρῶτον

548 5049 842 5115 ἀνοίξαντα
887 5047 989 5111 τὰς
1038 5046 1135 5100 τοῦ
1176 5046 1482 5118 μαρτυρίου
1535 5045 1742 5116 θύρας⁸
1796 5046 2006 5109 ἐκεῖνος
2041 5044 2133 5098 16v

549 5130 828 5201 Δεσπότην
858 5130 1192 5201 έμιμήσατο.
1228 5129 1497 5199 Καθάπερ
1532 5128 1642 5200 γὰρ
1670 5128 1698 5179 ὀ
1727 5127 2006 5199 Δεσπότης
2041 5145 2136 5198 με-

549 5215 687 5281 ταξὺ
722 5213 831 5267 τῶν
861 5211 1239 5284 σταυρούντων
1286 5213 1448 5266 αὐτὸν
1481 5211 1833 5283 κρεμάμενος
1865 5211 2004 5281 ὑπὲρ
2025 5212 2134 5265 τῶν

551 5297 932 5371 σταυρούντων
964 5297 1299 5365 παρεκάλει,
1326 5294 1470 5350 οὕτω
1499 5296 1595 5349 καὶ
1636 5297 1665 5348 ὀ
1709 5294 1893 5359 δοῦλος
1929 5296 2132 5366 μεταξὺ

548 5383 664 5439 τῶν
691 5380 1022 5446 λιθαζόντων
1046 5378 1146 5445 ὢν,
1173 5379 1501 5451 βαλλόμενος
1522 5379 1628 5432 ύπδ
1655 5379 1893 5442 πάντων,
1920 5380 2136 5445 καὶτὰς

549 5465 779 5537 νιφάδας
796 5464 904 5519 τῶν
917 5464 1080 5518 λίθων
1094 5463 1400 5535 δεχόμενος,
1416 5463 1514 5525 τὰς
1527 5461 1719 5526 ὀδύνας
1738 5462 1837 5526 τὰς
1850 5463 1916 5517 ὲκ
1928 5464 2135 5517 τούτων

549 5550 841 5621 γινομένας
856 5549 1013 5619 ἀφεὶς
1031 5547 1203 5617 ἕλε-γε’
1227 5549 1424 5615 Κύριε,
1443 5545 1528 5616 μὴ
1547 5546 1789 5615 στήσῃς
1801 5546 2004 5614 αὐτοῖς
2022 5547 2137 5616 τὴν

550 5636 847 5705 ἁμαρτίαν
892 5633 1136 5700 ταύτην.
1160 5628 1311 5696 Εἶδες
1362 5630 1478 5694 πῶς
1519 5630 1647 5694 Υἱὸς
1679 5630 2005 5699 διαλέγεται,
2039 5633 2135 5687 καὶ

553 5719 673 5782 πῶς
715 5717 901 5783 δοῦλος
943 5715 1192 5789 εῦχεται;
1240 5717 1450 5780 ἐκεῖνος
1503 5714 1688 5786 λέγει*
1719 5714 1946 5784 Πάτερ,
1982 5717 2136 5787 ἄφες

561 5796 762 5867 αὐτοῖς
804 5799 920 5872 τὴν
969 5801 1260 5874 ἁμαρτίαν
1294 5800 1520 5871 ταύτην
1537 5815 1553 5835 ο
1587 5799 1661 5857 οὐ
1694 5798 1805 5870 γὰρ
1847 5798 2046 5857 οῖδασι
2076 5802 2136 5858 τί

1205 347 1267 404 S.
1298 343 1589 404 JOANNIS
1622 346 1763 405 CHR
1773 340 2122 404 γεοετοιιι

2228 347 2488 408 RCHIEP.
2530 345 3077 407 CONSTANTINOP.

3684 336 3789 397 “6

2218 463 2531 518 ποιοῦσινν
2563 457 2717 528 οὗτος
2756 462 2923 530 λέγει’
2968 460 3167 528 Κύριε,
3199 459 3287 528 μὴ
3315 456 3553 527 στήσῃς
3596 460 3797 527 αὐτοῖς

2216 545 2333 615 τὴν
2356 546 2652 616 ἁμαρτίαι·
2701 544 2948 612 ταύτην.
2991 543 3103 596 Καὶ
3141 543 3229 596 ἵνα
3270 540 3447 613 μάθῃς
3490 542 3573 596 ὅτι
3598 542 3802 598 ἐσπου-

2215 630 2498 699 δασμένως
2529 628 2692 681 τοῦτο
2711 630 2875 692 ποιεῖ,
2915 626 3015 697 οὐχ
3050 624 3240 689 ἁπλῶς
3271 624 3496 696 ηῦξατο,
3525 625 3645 679 οὐδὲ
3698 626 3803 697 ἀφ-

2215 711 2573 783 ωσιωμένως,
2609 711 2730 765 οὑδὶ
2771 709 2965 772 ἑστὼς.
2997 708 3133 763 ἀλλά
3175 708 3287 772 θεὶς
3312 707 3382 761 τὰ
3404 708 3627 777 γόνατα,
3662 708 3804 779 μετά

2216 794 2584 861 κατανύξεως,
2626 794 2765 867 μετά
2797 792 2999 865 πολλῆς
3049 794 3147 863 τῆς
3190 791 3554 864 συμπαθείας.
3606 792 3802 847 Βούλει

2219 902 2303 940 σοι
2356 886 2517 952 δείξω
2567 885 2661 938 καὶ¹
2706 883 2865 939 ἀλλον
2913 882 3197 936 σύνδουλον
3242 881 3462 953 μείζονα
3511 880 3802 953 εὐχόμενον

2217 972 2383 1045 εὐχὴν
2414 973 2553 1045 ὑπὲρ
2579 971 2688 1025 τῶν
2709 970 2920 1045 ὲχθρῶν
2942 987 2956 1035 ;
2987 971 3150 1025 ἀκουε
3182 968 3275 1022 τοῦ
3300 968 3572 1040 μακαρίου
3592 968 3803 1024 Παύλου

2217 1060 2501 1128 λέγοντοςο
2542 1058 2684 1131 μετά
2721 1058 2831 1131 γὰρ
2881 1058 2943 1112 16
2990 1059 3164 1112 εἰπεῖν
3215 1056 3317 1110 ὅσα
3354 1054 3660 1120 πέπονθεν,
3717 1058 3801 1112 ὅτι

2217 1148 2507 1216 Πεντάκις
2550 1147 3008 1216 τεσσαράκοντα
3054 1146 3217 1215 παρὰ
3258 1146 3407 1215 μίαν
3457 1145 3617 1215 παρὰ
3659 1147 3805 1201 ἰουρ

2218 1237 2404 1292 δαίων
2419 1237 2662 1304 ἔλαϐον,
2675 1236 2803 1304 τρίς
2824 1234 3248 1305 ἑρῤαϐδίσθην,
3267 1232 3432 1297 ἅπαξ
3446 1232 3797 1301 ἐλιθάσθην,

2218 1326 2344 1396 τρὶς
2368 1325 2751 1397 ἐναυάγησαο
2787 1327 2882 1379 καὶ
2914 1320 3406 1397 ἀπαριθμήσασθαι
3447 1322 3538 1377 16v
3566 1322 3804 1395 ὀρμαθδν

2219 1414 2315 1470 καὶ
2340 1413 2438 1479 τάς
2468 1413 2783 1481 επιϐουλὰς,
2811 1413 2879 1478 ἃς
2913 1414 3042 1484 παρ’
3076 1406 3257 1465 αὐτῶν
3287 1409 3409 1463 καθ’
3437 1410 3674 1479 ἑκάστην
3705 1409 3809 1464 ὐπ-

2219 1501 2426 1573 έμεινε,
2470 1500 2605 1574 φησὶ
2644 1500 2741 1557 καὶ
2781 1499 2976 1564 αὐτός’
3008 1498 3303 1567 Ηὺχόμην
3351 1495 3619 1566 ἀνάθεμα
3654 1492 3810 1550 εἶναι

2220 1589 2405 1656 αὐτὸς
2434 1587 2550 1660 ἐγὼ
2579 1586 2698 1643 ἀπὸ
2731 1586 2990 1657 Χριστοῦ
3014 1586 3168 1655 ὑπὲρ
3209 1581 3330 1640 τῶν
3361 1582 3642 1654 ἀδελφῶν
3664 1601 3806 1655 μου,

2222 1677 2341 1734 τῶν
2386 1675 2701 1748 συγγενῶν
2738 1694 2861 1746 μου
2910 1674 3063 1729 κατὰ
3106 1670 3308 1743 σάρκα
3331 1714 3347 1735 ,
3396 1673 3616 1740 οἵτινές
3652 1676 3812 1727 εἰσιν

2234 1764 2612 1835 Ἰσραηλῖται.
2655 1763 2843 1827 Θέλεις
2866 1762 2962 1817 καὶ
2989 1761 3211 1833 ἑτέρους
3241 1760 3389 1821 ἰδεῖν,
3422 1761 3544 1832 ούχὶ
3572 1760 3680 1814 ἀπὸ
3705 1760 3807 1830 τῆς

2222 1853 2465 1924 Καινῆς,
2487 1852 2626 1909 ἀλλὰ
2667 1852 2764 1907 καὶ
2810 1848 2921 1905 ἀπὸ
2948 1850 3051 1919 τῆς
3088 1849 3356 1913 unum.
3382 1848 3445 1903 16
3491 1847 3625 1903 αὐτὸ
3656 1848 3814 1903 τοῦτο

2225 1940 2550 2008 ποιοῦνταςς
2603 1939 2776 1996 Τοῦτο
2814 1940 2925 2012 γὰρ
2961 1938 3199 2010 μάλιστά
3226 1939 3345 1992 ἑστι
3386 1937 3450 1991 16
3476 1937 3811 2009 θαυμαστὸν,

2222 2032 2351 2086 ὅταν
2389 2031 2440 2084 οἰ
2477 2029 2553 2101 μὴ
2574 2028 2958 2093 κελευσθέντες
3003 2027 3133 2091 τοὺς
3179 2025 3274 2097 έχθ
3283 2026 3408 2098 906;
3453 2026 3647 2096 φιλεῖν,
3697 2023 3813 2080 ἀλλ’

2223 2118 2501 2190 ὀφθαλμὸν
2546 2117 2672 2172 ἀντὶ
2718 2114 3001 2188 ὀφθαλμοῦ
3021 2154 3039 2181 ,
3071 2114 3166 2169 καὶ
3193 2113 3382 2167 ὀδόντα
3431 2114 3554 2168 ἀντὶ
3595 2113 3810 2179 ὀδόντος

2223 2205 2530 2270 ἐκϐάλλειν,
2557 2206 2653 2261 καὶ
2680 2207 2793 2270 τοῖς
2829 2204 2967 2268 [σοις
3008 2200 3335 2275 ἀμύνεσθαι,
3367 2195 3513 2256 0610:
3549 2200 3687 2272 πρὸς
3713 2200 3816 2272 τὴν

2223 2292 2589 2364 ἀποστολικὴν
2641 2292 2891 2363 φθάσωσι
2945 2290 3215 2362 κορυφήν.
3270 2291 3537 2344 Ἄκουσον
3577 2287 3709 2358 γοῦν
3761 2286 3817 2341 τί

2224 2398 2359 2453 φησι
2409 2380 2659 2453 Μωῦσῆς
2711 2383 2741 2436 ὀ
2791 2378 3183 2442 καταλευσθεὶς
3237 2376 3498 2441 πολλάκις
3548 2375 3655 2430 ὑπὸ
3706 2374 3817 2429 τῶν

2238 2465 2545 2521 Ἰουδαίων·
2594 2468 2667 2520 Εἰ
2714 2465 2835 2536 μὲν
2882 2463 3047 2534 ἀφῇς
3084 2463 3293 2530 αὐτοῖς
3332 2462 3449 2533 τὴν
3495 2462 3814 2532 ἁμαρτίαν.

2225 2556 2379 2625 ἄφες
2403 2572 2419 2586 ο
2449 2556 2505 2610 εἰ
2528 2553 2597 2609 δὲ
2614 2552 2726 2625 μὴ,
2744 2552 2898 2623 κάμὲ
2924 2552 3256 2620 ἐξάλειψον
3274 2551 3346 2606 ἐκ
3363 2549 3476 2618 τῆς
3497 2547 3722 2615 ,βίϐλου
3740 2545 3818 2620 ἧς

2225 2643 2521 2714 ἔγραψας.
2553 2642 2720 2713 Ὁρᾷς
2743 2641 2973 2695 ῑκαστον
2998 2639 3108 2695 τῶν
3130 2638 3354 2693 δικαίων
3380 2637 3480 2709 τὴν
3504 2636 3613 2691 τῶν
3642 2636 3817 2691 ἄλλων

2228 2729 2535 2802 ἀσφάλειαν
2556 2729 2665 2802 πρὸ
2692 2728 2796 2799 τῆς
2825 2727 3036 2790 οἰκείας
3061 2726 3338 2799 σωτηρίας
3363 2725 3681 2795 τιθέμενον;
3712 2724 3820 2777 Οὐ-

2231 2819 2323 2873 δὲν
2348 2819 2631 2890 ἥμαρτεςο
2658 2815 2808 2880 τίνος
2838 2814 3027 2869 ἕνεκεν
3067 2814 3396 2885 κοινωνῆσαι
3431 2811 3609 2883 βούλει
3638 2810 3819 2866 αὐτῶν

2226 2907 2329 2979 τῆς
2353 2904 2657 2979 τιμωρίας;
2687 2903 2803 2957 οὐκ
2824 2901 3175 2973 αἰσθάνομαι,
3193 2901 3349 2975 φησὶ,
3375 2903 3474 2973 τῆς
3491 2899 3817 2971 εὐπραγίας,

2229 2993 2433 3065 ἑτέρων
2463 2991 2784 3064 πασχόντων
2815 2989 3024 3055 κακῶς.
3061 2990 3218 3044 Ἔστι
3242 2989 3299 3043 δὲ
3331 2988 3424 3043 καὶ
3465 2988 3654 3061 ἕτερον
3684 2986 3815 3042 ἰδεῖν

2231 3081 2492 3153 τοιαύτην
2520 3079 2842 3152 ποιούμενον
2871 3080 3063 3151 εὐχήν.
3081 3077 3262 3133 Πολλά
3281 3077 3389 3149 γὰρ
3405 3077 3657 3149 ἐπίτηδες
3681 3094 3823 3149 παρ-

2231 3171 2351 3243 άγω
2369 3171 2438 3226 τὰ
2465 3170 2906 3242 παραδείγματα,
2925 3169 3015 3225 ἴνα
3040 3170 3145 3225 κᾶν
3172 3167 3345 3232 οὕτως
3357 3166 3581 3229 ἑαυτοὺς
3598 3163 3823 3237 διορθώ-

2232 3278 2436 3333 σωμεν,
2470 3260 2563 3315 καὶ
2590 3259 2651 3314 16
2692 3258 2925 3332 χαλεπὸν
2952 3257 3112 3312 τοῦτο
3144 3257 3358 3327 νόσημα
3384 3256 3485 3325 τῆς
3510 3254 3691 3309 αὐτῶν
3716 3252 3820 3323 ψυ-

2231 3349 2336 3420 χῆς
2373 3347 2729 3419 ἐξορίσωμεν,
2761 3346 2824 3401 τὸ
2874 3343 3237 3417 κατεύχεσθαι
3281 3344 3426 3410 λέγω
3449 3341 3554 3397 τῶν
3584 3339 3816 3413 ἐχθρῶν.

2236 3439 2438 3491 ’Δκουε
2494 3436 2588 3491 καὶ
2627 3434 2724 3490 τοῦ
2761 3433 3034 3507 μακαρίου
3084 3432 3247 3486 Δαυῖδ
3266 3474 3282 3497 ,
3339 3430 3503 3502 ἡνίκα
3539 3428 3634 3483 τοῦ
3682 3425 3818 3482 Θεοῦ

2234 3525 2665 3600 παροξυνθέντος
2692 3526 2789 3579 καὶ
2816 3523 3049 3593 ἄγγελον
3077 3521 3497 3583 ἀποστείλαντος
3533 3519 3624 3573 16v
3650 3535 3820 3589 τιμωο

2239 3613 2546 3688 ρησόμενον
2569 3612 2631 3665 16
2654 3610 2883 3682 πλῆθος,
2912 3611 2963 3665 τί
2990 3627 3180 3683 φησιν,
3216 3607 3361 3681 ὀρῶν
3387 3606 3576 3661 λοιπὸν
3607 3606 3821 3677 γυμνὴν

2232 3701 2333 3774 τὴν
2369 3700 2647 3773 ῥομφαίαν
2667 3698 2951 3754 δεικνύντα
2971 3698 3065 3752 16v
3091 3695 3324 3766 ἄγγελον
3354 3694 3449 3750 καὶ
3470 3695 3573 3764 τὴν
3604 3692 3819 3763 πληγὴν

2235 3792 2516 3863 ἐπιφέρειν
2542 3789 2836 3862 μέλλοντα·
2885 3786 3028 3858 Ἐγὼ
3061 3790 3097 3842 ό
3124 3783 3354 3855 ποιμὴν
3387 3782 3818 3849 ἐκακοποίησα.

2234 3879 2336 3938 καί
2382 3874 2549 3935 οὗτοι
2593 3877 2661 3931 τὸ
2691 3878 2973 3947 ποίμνιον
3014 3875 3075 3929 τί
3112 3874 3442 3938 έποίησανς
3477 3868 3755 3925 Γενέσθω
3778 3866 3818 3934 ἡ

2235 3968 2363 4037 χείρ
2389 3982 2507 4022 σου
2534 3965 2628 4020 ἐπ’
2661 3965 2788 4034 ἐμὲ,
2825 3962 2925 4017 καί
2967 3961 3068 4015 ἐπὶ
3099 3960 3208 4014 τὸν
3247 3954 3417 4014 οἷκον
3452 3955 3561 4013 τοῦ
3598 3956 3822 4022 πατρός

2229 4071 2371 4125 μου.
2412 4054 2577 4125 Ὁρᾷς
2606 4051 2771 4106 πάλιν
2802 4049 3043 4120 συγγενῆ
3067 4046 3137 4102 τὰ
3164 4044 3600 4119 κατορθώματας
3630 4040 3820 4096 Βούλει

2235 4159 2321 4197 σοι
2357 4140 2519 4208 δείξω
2568 4139 2662 4194 καὶ
2717 4139 2907 4211 ἓτερον
2938 4136 3100 4190 τοῦτο
3146 4133 3438 4201 ποιοῦντας
3498 4130 3751 4205 Σαμουὴλ
3790 4133 3823 4184 6

2236 4229 2526 4302 προφήτης
2555 4225 2790 4299 ὑϐρίσθη
2822 4222 2977 4296 παρὰ
3003 4223 3112 4277 τῶν
3152 4220 3442 4288 Ἰουδαίων,
3472 4216 3817 4289 ὲξουθενήθη,

2233 4314 2485 4388 ἠτιμώθη
2533 4312 2727 4377 οὕτως,
2757 4312 2835 4376 ῶς
2879 4310 2972 4364 16v
3012 4310 3148 4364 Θεὸν
3187 4309 3407 4380 θελῆσαι
3439 4308 3604 4364 αὐτὸν
3641 4320 3822 4377 παρα-

2238 4402 2605 4475 μυθήσασθαι.
2623 4399 2950 4472 Προσέχετε,
2980 4396 3308 4469 παρακαλῶ,
3336 4395 3476 4468 μετά
3510 4392 3818 4467 ἀκριϐείας.

2234 4486 2370 4546 Είπε
2398 4490 2507 4563 γὰρ
2538 4490 2675 4562 πρὸς
2712 4487 2877 4542 αὐτὸν
2904 4487 2935 4540 ὀ
2976 4485 3143 4550 Θεός·
3178 4486 3261 4539 Οὐ
3301 4483 3378 4538 σε
3416 4480 3817 4551 ἑξουθενήκαο

2233 4596 2359 4644 σιν,
2385 4579 2525 4634 ἀλλ’
2555 4578 2680 4647 ἐμέ.
2722 4574 2790 4629 Τί
2822 4569 2917 4629 οὖν
2945 4575 3153 4637 ἐκεῖνος
3182 4574 3212 4626 ὀ
3247 4570 3639 4643 ἐξουθενηθεὶς,
3663 4565 3819 4641 [421]

2234 4668 2265 4721 ό
2287 4665 2630 4737 ἀτιμασθεὶς,
2662 4664 2691 4717 ὀ
2728 4659 3187 4733 καταφρονηθεὶς,
3213 4660 3243 4713 ό
3275 4656 3589 4731 ύϐρισθείς;
3619 4657 3819 4709 ’Δκουε

2235 4756 2290 4810 τί
2318 4770 2516 4828 φησιν’
2556 4751 2720 4823 Ἐμοὶ
2764 4750 2833 4804 δὲ
2864 4751 2952 4821 μὴ
2988 4749 3220 4819 γένοιτο
3269 4745 3557 4818 ἁμαρτεῖν
3590 4744 3672 4811 τῷ
3703 4745 3823 4798 Ku-

2225 4846 2341 4915 ρίῳ
2388 4844 2495 4899 τοῦ
2537 4840 2837 4897 διαλιπεῖν
2894 4838 3388 4908 προσευχόμενον
3428 4834 3583 4903 ὑπὲρ
3629 4832 3817 4903 ὑμῶν.

2241 4927 2545 5005 ’Δμαρτίαν
2584 4932 2834 5002 ἐνόμισεν
2867 4924 3007 4983 εἶναι
3039 4927 3099 4982 16
3144 4927 3217 4999 μὴ
3251 4923 3647 4998 προσεύχεσθαι
3677 4922 3820 4995 ὑπὲρ

2232 5021 2343 5075 τῶν
2369 5019 2596 5092 ἐχθρῶν.
2618 5018 2710 5091 Μὴ
2736 5016 2948 5088 γένοιτό
2980 5033 3091 5088 μοι,
3115 5013 3300 5085 φησὶν,
3331 5013 3594 5084 ἁμαρτεῖν
3621 5008 3818 5075 οὕτως,

2233 5108 2311 5174 ὡς
2342 5108 2418 5181 μὴ
2449 5105 2854 5179 προσεύξασθαι
2883 5105 3022 5176 ὑπὲρ
3053 5103 3227 5174 ὑμῶν.
3267 5096 3419 5164 Εἶδες
3449 5100 3677 5154 ἕκαστον
3705 5097 3818 5151 τῶν

2235 5180 2482 5259 δικαίων,
2515 5195 2687 5266 πόσην
2714 5193 2903 5248 τούτου
2936 5191 3030 5246 τοῦ
3068 5189 3489 5261 κατορθώματος
3525 5188 3822 5257 ἐποιήσατο
3940 5224 3947 5231 ι
3986 5180 4003 5187 “

2235 5286 2334 5355 τὴν
2355 5281 2698 5354 ἐπιμέλειαν,
2721 5280 2802 5352 τῷ
2829 5279 3077 5352 Δεσπότῃ
3106 5275 3556 5339 κατακολουθῶν;
3586 5275 3820 5344 ἰδωμεν
3898 5274 3901 5283 ’

2236 5372 2417 5426 τοίνυν
2444 5370 2651 5425 ἀνωθεν
2682 5368 2753 5423 τά
2778 5367 3061 5438 εἰρημένα.
3101 5367 3158 5419 Ὀ
3188 5365 3465 5436 Δεσπότης
3488 5362 3636 5431 λέγει
3655 5377 3669 5390 ·
3703 5359 3821 5414 Πάρ-

2235 5476 2359 5528 τερ,
2392 5457 2545 5527 ἄφες
2571 5456 2780 5522 αὐτοῖς
2801 5454 2918 5524 τὴν
2946 5454 3261 5524 ἁμαρτιάν’
3295 5453 3368 5506 οὐ
3392 5452 3504 5520 τὰρ
3531 5448 3732 5503 οἴδασι
3758 5446 3823 5501 τι

2237 5546 2541 5602 ποιοῦσιν.
2574 5546 2631 5597 '0
2657 5543 2926 5614 Στέφανος
2951 5537 3072 5594 εῐπε
3092 5558 3105 5571 ·
3124 5542 3320 5608 Κύριε,
3341 5537 3429 5609 μὴ
3446 5536 3687 5604 στήσῃς
3710 5535 3823 5590 αὺ-

2237 5632 2364 5700 τοῖς
2394 5632 2512 5701 τὴν
2545 5630 2840 5701 ἁμαρτίαν
2870 5629 3118 5695 ταύτην.
3157 5626 3216 5680 '0
3260 5624 3475 5688 Παῦλος
3501 5622 3671 5692 λέγει’
3696 5623 3825 5676 Ηύ-

2236 5723 2438 5792 χόμην
2465 5717 2734 5787 ἀνάθεμα
2758 5712 2913 5771 εἶναι
2937 5714 3121 5779 αὐτὸς
3147 5712 3263 5785 ἐγὼ
3289 5712 3409 5767 ἀπὸ
3433 5710 3539 5766 τοῦ
3557 5707 3827 5777 Χριστοῦ

2236 5807 2393 5878 ὑπὲρ
2425 5804 2547 5862 τῶν
2566 5802 2850 5876 ἀδελφῶν
2869 5820 3016 5875 μου,
3034 5798 3155 5857 τῶν
3187 5796 3505 5870 συγγενῶν
3522 5812 3642 5868 μου
3669 5795 3828 5852 κατὰ
