4100 6438
339 414 445 469 415

339 541 478 587 rant.
510 531 646 588 Audi
691 531 801 602 ipsa
833 528 1038 584 verba:
1068 519 1534 580 circumstantibus
1557 515 1700 571 enim
1736 511 1865 582 ipsis
1894 526 1923 563 a

340 623 529 690 quibus
553 622 838 678 cruciﬁxus
859 620 1051 683 fuerat,
1078 617 1261 685 iraque
1281 621 1331 667 et
1357 611 1536 665 lurore
1555 603 1922 664 aestuantibus,

344 712 517 778 Pater,
552 712 753 782 inquit,
788 711 993 782 ignosce
1029 708 1134 763 illis
1172 712 1434 776 peccatum
1472 700 1614 753 hoc:
1655 713 1755 751 non
1793 694 1925 748 enim

343 806 537 871 sciunt,
567 803 688 873 quid
718 812 880 872 agant
912 799 1071 871 (Luc.
1092 799 1183 853 25.
1212 794 1325 868 54).
1358 792 1517 848 Vides
1548 786 1926 858 benignitatem

348 896 597 949 Domini?
639 892 923 949 cruciﬁxus
956 906 1053 961 pro
1092 884 1525 957 cruciﬁgentibus
1576 879 1800 943 orabat,
1828 877 1927 931 etsi

346 985 421 1040 tlli
447 984 845 1040 subsannabant
865 994 917 1037 et
938 980 1230 1037 illudebant
1248 993 1369 1032 eum
1391 976 1628 1030 dicentes
1647 989 1660 1023 :
1679 970 1741 1025 Si
1762 967 1810 1022 F
1812 968 1929 1022 ilius

348 1076 441 1132 Dei
464 1094 537 1142 es,
564 1075 809 1130 descende
829 1074 892 1126 de
914 1088 1062 1126 cruce
1087 1069 1296 1141 (Matth.
1321 1067 1411 1122 2⁸7.
1441 1064 1556 1134 10).
1591 1061 1749 1132 Atqui
1805 1073 1928 1128 pro-

349 1178 470 1238 pter
496 1167 598 1222 hoc
624 1167 795 1236 ipsum
822 1180 926 1219 non
957 1161 1233 1218 descendit
1270 1159 1336 1214 de
1362 1173 1519 1213 cruce
1537 1197 1553 1224 ,
1581 1153 1724 1225 quod
1763 1151 1931 1207 Filius

350 1259 447 1314 Dei
477 1257 547 1313 sit
580 1275 594 1312 :
621 1257 741 1312 ideo
762 1255 905 1311 enim
925 1254 1092 1317 venit,
1122 1262 1181 1307 ut
1204 1248 1603 1320 cruciﬁgeretur
1630 1260 1726 1316 pro
1753 1241 1928 1298 nobis.

342 1349 662 1414 Descendat,
694 1348 878 1411 aiunt,
906 1347 970 1401 de
993 1361 1170 1401 cruce.
1199 1352 1256 1397 ut
1284 1340 1540 1396 videamus
1579 1348 1625 1392 et
1667 1335 1930 1389 credamus

344 1445 398 1498 in
436 1459 551 1498 eum
583 1441 757 1513 (Ibid.
790 1450 837 1495 et
863 1435 990 1513 12).
1018 1438 1233 1493 Intuere
1278 1432 1619 1504 impudentia:
1653 1430 1847 1489 verba.
1879 1437 1934 1482 ct

344 1533 720 1588 excusationes
750 1527 1160 1585 incredulitatis.
1186 1525 1484 1583 Grandiora
1510 1522 1651 1588 fecit,
1679 1535 1837 1590 quam
1865 1520 1935 1572 sit

347 1626 639 1681 descensus
669 1622 736 1679 de
759 1636 937 1687 cruce,
964 1630 1019 1676 et
1047 1634 1152 1674 non
1181 1615 1526 1672 crediderunt
1552 1631 1565 1667 :
1603 1623 1658 1667 et
1688 1627 1830 1665 nunc
1855 1608 1935 1663 di-

345 1724 509 1782 cunt,
540 1712 817 1769 Descende
850 1711 918 1768 de
957 1725 1151 1775 cruce,
1187 1717 1242 1764 et
1272 1707 1555 1762 credemus
1586 1706 1637 1759 in
1669 1712 1739 1757 te.
1774 1701 1935 1785 multo

344 1806 519 1876 majus
545 1814 660 1860 erat
686 1812 953 1859 mortuum
989 1816 1212 1871 surgere
1233 1816 1298 1855 ex
1325 1797 1593 1868 sepulcro,
1628 1794 1802 1863 lapide
1831 1792 1932 1847 im-

347 1898 543 1969 posito,
572 1912 732 1968 quam
754 1894 1083 1952 descendere
1106 1894 1174 1949 de
1206 1907 1367 1947 cruce
1395 1908 1409 1945 :
1436 1890 1606 1944 multo
1627 1888 1799 1956 majus
1822 1899 1938 1941 erat

344 1989 759 2059 quatriduanum
807 1987 1066 2042 Lazarum
1105 1983 1287 2039 fasciis
1322 1982 1657 2046 involutum,
1691 1995 1792 2035 una
1814 1995 1933 2035 cum

349 2083 455 2136 illis
480 2082 711 2137 educere
738 2097 804 2136 ex
834 2088 1201 2134 monumento.
1246 2076 1431 2131 Vidisti
1459 2074 1703 2129 stultitim
1733 2074 1934 2128 verba?

344 2175 527 2230 vidisti
558 2174 778 2229 insania:
807 2169 1263 2242 magnitudinem?
1292 2169 1384 2223 sed
1404 2167 1683 2230 attendite,
1722 2180 1935 2231 moneo,

348 2267 655 2337 diligenter,
680 2273 739 2319 ut
757 2264 850 2319 Dei
880 2265 1195 2318 immensam
1235 2259 1616 2330 benignitatem
1641 2272 1936 2327 cognosca-

346 2357 415 2412 tis
446 2374 461 2411 :
508 2364 564 2410 et
604 2353 874 2425 quomodo
900 2352 988 2407 illa
1018 2352 1131 2422 ipsa
1163 2366 1349 2406 eorum
1376 2349 1592 2404 vesania
1612 2390 1626 2415 ,
1655 2348 1899 2404 Christus
1919 2390 1935 2414 ,

344 2451 494 2505 velut
522 2451 804 2504 occasione
830 2448 900 2502 sit
937 2461 1065 2502 usus
1113 2445 1182 2501 ad
1220 2446 1452 2500 veniam.
1504 2441 1697 2507 Pater,
1735 2445 1937 2515 inquit,

344 2545 552 2612 ignosce
573 2541 678 2595 illis
699 2540 795 2595 hoc
817 2548 1074 2610 peccatum
1098 2553 1117 2592 :
1137 2554 1238 2591 non
1258 2536 1392 2591 enim
1412 2537 1578 2589 sciunt
1600 2536 1725 2608 quid
1746 2536 1940 2607 faciunt

349 2631 504 2702 (Luc.
531 2628 625 2685 25.
648 2630 760 2702 54).
794 2628 1021 2683 Tantum
1050 2642 1156 2683 non
1177 2627 1278 2682 hoc
1308 2626 1525 2691 indicat,
1558 2626 1662 2682 Per
1686 2642 1826 2697 qum,
1857 2625 1942 2680 iu-

346 2722 485 2792 quit,
519 2720 834 2790 insipientes
854 2729 978 2773 sunt
996 2760 1010 2784 ,
1039 2733 1136 2788 per
1156 2716 1344 2773 eadem
1375 2718 1661 2786 ignorant,
1690 2718 1833 2788 quod
1861 2716 1931 2771 la—

349 2814 521 2868 ciunt.
551 2811 619 2866 Et
642 2811 716 2865 illi
745 2810 960 2879 quidem
990 2809 1258 2875 dicebant,
1286 2808 1348 2863 Si
1373 2808 1544 2863 Filius
1568 2807 1667 2863 Dei
1696 2827 1769 2876 es,
1799 2810 1941 2863 saltm

349 2905 565 2974 teipsunt
594 2900 806 2972 (Matth.
835 2900 925 2955 27.
949 2900 1065 2969 40).
1095 2899 1213 2969 Ipse
1240 2914 1371 2955 vero
1397 2901 1653 2966 elaborat,
1675 2898 1943 2968 quomodo

352 2996 478 3051 illos
500 2994 761 3057 salvaret,
796 2992 915 3047 illos
943 2994 1192 3062 inquam,
1222 3008 1252 3044 a
1280 2991 1472 3060 quibus
1498 2992 1785 3062 opprobria
1814 3009 1941 3063 per-

348 3086 684 3159 patiebatur,
728 3083 1067 3149 illudebatur,
1100 3094 1154 3137 et
1186 3083 1442 3138 conviciis
1477 3082 1940 3153 proscindebatur.

348 3179 564 3233 Dimitte
590 3177 717 3245 illis,
747 3175 949 3245 inquit,
982 3175 1078 3229 hoc
1109 3185 1369 3244 peccatum
1394 3188 1413 3227 :
1442 3190 1545 3228 non
1583 3174 1716 3227 enim
1776 3174 1940 3229 sciunt

347 3269 473 3341 quid
502 3269 717 3338 faciunt.
748 3266 886 3334 Quid
912 3266 1076 3336 ergo?
1101 3281 1227 3320 num
1261 3264 1459 3319 dimisit
1492 3264 1598 3319 illis
1625 3276 1899 3333 peccatum
1919 3267 1945 3318 τ

354 3360 569 3415 Dimisit
592 3358 693 3425 eis,
718 3357 808 3428 qui
836 3356 1203 3427 paenitentiam
1232 3355 1413 3411 subire
1438 3355 1739 3411 voluerint:
1767 3356 1813 3410 si
1840 3372 1945 3410 non

350 3451 649 3509 remisisset
676 3449 782 3505 illis
815 3458 1125 3520 peccatum,
1169 3447 1369 3503 Paulus
1398 3462 1505 3501 non
1544 3445 1735 3502 fuisset
1775 3445 1949 3500 factus

350 3543 627 3615 apostolus
679 3558 694 3596 :
742 3541 786 3595 si
835 3556 942 3595 non
993 3539 1288 3594 remisisset
1334 3537 1442 3593 illis
1485 3547 1795 3608 peccatum,
1842 3552 1948 3592 non

352 3635 536 3691 statim
566 3632 666 3688 tria
693 3630 857 3685 millia
885 3641 938 3685 et
979 3630 1213 3699 quinque
1244 3629 1407 3683 millia
1438 3644 1611 3698 neque
1639 3630 1821 3683 multa:
1849 3627 1949 3683 Ju-

352 3728 594 3783 daeorum
609 3722 877 3795 myriades
892 3729 1078 3792 postea
1094 3719 1465 3775 credidissent.
1496 3718 1634 3773 Audi
1656 3719 1799 3773 enim
1824 3719 1951 3788 quid

354 3817 588 3873 .lacobus
621 3813 974 3885 Jerosolymis
1015 3811 1160 3866 dicat
1206 3810 1275 3865 ad
1309 3809 1533 3865 Paulum
1562 3828 1576 3863 :
1623 3808 1772 3863 Vides
1794 3851 1808 3875 ,
1839 3813 1949 3879 fra-

356 3923 466 3972 ter,
538 3915 658 3976 quot
723 3905 884 3959 millia
944 3901 1248 3957 Judtcorum
1290 3909 1442 3968 sunt,
1508 3902 1593 3971 qui
1630 3900 1951 3954 crediderunt

355 4001 494 4070 (Act.
524 3997 614 4052 21.
643 3996 762 4070 20).
861 4007 869 4013 ·

430 4090 691 4159 Frequens
715 4090 849 4142 circa
869 4087 1147 4141 orationem
1177 4102 1269 4156 pro
1299 4085 1517 4139 inimicis
1564 4085 1864 4139 admonitio.
1883 4114 1955 4125 ——

365 4182 641 4235 Imitemur
663 4180 822 4249 igitur
844 4187 899 4233 et
925 4192 1022 4231 nos
1050 4176 1353 4241 Dominum,
1381 4187 1436 4231 et
1453 4192 1547 4245 pro
1570 4176 1798 4231 inimicis
1830 4191 1952 4245 prc-

359 4286 566 4326 ccutur.
599 4269 728 4338 Quae
756 4268 871 4323 heri
899 4267 1102 4333 monui,
1126 4267 1437 4321 eornntdem
1465 4275 1519 4322 ct
1546 4282 1689 4322 nunc
1717 4283 1952 4322 commo-

361 4361 593 4427 nefacio,
624 4360 802 4415 sciens
828 4358 1082 4428 praeclare
1113 4356 1236 4411 facti
1269 4355 1686 4426 magnitudinem
1707 4398 1722 4424 ,
1746 4358 1956 4411 imitare

362 4464 512 4506 tuum
545 4451 849 4506 Dominum.
878 4449 970 4503 llle
991 4448 1418 4518 cruciﬁgebatur,
1443 4458 1498 4503 et
1522 4464 1617 4517 pro
1636 4448 1955 4519 cruciﬁgen—

363 4547 505 4601 tibus
531 4544 735 4599 orabat.
767 4544 833 4598 Et
861 4540 1131 4613 quomodo
1161 4556 1401 4611 possunt,
1434 4541 1640 4610 inquis,
1674 4543 1955 4595 Dominum

362 4638 596 4693 imitari?
636 4635 693 4692 Si
736 4636 870 4690 velis
895 4678 909 4702 ,
938 4645 1092 4705 potes
1141 4652 1153 4687 :
1192 4634 1237 4687 si
1284 4633 1397 4689 ﬁeri
1444 4648 1550 4687 non
1581 4642 1797 4701 posset,
1848 4649 1955 4688 non

360 4727 610 4790 dixisset,
642 4724 835 4779 Discite
854 4742 887 4778 a
925 4742 1004 4779 me
1030 4724 1153 4796 quia
1182 4725 1316 4779 ntitis
1338 4741 1451 4778 sum
1488 4734 1532 4778 et
1572 4725 1774 4778 humilis
1808 4727 1959 4779 corde

363 4819 583 4890 (Matth.
610 4820 697 4873 11.
726 4818 822 4887 29)
852 4835 864 4870 :
898 4817 944 4871 si
975 4817 1135 4871 homo
1162 4817 1357 4871 imitari
1388 4831 1495 4871 non
1526 4817 1817 4886 potuisset,
1850 4833 1955 4871 non

362 4913 587 4969 dixisset
624 4911 859 4965 Paulus:
903 4907 1196 4962 lmitatores
1237 4910 1334 4961 mei
1383 4917 1569 4974 estote,
1614 4909 1742 4961 sicut
1785 4920 1831 4963 et
1869 4927 1958 4980 ego

363 5004 557 5059 Christi
585 5001 660 5075 (1.
682 5001 804 5059 Cor.
830 5002 919 5056 11.
949 5000 1026 5069 1).
1046 5001 1308 5055 Caeterum
1326 5000 1371 5055 si
1403 5001 1540 5055 nolis
1560 5000 1753 5055 imitari
1775 5001 1959 5056 Domi-

368 5112 517 5161 num,
541 5094 750 5151 imitare
764 5109 1105 5159 conservum,
1130 5091 1458 5163 Stephanum
1479 5092 1621 5160 dico,
1646 5094 1735 5163 qui
1756 5094 1960 5164 primus

370 5188 612 5259 martyrii
654 5185 798 5242 fores
835 5185 1084 5255 aperuit:
1127 5184 1216 5239 ille
1250 5184 1530 5238 Dominum
1571 5184 1811 5241 imitatus
1854 5194 1954 5241 est.

368 5278 831 5346 Quemadmodum
879 5276 1021 5333 enim
1064 5276 1322 5331 Dominus
1361 5275 1499 5329 inter
1527 5290 1651 5340 eos,
1696 5291 1727 5331 a
1767 5276 1959 5346 quibus

363 5370 656 5425 cruciﬁxus
683 5368 885 5435 fuerat,
928 5382 1220 5436 suspensus
1251 5382 1347 5436 pro
1370 5365 1804 5436 cruciﬁgentibus
1832 5382 1957 5420 ora-

368 5463 491 5528 bat;
522 5460 605 5515 sic
643 5470 697 5515 et
737 5475 926 5515 servus
966 5459 1107 5513 inter
1129 5473 1260 5522 eos,
1306 5471 1337 5511 a
1366 5455 1559 5525 quibus
1602 5455 1956 5525 lapidabatur,

366 5551 707 5619 constitutus,
730 5560 780 5606 et
814 5550 882 5605 ab
900 5550 1045 5604 omni
1080 5548 1232 5604 turba
1263 5546 1526 5618 lapidibus
1546 5549 1811 5618 appetitus
1831 5588 1847 5614 ,
1879 5548 1959 5603 la-

368 5643 633 5716 pidesque
695 5641 832 5696 nivis
872 5640 1041 5695 instar
1069 5640 1335 5695 irruentes
1361 5639 1665 5709 excipiens,
1706 5640 1961 5710 neglectis

368 5736 460 5805 qui
502 5734 625 5790 inde
649 5734 961 5790 oriebantur
984 5731 1289 5798 doloribus,
1322 5731 1532 5787 dicebat
1561 5749 1576 5786 :
1618 5732 1839 5788 Domine
1859 5774 1874 5797 ,
1898 5750 1961 5788 ne

367 5835 561 5882 statuas
588 5827 688 5881 illis
716 5825 810 5881 hoc
840 5833 1095 5892 peccatum
1125 5825 1260 5893 (Act.
1290 5826 1343 5878 7.
1373 5824 1489 5895 59).
1521 5825 1729 5895 Vidisti,
1765 5827 1956 5898 quibus

708 5919 970 5977 Parnm.
1019 5917 1062 5975 (ἶ
1077 5936 1133 5976 n.
1184 5919 1406 5979 XLIX.

1374 421 1462 476 DE
1497 414 1729 474 CRECE
1768 411 1854 468 ΕΤ
1897 402 2213 464 LATRONE
2252 399 2484 461 llOlllL.
2524 398 2587 452 Il.

3522 383 3627 439 MO

2040 507 2222 562 verbis
2250 506 2415 561 Filius
2463 515 2660 570 utatur,
2709 514 2763 559 et
2808 503 3078 573 quomodo
3119 516 3307 557 servus
3350 510 3510 555 oret:
3543 499 3632 556 ille

2033 598 2181 663 dicit,
2204 596 2379 662 Pater,
2398 597 2592 651 dimitte
2614 595 2718 651 illis
2744 595 2840 649 hoc
2864 604 3159 667 peccatum;
3182 610 3284 647 non
3306 592 3441 648 enim
3468 591 3631 647 sciunt

2031 692 2156 758 quid
2182 692 2377 764 faciunt
2404 690 2557 763 (Luc.
2597 690 2689 745 25.
2722 688 2813 759 54)
2848 707 2860 741 :
2891 688 2978 741 hic
3005 686 3151 744 dicit.
3185 684 3269 739 Nc
3296 693 3491 738 statuas
3530 682 3634 736 illis

2037 794 2131 845 hoc
2158 801 2444 861 peccatum.
2479 788 2546 844 Et
2575 798 2633 843 ut
2660 785 2925 855 intelligas
2957 785 3069 838 haec
3098 783 3246 837 illum
3272 780 3555 850 diligenter
3582 788 3636 831 et

2035 892 2282 939 accurate
2307 898 2485 954 agere,
2516 896 2621 936 non
2667 878 2981 950 simpliciter
3008 876 3215 941 orabat,
3263 888 3436 944 neque
3465 871 3636 926 obiter

2040 988 2093 1031 et
2115 977 2330 1039 leviter,
2376 990 2547 1044 neque
2575 982 2746 1037 stans,
2777 971 2870 1026 sed
2902 970 3087 1039 positis
3112 967 3355 1039 genibus,
3384 980 3507 1021 cum
3533 963 3635 1019 do-

2044 1070 2160 1125 lore
2189 1079 2243 1124 et
2271 1066 2682 1137 compunctione
2710 1074 2763 1120 et
2803 1080 2923 1118 cum
2954 1062 3116 1116 multa
3144 1058 3634 1115 commiseratione.

2046 1160 2136 1215 Vis
2167 1160 2258 1215 tibi
2288 1158 2569 1214 ostendam
2594 1168 2650 1213 et
2675 1158 2834 1211 alium
2861 1155 3115 1222 majorem
3144 1165 3461 1207 conservum
3490 1148 3638 1204 simio

2036 1255 2165 1310 liter
2208 1267 2398 1322 preces
2450 1266 2546 1322 pro
2593 1250 2822 1305 inimicis
2865 1245 3214 1303 fundentem?
3256 1244 3379 1299 audi
3426 1244 3636 1297 beatum

2040 1346 2258 1401 Paulum
2293 1364 2307 1400 :
2340 1356 2619 1416 postquam
2666 1350 3055 1408 enumerasset,
3105 1349 3305 1409 quanta
3354 1350 3638 1408 perpessus

2037 1449 2217 1503 esset;
2251 1454 2373 1493 nam
2413 1439 2508 1503 ait,
2543 1437 2818 1505 Quinquies
2860 1433 3193 1506 quadraginta
3221 1448 3325 1486 una
3350 1432 3516 1485 minus
3548 1445 3638 1482 ac-

2039 1531 2171 1600 cepi,
2204 1540 2279 1584 ter
2313 1530 2465 1599 virgis
2508 1544 2667 1583 avsus
2713 1545 2845 1592 sum,
2899 1527 3051 1581 semel
3080 1525 3338 1595 lapidatus
3379 1539 3512 1586 sum,
3568 1531 3639 1574 ter

2046 1623 2377 1695 naufragium
2404 1621 2501 1690 feci
2529 1621 2606 1689 (2.
2638 1618 2756 1673 Cor.
2790 1621 2877 1673 11.
2908 1618 2997 1672 21.
3024 1617 3121 1685 25)
3151 1635 3165 1671 :
3196 1626 3250 1671 et
3275 1630 3396 1671 cum
3424 1627 3642 1684 percen-

2042 1715 2239 1769 suisset
2282 1721 2447 1767 totam
2496 1711 2641 1765 illam
2683 1711 2896 1776 seriem,
2938 1718 2991 1764 et
3019 1708 3235 1763 insidias
3262 1721 3395 1777 quas
3422 1705 3490 1760 ab
3514 1704 3641 1774 ipsis

2042 1803 2279 1874 quotidie
2308 1802 2626 1866 sustinebat,
2660 1801 2806 1854 addit
2831 1810 2883 1855 et
2913 1799 3026 1868 ipse
3060 1818 3071 1852 :
3105 1798 3356 1866 Optabam
3375 1800 3646 1850 anathema

2040 1912 2146 1949 esse
2173 1912 2205 1948 a
2231 1894 2429 1947 Christo
2454 1910 2546 1964 pro
2588 1891 2825 1961 fratribus
2855 1891 2998 1955 meis,
3044 1885 3267 1959 cognatis
3305 1889 3426 1941 meis
3467 1902 3645 1939 secun-

2040 1988 2162 2040 dum
2204 2002 2403 2039 carnem
2426 2028 2440 2052 ,
2480 1986 2565 2055 qui
2595 1993 2709 2037 sunt
2759 1982 3012 2037 Israelita:
3046 1980 3220 2050 (Rom.
3265 1980 3318 2035 9.
3351 1978 3426 2051 5).
3459 1979 3549 2033 Vis
3591 1988 3646 2031 et

2049 2078 2183 2133 alios
2215 2078 2393 2132 videre
2424 2093 2528 2131 non
2568 2093 2632 2130 ex
2663 2090 2824 2139 novo,
2853 2073 2945 2128 sed
2983 2088 3049 2127 ex
3097 2073 3259 2127 veteri
3306 2086 3518 2141 quoque
3542 2069 3644 2123 Te-

2046 2182 2350 2236 stamento,
2392 2169 2482 2239 qui
2530 2167 2670 2223 idem
2714 2166 2997 2222 factitant?
3040 2165 3187 2221 Tunc
3227 2166 3368 2220 enim
3416 2165 3645 2218 maxime

2050 2262 2422 2317 admirandum
2451 2271 2552 2319 est,
2585 2258 2797 2328 quando
2825 2258 2921 2321 illi,
2954 2259 3146 2326 quibus
3172 2273 3276 2312 non
3306 2267 3388 2311 est
3414 2256 3646 2325 impera-

2046 2364 2158 2408 tum
2189 2352 2434 2406 inimicos
2459 2351 2698 2418 diligere,
2732 2349 2825 2405 sed
2864 2350 3077 2404 oculum
3110 2365 3204 2417 pro
3229 2348 3404 2413 oculo,
3437 2357 3491 2402 et
3516 2346 3646 2402 den-

2045 2455 2151 2498 tem
2180 2459 2274 2512 pro
2301 2443 2461 2497 dente
2494 2442 2687 2511 ejicere
2714 2440 2908 2511 (Exod.
2940 2441 3032 2495 21.
3063 2441 3154 2495 21.
3185 2438 3303 2511 25),
3330 2452 3385 2495 et
3415 2455 3510 2511 par
3532 2435 3650 2509 pari

2046 2534 2266 2600 referre,
2317 2532 2385 2588 ad
2422 2534 2729 2603 apostolica:
2762 2532 3105 2601 perfectionis
3131 2533 3344 2588 culmen
3389 2531 3648 2589 evadunt.

2054 2627 2193 2681 Audi
2225 2643 2375 2696 ergo,
2404 2625 2526 2694 quid
2558 2625 2701 2680 dicat
2732 2626 2962 2697 Moyses,
2992 2626 3149 2680 toties
3176 2641 3207 2679 a
3231 2625 3429 2680 Judmis
3457 2623 3649 2694 lapidi-

2049 2718 2151 2772 bus
2181 2717 2450 2786 appetitus
2476 2735 2487 2769 :
2520 2716 2580 2771 Si
2618 2716 2828 2769 dimittis
2870 2715 2975 2769 illis
3006 2724 3261 2785 peccatum
3282 2757 3298 2782 ,
3339 2716 3532 2768 dimitte
3564 2730 3582 2769 :
3608 2717 3650 2768 si

2047 2826 2161 2863 vero
2190 2826 2311 2873 non,
2341 2809 2451 2863 dele
2476 2818 2523 2861 et
2562 2825 2643 2862 me
2684 2807 2748 2862 de
2789 2806 2938 2872 libro,
2983 2823 3132 2877 quem
3172 2806 3415 2877 scripsisti
3457 2805 3649 2875 (Exod.

2046 2902 2141 2956 52.
2175 2902 2261 2955 51.
2291 2900 2402 2970 52).
2431 2899 2596 2953 Vides
2620 2898 2911 2969 quemlibet
2931 2913 2994 2951 ex
3016 2898 3172 2966 justis
3201 2898 3428 2951 alienam
3454 2898 3650 2951 securi-

2049 3003 2212 3048 tatem
2245 2992 2598 3062 pra'posuisse
2644 2991 2798 3045 sum?
2837 2990 2978 3044 Nihil
3007 2991 3234 3060 peccasti
3263 3007 3278 3055 ;
3308 3007 3403 3045 cur
3429 2990 3509 3044 vis
3534 3005 3652 3045 esse

2049 3084 2318 3155 particeps
2340 3084 2634 3154 supplicii?
2662 3083 2776 3139 Neu
2805 3084 3002 3149 sentio,
3031 3083 3220 3153 inquit,
3250 3080 3580 3149 felicitatem,
3608 3084 3651 3137 si

2045 3177 2137 3232 alii
2182 3177 2338 3231 rebus
2365 3175 2606 3230 adversis
2645 3176 3037 3230 conﬂictentur.
3070 3174 3359 3229 Possumus
3385 3186 3566 3228 autem
3591 3187 3647 3228 et

2051 3270 2215 3324 alium
2258 3267 2494 3337 reperire
2519 3308 2533 3332 ,
2581 3267 2671 3337 qui
2713 3266 2944 3321 similem
2987 3266 3349 3336 precationem
3393 3264 3648 3319 instituat.

2053 3361 2182 3415 Data
2208 3360 2351 3415 enim
2391 3373 2557 3426 Opera
2586 3357 2751 3413 aﬁ‘ero
2779 3357 2944 3412 multa
2969 3357 3234 3428 exetupla,
3262 3364 3322 3411 ut
3349 3357 3432 3411 vel
3461 3357 3539 3411 sic
3559 3371 3655 3409 nos

2055 3453 2201 3522 ipsos
2238 3453 2590 3521 corrigamus,
2622 3450 2879 3520 gravique
2908 3448 3010 3504 hoc
3041 3449 3228 3504 morbo
3257 3447 3489 3503 animam
3520 3448 3651 3503 libe-

2058 3559 2262 3612 remus,
2291 3557 2485 3613 nempe
2511 3559 2579 3596 ne
2605 3542 2744 3596 mala
2771 3542 3125 3612 imprecemur
3158 3541 3406 3595 inimicis.
3439 3539 3574 3595 Audi
3602 3549 3654 3592 et

2057 3636 2272 3691 beatum
2301 3634 2577 3698 Davidem,
2604 3632 2732 3703 quid
2766 3633 2859 3698 ait,
2886 3634 2993 3687 Deo
3018 3633 3244 3698 irritato,
3275 3640 3330 3686 et
3352 3630 3461 3701 jam
3493 3630 3656 3685 misso

2054 3727 2244 3801 angelo
2270 3725 2363 3794 qui
2382 3725 2771 3805 multitudinem
2797 3724 3007 3792 puniret
3030 3741 3043 3777 :
3066 3722 3249 3778 videns
3269 3724 3511 3791 angelum
3538 3733 3657 3775 διιδε-

2056 3827 2144 3871 cto
2171 3817 2345 3886 gladio
2367 3817 2706 3880 instructum,
2735 3816 3004 3885 icttunquc
3020 3816 3239 3884 jatnjam
3263 3816 3609 3869 intentantem
3642 3835 3654 3870 :

2058 3907 2192 3978 Ego,
2225 3907 2416 3977 inquit,
2444 3907 2532 3977 qui
2561 3917 2734 3975 pastor
2757 3922 2889 3970 sum,
2911 3906 3108 3976 peccavi
3139 3922 3158 3959 :
3187 3906 3259 3970 lti,
3287 3905 3372 3975 qui
3391 3922 3503 3958 oves
3518 3916 3654 3971 sunt,

2057 3998 2181 4066 quid
2210 3996 2480 4067 fecerunt?
2520 3995 2640 4049 Fiat
2666 4014 2843 4049 manus
2874 4007 2960 4049 tua
3002 4013 3153 4067 super
3187 4012 3282 4060 me,
3313 4005 3357 4050 et
3386 4013 3538 4066 super
3566 3996 3653 4049 do-

2059 4106 2196 4142 mum
2217 4088 2376 4158 patris
2397 4088 2495 4143 mei
2526 4087 2600 4156 (2.
2634 4088 2762 4159 Reg.
2794 4087 2882 4142 24.
2916 4088 3026 4157 17).
3062 4086 3221 4142 Vides
3248 4086 3443 4142 iterum
3463 4084 3656 4140 similia

2060 4181 2323 4250 pratclare
2366 4179 2504 4235 facta
2523 4182 2548 4232 ‘t
2577 4180 2656 4233 vis
2683 4190 2737 4234 et
2764 4180 2927 4233 alium
2974 4179 3067 4233 tibi
3096 4179 3371 4234 ostendam
3418 4177 3554 4233 idem
3584 4178 3657 4232 fa-

2060 4271 2339 4326 cientem?
2368 4268 2581 4326 Saniuel
2614 4270 2870 4340 propheta
2903 4287 2931 4324 a
2959 4270 3157 4326 Judasis
3187 4270 3377 4338 injuria
3408 4271 3653 4335 allectus,

2061 4372 2422 4432 contemptus,
2454 4363 2709 4431 rejectus,
2742 4372 2794 4416 et
2825 4372 2969 4417 tanta
2998 4363 3282 4432 ignominia
3313 4373 3524 4417 notatus
3550 4373 3653 4424 est,

2061 4464 2120 4508 ut
2147 4454 2286 4508 Dcus
2316 4454 2429 4524 ipse
2459 4454 2508 4508 ei
2556 4452 2755 4523 aliquid
2784 4453 3162 4507 consolationis
3191 4452 3382 4507 allerre
3407 4452 3654 4506 voluerit.

2062 4547 2377 4611 Attendite.
2429 4562 2564 4611 oro,
2619 4547 2920 4615 diligenter.
2977 4547 3122 4602 Dixit
3182 4545 3325 4601 enim
3391 4546 3459 4601 ad
3508 4546 3656 4601 illum

2064 4638 2204 4693 Deus
2249 4654 2262 4690 :
2315 4634 2437 4690 Non
2484 4647 2530 4690 te
2576 4639 2885 4708 abjecerunt,
2927 4636 3014 4692 sed
3060 4653 3139 4692 me
3186 4636 3286 4701 (1.·
3309 4635 3438 4708 Reg.
3471 4636 3524 4692 8.
3575 4635 3651 4702 7).

2064 4728 2199 4795 Quid
2256 4727 2416 4798 igitur
2463 4728 2589 4792 ille,
2644 4727 2769 4798 quid
2820 4728 3050 4796 rejectus
3095 4726 3301 4791 fuerat,
3351 4726 3654 4791 dedecore,

2064 4833 2370 4894 contemptu
2399 4864 2414 4888 ,
2462 4833 2515 4877 et
2562 4822 2753 4892 injuria
2804 4821 3063 4877 allectus?
3110 4819 3246 4874 Audi
3295 4820 3420 4889 quid
3472 4818 3653 4874 dicat:

2064 4913 2205 4967 Absit
2231 4923 2400 4965 autem
2429 4929 2459 4964 a
2480 4928 2559 4965 me
2590 4913 2686 4965 hoc
2716 4920 2976 4981 peccatum
2997 4911 3049 4964 in
3075 4908 3369 4974 Dominum,
3403 4921 3455 4963 ut
3475 4926 3659 4963 cessem

2065 5021 2211 5059 orare
2238 5020 2328 5074 pro
2353 5004 2489 5057 vobis
2515 5006 2593 5071 (1.
2631 5002 2757 5071 Reg.
2782 5002 2869 5056 12.
2898 5001 2990 5071 25)
3020 5020 3033 5055 :
3066 5012 3344 5072 peccatum
3370 5003 3661 5057 arbitratus

2065 5107 2147 5153 est
2174 5113 2277 5152 non
2309 5112 2464 5151 orare
2493 5112 2588 5164 pro
2615 5095 2861 5149 inimicis.
2909 5095 3061 5149 Absit
3086 5112 3115 5149 a
3144 5111 3257 5157 me.
3291 5096 3479 5165 inquit,
3509 5106 3565 5149 ut
3589 5096 3658 5148 ita

2066 5205 2281 5261 peccem
2305 5230 2318 5255 ,
2353 5197 2410 5241 ut
2436 5187 2674 5241 desinam
2706 5203 2801 5255 pro
2827 5186 2978 5240 vobis
3001 5201 3178 5241 orare.
3207 5186 3369 5242 Vides
3392 5187 3659 5256 quomodo

2066 5281 2292 5351 quilibet
2314 5296 2377 5334 ex
2402 5278 2562 5348 justis
2589 5278 2746 5346 hujus
2778 5278 3033 5348 praeclare
3066 5277 3189 5333 facti
3221 5279 3542 5348 singularem
3568 5294 3658 5333 cu-

2067 5389 2180 5427 rant
2204 5371 2472 5436 habuerit,
2502 5370 2709 5424 Domini
2733 5370 2965 5439 vestigiis
2987 5369 3278 5424 insistens?
3307 5370 3661 5423 ltcsumamus

2067 5465 2226 5534 igitur
2250 5463 2316 5517 de
2344 5463 2550 5532 integro
2575 5478 2694 5532 qua:
2723 5461 2866 5517 dicta
2893 5473 3035 5516 sunt.
3072 5462 3327 5517 Dominus
3351 5461 3456 5516 ait:
3481 5461 3654 5520 Pater.

2070 5555 2260 5608 dimitte
2282 5554 2384 5607 illis
2406 5554 2500 5607 hoc
2526 5566 2785 5620 peccatum
2803 5568 2822 5606 :
2842 5568 2941 5606 non
2962 5553 3093 5605 enim
3112 5552 3294 5615 sciunt,
3317 5552 3441 5613 quid
3466 5552 3659 5623 faciunt

2068 5644 2220 5715 (Luc.
2246 5644 2337 5699 25.
2370 5645 2483 5713 54).
2500 5643 2801 5714 Stephanus
2827 5644 2991 5699 dixit:
3016 5642 3250 5709 Domine,
3270 5659 3332 5698 ne
3346 5653 3536 5701 statuas
3554 5643 3658 5697 illis

2067 5738 2160 5789 hoc
2195 5748 2451 5805 peccatum
2482 5735 2618 5806 (Act.
2648 5736 2702 5791 7.
2732 5736 2850 5806 59).
2900 5735 3096 5791 Paulus
3119 5738 3329 5793 dicebat
3358 5737 3657 5808 :~0ptubam

2069 5826 2338 5881 auat/tenta
2384 5842 2489 5883 esse
2531 5842 2562 5880 a
2608 5824 2807 5883 Christo
2849 5842 2942 5896 pro
2977 5827 3217 5899 fratribus
3262 5827 3403 5895 meis,
3432 5827 3661 5899 cognatis

3237 5919 3315 5979 ‘26
