4494 6734
1443 730 2643 938 ἶῖῖωῐῖιΐὶε

1170 1137 1295 1207 ΙΝ
1367 1133 1876 1206 VIGINTI
1952 1132 2109 1201 ET
2185 1131 2542 1202 UNAM
2617 1131 3253 1205 IIOMILIAS

1334 1348 1425 1403 AD
1464 1345 1781 1403 POPULUII
1820 1345 2303 1403 ANTIOCIIENUM
2342 1347 2429 1401 DE
2466 1345 2766 1404 STATL'IS.

1857 1554 2220 1608 «owe

504 1764 677 1823 Inter
706 1780 781 1825 ea
811 1781 952 1840 quin
980 1764 1244 1824 Joannis
1279 1763 1713 1842 Chrysostomi
1743 1760 2499 1842 temporegacciderunt,
2548 1761 2703 1842 nil_ii_l
2747 1763 3223 1842 memorabilius
3274 1764 3378 1824 illa
3430 1768 3669 1825 Antio-

412 1842 757 1902 chenorum
793 1843 1133 1911 seditione,
1167 1859 1327 1917 qua,
1382 1840 1639 1918 d'ejectis
1685 1840 2024 1899 Theodosii
2060 1840 2471 1918 Imperatoris
2505 1844 2565 1897 et
2615 1840 2891 1918 Flacilla:
2940 1840 3076 1917 ejus
3128 1844 3350 1901 uxoris
3401 1847 3664 1915 statuis,

414 1920 765 1996 iisdemque
794 1938 913 1997 per
935 1922 1157 1977 urbem
1189 1916 1494 1994 ’raptatis,
1524 1919 1951 1997 Theodosium
1982 1918 2066 1997 ita
2112 1917 2619 1997 exacerbarunt,
2652 1922 2724 1976 ut
2751 1916 2827 1978 de
2858 1916 3016 1978 urbe
3059 1918 3325 1980 delenda
3371 1924 3452 1980 sit
3482 1925 3664 1997 cogi-

411 2004 637 2056 talum.
661 1993 827 2056 mea
892 1996 1008 2075 fuit
1050 1993 1503 2075 Chrysostomo
1533 2000 1753 2051 nostro
1784 1996 1859 2052 ad
1889 1994 2304 2075 concionandi
2358 1993 2723 2075 facultatem
2761 1997 3184 2057 exercendam
3216 1999 3429 2075 ampla
3468 1993 3672 2060 male-

412 2076 562 2134 ries.
617 2074 1025 2133 Antiochenis
1064 2070 1510 2151 quippeinter
1557 2088 1733 2146 spem
1782 2077 2122 2151 ct__metuiu
2164 2070 2645 2151 ﬂuctuantibus,
2677 2073 2831 2151 dum,
2859 2076 3173 2151 repentini
3208 2070 3396 2136 casus
3435 2094 3669 2137 novam

412 2152 1044 2231 inexspeciatamque
1091 2149 1373 2223 quotidie
1428 2154 1531 2207 vel
1594 2148 1937 2231 sperandi,
1980 2148 2081 2231 vel
2132 2149 2390 2231 timendi
2444 2166 2705 2209 causam
2747 2148 3087 2223 oﬂerrcnt,
3134 2154 3491 2231 imparatus
3538 2154 3668 2215 fere

416 2226 667 2305 semper
704 2228 1241 2308 Chrysostouius,
1288 2232 1623 2308 proutures
1656 2243 1796 2285 sese
1838 2226 2073 2308 dabant
2099 2269 2114 2295 ,
2166 2226 2399 2308 stylum
2445 2231 2693 2308 vertere
2737 2236 3033 2308 coactus,
3070 2249 3152 2289 ex
3200 2226 3487 2308 tempore
3528 2233 3672 2292 illas

411 2303 1028 2368 admiratione'certe
1047 2305 1278 2386 dignas
1309 2305 1602 2364 liomilias
1627 2305 2081 2386 pronuntiabat
2106 2304 2341 2386 :_r_nodo
2367 2308 2437 2386 ut
2468 2303 2531 2363 in
2576 2305 2934 2386 calamitate
2966 2303 3675 2386 versantenfpopulum

414 2386 887 2455 consolaretur;
918 2384 1105 2464 modo
1135 2388 1201 2464 ut
1246 2382 1476 2464 fractos
1509 2383 1772 2464 periculi
1828 2382 2264 2464 magnitudine
2307 2382 2555 2464 animos
2592 2383 3035 2464 conﬁrmaret;
3068 2392 3201 2445 tum
3260 2382 3577 2464 praecipue
3607 2394 3678 2447 ut

413 2464 751 2523 occasione
801 2462 1267 2541 imminentium
1327 2462 1644 2541 malorum
1698 2461 2127 2541 Antiochenos
2158 2460 2236 2541 ad
2276 2461 2429 2520 vitia
2471 2461 2883 2541 corrigenda,
2919 2460 3319 2541 cluendaque
3366 2460 3674 2535 eri—mina,

414 2559 558 2616 quae
588 2546 829 2599 tantam
877 2540 989 2599 Dei
1022 2540 1183 2619 iram
1227 2539 1692 2619 accenderant,
1724 2539 2139 2619 _monitorum
2194 2537 2555 2615 frequentia
2604 2537 2989 2601 deduceret:
3031 2542 3142 2619 qui
3183 2537 3354 2603 certe
3403 2552 3674 2604 conatus

412 2615 866 2696 Chrysostomo
900 2618 1089 2677 cessit
1116 2635 1197 2676 ex
1229 2623 1400 2687 voto,
1423 2622 1495 2676 ut
1542 2617 1648 2675 ille
1680 2617 1913 2676 alicubi
1946 2615 2201 2675 fatetur.

494 2720 712 2779 Tantas
764 2736 915 2777 vero
969 2717 1294 2777 seditionis
1350 2734 1549 2777 causa
1577 2718 1735 2786 fuit,
1772 2720 1931 2775 teste
1968 2716 2258 2795 Zosimo,
2288 2716 2511 2795 nimia
2541 2716 2924 2795 tributorum
2952 2762 2968 2789 ,
3013 2736 3157 2795 quas
3186 2720 3471 2795 quotidie
3509 2739 3679 2782 nova

417 2799 971 2877 excogitabantur,
1004 2798 1293 2877 exactio,
1329 2797 1462 2877 sive
1494 2813 1608 2873 pro
1635 2796 2021 2877 cqehritate‘
2043 2794 2249 2877 quinti
2282 2794 2524 2877 initi‘ab
2554 2794 2823 2877 Arcadio
2854 2794 3045 2877 anni,
3068 2794 3313 2877 exque
3343 2801 3673 2877 Augustus

413 2872 1111 2955 proniulgatus__fuerat,
1146 2880 1212 2955 et_
1231 2875 1460 2955 decimi
1498 2879 1647 2933 anni
1686 2872 2022 2932 Theodosii
2046 2872 2477 2955 Imperatoris
2510 2872 2621 2955 qui
2648 2888 2819 2955 anno
2847 2873 2963 2932 388
2987 2875 3352 2952 incipiebat,
3393 2872 3527 2937 sive
3559 2896 3676 2955 pro

417 2951 730 3030 apparatu
760 2953 904 3013 belli
937 2961 1158 3013 contra
1191 2952 1543 3010 Maximum
1576 2958 1917 3029 tyrannum
1940 2997 1955 3023 ,
2007 2951 2157 3030 sive
2191 2952 2649 3030 progambabus
2698 2952 2971 3030 aliisque
3016 2951 3206 3011 etiam
3244 2956 3515 3030 publicis
3550 2951 3676 3017 ne-

416 3028 845 3091 cessitatibus.
880 3030 1127 3090 Tributi
1159 3048 1355 3089 onere
1387 3028 1661 3105 perculsi
1690 3028 2276 3109 Antiocheni‘cives
2308 3028 2673 3109 Praefectum
2706 3029 2964 3101 adeunt,
2997 3031 3037 3088 ii
3069 3028 3309 3091 scilicet
3335 3035 3445 3109 qui
3481 3037 3676 3096 urha-

416 3112 614 3169 nioris
654 3117 817 3189 nota;
862 3113 1080 3189 erant,
1116 3114 1176 3166 et
1224 3109 1651 3189 lacrymantes
1680 3108 1946 3185 vectigal
1989 3106 2294 3189 indictum
2334 3106 2601 3189 nimium
2628 3114 3032 3189 queruntur;
3066 3110 3177 3169 Dei
3212 3106 3398 3189 opem
3436 3112 3679 3189 implo—

415 3196 583 3247 rant.
615 3188 983 3263 Deindeque
1014 3184 1669 3245 circumforaneorum
1694 3192 1754 3244 et
1784 3184 2151 3244 exterorum
2179 3184 2511 3263 hominum
2543 3201 2622 3243 ex
2654 3184 2869 3263 infima
2901 3187 3083 3262 plebe
3114 3184 3677 3259 turba,commotis

416 3268 678 3333 animis,
712 3266 776 3323 in
833 3265 1116 3323 facinora
1165 3270 1509 3340 erumpunt
1560 3283 1573 3317 :
1614 3264 1821 3340 primo
1864 3264 1928 3321 in
1980 3263 2239 3342 publico
2270 3262 2503 3342 balneo
2534 3262 2751 3342 omnia
2781 3280 2889 3323 sus
2930 3264 3133 3341 deque
3185 3272 3481 3342 ponunt;
3526 3267 3677 3329 hinc

416 3345 691 3403 Praefecti
736 3343 993 3400 domum
1024 3342 1260 3401 adeunt
1287 3385 1302 3411 ,
1335 3342 1653 3401 cancellos
1690 3343 2055 3419 januasque
2104 3340 2460 3419 invadunt;
2490 3340 2727 3419 vixque
2755 3342 3009 3419 coerciti
3040 3344 3167 3402 alio
3189 3340 3475 3405 furorem
3507 3364 3676 3405 con—

416 3428 704 3489 vertunt,
732 3421 1633 3500 depictasquelmperatorum
1667 3418 1930 3500 tabellas
1960 3418 2275 3500 lapidibus
2307 3418 2989 3500 imp_etunt,fted_antet
3020 3420 3435 3500 labefactant;
3468 3424 3674 3500 ipsos-

416 3518 541 3575 que
574 3503 898 3578 Augustos
936 3498 1287 3578 maledictis
1321 3504 1381 3557 et
1434 3498 1741 3578 conviciis
1774 3504 2091 3578 onerant:
2127 3497 2381 3578 demum
2426 3496 2837 3578 Imperatoris
2882 3498 3219 3578 Theodosii
3269 3496 3678 3578 Flacillieque

415 3578 553 3654 ejus
584 3575 805 3636 uxOris
830 3577 961 3653 jam
989 3576 1298 3636 defuncta;
1332 3580 1577 3636 statuas
1609 3575 1945 3654 dejiciunt,
1980 3580 2042 3635 et
2072 3593 2185 3652 per
2216 3575 2388 3633 vicos
2421 3575 2593 3633 urbis
2627 3579 2914 3650 raptant;
2939 3576 3199 3652 jamque
3222 3579 3405 3653 plura
3439 3575 3675 3641 inferre

417 3653 648 3715 damna
693 3659 1053 3730 carperant,
1088 3673 1231 3714 cum
1268 3654 1553 3714 immissa
1595 3670 1631 3712 a
1663 3653 1961 3713 Praefecto
1990 3654 2471 3731 sagittariorum
2504 3669 2697 3711 manu
2732 3655 2989 3712 coerciti
3026 3661 3195 3715 sunt.
3226 3656 3326 3715 Sic
3360 3659 3679 3719 exstincta

415 3733 722 3793 seditione
746 3779 760 3803 ,
794 3733 993 3791 furori
1028 3734 1215 3811 timor
1247 3732 1579 3811 successit,
1607 3737 1801 3811 atque
1830 3732 2220 3811 imminentis
2277 3747 2479 3811 pana:
2519 3733 2913 3811 exspectatio
2948 3735 3201 3811 onerosi
3236 3736 3513 3811 impositi
3556 3755 3679 3796 ve—

418 3812 663 3887 ctigalis
692 3812 1076 3871 oblivionem
1116 3810 1395 3887 induxit.
1423 3810 1585 3881 Quid
1632 3808 1776 3867 inde
1813 3809 1895 3867 sit
1930 3808 2602 3887 consequutum_infra
2635 3811 3005 3867 narrabitur
3032 3810 3095 3869 in
3128 3808 3501 3874 recensione
3530 3815 3677 3873 IIo-

416 3884 760 3947 miliarum.
804 3889 945 3946 Jam
987 3888 1061 3946 de
1092 3904 1264 3946 anno
1298 3886 1625 3946 seditionis
1650 3930 1665 3956 ,
1693 3903 1823 3963 quo
1856 3887 1951 3946 ὴω
1978 3891 2129 3946 sunt
2154 3886 2387 3945 habitae
2414 3884 2690 3945 homiliaa
2711 3930 2726 3956 ,
2759 3887 2999 3963 aliquid
3032 3888 3396 3949 dicendum.

493 3990 686 4047 Missa
718 3987 1052 4047 Sozomeni
1082 3993 1143 4047 et
1171 3986 1549 4046 Theodoreti
1598 3986 2003 4056 narratione,
2035 4003 2117 4044 ex
2146 3985 2383 4061 quibus
2422 3988 2561 4060 post
2598 3984 2833 4045 bellum
2881 3993 3105 4047 contra
3134 3988 3490 4049 Maximum
3538 3992 3673 4054 lucc

419 4067 639 4127 seditio
666 4072 728 4125 et
762 4067 1100 4145 conciones
1152 4065 1707 4145 sccundumiillam
1742 4065 1975 4145 habitas
2005 4063 2362 4145 statuendze
2378 4068 2591 4122 essent
2619 4082 2636 4145 ξ
2668 4082 2751 4122 ex
2784 4066 2955 4145 notis
2978 4068 3281 4145 temporis
3312 4068 3498 4145 longe
3533 4088 3673 4130 cer-

417 4144 684 4204 tioribus
713 4187 729 4211 ,
762 4148 908 4202 ante
942 4144 1176 4201 bellum
1207 4150 1427 4203 contra
1460 4144 1812 4202 Maximum
1842 4143 1977 4202 haec
2011 4141 2318 4221 accidisse
2340 4139 2473 4217 jam
2500 4142 2856 4221 probarunt
2899 4142 3017 4221 viri
3063 4139 3224 4203 docti
3273 4151 3334 4204 et
3378 4139 3671 4221 pluribus

417 4222 689 4282 asseruit
718 4222 1159 4279 Tillemontius
1187 4223 1248 4279 in
1274 4227 1421 4281 nota
1450 4222 1526 4279 27
1548 4222 1623 4282 ad
1652 4222 1861 4280 Vitam
1883 4220 2220 4279 Theodosii
2250 4219 2685 4299 Imperatoris.
2734 4219 3208 4281 Validissimum
3245 4219 3438 4299 porro
3456 4225 3679 4283 adver-

417 4319 525 4361 sus
570 4300 846 4375 priorem
880 4300 1053 4357 illam
1086 4302 1465 4359 sententiam
1496 4300 1742 4360 eruitur
1770 4304 2216 4375 argumentum
2246 4314 2325 4355 ex
2359 4296 2507 4377 ipsis
2540 4296 2975 4373 Chrysostomi
3004 4296 3375 4377 verbisfqui
3411 4302 3676 4363 homilia

417 4373 659 4438 decima
690 4381 893 4443 sexta,
924 4394 1190 4435 numero
1216 4378 1275 4448 2,
1306 4378 1677 4438 testificatur
1701 4373 1872 4454 hunc
1892 4393 2133 4454 annum
2164 4373 2509 4432 secundum
2532 4391 2777 4454 esseex
2801 4392 2930 4454 quo
2953 4373 3321 4454 concionari
3356 4390 3630 4454 cmperat
3657 4400 3671 4436 :

418 4456 603 4533 cmpit
627 4460 840 4533 autem
862 4472 1004 4512 cum
1020 4456 1291 4530 primum
1318 4458 1649 4533 presbyter
1670 4453 2001 4533 ordinatus
2025 4452 2141 4533 fuit
2157 4467 2330 4510 anno
2354 4456 2635 4511 vertente
2660 4452 2799 4533 385,
2825 4453 2922 4533 vel
2946 4453 3205 4533 ineunte
3222 4452 3679 4526 386.0u‘amoh-

424 4529 554 4597 rem
634 4533 728 4591 vel
760 4532 821 4588 in
854 4529 1095 4590 annum
1127 4533 1244 4591 388
1274 4529 1370 4593 hic
1405 4529 1743 4593 conciones
1787 4529 2185 4610 conferenda:
2223 4534 2425 4610 _sunt_,_
2450 4534 2562 4610 aut
2591 4532 2802 4606 potius
2834 4531 2897 4590 in
2936 4531 3074 4591 387.
3116 4534 3236 4592 Pro
3272 4538 3483 4610 priore
3520 4554 3678 4594 sen-

419 4613 613 4670 tentia
645 4614 768 4669 stat
797 4610 1109 4669 Baronius
1131 4656 1145 4681 ,
1176 4618 1237 4670 ct
1267 4619 1404 4688 post
1434 4630 1576 4670 eum
1610 4609 1905 4688 Petavius
1938 4612 2001 4667 et
2038 4607 2707 4688 HenricusValesius,
2736 4609 2846 4686 qui
2878 4610 3017 4669 ideo
3049 4611 3112 4669 in
3149 4607 3388 4671 ann—um
3420 4612 3538 4671 388
3567 4630 3676 4673 eas

418 4689 787 4765 conjiciunt,
817 4689 968 4762 quia
1003 4689 1111 4746 illo
1143 4686 1312 4748 anno
1346 4690 1687 4765 incipiebat
1716 4687 2000 4746 decimus
2032 4687 2277 4765 imperii
2311 4686 2647 4745 Theodosii
2676 4730 2692 4755 ,
2725 4688 2802 4747 ad
2851 4690 3033 4765 cujus
3082 4690 3514 4749 celebritatem
3563 4691 3677 4749 in-

419 4764 673 4826 ductum
732 4765 846 4823 fuit
888 4767 1198 4825 tributum
1259 4785 1453 4843 supra
1482 4764 1489 4765 7
1518 4771 1941 4823 memoratum
1978 4784 1991 4821 :
2028 4764 2197 4843 quod
2244 4769 2455 4823 autem
2488 4783 2565 4823 ex
2597 4766 2862 4824 Lilianio
2889 4764 3153 4825 affertur
3181 4768 3256 4825 ad
3290 4768 3464 4826 illam
3491 4774 3677 4826 tuen-

418 4855 562 4902 dam
608 4845 1012 4913 sententiam,
1041 4842 1407 4904 intricatum
1440 4844 1703 4902 omnino
1734 4850 1829 4903 est
1855 4888 1869 4911 ,
1904 4849 1965 4901 ct
1996 4842 2071 4901 ad
2100 4843 2409 4901 utramvis
2444 4844 2821 4901 sententiam
2868 4850 3069 4920 potest
3101 4844 3487 4920 detorqueri.
3520 4846 3680 4905 Cer-

422 4927 643 4981 tiorem
690 4939 882 4996 porro
920 4924 1015 4981 liis
1059 4926 1359 4983 omnibus
1395 4930 1611 4981 notam
1649 4924 1935 4981 eruimus
1969 4939 2049 4978 ex
2096 4938 2213 4990 eo,
2259 4920 2431 4995 quod
2480 4920 2875 4998 Theodosius
2924 4922 3279 4998 Imperator
3326 4924 3678 4983 certissimo

419 5001 969 5073 Constantinopoli
1003 5006 1169 5059 esset
1204 5020 1317 5078 per
1347 5002 1619 5061 hiemem
1654 5007 1715 5059 et
1743 4999 2308 5078 Quadragesimam
2336 4998 2485 5078 anni
2519 4996 2674 5078 387,
2699 5017 2828 5074 quo
2863 4996 3053 5059 etiam
3098 5017 3269 5059 anno
3301 5002 3673 5059 seditionem

420 5078 759 5155 contigisse
784 5083 1034 5152 Oportet
1062 5098 1074 5134 :
1108 5075 1255 5137 nam
1284 5085 1564 5156 tempore
1590 5079 1917 5139 seditionis
1942 5079 2127 5136 etiam
2156 5075 2705 5156 constantinopoli
2734 5078 3083 5137 certissime
3110 5078 3409 5155 degebat;
3445 5087 3674 5141 contra

421 5154 631 5216 autem
664 5172 835 5235 an_no
863 5157 1152 5231 sequenti
1205 5158 1321 5218 hac
1351 5154 1491 5235 ipsa
1534 5164 1909 5233 tempestate
1950 5154 2435 5235 A'l'hessalonicze
2486 5154 3267 5235 Imperatoriversabatur.
3302 5156 3478 5235 Quod
3525 5174 3675 5216 vero

423 5242 643 5294 contra
673 5232 937 5292 allertur
967 5252 1048 5293 ex
1088 5232 1515 5296 celebratione
1547 5232 1697 5296 anni
1739 5233 1961 5294 decimi
1996 5232 2361 5297 Theodosii,
2395 5233 2504 5307 qui
2539 5250 2712 5291 anno
2760 5234 2876 5292 388
2912 5235 3289 5308 incipiebat,
3326 5234 3477 5291 illud
3500 5278 3515 5303 ,
3565 5237 3677 5293 in-

420 5331 637 5390 quam,
677 5312 856 5370 nihili
889 5318 1015 5383 est,
1047 5330 1191 5371 cum
1222 5322 1464 5373 certum
1508 5317 1587 5375 sit
1621 5333 1702 5374 ex
1732 5314 1937 5373 Fastis
1970 5311 2148 5369 Idatii
2187 5316 2249 5390 et
2303 5311 2680 5377 Marcellini.
2703 5312 2911 5387 ipsum
2945 5311 3093 5371 anni
3140 5310 3363 5370 decimi
3415 5313 3672 5388 Imperii

422 5389 519 5452 s'ui
578 5390 1005 5470 celebritatem
1057 5408 1189 5450 uno
1240 5409 1411 5451 anno
1465 5395 1880 5470 praevenisse,
1934 5396 2004 5448 ut
2038 5407 2181 5447 cum
2220 5389 2348 5448 lilio
2398 5390 2875 5470 _suo_Arcadio,
2917 5391 3026 5470 qui
3063 5405 3351 5470 _annuni_
3380 5392 3678 5465 quintum

423 5468 673 5546 Imperii
730 5468 794 5526 in
839 5468 951 5528 387
991 5471 1228 5540 inibat,
1259 5489 1391 5533 una
1420 5467 1732 5532 decimum
1759 5468 2673 5543 celebraret,quemadmodum
2718 5473 2778 5527 et
2815 5467 3245 5527 Maximianus
3298 5467 3636 5528 Herculius
3661 5513 3675 5541 ,

423 5568 564 5611 cum
616 5564 858 5606 annum
907 5548 1219 5607 decimum
1268 5555 1563 5610 octavum
1612 5554 1857 5609 tantum
1898 5547 2153 5624 Imperii
2197 5553 2444 5625 ageret,
2479 5562 2605 5625 una
2646 5563 2789 5625 cum
2835 5546 3257 5616 Diocletiano,
3289 5546 3397 5624 qui
3436 5547 3680 5625 vigesi-

424 5645 595 5688 mum
635 5626 893 5703 agebat,
927 5627 1304 5705 vigesimum
1335 5629 1697 5690 celebravit.
1732 5627 1821 5685 De
1852 5625 1971 5687 hac
1998 5623 2066 5686 re
2102 5623 2314 5685 autem
2348 5624 2637 5701 pluribus
2681 5624 2744 5683 in
2776 5624 2916 5686 Vita
2946 5626 3143 5686 sancti
3176 5624 3439 5686 Joannis
3465 5623 3679 5703 Chrya-

426 5706 711 5768 sostomi.

505 5811 644 5871 Alia
686 5824 831 5869 vero
864 5824 989 5866 non
1026 5808 1235 5870 minor
1270 5808 1560 5871 oboritur
1587 5805 1959 5881 difﬁcultas,
1992 5804 2066 5865 de
2093 5821 2220 5886 qua
2243 5804 2375 5884 jam
2412 5804 2474 5864 in
2503 5803 2744 5864 Monito
2800 5801 2871 5865 ad
2926 5802 3221 5865 homilias
3275 5806 3490 5862 contra
3542 5800 3656 5857 Ju-

743 5905 1013 5965 PA‘nmL.
1063 5908 1177 5968 Gn.
1225 5914 1450 5974 XLIX.
2660 5902 2663 5903 ί
3301 5902 3326 5957 ¹
