4494 6668
469 411 531 465 Π
1443 412 1530 466 AD
1569 409 1888 465 POI‘ULUM
1931 410 2421 468 ANTIOCHENUM
2487 411 2716 471 llOMlL.
2763 415 2800 471 Ι.
3669 418 3736 471 18

464 524 542 576 eia
569 537 680 586 eos,
706 524 793 593 qui
827 534 1056 580 mentem
1083 523 1356 587 adhibent,
1379 523 1587 578 diabolo
1612 514 2044 588 inevpngnabiles

464 613 674 682 reddit;
703 625 758 671 et
783 627 1050 684 tamquam
1078 615 1194 685 lyra
1222 629 1430 670 rursum
1459 614 1620 668 multa
1648 626 1770 666 eum
1797 605 2046 676 jucundi-

465 715 570 761 tate
595 707 888 768 delectans,
917 705 1264 759 absurdarum
1293 706 1507 761 morbos
1550 701 1930 772 cogitationum
1955 711 2045 748 so-

466 803 560 868 pit,
595 816 656 854 ae
686 799 904 852 multam
935 813 1054 851 eum
1099 799 1366 868 voluptate
1393 799 1545 854 nobis
1570 797 1724 850 aﬂ'ert
1749 793 2046 845 utilitatem.

463 893 599 947 Audi
635 892 700 944 tis
748 891 905 959 igitur
951 891 1108 944 hodie
1137 891 1201 946 de
1232 893 1411 947 multis
1450 902 1501 944 et
1548 885 1864 943 necessariis
1892 883 2053 938 rebus

467 980 750 1035 Timotheo
791 980 1185 1035 disserentem?
1216 984 1422 1037 Etenim
1451 982 1516 1034 de
1545 974 1964 1032 ordinationibus
1987 970 2054 1025 ad

465 1073 636 1138 ips-um
666 1071 898 1138 scripsit,
927 1071 1110 1126 dicens
1141 1091 1154 1127 :
1185 1073 1366 1125 Munus
1395 1074 1492 1126 cito
1523 1069 1706 1122 nemini
1731 1063 2050 1135 imposueris,

464 1179 622 1229 nt'qtte
645 1165 1081 1217 contmmtiraveris
1111 1168 1322 1234 peccatis
1343 1165 1519 1216 alienis
1553 1163 1622 1232 I.
1669 1159 1802 1214 Tim.
1834 1159 1886 1211 5.
1921 1155 2051 1220 2:2):

469 1265 520 1305 et
549 1253 880 1307 intolerabile
909 1255 1024 1308 talis
1073 1255 1519 1324 praevaricationis
1561 1251 1852 1320 periculum
1886 1259 2052 1312 expo-

471 1344 595 1406 Snit,
632 1343 1003 1398 demonstrans
1024 1347 1161 1413 qttod
1190 1346 1448 1399 malorum
1480 1344 1547 1396 ab
1572 1342 1690 1394 aliis
1721 1345 2053 1406 perpetrato—

470 1449 585 1486 rum
619 1435 931 1504 Supplicium
977 1437 1061 1488 alii
1091 1453 1208 1490 cum
1239 1437 1342 1488 illis
1387 1435 1517 1502 ipsis
1546 1429 1904 1488 snslincbunt.
1935 1425 2057 1492 (ιυῖτι

466 1539 561 1593 per
609 1505 992 1580 ordinationem
1042 1527 1364 1595 improbitati
1402 1523 1682 1577 conferunt
1717 1525 2055 1588 potestatem.

469 1613 589 1666 Mox
621 1630 804 1668 rursus
851 1616 1019 1683 inquit
1048 1637 1060 1667 :
1094 1615 1221 1668 Vino
1249 1615 1444 1667 modico
1470 1627 1609 1664 utere
1639 1617 1840 1678 prapter
1871 1617 2052 1659 atoma.

467 1703 614 1754 cltum
645 1714 802 1764 tuum,
826 1714 872 1756 et
894 1705 1171 1772 frequentes
1194 1716 1305 1757 tuas
1331 1704 1648 1770 inﬁrmitates
1679 1698 1834 1767 (Ibid.
1865 1713 1915 1750 v.
1937 1696 2053 1764 ‘25).

470 1793 533 1846 lit
559 1793 623 1844 de
653 1807 930 1848 servorqu
961 1797 1308 1863 subiectione,
1340 1804 1392 1846 et
1422 1791 1488 1846 de
1516 1806 1794 1842 avarorum
1825 1787 2047 1850 insania,

467 1894 521 1936 et
546 1883 612 1936 de
639 1883 857 1937 divitum
887 1886 1218 1950 arrogantia,
1246 1896 1300 1938 et
1329 1884 1395 1937 de
1423 1882 1601 1936 multis
1632 1881 1750 1933 aliis
1777 1878 1928 1932 nobis
1956 1877 2055 1930 ho-

467 1972 554 2025 die
579 1974 848 2026 disseruit.
878 1974 1010 2028 Cum
1053 1975 1210 2043 igitur
1247 1974 1424 2026 omnia
1457 1986 1766 2039 percurrere
1810 1983 1912 2020 non
1941 1981 2061 2033 pos-

470 2063 657 2126 simus,
687 2063 811 2128 quid
844 2063 1002 2114 vultis
1029 2061 2078 2132 ecommemoratisproponeutesehari-

470 2153 562 2206 tati
594 2162 783 2206 vestrae
826 2154 1105 2207 dicamus?
1139 2153 1292 2208 Velut
1333 2155 1476 2208 enim
1517 2153 1568 2206 in
1596 2165 1747 2220 prato
1789 2149 1984 2203 multos
2007 2159 2062 2201 et

471 2243 643 2296 varios
689 2243 844 2296 video
893 2245 1132 2298 lectionis
1176 2245 1335 2298 ﬂores
1382 2253 1436 2298 et
1481 2243 1713 2312 amplum
1761 2241 2055 2304 rosarium,

473 2333 665 2385 inultas
695 2348 821 2386 vero
852 2334 1036 2398 violas,
1069 2351 1166 2388 nec
1195 2335 1438 2402 pauciora
1487 2333 1590 2386 lilia
1617 2349 1631 2397 ;
1665 2331 1756 2386 sed
1786 2347 1837 2385 et
1857 2333 2058 2385 varimu

473 2423 666 2492 ubique
708 2434 760 2478 et
787 2427 1059 2494 eopiosum
1090 2428 1308 2495 Spiritus
1347 2426 1574 2481 fructum
1615 2426 2056 2488 disseminatum,

471 2521 524 2564 et
551 2515 765 2565 multam
795 2515 974 2567 odoris
1000 2515 1314 2568 suavitatem
1347 2531 1360 2567 :
1395 2516 1500 2568 imo
1529 2530 1654 2568 vero
1693 2529 1796 2566 non
1831 2522 2060 2566 lautum-

472 2601 630 2654 modo
659 2611 884 2668 pratum,
917 2619 1100 2657 verum
1150 2603 1428 2671 paradisus
1467 2611 1548 2655 est
1572 2602 1866 2655 divinarum
1903 2601 2062 2654 lectio

472 2689 863 2758 Scripturarum
900 2711 913 2748 :
943 2711 1046 2747 non
1093 2694 1235 2747 enim
1267 2693 1609 2762 fragrantiam
1641 2693 1815 2746 solum
1868 2692 2060 2744 nudam

473 2780 669 2833 habent
697 2781 811 2848 ejus
857 2781 1034 2846 ﬂores,
1067 2784 1158 2837 sed
1187 2793 1239 2837 et
1279 2782 1546 2847 fructum,
1575 2783 1663 2851 qui
1695 2784 1927 2836 animam
1960 2799 2059 2834 nu-

475 2872 601 2924 trire
647 2874 830 2939 passit.
878 2873 1010 2940 Quid
1055 2875 1210 2943 igitur
1240 2874 1307 2928 de
1350 2874 1507 2928 dictis
1551 2873 1604 2926 in
1638 2873 1870 2926 medium
1905 2873 2060 2926 vultis

472 2975 690 3024 agamus
717 2961 914 3016 hodie?
957 2964 1114 3017 vultis
1151 2964 1288 3032 quod
1317 2965 1553 3018 ouminm
1602 2964 1912 3017 vilissimum
1941 2977 2060 3016 esse

474 3049 702 3113 videtur,
752 3062 802 3105 et
839 3052 1135 3121 quibusque
1179 3055 1447 3108 intellectu
1492 3053 1822 3119 facillimum,
1873 3052 2056 3106 hocin

475 3143 722 3206 pra-senti
748 3143 1077 3196 tractemus?
1110 3143 1230 3196 Mihi
1260 3159 1449 3212 nempe
1472 3145 1660 3213 placet,
1688 3143 1781 3198 sed
1809 3152 1862 3197 et
1884 3143 2053 3207 vobis,

475 3229 574 3283 hoc
614 3231 747 3284 bene
797 3233 938 3294 novi,
993 3235 1188 3300 pariter
1219 3235 1462 3302 placebit.
1511 3233 1646 3300 Quid
1685 3249 1811 3288 vero
1841 3234 2054 3288 tandem

472 3329 554 3371 est
595 3319 713 3372 aliis
765 3319 1011 3374 facilius?
1040 3323 1163 3390 quid
1213 3331 1389 3376 autem
1433 3323 1572 3376 aliud
1614 3339 1772 3392 quam
1823 3323 1959 3391 quod
2005 3333 2060 3376 et

475 3408 691 3461 cuilibet
735 3410 884 3462 facile
934 3420 985 3463 et
1014 3410 1156 3464 dictu
1188 3412 1629 3478 eornpendiosum
1659 3426 1777 3465 esse
1805 3411 2059 3465 videtur?

474 3499 640 3562 Quale
667 3499 878 3566 quidem
908 3499 1042 3552 istud
1066 3501 1088 3552 ?
1121 3499 1324 3554 Modico
1349 3503 1462 3553 uiuo
1489 3511 1625 3554 utere
1645 3511 1850 3570 propter
1870 3511 2059 3553 stoma-

475 3589 621 3641 rlmm
670 3599 845 3655 tuum,
885 3600 929 3641 et
977 3591 1174 3643 crebras
1224 3591 1545 3658 (egritudines
1585 3601 1717 3644 tuas.
1775 3591 1867 3644 Eia
1901 3591 2059 3658 igitur

473 3695 684 3733 omnem
734 3681 1028 3734 orationem
1103 3680 1155 3734 in
1232 3681 1369 3734 hanc
1434 3681 1801 3751 impendamus
1865 3681 2056 3735 dictio-

473 3784 616 3823 nem.

547 3881 827 3950 Scriptura:
850 3898 1008 3936 sacra?
1033 3884 1108 3936 vel
1132 3883 1352 3938 minimw
1375 3884 1627 3936 sententia:
1653 3885 1882 3952 pretiosa:
1922 3891 2057 3935 sunt.

476 3998 546 4012 -—
565 3971 862 4026 llueautem
897 3970 1118 4026 facimus
1148 3989 1252 4026 non
1275 3974 1579 4028 ambitionis
1598 3975 1786 4042 gratia,
1817 3990 1990 4043 neque
2008 3976 2060 4029 iu

474 4060 700 4114 dicendo
726 4061 991 4116 facultatis
1031 4066 1438 4118 ostentationem
1470 4065 1722 4120 exhibere
1752 4067 2059 4120 studentes:

478 4165 583 4204 non
612 4151 752 4204 enim
777 4169 894 4220 qua!
933 4154 1176 4207 dicuntur
1195 4165 1374 4206 nostra
1401 4164 1540 4214 sunt,
1572 4156 1664 4208 sed
1693 4171 1810 4223 qua:
1837 4157 2062 4222 Spiritus

477 4243 639 4312 gratia
668 4243 927 4297 afﬂaverit
954 4263 966 4296 :
997 4244 1088 4298 sed
1125 4253 1178 4296 ut
1215 4245 1483 4298 auditores
1513 4245 1591 4298 vel
1622 4246 1893 4313 segniores
1918 4246 2062 4298 exci-

481 4345 671 4400 temus,
717 4344 771 4388 et
817 4344 1045 4403 quantus
1091 4336 1158 4387 sit
1203 4335 1593 4403 Scripturarum
1648 4335 1958 4394 thesaurus,
2005 4345 2060 4389 et

475 4424 616 4493 quod
641 4441 812 4493 neque
842 4425 1065 4478 liberum
1097 4425 1162 4478 sit
1191 4441 1361 4494 neque
1407 4435 1574 4479 tutum
1619 4441 1710 4481 eas
1741 4436 2057 4495 prmtereur-

479 4529 615 4578 rere,
650 4514 1082 4582 persuadeamus.
1115 4515 1170 4568 Si
1197 4516 1337 4570 enim
1372 4516 1544 4569 tenuis
1571 4515 1684 4569 haec
1712 4526 1764 4569 et
1806 4532 2061 4585 Compen-

477 4608 624 4661 diesa
655 4607 835 4670 dictio,
863 4617 916 4660 et
941 4623 1058 4676 qua:
1102 4607 1232 4661 nihil
1264 4609 1618 4660 necessarium
1649 4609 1828 4660 multis
1865 4609 2060 4661 habere

475 4697 705 4760 videtur,
754 4697 1037 4750 multarum
1080 4713 1295 4752 causam
1343 4697 1648 4750 divitiarum
1689 4706 1744 4750 ct
1787 4698 2058 4752 altissima:

477 4787 821 4858 philosophiae
871 4787 1174 4840 occasiones
1223 4787 1378 4840 nobis
1411 4789 1648 4855 pra-bere
1697 4789 1807 4840 visa
1855 4787 2057 4852 fuerit;

475 4878 643 4933 multo
670 4879 838 4947 magis
864 4877 970 4940 illa,
1000 4893 1117 4946 qua:
1163 4887 1218 4932 et
1245 4895 1310 4932 ex
1340 4895 1399 4932 se
1428 4878 1768 4933 domesticam
1796 4887 2064 4932 ostentant

478 4973 723 5040 copiam,
765 4970 984 5023 infinitis
1031 4970 1293 5023 thesauris
1350 4972 1832 5026 animadvertentes
1876 4972 2063 5038 intlle-

477 5062 628 5115 buut.
678 5061 841 5130 lthur
884 5075 980 5114 nec
1009 5061 1124 5114 illas
1153 5061 1366 5127 quidem
1390 5103 1404 5124 ,
1452 5078 1570 5132 qum
1615 5074 1798 5117 tenues
1826 5079 1942 5116 esse
1970 5079 2063 5130 pu-

477 5163 674 5216 tantur,
699 5153 1089 5220 Scripturarnm
1113 5152 1403 5204 sententias
1420 5163 1906 5220 pra'tereurramus.
1931 5153 2060 5207 Nam

475 5254 530 5298 et
555 5245 680 5314 ipsa)
703 5243 772 5299 de
795 5244 1024 5314 Spiritus
1064 5245 1227 5314 gratia
1256 5252 1379 5297 sunt
1409 5262 1421 5296 :
1452 5243 1680 5311 Spiritus
1703 5255 1876 5300 autem
1900 5246 2062 5316 gratia

479 5443 612 5484 Ilunc
642 5441 878 5494 [ra‘terea
905 5436 1095 5486 titulum
1135 5437 1280 5485 habet
1313 5433 1511 5482 Sat-ilius
1543 5437 1650 5483 sin.n
1675 5437 1971 5487 discrimine.
1999 5447 2061 5488 Ex

477 5497 717 5557 hispurro
743 5498 904 5544 verbis
934 5498 1037 5546 luce
1070 5498 1209 5547 titulo
1247 5505 1409 5544 nostro
1436 5497 1690 5542 inserenda
1723 5500 1967 5557 duximus,
2013 5501 2064 5550 in

477 5556 639 5608 ι’(ίιὰἀ
662 5570 752 5604 seu
772 5559 929 5606 veteri
950 5560 1169 5608 ecrleaiu.
1189 5559 1294 5606 Paia
1311 5573 1336 5605 a
1361 5570 1446 5605 seu
1488 5565 1644 5620 vetus,
1675 5562 1930 5607 vocabatur
1955 5576 2066 5620 pars

479 5620 731 5667 Antiochia:
755 5620 890 5665 urbis
912 5621 970 5666 ad
993 5629 1221 5669 Orontem
1245 5621 1440 5669 ﬂuvium
1458 5620 1577 5667 sita:
1600 5619 1647 5665 iu
1671 5631 1762 5679 qua
1784 5628 1890 5668 erat
1906 5619 2066 5670 cca-le-

475 5684 546 5744 sia
570 5680 717 5744 Ijala-a
741 5680 858 5744 item
896 5679 1038 5744 dicta.
1069 5685 1312 5744 etiamque
1339 5680 1616 5742 Apostoliea,
1629 5681 1739 5744 quia
1752 5681 1812 5727 ab
1835 5683 2066 5744 apostolis

479 5740 695 5853 Langia.
722 5740 836 5790 \ide
859 5753 969 5803 qua:
993 5742 1081 5793 hac
1113 5744 1177 5794 de
1213 5740 1269 5794 re
1303 5740 1512 5794 diiimus
1551 5744 1597 5794 in
1630 5740 1746 5792 ωλι.
1793 5740 2056 5805 Athanasii,

2156 533 2441 590 numquam
2491 540 2651 594 parva
2694 535 2749 581 et
2774 527 2911 594 vilis,
2943 526 3036 582 sed
3066 542 3252 599 magna
3281 538 3335 585 et
3376 528 3657 594 mirabilis,
3687 544 3742 586 et

2154 614 2328 668 dantis
2353 617 2713 673 munificentia
2743 618 2919 690 digna.
2948 619 3026 675 Ne
3057 619 3216 690 igitur
3237 623 3407 678 otiose
3431 623 3738 688 audiamus,

2153 708 2398 774 quoniam
2417 711 2505 778 qui
2529 710 2860 766 metallorum
2884 723 3077 768 terram
3108 726 3428 784 exeoquunt,
3461 727 3738 788 postquam

2158 798 2209 851 in
2232 801 2496 854 caminum
2527 802 2694 870 ipsam
2723 804 3015 871 injeeerint,
3035 822 3139 859 non
3174 815 3374 860 tantum
3403 810 3514 861 auri
3538 825 3738 864 massas

2159 890 2366 953 tollunt,
2396 893 2488 945 sed
2528 903 2581 946 et
2625 909 2814 961 parvas
2843 894 3139 950 bracteolas
3165 897 3330 950 multa
3379 912 3498 950 cum
3543 899 3740 951 seduli-

2160 987 2264 1034 tate
2292 983 2564 1052 eollignnt.
2609 985 2868 1051 Quoniam
2902 987 3057 1055 igitur
3099 997 3152 1042 et
3183 1005 3280 1043 nos
3309 1005 3496 1042 aurum
3526 1004 3590 1042 ex
3616 1004 3744 1056 apo-

2157 1074 2356 1128 stolicis
2383 1077 2624 1131 haustum
2657 1079 2885 1131 metallis
2925 1081 3282 1150 cchquimns,
3317 1096 3421 1134 non
3471 1081 3521 1132 in
3566 1079 3748 1134 forna-

2159 1178 2274 1216 eem
2323 1165 2613 1233 jacientes,
2672 1168 2764 1222 sed
2819 1169 2871 1221 iu
2925 1169 3116 1222 animm
3161 1181 3352 1223 vestra:
3399 1171 3748 1240 cogitationes

2162 1254 2522 1319 immittcntes.
2566 1274 2670 1312 non
2717 1259 2982 1312 ﬂanunam
3031 1261 3400 1322 acoendrntcs,
3433 1260 3527 1314 St'd
3572 1262 3747 1328 ignem

2162 1348 2376 1412 Spiritus
2418 1351 2748 1416 excitantes;
2783 1368 2970 1421 parvas
2997 1353 3158 1406 etiam
3206 1352 3369 1406 micas
3415 1367 3602 1419 magna
3631 1352 3750 1406 (ΙίΙί-

2161 1440 2334 1505 gentia
2387 1441 2715 1508 colligamus.
2767 1443 2915 1496 Licet
2966 1443 3106 1497 enim
3159 1443 3321 1498 breve
3370 1444 3439 1496 Sit
3485 1441 3748 1506 verbum,

2163 1528 2326 1580 umlta
2360 1538 2532 1582 tamen
2564 1540 2646 1584 est
2693 1531 2896 1596 virtus;
2927 1535 3174 1600 quoniam
3222 1541 3276 1586 ct
3310 1548 3533 1601 gemma:
3562 1548 3665 1586 non
3698 1534 3751 1586 iu

2162 1621 2402 1689 corporis
2449 1623 2610 1688 mole,
2656 1624 2750 1678 sed
2804 1624 2857 1677 in
2905 1633 3106 1678 natura:
3154 1625 3547 1693 pulchritudine
3597 1640 3752 1679 suum

2163 1713 2389 1780 pretium
2443 1714 2458 1745 ¹
2504 1713 2722 1778 habent,
2781 1714 2858 1768 sic
2907 1724 2959 1768 et
3011 1715 3309 1768 divinarum
3360 1715 3752 1784 Scripturarum

2162 1803 2337 1856 lectio.
2372 1803 2606 1857 Externa
2627 1807 2822 1873 quippe
2850 1804 3086 1858 doctrina
3112 1805 3304 1858 multas
3329 1806 3538 1874 jactaus
3564 1819 3752 1873 nugas,

2160 1903 2213 1948 et
2230 1893 2446 1948 multam
2467 1894 2749 1949 infundens
2765 1896 3090 1950 auditoribus
3119 1895 3440 1959 futilitatem,
3459 1909 3554 1948 eos
3575 1894 3756 1947 vacuis

2163 1985 2385 2038 remittit
2414 1986 2676 2050 manibus,
2723 1986 2924 2040 nullum
2957 2001 3129 2054 neque
3157 2000 3404 2054 magnum
3439 1998 3610 2050 neque
3637 1999 3760 2050 par-

2161 2088 2287 2127 vum
2317 2074 2545 2127 lucratos
2579 2078 3013 2130 emolumentum.
3042 2077 3270 2144 Spiritus
3296 2089 3424 2128 vero
3451 2073 3622 2143 gratia
3650 2087 3756 2124 non

2164 2163 2469 2232 hujusmudi
2496 2205 2511 2227 ,
2554 2165 2650 2219 sed
2690 2167 2741 2217 in
2782 2166 3103 2219 contrarium
3149 2164 3370 2218 omnino
3415 2179 3510 2232 per
3549 2161 3756 2216 modica

2165 2253 2327 2308 verba
2356 2254 2604 2306 omnibus
2623 2253 3024 2307 advertentibus
3052 2253 3278 2321 philosol
3300 2252 3443 2305 hiant
3474 2252 3627 2304 aﬂ'ert
3659 2267 3671 2302 :
3701 2260 3756 2304 et

2165 2345 2343 2398 multis
2382 2359 2524 2412 sa-pe
2553 2345 2771 2399 verbum
2800 2361 2960 2397 unum
2992 2345 3186 2398 sufficit
3212 2345 3335 2398 hinc
3379 2344 3713 2413 excerpsisse
3736 2386 3752 2409 ,

2167 2447 2221 2491 ut
2251 2439 2411 2491 totius
2451 2438 2570 2490 vine
2601 2439 2845 2491 viaticum
2874 2437 3122 2492 habeant.

2234 2530 2288 2581 2.
2334 2529 2594 2596 Quoniam
2645 2530 2802 2596 igitur
2847 2537 2990 2581 tanta
3039 2529 3191 2581 adest
3235 2528 3408 2595 capia,
3463 2540 3560 2579 nos
3610 2525 3754 2595 ipsos

2167 2619 2479 2677 excitemus,
2514 2627 2566 2670 et
2599 2617 2738 2686 vigili
2766 2627 2946 2671 mente
2971 2633 3089 2686 qua:
3113 2618 3362 2670 dicuntur
3383 2617 3753 2683 suscipiamus:

2167 2708 2232 2759 ad
2263 2722 2504 2774 magnam
2536 2706 2677 2760 enim
2707 2705 3114 2774 profunditatem
3144 2720 3446 2760 sermonem
3474 2704 3755 2758 demittere

2168 2813 2316 2866 paro.
2362 2797 2538 2852 Multis
2566 2799 2706 2852 enim
2734 2800 2892 2852 etiam
2939 2799 3199 2866 superﬂua
3232 2807 3284 2851 et
3311 2797 3753 2866 superabundaus

2167 2903 2286 2942 esse
2326 2888 2438 2942 hasc
2471 2891 2762 2944 admonitio
2787 2890 3178 2958 quodammodo
3203 2888 3429 2951 videtur,
3461 2889 3598 2957 iique
3628 2887 3753 2940 talia

2164 2979 2350 3033 dicunt
2377 2980 2537 3034 verba
2571 2979 2722 3034 :Non
2771 2995 2868 3049 per
2913 2981 3147 3048 seipsum
3193 2987 3402 3046 poterat
3440 2977 3754 3031 Timotheus

2164 3072 2457 3140 conjicere,
2489 3087 2592 3141 qua
2623 3087 2682 3127 re
2704 3073 2775 3125 uti
2798 3079 3066 3142 oporteret
3087 3073 3130 3136 ’,
3159 3086 3344 3124 verum
3373 3084 3402 3122 a
3426 3077 3753 3138 praeceptore

2161 3164 2366 3218 discere
2406 3164 2792 3233 exspectabat?
2819 3165 2954 3228 Quid
2983 3165 3123 3232 quod
3171 3174 3467 3230 praeceptor
3496 3177 3599 3215 non
3633 3171 3754 3213 tau-

2165 3265 2273 3308 ttttu
2295 3256 2590 3324 imperavit,
2609 3255 2703 3309 sed
2731 3264 2786 3309 et
2815 3256 3002 3309 litteris
3030 3256 3271 3317 inseruit,
3301 3264 3566 3322 tamquam
3597 3269 3753 3308 terete

2164 3347 2442 3411 eolumnm,
2477 3347 2615 3400 datm
2657 3345 2724 3400 ad
2773 3347 2945 3414 ipsum
2995 3346 3232 3415 epistolze
3275 3346 3618 3414 insculpens;
3652 3360 3752 3399 nec

2166 3438 2375 3491 erubuit
2403 3437 2702 3504 huiusmodi
2731 3451 2815 3490 res
2841 3437 3118 3505 scripturae
3143 3437 3397 3490 mandare
3424 3446 3476 3491 et
3506 3435 3570 3490 ad
3602 3437 3755 3490 disci-

2168 3528 2348 3596 pulum
2377 3527 2582 3596 publice
2609 3527 2859 3596 legendas
2879 3527 3123 3581 mittere?
3147 3526 3213 3583 Ut
3239 3529 3396 3597 igitur
3416 3527 3590 3582 discas
3610 3527 3750 3596 quod

2166 3635 2274 3672 non
2317 3628 2519 3672 tantum
2553 3636 2656 3673 non
2685 3619 2943 3673 redundet
2973 3619 3280 3684 admonitio,
3327 3620 3420 3674 sed
3453 3621 3750 3674 necessaria

2162 3718 2216 3763 et
2245 3711 2521 3763 utilissima
2545 3713 2614 3763 sit
2637 3728 2650 3774 ;
2677 3720 2728 3763 et
2755 3727 2860 3764 non
2889 3725 2916 3763 a
2947 3710 3129 3773 Paulo,
3160 3711 3252 3764 sed
3282 3725 3312 3763 a
3339 3711 3567 3779 Spiritus
3586 3711 3752 3780 gratia

2165 3799 2360 3854 factum
2403 3802 2491 3863 sit,
2513 3810 2570 3855 ut
2596 3801 2695 3854 hoc
2722 3815 2826 3854 non
2849 3800 3009 3854 modo
3029 3801 3311 3865 diceretur,
3331 3801 3423 3854 sed
3435 3800 3598 3854 etiam
3614 3802 3737 3854 litte-

2167 3893 2241 3948 ris
2273 3893 2569 3948 traderetur
2597 3902 2646 3947 et
2672 3893 2738 3946 ad
2771 3909 2957 3948 omnes
2989 3903 3232 3963 posteros
3264 3908 3358 3962 per
3388 3889 3522 3945 hanc
3549 3901 3754 3959 episto-

2168 3985 2269 4038 lam
2298 3985 2573 4039 deveuiret
2592 4003 2604 4037 :
2624 3985 2688 4038 ad
2718 3985 2886 4053 ipsam
2917 4000 3035 4038 mox
3063 3985 3424 4053 probationem
3453 3984 3748 4037 veniemus.

2167 4077 2246 4131 Ad
2280 4077 2393 4130 hare
2429 4078 2570 4130 cttint
2603 4077 2669 4131 de
2693 4076 2794 4131 alia
2835 4092 3046 4146 quoque
3076 4091 3134 4131 re
3178 4091 3282 4130 non
3313 4076 3488 4129 minus
3514 4075 3758 4128 dubitant

2165 4168 2378 4236 quidam
2428 4169 2562 4221 intra
2612 4184 2671 4222 se
2721 4180 3040 4237 qua-rentes,
3074 4184 3174 4238 qua
3219 4169 3285 4221 de
3311 4183 3469 4223 causa
3515 4168 3758 4236 permisit

2165 4257 2305 4312 Deus
2337 4259 2503 4310 virum
2549 4267 2747 4312 tantam
2775 4257 3056 4312 habentem
3091 4267 3425 4327 p0testatem,
3453 4260 3606 4326 cujus
3634 4274 3756 4312 ossa

2161 4357 2214 4400 et
2259 4349 2494 4417 reliquia:
2519 4349 2791 4402 da-mones
2837 4349 3192 4416 expellerent,
3228 4351 3278 4403 iu
3311 4358 3507 4402 tantam
3539 4351 3756 4419 a-gritu-

2163 4441 2340 4494 dinem
2385 4442 2636 4496 incidere.
2688 4441 2806 4496 Non
2859 4443 2998 4496 enim
3053 4443 3242 4497 leviter
3287 4443 3612 4512 aegrotabat,
3660 4443 3753 4496 sed

2163 4535 2445 4598 continue,
2475 4535 2567 4588 sed
2599 4535 2819 4590 alternis
2849 4545 2904 4591 et
2945 4535 3159 4605 iugibus
3207 4534 3622 4593 inﬁrmitatibus.
3657 4550 3756 4588 nec

2165 4627 2440 4679 minimum
2459 4626 2671 4693 quidem
2693 4628 2862 4694 ipsum
2889 4628 3150 4694 rcSpirare
3170 4626 3579 4694 indulgentihns.
3607 4624 3758 4680 Unde

2164 4716 2264 4769 hoc
2310 4716 2691 4770 manifestum?
2720 4717 2795 4770 Ex
2839 4718 2968 4785 ipsis
3009 4717 3155 4770 Pauli
3206 4716 3400 4769 verbis.
3449 4715 3563 4768 Non
3613 4717 3753 4768 enim

2162 4808 2294 4860 dixit
2323 4825 2336 4858 :
2370 4809 2593 4876 Propter
2619 4809 3006 4877 mgritndinein,
3032 4809 3122 4861 sed
3152 4807 3372 4875 Pmptcr
3396 4809 3748 4878 a'gritudines:

2165 4913 2334 4965 neque
2364 4899 2692 4966 simpliciter,
2741 4898 2964 4966 Propter
2995 4899 3362 4964 iulirmitates,
3395 4899 3486 4954 sed
3519 4899 3750 4966 ipsarum

2164 4991 2612 5044 continuationem
2661 4989 2967 5059 significans
3014 4989 3243 5053 dicebat,
3295 4989 3600 5058 Frequentes
3639 4999 3752 5043 lttul

2164 5082 2500 5147 inﬁrmitates.
2553 5082 2784 5134 Audiant
2830 5081 2920 5151 qui
2965 5083 3216 5135 diuturno
3257 5081 3432 5135 traditi
3463 5081 3703 5150 languori
3735 5123 3751 5146 ,

2165 5189 2304 5243 a'gre
2347 5176 2524 5228 ferunt
2563 5183 2615 5228 et
2644 5175 2820 5228 animo
2850 5175 3153 5230 concidunt.
3196 5175 3308 5228 Non
3351 5175 3520 5227 solum
3570 5185 3752 5230 autem

2167 5266 2269 5320 hoc
2317 5277 2399 5320 est
2443 5267 2583 5336 quod
2635 5268 2911 5336 quarritur,
2963 5266 3100 5334 quod
3144 5281 3262 5319 cum
3309 5275 3452 5320 CSs'et
3499 5276 3751 5331 sanctus,

2167 5361 2476 5428 :rgrotabat,
2528 5367 2580 5411 et
2631 5359 2709 5412 sie
2759 5357 3061 5426 frequenter
3109 5356 3418 5426 trgrotabat,
3451 5356 3544 5410 sed
3591 5359 3753 5412 etiam

2169 5451 2307 5519 quod
2334 5451 2536 5519 publica
2563 5449 2740 5502 mundi
2764 5449 2971 5517 negotia
3003 5447 3099 5517 ipsi
3118 5456 3274 5502 erant
3293 5447 3512 5501 credita.
3531 5447 3586 5503 Si
3609 5447 3750 5501 enim

2173 5556 2306 5594 unus
2336 5548 2479 5595 esset
2506 5541 2734 5603 illorum,
2767 5541 2854 5609 qui
2887 5539 2938 5593 in
2973 5541 3233 5594 montium
3261 5539 3487 5593 vertices
3513 5552 3750 5592 secesse‘

2170 5639 2310 5695 runt,
2357 5629 2492 5684 etin
2542 5631 2828 5686 solitudine
2874 5632 3094 5687 cellulas
3137 5639 3534 5700 compegerunt,
3589 5638 3642 5684 et
3685 5629 3750 5684 aL

2233 5743 2246 5775 ¹
2286 5741 2370 5791 Alii
2395 5755 2408 5792 :
2437 5741 2648 5793 Pretium
2666 5751 2709 5793 et
2733 5744 2897 5794 decus.

2233 5807 2253 5838 ³
2288 5804 2374 5856 Alii
2398 5818 2409 5855 :
2438 5804 2700 5858 Timotheus
2724 5809 2961 5868 conjicere
2983 5809 3109 5871 quod
3135 5805 3239 5858 vino
3262 5803 3330 5856 uti
3349 5806 3549 5866 oportet.
