4494 6684
738 474 805 531 l9
1444 478 1502 537 S.
1542 479 1818 536 JOANNIS
1853 476 2337 535 CIIRYSOSTOMI
2374 475 2693 532 ARCIIIEP.
2734 472 3269 537 CONSTANTINOI’.
3948 480 4023 536 20

734 586 1041 655 hujusmodi
1058 588 1286 657 negotiis
1305 588 1532 643 alienam
1558 590 1718 643 vitam
1736 590 2030 659 elegerunt,
2057 604 2161 644 non
2184 597 2330 644 esset

736 686 842 729 tam
869 677 1085 731 dubium
1112 678 1256 747 quod
1302 680 1557 747 quaeritur
1584 696 1597 732 :
1631 679 1683 732 iu
1716 680 1949 734 medium
1980 694 2107 733 vero
2134 693 2326 747 prove-

734 778 900 831 ctum,
931 776 987 821 et
1017 777 1095 821 tot
1124 767 1483 823 Ecclesiarum
1502 782 1658 823 curas
1680 769 1964 825 habentem
1992 769 2244 832 creditas,
2274 777 2329 822 et

736 860 894 909 urbes
925 868 1064 911 tutas
1094 867 1149 912 et
1177 870 1364 929 gentes
1392 869 1445 913 et
1485 870 1655 913 totum
1685 871 1947 915 terrarum
1974 860 2156 913 orbem
2182 869 2327 913 tanta

733 962 857 1000 eum
902 948 1187 1003 sedulitate
1214 958 1266 1003 et
1291 949 1466 1004 studio
1491 950 1971 1009 administrantem.
2004 949 2330 1004 inﬁrmitatis

736 1040 1043 1094 necessitati
1077 1040 1326 1095 traditum
1370 1057 1512 1109 esse,
1543 1042 1646 1099 hoc
1671 1054 1749 1099 est
1779 1044 1920 1113 quod
1947 1045 2179 1097 maxime
2221 1057 2329 1097 non

735 1130 1248 1185 animadvertentem
1287 1134 1506 1186 omnino
1537 1134 1588 1187 in
1616 1144 1886 1203 stuporem
1931 1148 2089 1201 agere
2130 1142 2328 1201 potest.

740 1220 854 1275 Etsi
882 1223 1024 1275 enim
1054 1238 1159 1275 non
1190 1233 1408 1292 propter
1428 1239 1505 1288 se,
1533 1225 1722 1278 saltem
1751 1233 1966 1292 propter
1994 1223 2129 1277 alios
2157 1223 2330 1293 ipsum

739 1313 919 1368 valere
946 1315 1245 1383 oportebat.
1276 1314 1567 1383 Imperator
1592 1324 1709 1370 erat
1728 1317 1960 1384 optimus
1992 1335 2007 1369 :
2039 1314 2235 1370 bellum
2265 1316 2332 1369 ab

738 1419 804 1458 eo
856 1408 1147 1474 gerebatur
1194 1421 1298 1461 non
1346 1416 1530 1461 contra
1576 1406 1819 1462 inﬁdeles
1867 1417 2091 1473 tantum,
2141 1406 2235 1462 sed
2279 1415 2335 1460 et

738 1504 923 1546 contra
969 1494 1243 1548 dzcmones
1282 1505 1337 1549 et
1374 1507 1556 1550 contra
1603 1497 1774 1565 ipsum
1824 1497 2135 1551 diabolum:
2169 1497 2333 1550 multa

738 1600 859 1638 cum
890 1584 1225 1640 vehementia
1258 1587 1440 1642 hostes
1457 1603 1644 1641 omnes
1670 1589 2037 1657 imminebant,
2066 1589 2333 1657 dissipan-

739 1686 820 1731 tes
846 1678 1141 1733 exercitum
1170 1688 1225 1733 et
1266 1680 1318 1733 in
1346 1680 1705 1749 captivitatem
1750 1681 2063 1748 trahentes;
2097 1682 2182 1735 hic
2208 1695 2334 1735 vero

740 1769 975 1827 infinitos
1001 1770 1068 1824 ad
1097 1771 1377 1826 veritatem
1408 1770 1663 1827 reducere
1685 1781 1913 1841 poterat,
1940 1781 1995 1825 et
2019 1770 2329 1841 aegrotabat.

743 1862 856 1915 Etsi
886 1863 1053 1928 enim,
1100 1864 1289 1932 inquit,
1333 1864 1533 1918 nullum
1578 1872 1832 1932 prteterea
1859 1862 2111 1917 damnum
2135 1877 2200 1916 ex
2231 1861 2335 1917 hac

740 1951 1053 2007 infirmitate
1084 1954 1242 2007 rebus
1272 1954 1587 2019 inferretur,
1618 1969 1679 2008 ea
1728 1954 1841 2022 ipsa
1878 1952 1990 2007 sola
2035 1952 2223 2007 ﬁdeles
2250 1951 2332 2021 pi-

736 2044 945 2111 griores
969 2053 1022 2097 et
1052 2044 1370 2111 torpidiores
1404 2044 1629 2097 reddere
1658 2054 1885 2113 poterat.
1914 2043 2045 2097 Nam
2072 2043 2114 2096 si
2137 2042 2335 2097 milites

740 2134 931 2188 ducem
988 2149 1143 2188 suum
1193 2135 1332 2189 lecto
1386 2135 1659 2190 detentum
1709 2145 2014 2197 cernentes,
2060 2134 2333 2203 segniores

741 2224 872 2277 fiunt
903 2233 956 2278 et
1003 2224 1069 2278 ad
1110 2240 1342 2294 pugnam
1376 2226 1673 2291 tardiores;
1706 2225 1877 2279 multo
1905 2224 2071 2295 magis
2096 2240 2193 2295 par
2220 2233 2336 2279 erat

740 2324 795 2367 et
824 2315 1033 2377 fideles,
1060 2326 1441 2385 prmceptorem
1466 2325 1585 2384 post
1613 2326 1689 2370 tot
1711 2318 1859 2385 signa
1875 2331 2098 2384 operum
2123 2316 2336 2369 intuen-

740 2416 820 2459 tes
845 2407 1097 2460 continue
1123 2416 1467 2476 :rgrotantem
1496 2416 1550 2461 et
1575 2408 1817 2476 corporis
1856 2407 2043 2460 morbo
2082 2406 2332 2460 laboran-

739 2508 868 2564 tem,
902 2497 1192 2552 humanum
1238 2498 1489 2568 quiddam
1535 2513 1655 2553 esse
1700 2512 2001 2568 perpessos.
2051 2497 2160 2552 Nec
2204 2512 2333 2552 vero

740 2588 855 2642 haec
898 2597 1123 2653 tantum,
1166 2588 1260 2643 sed
1291 2598 1347 2644 et
1373 2589 1515 2643 aliud
1545 2588 1797 2659 quiddam
1849 2587 2153 2643 dubitantes
2181 2603 2330 2657 qua:-

740 2690 883 2745 runt,
908 2696 1010 2750 qua
1036 2680 1104 2735 de
1120 2696 1280 2736 causa
1299 2697 1509 2736 rursum
1533 2696 1709 2751 neque
1730 2681 1943 2750 seipse,
1972 2696 2144 2750 neque
2168 2680 2335 2749 ipsius

743 2782 1039 2840 prmceptor
1063 2773 1133 2825 ita
1160 2772 1464 2828 confectum
1490 2773 1697 2827 curavit
1715 2791 1727 2825 :
1744 2772 1842 2848 sed
1865 2782 2104 2826 mortuos
2121 2772 2333 2840 quidem

740 2862 1092 2927 suseitabant,
1126 2872 1179 2917 et
1206 2863 1479 2918 dzemones
1521 2862 1887 2931 expellebant,
1919 2870 1973 2916 et
2002 2871 2228 2916 mortem
2257 2861 2335 2914 fa-

741 2954 841 3007 cile
872 2954 1175 3019 vincebant,
1219 2970 1385 3008 uuum
1432 2968 1561 3008 vero
1589 2968 1782 3022 corpus
1829 2961 2087 3021 aegrotum
2116 2967 2223 3006 non
2253 2952 2334 3005 iu-

744 3042 1057 3097 staurahant
1087 3061 1100 3097 :
1132 3052 1187 3098 et
1210 3045 1301 3113 qui
1347 3045 1399 3097 in
1446 3044 1635 3099 alienis
1661 3043 1975 3112 corporibus
2015 3051 2070 3097 et
2095 3043 2333 3098 viventes

740 3142 797 3187 et
841 3133 1033 3186 mortui
1086 3143 1285 3187 tantam
1332 3134 1623 3190 exhibuere
1661 3135 1948 3199 virtutem,
2001 3132 2333 3187 stomachum

744 3224 949 3293 lapsum
980 3239 1085 3277 non
1119 3224 1429 3278 relevabant
1455 3242 1468 3278 :
1494 3234 1550 3278 et
1575 3224 1715 3293 quod
1744 3224 1915 3293 majus
1956 3232 2058 3289 est,
2102 3238 2206 3277 non
2238 3237 2334 3276 ve-

746 3323 893 3367 retur
920 3329 1017 3367 nec
1044 3314 1314 3368 erubescit
1342 3314 1536 3367 Paulus
1564 3322 1682 3381 post
1711 3319 1789 3367 tot
1817 3324 1868 3367 et
1896 3314 2017 3366 talia
2044 3313 2193 3382 signa
2215 3327 2334 3381 qua:

742 3405 825 3458 vel
858 3404 999 3459 nudo
1026 3405 1270 3473 praestitit
1312 3405 1496 3471 verbo,
1528 3405 1810 3459 Timotheo
1838 3404 2091 3467 scribere,
2121 3414 2178 3457 ut
2206 3419 2336 3458 con-

745 3496 909 3565 fugiat
934 3495 1000 3549 ad
1023 3496 1129 3549 vini
1156 3494 1438 3551 medelam.
1465 3495 1581 3550 Non
1608 3495 1748 3563 quod
1772 3495 1952 3548 vinum
1974 3494 2159 3549 bibere
2182 3503 2337 3560 turpe

744 3590 812 3642 sit
846 3605 859 3641 :
893 3588 1050 3651 absit,
1095 3587 1209 3641 haec
1254 3596 1381 3642 sunt
1425 3586 1572 3641 enim
1618 3585 1992 3640 haereticorum
2033 3593 2333 3654 pra-cepta;

743 3677 835 3731 sed
863 3677 1004 3747 quod
1032 3677 1268 3732 dedecus
1297 3692 1419 3731 esse
1440 3691 1546 3731 non
1568 3683 1801 3747 putaret,
1825 3691 1930 3730 non
1959 3690 2116 3745 posse
2135 3674 2336 3743 absque

744 3768 889 3822 illius
934 3768 1131 3821 auxilio
1162 3784 1327 3822 unum
1356 3768 1605 3823 labamus
1634 3766 1933 3822 membrum
1963 3766 2189 3836 erigere.
2225 3765 2333 3820 Ve-

744 3860 1143 3915 rumenimvcro
1165 3868 1369 3914 tantum
1391 3859 1561 3915 abfuit
1586 3869 1638 3915 ut
1662 3859 1730 3915 de
1753 3859 1854 3914 hoc
1879 3859 2245 3924 erubesceret,
2276 3866 2335 3912 ut

743 3961 798 4007 ct
825 3952 1071 4007 omnibus
1103 3952 1334 4022 posteris
1359 3951 1463 4007 hoc
1500 3951 1688 4007 fecerit
1725 3951 2087 4006 manifestum.
2130 3949 2337 4003 Videtis

743 4047 795 4098 in
824 4052 1077 4114 quantam
1116 4059 1421 4099 sermonem
1452 4044 1658 4114 egimus
1699 4042 2162 4112 profunditatem?
2205 4057 2338 4112 quo-

744 4135 905 4189 modo
937 4134 1078 4204 quod
1110 4149 1332 4203 parvum
1364 4149 1483 4189 esse
1515 4134 1742 4197 videtur,
1767 4134 2059 4187 innumeris
2086 4134 2338 4201 quaestio-

745 4226 903 4280 nibus
952 4224 1212 4280 scaturit?
1241 4225 1336 4278 Eia
1384 4225 1543 4294 igitur
1569 4233 1624 4279 ct
1664 4224 1983 4279 solutionem
2027 4222 2332 4277 afl‘cramus.

746 4318 951 4372 Idcirco
983 4318 1125 4371 enim
1152 4316 1219 4371 ad
1253 4316 1418 4371 imum
1458 4315 1851 4377 descendimus,
1884 4322 1943 4368 ut
1983 4323 2217 4369 mentem
2246 4329 2336 4368 ve-

746 4420 913 4464 stram
956 4409 1268 4473 excitantes,
1301 4408 1352 4461 in
1386 4416 1499 4461 tuto
1526 4422 1717 4462 sensus
1740 4407 2083 4461 collocemus.

816 4502 869 4556 5.
898 4498 1215 4555 Concedatis
1242 4507 1420 4553 autem
1464 4498 1625 4563 mihi,
1652 4512 1858 4567 qureso,
1892 4496 2203 4566 priusquam
2251 4495 2335 4548 his

744 4590 1128 4661 quaestionibus
1148 4589 1467 4642 solutionem
1496 4587 1734 4651 afferam,
1757 4585 1951 4654 aliquid
1976 4585 2043 4639 de
2071 4584 2335 4639 Timothei

746 4684 942 4735 virtute
966 4688 1020 4733 et
1044 4694 1171 4733 cura
1198 4679 1349 4733 Pauli
1371 4677 1568 4732 dicere.
1593 4676 1728 4743 Quid
1750 4677 1891 4730 enim
1914 4676 2005 4729 illo
2030 4674 2129 4729 fuit
2155 4691 2339 4728 aman-

748 4773 873 4834 tius,
903 4770 991 4840 qni
1024 4778 1170 4823 tanto
1195 4769 1389 4823 absens
1425 4767 1705 4822 intervallo
1745 4775 1798 4820 et
1841 4774 1917 4819 tot
1947 4765 2340 4818 circumventus

749 4862 1000 4930 negotiis,
1030 4875 1127 4929 pro
1155 4858 1416 4913 stomachi
1443 4858 1675 4913 sanitate
1705 4856 1951 4926 discipuli
1980 4864 2178 4909 tantam
2209 4869 2336 4923 pro-

752 4953 1043 5008 videntiam
1073 4952 1325 5021 gerebat,
1353 4962 1407 5007 et
1435 4967 1555 5006 cum
1584 4950 1865 5006 sedulitate
1904 4949 1971 5004 de
2000 4948 2170 5003 morbi
2220 4962 2340 5001 cor—

749 5046 993 5099 rectione
1023 5041 1330 5095 scribebat?

826 5132 1070 5187 Timothei
1124 5131 1305 5184 uirtus.
1360 5159 1430 5169 —
1479 5128 1742 5183 Timothei
1798 5144 1925 5183 vero
1977 5130 2154 5183 virtuti
2212 5127 2337 5195 quid

752 5226 991 5296 :rquale?
1017 5224 1105 5280 Sic
1125 5223 1345 5278 delicias
1369 5222 1772 5291 aspernabatur,
1796 5232 1850 5275 et
1875 5222 2071 5275 lautam
2096 5236 2337 5275 mensam

753 5316 1047 5378 deridebat,
1074 5324 1131 5368 ut
1158 5315 1210 5368 in
1236 5313 1479 5368 morbum
1502 5328 1569 5368 ex
1596 5312 1767 5366 victus
1786 5314 2072 5380 asperitate
2098 5320 2151 5366 et
2176 5311 2340 5365 nimio

752 5408 969 5462 caderet
991 5405 1213 5475 jejunio.
1236 5405 1386 5471 Quod
1413 5405 1555 5459 enim
1578 5413 1766 5459 natura
1790 5403 1906 5457 talis
1927 5417 2033 5457 non
2055 5412 2217 5466 esset,
2247 5402 2340 5456 sed

749 5499 954 5571 jejunio
978 5506 1033 5555 et
1056 5512 1205 5566 aqum
1231 5508 1355 5566 potu
1383 5497 1641 5553 stomachi
1668 5498 1773 5552 vim
1800 5504 2141 5567 prostrasset,
2169 5495 2340 5563 ipsum

757 5591 981 5646 Paulum
1030 5588 1313 5658 diligenter
1359 5590 1459 5643 hoc
1508 5588 1932 5643 manifestantem
1976 5585 2173 5640 audite.
2224 5584 2339 5639 Non

756 5684 896 5737 enim
926 5682 1241 5752 simpliciter
1270 5681 1402 5736 dixit
1432 5681 1604 5736 :Vino
1630 5682 1838 5736 modico
1877 5689 2064 5735 utere:
2094 5679 2187 5734 sed
2217 5695 2339 5734 eum

756 5775 899 5843 prius
925 5773 1165 5837 dixisset,
1213 5772 1341 5829 Noli
1368 5773 1536 5827 adhuc
1574 5790 1757 5845 aquam
1793 5773 1958 5827 bibere
1994 5773 2070 5842 (I.
2114 5771 2252 5826 Tim.
2282 5773 2336 5826 5.

754 5863 851 5933 '23)
872 5906 887 5932 ,
921 5874 1043 5920 tunc
1069 5865 1283 5924 bibendi
1317 5867 1421 5922 vini
1448 5867 1730 5923 consilium
1760 5866 1956 5922 attulit.
1993 5865 2123 5921 Illud
2154 5874 2333 5921 autem

2439 588 2627 653 adhuc,
2661 586 2879 641 verbum
2906 595 2988 641 est
3017 588 3388 657 signiﬁcantis,
3414 588 3554 661 quod
3578 603 3811 660 eousque
3832 607 4022 662 aquam

2437 678 2670 743 bibebat,
2693 689 2748 732 et
2774 687 3053 748 prOpterea
3081 680 3364 736 imbecillis
3389 684 3477 735 sit.
3505 682 3634 748 Quis
3663 697 3765 734 non
3794 682 4023 737 admire-

2438 776 2525 820 tur
2572 770 2738 835 ipsius
2781 767 3167 838 philosophiam
3210 782 3265 824 et
3316 772 3687 841 diligentiam?
3714 772 3861 841 Ipsos
3900 774 4025 826 atti-

2436 870 2586 929 gerat
2625 863 2816 926 cmlos,
2846 862 2910 915 ad
2937 861 3147 914 virtutis
3194 863 3405 919 culmen
3438 876 3751 934 pervenerat
3789 883 3801 919 :
3835 874 3888 918 et
3913 863 4027 920 haec

2438 950 2540 1019 ipsi
2571 962 2868 1021 praeceptor
2906 960 3190 1006 attestatur
3228 952 3306 1006 sic
3339 953 3528 1010 dicens
3561 974 3573 1009 :
3612 956 3728 1010 Misi
3758 955 3894 1009 vobis
3932 951 4025 1006 Ti-

2438 1041 2694 1093 motheum
2712 1082 2727 1107 ,
2758 1044 2845 1109 qui
2876 1053 2950 1096 est
2977 1043 3113 1111 ﬁlius
3152 1058 3293 1095 meus
3313 1042 3527 1098 dilectus
3557 1056 3605 1098 et
3631 1047 3797 1113 ﬁdelis
3825 1048 3878 1100 in
3917 1044 4030 1098 Do-

2436 1130 2574 1183 mino
2605 1130 2679 1200 (I.
2731 1130 2851 1185 Cor.
2884 1134 2939 1187 4.
2985 1134 3095 1202 17).
3138 1132 3359 1198 Quando
3398 1143 3575 1187 autem
3616 1135 3812 1190 Paulus
3858 1136 4030 1202 ipsum

2437 1233 2589 1278 vocat
2622 1222 2812 1288 ﬁlium,
2843 1234 2898 1278 et
2924 1225 3089 1279 filium
3121 1224 3372 1279 dilectum
3401 1232 3455 1279 et
3476 1224 3709 1291 fidelem,
3735 1226 3849 1280 hac
3869 1229 4030 1281 verba

2438 1331 2652 1371 omnem
2682 1315 2847 1385 ipsius
2876 1316 3127 1371 virtutem
3159 1317 3527 1371 demonstrare
3562 1316 3855 1370 sufﬁciunt.
3894 1318 4030 1373 San-

2439 1417 2645 1462 etorum
2670 1406 2813 1459 enim
2835 1404 3031 1476 judicia
3051 1420 3150 1459 nec
3169 1406 3234 1459 ad
3256 1406 3477 1475 gratiam
3501 1420 3599 1459 nec
3614 1404 3679 1459 ad
3702 1406 4031 1461 inimicitiam

2442 1500 2594 1561 ﬁunt,
2626 1498 2721 1552 sed
2760 1498 2828 1552 ab
2856 1496 3001 1552 omni
3036 1506 3161 1551 sunt
3189 1506 3513 1565 prarsumpta
3540 1496 3797 1565 opinione
3835 1497 4027 1552 libera.

2439 1589 2556 1644 Non
2588 1589 2775 1643 fuisset
2820 1598 2928 1643 tam
2960 1588 3147 1642 beatus
3185 1586 3524 1651 Timotheus,
3573 1587 3617 1639 si
3646 1586 3794 1640 Pauli
3833 1586 3975 1641 filius
4002 1602 4033 1641 a

2440 1690 2627 1733 natura
2656 1680 2863 1745 fuisset,
2895 1694 3055 1746 quam
3091 1693 3235 1733 nunc
3263 1689 3346 1733 est
3370 1678 3704 1732 admirabilis
3732 1696 3745 1731 :
3779 1680 4032 1749 quoniam

2438 1770 2730 1826 secundmn
2760 1785 2976 1826 carnem
3018 1770 3151 1825 nihil
3181 1770 3245 1823 ad
3294 1770 3467 1838 ipsum
3515 1770 3782 1835 attinens,
3819 1784 3914 1838 per
3939 1783 4037 1824 co-

2438 1863 2745 1933 gnationem
2772 1877 2892 1931 quzn
2930 1870 3012 1916 est
3051 1860 3349 1916 secundum
3388 1860 3735 1928 religionem,
3770 1860 3821 1913 in
3866 1860 4035 1929 ipsius

2441 1972 2501 2011 se
2546 1956 2889 2026 adoptionem
2940 1954 3181 2017 induxit,
3235 1968 3357 2008 cum
3411 1952 3694 2007 sedulitate
3742 1950 4037 2020 disciplina:

2445 2048 2588 2103 illius
2615 2047 2952 2101 characteres
2980 2047 3033 2100 in
3061 2046 3313 2100 omnibus
3339 2059 3578 2099 servans.
3606 2044 3755 2099 Sicut
3781 2043 3923 2096 enim
3956 2044 4037 2096 vi-

2399 2166 2407 2172 -
2444 2141 2586 2193 tulus
2612 2148 2763 2192 tauro
2800 2138 3148 2208 conjugatus,
3176 2138 3253 2191 sic
3285 2138 3469 2205 jugum
3511 2151 3631 2188 cuzu
3670 2135 3761 2188 illo
3792 2133 4039 2187 trahebat

2442 2230 2636 2299 ubique
2668 2240 2952 2295 terrarum,
2977 2238 3031 2283 et
3057 2229 3223 2283 nihilo
3255 2236 3473 2297 prOpter
3496 2235 3705 2280 a-tatem
3730 2224 4033 2288 deﬁciebat,

2442 2322 2533 2375 sed
2567 2321 2834 2385 studimn,
2868 2332 2923 2374 ut
2964 2337 3085 2374 cum
3120 2319 3464 2387 praerepteris
3506 2317 3777 2370 laboribus
3812 2324 4037 2368 conten-

2438 2410 2608 2473 deret,
2643 2411 2950 2479 prmstabat.
2984 2409 3052 2463 Et
3080 2409 3271 2461 horum
3301 2406 3454 2461 testis
3485 2421 3671 2459 rursus
3701 2406 3813 2474 ipse
3843 2405 4037 2458 Paulus

2437 2504 2516 2556 sic
2536 2501 2723 2556 dicens
2746 2519 2759 2554 :
2792 2501 2956 2555 Nemo
2988 2503 3151 2571 ipsum
3174 2508 3498 2563 contemnat;
3523 2514 3648 2567 opus
3673 2498 3803 2550 enim
3832 2496 4037 2549 Domini

2440 2605 2697 2662 aperatur,
2732 2595 2859 2648 sicut
2889 2602 2935 2646 et
2970 2608 3061 2662 ego
3100 2592 3177 2659 (I.
3203 2592 3320 2645 Cor.
3366 2590 3454 2644 16.
3489 2589 3577 2642 10.
3612 2587 3722 2657 II).
3761 2587 3951 2641 Vidisti
3980 2596 4038 2641 ut

2441 2688 2660 2740 omnino
2685 2686 2890 2754 mquale
2928 2685 3163 2739 studium
3192 2684 3292 2753 ipsi
3328 2683 3647 2738 attestetur?
3684 2682 3804 2735 Mox
3830 2698 3896 2736 ne
3922 2681 4037 2735 hate

2440 2775 2506 2828 ad
2533 2775 2759 2844 gratiam
2802 2774 2984 2827 dicere
3010 2773 3279 2839 videatur,
3316 2774 3461 2842 ipsos
3491 2770 3761 2825 auditores
3805 2769 3898 2823 ﬁlii
3928 2771 4037 2823 vir-

2442 2868 2568 2920 tutis
2619 2875 2782 2919 testcs
2822 2864 2971 2926 facit.
3014 2866 3092 2918 sic
3139 2864 3384 2933 inquiens
3426 2882 3439 2915 :
3476 2861 3833 2915 Probationem
3868 2871 4037 2912 autem

2437 2957 2599 3025 ipsius
2628 2956 2808 3019 nostis,
2828 2955 2965 3024 quod
3002 2964 3260 3023 tamquam
3285 2955 3417 3023 patri
3442 2952 3677 3021 ﬁlius,sic
3704 2966 3897 3003 mecum
3926 2965 4033 3002 ser-

2437 3050 2554 3103 vivit
2598 3050 2651 3101 in
2702 3048 2963 3119 evangelio
3001 3065 3020 3101 :
3064 3048 3426 3116 experientiam
3464 3062 3551 3099 ros
3591 3045 3797 3114 cepistis
3842 3043 4036 3096 uirtutis

2439 3140 2601 3208 ipsius
2631 3148 2677 3191 et
2701 3142 2926 3207 probata:
2946 3138 3131 3191 anima:
3161 3135 3415 3205 (Philipp.
3442 3135 3495 3187 2.
3517 3135 3632 3202 22).
3661 3134 4035 3188 Verumtamen

2438 3247 2558 3286 cum
2598 3231 2664 3284 ad
2707 3238 2905 3284 tantam
2952 3229 3253 3283 officiorum
3296 3227 3629 3281 altitudinem
3674 3224 4034 3286 ascendisset,

2440 3338 2613 3394 neque
2629 3322 2708 3377 sic
2733 3321 3070 3384 conﬁdebat,
3101 3320 3194 3376 sed
3214 3320 3264 3373 in
3289 3320 3560 3373 anxietate
3577 3317 3737 3371 animi
3761 3324 3876 3369 erat
3901 3325 3954 3369 et
3982 3315 4033 3367 in

2442 3416 2634 3468 timore
2662 3432 2674 3467 :
2708 3414 2935 3482 ideoque
2955 3427 3077 3465 cum
3104 3412 3355 3465 instantia
3378 3408 3675 3477 jejnnabat,
3710 3421 3879 3475 neque
3906 3404 4035 3458 illud

2443 3518 2631 3575 passus
2658 3514 2741 3558 est
2770 3502 2911 3572 quod
2945 3501 3129 3564 multi,
3162 3501 3250 3569 qui
3280 3500 3462 3553 decem
3506 3507 3713 3551 tantum
3747 3496 3828 3549 vel
3851 3495 4035 3564 viginti

2443 3608 2655 3649 menses
2690 3593 2895 3661 jejunio
2937 3606 2995 3645 se
3042 3590 3314 3644 tradentes
3355 3595 3578 3658 repente
3617 3585 3798 3641 omnia
3840 3583 4035 3638 dissol-

2442 3692 2588 3738 vunt.
2618 3682 2724 3738 Sed
2756 3682 2846 3737 ille
2886 3682 3017 3736 nihil
3049 3680 3152 3735 tale
3189 3695 3377 3749 passus
3402 3688 3503 3741 est,
3540 3694 3713 3746 neque
3742 3676 3848 3729 tale
3875 3673 4033 3743 quid-

2440 3776 2581 3846 piam
2614 3776 2751 3828 intra
2793 3773 3031 3842 seipsnm
3061 3771 3232 3825 dixit:
3280 3770 3419 3836 Quid
3460 3768 3590 3822 mihi
3620 3766 3873 3835 deinceps
3898 3778 4033 3834 Opus

2440 3876 2523 3921 est
2546 3865 2753 3936 jejunio
2774 3866 2797 3917 ?
2818 3864 2991 3917 victor
3006 3862 3172 3926 evasi,
3198 3860 3515 3929 cupiditates
3539 3856 3807 3925 superavi,
3836 3868 4033 3921 corpus

2440 3971 2618 4010 meum
2649 3952 2989 4017 mortiﬁcavi,
3018 3951 3293 4004 daemones
3316 3946 3501 4011 terrui,
3528 3944 3801 3999 diabolum
3828 3942 4027 4011 depuli,

2442 4055 2683 4100 mortuos
2702 4043 3037 4107 resuscitavi,
3064 4042 3307 4110 leprosos
3334 4036 3607 4102 mundavi,
3634 4034 3917 4090 contrariis
3938 4047 4032 4103 po-

2442 4135 2721 4190 testatibus
2757 4132 3015 4188 terribilis
3053 4146 3171 4185 sum
3211 4148 3224 4183 :
3271 4128 3397 4199 quid
3419 4143 3520 4198 ego
3566 4126 3796 4195 amplius
3825 4123 4032 4194 jejunio

2442 4227 2654 4297 indigeo
2678 4236 2733 4281 et
2761 4223 3066 4295 hujusmodi
3088 4221 3343 4277 cautela?

2512 4318 2691 4374 Sancti
2715 4326 2904 4383 quanto
2924 4313 3201 4385 majoribus
3229 4312 3448 4381 afﬂuunt
3474 4308 3684 4371 meritis,
3712 4315 3851 4360 tanto
3872 4304 4033 4373 magis

2439 4411 2633 4462 timent.
2662 4436 2736 4447 —
2759 4406 2901 4460 Nihil
2933 4406 3036 4459 tale
3072 4403 3206 4457 dixit
3232 4412 3324 4455 aut
3358 4400 3642 4469 cogitavit:
3693 4396 3787 4452 sed
3834 4403 4033 4465 quanto

2440 4498 2608 4569 magis
2635 4497 2931 4551 innumeris
2949 4494 3201 4548 affluebat
3231 4492 3438 4546 meritis
3457 4531 3471 4553 ,
3503 4498 3649 4543 tanto
3674 4486 3843 4556 magis
3873 4484 4038 4538 time-

2442 4589 2531 4641 bat
2560 4596 2616 4642 et
2642 4587 2903 4641 tremebat
2938 4602 2949 4637 :
2980 4592 3035 4638 et
3062 4583 3201 4636 hanc
3227 4598 3256 4635 a
3282 4587 3611 4649 praeceptore
3642 4574 4031 4647 philosophiam

2441 4678 2699 4733 discebat.
2731 4676 2943 4729 Etenim
2976 4674 3065 4727 ille
3099 4673 3150 4725 in
3195 4672 3407 4725 tertium
3439 4679 3622 4736 raptus
3652 4667 3864 4726 omium,
3897 4673 3951 4716 et
3980 4662 4032 4715 in

2445 4768 2750 4837 paradisum
2772 4765 2979 4819 delatus
2998 4804 3013 4827 ,
3045 4772 3100 4817 et
3129 4761 3325 4815 auditis
3357 4759 3712 4814 iueﬁ'abilibus
3741 4754 3952 4817 verbis,
3980 4762 4034 4807 et

2445 4857 2820 4926 mysteriorum
2836 4854 3005 4908 factus
3019 4852 3202 4906 talium
3216 4850 3500 4920 particeps,
3518 4864 3640 4903 cum
3656 4847 3839 4901 orbem
3863 4852 4033 4898 totum

2445 4946 2799 5014 percurrisset
2826 4952 3095 5012 tamquam
3123 4941 3221 4994 alis
3250 4940 3566 5011 quibusdam
3599 4937 3796 5000 fultus,
3828 4934 3894 4987 ad
3925 4932 4030 4987 Co-

2445 5038 2673 5093 rinthios
2712 5036 2955 5091 scribens
2995 5034 3233 5088 diccbat:
3274 5032 3458 5087 Vereor
3484 5049 3546 5084 ne
3588 5034 3718 5100 forte
3762 5041 3877 5079 cum
3918 5024 4033 5077 aliis

2446 5132 2811 5202 praedicavero,
2840 5130 2951 5198 ipse
2977 5128 3217 5196 reprobus
3248 5128 3438 5197 eﬂiciar
3482 5126 3558 5194 (I.
3595 5122 3715 5176 Cor.
3744 5120 3799 5175 9.
3824 5119 3943 5186 27).
3975 5117 4033 5173 Si

2444 5237 2574 5277 vero
2606 5220 2801 5274 Paulus
2829 5227 2949 5287 post
2977 5218 3099 5271 talia
3127 5226 3181 5272 et
3210 5226 3286 5271 tot
3330 5216 3506 5272 ofﬁcia
3535 5213 3707 5276 timet,
3740 5208 3829 5278 qui
3853 5208 4034 5262 dicere

2446 5312 2651 5383 potuit:
2706 5309 2841 5363 Mihi
2880 5310 3097 5362 mundus
3140 5308 3416 5376 cruciﬁxus
3465 5312 3571 5366 est,
3622 5310 3667 5355 et
3715 5316 3806 5371 ego
3843 5299 4034 5351 mundo

2445 5402 2590 5476 (Gal.
2635 5401 2689 5458 6.
2726 5400 2850 5470 II);
2902 5401 3070 5455 multo
3106 5400 3276 5468 magis
3314 5410 3414 5449 nos
3454 5394 3642 5447 timere
3685 5398 3929 5460 oportet,
3979 5395 4035 5443 et

2448 5502 2597 5549 tanto
2625 5493 2792 5561 magis
2829 5501 3028 5563 quanto
3071 5491 3275 5559 majora
3318 5486 3572 5540 fuerimus
3615 5484 3842 5553 Operati.
3885 5482 4035 5536 Tunc

2446 5586 2588 5639 enim
2625 5585 2869 5640 diabolus
2896 5588 3090 5640 smvior
3120 5584 3382 5642 efﬁcitur,
3417 5590 3540 5634 tunc
3567 5580 3732 5649 magis
3758 5578 4029 5638 efferatur,

2446 5694 2565 5731 eum
2586 5678 2776 5732 viderit
2799 5694 2895 5732 nos
2918 5677 3190 5747 diligentia
3216 5676 3376 5727 vitam
3397 5682 3630 5728 nostram
3649 5673 3993 5741 disponentes
4012 5682 4028 5731 ;

2446 5788 2563 5827 cum
2592 5773 2781 5827 viderit
2802 5772 3011 5825 virtutis
3034 5784 3197 5823 onera
3225 5768 3538 5836 composita,
3563 5776 3617 5821 et
3642 5778 3862 5835 magnos
3882 5774 4032 5814 acer-

2450 5880 2564 5932 vos,
2611 5873 2733 5919 tunc
2777 5862 2988 5932 gravius
3034 5859 3233 5917 inferre
3278 5859 3607 5929 naufragium
3653 5856 3845 5911 studet.
3897 5850 4029 5907 Vilia
