4494 6742
335 481 397 536 2|
1282 478 1374 532 AD
1414 477 1734 535 POPULUM
1767 475 2251 532 ANTIOCHENUM
2316 475 2542 532 HOMIL.
2585 476 2626 531 Ι.
3543 469 3618 524 21

341 594 480 648 enim
504 605 556 649 et
585 594 822 666 abjcctus
853 591 1065 649 etiamsi
1109 590 1477 659 supplantatus
1517 591 1678 647 fuerit
1704 597 1754 644 et
1784 586 1925 641 ceci-

344 689 502 751 derit,
533 704 638 743 non
671 697 869 742 tantam
919 681 1192 738 communi
1228 681 1352 734 vitae
1393 682 1598 736 cladem
1645 678 1840 734 infert:
1877 676 1928 729 in

346 780 452 835 alta
507 796 636 835 vero
689 777 916 848 quadam
971 780 1239 842 tamquam
1270 773 1480 827 virtutis
1534 772 1750 843 specula
1807 783 1930 822 cum

343 874 501 927 inulta
521 871 766 926 claritate
783 866 1127 929 constitutus,
1155 875 1207 918 et
1232 865 1319 934 qui
1339 865 1587 919 omnibus
1614 861 1930 918 manifestus

343 974 396 1018 ct
421 963 670 1032 cognitus
696 959 784 1023 sit,
817 966 873 1011 ct
915 955 981 1009 ab
1003 956 1248 1009 omnibus
1276 956 1324 1009 in
1354 956 1706 1010 admiratioae
1735 952 1931 1006 habea-

343 1066 449 1120 tur,
492 1053 704 1122 quando
753 1058 992 1104 tentatus
1028 1047 1303 1112 ceciderit,
1337 1062 1579 1117 magnam
1632 1045 1838 1100 ruinam
1880 1049 1934 1094 et

339 1147 598 1215 jacturam
630 1144 789 1198 facit:
824 1156 927 1194 non
958 1147 1161 1192 tanttttn
1193 1139 1441 1205 quoniam
1474 1155 1537 1192 ex
1569 1138 1675 1191 alto
1703 1133 1929 1197 cecidit,

348 1236 442 1289 sed
465 1237 712 1304 quoniam
744 1243 798 1289 et
821 1233 956 1285 alios
982 1230 1179 1282 multos
1199 1230 1248 1281 in
1281 1231 1449 1298 ipsum
1474 1231 1821 1298 rcSpicicutes
1848 1239 1934 1277 sc-

352 1327 565 1396 gniorcs
596 1325 848 1381 reddidit.
896 1322 963 1376 Et
1000 1322 1138 1373 sicut
1175 1321 1225 1373 in
1268 1336 1522 1390 corpore,
1565 1320 1670 1372 alio
1718 1316 1933 1388 quidem

349 1415 588 1470 membro
638 1423 928 1482 corrupto,
980 1425 1088 1464 non
1133 1426 1379 1480 magnum
1429 1411 1717 1464 damnum:
1767 1405 1936 1459 oculis

349 1515 524 1557 autem
575 1505 876 1565 excwcatis,
922 1500 1006 1553 vel
1059 1500 1231 1567 capite
1271 1501 1503 1568 graviter
1554 1499 1713 1561 l:cso,
1763 1505 1934 1550 totum

351 1609 547 1662 corpus
590 1595 776 1648 inutile
821 1589 1062 1644 redditur
1090 1606 1104 1643 :
1133 1591 1209 1642 sic
1236 1599 1290 1643 ct
1328 1590 1381 1642 in
1425 1588 1625 1642 sanctis
1663 1597 1714 1640 ct
1748 1600 1936 1653 magna

352 1685 589 1739 emeritis
619 1682 904 1737 dicendum
933 1689 1016 1734 est
1043 1697 1054 1731 :
1081 1679 1294 1748 quando
1322 1679 1395 1730 illi
1436 1678 1687 1732 exstincti
1717 1677 1934 1740 fuerint,

355 1787 474 1826 cum
514 1774 771 1826 maculam
804 1770 1110 1840 quampiam
1153 1768 1501 1830 admiserint,
1538 1775 1704 1820 totum
1733 1776 1786 1820 et
1815 1765 1940 1820 reli-

355 1879 514 1931 quum
539 1877 730 1932 corpus
754 1859 1089 1915 intolerabile
1111 1857 1486 1912 detrimentum
1513 1857 1722 1924 patitur.

427 1955 481 2008 4.
512 1955 634 2008 Ηωο
665 1955 825 2023 igitur
855 1952 1034 2006 omnia
1076 1960 1197 2002 nota
1231 1947 1436 2002 habens
1466 1948 1808 2010 Timotheus,
1838 1961 1938 1998 un-

355 2044 514 2114 dique
539 2062 596 2100 se
624 2045 894 2098 muniebat
924 2061 936 2096 :
967 2043 1170 2096 sciebat
1197 2040 1339 2111 quod
1371 2039 1604 2093 difficilis
1638 2054 1724 2091 res
1755 2049 1832 2092 est
1853 2038 1942 2106 ju-

357 2145 564 2198 ventus,
597 2135 736 2204 quod
765 2135 1054 2203 jactabilis,
1087 2133 1314 2201 deecptu
1346 2129 1534 2190 facilis.
1569 2129 1740 2182 labilis
1762 2137 1863 2188 est,
1893 2134 1946 2180 et

358 2226 746 2280 vehementiori
781 2224 979 2293 indiget
1011 2223 1219 2276 fra'no:
1251 2236 1380 2291 pyra
1422 2220 1564 2272 enim
1594 2218 1832 2287 quaedam
1865 2224 1946 2269 cst

358 2319 617 2371 exteriora
647 2317 1056 2388 apprehendens
1077 2315 1279 2377 omnia,
1314 2312 1580 2381 facileque
1606 2326 1669 2365 ac
1697 2310 1944 2364 celeriter

357 2410 685 2464 succendens
711 2411 751 2464 ¹.
789 2409 990 2464 Idcirco
1032 2407 1199 2476 ipsam
1228 2405 1462 2474 undique
1503 2401 1846 2463 obstruebat,
1887 2406 1946 2451 ut

358 2514 738 2573 compesceret,
771 2516 824 2558 et
862 2502 1000 2556 hanc
1043 2501 1311 2554 flammam
1354 2497 1498 2552 tmni
1544 2495 1706 2550 modo
1745 2493 1944 2548 exstin-

360 2610 521 2660 guere
550 2595 792 2648 studebat
819 2612 832 2648 :
856 2601 1017 2661 atque
1034 2607 1227 2659 equum
1253 2589 1522 2642 etfttenem
1540 2597 1593 2641 et
1616 2588 1700 2640 vix
1727 2584 1948 2638 habenis

365 2694 635 2753 parentem
684 2685 851 2738 multa
903 2697 1024 2736 cum
1075 2679 1411 2733 vehementia
1465 2677 1730 2746 angebat,
1779 2675 1951 2728 donec

363 2774 530 2842 ipsius
558 2773 798 2827 lascivias
819 2769 1251 2834 circumcideret,
1276 2766 1447 2821 donec
1468 2765 1804 2819 obedientem
1831 2762 1952 2816 red-

365 2864 515 2918 deret
538 2905 550 2924 ,
581 2872 633 2916 et
662 2863 895 2917 traderet
925 2877 1114 2930 magna
1146 2875 1268 2914 cum
1313 2866 1582 2928 potestate
1623 2856 1846 2911 rationis
1875 2854 1953 2923 ip-

363 2969 481 3006 sum
516 2952 756 3006 ducentis
783 2954 1030 3023 imperio.
1065 2951 1392 3014 lnfirmctur,
1428 2948 1622 3017 inquit,
1649 2961 1864 3016 corpus,
1898 2952 1954 2998 et

364 3062 469 3098 non
517 3045 811 3098 infutnetur
837 3044 1044 3097 animus
1075 3061 1086 3095 :
1118 3043 1436 3096 refraenetur
1475 3053 1637 3102 caro,
1675 3047 1728 3091 et
1757 3036 1951 3090 anima:

363 3138 430 3190 ad
458 3138 645 3192 crium
685 3151 872 3190 cursus
900 3153 1003 3189 non
1033 3135 1373 3202 impediatur.
1417 3132 1498 3186 Ad
1537 3132 1652 3187 hare
1679 3139 1855 3184 autem
1896 3137 1952 3184 et

366 3229 492 3282 illud
516 3229 747 3282 maxime
774 3229 994 3298 quisque
1021 3228 1072 3281 in
1105 3227 1220 3294 ipso
1252 3226 1437 3279 mirari
1465 3233 1666 3294 posset,
1692 3223 1833 3292 quod
1863 3222 1951 3276 tali

370 3320 619 3373 laborans
665 3319 1005 3383 infirmitate,
1039 3329 1091 3373 et
1133 3328 1276 3372 tanta
1321 3332 1442 3371 cum
1486 3317 1824 3385 mgritudine,
1861 3315 1953 3369 Dei

367 3411 577 3478 negotia
623 3424 728 3464 non
759 3409 1077 3479 negligebat,
1125 3407 1218 3462 sed
1266 3407 1495 3476 amplius
1523 3423 1683 3477 quam
1715 3407 1954 3462 valentes

367 3509 422 3552 ct
471 3515 704 3569 corpore
756 3501 996 3569 vigentes
1041 3499 1453 3568 circumquaque
1510 3499 1798 3564 volitabat,
1845 3499 1955 3568 jam

368 3589 660 3658 Ephesum.
701 3591 810 3660 jam
850 3590 1193 3655 Corinthum,
1243 3591 1294 3643 in
1344 3591 1654 3646 Macedonia
1691 3605 1856 3659 smpe,
1902 3591 1956 3646 in

374 3679 543 3743 Italia,
574 3680 768 3748 ubique
802 3687 1084 3743 terrarum,
1117 3680 1313 3748 ubique
1346 3682 1572 3734 marium
1602 3696 1721 3733 eum
1757 3695 1955 3748 prame-

369 3782 523 3839 ptore
549 3785 844 3838 apparens;
867 3769 1114 3823 omnibus
1141 3771 1191 3823 in
1213 3771 1593 3823 certaminibus
1617 3770 1954 3824 etcontinuis

372 3861 622 3930 periculis
648 3877 766 3914 cum
800 3861 915 3928 ipso
945 3861 1411 3925 communiCabat;
1440 3875 1539 3914 nec
1579 3860 1744 3914 animi
1776 3859 1953 3928 philo-

369 3952 611 4020 sophiam
658 3951 948 4020 prostravit
996 3952 1240 4020 corporis
1292 3951 1626 4004 imbecillitas
1682 3968 1695 4004 :
1750 3959 1956 4004 tantum

370 4046 513 4097 vatet
543 4045 593 4096 in
620 4044 782 4096 Deum
811 4043 976 4106 zelus,
1002 4051 1107 4096 tam
1131 4043 1278 4096 leves
1299 4041 1464 4097 efficit
1489 4043 1617 4096 alas.
1648 4043 1796 4098 Sicut
1815 4043 1960 4097 enim

368 4146 591 4200 corpora
622 4133 944 4186 bibentibus
991 4132 1202 4201 pinguia
1230 4142 1285 4186 et
1315 4133 1487 4187 valida
1518 4133 1720 4187 nullum
1742 4135 1846 4188 erit
1871 4148 1962 4186 va-

373 4221 622 4276 letudinis
661 4222 1115 4284 emolumentum,
1149 4222 1194 4274 si
1243 4224 1454 4276 animus
1498 4223 1736 4290 dcjectus
1778 4224 1956 4286 fuerit,

373 4313 552 4383 segnis
580 4321 633 4365 ct
659 4312 839 4366 tardus
869 4330 882 4364 :
915 4314 992 4366 sic
1019 4320 1074 4366 et
1100 4311 1365 4366 confectis
1397 4314 1602 4366 nullum
1633 4316 1735 4367 erit
1759 4331 1822 4367 ex
1855 4316 1957 4368 im-

381 4404 666 4457 becillitate
696 4412 1100 4463 nocumentnm,
1133 4403 1175 4455 si
1220 4403 1430 4456 animus
1456 4419 1744 4472 generosus
1777 4412 1830 4458 ct
1867 4419 1960 4459 ex-

377 4493 707 4562 pergefactus
757 4491 930 4545 fuerit.
988 4491 1212 4546 Videtur
1257 4502 1434 4546 autem
1476 4494 1790 4562 quibusdam
1845 4495 1960 4550 lure

376 4582 672 4636 admoaitio
728 4591 781 4634 et
822 4581 1103 4636 consilium
1151 4583 1415 4636 liberioris
1465 4584 1571 4636 vini
1619 4595 1774 4652 potus
1813 4595 1961 4654 pote-

377 4686 570 4732 statem
617 4674 891 4744 indulgere
925 4693 937 4727 :
979 4683 1033 4728 at
1080 4690 1186 4728 non
1228 4676 1298 4728 ita
1343 4685 1443 4730 est.
1487 4675 1591 4730 Sed
1631 4677 1676 4731 si
1725 4677 1842 4747 quis
1881 4678 1963 4732 di-

379 4773 610 4824 ctionem
633 4766 768 4820 hanc
796 4766 1079 4835 diligenter
1109 4766 1454 4836 quuirat,de
1481 4769 1769 4824 sobrietate
1796 4771 1964 4839 magis

381 4870 460 4915 est
485 4857 794 4913 admonitio.
827 4855 1011 4925 Cogita
1038 4858 1180 4911 enim
1208 4857 1476 4926 quomodo
1508 4874 1611 4913 non
1645 4876 1674 4913 a
1707 4861 1963 4930 principio

385 4966 561 5020 neque
584 4949 650 5003 ab
671 4947 908 5003 exordiis
937 4946 1038 5003 hoc
1064 4949 1347 5001 consilium
1383 4949 1578 5004 Paulus
1598 4950 1837 5016 dederit,
1867 4952 1962 5006 sed

381 5053 662 5112 postquam
693 5039 822 5094 vidit
858 5053 1068 5091 onmem
1095 5039 1347 5092 virtutem
1374 5039 1658 5107 deiectam,
1690 5050 1816 5095 tunc
1835 5057 1960 5096 con-

379 5133 583 5187 suluit:
629 5145 801 5201 neque
832 5129 931 5182 hoc
974 5127 1308 5196 simpliciter,
1339 5129 1433 5183 sed
1461 5146 1582 5184 cum
1613 5131 1964 5198 prtelinitione

379 5223 609 5281 quadam
635 5240 649 5277 :
679 5239 784 5278 non
807 5221 949 5277 enim
977 5219 1286 5289 simpliciter
1307 5219 1464 5286 dixit,
1494 5221 1631 5274 Vino
1657 5233 1820 5285 utere,
1847 5221 1962 5282 sed.

391 5312 519 5366 Vino
543 5315 742 5368 modico
767 5330 784 5368 :
814 5329 918 5367 non
939 5311 1078 5382 quod
1118 5309 1217 5363 hac
1258 5309 1624 5366 admonitione
1663 5322 1718 5366 et
1743 5313 1965 5366 oonsilio

387 5405 704 5460 Timetheus
730 5416 935 5475 egeret,
967 5404 1060 5459 sed
1087 5401 1226 5473 quod
1257 5415 1354 5454 nos
1380 5401 1733 5473 indigeamus.
1766 5403 1967 5460 idcirco

384 5499 449 5552 ad
496 5497 642 5552 illum
665 5498 934 5564 scribens,
985 5496 1138 5550 nobis
1173 5492 1391 5549 bibendi
1429 5493 1538 5548 vini
1572 5511 1878 5551 mensuram
1911 5505 1966 5552 ct

390 5591 646 5646 terminos
674 5590 889 5654 statuit;
916 5600 1121 5644 tantum
1148 5587 1332 5642 bibere
1351 5584 1566 5655 jubens,
1588 5598 1846 5656 quantum
1878 5604 1969 5642 va-

391 5680 679 5737 letudinem
713 5679 953 5748 adjuvet,
984 5688 1243 5750 quantum
1278 5675 1486 5747 corpori
1521 5677 1803 5732 sanitatem
1833 5695 1970 5748 pra:-

388 5816 697 5932 “jwopidam
722 5829 734 5864 :
765 5814 1132 5876 .-rrprclicm!cns
1147 5813 1311 5868 omnia
1331 5809 1536 5878 ﬁu‘ifiler
1554 5818 1598 5863 ct
1622 5810 1840 5863 celeriter
1863 5827 1971 5864 suc-

443 5910 454 5928 ι
509 5894 610 5930 ...ιξὶσ

2037 587 2180 651 beat,
2210 597 2266 642 et
2298 603 2402 640 non
2444 587 2671 642 alterunt
2705 584 2951 641 morbum
2985 601 2998 637 :
3032 597 3138 638 non
3170 582 3445 653 pauciores
3474 583 3618 636 enim

2036 696 2193 750 quam
2227 680 2608 736 immoderatus
2635 696 2786 750 aqute
2818 687 2995 749 potus,
3028 677 3122 732 sed
3165 676 3333 730 multo
3363 675 3541 745 plures
3567 685 3627 727 et

2039 772 2372 827 difficiliores
2398 774 2559 826 animi
2589 782 2642 826 et
2672 773 2916 844 corporis
2947 770 3164 825 morbos
3205 769 3485 824 immodica
3516 767 3625 821 vini

2038 866 2176 933 parit
2221 864 2444 934 potatio,
2490 865 2795 932 passionum
2837 863 3071 926 bellum,
3096 860 3446 914 absurdarutu
3475 858 3625 928 cogi-

2038 959 2298 1012 tationum
2329 958 2616 1027 procell.:m
2647 959 2698 1010 in
2723 969 2954 1012 mentem
2987 956 3270 1019 inducens,
3305 964 3358 1007 et
3385 952 3628 1021 corporis

2039 1050 2144 1103 vim
2195 1051 2493 1104 molliorem
2529 1059 2585 1104 et
2621 1050 2985 1103 solubiliorcm
3031 1049 3291 1104 efficiens.
3333 1045 3449 1100 Non
3485 1045 3628 1098 enim

2041 1139 2113 1193 ita
2159 1150 2318 1194 terra:
2364 1153 2548 1196 natura
2598 1151 2788 1196 vexata
2828 1157 3083 1208 aquarum
3142 1136 3630 1207 superabundantia

2041 1232 2293 1288 continue
2333 1234 2675 1299 dissolvitur,
2731 1241 2790 1287 ut
2838 1233 3079 1298 corporis
3136 1229 3217 1283 vis
3259 1227 3528 1283 mollescit
3577 1233 3633 1278 et

2044 1323 2236 1376 diffluit
2261 1333 2312 1376 ct
2342 1323 2655 1390 dissipatur,
2695 1320 2803 1376 vini
2837 1329 2962 1390 potu
2993 1321 3244 1372 continuo
3290 1318 3629 1387 ingurgitata.

2044 1416 2328 1484 Fugiamus
2375 1415 2529 1482 ig'tur
2559 1415 2804 1484 utrinque
2833 1411 3298 1479 intemperantiam
3325 1411 3339 1439 ‘
3372 1419 3480 1461 tttm
3511 1421 3634 1460 cor-

2046 1509 2189 1578 poris
2219 1506 2580 1559 valctudincm
2615 1506 2852 1559 curando
2872 1546 2884 1568 ,
2930 1513 3038 1556 tum
3069 1503 3235 1571 ipsius
3273 1500 3523 1554 lascivias
3551 1513 3636 1552 τοο

2043 1597 2290 1652 cidcndu.
2328 1595 2521 1648 Vinum
2558 1596 2700 1648 enim
2741 1612 2768 1646 a
2799 1596 2907 1648 Deo
2939 1594 3122 1647 datunt
3152 1600 3256 1651 est,
3302 1607 3408 1644 non
3438 1597 3497 1642 ut
3525 1589 3634 1640 ine-

2047 1688 2307 1750 bricutur,
2338 1685 2431 1739 sed
2461 1694 2518 1737 ut
2542 1683 2704 1736 sobrii
2731 1684 2932 1736 simus:
2965 1691 3023 1735 ut
3055 1682 3412 1744 delectemur,
3441 1692 3547 1730 non
3582 1683 3640 1730 ut

2046 1779 2340 1833 doleamus.
2406 1775 2588 1828 Vinum
2630 1774 2774 1828 enim
2822 1773 3066 1838 freti/icui,
3103 1772 3272 1839 inquit
3317 1768 3518 1831 David,
3553 1781 3641 1818 cor

2047 1873 2261 1925 hominis
2284 1869 2457 1938 (Psal.
2492 1868 2614 1922 105.
2649 1867 2738 1936 15)
2767 1883 2780 1918 :
2817 1875 2872 1917 ιιι
2905 1878 3033 1918 vero
3064 1863 3234 1931 ipsum
3266 1859 3496 1914 tristitia:
3527 1871 3641 1911 ma-

2048 1964 2232 2017 teriam
2249 1961 2396 2015 facis.
2423 1961 2633 2015 Etenim
2657 1960 2837 2011 animo
2854 1965 3082 2025 gravato
3103 1961 3229 2008 sunt
3245 1967 3402 2019 supra
3421 1950 3640 2003 modum

2047 2056 2213 2116 ebrii,
2241 2054 2475 2108 tenebris
2507 2053 2688 2106 multis
2719 2051 2883 2104 menti
2911 2049 3118 2103 offusis.
3153 2046 3413 2099 Medicina
3444 2042 3640 2109 Optima

2051 2151 2155 2205 est,
2185 2143 2396 2211 quando
2434 2141 3006 2194 commensurationem
3040 2138 3198 2190 habet
3241 2135 3523 2203 optimam.
3553 2131 3648 2184 llic

2052 2235 2203 2289 locus
2241 2243 2296 2288 et
2333 2244 2518 2288 contra
2565 2233 2846 2285 ltmreticos
2893 2229 3036 2281 utilis
3070 2237 3171 2289 est,
3213 2227 3305 2279 Dei
3346 2234 3644 2279 creaturam

2050 2334 2364 2379 accusantes
2394 2341 2407 2376 :
2441 2322 2484 2375 si
2512 2323 2653 2375 enim
2681 2320 2747 2374 de
2774 2319 2950 2373 velitis
2975 2326 3151 2378 esset,
3187 2331 3290 2368 non
3321 2312 3649 2382 perutisi~sct

2051 2415 2268 2480 Paulus,
2301 2429 2406 2467 non
2436 2412 2559 2465 vino
2581 2409 2834 2465 utendum
2862 2408 3102 2461 dixisset.
3132 2405 3244 2459 Non
3271 2405 3442 2458 solum
3471 2415 3644 2454 autem

2051 2518 2236 2560 contra
2282 2505 2593 2564 haereticos,
2623 2501 2715 2556 sed
2761 2510 2813 2554 ct
2853 2509 3037 2552 contra
3079 2497 3302 2552 fratrutn
3333 2504 3642 2548 nostrorum

2053 2601 2424 2670 simpliciores,
2455 2598 2544 2667 qui
2574 2605 2853 2665 postquam
2895 2594 3101 2660 aliquos
3133 2606 3244 2658 pra:
3289 2589 3551 2643 ebrietate
3590 2599 3644 2637 sc

2055 2692 2405 2757 deturpantes
2445 2689 2707 2748 viderint,
2751 2686 2870 2738 illos
2914 2684 3219 2748 vituperare
3275 2678 3582 2730 omittentcs
3604 2675 3647 2738 ',

2057 2781 2287 2836 fructum
2320 2794 2349 2832 a
2382 2780 2488 2832 Deo
2515 2778 2693 2830 datum
2717 2773 3128 2830 calumniantur.
3156 2768 3416 2830 dicentes,
3441 2765 3554 2820 Non
3583 2765 3657 2819 sit

2059 2875 2262 2928 vinum.
2293 2872 2425 2938 Ipsis
2449 2872 2623 2938 itaque
2651 2867 2914 2932 dicamus,
2945 2863 3057 2917 Non
3085 2863 3153 2916 sit
3178 2860 3426 2913 ebrietas.
3458 2856 3647 2909 Vinum

2057 2965 2197 3019 enim
2223 2964 2338 3028 Dei,
2370 2963 2600 3017 ebrietas
2626 2959 2819 3013 diaboli
2848 2973 2980 3025 opus
3002 2962 3114 3016 est;
3140 2968 3244 3006 non
3268 2951 3445 3003 vinum
3469 2947 3652 3002 ebrie-

2059 3066 2219 3110 tatem
2264 3055 2421 3115 facit.
2452 3053 2545 3106 sed
2591 3047 2997 3118 intemperantia
3028 3044 3342 3098 ebrietatem
3382 3037 3508 3092 facit
3541 3053 3554 3088 :
3582 3051 3653 3088 ne

2057 3149 2152 3203 Dei
2183 3157 2483 3201 creaturam
2511 3157 2751 3206 accuses,
2771 3139 2863 3194 sed
2891 3136 3138 3192 conservi
3169 3132 3430 3187 insaniam
3458 3141 3644 3197 argue.

2058 3240 2136 3294 Tu
2159 3254 2289 3292 vero
2317 3242 2623 3307 peccantem
2659 3232 2848 3301 punire
2869 3237 2923 3283 et
2948 3228 3216 3296 corrigere
3243 3222 3521 3285 ontittcns,
3549 3218 3649 3272 be-

2057 3332 2381 3387 nefactorem
2410 3326 2580 3380 afficis
2609 3320 2976 3380 contumelia?

2131 3425 2184 3478 5.
2219 3423 2334 3475 Vini
2373 3421 2659 3473 moderatus
2699 3430 2821 3468 usus
2867 3411 3188 3482 permittitur.
3216 3437 3286 3448 —
3313 3406 3446 3459 (lum
3495 3401 3654 3470 igitur

2063 3514 2320 3584 quosdam
2365 3512 2481 3565 hinc
2517 3509 2756 3564 dicentes
2785 3503 3140 3563 audierimus,
3175 3499 3548 3551 obmutescere
3578 3491 3656 3546 fa-

2061 3608 2304 3660 ciamus:
2337 3617 2443 3655 non
2471 3606 2610 3654 enim
2644 3612 2792 3662 usus,
2815 3595 2908 3649 scd
2941 3590 3311 3646 immoderatio
3339 3587 3654 3640 ebrietatem

2063 3696 2185 3748 facit
2206 3711 2219 3746 :
2239 3692 2575 3755 ebrietatem,
2596 3690 2833 3757 inquam,
2857 3684 3116 3738 malortttn
3138 3680 3372 3733 omnium
3392 3676 3646 3730 radicem.

2062 3783 2254 3838 Vinum
2283 3782 2466 3836 datum
2498 3789 2600 3843 est,
2644 3789 2700 3831 ut
2744 3774 3050 3844 languidum
3095 3785 3290 3838 corpus
3331 3769 3518 3836 erigat,
3547 3778 3654 3818 non

2062 3880 2118 3926 ut
2147 3873 2340 3925 anima:
2381 3871 2545 3924 robur
2583 3868 2885 3937 opprimat:
2920 3873 2976 3916 ut
3013 3862 3192 3916 carnis
3235 3858 3651 3912 imbecillitatem

2065 3965 2234 4027 tollat,
2262 3978 2367 4017 non
2394 3969 2453 4015 ut
2479 3961 2642 4015 animi
2660 3958 2941 4012 sanitatem
2965 3952 3302 4008 exterminet.
3326 3949 3442 4002 Noli
3474 3948 3653 4016 igitur,

2066 4055 2414 4111 immoderate
2438 4053 2528 4106 Dei
2551 4064 2770 4105 munere
2791 4057 2966 4109 utens,
3000 4045 3174 4098 stultis
3200 4052 3253 4096 ct
3273 4039 3657 4110 imprudentio—

2066 4147 2216 4201 ribus
2238 4144 2542 4200 hominibus
2562 4141 2868 4196 occasiones
2882 4137 3144 4207 pnebere.
3163 4133 3299 4201 Quid
3319 4133 3461 4186 enim
3481 4129 3657 4184 ebrie-

2073 4246 2180 4291 tate
2224 4231 2622 4290 miserabilius?
2663 4240 2908 4286 mortuus
2951 4236 3034 4281 est
3077 4227 3370 4287 animatus,
3418 4221 3598 4276 ebrius
3638 4237 3655 4274 :

2065 4329 2275 4382 dremon
2304 4336 2386 4382 est
2413 4325 2746 4380 voluntarius
2777 4340 2791 4374 :
2820 4319 3041 4373 morbus
3062 4317 3271 4370 veniam
3300 4331 3404 4368 non
3433 4313 3656 4377 habens,

2069 4420 2220 4472 ruina
2269 4415 2610 4471 excusatione
2650 4425 2859 4470 carens,
2905 4423 3189 4462 commune
3233 4404 3446 4474 generis
3489 4403 3657 4456 nostri

2072 4506 2436 4577 Opprobrium.
2468 4504 2584 4558 Non
2617 4503 2756 4555 enim
2787 4501 2839 4553 in
2869 4497 3217 4553 conventibus
3240 4503 3441 4548 tantum
3459 4493 3661 4548 inutilia

2067 4599 2266 4660 ebrius,
2295 4606 2384 4650 aut
2411 4597 2464 4649 in
2494 4594 2721 4665 privatis
2748 4599 2803 4646 et
2831 4590 3055 4659 publicis
3093 4587 3352 4656 negetiis,
3379 4585 3473 4638 sed
3499 4585 3657 4638 etiam

2068 4692 2184 4744 Solo
2227 4698 2309 4743 cst
2349 4696 2568 4756 aspectu
2608 4685 2845 4738 omnium
2887 4680 3253 4749 gravissimus,
3303 4676 3524 4730 fictores
3564 4689 3658 4728 ex-

2070 4782 2256 4836 halans
2300 4779 2643 4833 teterrimos:
2691 4775 3050 4829 eructationcs
3095 4780 3148 4825 et
3191 4770 3555 4832 oscitationes,
3607 4774 3660 4820 et

2074 4890 2234 4929 voces
2264 4872 2530 4926 ebriorum
2556 4871 2801 4922 insuaves
2827 4875 2985 4934 atque
3015 4863 3254 4917 molesta:
3279 4875 3390 4924 eos,
3420 4860 3508 4929 qui
3535 4873 3659 4928 spe-

2071 4972 2214 5017 ctant
2242 4970 2296 5014 et
2329 4959 2486 5014 simul
2514 4967 2657 5019 sunt,
2695 4965 2932 5010 extrema
2964 4952 3367 5007 abominatione
3397 4949 3656 5018 implent:

2069 5063 2122 5106 et
2148 5050 2289 5121 quod
2322 5050 2582 5103 malorum
2613 5055 2768 5116 caput
2789 5054 2892 5111 est,
2924 5044 3114 5099 celum
3143 5042 3307 5097 ebriis
3329 5042 3659 5096 inaccessum

2072 5142 2157 5196 hic
2204 5141 2422 5196 morbus
2466 5137 2664 5200 efficit,
2717 5152 2818 5191 nec
2863 5145 3065 5190 aiterna
3107 5135 3243 5188 bona
3285 5132 3494 5199 assequi
3536 5145 3660 5198 pcr-

2072 5233 2253 5295 mittit,
2283 5231 2374 5286 sed
2403 5239 2600 5302 prarter
2628 5230 2746 5282 vitze.
2774 5228 2929 5296 hujus
2956 5225 3322 5294 opprobrium,
3346 5231 3401 5276 et
3428 5222 3538 5275 illic
3567 5221 3661 5274 tali

2074 5323 2265 5378 morbo
2316 5323 2620 5377 laborantes
2679 5334 2832 5388 pinna
2885 5324 3060 5371 manet
3111 5313 3463 5369 intoleranda.
3518 5312 3664 5366 lianc

2076 5418 2235 5488 igitur
2253 5416 2545 5486 improbam
2572 5410 3007 5467 consuetudinem
3026 5407 3350 5473 recidamus,
3368 5416 3422 5460 et
3443 5405 3661 5459 Paulum

2076 5509 2353 5564 audiamus
2381 5507 2668 5568 dicentem,
2709 5501 2836 5554 Vino
2879 5501 3078 5553 modico
3123 5509 3302 5553 utere:
3343 5499 3514 5566 ipsum
3546 5506 3660 5550 ete—

2079 5604 2188 5657 nim
2230 5599 2494 5654 modicum
2541 5603 2760 5664 propter
2804 5592 3172 5646 infirmitatem
3209 5589 3484 5660 permisit:
3517 5588 3658 5657 quod

2145 5693 2160 5722 ι
2193 5689 2388 5750 Quidam
2413 5701 2425 5735 :
2457 5683 2712 5750 ntgianms
2742 5681 2906 5743 igitur,
2931 5679 3145 5741 obsecro,
3176 5684 3374 5744 peccata
3417 5675 3665 5737 ιιινῡιφιε.

2079 5749 2368 5804 charis-simi.
2397 5756 2492 5796 etc.

2144 5814 2163 5844 ¹
2195 5798 2390 5867 quidam
2416 5824 2428 5858 :
2465 5808 2744 5869 vituperare
2770 5811 2821 5869 rt
2863 5802 3242 5854 etzizmdrcrtere
3273 5814 3350 5852 res
3386 5798 3669 5858 (innitentes.

2082 5873 2365 5933 minimeque
2387 5884 2528 5933 super
2558 5867 2678 5928 φωρ
2695 5867 2888 5918 dehiscit
2913 5880 3158 5916 rmuwrt's.
