4458 6684
822 457 894 509 25
1549 449 1606 502 S.
1646 447 1921 503 JOANNIS
1958 446 2428 503 CIIRYSOSTOSD
2468 445 2780 502 ARClllEP.
2821 446 3347 508 CONSTA‘N'I‘INOP.
4020 466 4086 517 2.5

821 563 918 614 nisi
957 561 1292 614 imbecillitas
1323 570 1585 622 vexasset,
1625 573 1795 628 neque
1824 557 2087 612 modicum
2117 559 2400 613 admittere

822 653 1136 722 discipulum
1183 653 1465 722 coegisset.
1523 653 1744 720 Oportet
1789 651 1930 704 enim
1975 651 2128 705 nobis
2180 651 2401 704 traditos

823 745 968 797 cibos
1005 754 1060 798 et
1093 753 1250 811 potus
1292 743 1619 812 temporibus
1657 755 1710 796 et
1747 743 2150 798 necessitatibus
2190 759 2403 811 semper

822 835 1017 894 metiri,
1059 843 1114 888 et
1156 835 1456 888 nullatenus
1498 835 1867 888 necessitatem
1903 831 2182 895 excedere,
2229 847 2402 900 neque

823 923 1189 992 imprudenter
1214 934 1266 978 et
1287 932 1484 978 temere
1505 923 1630 988 quid
1659 923 1832 978 facere
1859 931 2086 991 Oportet.
2117 920 2223 975 Sed
2251 933 2401 990 post-

820 1029 980 1083 quam
1012 1014 1156 1068 Pauli
1187 1030 1367 1068 curam
1413 1024 1468 1068 et
1503 1013 1771 1069 Timothei
1799 1016 2043 1068 virtutem
2082 1011 2401 1082 didicimus,

824 1105 904 1158 eia
934 1104 1184 1173 deinceps
1213 1103 1278 1158 ad
1311 1105 1478 1172 ipsam
1515 1107 1865 1174 quaestionum
1894 1103 2212 1158 solutionem
2241 1103 2407 1158 duca-

824 1201 912 1247 tur
939 1195 1127 1248 oratio.
1157 1195 1411 1260 Quzenam
1457 1196 1617 1264 igitur
1651 1193 2002 1265 quaeruntur?
2029 1193 2222 1248 lterum
2261 1195 2404 1248 enim

823 1283 1002 1338 dicere
1029 1284 1388 1338 necessarium
1420 1294 1522 1350 est,
1547 1297 1604 1340 ut
1631 1285 1827 1339 solutio
1848 1283 2174 1338 manifestior
2197 1281 2407 1338 efﬁcia-

825 1382 927 1427 tur.
961 1371 1074 1439 Qua
1101 1372 1169 1427 de
1206 1388 1366 1427 causa
1404 1385 1646 1429 sanctum
1686 1376 1864 1439 talem,
1913 1384 2054 1427 tanta
2089 1382 2406 1428 tractantem

823 1465 1056 1533 negotia,
1083 1465 1132 1516 in
1160 1464 1403 1518 morbum
1435 1465 1574 1518 Deus
1603 1465 1838 1519 incidere
1868 1463 2126 1533 permisit,
2154 1471 2210 1516 et
2234 1479 2407 1532 neque

825 1552 956 1620 ipse,
984 1567 1156 1620 neque
1180 1563 1474 1623 praeceptor
1493 1553 1856 1623 aegritudinem
1883 1568 2071 1608 curare
2099 1561 2405 1622 potuerunt,

822 1642 916 1696 sed
948 1642 1164 1698 bibendi
1192 1644 1298 1698 vini
1339 1645 1535 1698 auxilio
1559 1659 1693 1712 Opus
1731 1643 2065 1699 habuerunt?
2091 1644 2156 1698 Et
2182 1645 2406 1714 qua-sita

823 1731 1040 1800 quidem
1067 1732 1182 1788 ba'c
1206 1740 1394 1787 erant:
1422 1743 1634 1802 oportet
1653 1743 1829 1788 autem
1858 1735 2023 1802 ipsam
2050 1735 2246 1790 inferre
2263 1735 2408 1788 solu-

824 1822 1053 1886 tionem,
1083 1833 1140 1876 ut
1166 1838 1272 1876 non
1315 1831 1518 1876 tantum
1558 1823 1602 1877 si
1633 1824 1722 1892 qui
1754 1822 1806 1876 in
1835 1823 2078 1879 morbum
2111 1835 2163 1879 et
2193 1824 2408 1894 {egritu-

823 1913 1003 1968 dinem
1030 1915 1213 1979 talem,
1245 1914 1338 1968 sed
1368 1925 1422 1970 et
1445 1916 1763 1985 quicumque
1792 1916 1844 1969 in
1873 1917 2176 1985 pauperiem
2208 1917 2409 1972 incide-

823 2005 932 2057 rint
955 2013 1012 2058 ct
1033 2003 1248 2066 famem,
1271 2014 1324 2058 et
1351 2005 1578 2068 vincula,
1601 2015 1657 2060 et
1678 2015 1964 2070 tormenta,
1984 2016 2038 2061 et
2061 2007 2405 2070 tentationes,

817 2103 875 2148 et
899 2094 1214 2160 calumnias,
1256 2105 1556 2164 ceteraque
1585 2099 1862 2166 prmsentis
1889 2099 2010 2152 vitae
2049 2099 2406 2167 incommoda,

820 2184 990 2238 sancti
1036 2185 1196 2239 etiam
1239 2185 1417 2255 magni
1459 2197 1513 2241 et
1561 2187 1902 2243 admirabiles
1947 2189 2084 2253 viri,
2134 2204 2201 2244 ex
2249 2190 2409 2245 rebus

823 2276 982 2331 hodie
1025 2277 1266 2332 dicendis
1308 2279 1553 2334 idoneam
1583 2291 1637 2334 et
1675 2280 2160 2336 manifestissimam
2211 2281 2264 2335 in
2304 2281 2409 2336 illis

821 2382 1036 2438 quoque
1077 2369 1441 2425 defensiOnem
1484 2381 1667 2425 contra
1721 2386 1974 2426 accusare
2029 2372 2269 2427 volentes
2322 2373 2407 2426 in-

821 2459 1004 2512 venire
1031 2460 1255 2529 possint.
1286 2460 1480 2515 Multos
1522 2462 1663 2516 enim
1704 2462 1981 2516 audivistis
2016 2463 2137 2518 talia
2165 2478 2409 2533 queren-

823 2557 903 2602 tes
935 2547 1112 2615 :Quid
1144 2549 1354 2604 tandem
1388 2551 1475 2604 ille
1505 2551 1780 2605 modestus
1819 2562 1871 2605 et
1898 2563 2208 2609 mansuetus
2245 2553 2407 2609 homo

819 2637 888 2690 ah
911 2638 1016 2691 alio
1043 2639 1273 2707 quodam
1295 2639 1457 2709 impio
1483 2650 1539 2695 et
1565 2641 1806 2711 improbo
1827 2657 1924 2711 per
1950 2643 2187 2713 singulos
2216 2644 2330 2698 dies
2355 2644 2407 2698 in

819 2727 1078 2796 judicium
1105 2729 1360 2794 trahitur,
1390 2739 1444 2784 et
1469 2731 1778 2787 innumeras
1807 2735 2006 2801 patitur
2033 2734 2324 2798 molestias,
2357 2743 2412 2789 et

826 2817 966 2870 Deus
999 2819 1293 2886 permittit?
1321 2835 1483 2889 quare
1519 2822 1655 2875 alter
1694 2831 1992 2887 accusatus,
2035 2823 2230 2891 injuste
2264 2838 2410 2878 mor-

824 2917 946 2963 tuus
975 2909 1090 2963 est?
1130 2909 1224 2964 Ille
1261 2911 1571 2966 submersus
1619 2924 1720 2978 est,
1759 2914 1958 2983 inquit,
1989 2915 2126 2968 alius
2171 2918 2411 2986 praecipi-

825 3007 966 3054 tatus
995 3018 1009 3054 :
1037 3011 1092 3055 et
1120 3003 1314 3057 multos
1345 3019 1620 3071 possemus
1644 3003 1848 3058 referre
1877 3015 2092 3060 sanctos
2121 3018 2174 3060 et
2211 3010 2408 3062 nostris

827 3102 883 3148 et
912 3093 1172 3163 majorum
1217 3107 1522 3151 nostrorum
1563 3097 1912 3166 temporibus,
1942 3101 2030 3169 qui
2061 3101 2256 3155 multas
2291 3116 2408 3155 sus-

827 3185 1100 3239 tinuerunt
1161 3186 1568 3254 tribulatioues,
1619 3189 1930 3245 differentes
1986 3201 2042 3246 et
2096 3193 2289 3245 varias.
2339 3191 2412 3248 Ut

826 3273 984 3340 igitur
1013 3273 1202 3329 horum
1240 3277 1477 3330 omnium
1515 3278 1773 3333 rationem
1813 3280 2121 3344 videamus,
2153 3289 2208 3334 et
2239 3296 2412 3349 neque

825 3364 925 3432 ipsi
957 3365 1365 3433 perturbemur,
1395 3383 1566 3436 neque
1595 3368 1728 3422 alios
1753 3370 2142 3425 scandalizatos
2178 3371 2411 3442 negliga-

827 3470 966 3518 tnus,
997 3471 1137 3511 nunc
1156 3456 1397 3512 dicendis
1425 3458 1830 3528 diligentissime
1859 3462 2218 3516 attendamus.

895 3545 946 3600 6.
971 3546 1152 3602 Causa:
1187 3553 1341 3603 varia!
1368 3567 1460 3602 cur
1485 3549 1624 3604 Deus
1646 3561 1846 3604 sanctos
1875 3552 2011 3605 mala
2038 3555 2233 3622 perpeti
2255 3555 2407 3608 sinat.

824 3636 1070 3692 -—Varia:
1113 3639 1254 3692 enim
1301 3651 1354 3693 et
1393 3640 1715 3694 omnimodze
1759 3651 2064 3695 sanctorum
2111 3642 2411 3700 afflictionis

823 3741 1012 3781 causas
1046 3744 1269 3782 numero
1286 3735 1412 3781 octo
1433 3726 1676 3784 charitati
1716 3741 1905 3786 vestra:
1943 3733 2123 3788 dicere
2169 3750 2402 3803 ροεειιιιι.

827 3818 1028 3873 Idcirco
1056 3834 1242 3874 omnes
1265 3836 1384 3874 cum
1410 3823 1675 3892 diligentia
1697 3822 1930 3877 animum
1952 3824 2219 3889 adhibete,
2235 3827 2408 3880 scicn-

825 3919 906 3967 tes
926 3913 1066 3982 quod
1094 3913 1234 3966 nulla
1261 3913 1512 3984 deinceps
1542 3915 1692 3970 nobis
1717 3916 1867 3970 venia
1893 3926 1944 3971 et
1969 3919 2242 3972 excusatio
2267 3919 2410 3972 dabi-

825 4015 930 4069 tur,
944 4003 988 4056 si
1004 4004 1070 4057 de
1082 4004 1504 4073 contingentibus
1521 4005 1962 4069 scandalizemur,
1977 4009 2169 4077 quippe
2184 4010 2407 4078 quicum

823 4093 930 4147 sint
959 4101 1064 4147 tam
1087 4095 1264 4148 multm
1285 4097 1536 4158 rationes,
1563 4106 1827 4166 tamquam
1851 4099 1993 4150 nulla
2013 4100 2102 4162 sit,
2126 4100 2195 4151 ita
2216 4101 2410 4154 tumui-

827 4193 1037 4238 tuetnur
1055 4191 1108 4238 et
1125 4185 1514 4252 perturbemur.
1536 4186 1713 4255 Itaque
1738 4188 1906 4255 prima
1928 4189 2138 4257 quidem
2164 4201 2241 4243 est
2265 4191 2408 4259 quod

827 4293 892 4331 ne
905 4275 1056 4330 facile
1069 4277 1120 4330 in
1137 4278 1491 4346 arrogantiam
1513 4288 1728 4346 propter
1742 4279 2049 4333 meritorum
2067 4289 2120 4334 et
2137 4281 2414 4334 miraculo:

827 4384 942 4423 rum
976 4369 1390 4439 magnitudinem
1423 4371 1691 4435 tollantur,
1723 4372 1865 4440 ipsos
1897 4372 2034 4426 Deus
2061 4373 2202 4426 sinat
2225 4373 2404 4440 affligi.

825 4459 1088 4525 Secunda,
1119 4477 1184 4514 ne
1213 4462 1390 4516 cmteri
1421 4462 1674 4531 majorem
1708 4462 1936 4517 habeant
1962 4463 2028 4518 de
2050 4465 2177 4534 ipsis
2202 4464 2409 4532 Opinio-

829 4566 971 4615 nem,
999 4567 1156 4621 quam
1188 4553 1415 4606 humana
1443 4555 1638 4622 patitur
1664 4565 1870 4620 natura,
1889 4557 2101 4624 etipsos
2121 4556 2272 4620 deos,
2301 4573 2405 4610 non

828 4650 1007 4696 autem
1047 4641 1289 4696 homines
1324 4658 1442 4696 esse
1483 4644 1824 4698 arbitrentur.
1874 4647 2071 4711 Tertia,
2118 4659 2174 4701 ut
2216 4659 2268 4701 et
2315 4649 2406 4702 Dei

832 4731 1001 4784 virtus
1035 4740 1290 4799 appareat
1320 4746 1414 4800 per
1439 4741 1758 4801 :egrotantes
1789 4742 1844 4788 et
1866 4736 2215 4804 compeditos,
2247 4752 2410 4790 exsu-

832 4837 1024 4891 perans
1044 4821 1346 4888 etvincens,
1359 4838 1422 4878 ac
1437 4824 1866 4893 pr:edicatiouem
1879 4841 2098 4895 augens.
2117 4828 2336 4894 Quarta,
2354 4838 2412 4882 ut

834 4913 1065 4980 ipsorum
1091 4913 1341 4981 patientia
1370 4915 1700 4969 manifestior
1729 4915 1836 4978 fiat,
1859 4932 1962 4969 non
1983 4929 2199 4987 propter
2218 4933 2414 4972 merce-

829 5003 952 5057 dem
966 5001 1238 5056 hominum
1260 5004 1366 5058 Deo
1382 5006 1846 5071 servientium,sed
1864 5017 1916 5061 et
1935 5016 2131 5062 tantam
2157 5008 2415 5063 exhiben-

831 5093 961 5145 tium
989 5092 1386 5162 gratitudinem,
1404 5103 1462 5148 ut
1480 5104 1534 5148 et
1557 5105 1676 5162 post
1698 5104 1774 5149 tot
1798 5097 1935 5150 mala
1952 5097 2158 5152 sincera
2175 5100 2223 5152 in
2241 5100 2411 5167 ipsum

834 5183 1197 5237 benevolentia
1239 5184 1566 5239 ostendatur.
1599 5184 1812 5252 Quinta,
1846 5197 1901 5240 ut
1921 5189 1988 5243 de
2022 5192 2413 5246 resurrectione

831 5275 1159 5344 cogitemus:
1181 5289 1302 5329 cum
1334 5275 1475 5330 enim
1501 5277 1672 5330 virum
1699 5277 1897 5346 justum
1923 5290 1976 5332 et
2002 5280 2164 5333 multa
2197 5283 2408 5350 plenum

837 5367 1049 5431 virtute,
1077 5366 1351 5422 innumera
1377 5384 1587 5439 passum
1609 5370 1765 5433 tnala,
1790 5378 1842 5423 et
1870 5370 1946 5423 sic
1973 5369 2096 5424 hinc
2115 5371 2409 5440 digressum

835 5456 1050 5522 videris,
1079 5457 1163 5512 vel
1195 5459 1386 5515 invitus
1414 5461 1480 5516 de
1505 5461 1684 5516 futuro
1711 5461 1780 5516 ibi
1803 5462 2004 5532 judicio
2029 5461 2230 5529 cogites
2255 5477 2410 5531 Opor-

835 5555 930 5602 tet.
975 5547 1030 5602 Si
1068 5548 1210 5602 enim
1240 5565 1334 5619 pro
1365 5567 1423 5607 se
1445 5553 1604 5611 homo
1631 5554 1930 5608 laborantes
1950 5552 2069 5606 sine
2096 5553 2330 5621 praemiis
2359 5563 2414 5608 et

835 5639 1182 5696 retributione
1207 5641 1354 5696 abire
1394 5658 1500 5698 non
1540 5646 1795 5714 permittit
1829 5662 1844 5698 :
1873 5643 2043 5698 multo
2086 5645 2252 5712 magis
2295 5658 2408 5710 eos,

836 5734 924 5804 qui
945 5742 1147 5789 tantum
1174 5735 1565 5803 laboraverunt,
1583 5753 1869 5808 numquam
1896 5739 2236 5792 incoronatos
2249 5750 2394 5790 rcma

841 5839 963 5880 acre
983 5825 1120 5883 Deus
1149 5826 1418 5884 decernet.
1439 5827 1493 5884 Si
1517 5838 1691 5884 antem
1729 5832 1871 5904 ipsos
1905 5829 2144 5888 laborum
2187 5843 2405 5885 suorum

2511 555 3083 625 retributioueprivarc
3119 563 3272 627 nolit,
3296 563 3513 616 omnino
3549 575 3767 619 neCCSSe
3802 576 3883 620 est
3914 573 4088 638 quod-

2508 649 2628 702 dam
2671 647 2812 701 aliud
2859 657 3066 717 tempus
3103 668 3222 708 esse
3258 664 3376 723 post
3406 655 3746 724 praesentium
3779 656 3958 724 finem,
3985 679 4092 730 quo

2509 737 2783 808 prmsentis
2801 738 2924 791 vita:
2944 738 3184 795 laborum
3207 745 3581 801 retributiones
3602 745 3877 813 recipiant.
3902 747 4088 814 Sexta,

2511 837 2570 882 ut
2594 841 2778 882 omnes
2797 827 2848 880 in
2869 842 2957 881 res
2981 827 3236 886 adversas
3259 835 3571 898 incidentes,
3597 835 3942 890 sufficientem
3963 853 4096 891 con-

2511 919 2823 973 solationem
2846 929 2900 972 et
2921 919 3305 987 mitigationem
3397 927 3647 992 habeant,
3678 927 3732 982 in
3761 942 3854 982 eos
3875 929 4095 996 respici-

2511 1017 2679 1072 entes,
2711 1008 3051 1062 etmalorum
3080 1024 3199 1078 qua:
3235 1012 3365 1080 ipSIS
3403 1016 3645 1071 accidere
3683 1034 3964 1073 memores.
3997 1021 4091 1072 Sec

2511 1098 2693 1167 ptima,
2712 1112 2778 1152 ne
2801 1097 3014 1166 quando
3033 1100 3379 1154 exhortamur
3400 1118 3493 1156 vos
3511 1105 3575 1158 ad
3593 1105 3804 1159 illorum
3821 1109 4091 1172 virtutem,

2511 1195 2564 1241 et
2588 1187 2776 1256 cuique
2800 1186 3048 1255 dicimus,
3078 1186 3292 1242 lmltare
3318 1189 3538 1244 Paulum
3561 1235 3576 1258 ,
3610 1195 3817 1251 imitare
3853 1198 4088 1264 Petrum,

2512 1289 2726 1348 propter
2765 1288 3035 1348 gestorum
3072 1279 3452 1334 sublimitatem
3480 1283 3703 1338 alterius
3729 1287 3871 1355 ipsos
3889 1301 4093 1346 natur-.e

2514 1369 2800 1440 participes
2822 1368 2985 1424 fuisse
3007 1371 3322 1440 cogitantes,
3341 1371 3406 1425 ad
3436 1372 3782 1430 imitationem
3815 1383 4089 1449 torpentis.

2511 1458 2728 1526 Octava,
2744 1459 3022 1530 utquando
3041 1460 3223 1514 beatos
3248 1461 3329 1516 vel
3353 1462 3578 1516 miseros
3599 1477 3818 1520 censere
3843 1480 4088 1537 Oportet,

2511 1548 2778 1606 discamus
2798 1566 2931 1622 quos
2944 1551 3146 1616 beatos,
3169 1567 3302 1622 quos
3322 1555 3547 1608 miseros
3570 1565 3623 1609 et
3639 1572 3970 1615 a:rumnosos
3991 1579 4090 1632 pu-

2513 1651 2627 1697 tare
2644 1643 2952 1698 debeamus.
2973 1645 3131 1714 Igitur
3143 1645 3224 1698 has
3237 1644 3446 1714 quidem
3460 1654 3581 1698 sunt
3592 1661 3768 1702 causa:
3789 1667 3802 1702 :
3821 1651 3913 1705 sed
3934 1668 4094 1722 opor-

2514 1741 2588 1786 tet
2610 1749 2701 1788 eas
2732 1750 2920 1790 omnes
2947 1752 3012 1790 ex
3033 1736 3318 1808 Scripturis
3345 1738 3665 1792 confirmare
3688 1778 3704 1803 ,
3729 1749 3784 1794 et
3807 1741 4090 1813 diligenter

2511 1820 2882 1880 demonstrare
2900 1828 3075 1880 omnia
3099 1840 3255 1896 supra
3278 1826 3414 1881 dicta
3439 1841 3544 1880 non
3569 1827 3921 1886 humanarum
3942 1836 4090 1904 cogi-

2514 1913 2772 1968 tationmn
2815 1915 3048 1981 inventa,
3079 1917 3171 1972 sed
3221 1917 3515 1972 divinarum
3552 1917 3946 1988 Seripturarum
3969 1939 4092 1978 scn-

2515 2005 2704 2057 tentias
2730 2021 2867 2060 esse.
2900 2008 2987 2061 Sic
3010 2009 3149 2062 enim
3175 2020 3227 2062 et
3247 2009 3415 2062 oratio
3438 2009 3538 2062 erit
3559 2008 3713 2062 nobis
3738 2009 3841 2064 fide
3861 2011 4088 2082 dignior,

2514 2103 2568 2147 ct
2609 2097 2796 2148 melius
2838 2097 3030 2152 animis
3077 2100 3268 2153 vestris
3312 2099 3576 2153 insidebit.
3622 2098 3775 2165 Quod
3823 2103 4092 2160 tribulatio

2512 2184 2725 2252 quidem
2770 2188 3008 2242 conferat
3050 2189 3151 2244 hoc
3188 2191 3405 2256 sanctis,
3434 2200 3489 2244 ut
3529 2191 3752 2244 modesti
3780 2191 3887 2245 siut
3914 2204 3968 2247 et
3993 2194 4092 2247 bu-

2515 2274 2689 2340 miles,
2728 2291 2825 2331 nec
2867 2277 3118 2332 inflentur
3159 2295 3224 2334 ex
3261 2280 3425 2348 gestis
3469 2289 3524 2334 et
3563 2280 3749 2349 signis,
3795 2291 3849 2335 et
3875 2295 4094 2352 propter

2514 2366 2615 2421 hoc
2643 2369 2810 2435 ipsam
2833 2373 3050 2426 evenire
3078 2372 3218 2426 Dens
3249 2373 3536 2439 permittat,
3583 2373 3896 2441 pr0phctam
3929 2375 4094 2431 David

2510 2467 2565 2510 et
2607 2457 2828 2512 Paulum
2877 2460 3062 2515 eadem
3110 2461 3348 2515 dicentes
3398 2463 3690 2516 audiamus.
3741 2463 3833 2518 Ille
3878 2467 4093 2534 quidem

2510 2547 2904 2604 dicitzBonum
2952 2553 3094 2616 mihi,
3143 2552 3376 2617 Domine,
3421 2555 3538 2622 quia
3581 2555 3860 2608 humiliasti
3903 2573 4002 2623 me,
4039 2569 4096 2611 ut

2514 2637 2707 2691 discam
2720 2641 3111 2710 justiﬁcationes
3149 2652 3260 2695 tuas
3287 2641 3452 2711 (Psal.
3492 2643 3610 2696 118.
3637 2644 3730 2708 7f)
3761 2661 3773 2696 :
3811 2643 3894 2698 hic
3915 2655 4092 2700 autem

2516 2729 2786 2796 praefatus,
2839 2731 3037 2802 Raptus
3078 2749 3189 2784 sum
3230 2734 3280 2785 in
3327 2734 3524 2786 tertium
3569 2735 3766 2796 cwlum,
3793 2737 3918 2787 etin
3945 2753 4096 2803 para-

2515 2817 2680 2871 disum
2716 2821 3224 2886 elatus;subintulit,
3248 2821 3310 2874 Et
3331 2839 3393 2875 ne
3410 2823 3764 2875 rcvelationum
3800 2826 4095 2894 magnitudo

2514 2908 2821 2962 extollatme
2846 2948 2861 2975 ,
2903 2909 3052 2964 datus
3097 2921 3167 2964 (et
3199 2912 3321 2963 milii
3369 2912 3602 2965 stimulus
3636 2914 3801 2965 carui:
3826 2954 3840 2974 ,
3887 2913 4095 2982 angelus

2517 3006 2726 3061 satanas,
2752 3009 2805 3052 ut
2845 3016 2923 3052 me
2969 3002 3250 3068 colap/tizet
3297 3002 3370 3074 (2.
3395 3001 3512 3056 Cor.
3569 3003 3655 3057 12.
3687 3003 3740 3056 2.
3772 3003 3824 3056 4.
3859 3004 3934 3068 7).
3960 3003 4093 3070 Quid

2517 3089 2616 3144 hoc
2649 3091 2916 3159 apertius?
2943 3091 3016 3144 Ne
3046 3093 3294 3158 extollar,
3343 3095 3529 3162 inquit,
3564 3103 3781 3162 propter
3825 3093 3925 3147 hoc
3971 3110 4091 3163 per-

2515 3181 2656 3233 misit
2690 3182 2825 3234 Deus
2854 3182 3072 3250 angelos
3112 3192 3314 3236 satana:
3359 3184 3696 3253 colaphizare
3729 3198 3833 3237 me.
3861 3184 4096 3253 Angelos

2517 3279 2692 3323 autem
2720 3280 2936 3335 satanae,
2965 3288 3069 3325 non
3091 3273 3362 3327 darmones
3390 3275 3593 3344 aliquos
3614 3274 3765 3339 dicit,
3797 3273 3890 3328 sed
3921 3273 4095 3327 homi-

2517 3375 2612 3413 nes
2637 3359 2850 3414 diabolo
2875 3362 3256 3428 ministrantes,
3281 3364 3521 3418 infideles
3549 3373 3822 3434 tyrannos,
3842 3363 4088 3433 gentiles,

2517 3456 2603 3518 qui
2645 3451 2856 3505 assidue
2886 3452 2982 3520 ipsi
3025 3454 3230 3506 molesti
3269 3463 3440 3517 erant,
3483 3454 3760 3523 ipsumque
3804 3454 4085 3508 vexabant.

2516 3542 2666 3608 Quod
2716 3552 2892 3596 autem
2933 3543 3062 3597 dicit
3106 3542 3407 3612 hujusmodi
3457 3554 3540 3597 est
3572 3563 3586 3597 :
3617 3544 3852 3608 Paterat,
3903 3543 4093 3613 inquit,

2519 3634 2656 3686 Deus
2681 3634 2957 3686 continere
2981 3635 3418 3702 pcrsequutioues
3448 3644 3498 3688 et
3527 3649 3789 3688 aerumnas
3819 3635 4093 3698 assiduas;

2514 3722 2606 3774 sed
2636 3723 2884 3791 quoniam
2919 3723 2969 3775 in
2999 3723 3212 3776 tertium
3243 3733 3424 3791 raptus
3455 3723 3524 3776 fui
3553 3739 3581 3776 c
3602 3724 3758 3785 clum,
3791 3737 3843 3778 et
3871 3726 3920 3778 in
3953 3739 4098 3793 para.

2511 3811 2684 3864 disum
2711 3811 2939 3876 delatus,
2965 3828 3032 3866 ne
3076 3812 3264 3866 harum
3307 3813 3670 3881 magnitudine
3714 3817 4094 3870 revelatiouum

2511 3904 2734 3957 extollar
2762 3913 2816 3958 et
2841 3905 3002 3958 altum
3027 3905 3248 3972 sapiam,
3270 3906 3961 3976 permisitpcrsequutioues
3978 3908 4091 3970 has,

2511 4003 2564 4046 ct
2589 3995 2777 4062 angelo
2804 4004 3002 4046 satanze
3042 4010 3138 4064 per
3181 4011 3214 4064 p
3248 3998 3620 4065 rsequutioncs
3651 4007 3704 4050 et
3731 3999 4096 4053 tribulationes

2516 4098 2600 4136 me
2631 4082 2987 4150 colaphizarc,
3022 4100 3087 4138 ne
3113 4086 3355 4139 extollar.
3389 4086 3503 4138 Etsi
3533 4086 3674 4140 enim
3719 4089 3888 4140 sancti
3920 4097 3972 4142 et
4002 4088 4098 4142 ad-

2515 4175 2788 4228 mirabiles
2815 4175 2919 4229 sint
2948 4176 3137 4228 Paulus
3162 4188 3211 4230 et
3244 4177 3449 4243 Petrus,
3475 4186 3531 4232 et
3559 4193 3748 4232 omnes
3774 4180 4094 4248 quicumque

2515 4270 2664 4330 tales,
2717 4278 2894 4322 tamen
2946 4269 3186 4324 homines
3209 4279 3350 4334 sunt,
3393 4280 3448 4324 et
3496 4270 3675 4324 multa:
3720 4270 3998 4335 cautionis,
4028 4286 4097 4326 ne

2517 4359 2668 4413 facile
2697 4361 3050 4422 extollantur,
3086 4360 3341 4428 indigent,
3361 4370 3410 4414 et
3441 4361 3676 4414 maxime
3706 4361 3943 4412 omnium
3971 4375 4094 4414 san-

2511 4451 2581 4502 cti
2613 4469 2625 4502 :
2658 4449 2785 4504 nihil
2827 4450 2975 4503 enim
3017 4451 3092 4503 sic
3123 4450 3174 4502 in
3206 4451 3559 4519 arrogantiam
3589 4450 3847 4505 extollere
3872 4465 4098 4505 consue-

2512 4541 2606 4604 vit,
2657 4550 2714 4594 ut
2751 4541 3062 4595 meritorum
3113 4541 3265 4609 plena
3308 4540 3732 4606 eonscientia,et
3754 4543 3929 4595 anima
3974 4557 4097 4597 cum

2515 4633 2704 4685 fiducia
2736 4633 2938 4685 vivens.
2966 4630 3041 4684 Ne
3061 4630 3186 4698 quid
3229 4630 3387 4700 igitur
3424 4631 3526 4685 tale
3552 4632 3625 4684 illi
3659 4632 3945 4699 patiantur,
3977 4641 4096 4684 ten-

2514 4727 2741 4780 taliones
2770 4733 2824 4778 et
2852 4723 3223 4777 tribulationes
3250 4737 3370 4776 esse
3407 4723 3692 4787 concessit,
3734 4737 3851 4790 qua:
3880 4731 4100 4790 possent

2517 4817 2658 4884 ipsos
2700 4817 2970 4885 corripere
3015 4815 3247 4884 ipsisque
3291 4813 3642 4882 persuadere,
3667 4822 3723 4867 ut
3765 4813 3816 4866 in
3851 4813 4102 4867 omnibus

2518 4909 2787 4964 moderate
2811 4919 3052 4980 agerent.

2591 5003 2642 5054 7.
2671 5003 2821 5068 Quod
2851 5012 3032 5057 autem
3081 5001 3148 5055 ad
3201 4999 3666 5055 demonszrandam
3704 4999 3794 5053 Dei
3837 4999 4088 5051 virtutem

2521 5092 2622 5145 hoc
2665 5107 2983 5161 magnopere
3025 5091 3294 5158 conferat,
3328 5100 3380 5144 ct
3414 5091 3511 5142 hoc
3550 5090 3617 5143 ab
3643 5089 3830 5142 eodem
3861 5089 4103 5157 apostolo

2518 5183 2692 5246 disce,
2719 5183 2805 5252 qui
2835 5183 2978 5251 prius
3005 5183 3105 5236 hoc
3130 5181 3356 5235 dixerat.
3385 5179 3461 5233 Ne
3486 5179 3629 5232 enim
3655 5179 3827 5243 dicas,
3860 5179 3999 5247 quod
4024 5180 4102 5232 in-
4164 5215 4168 5220 ρ

2520 5273 2702 5327 fideles
2723 5281 2924 5341 putant,
2951 5274 3114 5327 Deum
3148 5273 3266 5327 talia
3292 5270 3682 5340 permittentem
3705 5269 3930 5324 debilem
3958 5285 4097 5332 esse,

2521 5382 2619 5421 nec
2647 5380 2772 5420 suos
2802 5366 3048 5435 periculis
3089 5367 3297 5436 eripere
3342 5377 3534 5430 posse,
3567 5362 3707 5432 quod
3759 5363 3900 5432 ipsos
3939 5360 4100 5429 affligi

2518 5458 2767 5514 continue
2791 5459 2929 5512 sinat
2952 5477 2964 5512 :
2995 5458 3097 5513 hoc
3121 5455 3396 5512 considera
3415 5497 3430 5520 ,
3463 5455 3728 5523 quomodo
3756 5472 3848 5525 per
3873 5455 3984 5508 Ιιιυε
4008 5453 4100 5506 de-

2520 5553 2825 5608 monstrarit
2851 5553 3044 5608 Paulus
3065 5595 3078 5616 ,
3104 5567 3207 5606 non
3230 5559 3429 5604 tantum
3458 5567 3574 5618 qua:
3599 5551 3782 5606 fierent
3812 5552 3974 5620 ipsius
4003 5549 4101 5602 im-

2519 5645 2860 5700 becillitatem
2885 5661 2988 5699 non
3015 5659 3269 5715 arguere,
3295 5643 3388 5698 sed
3417 5645 3639 5714 amplius
3664 5645 3950 5714 potentiam
3978 5656 4098 5694 om-

2520 5740 2675 5795 nibus
2707 5748 2994 5794 ostentare.
3026 5737 3160 5793 Cum
3203 5736 3344 5790 enim
3389 5736 3606 5792 dixisset
3640 5756 3653 5792 :
3685 5738 3848 5792 Datus
3879 5744 3948 5788 cst
3976 5731 4098 5784 mihi

2528 5829 2760 5885 stimulus
2781 5832 2969 5896 carnis,
2988 5828 3195 5900 angelus
3215 5837 3422 5896 satana,
3450 5839 3502 5883 ut
3521 5845 3598 5884 me
3617 5829 3919 5900 colaphum;
3939 5832 3991 5879 et
4016 5821 4094 5874 his
