4458 6718
308 476 380 528 ‘23
1312 458 1399 510 AD
1429 448 1748 508 POPULUM
1792 445 2280 504 ANTIOCHENUM
2347 447 2574 507 HOMIL.
2620 444 2659 501 l.
3530 440 3599 491 Ξσῖ

310 596 619 662 lrequentcs
649 590 966 646 tentaticnes
984 582 1421 637 demonstrasset,
1446 569 1616 623 intulit
1645 584 1657 619 :
1679 564 1895 635 Propter

310 688 451 754 quod
476 696 551 738 ter
575 685 849 740 Dominum
876 678 1068 747 rogaui,
1104 683 1154 723 ut
1192 686 1223 721 a
1270 682 1346 719 me
1379 663 1680 725 discederet;
1697 670 1742 714 σε
1771 659 1898 712 dir“

311 752 443 829 mihi
473 791 492 831 .'
516 776 710 846 Sttﬂicit
735 773 823 826 tibi
853 766 1015 838 gratia
1042 775 1184 823 mea;
1220 775 1336 811 nam
1364 757 1520 810 virtus
1550 770 1659 806 mea
1688 754 1737 805 in
1763 752 1900 818 infir-

315 869 492 922 mitate
520 844 780 939 per/icitur
809 862 881 928 (Ξ.
902 859 1020 913 Cor.
1052 854 1139 909 12.
1172 856 1225 907 8.
1253 844 1331 913 9)-
1354 849 1503 903 Tunc
1530 862 1643 901 mea
1664 888 1678 911 ,
1709 845 1898 913 inquit,

316 936 556 1027 potentia
573 957 990 1011 demonstratur,
1006 944 1217 1015 quando
1238 955 1334 993 νινε
1358 941 1408 992 in
1434 939 1735 992 inﬁrmitate
1749 936 1900 992 estis.

317 1026 373 1103 et
403 1065 495 1117 per
536 1061 631 1100 vos
671 1044 757 1113 qui
788 1036 1037 1093 videmini
1076 1048 1196 1088 esse
1234 1032 1470 1095 debiles,
1519 1026 1905 1099 pra-dicationis

323 1115 541 1193 verbum
568 1144 812 1203 augetur,
840 1140 893 1185 et
915 1129 1109 1195 ubique
1137 1124 1475 1194 dispergitur.
1498 1119 1720 1188 Quando
1747 1115 1907 1185 igitur

319 1246 376 1285 ιιι
405 1242 706 1289 carcerem,
740 1220 1033 1278 innumeris
1070 1217 1330 1287 susceptis
1370 1213 1707 1272 verberibus,
1737 1207 1908 1262 dedu-

317 1331 439 1373 ctus
463 1318 579 1382 fuit,
599 1316 830 1371 carceris
870 1310 1147 1367 custodem
1175 1309 1342 1362 vinxit
1362 1307 1496 1377 (Aet.
1523 1305 1611 1372 16)
1638 1320 1652 1354 :
1687 1302 1737 1354 in
1767 1300 1909 1369 ligno

321 1419 474 1464 erant
503 1409 666 1479 pedes
686 1450 701 1473 ,
735 1409 786 1460 in
812 1405 1015 1459 catenis
1043 1417 1257 1464 manus,
1280 1409 1335 1455 et
1358 1412 1542 1454 carcer
1561 1395 1659 1449 sub
1684 1391 1909 1445 mediam

321 1516 537 1558 noctem
568 1502 929 1571 quatiebatur,
962 1499 1088 1567 ipsis
1115 1498 1279 1552 Deum
1312 1492 1668 1549 laudantibus.

400 1595 496 1648 Dei
518 1595 743 1665 potentia
774 1594 935 1663 magis
960 1592 1333 1644 demonstratur
1358 1587 1410 1639 in
1449 1578 1690 1636 (erumnis
1715 1582 1915 1626 sancto-

320 1704 458 1740 rum.
498 1716 569 1727 —
616 1685 806 1741 Cernis
834 1682 1100 1754 quomodo
1130 1681 1295 1749 ipsius
1333 1676 1499 1729 virtus
1523 1670 1575 1722 in
1607 1666 1917 1721 inﬁrmitate

324 1778 700 1847 perﬁciebatur
720 1777 744 1831 ’ἔ
768 1775 825 1833 Si
852 1777 1032 1829 fuisset
1061 1773 1264 1826 solutus
1283 1765 1477 1821 Paulus
1493 1802 1508 1826 ,
1532 1768 1586 1814 et
1607 1756 1733 1811 illud
1762 1755 1917 1847 habif

322 1870 557 1924 taculqu
587 1869 1098 1928 concussisset,nnn
1119 1862 1427 1915 fuissettam
1456 1850 1752 1906 mirandum
1775 1845 1915 1917 quod

326 1965 507 2019 liebat.
542 1963 742 2018 Idcirco
763 2004 777 2025 ,
806 1961 1011 2030 inquit,
1061 1968 1279 2012 remane
1307 1950 1513 2003 vinctus
1538 1985 1553 2009 .
1600 1952 1657 1999 et
1681 1956 1920 1998 commo-

322 2066 550 2110 veantur
581 2054 809 2123 parietes
832 2050 1064 2118 undique
1084 2089 1099 2113 ,
1128 2054 1183 2101 et
1202 2042 1477 2097 solvantur
1504 2035 1696 2091 vineti:
1726 2042 1783 2086 ιιι
1805 2046 1919 2085 ma-

321 2150 407 2217 gis
434 2149 601 2201 virtus
629 2161 742 2199 mea
769 2144 990 2198 evidens
1014 2141 1113 2204 sit,
1137 2138 1264 2192 dum
1292 2150 1386 2205 per
1413 2142 1463 2187 te
1491 2127 1837 2185 constrictum
1864 2131 1919 2177 ct

322 2214 632 2307 colligatum
662 2249 853 2289 omnes
883 2232 1040 2285 vincti
1069 2229 1362 2284 solvuntur.
1393 2222 1504 2278 Hoc
1548 2221 1719 2289 ipsum
1762 2214 1920 2285 igitur

325 2342 383 2384 et
410 2330 641 2385 carceris
669 2326 944 2381 custodem
979 2335 1102 2377 tunc
1132 2318 1392 2390 perculit,
1433 2313 1575 2385 quod
1608 2324 1731 2365 cum
1774 2313 1918 2360 tanta

328 2433 604 2479 teneretur
628 2421 964 2483 necessitate,
986 2431 1079 2485 per
1103 2415 1397 2467 orationem
1423 2407 1589 2461 solam
1614 2401 1784 2473 potuit
1802 2398 1920 2451 fun-

325 2516 573 2569 damenta
590 2512 801 2582 quidem
819 2523 1071 2581 quassare
1085 2550 1102 2572 ,
1126 2506 1266 2559 fores
1286 2518 1413 2556 vero
1433 2498 1662 2555 carceris
1684 2494 1914 2559 aperire,

328 2614 384 2659 ct
408 2618 597 2658 omnes
627 2613 830 2655 vinctos
856 2600 1083 2653 Sttlt't‘l'e.
1114 2596 1230 2651 Non
1257 2595 1345 2647 hic
1383 2603 1557 2643 autem
1587 2588 1791 2649 solum,
1824 2583 1919 2637 sed

325 2697 489 2749 etiam
520 2696 571 2747 in
599 2694 783 2755 Petro,
822 2702 875 2745 et
901 2693 952 2744 in
983 2693 1097 2758 ipso
1123 2687 1315 2747 Paulo,
1341 2692 1396 2736 ct
1422 2680 1537 2733 aliis
1558 2691 1770 2747 quoque
1792 2690 1920 2743 apo-

326 2788 482 2841 stolis
508 2786 686 2838 videre
717 2784 979 2854 quispiam
1004 2788 1182 2850 posset
1204 2777 1304 2829 hoc
1328 2775 1525 2842 jugiter
1542 2770 1778 2832 evenire,
1795 2776 1846 2820 et
1869 2766 1921 2818 in

328 2878 833 2948 persequutionibus
861 2875 953 2929 Dei
984 2872 1206 2942 gratiam
1239 2867 1575 2921 efﬂorescere
1595 2902 1611 2926 ,
1662 2874 1922 2929 apparere

330 2972 383 3022 in
411 2968 858 3028 tribulationibus,
888 2974 941 3017 et
961 2965 1035 3017 sic
1052 2962 1303 3016 virtutem
1331 2972 1477 3011 suam
1507 2954 1815 3023 pra-dicare.
1841 2950 1924 3003 ld-

328 3060 475 3113 circo
502 3057 710 3113 dicebat
744 3075 756 3109 :
783 3055 981 3122 Sit/ficit
1007 3053 1094 3105 tibi
1124 3051 1289 3121 gratia
1309 3065 1418 3099 mea
1443 3062 1460 3099 :
1481 3046 1636 3098 virtus
1657 3043 1787 3095 enim
1812 3058 1919 3093 mea

328 3152 382 3203 in
410 3150 703 3217 in/irmitate
729 3148 987 3216 per/icitur
1020 3143 1094 3214 (“2.
1120 3142 1236 3196 Cor.
1264 3139 1351 3195 12.
1379 3138 1459 3207 9).
1485 3134 1635 3203 Quod
1659 3142 1835 3187 autem
1867 3141 1920 3186 et

333 3245 562 3295 humana
591 3248 776 3292 natura
807 3237 1005 3305 majora
1034 3234 1183 3287 multi
1212 3230 1405 3299 saepius
1434 3228 1501 3282 de
1528 3226 1657 3296 ipsis
1684 3223 1926 3293 suspica-

332 3333 436 3386 turi
464 3341 631 3386 erant.
652 3330 750 3383 nisi
774 3330 894 3381 talia
927 3328 1185 3395 patientes
1211 3316 1622 3381 vidissent,audi
1651 3313 1920 3384 quomodo

330 3421 506 3475 timuit
532 3420 743 3473 Paulus.
772 3417 911 3470 Nam
939 3427 985 3468 et
1012 3416 1054 3468 si
1081 3413 1280 3467 roluero
1300 3453 1314 3474 ,
1342 3408 1539 3475 inquit,
1558 3405 1790 3476 gloriari,
1821 3420 1923 3455 non

330 3528 418 3563 (το
438 3511 678 3576 insipiens
703 3526 719 3560 :
752 3523 905 3575 parco
936 3516 1133 3568 autent,
1165 3518 1227 3555 ne
1251 3501 1365 3570 quis
1395 3514 1475 3551 me
1498 3497 1745 3550 existimet
1766 3510 1924 3562 supra

331 3602 386 3653 id
412 3602 545 3670 quod
575 3600 706 3652 videt
734 3599 784 3651 in
806 3615 903 3661 me,
924 3605 1010 3647 aut
1033 3594 1171 3647 audit
1196 3589 1388 3660 aliquid
1404 3604 1466 3642 ea:
1490 3603 1570 3641 me
1587 3586 1663 3657 (2.
1689 3584 1807 3639 Cor.
1834 3583 1920 3636 12.

331 3692 414 3759 6).
462 3690 597 3756 Quid
648 3697 828 3743 autem
877 3696 960 3742 est
1000 3683 1141 3754 quod
1180 3682 1350 3736 dicit?
1391 3680 1672 3741 Poteram,
1716 3677 1921 3745 inquit,

334 3785 503 3838 multo
533 3782 734 3851 majora
758 3781 938 3835 dicere
968 3775 1220 3831 miracula
1238 3816 1252 3837 ,
1283 3774 1376 3828 sed
1404 3772 1529 3825 nolo
1549 3811 1562 3834 ,
1593 3785 1659 3823 ne
1686 3768 1821 3822 forte
1847 3768 1919 3821 si-

331 3888 557 3942 gnorum
590 3870 897 3941 magnitudo
926 3869 1182 3937 majorem
1208 3865 1276 3920 de
1305 3880 1391 3918 me
1417 3861 1723 3917 hominibus
1748 3859 1924 3926 susin-

332 3966 541 4018 cionem
572 3964 805 4017 inducat.
840 3962 1127 4029 Propterea
1155 3966 1208 4013 et
1251 3956 1439 4011 Petrus
1470 3962 1749 4023 postquam
1778 3952 1927 4005 clau-

332 4057 463 4108 dum
494 4057 664 4110 erexit
684 4097 698 4117 ,
727 4065 782 4109 et
819 4066 1008 4106 onmcs
1033 4051 1204 4120 ipsum
1241 4047 1662 4109 admirabantur,
1691 4053 1747 4098 ut
1773 4043 1922 4097 cohi-

338 4150 490 4202 beret
511 4162 605 4201 eos
627 4145 861 4215 ipsisque
892 4142 1238 4212 persuaderet
1262 4155 1321 4196 se
1342 4139 1473 4194 nihil
1502 4155 1567 4191 ex
1586 4138 1782 4191 virtute
1809 4154 1932 4204 prti-

341 4238 455 4306 pria
501 4238 835 4297 exhibuisse,
877 4236 1008 4290 dicit
1042 4253 1054 4287 :
1093 4233 1228 4299 Quid
1260 4250 1350 4285 nos
1380 4231 1646 4285 intuemini
1673 4239 1928 4298 tamquam

335 4328 545 4398 propria
593 4330 772 4380 virtute
814 4327 890 4380 vel
939 4327 1123 4396 pietate
1162 4325 1428 4396 fecerimus
1480 4324 1615 4375 hunc
1668 4320 1930 4375 ambulare

337 4418 476 4483 (.lct.
506 4418 560 4470 3.
590 4416 677 4486 12)
707 4416 730 4469 ?
762 4416 829 4470 Et
858 4432 1041 4469 rursus
1070 4415 1276 4486 Lystris
1305 4430 1410 4467 non
1442 4413 1614 4467 solum
1654 4424 1805 4466 erant
1829 4411 1924 4464 ob-

335 4504 648 4575 stupefacti,
675 4506 768 4560 sed
797 4516 852 4558 ct
877 4515 1058 4560 tauros
1077 4516 1359 4559 coronatos
1381 4504 1679 4568 duxerunt,
1698 4511 1750 4556 et
1769 4501 1930 4554 Paulo

336 4608 393 4653 et
436 4598 692 4652 Barnaba:
741 4598 1017 4652 immolare
1059 4593 1927 4667 aggrediebantur(Act.14.12).

340 4687 476 4742 Vide
502 4686 698 4741 diaboli
726 4686 979 4739 malitiam
1006 4704 1020 4739 :
1062 4702 1157 4755 per
1180 4701 1315 4756 quos
1340 4686 1595 4740 Dominus
1638 4700 1705 4739 ex
1733 4681 1931 4737 nmndo

341 4777 673 4846 impietatem
711 4791 1008 4845 expurgare
1057 4776 1339 4841 Studebat,
1372 4791 1469 4843 per
1516 4774 1613 4828 hos
1646 4775 1813 4841 ipsam
1844 4773 1932 4827 ille

341 4868 595 4925 inducere
620 4867 865 4921 studebat
888 4907 900 4930 ,
925 4882 1133 4920 rursum
1158 4866 1506 4936 persuadens,
1522 4876 1581 4918 ut
1604 4863 1736 4918 deos
1755 4862 1930 4917 homi-

343 4978 444 5017 nes
458 4977 577 5016 esse
604 4970 850 5030 putarent
870 4959 1038 5028 :quod
1058 4970 1111 5013 et
1134 4961 1398 5029 prioribus
1416 4960 1539 5014 fecit
1560 4956 1891 5026 temporibus
1916 4974 1928 5008 :

341 5063 401 5108 et
432 5052 533 5105 hoc
561 5051 791 5104 maxime
811 5048 1055 5117 estquod
1087 5047 1400 5104 idololatria:
1422 5050 1740 5118 principium
1767 5058 1822 5103 et
1850 5063 1931 5102 ra-

342 5144 519 5199 dicem
541 5141 849 5197 introduxit.
868 5139 1016 5194 Multi
1038 5139 1180 5192 enim
1202 5139 1292 5207 qui
1316 5140 1452 5193 bella
1468 5141 1603 5194 bene
1622 5148 1930 5210 gesserant,

344 5245 630 5293 erexerant
658 5244 854 5303 tropaia
881 5273 896 5295 ,
930 5230 1087 5286 urbes
1116 5230 1516 5284 sediﬁeavcrant
1536 5273 1550 5295 ,
1579 5242 1634 5286 et
1664 5232 1784 5285 aliis
1830 5232 1933 5283 hu-

341 5326 577 5399 jusmodi
621 5326 1000 5380 demeruerant
1048 5321 1128 5375 sui
1177 5320 1432 5387 temporis
1472 5320 1747 5385 homines,
1796 5321 1868 5375 dii
1904 5338 1931 5374 a

343 5420 532 5474 multis
555 5418 838 5472 existimati
866 5423 993 5469 sunt
1011 5455 1026 5479 ,
1055 5422 1109 5467 ct
1131 5411 1343 5479 templis
1368 5420 1421 5465 et
1442 5411 1551 5464 aris
1572 5411 1817 5466 honorati
1838 5455 1853 5477 ,
1882 5424 1937 5467 et

344 5510 524 5561 omnis
550 5508 823 5576 gentilium
851 5506 1071 5559 deorum
1097 5515 1352 5558 numerus
1382 5515 1447 5554 ex
1476 5500 1784 5555 hominibus
1821 5503 1937 5556 istis

341 5601 605 5656 conﬂatus
631 5607 734 5653 est.

419 5690 524 5747 Cur
547 5688 685 5743 Deus
727 5699 932 5741 sanctos
958 5688 1077 5756 pelli
1098 5697 1144 5741 et
1173 5685 1393 5740 cruciari
1419 5684 1714 5755 permiserit.
1741 5714 1813 5723 —
1854 5685 1931 5739 Ne

348 5780 513 5851 igitur
542 5781 643 5833 hoc
677 5787 732 5831 et
775 5778 828 5830 in
876 5779 1075 5832 sanctis
1105 5780 1274 5843 fieret,
1314 5776 1558 5849 permisit
1602 5774 1745 5843 ipsos
1794 5774 1936 5829 Deus

346 5872 600 5926 continue
632 5870 775 5941 pelli,
822 5868 1094 5939 flagellari.
1120 5871 1170 5924 in
1198 5872 1375 5925 varios
1414 5868 1648 5925 incidere
1675 5866 1926 5923 morbos:

676 5969 942 6030 ΡΑΤιιυι..
993 5969 1103 6023 tiu.
1160 5967 1203 6023 Κ
1228 5967 1288 6023 l.l
1307 5965 1349 6020 Χ
1368 6010 1380 6021 .

2010 569 2066 611 ιιι
2096 559 2257 613 nimia
2283 558 2523 624 corporis
2550 554 2905 615 imbecillitas,
2955 560 3009 606 et
3041 549 3388 603 tentationum
3440 550 3593 601 turba

2010 646 2362 717 prtescntibus
2385 647 2751 714 persuaderet,
2786 644 3033 697 homines
3063 654 3184 693 esse
3215 652 3331 699 eos,
3366 638 3454 705 qui
3479 637 3601 691 taiia

2008 741 2234 795 ederent
2261 738 2538 802 miracula,
2566 738 2801 806 nihilque
2826 737 2894 789 de
2918 750 3017 789 suo
3045 732 3258 796 afTerre,
3284 730 3377 784 sed
3403 729 3597 784 nudam

2008 832 2231 901 gratiam
2255 845 2352 899 per
2386 830 2506 883 illos
2533 831 2710 881 omnia
2764 829 2995 897 operari.
3044 826 3099 881 Si
3149 825 3292 880 enim
3344 838 3502 892 parva
3545 834 3597 876 et

2014 922 2137 974 vilia
2166 930 2442 989 operatos,
2471 919 2606 974 deos
2634 929 2973 988 putaverunt,
2999 919 3167 972 multo
3197 916 3368 986 magis
3398 916 3439 967 si
3468 913 3603 971 nihil

2017 1012 2158 1082 passi
2180 1010 2408 1065 fuissent
2438 1010 2751 1072 humanum,
2786 1008 2883 1063 hos
2927 1009 3177 1079 suspicati
3208 1008 3453 1072 fuissent,
3511 1004 3603 1074 qui

2016 1105 2137 1159 talia
2163 1104 2407 1168 fecerint,
2433 1103 2609 1173 qualia
2636 1117 2794 1156 nemo
2816 1117 3064 1170 umquam
3087 1116 3256 1170 neque
3281 1100 3411 1154 vidit
3431 1113 3605 1169 neque

2016 1197 2236 1251 audivit.
2267 1196 2323 1249 Si
2350 1197 2494 1249 enim
2548 1211 2670 1250 cum
2705 1194 2803 1264 ipsi
2845 1192 3262 1262 flagellarentur,
3315 1190 3609 1260 put-cipita-

2016 1299 2223 1352 rentur,
2247 1288 2559 1356 ligarcntur,
2592 1287 2940 1355 pellerentur,
3004 1284 3431 1351 periclitarentur
3476 1296 3612 1349 quo-

2019 1377 2170 1440 tidie,
2201 1386 2377 1429 tamen
2401 1376 2452 1427 in
2482 1376 2615 1429 hanc
2638 1377 2857 1444 impiam
2885 1373 3193 1442 opinionem
3219 1371 3435 1440 quidam
3464 1371 3607 1423 ceci-

2021 1466 2216 1518 deruut
2239 1482 2253 1516 :
2278 1465 2443 1517 multo
2473 1466 2639 1534 magis
2661 1466 2704 1518 si
2729 1465 2860 1517 nihil
2886 1464 3175 1517 humanum
3203 1462 3343 1531 passi
3364 1459 3611 1525 fuissent,

2026 1554 2333 1621 hujusmodi
2360 1553 2584 1608 fuissent
2608 1556 2918 1608 existimati.

2094 1644 2148 1698 8.
2191 1644 2352 1714 lgitur
2397 1645 2510 1697 ha-e
2550 1645 2762 1712 quidem
2817 1645 2969 1698 tertia
3016 1643 3321 1697 afﬁicrionis
3375 1657 3537 1695 causa
3593 1658 3607 1693 :

2024 1745 2212 1805 quarta
2241 1751 2389 1799 vero,
2420 1749 2488 1788 ne
2516 1735 2685 1788 sancti
2741 1743 2957 1803 propter
3011 1732 3292 1802 praesentis
3338 1730 3610 1784 felicitatis

2025 1841 2174 1895 spem
2203 1827 2364 1880 Deum
2392 1827 2572 1880 colere
2599 1833 2869 1895 putentur.
2901 1824 3110 1877 Etenim
3139 1821 3287 1875 multi
3320 1837 3370 1874 ιιι
3400 1820 3613 1873 lascivia

2025 1918 2316 1971 viventium
2348 1934 2377 1970 a
2409 1916 2591 1971 multis
2633 1916 2828 1983 saepius
2871 1913 3129 1978 accusati,
3184 1923 3237 1966 et
3288 1911 3356 1965 ad
3402 1912 3616 1965 virtutis

2027 2009 2197 2062 vocati
2222 2007 2453 2072 labores,
2486 2017 2541 2061 et
2559 2017 2774 2061 sanctos
2798 2008 2867 2061 de
2886 2006 3041 2059 hilari
3073 2006 3438 2058 molestiarum
3478 2005 3613 2057 tole-

2031 2101 2203 2153 rautia
2225 2099 2428 2154 laudari
2458 2100 2758 2163 audientes,
2786 2114 2853 2153 ex
2876 2099 2959 2151 his
2980 2098 3126 2166 ipsos
3149 2112 3400 2152 accusare
3431 2110 3619 2164 aggre-

2026 2191 2245 2244 diuntur
2273 2209 2284 2243 :
2317 2198 2374 2243 et
2404 2206 2506 2243 non
2533 2189 2779 2243 homines
2803 2187 3135 2249 tantum,sed
3157 2195 3211 2240 et
3237 2188 3351 2255 ipse
3377 2185 3619 2240 diabolus

2029 2282 2132 2336 hoc
2155 2284 2329 2350 ipsum
2355 2283 2655 2349 suspicatus
2686 2290 2787 2334 est.
2832 2278 3096 2346 Quoniam
3128 2277 3270 2332 enim
3297 2276 3478 2329 multis
3503 2285 3623 2329 erat

2027 2375 2390 2429 circumdatus
2416 2373 2615 2428 divitiis
2638 2372 2760 2437 Job,
2793 2381 2848 2425 ct
2878 2371 3041 2425 multa
3071 2368 3376 2441 potiebatur
3397 2368 3621 2436 opulen-

2025 2476 2120 2529 tia,
2147 2466 2500 2534 exprobratus
2527 2481 2556 2517 a
2590 2465 2699 2517 Deo
2721 2472 2939 2532 propter
2967 2461 3140 2531 ipsum
3164 2460 3336 2513 malus
3378 2459 3466 2515 ille
3510 2458 3621 2511 dae-

2028 2574 2174 2616 mon.
2198 2574 2317 2613 cum
2342 2558 2471 2611 nihil
2500 2557 2721 2611 haberet
2742 2555 2883 2625 quod
2911 2555 3136 2618 diceret,
3173 2567 3346 2624 neque
3394 2567 3503 2621 quo
3548 2550 3619 2605 de

2030 2652 2142 2704 suis
2165 2661 2519 2704 excusaretur
2545 2650 2879 2710 criminibus,
2909 2662 3084 2716 neque
3111 2646 3251 2715 quod
3289 2645 3422 2714 justi
3447 2643 3619 2697 virtu-

2035 2745 2175 2797 tibus
2196 2743 2533 2811 impingeret,
2590 2741 2654 2794 ad
2684 2741 2820 2793 hanc
2845 2742 3023 2793 statim
3072 2738 3311 2807 confugit
3349 2736 3621 2797 defensio-

2035 2851 2179 2898 nem,
2203 2833 2387 2887 dicens
2418 2851 2430 2885 :
2469 2832 2731 2901 Numquid
2760 2832 2917 2901 gratis
2945 2830 3044 2882 Job
3088 2830 3208 2882 colit
3262 2830 3349 2881 te?
3399 2829 3623 2879 circum-

2034 2927 2233 2979 vallasti
2270 2927 2510 2979 interiora
2546 2935 2592 2978 et
2616 2925 2865 2978 exteriora
2891 2927 2999 2994 ejus
3025 2921 3156 2989 (Job
3213 2923 3259 2974 l.
3287 2920 3343 2974 9.
3369 2921 3456 2981 lUi
3476 2935 3488 2978 ;
3510 2933 3626 2986 pro-

2033 3029 2153 3089 pter
2179 3018 2502 3079 mercedem,
2534 3017 2722 3085 inquit,
2755 3016 2842 3069 ille
2889 3015 3136 3067 virtutem
3186 3013 3447 3080 sequitur,
3476 3020 3622 3062 tanta

2036 3110 2217 3161 fruens
2246 3107 2541 3175 opulentia.
2570 3107 2705 3173 Quid
2759 3106 2916 3173 igitur
2942 3102 3068 3157 fecit
3092 3102 3271 3155 licus?
3304 3100 3369 3155 Ut
3394 3099 3623 3153 demon-

2033 3210 2228 3256 straret
2268 3211 2482 3254 sanctos
2534 3214 2639 3253 non
2682 3196 2944 3252 mercedis
2989 3208 3149 3249 causa
3184 3196 3356 3262 ipsum
3399 3192 3575 3247 colere
3607 3232 3623 3253 ,

2033 3306 2245 3345 omnem
2277 3291 2440 3360 ipsius
2466 3289 2817 3344 substantiam
2845 3285 3084 3345 abstulit,
3116 3283 3413 3353 paupertati
3460 3283 3624 3336 tradi-

2034 3383 2131 3445 dit,
2171 3393 2227 3437 et
2270 3383 2322 3436 in
2374 3396 2589 3451 gravem
2620 3379 2867 3434 morbum
2908 3377 3145 3432 incidere
3190 3375 3448 3443 permisit.
3502 3372 3619 3427 Mox

2036 3474 2186 3528 illum
2212 3471 2541 3541 redarguens
2572 3482 2839 3539 tamquam
2872 3478 3073 3522 temere
3103 3466 3226 3519 talia
3249 3464 3571 3533 suspicatum
3602 3503 3619 3527 ,

2033 3566 2240 3635 inquit:
2278 3566 2453 3618 Adhuc
2494 3565 2830 3617 innocentiam
2859 3561 3086 3613 retinet:
3127 3569 3179 3611 tu
3225 3574 3342 3611 vero
3395 3572 3624 3609 conmm-

2036 3658 2147 3711 visti
2170 3673 2249 3710 me
2276 3665 2330 3709 ut
2358 3659 2550 3726 [rustra
2571 3655 2732 3725 ipsius
2758 3651 3090 3706 substantiam
3114 3648 3371 3713 perderem
3414 3645 3536 3716 (Job
3554 3644 3613 3697 2.

2035 3750 2068 3802 5
2094 3745 2135 3818 ).
2161 3746 2372 3802 Sanctis
2393 3747 2536 3799 enim
2560 3747 2660 3799 hoc
2682 3747 2735 3797 in
2763 3740 3245 3796 remunerationem
3290 3746 3345 3791 et
3387 3737 3623 3790 retribu-

2036 3838 2234 3891 tionem
2263 3835 2478 3900 sufﬁcit,
2530 3835 2698 3889 Deum
2725 3832 2971 3887 venerari
3000 3848 3013 3883 ;
3042 3830 3296 3899 quoniam
3326 3838 3381 3882 et
3424 3826 3623 3879 amanti

2036 3931 2142 3986 hoc
2189 3931 2241 3984 in
2294 3929 2703 3984 retributionem
2748 3925 2967 3989 sufficit,
2998 3940 3058 3978 se
3090 3931 3361 3976 amantem
3415 3934 3621 3981 amare,

2036 4034 2089 4077 et
2119 4023 2247 4076 nihil
2281 4021 2513 4090 amplius
2566 4018 2807 4087 requirit,
2838 4031 2937 4069 nec
2965 4014 3238 4084 quidpiam
3296 4012 3400 4065 hoc
3447 4015 3623 4077 majus

2036 4130 2157 4169 esse
2184 4122 2351 4182 putat.
2386 4112 2441 4166 Si
2463 4127 2591 4164 vero
2622 4124 2747 4175 erga
2778 4107 3049 4162 hominem
3081 4104 3203 4167 hoc,
3248 4103 3416 4156 nmlto
3459 4100 3629 4169 magis

2040 4222 2165 4275 erga
2197 4206 2360 4259 Deum
2390 4222 2401 4255 :
2432 4202 2573 4271 quod
2598 4210 2655 4254 ut
2679 4200 3072 4252 deiuoustraret
3100 4196 3259 4259 Deus,
3290 4194 3440 4263 plura
3467 4207 3624 4261 quam

2037 4297 2279 4351 diabolus
2296 4294 2540 4364 petierat,
2571 4292 2859 4346 concessit.
2888 4288 2980 4343 llle
3009 4288 3178 4356 inquit
3207 4303 3221 4339 :
3256 4286 3401 4337 Mitte
3420 4299 3628 4335 manum

2036 4399 2193 4450 tuam,
2238 4396 2285 4439 et
2325 4397 2473 4455 tange
2516 4386 2682 4451 ipsum
2712 4380 2831 4451 (Job
2851 4380 2906 4432 2.
2941 4381 3044 4450 5):
3102 4378 3241 4431 Deus
3293 4385 3470 4428 autem
3522 4390 3627 4426 non

2038 4480 2127 4534 ita,
2147 4476 2262 4539 sed,
2290 4476 2406 4529 Tibi
2431 4475 2626 4544 ipsum,
2652 4472 2840 4540 inquit,
2867 4470 3017 4524 trado
3048 4466 3152 4537 (Ib.
3187 4482 3239 4518 v.
3258 4466 3336 4533 6).
3360 4464 3631 4530 Quemad-

2035 4569 2250 4622 modum
2286 4568 2426 4622 enim
2458 4568 2509 4619 in
2555 4564 2912 4621 exterioribus
2966 4558 3349 4615 certaminibus
3401 4571 3633 4624 corpore

2038 4663 2305 4730 vigentes,
2331 4671 2385 4715 ct
2413 4662 2565 4713 bona:
2598 4656 2926 4712 babitudiuis
2947 4654 3188 4715 athletw,
3222 4667 3329 4704 non
3354 4651 3433 4704 sic
3459 4664 3629 4719 appa-

2039 4763 2179 4815 rent,
2210 4767 2329 4805 cum
2362 4751 2741 4804 vestimentum
2768 4747 2998 4814 undique
3038 4744 3159 4798 oleo
3190 4742 3457 4796 madidqu
3511 4741 3628 4793 fue-

2040 4843 2146 4897 rint
2169 4842 2358 4905 induti,
2392 4842 2486 4895 sed
2532 4840 2745 4910 quando
2788 4839 2877 4891 illo
2902 4836 3110 4903 abjecto
3140 4833 3265 4886 nudi
3298 4833 3349 4884 in
3393 4830 3627 4883 stadium

2040 4935 2307 4997 feruntur,
2334 4943 2461 4987 tunc
2491 4933 2725 4992 maxime
2751 4934 3080 4997 spectatores
3104 4924 3464 4982 membrorum
3494 4937 3620 4990 pro—

2043 5026 2289 5095 portione
2319 5023 2534 5091 penitus
2588 5017 3041 5088 obstupefaciunt,
3098 5030 3218 5069 eum
3274 5013 3406 5068 nihil
3458 5014 3627 5081 ipsam

2043 5116 2271 5184 amplius
2301 5114 2621 5167 obumbrare
2646 5111 2815 5180 possit
2841 5128 2854 5161 :
2878 5110 2956 5162 sic
2982 5116 3037 5161 et
3053 5106 3175 5171 Job,
3209 5105 3422 5174 quando
3450 5104 3629 5156 ontul-

2047 5209 2147 5263 bus
2199 5206 2414 5276 quidem
2463 5206 2568 5259 illis
2592 5204 2791 5261 divitiis
2824 5202 3178 5256 circumfusus
3209 5207 3344 5259 erat,
3397 5198 3514 5267 quis
3542 5210 3631 5249 ess

2045 5308 2147 5363 set,
2209 5313 2315 5352 non
2366 5298 2548 5353 multis
2599 5295 2939 5351 manifestum
2980 5305 3125 5356 erat;
3178 5300 3454 5359 postquam
3502 5300 3633 5342 vero

2044 5394 2189 5460 ipsas
2215 5392 2359 5445 velut
2379 5390 2756 5445 vestimentum
2786 5387 2982 5441 athleta
3010 5382 3224 5452 alijecit,
3254 5391 3308 5436 et
3331 5381 3395 5434 ad
3415 5380 3632 5450 pietatis

2044 5483 2340 5537 certamina
2360 5481 2533 5534 nudus
2586 5479 2819 5540 intravit,
2870 5477 2947 5529 sic
2997 5472 3251 5542 spoliatus
3299 5479 3630 5539 Spectatores

2046 5592 2235 5629 omnes
2277 5572 2523 5643 perculit,
2579 5581 2634 5623 ut
2685 5579 2740 5622 et
2794 5570 2966 5638 ipsum
3006 5564 3317 5636 angelorum
3363 5564 3629 5617 theatrum

2046 5682 2206 5738 super
2235 5667 2398 5718 animi
2421 5666 2537 5732 ejus
2562 5661 2840 5715 tolerantia
2864 5662 2879 5691 ι
2913 5658 3262 5714 vehementer
3285 5655 3628 5719 acclamaret,

2047 5772 2100 5815 et
2133 5759 2315 5813 victori
2348 5758 2420 5811 illi
2450 5755 2816 5827 applaudcret.
2850 5751 3004 5820 Quod
3046 5752 3188 5805 enim
3231 5746 3474 5818 superius
3513 5741 3626 5811 jatn

2113 5880 2127 5909 ι
2168 5875 2249 5934 alii
2275 5888 2285 5924 :
2308 5882 2456 5936 Super
2481 5871 2628 5923 animi
2645 5870 2749 5931 ejus
2772 5868 3000 5931 puritate,
3026 5874 3121 5923 etc.

3279 5951 3317 5987 ι)

3282 5986 3321 6005 4d
