4458 6722
821 374 886 424 ξτ
1559 378 1613 434 S.
1655 378 1932 434 JOANNIS
1967 377 2446 438 CllRYSOSTOMl
2483 380 2799 438 ARCHIEP.
2841 384 3370 444 CONSTANTINOP-
4025 395 4096 451 23

821 490 1064 554 dixi,non
1094 492 1164 547 ita
1191 493 1490 548 hominibus
1507 496 1794 564 apparebat
1823 495 1924 550 illis
1939 496 2185 550 omnibus
2204 493 2400 550 divitiis

821 581 1274 649 circumamictus,
1300 595 1358 639 ut
1383 585 1593 654 quando
1615 583 1716 637 illis
1745 593 2012 655 tamquam
2042 587 2259 656 pallium
2288 600 2401 654 pro-

819 670 980 741 jectis
1019 674 1192 729 nudus
1215 675 1432 740 exsiliit,
1483 675 1535 728 in
1582 674 1759 728 medio
1784 677 1936 741 orbe,
1969 687 2240 747 tamquam
2264 677 2404 731 thea~

833 772 918 818 tro
943 783 957 819 :
985 773 1039 820 et
1064 780 1250 821 omnes
1276 767 1464 819 bonam
1493 765 1658 835 ipsius
1687 766 1853 821 animi
1885 764 2251 822 habitudinem
2309 766 2405 820 ad-

828 855 1004 908 mirati
1033 865 1150 910 sunt
1179 873 1192 908 :
1219 869 1324 908 non
1349 854 1520 908 solum
1544 864 1721 909 autem
1759 872 1827 910 ex
1856 873 2034 910 rerum
2069 857 2271 926 jactura
2313 869 2403 906 su-

832 945 1177 1013 spiciebatur,
1210 943 1305 998 sed
1327 944 1487 998 etiam
1517 959 1581 998 ex
1619 945 1885 1014 patientia:
1911 947 2048 1001 lucta
2076 947 2215 1000 circa
2246 945 2401 1013 (egri-

832 1033 1086 1088 tudinem.

902 1125 1004 1178 L‘ur
1036 1124 1169 1178 Deus
1193 1123 1311 1179 Jobi
1335 1142 1522 1194 corpus
1546 1128 1597 1181 in
1626 1138 1915 1197 potestatem
1943 1126 2130 1179 diaboli
2177 1124 2402 1177 tradide-

833 1217 919 1268 rit.
947 1244 1018 1255 —
1037 1216 1185 1270 Sicut
1209 1217 1350 1270 enim
1376 1230 1501 1273 ante
1529 1219 1662 1282 dixi,
1697 1233 1798 1272 non
1831 1219 1975 1272 illum
2004 1218 2115 1284 ipse
2148 1218 2406 1282 percussit

831 1305 992 1369 Deus,
1024 1319 1089 1358 ne
1115 1321 1326 1360 rursum
1348 1309 1588 1363 diabolus
1608 1309 1810 1362 diceret
1839 1326 1850 1358 :
1887 1306 2196 1375 Pepercisti,
2225 1314 2279 1359 ct
2303 1323 2406 1358 non

831 1407 1052 1458 tantam.
1096 1411 1348 1466 quautam
1395 1401 1693 1469 Oportebat,
1744 1400 1963 1452 intulisti
2016 1399 2404 1452 tentationem:

832 1487 924 1540 sed
951 1489 1047 1556 ipsi
1082 1490 1298 1544 tradidit
1325 1491 1535 1545 diabolo
1579 1499 1632 1542 ct
1685 1504 1902 1558 gregum
1955 1489 2306 1557 perditionem
2357 1497 2409 1541 et

832 1578 1009 1628 carnis
1038 1587 1374 1644 potestatem.
1406 1577 1632 1632 Confido
1658 1578 1722 1631 de
1748 1587 2035 1642 certatore,
2094 1578 2280 1646 inquit,
2340 1577 2412 1629 id-

832 1667 978 1721 circo
1003 1685 1107 1721 non
1166 1669 1420 1735 prohibeo
1471 1669 1569 1738 ipsi
1626 1685 1973 1737 quaicuniquc
2022 1669 2154 1723 velis
2215 1667 2411 1721 inferre

834 1760 1142 1812 certamina.
1175 1759 1280 1812 Sed
1319 1759 1768 1828 quemadmodum
1813 1761 2037 1828 spectati
2085 1761 2408 1829 palmstritte,

832 1858 886 1904 et
918 1858 1032 1902 arto
1059 1857 1113 1902 et
1131 1850 1374 1918 corporis
1403 1850 1595 1904 robore
1624 1849 1870 1915 tidentes,
1899 1864 2004 1904 non
2039 1851 2168 1905 recti
2215 1851 2412 1906 adrer-

835 1939 988 1992 sariis
1027 1947 1086 1991 ut
1108 1939 1420 2007 plurimum,
1456 1938 1898 2008 congrediuntur,
1942 1955 2116 2008 neque
2155 1941 2222 1995 de
2267 1943 2410 2010 pari,

829 2028 922 2082 sed
949 2028 1155 2096 seipsos
1182 2029 1286 2082 illis
1316 2030 1520 2084 medios
1548 2028 2040 2098 apprchendendos
2062 2030 2323 2100 prmbent,
2358 2041 2417 2086 ut

833 2120 1180 2176 illustriorem
1209 2122 1489 2176 victoriam
1513 2122 1750 2178 referant
1773 2139 1786 2174 :
1837 2124 1916 2178 sic
1940 2135 1996 2178 et
2015 2124 2156 2179 Deus
2178 2125 2412 2180 medium

833 2209 1056 2266 tradidit
1079 2223 1321 2266 sanctum
1354 2213 1571 2268 diabolo
1595 2213 2130 2282 apprehendendum,
2185 2225 2242 2269 ut
2294 2231 2414 2270 cum

833 2311 958 2370 post
983 2311 1179 2357 tantam
1196 2303 1474 2358 conﬂictus
1495 2305 1901 2374 prierogativam
1931 2305 2216 2374 superarit,
2264 2305 2414 2359 solo-

836 2407 943 2462 que
987 2398 1352 2462 prostraverit,
1404 2396 1600 2450 clarior
1629 2411 1825 2450 corona
1875 2395 2154 2450 reddatur.
2208 2399 2412 2451 Aurum

834 2491 921 2537 est
947 2482 1223 2550 probatum
1257 2502 1270 2533 :
1297 2500 1394 2552 pro
1419 2484 1586 2538 lubito
1617 2485 1798 2554 proba,
1824 2495 1880 2539 ut
1911 2486 2085 2553 placet
2127 2485 2370 2540 examina
2397 2526 2413 2550 ,

835 2572 1026 2627 sordes
1054 2573 1106 2626 in
1136 2573 1250 2641 ipso
1279 2590 1382 2628 non
1411 2574 1670 2630 invenies.
1699 2574 1813 2629 Non
1839 2575 2065 2629 aliorum
2090 2591 2216 2630 vero
2263 2575 2416 2631 nobis

840 2670 1046 2716 tantum
1069 2661 1431 2719 fortitudinem
1455 2665 1831 2720 demonstrat:
1888 2665 1983 2720 sed
2024 2675 2078 2720 et
2119 2667 2274 2720 aliam
2308 2682 2418 2720 ma—

841 2766 1002 2821 gnam
1027 2751 1181 2808 oil‘ert
1197 2755 1778 2822 consolationem.Quid
1803 2756 1945 2811 enim
1963 2757 2134 2825 inquit
2148 2755 2420 2811 Christus?

843 2841 990 2897 Beati
1016 2844 1169 2908 eritis,
1195 2860 1308 2898 cum
1333 2844 1686 2899 maledixerint
1712 2847 1848 2899 vobis
1896 2847 2121 2899 homines
2169 2856 2215 2899 et
2247 2863 2416 2914 persc-

841 2935 984 3003 quuti
1015 2951 1100 2990 vos
1123 2937 1330 3007 fuerint,
1370 2947 1417 2990 et
1445 2938 1664 2991 dixerint
1694 2955 1840 2992 omne
1862 2940 2049 2991 malum
2078 2939 2276 2992 verbum
2319 2941 2417 2992 ad-

843 3037 1040 3080 versum
1063 3041 1149 3081 vos
1187 3027 1480 3082 mentientes
1519 3038 1722 3097 prapter
1754 3046 1832 3082 me
1858 3044 1877 3082 :
1904 3030 2116 3098 gaudete
2161 3041 2208 3083 et
2254 3031 2423 3084 exsul-

845 3124 967 3181 tate,
984 3116 1220 3186 quoniam
1240 3133 1426 3172 merces
1447 3129 1609 3172 vestra
1631 3135 1814 3189 magna
1839 3130 1910 3175 est
1931 3121 1984 3173 in
2010 3119 2146 3174 castis
2166 3136 2184 3174 :
2204 3123 2276 3174 sic
2288 3126 2422 3175 enim

841 3211 1066 3276 fecerunt
1089 3208 1346 3278 prophetis
1361 3218 1525 3278 patres
1550 3226 1721 3264 eorum
1748 3209 1963 3280 (Matth.
1998 3211 2050 3266 5.
2082 3212 2164 3266 ll.
2193 3213 2304 3282 12).
2361 3213 2425 3267 Et

841 3314 1051 3353 rursum
1076 3299 1268 3354 Paulus
1293 3300 1884 3356 Macedonasconsolari
1902 3303 2086 3357 volens
2112 3321 2125 3356 :
2153 3301 2252 3356 Vos
2268 3305 2421 3369 enim,

843 3389 1032 3458 inquit,
1059 3389 1334 3443 imitatores
1363 3391 1486 3460 facti
1505 3393 1624 3446 estis
1672 3391 1856 3460 fratres
1902 3390 2252 3446 Ecclesiarum
2307 3393 2421 3459 Dei,

840 3495 954 3546 qua!
976 3489 1090 3532 sum
1117 3481 1166 3532 in
1193 3478 1412 3534 Judwa:
1443 3481 1681 3550 quoniam
1701 3481 1877 3535 eadem
1907 3483 2043 3552 passi
2073 3483 2192 3536 estis
2228 3500 2260 3535 a
2301 3500 2427 3536 con-

843 3568 1107 3622 tribulibus
1135 3571 1330 3631 vestris,
1357 3570 1779 3638 quemadmodum
1807 3580 1853 3624 et
1900 3571 1978 3624 illi
2021 3590 2052 3623 a
2095 3571 2293 3626 Judtcis
2329 3572 2348 3644 (
2373 3574 2421 3626 1.

845 3658 1022 3712 Thess.
1055 3659 1109 3712 2.
1156 3660 1264 3729 14).
1299 3659 1369 3713 Ει
1419 3660 1671 3714 Hebraeos
1709 3675 1920 3714 rursum
1968 3663 2038 3716 ita
2093 3664 2422 3728 consolatur,

847 3749 1324 3818 reccnsensjustos
1353 3765 1538 3804 omnes
1563 3751 1613 3806 in
1643 3752 1964 3816 fornacibus,
2011 3755 2060 3806 in
2104 3754 2337 3818 lacubus,
2368 3755 2420 3808 in

843 3841 1237 3906 solitudinibus,
1269 3841 1323 3895 in
1344 3841 1635 3909 montibus,
1662 3843 1712 3896 ia
1743 3843 2032 3911 speluncis,
2085 3844 2137 3898 in
2170 3844 2328 3910 hunc,
2370 3846 2420 3899 in

841 3935 1081 4003 angustia
1105 3933 1359 4004 degentes
1383 3933 1565 4006 (Hebr.
1593 3935 1680 3989 11.
1704 3934 1774 3989 36
1799 3965 1870 3974 —
1907 3935 2032 4005 38):
2061 3937 2424 3990 molestiarum

841 4025 983 4079 enim
1005 4024 1415 4079 communicatio
1431 4024 1714 4093 quamdam
1740 4025 1903 4094 lapsis
1921 4024 2076 4080 all‘ert
2099 4025 2425 4079 consolatio-

843 4130 986 4169 nem.
1038 4116 1190 4182 Quod
1231 4127 1406 4168 autcm
1445 4115 1594 4169 etde
1623 4115 2014 4169 resurrectione
2063 4131 2272 4184 quoque
2325 4117 2426 4170 hoc

843 4209 1016 4276 ipsum
1039 4221 1314 4262 sermones
1331 4206 1562 4272 inducat,
1596 4206 1716 4261 audi
1734 4207 1980 4260 eumdem
1999 4206 2218 4260 Paulum
2247 4207 2426 4260 dicen-

844 4308 951 4351 tcnt
979 4315 992 4350 :
1025 4297 1086 4352 Si
1111 4298 1384 4351 secundum
1413 4298 1664 4350 hominem
1691 4313 1807 4351 cum
1826 4297 1945 4366 [eris
1975 4299 2190 4368 pugnavi
2210 4295 2421 4367 Ephesi,

839 4391 964 4461 quid
993 4390 1116 4442 mihi
1144 4390 1366 4458 prodest,
1398 4390 1443 4442 si
1467 4389 1650 4442 mortui
1676 4405 1775 4442 non
1798 4397 2064 4458 resurgunt
2151 4389 2172 4460 (
2198 4389 2246 4442 1.
2304 4387 2420 4443 Cor.

843 4482 934 4536 15.
959 4480 1088 4542 ‘52)?
1116 4480 1182 4534 Et
1211 4481 1402 4535 iterum
1429 4498 1442 4533 :
1476 4479 1539 4535 Si
1565 4481 1619 4533 in
1648 4480 1742 4532 hac
1779 4481 1878 4533 vita
1903 4488 2094 4532 tantum
2120 4483 2173 4532 in
2225 4478 2425 4532 Christo

841 4582 1100 4640 sperantes
1121 4589 1313 4636 sumus,
1338 4573 1720 4627 miserabiliores
1739 4588 1911 4626 sumus
1931 4571 2159 4625 omnibus
2203 4571 2424 4623 homini-

846 4668 938 4720 bus
963 4665 1147 4736 (lb.v.
1181 4667 1292 4736 19).
1327 4666 1605 4721 lnnumera
1641 4667 1869 4734 patimur
1897 4665 2035 4718 mala
2067 4665 2119 4718 in
2176 4663 2424 4732 presenti

843 4758 974 4821 vita,
1007 4757 1210 4826 inquit:
1243 4757 1284 4810 si
1319 4757 1477 4826 igitur
1502 4772 1607 4810 non
1635 4765 1882 4826 speratur
1906 4756 2073 4810 altera
2104 4753 2244 4818 vita,
2299 4751 2424 4821 quid

845 4849 999 4904 nobis
1024 4863 1144 4903 esse
1165 4849 1332 4917 possit
1379 4849 1730 4903 miserabilius
1750 4848 1773 4900 ?

913 4941 969 4996 9.
1047 4939 1147 4995 Res
1175 4953 1360 4996 nostra:
1383 4951 1498 4994 sunt
1525 4942 1677 5010 hujus
1709 4942 1822 4995 vita:
1844 4941 2081 4995 limitibus
2107 4938 2427 4994 circumscri-

844 5044 961 5104 pne.
983 5062 1054 5076 —
1081 5031 1233 5088 Unde
1259 5031 1593 5085 manifestum
1619 5039 1700 5086 est
1720 5047 1824 5085 non
1845 5046 1964 5086 esse
1990 5045 2077 5086 res
2098 5039 2307 5084 nostras
2334 5028 2430 5080 hu-

839 5126 925 5194 jus
967 5124 1064 5177 aevi
1109 5121 1364 5176 limitibus
1415 5119 1863 5188 circumscriptas.
1914 5119 1982 5173 Et
2024 5119 2125 5173 hoc
2165 5119 2330 5187 liquet
2362 5133 2427 5171 cx

844 5216 1223 5271 tentationibus
1253 5233 1266 5270 :
1295 5227 1583 5282 numquam
1613 5211 1754 5266 enim
1787 5212 1924 5264 Deus
1966 5219 2234 5278 pateretur
2270 5217 2346 5262 tot
2376 5216 2430 5260 cl.

843 5310 966 5362 talia
993 5321 1176 5376 passos
1205 5308 1366 5371 mala,
1387 5314 1442 5361 et
1467 5313 1785 5375 praesentem
1813 5303 1973 5356 vitam
1998 5315 2209 5356 omnem
2236 5301 2288 5353 iu
2312 5310 2429 5353 ten-

845 5397 1132 5450 tatiouibus
1159 5406 1213 5451 et
1238 5398 1458 5452 inﬁnitis
1484 5397 1738 5466 degentes
1767 5393 2038 5464 periculis,
2072 5395 2238 5448 multo
2264 5391 2430 5461 majo-

844 5488 996 5542 ribus
1026 5503 1130 5542 non
1158 5491 1484 5545 remunerari
1514 5488 1844 5545 muneribus.
1875 5487 1930 5542 Si
1957 5503 2086 5542 vero
2115 5487 2163 5540 id
2193 5487 2296 5553 pati
2325 5502 2426 5541 non

847 5588 1040 5648 potest,
1072 5589 1278 5634 certum
1303 5583 1442 5650 quod
1473 5583 1744 5638 meliorem
1775 5590 1828 5638 et
1855 5581 2194 5637 illustriorem
2227 5581 2428 5649 paravit

847 5673 1070 5724 alteram
1116 5669 1312 5735 vitam,
1353 5673 1404 5725 in
1441 5688 1541 5740 qua
1574 5673 1784 5742 pietatis
1828 5673 2034 5744 pugiles
2075 5686 2331 5727 coronare
2373 5679 2427 5723 et

847 5762 1062 5818 laudare
1095 5769 1208 5816 toto
1230 5761 1386 5817 debet
1411 5762 1539 5818 orbe
1561 5773 1851 5833 spectante.
1885 5765 2062 5835 Itaque
2088 5779 2207 5821 cum
2233 5762 2426 5817 Vltlt'l‘lS

2507 493 2706 563 justum
2733 499 3020 565 angustiari
3039 543 3053 566 ,
3083 503 3242 572 afﬂigi
3263 544 3278 569 ,
3307 503 3359 556 in
3385 501 3741 557 imbecillitate
3761 545 3775 568 ,
3807 511 4050 576 pauperie
4072 550 4091 573 ,

2509 591 2564 636 et
2585 583 2878 640 innumeris
2897 588 3016 643 aliis
3034 594 3284 649 :erumnis
3307 604 3618 664 pratsentent
3640 595 3797 649 vitam
3819 597 4089 664 claudere,

2508 670 2594 726 dic
2622 673 2757 726 intra
2787 683 2838 728 te
2864 674 3038 743 ipsum
3066 697 3078 731 :
3103 681 3212 736 Nisi
3238 684 3557 739 resurrectio
3580 693 3720 739 esset
3741 693 3794 739 et
3812 687 4079 755 judicium

2511 779 2795 833 numquam
2827 765 2968 820 Deus
2999 777 3139 824 tanta
3179 784 3391 842 propter
3421 791 3478 830 se
3509 775 3644 830 mala
3676 791 3886 845 passum
3907 818 3920 839 ,
3951 778 4087 832 nullo

2513 856 2734 922 potitum
2766 856 2906 912 bono
2934 857 3057 912 hinc
3085 864 3314 930 migrare
3346 868 3671 934 permisisset
3699 885 3712 920 :
3742 867 3883 922 unde
3910 877 4052 936 patet
4075 909 4089 931 ,

2511 944 2683 1014 ipsum
2715 946 2935 999 alteram
2978 948 3058 1002 eis
3099 951 3258 1004 vitam
3308 959 3555 1022 praesenti
3590 957 3956 1026 jucundiorem
3983 998 3996 1020 ,
4041 967 4095 1012 et

2509 1038 2677 1090 multo
2729 1038 3006 1092 meliorem
3060 1055 3267 1108 parare.
3322 1045 3432 1100 Nisi
3461 1050 3599 1102 enim
3627 1051 3728 1104 hoc
3753 1060 3911 1110 esset.
3941 1066 4093 1102 IItlIll-

2510 1143 2665 1197 quam
2697 1129 2906 1183 sivisset
2940 1129 3210 1198 improbos
3238 1134 3448 1200 quidem
3489 1139 3681 1192 multos
3726 1156 3818 1207 per
3851 1141 3984 1194 hanc
4016 1140 4093 1192 vi-

2514 1227 2617 1270 tam
2641 1219 2893 1287 gaudere,
2911 1219 3175 1288 iustorum
3199 1236 3325 1274 vero
3348 1224 3540 1278 multos
3565 1227 3615 1279 in
3641 1229 3875 1294 plurimis
3898 1246 4093 1283 acrum-

2516 1309 2597 1360 nis
2641 1310 2878 1371 versari;
2919 1309 3012 1363 sed
3051 1310 3300 1377 quoniam
3345 1323 3692 1380 pra-paratum
3730 1328 3811 1370 est
3845 1321 4094 1371 szrtulum

2513 1390 2674 1453 aliud,
2701 1392 2750 1444 in
2778 1407 2882 1462 quo
2909 1393 3197 1446 seettndum
3225 1393 3494 1459 meritum,
3522 1396 3642 1448 huic
3667 1399 3872 1466 quidem
3899 1402 4093 1468 impro-

2516 1482 2691 1536 bitatis
2715 1525 2728 1542 .
2757 1485 2832 1538 illi
2866 1500 2990 1537 vero
3021 1485 3232 1538 virtutis
3257 1486 3472 1554 przemia
3501 1487 3721 1542 reddere
3746 1491 3902 1545 debet
3931 1513 3943 1545 :
3978 1495 4096 1546 ideo

2516 1578 2643 1630 sinit
2671 1578 2808 1632 hunc
2830 1579 3042 1647 quidem
3074 1579 3254 1646 afﬂigi,
3283 1578 3428 1631 illum
3458 1595 3582 1632 vero
3606 1580 3808 1636 deliciis
3831 1584 4093 1638 diflluere.

2515 1669 2710 1723 Verum
2740 1681 2790 1724 et
2811 1672 2966 1724 aliam
2990 1687 3050 1724 ex
3079 1670 3364 1748 Script.uris
3390 1685 3602 1723 causam
3629 1672 3817 1727 all'erre
3843 1678 4093 1729 conabor.

2517 1762 2696 1826 Qualis
2723 1777 2846 1815 vero
2872 1763 2984 1815 haec
3009 1761 3126 1815 est?
3155 1760 3231 1815 Ne
3257 1759 3492 1814 dicamus
3519 1775 3615 1813 nos
3643 1762 3706 1814 ad
3731 1764 3969 1817 canalem
3994 1768 4098 1818 vir-

2519 1863 2684 1908 tutem
2723 1855 2945 1917 invitati,
2977 1853 3196 1907 alterius
3226 1863 3427 1906 natnrze
3456 1852 3735 1920 participes
3766 1854 3879 1906 illos
3913 1856 4096 1920 Ιίιίςειε,

2519 1953 2609 1998 aut
2637 1946 2878 1998 homines
2905 1959 3008 1998 non
3035 1945 3214 1998 fuisse.
3267 1941 3468 1996 idcirco
3516 1941 3728 2010 quidam
3779 1943 3847 1996 de
3899 1961 4093 1998 ttsnmu

2521 2033 2742 2102 loquens
2773 2033 2941 2098 Helia,
2967 2034 3042 2088 sic
3072 2034 3237 2102 inquit
3265 2051 3277 2084 :
3311 2031 3486 2085 Helias
3517 2032 3664 2084 homo
3693 2043 3800 2086 erat
3828 2034 3877 2086 in
3907 2037 4101 2102 pus-io-

2520 2125 2664 2177 nibus
2689 2125 2866 2178 similis
2891 2125 3031 2177 nobis
3058 2122 3257 2191 (Iacob.
3283 2124 3333 2177 5.
3355 2121 3465 2189 17).
3491 2120 3652 2175 Vides
3675 2122 3812 2190 quod
3841 2138 3868 2174 a
3901 2125 4102 2192 passio-

2522 2228 2648 2266 num
2695 2212 3067 2266 communionc
3105 2212 3433 2266 demonstrat
3477 2211 3648 2279 ipsum
3687 2212 3951 2266 hominem
3982 2228 4101 2267 esse

2521 2311 2578 2354 ut
2609 2304 2744 2355 nos?
2775 2302 2838 2354 Et
2863 2301 3052 2355 iterum
3084 2320 3096 2354 :
3129 2301 3324 2355 Etenim
3356 2318 3445 2372 ego
3475 2303 3622 2356 homo
3650 2320 3762 2356 sum
3791 2305 3840 2356 in
3867 2307 4102 2373 patiendo

2519 2391 2654 2442 vobis
2680 2391 2857 2443 similis
2885 2390 2903 2459 (
2928 2390 3158 2459 Sapient.
3190 2393 3241 2446 7.
3272 2394 3297 2446 1
3324 2392 3364 2462 ).
3398 2393 3463 2446 Et
3494 2395 3594 2446 hoc
3621 2404 3823 2448 natura:
3859 2410 4100 2447 commu-

2521 2486 2732 2539 nionem
2756 2485 3000 2554 spondet.
3029 2485 3094 2540 Ut
3113 2496 3286 2540 autem
3311 2487 3486 2541 discas
3512 2502 3631 2541 eum
3655 2486 3742 2541 hic
3761 2486 3951 2540 docere
3971 2502 4102 2554 quos

2521 2584 2761 2644 oporteat
2789 2585 2974 2644 putare
3002 2576 3205 2640 beatos,
3233 2575 3282 2630 id
3311 2575 3432 2630 inde
3456 2576 3657 2629 clarum
3682 2585 3762 2629 est
3787 2593 3799 2628 :
3822 2592 3939 2630 cuiu
3961 2579 4102 2629 enim

2521 2664 2754 2720 audieris
2796 2665 3012 2718 Paulum
3056 2666 3354 2730 dicentem,
3390 2663 3556 2734 Usque
3583 2666 3635 2717 in
3675 2666 3804 2718 hanc
3845 2667 4019 2718 hormn
4057 2676 4104 2717 et

2523 2759 2790 2823 esurimus,
2820 2768 2864 2810 et
2892 2758 3107 2820 sitimus,
3127 2767 3171 2810 et
3201 2757 3325 2810 nudi
3353 2773 3545 2818 sumus,
3573 2766 3616 2808 et
3640 2757 4037 2823 colaphizamur,
4057 2767 4105 2809 et

2525 2850 2782 2904 instabiles
2807 2866 2999 2912 sumus,
3019 2858 3065 2902 et
3091 2847 3376 2902 laboramus
3399 2846 3458 2915 (l.
3481 2845 3771 2916 Cor.4.1l)
3795 2863 3811 2911 ;
3837 2855 3908 2911 et,
3945 2846 4104 2912 Quem

2525 2941 2690 3012 diligit
2711 2939 2980 3004 Dominus,
3009 2941 3219 3008 castigat
3243 2955 3259 2992 :
3283 2937 3509 3009 flagellat
3534 2946 3696 2990 autem
3725 2953 3919 2990 onmem
3943 2938 4105 3003 [illum

2525 3049 2671 3104 quem
2699 3031 2906 3099 suscipit
2937 3027 3118 3100 (Hebr.
3149 3027 3234 3082 12.
3264 3027 3357 3094 6);
3389 3035 3590 3080 certum
3621 3033 3704 3078 est
3729 3040 3846 3086 nos,
3880 3039 3983 3076 non
4010 3039 4106 3076 eos

2526 3126 2616 3194 qui
2647 3126 2698 3178 in
2728 3127 2904 3193 quiete
2932 3122 3150 3190 degunt,
3180 3118 3272 3174 sed
3303 3132 3395 3173 eos
3422 3118 3509 3187 qui
3543 3126 3758 3185 propter
3785 3115 3948 3168 Deum
3973 3115 4106 3166 affli-

2527 3227 2724 3287 guntur
2767 3223 2821 3269 et
2863 3222 3124 3267 vexantur
3150 3252 3166 3277 ,
3211 3211 3408 3280 quique
3449 3210 3696 3262 virtutem
3749 3207 4105 3275 pietatemque

2527 3305 2711 3360 colunt
2734 3303 3039 3357 laudaturos
3060 3310 3112 3355 et
3134 3299 3476 3354 mmulaturos
3497 3311 3637 3350 esse.
3671 3293 3759 3346 Sic
3773 3301 3825 3346 et
3840 3294 4103 3363 Propheta

2529 3395 2658 3450 dicit
2688 3413 2699 3448 :
2733 3393 2951 3447 Dextera
2981 3393 3204 3461 ipsorum
3231 3390 3435 3442 dextera
3465 3386 3762 3455 iniquitatis,
3789 3385 3910 3452 ﬁlia:
3936 3399 4107 3435 eorum

2530 3487 2838 3555 composita,
2871 3485 3284 3545 circumornatw,
3312 3489 3364 3532 ut
3390 3477 3667 3533 similitudo
3697 3475 3887 3542 templi.
3924 3473 4106 3525 Prom-

2532 3579 2732 3650 ptuaria
2771 3594 2941 3631 eorum
2969 3578 3117 3647 plena
3141 3615 3155 3638 ,
3185 3573 3466 3628 eructantia
3495 3588 3556 3624 ex
3583 3573 3675 3624 hoc
3713 3572 3762 3622 in
3793 3569 3921 3622 illud
3949 3583 3968 3621 :
3995 3584 4109 3620 om

2530 3687 2702 3726 eorum
2732 3674 2906 3741 fetosa:
2925 3709 2939 3731 ,
2969 3666 3279 3720 abundantes
3306 3666 3356 3718 in
3387 3664 3662 3734 egressibus
3688 3663 3792 3715 suis
3815 3703 3828 3724 ,
3856 3661 3998 3714 bores
4025 3676 4108 3711 eo-

2527 3777 2640 3814 rum
2676 3774 2876 3812 crassa.
2912 3755 3032 3810 Non
3063 3766 3132 3810 est
3161 3758 3309 3808 ruina
3337 3754 3565 3807 maceria:
3591 3795 3606 3818 ,
3639 3769 3793 3822 neque
3829 3750 4064 3803 transitus
4089 3789 4107 3814 ,

2528 3866 2685 3920 neque
2720 3849 2910 3901 clamor
2940 3847 2992 3899 in
3019 3845 3195 3915 plateis
3221 3860 3411 3896 eorum.
3456 3842 3663 3894 Beatum
3689 3842 3790 3893 dixi
3803 3850 3921 3892 runt
3949 3856 4110 3909 popu.

2530 3942 2637 3993 lum
2660 3940 2742 3992 cui
2773 3938 2878 3990 haec
2913 3946 3025 3989 sunt
3079 3936 3096 4006 (
3126 3934 3265 3986 Psol.
3301 3933 3421 3986 145.
3456 3932 3684 3998 11-15).
3721 3935 3799 3986 Tu
3825 3947 3949 3985 vero
3975 3930 4110 3982 Pro-

2532 4029 2690 4098 pheta
2720 4027 2846 4096 quid
2872 4026 3040 4080 dicis?
3070 4023 3254 4076 Beatus
3273 4062 3289 4086 ,
3323 4022 3523 4089 inquit,
3558 4021 3801 4087 papulas,
3829 4020 3975 4086 cujus
4009 4017 4111 4068 Do-

2531 4121 2696 4173 minus
2725 4117 2857 4170 Deus
2887 4118 2993 4184 ejus
3022 4113 3171 4185 (Ib.v
3193 4152 3204 4164 .
3233 4113 3346 4178 15).
3377 4110 3490 4164 Non
3520 4108 3756 4176 pecuniis
3780 4108 4109 4172 affluentem,

2531 4210 2628 4265 sed
2660 4211 2854 4278 pietate
2880 4216 3123 4259 ornatum
3147 4244 3161 4264 ,
3193 4203 3330 4255 hunc
3357 4216 3453 4270 ego
3484 4199 3693 4253 beatum
3723 4207 3868 4266 puto,
3907 4198 4108 4264 inquit,

2531 4299 2630 4357 ctsi
2663 4301 2939 4353 innumera
2963 4295 3187 4362 patiatur
3210 4293 3366 4344 mala.
3393 4292 3446 4345 Si
3470 4306 3596 4344 vero
3615 4298 3823 4358 oportet
3844 4300 3891 4340 et
3917 4305 4108 4340 nonam

2531 4394 2707 4447 dicere
2738 4402 2950 4442 causam
2972 4427 2986 4450 ,
3020 4384 3147 4437 illud
3177 4383 3372 4436 addere
3400 4397 3673 4451 possemus
3698 4423 3711 4444 ,
3742 4381 3879 4449 quod
3920 4380 4112 4449 proba-

2533 4487 2696 4538 tiores
2724 4478 2990 4535 tribulatio
3031 4475 3183 4528 faciat
3210 4474 3504 4526 tribulatos.
3552 4472 3827 4524 Tribulatio
3857 4471 3989 4523 enim
4019 4486 4110 4536 pa-

2531 4575 2756 4628 tientiam
2786 4577 3023 4638 operatur
3045 4607 3058 4629 ,
3087 4565 3325 4634 patientia
3351 4580 3463 4616 vero
3489 4563 3824 4633 probationem
3847 4603 3858 4621 ,
3888 4559 4111 4626 probatio

2533 4675 2701 4718 autent
2729 4677 2865 4730 spem
2888 4700 2902 4724 ,
2935 4673 3047 4726 spes
3072 4673 3186 4709 vero
3211 4673 3309 4708 non
3336 4655 3598 4725 confundit
3625 4653 3794 4722 (Rom.
3822 4652 3873 4705 5.
3905 4650 4110 4718 5—5).

2536 4755 2698 4808 Vides
2725 4749 2862 4821 quod
2893 4764 2961 4802 ex
2998 4745 3335 4801 tribulatione
3364 4744 3603 4813 probatio
3633 4742 3922 4796 futurorum
3962 4752 4111 4805 spem

2539 4844 2692 4899 nobis
2717 4841 2904 4896 allerat
2928 4882 2942 4904 ,
2975 4847 3028 4892 et
3055 4841 3106 4891 in
3139 4836 3512 4890 tentationibus
3542 4847 3754 4887 manere
3779 4873 3792 4894 ,
3825 4829 3890 4882 de
3925 4829 4112 4882 futuris

2535 4940 2672 4991 bene
2700 4947 2916 5003 sperare
2946 4930 3137 4985 faciat?
3167 4929 3343 4998 Itaque
3368 4942 3473 4981 non
3505 4936 3703 4980 temere
3726 4922 3986 4983 dicebam,
4017 4920 4110 4972 has

2537 5026 2906 5084 tribulationes
2935 5021 3336 5077 resurrectionis
3369 5035 3516 5088 spem
3549 5017 3700 5071 nobis
3729 5015 4024 5080 designare,
4059 5021 4112 5064 et

2534 5127 2753 5173 vexatos
2793 5115 3038 5169 meliores
3064 5112 3296 5168 ellicere.
3331 5106 3786 5178 Quemadmodum
3815 5104 3955 5155 enim
3978 5141 3991 5162 ,
4028 5101 4108 5155 iu-

2535 5210 2682 5279 quit,
2711 5207 2762 5260 in
2794 5205 3005 5260 fornace
3031 5219 3214 5258 aurum
3245 5201 3576 5256 examinatur
3597 5236 3611 5260 ,
3643 5195 3718 5248 sic
3749 5202 3802 5247 et
3831 5193 3991 5244 homo
4018 5206 4104 5241 ac-

2535 5307 2720 5368 ceptus
2743 5298 2795 5351 in
2817 5295 3192 5350 bumiliationis
3213 5293 3422 5347 camino
3443 5286 3625 5354 (Eccli.
3644 5283 3700 5335 ‘2.
3725 5281 3799 5351 5).
3827 5282 4111 5334 Possumus

2536 5402 2590 5447 et
2616 5391 2882 5448 decimam
2903 5387 3078 5444 dicere
3099 5399 3333 5439 causam.
3364 5379 3580 5445 Qualem
3602 5389 3729 5428 vero
3749 5373 3918 5426 hanc?
3943 5372 4108 5437 Quam

2535 5492 2587 5538 et
2605 5484 2715 5551 jam
2739 5481 2931 5550 smpius
2951 5478 3060 5532 dixi
3080 5475 3321 5542 superius
3340 5513 3352 5532 ,
3377 5466 3517 5538 quod
3540 5467 3582 5518 si
3604 5465 3808 5534 aliquas
3825 5463 4111 5551 habeamus

2535 5549 2788 5636 maculas,
2815 5549 2868 5624 et
2891 5568 2974 5621 hic
2995 5581 3086 5620 eas
3111 5565 3456 5630 deponemus.
3487 5557 3548 5608 Et
3571 5553 3670 5608 hoc
3697 5552 3991 5621 patriarcha
4015 5549 4111 5603 dc-

2534 5667 2741 5720 clarans
2780 5659 2846 5714 ad
2879 5659 3095 5714 divitem
3122 5651 3331 5706 dicebat
3360 5664 3372 5699 :
3405 5645 3652 5714 quoniam
3681 5642 3904 5695 Lazarus
3929 5640 4112 5692 ret-wit

2534 5774 2628 5811 sua
2659 5753 2792 5809 mala
2821 5793 2834 5817 ,
2866 5749 3001 5802 unde
3028 5740 3414 5799 consolationem
3445 5736 3626 5805 accipit
3657 5737 3671 5801 (
3703 5733 3825 5786 Luc.
3861 5733 3944 5786 1-‘5.
3977 5731 4048 5783 25
4072 5734 4108 5783 ὶ.
