4494 6684
384 516 454 575 £9
1343 508 1435 564 AD
1471 504 1793 565 POPULUM
1835 499 2325 558 ANTIOCHENU.“
2394 502 2617 558 llOIdiL.
2655 505 2700 559 Ι.
3588 506 3657 559 3b

389 636 452 689 Et
482 640 674 704 przeter
700 630 841 685 hanc
868 626 1027 681 aliam
1050 637 1235 679 rursus
1266 622 1582 679 invenimus.
1620 618 1876 690 Qualem?
1904 614 1974 670 Ut

386 742 599 779 corona:
632 731 688 778 et
727 718 945 790 praemia
983 716 1138 771 nobis
1176 728 1465 787 augeantur
1497 735 1509 769 :
1543 722 1798 785 quantum
1829 710 1971 763 enim

389 814 757 869 tribulationes
804 808 1188 873 intenduntur,
1231 817 1432 863 tantum
1489 816 1543 861 et
1593 802 1973 859 retributiones

387 905 728 972 ampliantnr,
762 902 869 955 imo
897 915 1026 954 vero
1054 908 1108 954 et
1138 901 1302 954 multo
1341 900 1457 968 plus
1491 914 1503 952 :
1540 895 1661 950 Non
1692 893 1825 947 enim
1848 907 1971 944 con-

388 995 555 1063 digna:
573 1002 693 1045 sunt
711 992 966 1059 passiones
985 991 1136 1060 hujus
1159 993 1393 1060 temporis
1410 990 1476 1042 ad
1496 993 1719 1059 futuram
1734 984 1968 1053 gloriam,

386 1098 500 1147 quo:
523 1083 822 1136 revelabitur
849 1082 901 1135 in
939 1082 1079 1136 nobis
1108 1083 1279 1147 (Rom.
1309 1082 1360 1136 8.
1392 1079 1502 1148 l8).
1530 1077 1629 1131 Tot
1657 1075 1815 1143 igitur
1841 1088 1971 1127 can-

389 1190 478 1229 sas
509 1175 769 1230 habentes
794 1173 861 1229 de
887 1185 1190 1229 sanctorum
1218 1174 1504 1228 amictione
1527 1168 1799 1231 dicendas,
1824 1182 1891 1219 ne
1918 1165 1971 1219 in

389 1265 770 1320 teutationibus
794 1264 1147 1335 indignemur,
1174 1282 1241 1319 ne
1260 1263 1641 1333 angustiemur,
1666 1274 1734 1313 ne
1760 1264 1967 1326 pertur-

388 1357 599 1421 bentur,
621 1356 714 1411 sed
740 1364 794 1411 et
818 1356 915 1427 ipsi
943 1367 1151 1411 nostros
1176 1358 1495 1410 instruamus
1517 1351 1742 1415 animos,
1765 1356 1817 1402 et
1838 1347 1973 1402 alios

388 1446 506 1500 ha-e
528 1448 834 1502 doceamus.
880 1447 948 1501 Et
986 1448 1030 1502 si
1059 1447 1254 1501 videris
1285 1443 1553 1499 hominem
1586 1442 1638 1493 in
1667 1441 1859 1492 virtute
1886 1438 1973 1491 vi-

389 1547 633 1602 ventem,
675 1537 1064 1607 philosophiam
1109 1543 1400 1590 sectantem
1424 1573 1439 1596 ,
1479 1529 1777 1598 placentem
1817 1527 1928 1580 Deo
1955 1566 1969 1590 ,

389 1637 571 1695 postea
614 1628 890 1681 innumera
922 1631 1204 1696 patientem
1234 1624 1370 1677 mala
1395 1662 1411 1687 ,
1449 1636 1516 1673 ne
1553 1616 1932 1671 scandalizeris
1955 1657 1971 1681 ,

387 1718 581 1774 dilecte
610 1737 622 1771 :
651 1728 705 1773 et
728 1720 772 1773 si
801 1719 999 1773 videris
1038 1718 1270 1786 aliquem
1305 1710 1668 1782 spiritualibus
1698 1716 1973 1762 vacantem

387 1812 637 1879 operibus
661 1854 675 1877 ,
708 1822 763 1866 et
798 1809 994 1879 aliquid
1025 1807 1151 1861 utile
1186 1805 1556 1875 expediturum
1583 1841 1597 1862 ,
1629 1807 1813 1869 postea
1845 1812 1973 1864 sup-

389 1905 704 1970 piantatum,
733 1918 801 1955 ne
832 1896 1177 1969 perturberis.
1196 1895 1405 1949 Etenim
1433 1890 1763 1947 novimultos
1781 1888 1976 1956 szepius

388 1993 511 2046 tilia
536 2001 837 2061 quaerentes
870 2009 883 2042 :
913 1989 1027 2046 llle.
1059 1987 1321 2056 inquiunt,
1348 1984 1413 2039 ad
1441 1982 1753 2051 martyrium
1783 1979 1857 2047 (a)
1886 1993 1977 2047 pe-

387 2082 684 2149 regrinatus
708 2122 722 2145 ,
766 2079 1087 2149 pauperibus
1123 2077 1371 2145 pecunias
1416 2074 1723 2144 perlerens,
1756 2072 1810 2125 in
1840 2086 1975 2125 nan-

387 2172 613 2237 fragium
644 2170 844 2234 incidit,
878 2178 933 2224 et
959 2169 1136 2223 amisit
1160 2167 1336 2221 omnia
1371 2182 1385 2220 :
1419 2165 1554 2219 alter
1594 2178 1802 2217 rursum
1834 2162 1974 2217 idem

388 2261 586 2314 faciens
605 2302 619 2321 ,
649 2261 699 2312 in
725 2260 958 2313 latrones
982 2258 1197 2320 incidit,
1226 2266 1280 2311 et
1308 2258 1393 2309 vix
1422 2256 1650 2309 animam
1680 2268 1828 2306 suam
1857 2268 1971 2307 ser-

391 2351 531 2403 vavit
555 2392 570 2415 ,
602 2349 775 2403 nudus
821 2349 943 2403 inde
979 2347 1276 2403 discedens.
1319 2347 1455 2412 Quid
1496 2346 1652 2413 igitur
1691 2344 1975 2399 dicemus?

393 2440 547 2505 Quod
588 2441 776 2493 horum
806 2441 951 2494 nullo
990 2439 1183 2493 tristari
1214 2447 1474 2507 oporteat.
1519 2436 1630 2490 Etsi
1660 2436 1800 2490 enim
1837 2452 1971 2489 nan-

387 2532 611 2600 fragium
632 2531 775 2595 fecit,
794 2531 955 2585 habet
971 2539 1145 2583 tamen
1163 2529 1380 2598 justitize
1398 2529 1624 2581 fructum
1644 2527 1935 2596 perfectum
1957 2545 1969 2579 :

386 2636 481 2674 sua
509 2622 648 2675 enim
674 2635 851 2675 omnia
879 2621 1141 2689 implevit,
1168 2619 1381 2687 collegit
1410 2619 1681 2687 pecunias,
1708 2618 1972 2685 deposuit,

386 2725 507 2763 eum
552 2711 874 2778 recepisset,
910 2708 1127 2772 abibat,
1162 2707 1638 2776 peregrinationem
1678 2706 1923 2773 attigerat
1959 2724 1971 2755 :

386 2798 717 2869 naufragium
734 2799 937 2853 verode
955 2800 1158 2868 reliquo
1175 2814 1277 2851 non
1298 2798 1364 2851 de
1385 2797 1552 2864 ipsius
1570 2795 1668 2849 fuit
1685 2796 1969 2849 sententia.

386 2889 492 2941 Sed
537 2904 702 2957 quare
742 2888 843 2942 hoc
893 2888 1034 2942 Deus
1073 2887 1355 2956 permisit?
1398 2886 1461 2941 Ut
1504 2886 1643 2939 hunc
1679 2893 1971 2953 spectatam

384 2979 683 3033 exhiberet.
718 2980 785 3031 At
813 2993 1091 3047 pauperes,
1130 2977 1316 3046 inquit,
1349 2976 1535 3045 privati
1560 2987 1681 3030 sunt
1713 2976 1967 3045 pecuniis.

392 3070 509 3123 Non
550 3079 692 3123 tanta
734 3070 1052 3139 pauperibus
1084 3084 1209 3122 cura
1252 3079 1303 3120 tu
1343 3067 1614 3136 provides,
1650 3076 1845 3136 quanta
1882 3067 1971 3134 qui

387 3161 511 3214 fecit
548 3176 643 3215 eos
683 3161 821 3214 Deus
864 3178 876 3212 :
923 3162 1019 3214 etsi
1065 3161 1205 3213 enim
1250 3160 1331 3211 his
1374 3158 1561 3227 privati
1596 3166 1753 3218 sunt,
1795 3166 1970 3211 tamen

386 3252 601 3306 aliunde
632 3260 806 3320 potest
839 3252 1092 3319 majorem
1119 3265 1276 3318 opum
1306 3251 1642 3303 occasionem
1674 3248 1803 3317 ipsis
1832 3263 1971 3317 prte-

387 3342 514 3395 bt't‘c
525 3382 539 3395 .

462 3432 550 3485 10.
592 3430 667 3484 Ne
698 3431 855 3499 igitur
880 3439 1147 3500 gestorum
1182 3431 1415 3484 rationes
1439 3427 1507 3482 ab
1537 3443 1603 3484 eo
1630 3438 1933 3498 repetamus
1957 3470 1971 3493 ,

387 3523 482 3577 sed
515 3524 564 3575 in
592 3523 839 3577 omnibus
868 3538 990 3577 eum
1020 3522 1382 3592 gloriﬁcenms
1409 3541 1421 3575 :
1452 3537 1557 3576 non
1592 3522 1733 3576 enim
1771 3522 1972 3592 impru-

388 3616 577 3668 denter
604 3622 658 3668 ct
688 3622 889 3667 temere
922 3614 1043 3667 talia
1070 3628 1213 3681 sarpe
1241 3612 1352 3667 ﬁeri
1384 3613 1680 3681 permittit,
1722 3612 1815 3667 sed
1852 3628 1972 3666 cmn

386 3720 452 3757 ex
483 3704 563 3757 his
593 3703 830 3772 pecuniis
871 3702 1289 3755 consolationem
1331 3701 1605 3754 habituros
1650 3716 1759 3755 non
1797 3701 1972 3770 despi-

386 3796 490 3848 ciat
515 3835 529 3859 ,
557 3808 740 3846 verum
770 3793 898 3861 ipsis
926 3792 1083 3845 aliam
1114 3807 1211 3859 pro
1243 3791 1325 3843 his
1357 3791 1596 3844 alimenti
1635 3792 1969 3845 occasionem

388 3885 621 3951 praebeat
640 3924 655 3947 ,
683 3882 840 3934 etiam
870 3879 1199 3949 naufragium
1223 3895 1435 3948 passum
1465 3881 1823 3949 probatiorem
1854 3881 1973 3935 elﬁ-

387 3976 503 4040 cit,
533 3973 895 4042 majoremque
922 3972 1019 4040 ipsi
1053 3980 1200 4040 parat
1228 3972 1531 4026 mercedem
1577 3990 1589 4025 :
1627 3972 1793 4026 multo
1831 3973 1972 4026 enim

389 4065 561 4133 majus
589 4078 670 4117 esz
692 4104 706 4125 ,
739 4078 896 4132 quam
942 4063 1338 4132 eleemosynam
1383 4062 1511 4116 dare
1536 4102 1551 4126 ,
1593 4063 1734 4132 quod
1781 4063 1974 4117 talibus

387 4156 610 4209 obrutus
636 4155 860 4223 negotiis
888 4154 993 4206 Deo
1023 4153 1217 4221 gratias
1245 4162 1385 4220 agat.

458 4243 699 4296 Fructum
721 4260 783 4296 ea:
814 4244 1052 4309 patientia
1074 4244 1280 4310 perinde
1294 4254 1441 4311 atque
1456 4260 1519 4297 ea:
1539 4246 1853 4313 eleentosyna
1871 4262 1977 4298 mc-

388 4336 632 4387 tintur.—
648 4334 761 4387 Non
783 4334 923 4386 enim
958 4341 1157 4385 tantum
1188 4348 1307 4401 qua:
1329 4348 1423 4400 per
1448 4333 1844 4404 elcemosynam
1876 4336 1973 4389 da-

388 4442 528 4493 tnus,
542 4426 635 4480 sed
657 4435 712 4478 et
730 4441 813 4486 ea,
832 4427 1021 4493 quibus
1037 4424 1103 4479 ab
1117 4425 1235 4479 aliis
1253 4426 1469 4494 spoliari
1496 4426 1707 4481 fortiter
1732 4428 1971 4493 ferimus,

388 4519 610 4572 multum
630 4518 780 4571 nobis
794 4516 1019 4570 fructum
1036 4516 1281 4569 afferunt.
1301 4517 1364 4569 Et
1382 4526 1438 4570 ut
1452 4517 1626 4571 discas
1650 4519 1751 4572 hoc
1770 4522 1859 4573 illo
1873 4537 1977 4574 ma-

390 4610 474 4677 jus
491 4624 629 4674 esse,
650 4624 712 4662 ex
742 4609 803 4661 iis
825 4624 941 4675 qnzr
957 4607 1057 4660 Job
1072 4608 1437 4675 contigerunt,
1464 4607 1564 4662 hoc
1588 4608 1776 4663 faciam
1804 4612 1977 4664 mani-

388 4698 601 4753 festum.
628 4698 718 4752 ille
740 4698 951 4766 qnamlo
980 4697 1227 4765 pecunias
1253 4698 1510 4765 possedit,
1535 4700 1741 4767 aperuit
1760 4700 1977 4754 donnnn

391 4791 709 4858 pauperibus
733 4829 749 4851 ,
780 4799 833 4842 et
867 4790 1043 4841 omnia
1065 4804 1181 4857 qua:
1205 4788 1433 4841 habebat
1460 4790 1819 4858 elargiebalur
1846 4811 1858 4844 :
1886 4794 1978 4845 sed

390 4896 495 4933 non
515 4890 629 4934 erat
646 4890 749 4933 tam
774 4881 1011 4943 illustris,
1032 4880 1243 4950 quando
1260 4882 1583 4949 pauperibus
1605 4883 1821 4938 domum
1849 4899 1979 4953 ape~

390 4972 533 5035 ruit,
563 4986 720 5039 quam
748 4987 867 5023 cum
898 4971 1064 5037 ipsaet
1094 4970 1351 5025 cecidisse
1376 4974 1599 5027 audiens
1644 4990 1752 5027 non
1803 4975 1981 5043 inique

391 5064 531 5117 tttlit.
558 5063 673 5118 Non
696 5072 811 5116 erat
831 5073 934 5115 tant
965 5062 1215 5128 illustris,
1240 5064 1451 5130 quando
1474 5081 1539 5118 ex
1563 5068 1739 5120 ovium
1766 5077 1977 5120 tonsura

389 5158 562 5211 nudus
592 5157 843 5223 vestivit,
887 5170 1047 5224 quam
1093 5154 1183 5207 fuit
1222 5156 1397 5209 clarus
1436 5168 1490 5210 et
1523 5171 1792 5227 spectatus
1817 5200 1831 5222 ,
1861 5174 1979 5212 cum

386 5249 615 5303 audiens
645 5250 816 5319 ignem
848 5247 1106 5303 cecidisse
1130 5288 1144 5309 ,
1187 5256 1241 5300 et
1282 5263 1471 5316 greges
1506 5264 1694 5304 onmes
1736 5266 1982 5303 consum-

378 5342 593 5403 nsisse,
625 5342 822 5410 gratias
847 5341 971 5409 egit.
997 5337 1144 5391 Tunc
1172 5337 1433 5391 humanus
1464 5338 1635 5391 fuerat
1664 5383 1677 5405 ,
1712 5356 1853 5394 nunc
1884 5340 1981 5393 fuit

429 5432 745 5499 hilosophns
774 5450 787 5485 :
821 5442 946 5485 tunc
968 5444 1261 5501 pauperum
1296 5429 1676 5494 miserebatur,
1711 5446 1850 5482 nunc
1881 5431 1981 5483 Dn-

402 5525 539 5578 etittn
570 5523 767 5591 gratias
791 5523 999 5590 agebat.
1032 5521 1139 5576 Nec
1165 5521 1299 5574 intra
1328 5533 1385 5572 se
1411 5518 1543 5571 dixit
1570 5561 1581 5579 ,
1606 5520 1740 5585 Quid
1771 5520 1981 5573 tandem

412 5633 492 5665 mc
537 5615 663 5667 est?
701 5629 889 5682 greges
935 5613 1234 5682 consumpti
1276 5619 1437 5673 sunt,
1488 5610 1677 5680 quibus
1725 5612 1983 5663 innnnn-ti

397 5720 657 5773 pauperes
709 5705 988 5760 alebantur
1018 5726 1029 5759 :
1063 5707 1161 5762 etsi
1192 5721 1292 5777 ego
1322 5702 1566 5773 indignus
1595 5718 1740 5757 erant
1775 5702 1872 5755 hac
1902 5718 1974 5753 re-

470 5834 543 5894 (a)
571 5834 645 5883 Ad
670 5832 978 5895 martyrium,
1007 5847 1095 5882 seu
1141 5835 1199 5882 ad
1245 5836 1504 5881 ecclesiam
1551 5842 1833 5895 martyrum.
1890 5833 1974 5879 llo.

411 5894 529 5943 item
553 5898 749 5943 nomine
770 5896 1357 5956 appellabaturtemplum
1373 5894 1862 5949 Sal\'at0ris.leroso!_\
1878 5895 1939 5943 lhl
1958 5926 1988 5945 γ.

2080 627 2197 667 rum
2226 612 2324 667 frui
2350 615 2501 684 copia
2527 659 2539 680 ,
2571 616 2759 671 saltem
2786 626 3003 687 propter
3026 631 3209 673 carum
3235 632 3511 678 consortes
3541 640 3661 692 par-

2077 712 2306 766 cendum
2332 724 2465 768 erat.
2496 717 2602 771 Sed
2627 717 2759 771 nihil
2784 718 2973 772 horum
3002 717 3084 772 vel
3107 717 3241 771 dixit
3268 718 3350 772 vel
3371 720 3618 789 cogitarit
3645 742 3659 776 :

2080 814 2234 859 uorat
2258 809 2400 861 enim
2434 810 2598 863 Deum
2623 813 2799 866 omnia
2827 812 3025 867 utiliter
3054 812 3475 882 diSpensantem.
3512 813 3576 866 Et
3607 827 3662 868 nt

2078 901 2219 954 scias
2261 914 2382 953 eum
2420 902 2632 968 gravius
2674 912 2853 970 postea
2893 903 3081 957 vulnus
3121 902 3365 958 intulisse
3405 902 3619 958 diabolo
3645 948 3660 969 ,

2076 1007 2198 1047 cum
2226 993 2482 1061 spoliatus
2510 993 2707 1063 gratias
2730 995 2835 1062 egit
2864 1036 2876 1057 ,
2916 1011 3072 1063 quant
3100 1010 3221 1049 cum
3254 995 3536 1065 possidens
3562 998 3661 1051 mi-

2084 1100 2378 1154 seraretur,
2392 1089 2612 1144 adverte
2624 1094 2769 1160 quod
2785 1093 3000 1160 quando
3029 1094 3360 1161 possidebat,
3378 1094 3656 1162 suspicio-

2083 1193 2203 1232 nem
2222 1180 2510 1249 quamdam
2528 1181 2712 1237 habuit
2728 1182 2977 1236 diabolus
2996 1185 3121 1239 :etsi
3137 1184 3351 1250 falsam,
3372 1186 3559 1240 habuit
3581 1194 3665 1238 ta-

2084 1286 2206 1325 men
2232 1273 2373 1327 uude
2408 1273 2640 1329 diceret:
2669 1272 2815 1328 Num
2854 1278 3022 1345 gratis
3063 1286 3110 1329 te
3146 1278 3271 1330 colit
3293 1276 3396 1331 Job
3426 1276 3571 1347 (Job.
3600 1279 3653 1331 1.

2079 1358 2160 1424 9)?
2180 1363 2469 1424 Postquam
2488 1381 2614 1419 vero
2638 1368 2822 1421 omnia
2844 1367 3087 1427 abstulit,
3112 1377 3164 1422 et
3188 1370 3361 1433 ipsum
3391 1369 3655 1424 omnibus

2077 1444 2324 1513 spoliavit
2348 1487 2363 1511 ,
2386 1452 2442 1500 et
2463 1454 2638 1499 tamen
2665 1446 2906 1500 eamdem
2938 1446 2981 1498 is
3007 1461 3129 1515 erga
3159 1447 3320 1500 Deum
3348 1448 3667 1502 benevolen-

2079 1545 2204 1591 tiam
2232 1538 2504 1603 servavit,
2537 1548 2662 1591 tunc
2691 1538 2906 1593 demum
2935 1539 3265 1593 obstructum
3295 1549 3376 1594 est
3401 1555 3464 1594 os
3498 1541 3668 1609 impu-

2078 1630 2209 1684 dens
2234 1672 2247 1693 ,
2276 1640 2329 1685 et
2367 1630 2497 1683 nihil
2534 1630 2761 1699 amplius
2804 1630 2944 1699 quod
2996 1629 3198 1684 diceret
3243 1630 3471 1686 habebat
3501 1651 3513 1685 :
3545 1649 3667 1686 nam

2079 1722 2407 1789 splendidior
2432 1738 2591 1792 quam
2624 1724 2772 1791 prius
2801 1734 2916 1778 erat
2936 1724 3113 1792 justus
3151 1724 3239 1779 ille
3275 1726 3373 1779 vir.
3413 1725 3668 1779 Omnibus

2080 1812 2221 1865 enim
2251 1814 2511 1880 privatum
2541 1855 2555 1878 ,
2586 1829 2844 1883 generose
2869 1823 2924 1869 et
2962 1830 3084 1869 cum
3127 1816 3413 1883 gratiarum
3460 1819 3672 1870 actione

2081 1899 2220 1953 ferre
2247 1902 2412 1953 multo
2444 1903 2614 1970 majus
2641 1913 2721 1957 est
2742 1946 2758 1970 ,
2786 1919 2945 1973 quam
2977 1905 3028 1958 itt
3057 1904 3256 1960 divitiis
3282 1906 3561 1975 degentetn
3593 1906 3671 1958 fa-

2080 2006 2205 2046 cere
2235 1992 2629 2063 eleemosynam
2661 2035 2675 2058 ,
2713 1997 2850 2049 sicut
2877 2006 2931 2050 et
2958 1998 3012 2050 in
3038 1996 3140 2052 hoc
3161 1999 3307 2066 justo
3331 1998 3670 2052 demonstra~

2085 2093 2194 2136 tum
2238 2091 2342 2137 est.
2378 2085 2529 2138 Tunc
2574 2085 2738 2138 multa
2780 2085 2831 2139 in
2866 2100 3155 2141 conservos
3192 2087 3292 2140 fuit
3334 2088 3629 2157 benignitas
3654 2130 3669 2153 ,

2081 2190 2225 2229 nunc
2267 2190 2490 2243 magnus
2528 2176 2579 2228 in
2623 2175 2902 2231 Dominum
2932 2192 3084 2231 amor
3116 2177 3483 2233 exhibebatur.
3524 2179 3674 2233 llunc

2082 2279 2209 2318 vero
2241 2280 2345 2319 non
2388 2274 2592 2320 temere
2629 2280 2930 2320 sermonem
2972 2269 3245 2330 extendo;
3286 2268 3379 2322 sed
3422 2268 3670 2336 quoniam

2080 2358 2230 2412 multi
2261 2358 2456 2427 sarpius
2480 2358 2569 2426 qui
2596 2359 2963 2428 eleemosynas
2988 2366 3269 2428 erogarent
3295 2401 3309 2421 ,
3343 2358 3528 2413 viduas
3556 2360 3672 2413 ale-

2079 2460 2234 2515 rent,
2264 2452 2407 2505 omni
2435 2451 2728 2505 substantia
2771 2451 3037 2520 dispoliati
3077 2460 3244 2505 sunt:
3285 2451 3373 2504 alii
3420 2451 3667 2505 inec:th

2079 2541 2258 2595 omnia
2289 2542 2622 2605 amiserunt,
2666 2541 2755 2594 alii
2801 2543 2854 2594 in
2900 2540 3173 2609 naufragia
3214 2540 3553 2603 inciderunt,
3583 2542 3671 2592 alii

2080 2631 2361 2685 calumniis
2384 2672 2398 2693 ,
2439 2640 2495 2684 et
2541 2631 2733 2684 talibus
2767 2630 3042 2699 quibusvis
3083 2630 3291 2699 injuriis
3328 2640 3446 2698 post
3481 2630 3671 2685 multas

2082 2722 2454 2791 cleemosyuas
2484 2723 2533 2775 in
2563 2731 2855 2776 extremam
2881 2721 3080 2775 redacti
3112 2730 3236 2775 sunt
3273 2722 3578 2790 pauperiem
3616 2732 3674 2777 et

2086 2811 2452 2865 infirmitatem
2504 2822 2558 2867 et
2606 2811 3011 2881 aegritudinem,
3062 2821 3115 2865 et
3165 2826 3193 2863 a
3244 2812 3455 2865 nemine
3509 2811 3672 2865 ulhtm

2078 2903 2254 2971 adepti
2283 2912 2408 2956 sunt
2432 2904 2708 2957 auxilium.
2739 2903 2815 2957 Ne
2839 2904 2998 2972 igitur
3025 2904 3262 2956 dicamus
3287 2946 3301 2969 ,
3347 2903 3486 2973 quod
3530 2919 3674 2972 sepe

2078 2994 2231 3046 multi
2265 2994 2442 3048 dicunt
2467 3035 2482 3057 ,
2514 2992 2683 3047 Nemo
2705 2995 2978 3064 quidquam
2999 2995 3090 3048 srit
3118 2994 3217 3065 (a),
3262 2994 3533 3049 sufﬁciunt
3551 3010 3673 3050 ont-

2080 3086 2165 3139 nia
2192 3100 2355 3153 supra
2382 3086 2520 3139 dicta
2548 3086 2612 3138 ad
2643 3087 2800 3139 talem
2828 3086 3202 3152 expellendum
3242 3087 3665 3156 trepidationem.

2080 3176 2172 3230 llle
2199 3217 2212 3241 ,
2243 3178 2417 3245 inquit
2448 3219 2461 3240 ,
2496 3187 2573 3231 tot
2596 3177 2799 3232 faciens
2822 3179 3195 3248 eleemosynas
3220 3179 3397 3232 omnia
3424 3179 3672 3248 perdidit.

2081 3268 2283 3338 Ecquid
2314 3269 2437 3322 illud
2462 3279 2544 3323 est
2572 3311 2587 3333 ,
2619 3269 2795 3322 omnia
2826 3269 3099 3339 perdidit?
3128 3268 3182 3323 Si
3216 3285 3309 3337 pro
3338 3270 3435 3323 hac
3463 3273 3665 3340 gratias

2080 3362 2250 3431 egerit
2272 3361 2475 3430 jactura
2506 3403 2520 3426 ,
2551 3362 2716 3415 multo
2747 3362 3002 3431 majorem
3028 3377 3057 3414 a
3089 3363 3197 3416 Deo
3238 3362 3667 3417 benevolentiam

2084 3452 2334 3505 hauriet:
2378 3465 2477 3506 nec
2513 3451 2729 3520 duplum
2776 3453 2912 3507 sicut
2947 3453 3086 3516 Job,
3128 3452 3222 3506 sed
3264 3454 3570 3519 centuplum
3617 3455 3671 3508 itt

2082 3544 2187 3598 vita
2213 3552 2412 3599 aeterna
2440 3543 2683 3613 recipiet.
2729 3545 2783 3599 Si
2816 3560 2943 3599 vero
2970 3544 3059 3599 hic
3085 3545 3281 3597 malum
3311 3546 3505 3613 patitur
3528 3588 3542 3609 ,
3574 3544 3675 3600 hoc

2081 3637 2253 3704 ipsum
2283 3635 2538 3704 majorem
2579 3636 2684 3688 illic
2711 3636 3020 3689 thesaurum
3062 3635 3161 3704 ipsi
3210 3635 3468 3703 pnebebit
3490 3676 3505 3700 ,
3531 3634 3671 3705 quod

2077 3742 2337 3796 generose
2362 3726 2540 3780 omnia
2571 3726 2707 3779 ferat
2738 3746 2749 3779 :
2783 3726 2848 3779 ad
2887 3727 3115 3794 majores
3153 3726 3296 3779 enim
3339 3727 3511 3795 ipsum
3548 3726 3672 3781 inde

2084 3835 2279 3873 vocans
2309 3818 2720 3873 exercitationes
2761 3829 2815 3870 et
2854 3817 3020 3871 luctas
3046 3858 3061 3881 ,
3099 3816 3165 3871 de
3206 3816 3357 3885 copia
3403 3817 3459 3870 in
3501 3832 3675 3886 penu-

2082 3912 2213 3965 riam
2246 3910 2482 3965 incidere
2507 3909 2650 3963 Deus
2694 3909 2956 3977 permisit.
3004 3907 3144 3977 Ignis
3185 3909 3434 3977 ingruens
3478 3924 3674 3980 saeptus

2080 4004 2299 4056 domum
2330 4011 2472 4055 tuam
2499 4001 2795 4069 absumpsit
2816 4042 2831 4064 ,
2853 4007 2907 4054 et
2934 4008 3099 4053 totam
3127 4000 3477 4053 substantiam
3508 4016 3675 4069 popu-

2083 4094 2219 4146 latus
2243 4091 2367 4145 est?
2394 4091 2758 4145 Reminiscere
2795 4104 2981 4143 eorum
3017 4105 3137 4159 qua:
3178 4089 3279 4143 Job
3320 4092 3629 4145 acciderunt
3658 4111 3671 4146 :

2082 4200 2178 4253 age
2208 4184 2407 4251 gratias
2435 4182 2662 4235 Domino
2685 4222 2699 4245 ,
2733 4181 2823 4249 qui
2854 4180 3141 4249 prohibere
3180 4188 3428 4247 poterat,
3470 4191 3525 4233 et
3568 4199 3671 4233 non

2084 4274 2395 4341 prohibuit:
2438 4281 2493 4326 et
2540 4279 2739 4324 tantam
2782 4270 3009 4337 recipies
3051 4269 3393 4334 mercedem,
3420 4279 3673 4337 quautam

2082 4366 2125 4416 si
2154 4363 2330 4415 omnia
2364 4361 2448 4414 illa
2480 4362 2532 4414 in
2569 4374 2856 4427 pauperum
2885 4372 3072 4411 manus
3099 4358 3452 4426 reposuisses.
3484 4358 3587 4413 Sed
3621 4359 3674 4413 in

2085 4453 2339 4523 pauperie
2365 4451 2514 4521 degis
2532 4495 2545 4516 ,
2577 4462 2630 4504 et
2658 4452 2794 4503 fame
2823 4461 2875 4504 et
2902 4448 3124 4503 infinitis
3156 4448 3445 4517 periculis?
3475 4449 3674 4503 Recur-

2083 4548 2211 4599 dare
2232 4543 2418 4597 Lazari
2444 4585 2458 4606 ,
2482 4556 2601 4595 cum
2630 4542 2805 4610 in0pia
2831 4548 2885 4594 et
2906 4540 3133 4593 orbitate
3158 4549 3211 4593 et
3240 4540 3533 4593 innumeris
3558 4540 3676 4595 aliis

2086 4637 2369 4706 pugnantis
2396 4634 2654 4689 molestiis
2681 4675 2694 4694 .
2725 4643 2778 4686 ct
2819 4632 2932 4685 [nec
2970 4640 3090 4699 post
3134 4631 3380 4684 virtutem
3429 4641 3626 4685 tantam
3660 4651 3673 4686 :

2089 4726 2370 4781 recordare
2401 4724 2766 4792 apostolorum
2796 4762 2811 4785 ,
2841 4722 2931 4790 qui
2962 4730 3018 4774 et
3045 4722 3097 4772 in
3125 4720 3263 4773 fame
3304 4731 3359 4775 et
3402 4722 3453 4773 in
3494 4723 3580 4776 siti
3623 4732 3677 4777 et

2150 4944 2217 5005 (tt)
2242 4944 2375 5001 Hme,
2400 4950 2454 4991 ut
2478 4956 2539 4991 ex
2565 4940 2894 5001 Chrysostonti
2924 4940 3346 5005 verbis_arguitur,
3374 4949 3487 4987 lunt,
3512 4940 3668 4997 aitagit

2086 5002 2221 5055 mere
2267 5005 2553 5053 ferebantur
2580 5019 2591 5051 :
2620 5018 2677 5053 ac
2703 5007 2819 5053 licet
2860 5004 3028 5052 Graeca
3073 5002 3323 5064 duplicem
3350 5005 3668 5064 negationem

2087 5067 2385 5132 exprimant.
2407 5064 2639 5132 negative
2664 5074 2843 5132 tamen
2873 5071 2989 5132 sunt
3032 5062 3303 5132 efferenda,
3346 5076 3484 5132 nemo
3523 5062 3669 5126 quid-

2086 5124 2231 5193 qur'tm
2251 5126 2387 5193 δείιςΔ
2410 5124 2777 5193 Δ‹ξί(ἶρὶ);ιιυτ(ιιιεξ
2802 5126 2863 5193 ab
2892 5124 3135 5193 imperitis
3178 5138 3344 5193 rerum
3362 5124 3668 5193 divinarum,

2086 5185 2169 5253 qui
2200 5204 2310 5253 eum
2346 5190 2575 5239 viderent
2621 5185 2726 5253 eos,
2769 5186 2853 5253 qui
2895 5185 3034 5253 bonis
3079 5185 3315 5253 Operibus
3349 5186 3668 5253 incumbunt,

2088 5246 2340 5316 aerumnis,
2366 5251 2740 5316 calamitatibus.
2765 5246 3065 5316 calumniis.
3082 5246 3459 5316 ajgritudinibus
3480 5252 3669 5316 impeti,

2090 5329 2145 5363 se
2169 5312 2289 5362 nihil
2316 5317 2364 5362 in
2388 5326 2552 5361 rerum
2576 5314 2895 5358 humanarum
2940 5311 3362 5369 administratione
3388 5323 3567 5369 capere
3596 5314 3669 5356 ιρι

2090 5389 2394 5439 cognoscere
2421 5372 2799 5439 profitebantur;
2842 5369 3016 5438 Simile
3059 5368 3243 5418 dictum
3289 5368 3506 5420 occurrit.
3546 5372 3671 5432 apud

2094 5432 2342 5499 Euvripidis
2364 5432 2666 5499 Iphigeniam
2694 5433 2741 5480 in
2762 5432 2935 5481 Tauris
2962 5446 2971 5479 :

2458 5542 2620 5589 Πάντα
2640 5541 2729 5601 γὰρ
2753 5540 2812 5587 τὰ
2833 5540 2929 5585 τῶν
2956 5539 3091 5585 θεῶν

2160 5609 2237 5659 Εἰς
2262 5607 2431 5667 insonte;
2455 5605 2605 5667 ἕρπει,
2623 5598 2805 5667 quiadel?)-
2826 5601 2915 5667 οἷδ’
2939 5602 3073 5667 ρύὂὲν
3096 5598 3261 5667 ξιιᾳκόν.

2165 5668 2220 5714 Ἥ
2248 5664 2335 5730 vito
2359 5664 2491 5728 vim
2511 5664 2743 5723 παρήγαγ’
2771 5664 2835 5717 εἰς
2858 5664 2913 5709 τὸ
2935 5664 3183 5723 δυσμαίέές.

2470 5767 2643 5820 Omnia
2666 5781 2774 5831 qua:
2794 5766 2908 5817 deos
2930 5770 3141 5831 spectant

2171 5835 2225 5882 In
2259 5835 2441 5884 occulto
2466 5825 2741 5895 reptantfet
2766 5825 3196 5895 nemoquitttputnt
3218 5825 3344 5895 norit
3365 5825 3496 5872 ntali.
3544 5886 3552 5895 Ι
3633 5883 3643 5891 ι

2164 5898 2380 5946 Fortuna
2391 5886 2567 5947 (mione
2579 5893 2626 5943 in
2640 5886 2761 5943 hunc
2775 5890 2879 5940 intre
2890 5886 3073 5949 litjcutli
3088 5891 3118 5936 tl
3126 5886 3139 5933 ἱ
3147 5892 3155 5932 t
3162 5886 3421 5946 [icultutrnt
3433 5886 3662 5944 perduxit
